|raw|<div class="broadcast-blue"><strong>This battle is required to be public due to a player having a name starting with 'lt94je'.</div>
|j|☆LT94JEwhyaddicted
|j|☆tolstoy
|t:|1661226193
|gametype|singles
|player|p1|LT94JEwhyaddicted|266|1760
|player|p2|tolstoy|ethan|1687
|teamsize|p1|6
|teamsize|p2|6
|gen|8
|tier|[Gen 8] OU
|rated|
|rule|Sleep Clause Mod: Limit one foe put to sleep
|rule|Species Clause: Limit one of each Pokémon
|rule|OHKO Clause: OHKO moves are banned
|rule|Evasion Items Clause: Evasion items are banned
|rule|Evasion Moves Clause: Evasion moves are banned
|rule|Endless Battle Clause: Forcing endless battles is banned
|rule|HP Percentage Mod: HP is shown in percentages
|rule|Dynamax Clause: You cannot dynamax
|clearpoke
|poke|p1|Slowking-Galar, F|
|poke|p1|Buzzwole|
|poke|p1|Ferrothorn, M|
|poke|p1|Rotom-Wash|
|poke|p1|Landorus-Therian, M|
|poke|p1|Moltres-Galar|
|poke|p2|Hawlucha, M|
|poke|p2|Tapu Koko|
|poke|p2|Crawdaunt, F|
|poke|p2|Landorus-Therian, M|
|poke|p2|Melmetal|
|poke|p2|Weavile, F|
|teampreview
|inactive|Battle timer is ON: inactive players will automatically lose when time's up. (requested by tolstoy)
|j| Land·Woo
|
|t:|1661226233
|start
|switch|p1a: Rotom|Rotom-Wash|100/100
|switch|p2a: Landorus|Landorus-Therian, M|100/100
|-ability|p2a: Landorus|Intimidate|boost
|-unboost|p1a: Rotom|atk|1
|turn|1
|
|t:|1661226242
|move|p2a: Landorus|Stealth Rock|p1a: Rotom
|-sidestart|p1: LT94JEwhyaddicted|move: Stealth Rock
|move|p1a: Rotom|Will-O-Wisp|p2a: Landorus|[miss]
|-miss|p1a: Rotom|p2a: Landorus
|
|upkeep
|turn|2
|j| paradise cove
|j| keldeo
|
|t:|1661226271
|move|p2a: Landorus|Knock Off|p1a: Rotom
|-damage|p1a: Rotom|61/100
|-enditem|p1a: Rotom|Leftovers|[from] move: Knock Off|[of] p2a: Landorus
|move|p1a: Rotom|Will-O-Wisp|p2a: Landorus
|-status|p2a: Landorus|brn
|
|-damage|p2a: Landorus|95/100 brn|[from] brn
|upkeep
|turn|3
|l| paradise cove
|
|t:|1661226278
|move|p2a: Landorus|Explosion|p1a: Rotom
|-damage|p1a: Rotom|18/100
|faint|p2a: Landorus
|move|p1a: Rotom|Pain Split|p2: Landorus|[notarget]
|-fail|p1a: Rotom
|
|upkeep
|
|t:|1661226287
|switch|p2a: Weavile|Weavile, F|100/100
|-ability|p2a: Weavile|Pressure
|turn|4
|j| paradise cove
|l| paradise cove
|
|t:|1661226304
|switch|p1a: Ferrothorn|Ferrothorn, M|100/100
|-damage|p1a: Ferrothorn|94/100|[from] Stealth Rock
|move|p2a: Weavile|Knock Off|p1a: Ferrothorn
|-damage|p1a: Ferrothorn|62/100
|-damage|p2a: Weavile|88/100|[from] ability: Iron Barbs|[of] p1a: Ferrothorn
|-enditem|p1a: Ferrothorn|Leftovers|[from] move: Knock Off|[of] p2a: Weavile
|
|upkeep
|turn|5
|
|t:|1661226308
|move|p2a: Weavile|Swords Dance|p2a: Weavile
|-boost|p2a: Weavile|atk|2
|move|p1a: Ferrothorn|Stealth Rock|p2a: Weavile
|-sidestart|p2: tolstoy|move: Stealth Rock
|
|upkeep
|turn|6
|
|t:|1661226311
|move|p2a: Weavile|Triple Axel|p1a: Ferrothorn
|-damage|p1a: Ferrothorn|50/100
|-damage|p2a: Weavile|76/100|[from] ability: Iron Barbs|[of] p1a: Ferrothorn
|-damage|p1a: Ferrothorn|26/100
|-damage|p2a: Weavile|63/100|[from] ability: Iron Barbs|[of] p1a: Ferrothorn
|-damage|p1a: Ferrothorn|0 fnt
|-damage|p2a: Weavile|51/100|[from] ability: Iron Barbs|[of] p1a: Ferrothorn
|faint|p1a: Ferrothorn
|-hitcount|p1: Ferrothorn|3
|
|upkeep
|
|t:|1661226316
|switch|p1a: Buzzwole|Buzzwole|100/100
|-damage|p1a: Buzzwole|88/100|[from] Stealth Rock
|turn|7
|
|t:|1661226323
|move|p1a: Buzzwole|Earthquake|p2a: Weavile
|-damage|p2a: Weavile|0 fnt
|faint|p2a: Weavile
|-ability|p1a: Buzzwole|Beast Boost|boost
|-boost|p1a: Buzzwole|atk|1
|
|upkeep
|
|t:|1661226332
|switch|p2a: Tapu Koko|Tapu Koko|100/100
|-damage|p2a: Tapu Koko|88/100|[from] Stealth Rock
|-fieldstart|move: Electric Terrain|[from] ability: Electric Surge|[of] p2a: Tapu Koko
|turn|8
|j| LT94JE Countdown
|j| bo cruz
|j| paradise cove
|j| lnternal
|l| Land·Woo
|
|t:|1661226347
|switch|p2a: Hawlucha|Hawlucha, M|100/100
|-damage|p2a: Hawlucha|88/100|[from] Stealth Rock
|-enditem|p2a: Hawlucha|Electric Seed
|-boost|p2a: Hawlucha|def|1|[from] item: Electric Seed
|move|p1a: Buzzwole|Earthquake|p2a: Hawlucha
|-immune|p2a: Hawlucha
|
|upkeep
|turn|9
|j| lt94je nick
|
|t:|1661226353
|switch|p1a: Slowking|Slowking-Galar, F|100/100
|-damage|p1a: Slowking|88/100|[from] Stealth Rock
|move|p2a: Hawlucha|Swords Dance|p2a: Hawlucha
|-boost|p2a: Hawlucha|atk|2
|
|-heal|p1a: Slowking|94/100|[from] item: Black Sludge
|upkeep
|turn|10
|
|t:|1661226355
|move|p2a: Hawlucha|Acrobatics|p1a: Slowking
|-damage|p1a: Slowking|16/100
|move|p1a: Slowking|Psychic|p2a: Hawlucha
|-supereffective|p2a: Hawlucha
|-crit|p2a: Hawlucha
|-damage|p2a: Hawlucha|0 fnt
|faint|p2a: Hawlucha
|
|-heal|p1a: Slowking|23/100|[from] item: Black Sludge
|upkeep
|j|+spoo
|j| pls send team
|inactive|tolstoy has 120 seconds left.
|
|t:|1661226391
|switch|p2a: Crawdaunt|Crawdaunt, F|100/100
|-damage|p2a: Crawdaunt|88/100|[from] Stealth Rock
|turn|11
|inactive|tolstoy has 120 seconds left.
|l| paradise cove
|
|t:|1661226417
|switch|p1a: Rotom|Rotom-Wash|18/100
|-damage|p1a: Rotom|5/100|[from] Stealth Rock
|move|p2a: Crawdaunt|Swords Dance|p2a: Crawdaunt
|-boost|p2a: Crawdaunt|atk|2
|
|upkeep
|turn|12
|
|t:|1661226422
|move|p2a: Crawdaunt|Aqua Jet|p1a: Rotom
|-resisted|p1a: Rotom
|-damage|p1a: Rotom|0 fnt
|faint|p1a: Rotom
|
|-fieldend|move: Electric Terrain
|upkeep
|
|t:|1661226429
|switch|p1a: Buzzwole|Buzzwole|88/100
|-damage|p1a: Buzzwole|76/100|[from] Stealth Rock
|turn|13
|
|t:|1661226434
|move|p2a: Crawdaunt|Aqua Jet|p1a: Buzzwole
|-damage|p1a: Buzzwole|32/100
|move|p1a: Buzzwole|Leech Life|p2a: Crawdaunt
|-supereffective|p2a: Crawdaunt
|-damage|p2a: Crawdaunt|0 fnt
|-heal|p1a: Buzzwole|65/100|[from] drain|[of] p2a: Crawdaunt
|faint|p2a: Crawdaunt
|-ability|p1a: Buzzwole|Beast Boost|boost
|-boost|p1a: Buzzwole|atk|1
|
|upkeep
|inactive|tolstoy has 120 seconds left.
|
|t:|1661226443
|switch|p2a: Tapu Koko|Tapu Koko|88/100
|-damage|p2a: Tapu Koko|76/100|[from] Stealth Rock
|-fieldstart|move: Electric Terrain|[from] ability: Electric Surge|[of] p2a: Tapu Koko
|turn|14
|inactive|LT94JEwhyaddicted has 120 seconds left.
|
|t:|1661226486
|switch|p1a: Slowking|Slowking-Galar, F|56/100
|-damage|p1a: Slowking|43/100|[from] Stealth Rock
|move|p2a: Tapu Koko|Dazzling Gleam|p1a: Slowking
|-resisted|p1a: Slowking
|-damage|p1a: Slowking|25/100
|
|-heal|p1a: Slowking|31/100|[from] item: Black Sludge
|upkeep
|turn|15
|
|t:|1661226491
|switch|p2a: Melmetal|Melmetal|100/100
|-damage|p2a: Melmetal|94/100|[from] Stealth Rock
|move|p1a: Slowking|Trick|p2a: Melmetal
|-activate|p1a: Slowking|move: Trick|[of] p2a: Melmetal
|-item|p2a: Melmetal|Black Sludge|[from] move: Trick
|-item|p1a: Slowking|Assault Vest|[from] move: Trick
|
|-damage|p2a: Melmetal|82/100|[from] item: Black Sludge
|upkeep
|turn|16
|inactive|LT94JEwhyaddicted has 120 seconds left.
|-message|tolstoy forfeited.
|
|win|LT94JEwhyaddicted
|raw|LT94JEwhyaddicted's rating: 1760 &rarr; <strong>1776</strong><br />(+16 for winning)
|raw|tolstoy's rating: 1687 &rarr; <strong>1671</strong><br />(-16 for losing)
|l|☆tolstoy
|j| Joe deogan
|l| bo cruz
|l| Joe deogan
|j| hump
|l|+spoo
||Ladder isn't responding, score probably updated but might not have (Request timeout).
|l|☆LT94JEwhyaddicted
|l|hump
|j| InteleonEndUser
|l| InteleonEndUser
|j| LT94JE Spitfire
