|j|☆orangesss
|j|☆Poke bago
|player|p1|orangesss|164|1247
|player|p2|Poke bago|264|1294
|teamsize|p1|6
|teamsize|p2|6
|gametype|singles
|gen|8
|tier|[Gen 8] OU
|rated|
|rule|Sleep Clause Mod: Limit one foe put to sleep
|rule|Species Clause: Limit one of each Pokémon
|rule|OHKO Clause: OHKO moves are banned
|rule|Evasion Moves Clause: Evasion moves are banned
|rule|Endless Battle Clause: Forcing endless battles is banned
|rule|HP Percentage Mod: HP is shown in percentages
|clearpoke
|poke|p1|Ribombee, F|
|poke|p1|Excadrill, F|
|poke|p1|Dracozolt|
|poke|p1|Corviknight, M|
|poke|p1|Aegislash, F|
|poke|p1|Dragapult, M|
|poke|p2|Corsola-Galar, F|
|poke|p2|Ferrothorn, M|
|poke|p2|Mimikyu, F|
|poke|p2|Hydreigon, M|
|poke|p2|Rotom-Wash|
|poke|p2|Coalossal, F|
|rule|Dynamax Clause: You cannot dynamax
|teampreview
|inactive|Battle timer is ON: inactive players will automatically lose when time's up. (requested by orangesss)
|
|start
|switch|p1a: Ribombee|Ribombee, F|100/100
|switch|p2a: Coalossal|Coalossal, F|100/100
|turn|1
|
|move|p1a: Ribombee|Sticky Web|p2a: Coalossal
|-sidestart|p2: Poke bago|move: Sticky Web
|move|p2a: Coalossal|Stealth Rock|p1a: Ribombee
|-sidestart|p1: orangesss|move: Stealth Rock
|
|upkeep
|turn|2
|
|move|p1a: Ribombee|Stun Spore|p2a: Coalossal
|-status|p2a: Coalossal|par
|move|p2a: Coalossal|Stealth Rock||[still]
|-fail|p2a: Coalossal
|
|upkeep
|turn|3
|
|switch|p1a: Excadrill|Excadrill, F|100/100
|-damage|p1a: Excadrill|97/100|[from] Stealth Rock
|-ability|p1a: Excadrill|Mold Breaker
|move|p2a: Coalossal|Rapid Spin|p1a: Excadrill
|-resisted|p1a: Excadrill
|-damage|p1a: Excadrill|92/100
|-sideend|p2: Poke bago|Sticky Web|[from] move: Rapid Spin|[of] p2a: Coalossal
|-boost|p2a: Coalossal|spe|1
|
|upkeep
|turn|4
|
|switch|p2a: Ferrothorn|Ferrothorn, M|100/100
|move|p1a: Excadrill|Rapid Spin|p2a: Ferrothorn
|-resisted|p2a: Ferrothorn
|-damage|p2a: Ferrothorn|94/100
|-damage|p1a: Excadrill|80/100|[from] ability: Iron Barbs|[of] p2a: Ferrothorn
|-damage|p1a: Excadrill|63/100|[from] item: Rocky Helmet|[of] p2a: Ferrothorn
|-sideend|p1: orangesss|Stealth Rock|[from] move: Rapid Spin|[of] p1a: Excadrill
|-boost|p1a: Excadrill|spe|1
|
|upkeep
|turn|5
|
|move|p1a: Excadrill|Stealth Rock|p2a: Ferrothorn
|-sidestart|p2: Poke bago|move: Stealth Rock
|move|p2a: Ferrothorn|Leech Seed|p1a: Excadrill
|-start|p1a: Excadrill|move: Leech Seed
|
|-damage|p1a: Excadrill|51/100|[from] Leech Seed|[of] p2a: Ferrothorn
|-heal|p2a: Ferrothorn|100/100|[silent]
|upkeep
|turn|6
|
|move|p1a: Excadrill|Earthquake|p2a: Ferrothorn
|-damage|p2a: Ferrothorn|63/100
|move|p2a: Ferrothorn|Leech Seed||[still]
|-fail|p2a: Ferrothorn
|
|-damage|p1a: Excadrill|38/100|[from] Leech Seed|[of] p2a: Ferrothorn
|-heal|p2a: Ferrothorn|77/100|[silent]
|upkeep
|turn|7
|
|switch|p1a: Corviknight|Corviknight, M|100/100
|-ability|p1a: Corviknight|Pressure
|move|p2a: Ferrothorn|Leech Seed|p1a: Corviknight
|-start|p1a: Corviknight|move: Leech Seed
|
|-damage|p1a: Corviknight|88/100|[from] Leech Seed|[of] p2a: Ferrothorn
|-heal|p2a: Ferrothorn|93/100|[silent]
|upkeep
|turn|8
|
|switch|p1a: Excadrill|Excadrill, F|38/100
|-ability|p1a: Excadrill|Mold Breaker
|move|p2a: Ferrothorn|Protect||[still]
|-fail|p2a: Ferrothorn
|
|upkeep
|turn|9
|
|move|p1a: Excadrill|Earthquake|p2a: Ferrothorn
|-damage|p2a: Ferrothorn|49/100
|move|p2a: Ferrothorn|Leech Seed|p1a: Excadrill
|-start|p1a: Excadrill|move: Leech Seed
|
|-damage|p1a: Excadrill|26/100|[from] Leech Seed|[of] p2a: Ferrothorn
|-heal|p2a: Ferrothorn|63/100|[silent]
|upkeep
|turn|10
|
|switch|p1a: Corviknight|Corviknight, M|88/100
|-ability|p1a: Corviknight|Pressure
|move|p2a: Ferrothorn|Protect||[still]
|-fail|p2a: Ferrothorn
|
|-heal|p1a: Corviknight|94/100|[from] item: Leftovers
|upkeep
|turn|11
|
|move|p1a: Corviknight|Substitute|p1a: Corviknight
|-start|p1a: Corviknight|Substitute
|-damage|p1a: Corviknight|69/100
|move|p2a: Ferrothorn|Leech Seed||[still]
|-fail|p2a: Ferrothorn
|
|-heal|p1a: Corviknight|75/100|[from] item: Leftovers
|upkeep
|turn|12
|
|move|p1a: Corviknight|Bulk Up|p1a: Corviknight
|-boost|p1a: Corviknight|atk|1
|-boost|p1a: Corviknight|def|1
|move|p2a: Ferrothorn|Gyro Ball|p1a: Corviknight
|-resisted|p1a: Corviknight
|-activate|p1a: Corviknight|move: Substitute|[damage]
|
|-heal|p1a: Corviknight|81/100|[from] item: Leftovers
|upkeep
|turn|13
|
|switch|p2a: Coalossal|Coalossal, F|100/100 par
|-damage|p2a: Coalossal|76/100 par|[from] Stealth Rock
|move|p1a: Corviknight|Bulk Up|p1a: Corviknight
|-boost|p1a: Corviknight|atk|1
|-boost|p1a: Corviknight|def|1
|
|-heal|p1a: Corviknight|87/100|[from] item: Leftovers
|upkeep
|turn|14
|
|move|p1a: Corviknight|Brave Bird|p2a: Coalossal
|-resisted|p2a: Coalossal
|-damage|p2a: Coalossal|49/100 par
|-damage|p1a: Corviknight|79/100|[from] Recoil
|move|p2a: Coalossal|Fire Blast|p1a: Corviknight
|-supereffective|p1a: Corviknight
|-end|p1a: Corviknight|Substitute
|
|-heal|p1a: Corviknight|85/100|[from] item: Leftovers
|upkeep
|turn|15
|
|move|p1a: Corviknight|Substitute|p1a: Corviknight
|-start|p1a: Corviknight|Substitute
|-damage|p1a: Corviknight|61/100
|cant|p2a: Coalossal|par
|
|-heal|p1a: Corviknight|67/100|[from] item: Leftovers
|upkeep
|turn|16
|
|move|p1a: Corviknight|Bulk Up|p1a: Corviknight
|-boost|p1a: Corviknight|atk|1
|-boost|p1a: Corviknight|def|1
|move|p2a: Coalossal|Fire Blast|p1a: Corviknight
|-supereffective|p1a: Corviknight
|-end|p1a: Corviknight|Substitute
|
|-heal|p1a: Corviknight|73/100|[from] item: Leftovers
|upkeep
|turn|17
|
|move|p1a: Corviknight|Brave Bird|p2a: Coalossal
|-resisted|p2a: Coalossal
|-damage|p2a: Coalossal|11/100 par
|-damage|p1a: Corviknight|61/100|[from] Recoil
|move|p2a: Coalossal|Fire Blast|p1a: Corviknight
|-supereffective|p1a: Corviknight
|-damage|p1a: Corviknight|0 fnt
|faint|p1a: Corviknight
|
|upkeep
|
|switch|p1a: Ribombee|Ribombee, F|100/100
|turn|18
|
|move|p1a: Ribombee|Moonblast|p2a: Coalossal
|-resisted|p2a: Coalossal
|-damage|p2a: Coalossal|0 fnt
|faint|p2a: Coalossal
|
|upkeep
|
|switch|p2a: Ferrothorn|Ferrothorn, M|63/100
|-damage|p2a: Ferrothorn|57/100|[from] Stealth Rock
|turn|19
|
|move|p1a: Ribombee|Sticky Web|p2a: Ferrothorn
|-sidestart|p2: Poke bago|move: Sticky Web
|move|p2a: Ferrothorn|Leech Seed|p1a: Ribombee
|-start|p1a: Ribombee|move: Leech Seed
|
|-damage|p1a: Ribombee|88/100|[from] Leech Seed|[of] p2a: Ferrothorn
|-heal|p2a: Ferrothorn|67/100|[silent]
|upkeep
|turn|20
|
|switch|p1a: Excadrill|Excadrill, F|26/100
|-ability|p1a: Excadrill|Mold Breaker
|move|p2a: Ferrothorn|Leech Seed|p1a: Excadrill
|-start|p1a: Excadrill|move: Leech Seed
|
|-damage|p1a: Excadrill|13/100|[from] Leech Seed|[of] p2a: Ferrothorn
|-heal|p2a: Ferrothorn|82/100|[silent]
|upkeep
|turn|21
|
|switch|p1a: Ribombee|Ribombee, F|88/100
|move|p2a: Ferrothorn|Gyro Ball|p1a: Ribombee
|-supereffective|p1a: Ribombee
|-damage|p1a: Ribombee|0 fnt
|faint|p1a: Ribombee
|
|upkeep
|
|switch|p1a: Aegislash|Aegislash, F|100/100
|-item|p1a: Aegislash|Air Balloon
|turn|22
|
|-formechange|p1a: Aegislash|Aegislash-Blade||[from] ability: Stance Change
|move|p1a: Aegislash|Close Combat|p2a: Ferrothorn
|-supereffective|p2a: Ferrothorn
|-damage|p2a: Ferrothorn|15/100
|-damage|p1a: Aegislash|88/100|[from] ability: Iron Barbs|[of] p2a: Ferrothorn
|-damage|p1a: Aegislash|72/100|[from] item: Rocky Helmet|[of] p2a: Ferrothorn
|-unboost|p1a: Aegislash|def|1
|-unboost|p1a: Aegislash|spd|1
|move|p2a: Ferrothorn|Leech Seed|p1a: Aegislash|[miss]
|-miss|p2a: Ferrothorn|p1a: Aegislash
|
|upkeep
|turn|23
|
|move|p1a: Aegislash|Shadow Claw|p2a: Ferrothorn
|-damage|p2a: Ferrothorn|0 fnt
|-damage|p1a: Aegislash|60/100|[from] ability: Iron Barbs|[of] p2a: Ferrothorn
|-damage|p1a: Aegislash|43/100|[from] item: Rocky Helmet|[of] p2a: Ferrothorn
|faint|p2a: Ferrothorn
|
|upkeep
|
|switch|p2a: Rotom|Rotom-Wash|100/100
|-damage|p2a: Rotom|88/100|[from] Stealth Rock
|turn|24
|
|move|p1a: Aegislash|Shadow Claw|p2a: Rotom
|-damage|p2a: Rotom|48/100
|move|p2a: Rotom|Hex|p1a: Aegislash
|-supereffective|p1a: Aegislash
|-damage|p1a: Aegislash|0 fnt
|-enditem|p1a: Aegislash|Air Balloon
|faint|p1a: Aegislash
|
|upkeep
|
|switch|p1a: Dragapult|Dragapult, M|100/100
|turn|25
|
|move|p1a: Dragapult|Shadow Ball|p2a: Rotom
|-damage|p2a: Rotom|0 fnt
|faint|p2a: Rotom
|
|upkeep
|
|switch|p2a: Hydreigon|Hydreigon, M|100/100
|-damage|p2a: Hydreigon|88/100|[from] Stealth Rock
|turn|26
|
|switch|p1a: Excadrill|Excadrill, F|13/100
|-ability|p1a: Excadrill|Mold Breaker
|move|p2a: Hydreigon|Dragon Dance|p2a: Hydreigon
|-boost|p2a: Hydreigon|atk|1
|-boost|p2a: Hydreigon|spe|1
|
|-heal|p2a: Hydreigon|94/100|[from] item: Leftovers
|upkeep
|turn|27
|
|move|p2a: Hydreigon|Crunch|p1a: Excadrill
|-damage|p1a: Excadrill|0 fnt
|faint|p1a: Excadrill
|
|-heal|p2a: Hydreigon|100/100|[from] item: Leftovers
|upkeep
|
|switch|p1a: Dracozolt|Dracozolt|100/100
|turn|28
|
|move|p2a: Hydreigon|Outrage|p1a: Dracozolt
|-supereffective|p1a: Dracozolt
|-damage|p1a: Dracozolt|0 fnt
|faint|p1a: Dracozolt
|
|upkeep
|
|switch|p1a: Dragapult|Dragapult, M|100/100
|turn|29
|
|move|p2a: Hydreigon|Outrage|p1a: Dragapult|[from]lockedmove
|-supereffective|p1a: Dragapult
|-damage|p1a: Dragapult|0 fnt
|faint|p1a: Dragapult
|
|win|Poke bago
|l|☆orangesss
|raw|orangesss's rating: 1247 &rarr; <strong>1223</strong><br />(-24 for losing)
|raw|Poke bago's rating: 1267 &rarr; <strong>1291</strong><br />(+24 for winning)
