|raw|<div class="broadcast-blue"><strong>This battle is required to be public due to a player having a name starting with 'lt92pf'.</div>
|j|☆LT92PF Gama
|j|‽hypervortexreturns
|t:|1660101646
|gametype|singles
|player|p1|LT92PF Gama|cynthia-masters|1849
|player|p2|hypervortexreturns|1|1975
|teamsize|p1|6
|teamsize|p2|6
|gen|8
|tier|[Gen 8] OU
|rated|
|rule|Sleep Clause Mod: Limit one foe put to sleep
|rule|Species Clause: Limit one of each Pokémon
|rule|OHKO Clause: OHKO moves are banned
|rule|Evasion Items Clause: Evasion items are banned
|rule|Evasion Moves Clause: Evasion moves are banned
|rule|Endless Battle Clause: Forcing endless battles is banned
|rule|HP Percentage Mod: HP is shown in percentages
|rule|Dynamax Clause: You cannot dynamax
|clearpoke
|poke|p1|Toxapex, M|
|poke|p1|Garchomp, F|
|poke|p1|Clefable, M|
|poke|p1|Landorus-Therian, M|
|poke|p1|Tapu Fini|
|poke|p1|Corviknight, F|
|poke|p2|Hydreigon, M|
|poke|p2|Zapdos|
|poke|p2|Tangrowth, F|
|poke|p2|Corviknight, F|
|poke|p2|Excadrill, M|
|poke|p2|Azumarill, M|
|teampreview
|j| goobermane
|inactive|Battle timer is ON: inactive players will automatically lose when time's up. (requested by LT92PF Gama)
|
|t:|1660101673
|start
|switch|p1a: Clefable|Clefable, M|100/100
|switch|p2a: Tangrowth|Tangrowth, F|100/100
|turn|1
|
|t:|1660101683
|move|p1a: Clefable|Knock Off|p2a: Tangrowth
|-damage|p2a: Tangrowth|93/100
|-enditem|p2a: Tangrowth|Rocky Helmet|[from] move: Knock Off|[of] p1a: Clefable
|move|p2a: Tangrowth|Sleep Powder|p1a: Clefable
|-status|p1a: Clefable|slp|[from] move: Sleep Powder
|
|upkeep
|turn|2
|j| Heracrossed Up
|
|t:|1660101691
|cant|p1a: Clefable|slp
|move|p2a: Tangrowth|Knock Off|p1a: Clefable
|-resisted|p1a: Clefable
|-damage|p1a: Clefable|91/100 slp
|-enditem|p1a: Clefable|Leftovers|[from] move: Knock Off|[of] p2a: Tangrowth
|
|upkeep
|turn|3
|
|t:|1660101702
|switch|p2a: Azumarill|Azumarill, M|100/100
|-curestatus|p1a: Clefable|slp|[msg]
|move|p1a: Clefable|Stealth Rock|p2a: Azumarill
|-sidestart|p2: hypervortexreturns|move: Stealth Rock
|
|upkeep
|turn|4
|j| lt92pf sagordo
|j| LT92PF Ayk
|j| LT91BB Livio
|j| Misterioussaint
|inactive|LT92PF Gama has 120 seconds left.
|
|t:|1660101736
|switch|p1a: Landorus|Landorus-Therian, M|100/100
|-ability|p1a: Landorus|Intimidate|boost
|-unboost|p2a: Azumarill|atk|1
|move|p2a: Azumarill|Belly Drum|p2a: Azumarill
|-damage|p2a: Azumarill|50/100
|-setboost|p2a: Azumarill|atk|6|[from] move: Belly Drum
|-enditem|p2a: Azumarill|Sitrus Berry|[eat]
|-heal|p2a: Azumarill|75/100|[from] item: Sitrus Berry
|
|upkeep
|turn|5
|inactive|LT92PF Gama has 120 seconds left.
|l| LT92PF Ayk
|inactive|LT92PF Gama has 90 seconds left.
|j| wuqq
|
|t:|1660101790
|switch|p1a: Clefable|Clefable, M|91/100
|move|p2a: Azumarill|Aqua Jet|p1a: Clefable
|-damage|p1a: Clefable|0 fnt
|faint|p1a: Clefable
|
|upkeep
|
|t:|1660101792
|switch|p1a: Tapu Fini|Tapu Fini|100/100
|-fieldstart|move: Misty Terrain|[from] ability: Misty Surge|[of] p1a: Tapu Fini
|turn|6
|
|t:|1660101804
|move|p1a: Tapu Fini|Trick|p2a: Azumarill
|-activate|p1a: Tapu Fini|move: Trick|[of] p2a: Azumarill
|-item|p2a: Azumarill|Choice Scarf|[from] move: Trick
|-enditem|p1a: Tapu Fini|Choice Scarf|[silent]|[from] move: Trick
|move|p2a: Azumarill|Play Rough|p1a: Tapu Fini
|-damage|p1a: Tapu Fini|0 fnt
|faint|p1a: Tapu Fini
|
|upkeep
|
|t:|1660101810
|switch|p1a: Toxapex|Toxapex, M|100/100
|turn|7
|
|t:|1660101815
|move|p2a: Azumarill|Play Rough|p1a: Toxapex
|-resisted|p1a: Toxapex
|-damage|p1a: Toxapex|29/100
|move|p1a: Toxapex|Haze|p1a: Toxapex
|-clearallboost
|
|-heal|p1a: Toxapex|35/100|[from] item: Black Sludge
|upkeep
|turn|8
|j|+AM
|
|t:|1660101844
|switch|p2a: Excadrill|Excadrill, M|100/100
|-damage|p2a: Excadrill|97/100|[from] Stealth Rock
|move|p1a: Toxapex|Recover|p1a: Toxapex
|-heal|p1a: Toxapex|85/100
|
|-heal|p2a: Excadrill|100/100|[from] item: Leftovers
|-heal|p1a: Toxapex|91/100|[from] item: Black Sludge
|upkeep
|turn|9
|
|t:|1660101855
|move|p2a: Excadrill|Stealth Rock|p1a: Toxapex
|-sidestart|p1: LT92PF Gama|move: Stealth Rock
|move|p1a: Toxapex|Knock Off|p2a: Excadrill
|-damage|p2a: Excadrill|79/100
|-enditem|p2a: Excadrill|Leftovers|[from] move: Knock Off|[of] p1a: Toxapex
|
|-heal|p1a: Toxapex|98/100|[from] item: Black Sludge
|upkeep
|turn|10
|
|t:|1660101866
|move|p2a: Excadrill|Earthquake|p1a: Toxapex
|-supereffective|p1a: Toxapex
|-damage|p1a: Toxapex|34/100
|move|p1a: Toxapex|Scald|p2a: Excadrill
|-supereffective|p2a: Excadrill
|-damage|p2a: Excadrill|32/100
|
|-heal|p1a: Toxapex|41/100|[from] item: Black Sludge
|-fieldend|Misty Terrain
|upkeep
|turn|11
|inactive|LT92PF Gama has 120 seconds left.
|inactive|hypervortexreturns has 120 seconds left.
|
|t:|1660101892
|switch|p2a: Zapdos|Zapdos|100/100
|switch|p1a: Corviknight|Corviknight, F|100/100
|-damage|p1a: Corviknight|88/100|[from] Stealth Rock
|-ability|p1a: Corviknight|Pressure
|
|-heal|p1a: Corviknight|94/100|[from] item: Leftovers
|upkeep
|turn|12
|inactive|LT92PF Gama has 120 seconds left.
|
|t:|1660101907
|move|p2a: Zapdos|Toxic|p1a: Corviknight
|-immune|p1a: Corviknight
|move|p1a: Corviknight|Substitute|p1a: Corviknight
|-start|p1a: Corviknight|Substitute
|-damage|p1a: Corviknight|69/100
|
|-heal|p1a: Corviknight|75/100|[from] item: Leftovers
|upkeep
|turn|13
|
|t:|1660101916
|move|p2a: Zapdos|Discharge|p1a: Corviknight
|-supereffective|p1a: Corviknight
|-end|p1a: Corviknight|Substitute
|move|p1a: Corviknight|Substitute|p1a: Corviknight
|-start|p1a: Corviknight|Substitute
|-damage|p1a: Corviknight|50/100
|
|-heal|p1a: Corviknight|57/100|[from] item: Leftovers
|upkeep
|turn|14
|inactive|hypervortexreturns has 120 seconds left.
|
|t:|1660101925
|move|p2a: Zapdos|Discharge|p1a: Corviknight
|-supereffective|p1a: Corviknight
|-end|p1a: Corviknight|Substitute
|move|p1a: Corviknight|Substitute|p1a: Corviknight
|-start|p1a: Corviknight|Substitute
|-damage|p1a: Corviknight|32/100
|
|-heal|p1a: Corviknight|38/100|[from] item: Leftovers
|upkeep
|turn|15
|
|t:|1660101937
|move|p2a: Zapdos|Discharge|p1a: Corviknight
|-supereffective|p1a: Corviknight
|-end|p1a: Corviknight|Substitute
|move|p1a: Corviknight|Roost|p1a: Corviknight
|-heal|p1a: Corviknight|88/100
|-singleturn|p1a: Corviknight|move: Roost
|
|-heal|p1a: Corviknight|94/100|[from] item: Leftovers
|upkeep
|turn|16
|
|t:|1660101947
|switch|p1a: Landorus|Landorus-Therian, M|100/100
|-damage|p1a: Landorus|88/100|[from] Stealth Rock
|-ability|p1a: Landorus|Intimidate|boost
|-unboost|p2a: Zapdos|atk|1
|move|p2a: Zapdos|Discharge|p1a: Landorus
|-immune|p1a: Landorus
|
|-heal|p1a: Landorus|94/100|[from] item: Leftovers
|upkeep
|turn|17
|inactive|hypervortexreturns has 120 seconds left.
|
|t:|1660101967
|switch|p2a: Azumarill|Azumarill, M|75/100
|-damage|p2a: Azumarill|63/100|[from] Stealth Rock
|move|p1a: Landorus|Substitute|p1a: Landorus
|-start|p1a: Landorus|Substitute
|-damage|p1a: Landorus|69/100
|
|-heal|p1a: Landorus|75/100|[from] item: Leftovers
|upkeep
|turn|18
|inactive|hypervortexreturns has 120 seconds left.
|j| NDA Heatran
|l| NDA Heatran
|
|t:|1660101983
|move|p1a: Landorus|Earthquake|p2a: Azumarill
|-damage|p2a: Azumarill|0 fnt
|faint|p2a: Azumarill
|
|-heal|p1a: Landorus|81/100|[from] item: Leftovers
|upkeep
|
|t:|1660101993
|switch|p2a: Hydreigon|Hydreigon, M|100/100
|-damage|p2a: Hydreigon|88/100|[from] Stealth Rock
|turn|19
|
|t:|1660101998
|move|p2a: Hydreigon|Dark Pulse|p1a: Landorus
|-end|p1a: Landorus|Substitute
|move|p1a: Landorus|Toxic|p2a: Hydreigon
|-status|p2a: Hydreigon|tox
|
|-heal|p2a: Hydreigon|94/100 tox|[from] item: Leftovers
|-heal|p1a: Landorus|88/100|[from] item: Leftovers
|-damage|p2a: Hydreigon|88/100 tox|[from] psn
|upkeep
|turn|20
|inactive|hypervortexreturns has 120 seconds left.
|
|t:|1660102018
|switch|p1a: Corviknight|Corviknight, F|94/100
|-damage|p1a: Corviknight|82/100|[from] Stealth Rock
|-ability|p1a: Corviknight|Pressure
|move|p2a: Hydreigon|Dark Pulse|p1a: Corviknight
|-damage|p1a: Corviknight|57/100
|
|-heal|p2a: Hydreigon|94/100 tox|[from] item: Leftovers
|-heal|p1a: Corviknight|63/100|[from] item: Leftovers
|-damage|p2a: Hydreigon|82/100 tox|[from] psn
|upkeep
|turn|21
|inactive|hypervortexreturns has 120 seconds left.
|
|t:|1660102035
|switch|p2a: Zapdos|Zapdos|100/100
|move|p1a: Corviknight|Roost|p1a: Corviknight
|-heal|p1a: Corviknight|100/100
|-singleturn|p1a: Corviknight|move: Roost
|
|upkeep
|turn|22
|
|t:|1660102046
|move|p2a: Zapdos|Discharge|p1a: Corviknight
|-supereffective|p1a: Corviknight
|-damage|p1a: Corviknight|49/100
|move|p1a: Corviknight|Substitute|p1a: Corviknight
|-start|p1a: Corviknight|Substitute
|-damage|p1a: Corviknight|24/100
|
|-heal|p1a: Corviknight|30/100|[from] item: Leftovers
|upkeep
|turn|23
|
|t:|1660102056
|move|p2a: Zapdos|Discharge|p1a: Corviknight
|-supereffective|p1a: Corviknight
|-end|p1a: Corviknight|Substitute
|move|p1a: Corviknight|Roost|p1a: Corviknight
|-heal|p1a: Corviknight|80/100
|-singleturn|p1a: Corviknight|move: Roost
|
|-heal|p1a: Corviknight|86/100|[from] item: Leftovers
|upkeep
|turn|24
|inactive|hypervortexreturns has 120 seconds left.
|
|t:|1660102067
|move|p2a: Zapdos|Discharge|p1a: Corviknight
|-supereffective|p1a: Corviknight
|-damage|p1a: Corviknight|32/100
|-status|p1a: Corviknight|par
|cant|p1a: Corviknight|par
|
|-heal|p1a: Corviknight|39/100 par|[from] item: Leftovers
|upkeep
|turn|25
|inactive|hypervortexreturns has 120 seconds left.
|
|t:|1660102078
|switch|p1a: Landorus|Landorus-Therian, M|88/100
|-damage|p1a: Landorus|75/100|[from] Stealth Rock
|-ability|p1a: Landorus|Intimidate|boost
|-unboost|p2a: Zapdos|atk|1
|move|p2a: Zapdos|Discharge|p1a: Landorus
|-immune|p1a: Landorus
|
|-heal|p1a: Landorus|81/100|[from] item: Leftovers
|upkeep
|turn|26
|inactive|hypervortexreturns has 120 seconds left.
|
|t:|1660102090
|move|p2a: Zapdos|Toxic|p1a: Landorus
|-status|p1a: Landorus|tox
|move|p1a: Landorus|Substitute|p1a: Landorus
|-start|p1a: Landorus|Substitute
|-damage|p1a: Landorus|56/100 tox
|
|-heal|p1a: Landorus|62/100 tox|[from] item: Leftovers
|-damage|p1a: Landorus|56/100 tox|[from] psn
|upkeep
|turn|27
|inactive|hypervortexreturns has 120 seconds left.
|
|t:|1660102108
|switch|p2a: Excadrill|Excadrill, M|32/100
|-damage|p2a: Excadrill|29/100|[from] Stealth Rock
|switch|p1a: Toxapex|Toxapex, M|74/100
|-damage|p1a: Toxapex|61/100|[from] Stealth Rock
|
|-heal|p1a: Toxapex|68/100|[from] item: Black Sludge
|upkeep
|turn|28
|inactive|LT92PF Gama has 120 seconds left.
|
|t:|1660102140
|move|p2a: Excadrill|Earthquake|p1a: Toxapex
|-supereffective|p1a: Toxapex
|-damage|p1a: Toxapex|0 fnt
|faint|p1a: Toxapex
|
|upkeep
|l| lt92pf sagordo
|
|t:|1660102144
|switch|p1a: Garchomp|Garchomp, F|100/100
|-damage|p1a: Garchomp|94/100|[from] Stealth Rock
|turn|29
|inactive|hypervortexreturns has 120 seconds left.
|
|t:|1660102149
|move|p1a: Garchomp|Fire Fang|p2a: Excadrill
|-supereffective|p2a: Excadrill
|-damage|p2a: Excadrill|0 fnt
|faint|p2a: Excadrill
|
|upkeep
|inactive|hypervortexreturns has 120 seconds left.
|l| goobermane
|
|t:|1660102162
|switch|p2a: Tangrowth|Tangrowth, F|100/100
|-damage|p2a: Tangrowth|88/100|[from] Stealth Rock
|turn|30
|
|t:|1660102167
|switch|p1a: Corviknight|Corviknight, F|39/100 par
|-damage|p1a: Corviknight|26/100 par|[from] Stealth Rock
|-ability|p1a: Corviknight|Pressure
|move|p2a: Tangrowth|Sleep Powder||[still]
|-fail|p2a: Tangrowth
|
|-heal|p1a: Corviknight|32/100 par|[from] item: Leftovers
|upkeep
|turn|31
|inactive|hypervortexreturns has 120 seconds left.
|
|t:|1660102185
|move|p2a: Tangrowth|Knock Off|p1a: Corviknight
|-damage|p1a: Corviknight|13/100 par
|-enditem|p1a: Corviknight|Leftovers|[from] move: Knock Off|[of] p2a: Tangrowth
|move|p1a: Corviknight|Roost|p1a: Corviknight
|-heal|p1a: Corviknight|63/100 par
|-singleturn|p1a: Corviknight|move: Roost
|
|upkeep
|turn|32
|inactive|hypervortexreturns has 120 seconds left.
|
|t:|1660102197
|switch|p2a: Corviknight|Corviknight, F|100/100
|-damage|p2a: Corviknight|88/100|[from] Stealth Rock
|-ability|p2a: Corviknight|Pressure
|move|p1a: Corviknight|Substitute|p1a: Corviknight
|-start|p1a: Corviknight|Substitute
|-damage|p1a: Corviknight|38/100 par
|
|-heal|p2a: Corviknight|94/100|[from] item: Leftovers
|upkeep
|turn|33
|inactive|hypervortexreturns has 120 seconds left.
|
|t:|1660102209
|move|p2a: Corviknight|Bulk Up|p2a: Corviknight
|-boost|p2a: Corviknight|atk|1
|-boost|p2a: Corviknight|def|1
|cant|p1a: Corviknight|par
|
|-heal|p2a: Corviknight|100/100|[from] item: Leftovers
|upkeep
|turn|34
|
|t:|1660102218
|move|p2a: Corviknight|Bulk Up|p2a: Corviknight
|-boost|p2a: Corviknight|atk|1
|-boost|p2a: Corviknight|def|1
|cant|p1a: Corviknight|par
|
|upkeep
|turn|35
|
|t:|1660102224
|move|p2a: Corviknight|Bulk Up|p2a: Corviknight
|-boost|p2a: Corviknight|atk|1
|-boost|p2a: Corviknight|def|1
|cant|p1a: Corviknight|par
|
|upkeep
|turn|36
|
|t:|1660102232
|move|p2a: Corviknight|Bulk Up|p2a: Corviknight
|-boost|p2a: Corviknight|atk|1
|-boost|p2a: Corviknight|def|1
|move|p1a: Corviknight|Roost|p1a: Corviknight
|-heal|p1a: Corviknight|88/100 par
|-singleturn|p1a: Corviknight|move: Roost
|
|upkeep
|turn|37
|
|t:|1660102245
|move|p2a: Corviknight|Bulk Up|p2a: Corviknight
|-boost|p2a: Corviknight|atk|1
|-boost|p2a: Corviknight|def|1
|move|p1a: Corviknight|Bulk Up|p1a: Corviknight
|-boost|p1a: Corviknight|atk|1
|-boost|p1a: Corviknight|def|1
|
|upkeep
|turn|38
|
|t:|1660102255
|move|p2a: Corviknight|Taunt|p1a: Corviknight
|-start|p1a: Corviknight|move: Taunt
|cant|p1a: Corviknight|move: Taunt|Bulk Up
|
|upkeep
|turn|39
|
|t:|1660102263
|move|p2a: Corviknight|Bulk Up|p2a: Corviknight
|-boost|p2a: Corviknight|atk|1
|-boost|p2a: Corviknight|def|1
|cant|p1a: Corviknight|par
|
|upkeep
|turn|40
|
|t:|1660102270
|move|p2a: Corviknight|Bulk Up|p2a: Corviknight
|-boost|p2a: Corviknight|atk|0
|-boost|p2a: Corviknight|def|0
|move|p1a: Corviknight|Brave Bird|p2a: Corviknight
|-resisted|p2a: Corviknight
|-damage|p2a: Corviknight|95/100
|-damage|p1a: Corviknight|86/100 par|[from] Recoil
|
|-heal|p2a: Corviknight|100/100|[from] item: Leftovers
|-end|p1a: Corviknight|move: Taunt
|upkeep
|turn|41
|
|t:|1660102283
|move|p2a: Corviknight|Taunt|p1a: Corviknight
|-start|p1a: Corviknight|move: Taunt
|cant|p1a: Corviknight|move: Taunt|Bulk Up
|
|upkeep
|turn|42
|
|t:|1660102289
|move|p2a: Corviknight|Bulk Up|p2a: Corviknight
|-boost|p2a: Corviknight|atk|0
|-boost|p2a: Corviknight|def|0
|move|p1a: Corviknight|Brave Bird|p2a: Corviknight
|-resisted|p2a: Corviknight
|-damage|p2a: Corviknight|95/100
|-damage|p1a: Corviknight|84/100 par|[from] Recoil
|
|-heal|p2a: Corviknight|100/100|[from] item: Leftovers
|upkeep
|turn|43
|
|t:|1660102300
|switch|p1a: Landorus|Landorus-Therian, M|56/100 tox
|-damage|p1a: Landorus|44/100 tox|[from] Stealth Rock
|-ability|p1a: Landorus|Intimidate|boost
|-unboost|p2a: Corviknight|atk|1
|move|p2a: Corviknight|Bulk Up|p2a: Corviknight
|-boost|p2a: Corviknight|atk|1
|-boost|p2a: Corviknight|def|0
|
|-heal|p1a: Landorus|50/100 tox|[from] item: Leftovers
|-damage|p1a: Landorus|44/100 tox|[from] psn
|upkeep
|turn|44
|
|t:|1660102313
|move|p1a: Landorus|Smack Down|p2a: Corviknight
|-damage|p2a: Corviknight|97/100
|-start|p2a: Corviknight|Smack Down
|move|p2a: Corviknight|Brave Bird|p1a: Landorus
|-damage|p1a: Landorus|0 fnt
|faint|p1a: Landorus
|-damage|p2a: Corviknight|85/100|[from] Recoil
|
|-heal|p2a: Corviknight|91/100|[from] item: Leftovers
|upkeep
|
|t:|1660102315
|switch|p1a: Garchomp|Garchomp, F|94/100
|-damage|p1a: Garchomp|88/100|[from] Stealth Rock
|turn|45
|
|t:|1660102327
|move|p1a: Garchomp|Fire Fang|p2a: Corviknight
|-supereffective|p2a: Corviknight
|-crit|p2a: Corviknight
|-damage|p2a: Corviknight|9/100
|move|p2a: Corviknight|Brave Bird|p1a: Garchomp
|-damage|p1a: Garchomp|0 fnt
|-damage|p2a: Corviknight|0 fnt|[from] ability: Rough Skin|[of] p1a: Garchomp
|faint|p1a: Garchomp
|faint|p2a: Corviknight
|
|upkeep
|j| Asurya SNAKE
|c|☆LT92PF Gama|Almost
|-message|LT92PF Gama forfeited.
|
|win|hypervortexreturns
|raw|LT92PF Gama's rating: 1849 &rarr; <strong>1836</strong><br />(-13 for losing)
|raw|hypervortexreturns's rating: 1975 &rarr; <strong>1988</strong><br />(+13 for winning)
|l|☆LT92PF Gama
|l| Asurya SNAKE
|l|+AM
|l| LT91BB Livio
||Ladder isn't responding, score probably updated but might not have (Request timeout).
|l| wuqq
|l|‽hypervortexreturns
