|j|☆BrothaOptions
|j|☆2(H2O)
|t:|1658158494
|gametype|singles
|player|p1|BrothaOptions|flannery|1747
|player|p2|2(H2O)|chase|1755
|teamsize|p1|6
|teamsize|p2|6
|gen|8
|tier|[Gen 8] OU
|rated|
|rule|Sleep Clause Mod: Limit one foe put to sleep
|rule|Species Clause: Limit one of each Pokémon
|rule|OHKO Clause: OHKO moves are banned
|rule|Evasion Moves Clause: Evasion moves are banned
|rule|Endless Battle Clause: Forcing endless battles is banned
|rule|HP Percentage Mod: HP is shown in percentages
|rule|Dynamax Clause: You cannot dynamax
|clearpoke
|poke|p1|Zarude|
|poke|p1|Skarmory, M|
|poke|p1|Slowking-Galar, M|
|poke|p1|Tapu Fini|
|poke|p1|Regieleki|
|poke|p1|Terrakion|
|poke|p2|Tapu Lele|
|poke|p2|Victini|
|poke|p2|Melmetal|
|poke|p2|Dragonite, M|
|poke|p2|Landorus-Therian, M|
|poke|p2|Urshifu-*, M|
|teampreview
|inactive|Battle timer is ON: inactive players will automatically lose when time's up. (requested by 2(H2O))
|
|t:|1658158507
|start
|switch|p1a: Skarmory|Skarmory, M|100/100
|switch|p2a: Urshifu|Urshifu-Rapid-Strike, M|100/100
|turn|1
|
|t:|1658158511
|move|p2a: Urshifu|Close Combat|p1a: Skarmory
|-damage|p1a: Skarmory|49/100
|-unboost|p2a: Urshifu|def|1
|-unboost|p2a: Urshifu|spd|1
|-damage|p2a: Urshifu|84/100|[from] item: Rocky Helmet|[of] p1a: Skarmory
|move|p1a: Skarmory|Stealth Rock|p2a: Urshifu
|-sidestart|p2: 2(H2O)|move: Stealth Rock
|
|upkeep
|turn|2
|
|t:|1658158518
|switch|p2a: Landorus|Landorus-Therian, M|100/100
|-damage|p2a: Landorus|88/100|[from] Stealth Rock
|-ability|p2a: Landorus|Intimidate|boost
|-unboost|p1a: Skarmory|atk|1
|switch|p1a: Tapu Fini|Tapu Fini|100/100
|-fieldstart|move: Misty Terrain|[from] ability: Misty Surge|[of] p1a: Tapu Fini
|
|-heal|p2a: Landorus|94/100|[from] item: Leftovers
|upkeep
|turn|3
|
|t:|1658158520
|switch|p2a: Melmetal|Melmetal|100/100
|-damage|p2a: Melmetal|94/100|[from] Stealth Rock
|move|p1a: Tapu Fini|Whirlpool|p2a: Melmetal
|-damage|p2a: Melmetal|88/100
|-activate|p2a: Melmetal|move: Whirlpool|[of] p1a: Tapu Fini
|
|-damage|p2a: Melmetal|76/100|[from] move: Whirlpool|[partiallytrapped]
|upkeep
|turn|4
|
|t:|1658158525
|switch|p1a: Skarmory|Skarmory, M|49/100
|move|p2a: Melmetal|Thunder Punch|p1a: Skarmory
|-supereffective|p1a: Skarmory
|-damage|p1a: Skarmory|12/100
|-damage|p2a: Melmetal|59/100|[from] item: Rocky Helmet|[of] p1a: Skarmory
|
|-end|p2a: Melmetal|Whirlpool|[partiallytrapped]|[silent]
|upkeep
|turn|5
|
|t:|1658158528
|switch|p2a: Victini|Victini|100/100
|move|p1a: Skarmory|Roost|p1a: Skarmory
|-heal|p1a: Skarmory|62/100
|-singleturn|p1a: Skarmory|move: Roost
|
|upkeep
|turn|6
|
|t:|1658158531
|switch|p1a: Terrakion|Terrakion|100/100
|move|p2a: Victini|U-turn|p1a: Terrakion
|-resisted|p1a: Terrakion
|-damage|p1a: Terrakion|89/100
|
|t:|1658158535
|switch|p2a: Urshifu|Urshifu-Rapid-Strike, M|84/100|[from]move: U-turn
|-damage|p2a: Urshifu|78/100|[from] Stealth Rock
|
|-fieldend|Misty Terrain
|upkeep
|turn|7
|
|t:|1658158538
|move|p1a: Terrakion|Close Combat|p2a: Urshifu
|-damage|p2a: Urshifu|18/100
|-unboost|p1a: Terrakion|def|1
|-unboost|p1a: Terrakion|spd|1
|move|p2a: Urshifu|Close Combat|p1a: Terrakion
|-supereffective|p1a: Terrakion
|-damage|p1a: Terrakion|0 fnt
|-unboost|p2a: Urshifu|def|1
|-unboost|p2a: Urshifu|spd|1
|faint|p1a: Terrakion
|
|upkeep
|
|t:|1658158546
|switch|p1a: Tapu Fini|Tapu Fini|100/100
|-fieldstart|move: Misty Terrain|[from] ability: Misty Surge|[of] p1a: Tapu Fini
|turn|8
|
|t:|1658158549
|switch|p2a: Melmetal|Melmetal|59/100
|-damage|p2a: Melmetal|53/100|[from] Stealth Rock
|move|p1a: Tapu Fini|Moonblast|p2a: Melmetal
|-resisted|p2a: Melmetal
|-damage|p2a: Melmetal|44/100
|
|upkeep
|turn|9
|
|t:|1658158554
|switch|p2a: Victini|Victini|100/100
|move|p1a: Tapu Fini|Whirlpool|p2a: Victini|[miss]
|-miss|p1a: Tapu Fini|p2a: Victini
|
|upkeep
|turn|10
|
|t:|1658158560
|move|p2a: Victini|Bolt Strike|p1a: Tapu Fini
|-supereffective|p1a: Tapu Fini
|-damage|p1a: Tapu Fini|40/100
|move|p1a: Tapu Fini|Whirlpool|p2a: Victini
|-supereffective|p2a: Victini
|-damage|p2a: Victini|75/100
|-activate|p2a: Victini|move: Whirlpool|[of] p1a: Tapu Fini
|
|-heal|p1a: Tapu Fini|46/100|[from] item: Leftovers
|-damage|p2a: Victini|63/100|[from] move: Whirlpool|[partiallytrapped]
|upkeep
|turn|11
|
|t:|1658158576
|move|p2a: Victini|Bolt Strike|p1a: Tapu Fini
|-supereffective|p1a: Tapu Fini
|-damage|p1a: Tapu Fini|0 fnt
|faint|p1a: Tapu Fini
|
|-end|p2a: Victini|Whirlpool|[partiallytrapped]|[silent]
|upkeep
|
|t:|1658158578
|switch|p1a: Zarude|Zarude|100/100
|turn|12
|
|t:|1658158581
|switch|p2a: Landorus|Landorus-Therian, M|94/100
|-damage|p2a: Landorus|82/100|[from] Stealth Rock
|-ability|p2a: Landorus|Intimidate|boost
|-unboost|p1a: Zarude|atk|1
|move|p1a: Zarude|Darkest Lariat|p2a: Landorus
|-damage|p2a: Landorus|56/100
|
|-heal|p2a: Landorus|62/100|[from] item: Leftovers
|-fieldend|Misty Terrain
|upkeep
|turn|13
|
|t:|1658158585
|switch|p1a: Skarmory|Skarmory, M|62/100
|move|p2a: Landorus|U-turn|p1a: Skarmory
|-resisted|p1a: Skarmory
|-damage|p1a: Skarmory|58/100
|-damage|p2a: Landorus|46/100|[from] item: Rocky Helmet|[of] p1a: Skarmory
|
|t:|1658158587
|switch|p2a: Victini|Victini|63/100|[from]move: U-turn
|
|upkeep
|turn|14
|
|t:|1658158590
|switch|p1a: Slowking|Slowking-Galar, M|100/100
|move|p2a: Victini|V-create|p1a: Slowking
|-damage|p1a: Slowking|22/100
|-unboost|p2a: Victini|spe|1
|-unboost|p2a: Victini|def|1
|-unboost|p2a: Victini|spd|1
|
|upkeep
|turn|15
|
|t:|1658158594
|switch|p1a: Regieleki|Regieleki|100/100
|move|p2a: Victini|V-create|p1a: Regieleki
|-crit|p1a: Regieleki
|-damage|p1a: Regieleki|0 fnt
|-unboost|p2a: Victini|spe|1
|-unboost|p2a: Victini|def|1
|-unboost|p2a: Victini|spd|1
|faint|p1a: Regieleki
|
|upkeep
|
|t:|1658158596
|switch|p1a: Zarude|Zarude|100/100
|turn|16
|
|t:|1658158600
|switch|p2a: Landorus|Landorus-Therian, M|46/100
|-damage|p2a: Landorus|33/100|[from] Stealth Rock
|-ability|p2a: Landorus|Intimidate|boost
|-unboost|p1a: Zarude|atk|1
|move|p1a: Zarude|Bulk Up|p1a: Zarude
|-boost|p1a: Zarude|atk|1
|-boost|p1a: Zarude|def|1
|
|-heal|p2a: Landorus|39/100|[from] item: Leftovers
|upkeep
|turn|17
|
|t:|1658158602
|move|p1a: Zarude|Power Whip|p2a: Landorus
|-damage|p2a: Landorus|0 fnt
|faint|p2a: Landorus
|
|upkeep
|
|t:|1658158612
|switch|p2a: Melmetal|Melmetal|44/100
|-damage|p2a: Melmetal|38/100|[from] Stealth Rock
|turn|18
|
|t:|1658158615
|switch|p1a: Skarmory|Skarmory, M|58/100
|move|p2a: Melmetal|Ice Punch|p1a: Skarmory
|-damage|p1a: Skarmory|39/100
|-damage|p2a: Melmetal|21/100|[from] item: Rocky Helmet|[of] p1a: Skarmory
|
|upkeep
|turn|19
|
|t:|1658158619
|switch|p2a: Dragonite|Dragonite, M|100/100
|move|p1a: Skarmory|Roost|p1a: Skarmory
|-heal|p1a: Skarmory|89/100
|-singleturn|p1a: Skarmory|move: Roost
|
|upkeep
|turn|20
|
|t:|1658158623
|move|p2a: Dragonite|Defog|p1a: Skarmory
|-unboost|p1a: Skarmory|evasion|1
|-sideend|p2: 2(H2O)|Stealth Rock|[from] move: Defog|[of] p2a: Dragonite
|move|p1a: Skarmory|Brave Bird|p2a: Dragonite
|-damage|p2a: Dragonite|87/100
|-damage|p1a: Skarmory|83/100|[from] Recoil
|
|upkeep
|turn|21
|
|t:|1658158627
|switch|p2a: Victini|Victini|63/100
|move|p1a: Skarmory|Stealth Rock|p2a: Victini
|-sidestart|p2: 2(H2O)|move: Stealth Rock
|
|upkeep
|turn|22
|
|t:|1658158630
|move|p2a: Victini|V-create|p1a: Skarmory
|-supereffective|p1a: Skarmory
|-damage|p1a: Skarmory|0 fnt
|-unboost|p2a: Victini|spe|1
|-unboost|p2a: Victini|def|1
|-unboost|p2a: Victini|spd|1
|-damage|p2a: Victini|47/100|[from] item: Rocky Helmet|[of] p1a: Skarmory
|faint|p1a: Skarmory
|
|upkeep
|
|t:|1658158634
|switch|p1a: Zarude|Zarude|100/100
|turn|23
|j| meat bus
|
|t:|1658158639
|switch|p2a: Urshifu|Urshifu-Rapid-Strike, M|18/100
|-damage|p2a: Urshifu|12/100|[from] Stealth Rock
|move|p1a: Zarude|Bulk Up|p1a: Zarude
|-boost|p1a: Zarude|atk|1
|-boost|p1a: Zarude|def|1
|
|upkeep
|turn|24
|
|t:|1658158641
|move|p1a: Zarude|Darkest Lariat|p2a: Urshifu
|-resisted|p2a: Urshifu
|-damage|p2a: Urshifu|0 fnt
|faint|p2a: Urshifu
|
|upkeep
|
|t:|1658158644
|switch|p2a: Tapu Lele|Tapu Lele|100/100
|-damage|p2a: Tapu Lele|88/100|[from] Stealth Rock
|-fieldstart|move: Psychic Terrain|[from] ability: Psychic Surge|[of] p2a: Tapu Lele
|turn|25
|
|t:|1658158649
|switch|p2a: Victini|Victini|47/100
|move|p1a: Zarude|Power Whip|p2a: Victini
|-resisted|p2a: Victini
|-damage|p2a: Victini|1/100
|
|upkeep
|turn|26
|
|t:|1658158658
|switch|p2a: Dragonite|Dragonite, M|87/100
|move|p1a: Zarude|Darkest Lariat|p2a: Dragonite
|-damage|p2a: Dragonite|40/100
|
|upkeep
|turn|27
|
|t:|1658158660
|move|p1a: Zarude|Darkest Lariat|p2a: Dragonite
|-damage|p2a: Dragonite|0 fnt
|faint|p2a: Dragonite
|
|upkeep
|
|t:|1658158662
|switch|p2a: Tapu Lele|Tapu Lele|88/100
|-damage|p2a: Tapu Lele|76/100|[from] Stealth Rock
|turn|28
|
|t:|1658158681
|switch|p1a: Slowking|Slowking-Galar, M|55/100
|move|p2a: Tapu Lele|Moonblast|p1a: Slowking
|-resisted|p1a: Slowking
|-damage|p1a: Slowking|44/100
|-unboost|p1a: Slowking|spa|1
|
|upkeep
|turn|29
|
|t:|1658158689
|switch|p2a: Melmetal|Melmetal|21/100
|-damage|p2a: Melmetal|15/100|[from] Stealth Rock
|move|p1a: Slowking|Future Sight|p2a: Melmetal
|-start|p1a: Slowking|move: Future Sight
|
|-fieldend|move: Psychic Terrain
|upkeep
|turn|30
|
|t:|1658158695
|switch|p1a: Zarude|Zarude|100/100
|move|p2a: Melmetal|Double Iron Bash|p1a: Zarude
|-damage|p1a: Zarude|64/100
|-damage|p1a: Zarude|28/100
|-hitcount|p1a: Zarude|2
|
|-heal|p1a: Zarude|34/100|[from] item: Leftovers
|upkeep
|turn|31
|
|t:|1658158701
|move|p1a: Zarude|Darkest Lariat|p2a: Melmetal
|-damage|p2a: Melmetal|0 fnt
|faint|p2a: Melmetal
|
|-hint|Future Sight did not hit because the target is fainted.
|-heal|p1a: Zarude|41/100|[from] item: Leftovers
|upkeep
|
|t:|1658158703
|switch|p2a: Tapu Lele|Tapu Lele|76/100
|-damage|p2a: Tapu Lele|63/100|[from] Stealth Rock
|-fieldstart|move: Psychic Terrain|[from] ability: Psychic Surge|[of] p2a: Tapu Lele
|turn|32
|
|t:|1658158706
|switch|p2a: Victini|Victini|1/100
|move|p1a: Zarude|Power Whip|p2a: Victini
|-resisted|p2a: Victini
|-damage|p2a: Victini|0 fnt
|faint|p2a: Victini
|
|-heal|p1a: Zarude|47/100|[from] item: Leftovers
|upkeep
|-message|2(H2O) forfeited.
|
|win|BrothaOptions
|raw|BrothaOptions's rating: 1747 &rarr; <strong>1767</strong><br />(+20 for winning)
|raw|2(H2O)'s rating: 1755 &rarr; <strong>1735</strong><br />(-20 for losing)
|l|☆2(H2O)
|l| meat bus
||Ladder isn't responding, score probably updated but might not have (Request timeout).
