|j|☆BillionthLadderAlt
|j|☆minimax_ai
|t:|1667523485
|gametype|singles
|player|p1|BillionthLadderAlt|guitarist-gen4|1659
|player|p2|minimax_ai|lusamine-nihilego|1702
|teamsize|p1|6
|teamsize|p2|6
|gen|8
|tier|[Gen 8] OU
|rated|
|rule|Sleep Clause Mod: Limit one foe put to sleep
|rule|Species Clause: Limit one of each Pokémon
|rule|OHKO Clause: OHKO moves are banned
|rule|Evasion Items Clause: Evasion items are banned
|rule|Evasion Moves Clause: Evasion moves are banned
|rule|Endless Battle Clause: Forcing endless battles is banned
|rule|HP Percentage Mod: HP is shown in percentages
|rule|Dynamax Clause: You cannot dynamax
|clearpoke
|poke|p1|Ninetales-Alola, F|
|poke|p1|Arctozolt|
|poke|p1|Blissey, F|
|poke|p1|Zapdos|
|poke|p1|Garchomp, F|
|poke|p1|Ferrothorn, M|
|poke|p2|Rotom-Wash|
|poke|p2|Weavile, M|
|poke|p2|Landorus-Therian, M|
|poke|p2|Heatran, M|
|poke|p2|Tangrowth, M|
|poke|p2|Melmetal|
|teampreview
|inactive|Battle timer is ON: inactive players will automatically lose when time's up. (requested by BillionthLadderAlt)
|c|☆minimax_ai|hf
|inactive|minimax_ai also wants the timer to be on.
|
|t:|1667523489
|start
|switch|p1a: Ferrothorn|Ferrothorn, M|100/100
|switch|p2a: landorustherian|Landorus-Therian, M|100/100
|-ability|p2a: landorustherian|Intimidate|boost
|-unboost|p1a: Ferrothorn|atk|1
|turn|1
|
|t:|1667523491
|move|p2a: landorustherian|Earthquake|p1a: Ferrothorn
|-damage|p1a: Ferrothorn|71/100
|move|p1a: Ferrothorn|Leech Seed|p2a: landorustherian
|-start|p2a: landorustherian|move: Leech Seed
|
|-heal|p1a: Ferrothorn|77/100|[from] item: Leftovers
|-damage|p2a: landorustherian|88/100|[from] Leech Seed|[of] p1a: Ferrothorn
|-heal|p1a: Ferrothorn|90/100|[silent]
|upkeep
|turn|2
|
|t:|1667523494
|switch|p2a: Heatran|Heatran, M|100/100
|-item|p2a: Heatran|Air Balloon
|move|p1a: Ferrothorn|Knock Off|p2a: Heatran
|-damage|p2a: Heatran|87/100
|-enditem|p2a: Heatran|Air Balloon
|
|-heal|p1a: Ferrothorn|96/100|[from] item: Leftovers
|upkeep
|turn|3
|
|t:|1667523496
|switch|p1a: Garchomp|Garchomp, F|100/100
|move|p2a: Heatran|Stealth Rock|p1a: Garchomp
|-sidestart|p1: BillionthLadderAlt|move: Stealth Rock
|
|upkeep
|turn|4
|
|t:|1667523499
|switch|p2a: landorustherian|Landorus-Therian, M|88/100
|-ability|p2a: landorustherian|Intimidate|boost
|-unboost|p1a: Garchomp|atk|1
|move|p1a: Garchomp|Stealth Rock|p2a: landorustherian
|-sidestart|p2: minimax_ai|move: Stealth Rock
|
|-heal|p2a: landorustherian|94/100|[from] item: Leftovers
|upkeep
|turn|5
|
|t:|1667523501
|move|p1a: Garchomp|Toxic|p2a: landorustherian
|-status|p2a: landorustherian|tox
|move|p2a: landorustherian|Earthquake|p1a: Garchomp
|-damage|p1a: Garchomp|68/100
|
|-heal|p2a: landorustherian|99/100 tox|[from] item: Leftovers
|-damage|p2a: landorustherian|94/100 tox|[from] psn
|upkeep
|turn|6
|
|t:|1667523506
|switch|p1a: Zapdos|Zapdos|100/100
|move|p2a: landorustherian|Earthquake|p1a: Zapdos
|-immune|p1a: Zapdos
|
|-heal|p2a: landorustherian|99/100 tox|[from] item: Leftovers
|-damage|p2a: landorustherian|88/100 tox|[from] psn
|upkeep
|turn|7
|
|t:|1667523508
|switch|p1a: Ferrothorn|Ferrothorn, M|96/100
|-damage|p1a: Ferrothorn|90/100|[from] Stealth Rock
|move|p2a: landorustherian|U-turn|p1a: Ferrothorn
|-damage|p1a: Ferrothorn|77/100
|-damage|p2a: landorustherian|76/100 tox|[from] ability: Iron Barbs|[of] p1a: Ferrothorn
|
|t:|1667523508
|switch|p2a: Heatran|Heatran, M|87/100|[from]move: U-turn
|-damage|p2a: Heatran|75/100|[from] Stealth Rock
|
|-heal|p1a: Ferrothorn|83/100|[from] item: Leftovers
|upkeep
|turn|8
|
|t:|1667523511
|switch|p1a: Blissey|Blissey, F|100/100
|move|p2a: Heatran|Magma Storm|p1a: Blissey
|-damage|p1a: Blissey|82/100
|-activate|p1a: Blissey|move: Magma Storm|[of] p2a: Heatran
|
|-damage|p1a: Blissey|69/100|[from] move: Magma Storm|[partiallytrapped]
|upkeep
|turn|9
|
|t:|1667523512
|move|p2a: Heatran|Magma Storm|p1a: Blissey
|-damage|p1a: Blissey|50/100
|move|p1a: Blissey|Seismic Toss|p2a: Heatran
|-damage|p2a: Heatran|44/100
|
|-damage|p1a: Blissey|37/100|[from] move: Magma Storm|[partiallytrapped]
|upkeep
|turn|10
|
|t:|1667523514
|switch|p2a: Melmetal|Melmetal|100/100
|-damage|p2a: Melmetal|94/100|[from] Stealth Rock
|move|p1a: Blissey|Seismic Toss|p2a: Melmetal
|-damage|p2a: Melmetal|72/100
|
|-end|p1a: Blissey|Magma Storm|[partiallytrapped]|[silent]
|upkeep
|turn|11
|
|t:|1667523516
|switch|p1a: Zapdos|Zapdos|100/100
|move|p2a: Melmetal|Ice Punch|p1a: Zapdos
|-supereffective|p1a: Zapdos
|-damage|p1a: Zapdos|54/100
|-status|p2a: Melmetal|par|[from] ability: Static|[of] p1a: Zapdos
|
|upkeep
|turn|12
|
|t:|1667523518
|move|p1a: Zapdos|Roost|p1a: Zapdos
|-heal|p1a: Zapdos|100/100
|-singleturn|p1a: Zapdos|move: Roost
|move|p2a: Melmetal|Thunder Punch|p1a: Zapdos
|-resisted|p1a: Zapdos
|-damage|p1a: Zapdos|87/100
|
|upkeep
|turn|13
|
|t:|1667523520
|move|p1a: Zapdos|Heat Wave|p2a: Melmetal
|-supereffective|p2a: Melmetal
|-damage|p2a: Melmetal|44/100 par
|move|p2a: Melmetal|Ice Punch|p1a: Zapdos
|-supereffective|p1a: Zapdos
|-damage|p1a: Zapdos|37/100
|
|upkeep
|turn|14
|
|t:|1667523526
|move|p1a: Zapdos|Roost|p1a: Zapdos
|-heal|p1a: Zapdos|87/100
|-singleturn|p1a: Zapdos|move: Roost
|cant|p2a: Melmetal|par
|
|upkeep
|turn|15
|
|t:|1667523531
|move|p1a: Zapdos|Heat Wave|p2a: Melmetal
|-supereffective|p2a: Melmetal
|-damage|p2a: Melmetal|15/100 par
|move|p2a: Melmetal|Ice Punch|p1a: Zapdos
|-supereffective|p1a: Zapdos
|-damage|p1a: Zapdos|43/100
|
|upkeep
|turn|16
|
|t:|1667523537
|move|p1a: Zapdos|Roost|p1a: Zapdos
|-heal|p1a: Zapdos|93/100
|-singleturn|p1a: Zapdos|move: Roost
|move|p2a: Melmetal|Ice Punch|p1a: Zapdos
|-damage|p1a: Zapdos|68/100
|
|upkeep
|turn|17
|
|t:|1667523542
|switch|p2a: rotomwash|Rotom-Wash|100/100
|-damage|p2a: rotomwash|88/100|[from] Stealth Rock
|move|p1a: Zapdos|Heat Wave|p2a: rotomwash
|-resisted|p2a: rotomwash
|-damage|p2a: rotomwash|75/100
|-status|p2a: rotomwash|brn
|
|-heal|p2a: rotomwash|81/100 brn|[from] item: Leftovers
|-damage|p2a: rotomwash|75/100 brn|[from] brn
|upkeep
|turn|18
|
|t:|1667523546
|move|p2a: rotomwash|Thunderbolt|p1a: Zapdos
|-damage|p1a: Zapdos|34/100
|move|p1a: Zapdos|Roost|p1a: Zapdos
|-heal|p1a: Zapdos|85/100
|-singleturn|p1a: Zapdos|move: Roost
|
|-heal|p2a: rotomwash|81/100 brn|[from] item: Leftovers
|-damage|p2a: rotomwash|75/100 brn|[from] brn
|upkeep
|turn|19
|
|t:|1667523549
|move|p2a: rotomwash|Thunderbolt|p1a: Zapdos
|-damage|p1a: Zapdos|49/100
|move|p1a: Zapdos|Defog|p2a: rotomwash
|-unboost|p2a: rotomwash|evasion|1
|-sideend|p2: minimax_ai|Stealth Rock|[from] move: Defog|[of] p1a: Zapdos
|-sideend|p1: BillionthLadderAlt|Stealth Rock|[from] move: Defog|[of] p1a: Zapdos
|
|-heal|p2a: rotomwash|81/100 brn|[from] item: Leftovers
|-damage|p2a: rotomwash|75/100 brn|[from] brn
|upkeep
|turn|20
|
|t:|1667523551
|move|p2a: rotomwash|Thunderbolt|p1a: Zapdos
|-damage|p1a: Zapdos|12/100
|move|p1a: Zapdos|Roost|p1a: Zapdos
|-heal|p1a: Zapdos|62/100
|-singleturn|p1a: Zapdos|move: Roost
|
|-heal|p2a: rotomwash|81/100 brn|[from] item: Leftovers
|-damage|p2a: rotomwash|75/100 brn|[from] brn
|upkeep
|turn|21
|
|t:|1667523552
|move|p2a: rotomwash|Thunderbolt|p1a: Zapdos
|-damage|p1a: Zapdos|30/100
|move|p1a: Zapdos|Roost|p1a: Zapdos
|-heal|p1a: Zapdos|80/100
|-singleturn|p1a: Zapdos|move: Roost
|
|-heal|p2a: rotomwash|81/100 brn|[from] item: Leftovers
|-damage|p2a: rotomwash|75/100 brn|[from] brn
|upkeep
|turn|22
|
|t:|1667523554
|move|p2a: rotomwash|Pain Split|p1a: Zapdos
|-sethp|p1a: Zapdos|69/100|[from] move: Pain Split|[silent]
|-sethp|p2a: rotomwash|87/100 brn|[from] move: Pain Split
|move|p1a: Zapdos|Roost|p1a: Zapdos
|-heal|p1a: Zapdos|100/100
|-singleturn|p1a: Zapdos|move: Roost
|
|-heal|p2a: rotomwash|94/100 brn|[from] item: Leftovers
|-damage|p2a: rotomwash|87/100 brn|[from] brn
|upkeep
|turn|23
|
|t:|1667523557
|move|p2a: rotomwash|Thunderbolt|p1a: Zapdos
|-damage|p1a: Zapdos|66/100
|move|p1a: Zapdos|Volt Switch|p2a: rotomwash
|-damage|p2a: rotomwash|59/100 brn
|
|t:|1667523562
|switch|p1a: Blissey|Blissey, F|37/100|[from]move: Volt Switch
|
|-heal|p2a: rotomwash|65/100 brn|[from] item: Leftovers
|-damage|p2a: rotomwash|59/100 brn|[from] brn
|upkeep
|turn|24
|
|t:|1667523562
|switch|p2a: Weavile|Weavile, M|100/100
|-ability|p2a: Weavile|Pressure
|move|p1a: Blissey|Soft-Boiled|p1a: Blissey
|-heal|p1a: Blissey|87/100
|
|upkeep
|turn|25
|j| CanUrepeat
|
|t:|1667523564
|switch|p1a: Ferrothorn|Ferrothorn, M|83/100
|move|p2a: Weavile|Knock Off|p1a: Ferrothorn
|-damage|p1a: Ferrothorn|38/100
|-damage|p2a: Weavile|88/100|[from] ability: Iron Barbs|[of] p1a: Ferrothorn
|-enditem|p1a: Ferrothorn|Leftovers|[from] move: Knock Off|[of] p2a: Weavile
|
|upkeep
|turn|26
|
|t:|1667523566
|switch|p2a: Heatran|Heatran, M|44/100
|move|p1a: Ferrothorn|Gyro Ball|p2a: Heatran
|-resisted|p2a: Heatran
|-damage|p2a: Heatran|32/100
|
|upkeep
|turn|27
|
|t:|1667523568
|switch|p1a: Garchomp|Garchomp, F|68/100
|move|p2a: Heatran|Magma Storm|p1a: Garchomp
|-resisted|p1a: Garchomp
|-damage|p1a: Garchomp|41/100
|-activate|p1a: Garchomp|move: Magma Storm|[of] p2a: Heatran
|
|-damage|p1a: Garchomp|29/100|[from] move: Magma Storm|[partiallytrapped]
|upkeep
|turn|28
|
|t:|1667523570
|move|p2a: Heatran|Earth Power|p1a: Garchomp
|-damage|p1a: Garchomp|1/100
|move|p1a: Garchomp|Stealth Rock|p2a: Heatran
|-sidestart|p2: minimax_ai|move: Stealth Rock
|
|-damage|p1a: Garchomp|0 fnt|[from] move: Magma Storm|[partiallytrapped]
|faint|p1a: Garchomp
|upkeep
|
|t:|1667523574
|switch|p1a: Blissey|Blissey, F|87/100
|turn|29
|
|t:|1667523574
|move|p2a: Heatran|Stealth Rock|p1a: Blissey
|-sidestart|p1: BillionthLadderAlt|move: Stealth Rock
|move|p1a: Blissey|Seismic Toss|p2a: Heatran
|-damage|p2a: Heatran|1/100
|
|upkeep
|turn|30
|
|t:|1667523576
|move|p2a: Heatran|Magma Storm|p1a: Blissey
|-damage|p1a: Blissey|67/100
|-activate|p1a: Blissey|move: Magma Storm|[of] p2a: Heatran
|move|p1a: Blissey|Seismic Toss|p2a: Heatran
|-damage|p2a: Heatran|0 fnt
|faint|p2a: Heatran
|
|-end|p1a: Blissey|Magma Storm|[partiallytrapped]|[silent]
|upkeep
|
|t:|1667523576
|switch|p2a: Weavile|Weavile, M|88/100
|-damage|p2a: Weavile|63/100|[from] Stealth Rock
|-ability|p2a: Weavile|Pressure
|turn|31
|
|t:|1667523579
|switch|p1a: Ferrothorn|Ferrothorn, M|38/100
|-damage|p1a: Ferrothorn|32/100|[from] Stealth Rock
|move|p2a: Weavile|Knock Off|p1a: Ferrothorn
|-damage|p1a: Ferrothorn|4/100
|-damage|p2a: Weavile|51/100|[from] ability: Iron Barbs|[of] p1a: Ferrothorn
|
|upkeep
|turn|32
|
|t:|1667523581
|move|p2a: Weavile|Knock Off|p1a: Ferrothorn
|-damage|p1a: Ferrothorn|0 fnt
|-damage|p2a: Weavile|38/100|[from] ability: Iron Barbs|[of] p1a: Ferrothorn
|faint|p1a: Ferrothorn
|
|upkeep
|
|t:|1667523583
|switch|p1a: Ninetales|Ninetales-Alola, F|100/100
|-damage|p1a: Ninetales|76/100|[from] Stealth Rock
|-weather|Hail|[from] ability: Snow Warning|[of] p1a: Ninetales
|turn|33
|
|t:|1667523584
|move|p2a: Weavile|Knock Off|p1a: Ninetales
|-resisted|p1a: Ninetales
|-damage|p1a: Ninetales|25/100
|-enditem|p1a: Ninetales|Icy Rock|[from] move: Knock Off|[of] p2a: Weavile
|move|p1a: Ninetales|Moonblast|p2a: Weavile
|-supereffective|p2a: Weavile
|-damage|p2a: Weavile|0 fnt
|faint|p2a: Weavile
|
|-weather|Hail|[upkeep]
|upkeep
|
|t:|1667523584
|switch|p2a: landorustherian|Landorus-Therian, M|76/100 tox
|-damage|p2a: landorustherian|63/100 tox|[from] Stealth Rock
|-ability|p2a: landorustherian|Intimidate|boost
|-unboost|p1a: Ninetales|atk|1
|turn|34
|
|t:|1667523586
|move|p1a: Ninetales|Blizzard|p2a: landorustherian
|-supereffective|p2a: landorustherian
|-damage|p2a: landorustherian|0 fnt
|faint|p2a: landorustherian
|
|-weather|Hail|[upkeep]
|upkeep
|
|t:|1667523586
|switch|p2a: Melmetal|Melmetal|15/100 par
|-damage|p2a: Melmetal|9/100 par|[from] Stealth Rock
|turn|35
|
|t:|1667523588
|move|p1a: Ninetales|Blizzard|p2a: Melmetal
|-resisted|p2a: Melmetal
|-damage|p2a: Melmetal|0 fnt
|faint|p2a: Melmetal
|
|-weather|Hail|[upkeep]
|upkeep
|
|t:|1667523588
|switch|p2a: rotomwash|Rotom-Wash|59/100 brn
|-damage|p2a: rotomwash|46/100 brn|[from] Stealth Rock
|turn|36
|
|t:|1667523591
|move|p1a: Ninetales|Moonblast|p2a: rotomwash
|-damage|p2a: rotomwash|7/100 brn
|move|p2a: rotomwash|Hydro Pump|p1a: Ninetales
|-damage|p1a: Ninetales|0 fnt
|faint|p1a: Ninetales
|
|-weather|Hail|[upkeep]
|-damage|p2a: rotomwash|1/100 brn|[from] Hail
|-heal|p2a: rotomwash|7/100 brn|[from] item: Leftovers
|-damage|p2a: rotomwash|1/100 brn|[from] brn
|upkeep
|
|t:|1667523595
|switch|p1a: Arctozolt|Arctozolt|100/100
|-damage|p1a: Arctozolt|76/100|[from] Stealth Rock
|turn|37
|
|t:|1667523596
|move|p1a: Arctozolt|Bolt Beak|p2a: rotomwash
|-crit|p2a: rotomwash
|-damage|p2a: rotomwash|0 fnt
|faint|p2a: rotomwash
|-damage|p1a: Arctozolt|66/100|[from] item: Life Orb
|
|-weather|Hail|[upkeep]
|upkeep
|
|t:|1667523596
|switch|p2a: Tangrowth|Tangrowth, M|100/100
|-damage|p2a: Tangrowth|88/100|[from] Stealth Rock
|turn|38
|
|t:|1667523598
|move|p1a: Arctozolt|Icicle Crash|p2a: Tangrowth
|-supereffective|p2a: Tangrowth
|-damage|p2a: Tangrowth|37/100
|-damage|p1a: Arctozolt|56/100|[from] item: Life Orb
|cant|p2a: Tangrowth|flinch
|
|-weather|Hail|[upkeep]
|-damage|p2a: Tangrowth|31/100|[from] Hail
|upkeep
|turn|39
|
|t:|1667523600
|move|p1a: Arctozolt|Freeze-Dry|p2a: Tangrowth
|-supereffective|p2a: Tangrowth
|-damage|p2a: Tangrowth|0 fnt
|faint|p2a: Tangrowth
|-damage|p1a: Arctozolt|46/100|[from] item: Life Orb
|
|win|BillionthLadderAlt
|raw|BillionthLadderAlt's rating: 1659 &rarr; <strong>1681</strong><br />(+22 for winning)
|raw|minimax_ai's rating: 1702 &rarr; <strong>1680</strong><br />(-22 for losing)
|c|☆minimax_ai|gg
