|j|☆poop69XD
|j|☆PokeDa
|player|p1|poop69XD|266|1428
|player|p2|PokeDa|wallace|1438
|teamsize|p1|6
|teamsize|p2|6
|gametype|singles
|gen|8
|tier|[Gen 8] OU
|rated|
|clearpoke
|poke|p1|Excadrill, M|
|poke|p1|Conkeldurr, M|
|poke|p1|Rotom-Heat|
|poke|p1|Clefable, M|
|poke|p1|Seismitoad, M|
|poke|p1|Dragapult, F|
|poke|p2|Pelipper, M|
|poke|p2|Dracovish|
|poke|p2|Mantine, M|
|poke|p2|Seismitoad, M|
|poke|p2|Ferrothorn, F|
|poke|p2|Jirachi|
|rule|Sleep Clause Mod: Limit one foe put to sleep
|rule|Species Clause: Limit one of each Pokémon
|rule|OHKO Clause: OHKO moves are banned
|rule|Evasion Moves Clause: Evasion moves are banned
|rule|Endless Battle Clause: Forcing endless battles is banned
|rule|HP Percentage Mod: HP is shown in percentages
|rule|Dynamax Clause: You cannot dynamax
|teampreview
|l|☆PokeDa
|player|p2|
|j|☆PokeDa
|player|p2|PokeDa|wallace
|
|start
|switch|p1a: Dragapult|Dragapult, F|100/100
|switch|p2a: Pelipper|Pelipper, M|100/100
|-weather|RainDance|[from] ability: Drizzle|[of] p2a: Pelipper
|turn|1
|inactive|Battle timer is ON: inactive players will automatically lose when time's up. (requested by PokeDa)
|
|switch|p2a: Ferrothorn|Ferrothorn, F, shiny|100/100
|move|p1a: Dragapult|U-turn|p2a: Ferrothorn
|-damage|p2a: Ferrothorn|90/100
|-damage|p1a: Dragapult|88/100|[from] ability: Iron Barbs|[of] p2a: Ferrothorn
|-damage|p1a: Dragapult|72/100|[from] item: Rocky Helmet|[of] p2a: Ferrothorn
|
|switch|p1a: Conkeldurr|Conkeldurr, M|100/100|[from]move: U-turn
|
|-weather|RainDance|[upkeep]
|-status|p1a: Conkeldurr|brn|[from] item: Flame Orb
|upkeep
|turn|2
|
|switch|p2a: Mantine|Mantine, M|100/100
|move|p1a: Conkeldurr|Drain Punch|p2a: Mantine
|-resisted|p2a: Mantine
|-damage|p2a: Mantine|52/100
|
|-weather|RainDance|[upkeep]
|-damage|p1a: Conkeldurr|94/100 brn|[from] brn
|upkeep
|turn|3
|
|switch|p1a: Rotom|Rotom-Heat|100/100
|move|p2a: Mantine|Surf|p1a: Rotom
|-supereffective|p1a: Rotom
|-damage|p1a: Rotom|0 fnt
|faint|p1a: Rotom
|
|-weather|RainDance|[upkeep]
|upkeep
|
|switch|p1a: Dragapult|Dragapult, F|72/100
|turn|4
|
|switch|p2a: Ferrothorn|Ferrothorn, F, shiny|90/100
|move|p1a: Dragapult|Thunderbolt|p2a: Ferrothorn
|-resisted|p2a: Ferrothorn
|-damage|p2a: Ferrothorn|78/100
|
|-weather|RainDance|[upkeep]
|upkeep
|turn|5
|
|switch|p1a: Conkeldurr|Conkeldurr, M|94/100 brn
|move|p2a: Ferrothorn|Stealth Rock|p1a: Conkeldurr
|-sidestart|p1: poop69XD|move: Stealth Rock
|
|-weather|RainDance|[upkeep]
|-damage|p1a: Conkeldurr|88/100 brn|[from] brn
|upkeep
|turn|6
|inactive|PokeDa has 120 seconds left.
|
|move|p1a: Conkeldurr|Drain Punch|p2a: Ferrothorn
|-supereffective|p2a: Ferrothorn
|-damage|p2a: Ferrothorn|0 fnt
|-heal|p1a: Conkeldurr|100/100 brn|[from] drain|[of] p2a: Ferrothorn
|-damage|p1a: Conkeldurr|88/100 brn|[from] ability: Iron Barbs|[of] p2a: Ferrothorn
|-damage|p1a: Conkeldurr|72/100 brn|[from] item: Rocky Helmet|[of] p2a: Ferrothorn
|faint|p2a: Ferrothorn
|
|-weather|RainDance|[upkeep]
|-damage|p1a: Conkeldurr|65/100 brn|[from] brn
|upkeep
|
|switch|p2a: Mantine|Mantine, M|52/100
|turn|7
|
|switch|p1a: Seismitoad|Seismitoad, M|100/100
|-damage|p1a: Seismitoad|94/100|[from] Stealth Rock
|move|p2a: Mantine|Hurricane|p1a: Seismitoad
|-damage|p1a: Seismitoad|22/100
|
|-weather|RainDance|[upkeep]
|-heal|p1a: Seismitoad|28/100|[from] item: Leftovers
|upkeep
|turn|8
|inactive|PokeDa has 120 seconds left.
|
|switch|p1a: Clefable|Clefable, M|100/100
|move|p2a: Mantine|Hurricane|p1a: Clefable
|-damage|p1a: Clefable|58/100
|-start|p1a: Clefable|confusion
|
|-weather|none
|-heal|p1a: Clefable|64/100|[from] item: Leftovers
|upkeep
|turn|9
|
|switch|p2a: Jirachi|Jirachi, shiny|100/100
|-activate|p1a: Clefable|confusion
|move|p1a: Clefable|Thunder Wave|p2a: Jirachi
|-status|p2a: Jirachi|par
|
|-heal|p1a: Clefable|70/100|[from] item: Leftovers
|upkeep
|turn|10
|inactive|PokeDa has 120 seconds left.
|
|switch|p1a: Conkeldurr|Conkeldurr, M|65/100 brn
|-damage|p1a: Conkeldurr|59/100 brn|[from] Stealth Rock
|move|p2a: Jirachi|Trick|p1a: Conkeldurr
|-activate|p2a: Jirachi|move: Trick|[of] p1a: Conkeldurr
|-item|p1a: Conkeldurr|Choice Scarf|[from] move: Trick
|-item|p2a: Jirachi|Flame Orb|[from] move: Trick
|
|-damage|p1a: Conkeldurr|53/100 brn|[from] brn
|upkeep
|turn|11
|inactive|PokeDa has 120 seconds left.
|
|move|p1a: Conkeldurr|Drain Punch|p2a: Jirachi
|-damage|p2a: Jirachi|27/100 par
|-heal|p1a: Conkeldurr|87/100 brn|[from] drain|[of] p2a: Jirachi
|move|p2a: Jirachi|U-turn|p1a: Conkeldurr
|-resisted|p1a: Conkeldurr
|-damage|p1a: Conkeldurr|76/100 brn
|
|switch|p2a: Pelipper|Pelipper, M|100/100|[from]move: U-turn
|-weather|RainDance|[from] ability: Drizzle|[of] p2a: Pelipper
|
|-weather|RainDance|[upkeep]
|-damage|p1a: Conkeldurr|70/100 brn|[from] brn
|upkeep
|turn|12
|inactive|PokeDa has 120 seconds left.
|
|switch|p1a: Clefable|Clefable, M|70/100
|move|p2a: Pelipper|Scald|p1a: Clefable
|-damage|p1a: Clefable|44/100
|
|-weather|RainDance|[upkeep]
|-heal|p1a: Clefable|50/100|[from] item: Leftovers
|upkeep
|turn|13
|inactive|PokeDa has 120 seconds left.
|
|move|p1a: Clefable|Thunder Wave|p2a: Pelipper|[miss]
|-miss|p1a: Clefable|p2a: Pelipper
|move|p2a: Pelipper|U-turn|p1a: Clefable
|-resisted|p1a: Clefable
|-damage|p1a: Clefable|45/100
|
|switch|p2a: Seismitoad|Seismitoad, M|100/100|[from]move: U-turn
|
|-weather|RainDance|[upkeep]
|-heal|p1a: Clefable|51/100|[from] item: Leftovers
|upkeep
|turn|14
|
|switch|p1a: Seismitoad|Seismitoad, M|28/100
|-damage|p1a: Seismitoad|22/100|[from] Stealth Rock
|move|p2a: Seismitoad|Liquidation|p1a: Seismitoad
|-heal|p1a: Seismitoad|47/100|[from] ability: Water Absorb|[of] p2a: Seismitoad
|
|-weather|RainDance|[upkeep]
|-heal|p1a: Seismitoad|53/100|[from] item: Leftovers
|upkeep
|turn|15
|
|switch|p1a: Clefable|Clefable, M|51/100
|move|p2a: Seismitoad|Power Whip|p1a: Clefable
|-damage|p1a: Clefable|0 fnt
|-damage|p2a: Seismitoad|91/100|[from] item: Life Orb
|faint|p1a: Clefable
|
|-weather|RainDance|[upkeep]
|upkeep
|
|switch|p1a: Dragapult|Dragapult, F|72/100
|-damage|p1a: Dragapult|59/100|[from] Stealth Rock
|turn|16
|
|switch|p2a: Jirachi|Jirachi, shiny|27/100 par
|move|p1a: Dragapult|Draco Meteor|p2a: Jirachi
|-resisted|p2a: Jirachi
|-damage|p2a: Jirachi|0 fnt
|-unboost|p1a: Dragapult|spa|2
|faint|p2a: Jirachi
|
|-weather|RainDance|[upkeep]
|upkeep
|
|switch|p2a: Mantine|Mantine, M|52/100
|turn|17
|
|switch|p1a: Excadrill|Excadrill, M|100/100
|-damage|p1a: Excadrill|97/100|[from] Stealth Rock
|-ability|p1a: Excadrill|Mold Breaker
|move|p2a: Mantine|Hurricane|p1a: Excadrill
|-resisted|p1a: Excadrill
|-damage|p1a: Excadrill|55/100
|
|-weather|RainDance|[upkeep]
|-heal|p1a: Excadrill|61/100|[from] item: Leftovers
|upkeep
|turn|18
|inactive|PokeDa has 120 seconds left.
|
|switch|p1a: Seismitoad|Seismitoad, M|53/100
|-damage|p1a: Seismitoad|47/100|[from] Stealth Rock
|move|p2a: Mantine|Hurricane|p1a: Seismitoad
|-damage|p1a: Seismitoad|0 fnt
|faint|p1a: Seismitoad
|
|-weather|none
|upkeep
|
|switch|p1a: Dragapult|Dragapult, F|59/100
|-damage|p1a: Dragapult|47/100|[from] Stealth Rock
|turn|19
|inactive|PokeDa has 120 seconds left.
|
|switch|p2a: Pelipper|Pelipper, M|100/100
|-weather|RainDance|[from] ability: Drizzle|[of] p2a: Pelipper
|move|p1a: Dragapult|U-turn|p2a: Pelipper
|-resisted|p2a: Pelipper
|-damage|p2a: Pelipper|93/100
|
|switch|p1a: Excadrill|Excadrill, M|61/100|[from]move: U-turn
|-damage|p1a: Excadrill|58/100|[from] Stealth Rock
|-ability|p1a: Excadrill|Mold Breaker
|
|-weather|RainDance|[upkeep]
|-heal|p1a: Excadrill|64/100|[from] item: Leftovers
|upkeep
|turn|20
|
|move|p1a: Excadrill|Iron Head|p2a: Pelipper
|-resisted|p2a: Pelipper
|-damage|p2a: Pelipper|71/100
|move|p2a: Pelipper|Scald|p1a: Excadrill
|-supereffective|p1a: Excadrill
|-damage|p1a: Excadrill|0 fnt
|faint|p1a: Excadrill
|
|-weather|RainDance|[upkeep]
|upkeep
|
|switch|p1a: Dragapult|Dragapult, F|47/100
|-damage|p1a: Dragapult|35/100|[from] Stealth Rock
|turn|21
|
|move|p1a: Dragapult|Thunderbolt|p2a: Pelipper
|-supereffective|p2a: Pelipper
|-damage|p2a: Pelipper|0 fnt
|faint|p2a: Pelipper
|
|-weather|RainDance|[upkeep]
|upkeep
|
|switch|p2a: Dracovish|Dracovish, shiny|100/100
|turn|22
|
|move|p1a: Dragapult|Thunderbolt|p2a: Dracovish
|-damage|p2a: Dracovish|66/100
|move|p2a: Dracovish|Fishious Rend|p1a: Dragapult
|-resisted|p1a: Dragapult
|-damage|p1a: Dragapult|0 fnt
|faint|p1a: Dragapult
|
|-weather|RainDance|[upkeep]
|upkeep
|
|switch|p1a: Conkeldurr|Conkeldurr, M|70/100 brn
|-damage|p1a: Conkeldurr|64/100 brn|[from] Stealth Rock
|turn|23
|
|move|p2a: Dracovish|Fishious Rend|p1a: Conkeldurr
|-damage|p1a: Conkeldurr|0 fnt
|faint|p1a: Conkeldurr
|
|win|PokeDa
|l|☆poop69XD
|raw|poop69XD's rating: 1428 &rarr; <strong>1409</strong><br />(-19 for losing)
|raw|PokeDa's rating: 1436 &rarr; <strong>1456</strong><br />(+20 for winning)
