|j|☆test test 74
|j|☆Foolish Players
|t:|1597806424
|player|p1|test test 74|veteran|1131
|player|p2|Foolish Players|blaine-gen2|1096
|teamsize|p1|6
|teamsize|p2|6
|gametype|singles
|gen|8
|tier|[Gen 8] OU
|rated|
|clearpoke
|poke|p1|Urshifu-*, M|
|poke|p1|Dragapult, M|
|poke|p1|Magnezone|
|poke|p1|Togekiss, F|
|poke|p1|Seismitoad, M|
|poke|p1|Terrakion|
|poke|p2|Magnezone|
|poke|p2|Urshifu-*, F|
|poke|p2|Blissey, F|
|poke|p2|Toxapex, F|
|poke|p2|Togekiss, M|
|poke|p2|Rillaboom, F|
|rule|Sleep Clause Mod: Limit one foe put to sleep
|rule|Species Clause: Limit one of each Pokémon
|rule|OHKO Clause: OHKO moves are banned
|rule|Evasion Moves Clause: Evasion moves are banned
|rule|Endless Battle Clause: Forcing endless battles is banned
|rule|HP Percentage Mod: HP is shown in percentages
|rule|Dynamax Clause: You cannot dynamax
|teampreview
|inactive|Battle timer is ON: inactive players will automatically lose when time's up. (requested by test test 74)
|
|t:|1597806450
|start
|switch|p1a: Dragapult|Dragapult, M, shiny|100/100
|switch|p2a: Rillaboom|Rillaboom, F|100/100
|-fieldstart|move: Grassy Terrain|[from] ability: Grassy Surge|[of] p2a: Rillaboom
|turn|1
|
|t:|1597806458
|move|p2a: Rillaboom|Knock Off|p1a: Dragapult
|-supereffective|p1a: Dragapult
|-damage|p1a: Dragapult|12/100
|-enditem|p1a: Dragapult|Leftovers|[from] move: Knock Off|[of] p2a: Rillaboom
|move|p1a: Dragapult|Substitute|p1a: Dragapult
|-fail|p1a: Dragapult|move: Substitute|[weak]
|
|-heal|p1a: Dragapult|18/100|[from] Grassy Terrain
|upkeep
|turn|2
|
|t:|1597806487
|switch|p2a: Toxapex|Toxapex, F|100/100
|switch|p1a: Seismitoad|Seismitoad, M, shiny|100/100
|
|upkeep
|turn|3
|
|t:|1597806498
|switch|p2a: Rillaboom|Rillaboom, F|100/100
|move|p1a: Seismitoad|Stealth Rock|p2a: Rillaboom
|-sidestart|p2: Foolish Players|move: Stealth Rock
|
|upkeep
|turn|4
|
|t:|1597806505
|switch|p1a: Togekiss|Togekiss, F, shiny|100/100
|move|p2a: Rillaboom|Wood Hammer|p1a: Togekiss
|-resisted|p1a: Togekiss
|-damage|p1a: Togekiss|73/100
|-damage|p2a: Rillaboom|91/100|[from] Recoil
|
|-heal|p2a: Rillaboom|97/100|[from] Grassy Terrain
|upkeep
|turn|5
|
|t:|1597806517
|switch|p2a: Blissey|Blissey, F|100/100
|move|p1a: Togekiss|Roost|p1a: Togekiss
|-heal|p1a: Togekiss|100/100
|-singleturn|p1a: Togekiss|move: Roost
|
|-fieldend|move: Grassy Terrain
|upkeep
|turn|6
|
|t:|1597806526
|switch|p1a: Dragapult|Dragapult, M, shiny|18/100
|move|p2a: Blissey|Toxic|p1a: Dragapult
|-status|p1a: Dragapult|tox
|
|-damage|p1a: Dragapult|12/100 tox|[from] psn
|upkeep
|turn|7
|
|t:|1597806530
|move|p1a: Dragapult|Thunder Wave|p2a: Blissey
|-status|p2a: Blissey|par
|move|p2a: Blissey|Stealth Rock|p1a: Dragapult
|-sidestart|p1: test test 74|move: Stealth Rock
|
|-damage|p1a: Dragapult|0 fnt|[from] psn
|faint|p1a: Dragapult
|upkeep
|
|t:|1597806541
|switch|p1a: Terrakion|Terrakion, shiny|100/100
|-damage|p1a: Terrakion|94/100|[from] Stealth Rock
|turn|8
|
|t:|1597806553
|switch|p2a: Toxapex|Toxapex, F|100/100
|-damage|p2a: Toxapex|88/100|[from] Stealth Rock
|move|p1a: Terrakion|Close Combat|p2a: Toxapex
|-resisted|p2a: Toxapex
|-crit|p2a: Toxapex
|-damage|p2a: Toxapex|53/100
|-unboost|p1a: Terrakion|def|1
|-unboost|p1a: Terrakion|spd|1
|-damage|p1a: Terrakion|84/100|[from] item: Life Orb
|
|-heal|p2a: Toxapex|60/100|[from] item: Black Sludge
|upkeep
|turn|9
|
|t:|1597806567
|switch|p1a: Magnezone|Magnezone, shiny|100/100
|-damage|p1a: Magnezone|95/100|[from] Stealth Rock
|move|p2a: Toxapex|Recover|p2a: Toxapex
|-heal|p2a: Toxapex|100/100
|
|-heal|p1a: Magnezone|100/100|[from] item: Leftovers
|upkeep
|turn|10
|
|t:|1597806583
|switch|p2a: Magnezone|Magnezone|100/100
|-damage|p2a: Magnezone|94/100|[from] Stealth Rock
|move|p1a: Magnezone|Iron Defense|p1a: Magnezone
|-boost|p1a: Magnezone|def|2
|
|upkeep
|turn|11
|
|t:|1597806588
|move|p2a: Magnezone|Thunderbolt|p1a: Magnezone
|-resisted|p1a: Magnezone
|-damage|p1a: Magnezone|64/100
|move|p1a: Magnezone|Iron Defense|p1a: Magnezone
|-boost|p1a: Magnezone|def|2
|
|-heal|p1a: Magnezone|70/100|[from] item: Leftovers
|upkeep
|turn|12
|
|t:|1597806591
|move|p2a: Magnezone|Thunderbolt|p1a: Magnezone
|-resisted|p1a: Magnezone
|-damage|p1a: Magnezone|34/100
|move|p1a: Magnezone|Body Press|p2a: Magnezone
|-supereffective|p2a: Magnezone
|-damage|p2a: Magnezone|0 fnt
|faint|p2a: Magnezone
|
|-heal|p1a: Magnezone|40/100|[from] item: Leftovers
|upkeep
|inactive|Foolish Players has 120 seconds left.
|
|t:|1597806649
|switch|p2a: Urshifu|Urshifu, F|100/100
|-damage|p2a: Urshifu|94/100|[from] Stealth Rock
|turn|13
|
|t:|1597806656
|switch|p1a: Seismitoad|Seismitoad, M, shiny|100/100
|-damage|p1a: Seismitoad|94/100|[from] Stealth Rock
|move|p2a: Urshifu|Wicked Blow|p1a: Seismitoad
|-crit|p1a: Seismitoad
|-damage|p1a: Seismitoad|35/100
|-damage|p2a: Urshifu|78/100|[from] item: Rocky Helmet|[of] p1a: Seismitoad
|
|upkeep
|turn|14
|
|t:|1597806666
|move|p2a: Urshifu|Wicked Blow|p1a: Seismitoad
|-crit|p1a: Seismitoad
|-damage|p1a: Seismitoad|0 fnt
|-damage|p2a: Urshifu|61/100|[from] item: Rocky Helmet|[of] p1a: Seismitoad
|faint|p1a: Seismitoad
|
|upkeep
|
|t:|1597806671
|switch|p1a: Togekiss|Togekiss, F, shiny|100/100
|turn|15
|
|t:|1597806679
|switch|p2a: Blissey|Blissey, F|100/100
|switch|p1a: Terrakion|Terrakion, shiny|84/100
|-damage|p1a: Terrakion|78/100|[from] Stealth Rock
|
|upkeep
|turn|16
|inactive|Foolish Players has 120 seconds left.
|
|t:|1597806700
|switch|p2a: Toxapex|Toxapex, F|100/100
|-damage|p2a: Toxapex|88/100|[from] Stealth Rock
|move|p1a: Terrakion|Close Combat|p2a: Toxapex
|-resisted|p2a: Toxapex
|-damage|p2a: Toxapex|65/100
|-unboost|p1a: Terrakion|def|1
|-unboost|p1a: Terrakion|spd|1
|-damage|p1a: Terrakion|68/100|[from] item: Life Orb
|
|-heal|p2a: Toxapex|71/100|[from] item: Black Sludge
|upkeep
|turn|17
|
|t:|1597806706
|move|p1a: Terrakion|Earthquake|p2a: Toxapex
|-supereffective|p2a: Toxapex
|-damage|p2a: Toxapex|14/100
|-damage|p1a: Terrakion|58/100|[from] item: Life Orb
|move|p2a: Toxapex|Scald|p1a: Terrakion
|-supereffective|p1a: Terrakion
|-damage|p1a: Terrakion|2/100
|
|-heal|p2a: Toxapex|20/100|[from] item: Black Sludge
|upkeep
|turn|18
|inactive|Foolish Players has 120 seconds left.
|
|t:|1597806728
|move|p1a: Terrakion|Stone Edge|p2a: Toxapex
|-damage|p2a: Toxapex|0 fnt
|-damage|p1a: Terrakion|0 fnt|[from] item: Life Orb
|faint|p2a: Toxapex
|faint|p1a: Terrakion
|
|upkeep
|
|t:|1597806746
|switch|p1a: Togekiss|Togekiss, F, shiny|100/100
|switch|p2a: Togekiss|Togekiss, M|100/100
|turn|19
|
|t:|1597806751
|move|p1a: Togekiss|Thunder Wave|p2a: Togekiss
|-status|p2a: Togekiss|par
|move|p2a: Togekiss|Thunder Wave|p1a: Togekiss
|-status|p1a: Togekiss|par
|
|upkeep
|turn|20
|inactive|Foolish Players has 120 seconds left.
|
|t:|1597806758
|move|p1a: Togekiss|Air Slash|p2a: Togekiss
|-damage|p2a: Togekiss|78/100 par
|move|p2a: Togekiss|Air Slash|p1a: Togekiss
|-damage|p1a: Togekiss|73/100 par
|
|upkeep
|turn|21
|inactive|Foolish Players has 120 seconds left.
|
|t:|1597806774
|move|p1a: Togekiss|Air Slash|p2a: Togekiss
|-damage|p2a: Togekiss|54/100 par
|cant|p2a: Togekiss|flinch
|
|upkeep
|turn|22
|
|t:|1597806783
|switch|p1a: Magnezone|Magnezone, shiny|40/100
|-damage|p1a: Magnezone|34/100|[from] Stealth Rock
|move|p2a: Togekiss|Roost|p2a: Togekiss
|-heal|p2a: Togekiss|100/100 par
|-singleturn|p2a: Togekiss|move: Roost
|
|-heal|p1a: Magnezone|40/100|[from] item: Leftovers
|upkeep
|turn|23
|
|t:|1597806796
|switch|p2a: Blissey|Blissey, F|100/100
|move|p1a: Magnezone|Flash Cannon|p2a: Blissey
|-damage|p2a: Blissey|88/100
|-unboost|p2a: Blissey|spd|1
|
|-heal|p1a: Magnezone|46/100|[from] item: Leftovers
|upkeep
|turn|24
|
|t:|1597806803
|move|p1a: Magnezone|Flash Cannon|p2a: Blissey
|-damage|p2a: Blissey|70/100
|move|p2a: Blissey|Teleport|p2a: Blissey
|
|t:|1597806806
|switch|p2a: Urshifu|Urshifu, F|61/100|[from]move: Teleport
|-damage|p2a: Urshifu|55/100|[from] Stealth Rock
|
|-heal|p1a: Magnezone|52/100|[from] item: Leftovers
|upkeep
|turn|25
|
|t:|1597806830
|switch|p1a: Togekiss|Togekiss, F, shiny|73/100 par
|move|p2a: Urshifu|Wicked Blow|p1a: Togekiss
|-resisted|p1a: Togekiss
|-crit|p1a: Togekiss
|-damage|p1a: Togekiss|44/100 par
|
|upkeep
|turn|26
|
|t:|1597806855
|switch|p2a: Blissey|Blissey, F|70/100
|move|p1a: Togekiss|Roost|p1a: Togekiss
|-heal|p1a: Togekiss|94/100 par
|-singleturn|p1a: Togekiss|move: Roost
|
|upkeep
|turn|27
|
|t:|1597806863
|move|p2a: Blissey|Toxic||[still]
|-fail|p2a: Blissey
|cant|p1a: Togekiss|par
|
|upkeep
|turn|28
|
|t:|1597806870
|switch|p1a: Magnezone|Magnezone, shiny|52/100
|-damage|p1a: Magnezone|46/100|[from] Stealth Rock
|move|p2a: Blissey|Toxic|p1a: Magnezone
|-immune|p1a: Magnezone
|
|-heal|p1a: Magnezone|52/100|[from] item: Leftovers
|upkeep
|turn|29
|
|t:|1597806881
|move|p1a: Magnezone|Body Press|p2a: Blissey
|-supereffective|p2a: Blissey
|-damage|p2a: Blissey|32/100
|move|p2a: Blissey|Teleport|p2a: Blissey
|
|t:|1597806892
|switch|p2a: Urshifu|Urshifu, F|55/100|[from]move: Teleport
|-damage|p2a: Urshifu|49/100|[from] Stealth Rock
|
|-heal|p1a: Magnezone|58/100|[from] item: Leftovers
|upkeep
|turn|30
|
|t:|1597806899
|switch|p1a: Togekiss|Togekiss, F, shiny|94/100 par
|move|p2a: Urshifu|Close Combat|p1a: Togekiss
|-resisted|p1a: Togekiss
|-damage|p1a: Togekiss|83/100 par
|-unboost|p2a: Urshifu|def|1
|-unboost|p2a: Urshifu|spd|1
|
|upkeep
|turn|31
|
|t:|1597806911
|switch|p2a: Blissey|Blissey, F|32/100
|move|p1a: Togekiss|Air Slash|p2a: Blissey
|-crit|p2a: Blissey
|-damage|p2a: Blissey|16/100
|
|upkeep
|turn|32
|
|t:|1597806917
|move|p2a: Blissey|Soft-Boiled|p2a: Blissey
|-heal|p2a: Blissey|66/100
|move|p1a: Togekiss|Air Slash|p2a: Blissey
|-damage|p2a: Blissey|56/100
|
|upkeep
|turn|33
|
|t:|1597806923
|switch|p1a: Magnezone|Magnezone, shiny|58/100
|-damage|p1a: Magnezone|52/100|[from] Stealth Rock
|move|p2a: Blissey|Teleport|p2a: Blissey
|
|t:|1597806929
|switch|p2a: Rillaboom|Rillaboom, F|97/100|[from]move: Teleport
|-damage|p2a: Rillaboom|85/100|[from] Stealth Rock
|-fieldstart|move: Grassy Terrain|[from] ability: Grassy Surge|[of] p2a: Rillaboom
|
|-heal|p2a: Rillaboom|91/100|[from] Grassy Terrain
|-heal|p1a: Magnezone|58/100|[from] item: Leftovers
|-heal|p1a: Magnezone|64/100|[from] Grassy Terrain
|upkeep
|turn|34
|
|t:|1597806940
|move|p2a: Rillaboom|Knock Off|p1a: Magnezone
|-damage|p1a: Magnezone|34/100
|-enditem|p1a: Magnezone|Leftovers|[from] move: Knock Off|[of] p2a: Rillaboom
|move|p1a: Magnezone|Iron Defense|p1a: Magnezone
|-boost|p1a: Magnezone|def|2
|
|-heal|p2a: Rillaboom|97/100|[from] Grassy Terrain
|-heal|p1a: Magnezone|40/100|[from] Grassy Terrain
|upkeep
|turn|35
|
|t:|1597806951
|switch|p2a: Togekiss|Togekiss, M|100/100 par
|move|p1a: Magnezone|Body Press|p2a: Togekiss
|-resisted|p2a: Togekiss
|-damage|p2a: Togekiss|92/100 par
|
|-heal|p1a: Magnezone|46/100|[from] Grassy Terrain
|upkeep
|turn|36
|
|t:|1597806955
|switch|p2a: Rillaboom|Rillaboom, F|97/100
|-damage|p2a: Rillaboom|85/100|[from] Stealth Rock
|move|p1a: Magnezone|Flash Cannon|p2a: Rillaboom
|-damage|p2a: Rillaboom|36/100
|
|-heal|p2a: Rillaboom|42/100|[from] Grassy Terrain
|-heal|p1a: Magnezone|52/100|[from] Grassy Terrain
|upkeep
|turn|37
|
|t:|1597806968
|move|p2a: Rillaboom|High Horsepower|p1a: Magnezone
|-supereffective|p1a: Magnezone
|-damage|p1a: Magnezone|0 fnt
|faint|p1a: Magnezone
|
|-heal|p2a: Rillaboom|49/100|[from] Grassy Terrain
|-fieldend|move: Grassy Terrain
|upkeep
|
|t:|1597806972
|switch|p1a: Togekiss|Togekiss, F, shiny|83/100 par
|turn|38
|
|t:|1597806977
|switch|p2a: Blissey|Blissey, F|56/100
|switch|p1a: Urshifu|Urshifu, M, shiny|100/100
|-damage|p1a: Urshifu|94/100|[from] Stealth Rock
|
|upkeep
|turn|39
|
|t:|1597806988
|switch|p2a: Rillaboom|Rillaboom, F|49/100
|-damage|p2a: Rillaboom|36/100|[from] Stealth Rock
|-fieldstart|move: Grassy Terrain|[from] ability: Grassy Surge|[of] p2a: Rillaboom
|move|p1a: Urshifu|Close Combat|p2a: Rillaboom
|-damage|p2a: Rillaboom|0 fnt
|-unboost|p1a: Urshifu|def|1
|-unboost|p1a: Urshifu|spd|1
|faint|p2a: Rillaboom
|
|-heal|p1a: Urshifu|100/100|[from] Grassy Terrain
|upkeep
|
|t:|1597806991
|switch|p2a: Togekiss|Togekiss, M|92/100 par
|turn|40
|
|t:|1597806995
|switch|p1a: Togekiss|Togekiss, F, shiny|83/100 par
|cant|p2a: Togekiss|par
|
|upkeep
|turn|41
|
|t:|1597807000
|move|p1a: Togekiss|Air Slash|p2a: Togekiss
|-damage|p2a: Togekiss|67/100 par
|move|p2a: Togekiss|Air Slash|p1a: Togekiss
|-damage|p1a: Togekiss|59/100 par
|
|upkeep
|turn|42
|
|t:|1597807005
|switch|p2a: Blissey|Blissey, F|56/100
|move|p1a: Togekiss|Air Slash|p2a: Blissey
|-damage|p2a: Blissey|45/100
|
|-heal|p2a: Blissey|51/100|[from] Grassy Terrain
|upkeep
|turn|43
|
|t:|1597807010
|switch|p1a: Urshifu|Urshifu, M, shiny|100/100
|-damage|p1a: Urshifu|94/100|[from] Stealth Rock
|move|p2a: Blissey|Teleport|p2a: Blissey
|
|t:|1597807013
|switch|p2a: Togekiss|Togekiss, M|67/100 par|[from]move: Teleport
|
|-heal|p1a: Urshifu|100/100|[from] Grassy Terrain
|-fieldend|move: Grassy Terrain
|upkeep
|turn|44
|
|t:|1597807019
|switch|p1a: Togekiss|Togekiss, F, shiny|59/100 par
|move|p2a: Togekiss|Roost|p2a: Togekiss
|-heal|p2a: Togekiss|100/100 par
|-singleturn|p2a: Togekiss|move: Roost
|
|upkeep
|turn|45
|
|t:|1597807024
|switch|p2a: Blissey|Blissey, F|51/100
|cant|p1a: Togekiss|par
|
|upkeep
|turn|46
|
|t:|1597807030
|switch|p2a: Urshifu|Urshifu, F|49/100
|-damage|p2a: Urshifu|43/100|[from] Stealth Rock
|move|p1a: Togekiss|Roost|p1a: Togekiss
|-heal|p1a: Togekiss|100/100 par
|-singleturn|p1a: Togekiss|move: Roost
|
|upkeep
|turn|47
|
|t:|1597807037
|switch|p2a: Blissey|Blissey, F|51/100
|move|p1a: Togekiss|Thunder Wave|p2a: Blissey
|-status|p2a: Blissey|par
|
|upkeep
|turn|48
|
|t:|1597807043
|move|p1a: Togekiss|Air Slash|p2a: Blissey
|-damage|p2a: Blissey|40/100 par
|cant|p2a: Blissey|flinch
|
|upkeep
|turn|49
|
|t:|1597807048
|-curestatus|p2a: Blissey|par|[from] ability: Natural Cure
|switch|p2a: Togekiss|Togekiss, M|100/100 par
|cant|p1a: Togekiss|par
|
|upkeep
|turn|50
|
|t:|1597807054
|cant|p1a: Togekiss|par
|move|p2a: Togekiss|Air Slash|p1a: Togekiss
|-damage|p1a: Togekiss|76/100 par
|
|upkeep
|turn|51
|
|t:|1597807058
|switch|p2a: Blissey|Blissey, F|40/100
|move|p1a: Togekiss|Air Slash|p2a: Blissey
|-damage|p2a: Blissey|30/100
|
|upkeep
|turn|52
|
|t:|1597807063
|move|p2a: Blissey|Soft-Boiled|p2a: Blissey
|-heal|p2a: Blissey|80/100
|move|p1a: Togekiss|Thunder Wave|p2a: Blissey
|-status|p2a: Blissey|par
|
|upkeep
|turn|53
|
|t:|1597807068
|move|p1a: Togekiss|Air Slash|p2a: Blissey
|-damage|p2a: Blissey|69/100 par
|cant|p2a: Blissey|flinch
|
|upkeep
|turn|54
|
|t:|1597807073
|cant|p1a: Togekiss|par
|cant|p2a: Blissey|par
|
|upkeep
|turn|55
|
|t:|1597807076
|move|p1a: Togekiss|Air Slash|p2a: Blissey
|-damage|p2a: Blissey|58/100 par
|cant|p2a: Blissey|par
|
|upkeep
|turn|56
|
|t:|1597807082
|move|p1a: Togekiss|Air Slash|p2a: Blissey
|-damage|p2a: Blissey|46/100 par
|cant|p2a: Blissey|par
|
|upkeep
|turn|57
|
|t:|1597807087
|move|p1a: Togekiss|Air Slash|p2a: Blissey
|-damage|p2a: Blissey|34/100 par
|move|p2a: Blissey|Soft-Boiled|p2a: Blissey
|-heal|p2a: Blissey|84/100 par
|
|upkeep
|turn|58
|
|t:|1597807095
|move|p1a: Togekiss|Roost|p1a: Togekiss
|-heal|p1a: Togekiss|100/100 par
|-singleturn|p1a: Togekiss|move: Roost
|cant|p2a: Blissey|par
|
|upkeep
|turn|59
|
|t:|1597807102
|switch|p1a: Urshifu|Urshifu, M, shiny|100/100
|-damage|p1a: Urshifu|94/100|[from] Stealth Rock
|move|p2a: Blissey|Teleport|p2a: Blissey
|
|t:|1597807105
|-curestatus|p2a: Blissey|par|[from] ability: Natural Cure
|switch|p2a: Togekiss|Togekiss, M|100/100 par|[from]move: Teleport
|
|upkeep
|turn|60
|
|t:|1597807111
|move|p1a: Urshifu|U-turn|p2a: Togekiss
|-resisted|p2a: Togekiss
|-crit|p2a: Togekiss
|-damage|p2a: Togekiss|94/100 par
|
|t:|1597807115
|switch|p1a: Togekiss|Togekiss, F, shiny|100/100 par|[from]move: U-turn
|cant|p2a: Togekiss|par
|
|upkeep
|turn|61
|
|t:|1597807130
|move|p1a: Togekiss|Air Slash|p2a: Togekiss
|-damage|p2a: Togekiss|71/100 par
|move|p2a: Togekiss|Roost|p2a: Togekiss
|-heal|p2a: Togekiss|100/100 par
|-singleturn|p2a: Togekiss|move: Roost
|
|upkeep
|turn|62
|
|t:|1597807147
|move|p1a: Togekiss|Thunder Wave|p2a: Togekiss
|-fail|p2a: Togekiss|par
|cant|p2a: Togekiss|par
|
|upkeep
|turn|63
|
|t:|1597807157
|move|p1a: Togekiss|Thunder Wave|p2a: Togekiss
|-fail|p2a: Togekiss|par
|move|p2a: Togekiss|Air Slash|p1a: Togekiss
|-damage|p1a: Togekiss|77/100 par
|
|upkeep
|turn|64
|
|t:|1597807163
|cant|p1a: Togekiss|par
|move|p2a: Togekiss|Air Slash|p1a: Togekiss
|-damage|p1a: Togekiss|52/100 par
|
|upkeep
|turn|65
|
|t:|1597807168
|move|p1a: Togekiss|Roost|p1a: Togekiss
|-heal|p1a: Togekiss|100/100 par
|-singleturn|p1a: Togekiss|move: Roost
|move|p2a: Togekiss|Air Slash|p1a: Togekiss
|-damage|p1a: Togekiss|76/100 par
|
|upkeep
|turn|66
|
|t:|1597807177
|switch|p2a: Blissey|Blissey, F|84/100
|move|p1a: Togekiss|Air Slash|p2a: Blissey
|-damage|p2a: Blissey|72/100
|
|upkeep
|turn|67
|
|t:|1597807193
|switch|p1a: Urshifu|Urshifu, M, shiny|94/100
|-damage|p1a: Urshifu|88/100|[from] Stealth Rock
|move|p2a: Blissey|Toxic|p1a: Urshifu
|-status|p1a: Urshifu|tox
|
|-damage|p1a: Urshifu|82/100 tox|[from] psn
|upkeep
|turn|68
|
|t:|1597807197
|switch|p2a: Togekiss|Togekiss, M|100/100 par
|move|p1a: Urshifu|Wicked Blow|p2a: Togekiss
|-resisted|p2a: Togekiss
|-crit|p2a: Togekiss
|-damage|p2a: Togekiss|77/100 par
|
|-damage|p1a: Urshifu|70/100 tox|[from] psn
|upkeep
|turn|69
|
|t:|1597807206
|switch|p1a: Togekiss|Togekiss, F, shiny|76/100 par
|move|p2a: Togekiss|Roost|p2a: Togekiss
|-heal|p2a: Togekiss|100/100 par
|-singleturn|p2a: Togekiss|move: Roost
|
|upkeep
|turn|70
|c|☆test test 74|yea i dont enjoy playing stall. my test acc anyway gg
|inactive|test test 74 has 120 seconds left.
|-message|test test 74 forfeited.
|
|win|Foolish Players
|l|☆test test 74
|raw|test test 74's rating: 1131 &rarr; <strong>1103</strong><br />(-28 for losing)
|raw|Foolish Players's rating: 1096 &rarr; <strong>1124</strong><br />(+28 for winning)
|c|☆Foolish Players|(I'm not using stall)
