|raw|<div class="broadcast-blue"><strong>This battle is required to be public due to a player having a name prefixed by 'LT71LX'.</div>
|j|☆LT71LXLuthier
|j|☆Redemption
|t:|1596744864
|player|p1|LT71LXLuthier|kimonogirl|1718
|player|p2|Redemption|flint|1719
|teamsize|p1|6
|teamsize|p2|6
|gametype|singles
|gen|8
|tier|[Gen 8] OU
|rated|
|clearpoke
|poke|p1|Skarmory, M|
|poke|p1|Toxapex, F|
|poke|p1|Rotom-Heat|
|poke|p1|Hippowdon, M|
|poke|p1|Dragapult, F|
|poke|p1|Clefable, F|
|poke|p2|Zarude|
|poke|p2|Clefable, F|
|poke|p2|Zeraora|
|poke|p2|Dragapult, F|
|poke|p2|Ferrothorn, F|
|poke|p2|Pelipper, M|
|rule|Sleep Clause Mod: Limit one foe put to sleep
|rule|Species Clause: Limit one of each Pokémon
|rule|OHKO Clause: OHKO moves are banned
|rule|Evasion Moves Clause: Evasion moves are banned
|rule|Endless Battle Clause: Forcing endless battles is banned
|rule|HP Percentage Mod: HP is shown in percentages
|rule|Dynamax Clause: You cannot dynamax
|teampreview
|inactive|Battle timer is ON: inactive players will automatically lose when time's up. (requested by LT71LXLuthier)
|j| Xigus
|j| LT71LX Vessev
|j| huicorn
|inactive|Redemption has 120 seconds left.
|j| TheOnlyGhads
|
|t:|1596744903
|start
|switch|p1a: Toxapex|Toxapex, F|100/100
|switch|p2a: Mélo à chauffer|Clefable, F|100/100
|turn|1
|
|t:|1596744916
|switch|p1a: Hippowdon|Hippowdon, M|100/100
|-weather|Sandstorm|[from] ability: Sand Stream|[of] p1a: Hippowdon
|move|p2a: Mélo à chauffer|Knock Off|p1a: Hippowdon
|-damage|p1a: Hippowdon|90/100
|-enditem|p1a: Hippowdon|Leftovers|[from] move: Knock Off|[of] p2a: Mélo à chauffer
|
|-weather|Sandstorm|[upkeep]
|upkeep
|turn|2
|
|t:|1596744926
|move|p2a: Mélo à chauffer|Stealth Rock|p1a: Hippowdon
|-sidestart|p1: LT71LXLuthier|move: Stealth Rock
|move|p1a: Hippowdon|Stealth Rock|p2a: Mélo à chauffer
|-sidestart|p2: Redemption|move: Stealth Rock
|
|-weather|Sandstorm|[upkeep]
|upkeep
|turn|3
|j| outu wombat
|
|t:|1596744935
|move|p2a: Mélo à chauffer|Moonblast|p1a: Hippowdon
|-damage|p1a: Hippowdon|69/100
|move|p1a: Hippowdon|Slack Off|p1a: Hippowdon
|-heal|p1a: Hippowdon|100/100
|
|-weather|Sandstorm|[upkeep]
|upkeep
|turn|4
|
|t:|1596744939
|switch|p1a: Toxapex|Toxapex, F|100/100
|-damage|p1a: Toxapex|88/100|[from] Stealth Rock
|move|p2a: Mélo à chauffer|Knock Off|p1a: Toxapex
|-damage|p1a: Toxapex|78/100
|-enditem|p1a: Toxapex|Rocky Helmet|[from] move: Knock Off|[of] p2a: Mélo à chauffer
|
|-weather|Sandstorm|[upkeep]
|-damage|p1a: Toxapex|72/100|[from] Sandstorm
|upkeep
|turn|5
|
|t:|1596744950
|switch|p2a: Yannick Noacier|Ferrothorn, F|100/100
|-damage|p2a: Yannick Noacier|94/100|[from] Stealth Rock
|move|p1a: Toxapex|Toxic Spikes|p2a: Yannick Noacier
|-sidestart|p2: Redemption|move: Toxic Spikes
|
|-weather|none
|-heal|p2a: Yannick Noacier|100/100|[from] item: Leftovers
|upkeep
|turn|6
|
|t:|1596744965
|move|p1a: Toxapex|Knock Off|p2a: Yannick Noacier
|-damage|p2a: Yannick Noacier|91/100
|-damage|p1a: Toxapex|59/100|[from] ability: Iron Barbs|[of] p2a: Yannick Noacier
|-enditem|p2a: Yannick Noacier|Leftovers|[from] move: Knock Off|[of] p1a: Toxapex
|move|p2a: Yannick Noacier|Spikes|p1a: Toxapex
|-sidestart|p1: LT71LXLuthier|Spikes
|
|upkeep
|turn|7
|
|t:|1596744973
|switch|p1a: Clefable|Clefable, F|100/100
|move|p2a: Yannick Noacier|Leech Seed|p1a: Clefable
|-start|p1a: Clefable|move: Leech Seed
|
|upkeep
|turn|8
|
|t:|1596744983
|switch|p2a: Mélo à chauffer|Clefable, F|100/100
|-status|p2a: Mélo à chauffer|psn
|move|p1a: Clefable|Calm Mind|p1a: Clefable
|-boost|p1a: Clefable|spa|1
|-boost|p1a: Clefable|spd|1
|
|upkeep
|turn|9
|
|t:|1596744988
|move|p2a: Mélo à chauffer|Knock Off|p1a: Clefable
|-resisted|p1a: Clefable
|-damage|p1a: Clefable|94/100
|-enditem|p1a: Clefable|Life Orb|[from] move: Knock Off|[of] p2a: Mélo à chauffer
|move|p1a: Clefable|Calm Mind|p1a: Clefable
|-boost|p1a: Clefable|spa|1
|-boost|p1a: Clefable|spd|1
|
|upkeep
|turn|10
|
|t:|1596745000
|move|p2a: Mélo à chauffer|Moonblast|p1a: Clefable
|-damage|p1a: Clefable|79/100
|move|p1a: Clefable|Moonblast|p2a: Mélo à chauffer
|-damage|p2a: Mélo à chauffer|39/100 psn
|
|-heal|p2a: Mélo à chauffer|45/100 psn|[from] item: Leftovers
|upkeep
|turn|11
|j| LT71LX Light
|j| LT71LX Chinchi
|
|t:|1596745011
|switch|p2a: Zarrive !|Zarude|100/100
|-status|p2a: Zarrive !|psn
|-damage|p2a: Zarrive !|88/100 psn|[from] Stealth Rock
|move|p1a: Clefable|Soft-Boiled|p1a: Clefable
|-heal|p1a: Clefable|100/100
|
|-damage|p2a: Zarrive !|76/100 psn|[from] psn
|upkeep
|turn|12
|j| Bloub
|inactive|LT71LXLuthier has 120 seconds left.
|
|t:|1596745066
|switch|p1a: Skarmory|Skarmory, M|100/100
|-damage|p1a: Skarmory|88/100|[from] Stealth Rock
|move|p2a: Zarrive !|Power Whip|p1a: Skarmory|[miss]
|-miss|p2a: Zarrive !|p1a: Skarmory
|
|-damage|p2a: Zarrive !|64/100 psn|[from] psn
|upkeep
|turn|13
|
|t:|1596745086
|switch|p2a: Békipe de France|Pelipper, M|100/100
|-weather|RainDance|[from] ability: Drizzle|[of] p2a: Békipe de France
|move|p1a: Skarmory|Spikes|p2a: Békipe de France
|-sidestart|p2: Redemption|Spikes
|
|-weather|RainDance|[upkeep]
|upkeep
|turn|14
|
|t:|1596745097
|switch|p1a: Toxapex|Toxapex, F|93/100
|-damage|p1a: Toxapex|80/100|[from] Stealth Rock
|-damage|p1a: Toxapex|68/100|[from] Spikes
|move|p2a: Békipe de France|Surf|p1a: Toxapex
|-resisted|p1a: Toxapex
|-damage|p1a: Toxapex|43/100
|
|-weather|RainDance|[upkeep]
|upkeep
|turn|15
|
|t:|1596745104
|switch|p1a: Rotom|Rotom-Heat|100/100
|move|p2a: Békipe de France|Hurricane|p1a: Rotom
|-resisted|p1a: Rotom
|-damage|p1a: Rotom|75/100
|
|-weather|RainDance|[upkeep]
|upkeep
|turn|16
|j| BoomBoomBoo
|
|t:|1596745118
|switch|p2a: Drague de rue|Dragapult, F|100/100
|move|p1a: Rotom|Overheat|p2a: Drague de rue
|-resisted|p2a: Drague de rue
|-damage|p2a: Drague de rue|85/100
|-unboost|p1a: Rotom|spa|2
|
|-weather|RainDance|[upkeep]
|upkeep
|turn|17
|
|t:|1596745136
|move|p2a: Drague de rue|U-turn|p1a: Rotom
|-resisted|p1a: Rotom
|-damage|p1a: Rotom|63/100
|
|t:|1596745146
|switch|p2a: Mélo à chauffer|Clefable, F|45/100 psn|[from]move: U-turn
|move|p1a: Rotom|Discharge|p2a: Mélo à chauffer
|-damage|p2a: Mélo à chauffer|30/100 psn
|
|-weather|none
|-heal|p2a: Mélo à chauffer|37/100 psn|[from] item: Leftovers
|upkeep
|turn|18
|
|t:|1596745155
|switch|p1a: Clefable|Clefable, F|100/100
|move|p2a: Mélo à chauffer|Knock Off|p1a: Clefable
|-resisted|p1a: Clefable
|-damage|p1a: Clefable|96/100
|
|-heal|p2a: Mélo à chauffer|43/100 psn|[from] item: Leftovers
|upkeep
|turn|19
|
|t:|1596745166
|move|p2a: Mélo à chauffer|Moonblast|p1a: Clefable
|-damage|p1a: Clefable|67/100
|move|p1a: Clefable|Calm Mind|p1a: Clefable
|-boost|p1a: Clefable|spa|1
|-boost|p1a: Clefable|spd|1
|
|-heal|p2a: Mélo à chauffer|49/100 psn|[from] item: Leftovers
|upkeep
|turn|20
|
|t:|1596745174
|switch|p2a: Drague de rue|Dragapult, F|85/100
|move|p1a: Clefable|Soft-Boiled|p1a: Clefable
|-heal|p1a: Clefable|100/100
|
|upkeep
|turn|21
|
|t:|1596745179
|move|p2a: Drague de rue|Steel Wing|p1a: Clefable
|-supereffective|p1a: Clefable
|-damage|p1a: Clefable|58/100
|move|p1a: Clefable|Moonblast|p2a: Drague de rue
|-supereffective|p2a: Drague de rue
|-damage|p2a: Drague de rue|0 fnt
|faint|p2a: Drague de rue
|
|upkeep
|
|t:|1596745185
|switch|p2a: Zarrive !|Zarude|64/100 psn
|-damage|p2a: Zarrive !|51/100 psn|[from] Spikes
|-damage|p2a: Zarrive !|39/100 psn|[from] Stealth Rock
|turn|22
|
|t:|1596745189
|switch|p1a: Skarmory|Skarmory, M|88/100
|-damage|p1a: Skarmory|76/100|[from] Stealth Rock
|move|p2a: Zarrive !|U-turn|p1a: Skarmory
|-resisted|p1a: Skarmory
|-damage|p1a: Skarmory|71/100
|-damage|p2a: Zarrive !|23/100 psn|[from] item: Rocky Helmet|[of] p1a: Skarmory
|
|t:|1596745192
|switch|p2a: Békipe de France|Pelipper, M|100/100|[from]move: U-turn
|-weather|RainDance|[from] ability: Drizzle|[of] p2a: Békipe de France
|
|-weather|RainDance|[upkeep]
|upkeep
|turn|23
|
|t:|1596745201
|switch|p1a: Dragapult|Dragapult, F|100/100
|-damage|p1a: Dragapult|88/100|[from] Stealth Rock
|-damage|p1a: Dragapult|76/100|[from] Spikes
|move|p2a: Békipe de France|Weather Ball|p1a: Dragapult
|-resisted|p1a: Dragapult
|-damage|p1a: Dragapult|33/100
|
|-weather|RainDance|[upkeep]
|upkeep
|turn|24
|
|t:|1596745211
|move|p1a: Dragapult|Thunder|p2a: Békipe de France
|-supereffective|p2a: Békipe de France
|-damage|p2a: Békipe de France|0 fnt
|faint|p2a: Békipe de France
|
|-weather|RainDance|[upkeep]
|upkeep
|
|t:|1596745216
|switch|p2a: Zera de gouttière|Zeraora|100/100
|turn|25
|-message|Redemption forfeited.
|
|win|LT71LXLuthier
|l|☆Redemption
|l|☆LT71LXLuthier
|l| TheOnlyGhads
|l| BoomBoomBoo
|l| Bloub
||Ladder (probably) updated, but score could not be retrieved (Request timeout).
|l| huicorn
