|html|<div class="broadcast-blue"><strong>[Gen 8] OU is currently suspecting Melmetal! For information on how to participate check out the <a href="https://www.smogon.com/forums/threads/np-ss-ou-suspect-process-round-12-monster-mash.3709234/">suspect thread</a>.</strong></div>
|j|☆Thedebatablereaper
|j|☆minimax_ai
|t:|1666052827
|gametype|singles
|player|p1|Thedebatablereaper|169|1550
|player|p2|minimax_ai|lusamine-nihilego|1605
|teamsize|p1|6
|teamsize|p2|6
|gen|8
|tier|[Gen 8] OU
|rated|
|rule|Sleep Clause Mod: Limit one foe put to sleep
|rule|Species Clause: Limit one of each Pokémon
|rule|OHKO Clause: OHKO moves are banned
|rule|Evasion Items Clause: Evasion items are banned
|rule|Evasion Moves Clause: Evasion moves are banned
|rule|Endless Battle Clause: Forcing endless battles is banned
|rule|HP Percentage Mod: HP is shown in percentages
|rule|Dynamax Clause: You cannot dynamax
|clearpoke
|poke|p1|Dragapult, M|
|poke|p1|Corviknight, F|
|poke|p1|Sharpedo, F|
|poke|p1|Rillaboom, F|
|poke|p1|Garchomp, F|
|poke|p1|Magnezone|
|poke|p2|Rotom-Wash|
|poke|p2|Weavile, F|
|poke|p2|Landorus-Therian, M|
|poke|p2|Heatran, M|
|poke|p2|Tangrowth, F|
|poke|p2|Melmetal|
|teampreview
|c|☆minimax_ai|hf
|inactive|Battle timer is ON: inactive players will automatically lose when time's up. (requested by minimax_ai)
|
|t:|1666052860
|start
|switch|p1a: Sharpedo|Sharpedo, F|100/100
|switch|p2a: Tangrowth|Tangrowth, F|100/100
|turn|1
|
|t:|1666052864
|move|p1a: Sharpedo|Dark Pulse|p2a: Tangrowth
|-damage|p2a: Tangrowth|29/100
|-damage|p1a: Sharpedo|91/100|[from] item: Life Orb
|move|p2a: Tangrowth|Giga Drain|p1a: Sharpedo
|-supereffective|p1a: Sharpedo
|-damage|p1a: Sharpedo|0 fnt
|-heal|p2a: Tangrowth|60/100|[from] drain|[of] p1a: Sharpedo
|faint|p1a: Sharpedo
|
|upkeep
|
|t:|1666052874
|switch|p1a: Dragapult|Dragapult, M|100/100
|turn|2
|
|t:|1666052883
|switch|p2a: Melmetal|Melmetal|100/100
|move|p1a: Dragapult|Shadow Ball|p2a: Melmetal
|-damage|p2a: Melmetal|74/100
|-unboost|p2a: Melmetal|spd|1
|
|upkeep
|turn|3
|
|t:|1666052890
|switch|p1a: Magnezone|Magnezone|100/100
|move|p2a: Melmetal|Earthquake|p1a: Magnezone
|-supereffective|p1a: Magnezone
|-damage|p1a: Magnezone|0 fnt
|faint|p1a: Magnezone
|
|upkeep
|
|t:|1666052898
|switch|p1a: Garchomp|Garchomp, F|100/100
|turn|4
|
|t:|1666052900
|switch|p2a: landorustherian|Landorus-Therian, M|100/100
|-ability|p2a: landorustherian|Intimidate|boost
|-unboost|p1a: Garchomp|atk|1
|move|p1a: Garchomp|Stealth Rock|p2a: landorustherian
|-sidestart|p2: minimax_ai|move: Stealth Rock
|
|upkeep
|turn|5
|
|t:|1666052907
|move|p1a: Garchomp|Toxic|p2a: landorustherian
|-status|p2a: landorustherian|tox
|move|p2a: landorustherian|Defog|p1a: Garchomp
|-unboost|p1a: Garchomp|evasion|1
|-sideend|p2: minimax_ai|Stealth Rock|[from] move: Defog|[of] p2a: landorustherian
|
|-damage|p2a: landorustherian|94/100 tox|[from] psn
|upkeep
|turn|6
|
|t:|1666052914
|switch|p2a: Heatran|Heatran, M|100/100
|-item|p2a: Heatran|Air Balloon
|move|p1a: Garchomp|Protect||[still]
|-fail|p1a: Garchomp
|
|upkeep
|turn|7
|
|t:|1666052920
|switch|p1a: Dragapult|Dragapult, M|100/100
|move|p2a: Heatran|Stealth Rock|p1a: Dragapult
|-sidestart|p1: Thedebatablereaper|move: Stealth Rock
|
|upkeep
|turn|8
|
|t:|1666052925
|move|p1a: Dragapult|Shadow Ball|p2a: Heatran
|-damage|p2a: Heatran|51/100
|-enditem|p2a: Heatran|Air Balloon
|move|p2a: Heatran|Magma Storm|p1a: Dragapult
|-resisted|p1a: Dragapult
|-damage|p1a: Dragapult|66/100
|-activate|p1a: Dragapult|move: Magma Storm|[of] p2a: Heatran
|
|-damage|p1a: Dragapult|54/100|[from] move: Magma Storm|[partiallytrapped]
|upkeep
|turn|9
|
|t:|1666052935
|switch|p2a: Melmetal|Melmetal|74/100
|move|p1a: Dragapult|Shadow Ball|p2a: Melmetal
|-damage|p2a: Melmetal|47/100
|
|-end|p1a: Dragapult|Magma Storm|[partiallytrapped]|[silent]
|upkeep
|turn|10
|-message|Thedebatablereaper forfeited.
|
|win|minimax_ai
|raw|Thedebatablereaper's rating: 1550 &rarr; <strong>1533</strong><br />(-17 for losing)
|raw|minimax_ai's rating: 1605 &rarr; <strong>1622</strong><br />(+17 for winning)
|c|☆minimax_ai|gg
|l|☆Thedebatablereaper
