|j|☆Justin UA
|j|☆AI with the braids
|t:|1656472009
|gametype|singles
|player|p1|Justin UA|ethan|1511
|player|p2|AI with the braids|pokemaniac|1560
|teamsize|p1|6
|teamsize|p2|6
|gen|8
|tier|[Gen 8] OU
|rated|
|rule|Sleep Clause Mod: Limit one foe put to sleep
|rule|Species Clause: Limit one of each Pokémon
|rule|OHKO Clause: OHKO moves are banned
|rule|Evasion Moves Clause: Evasion moves are banned
|rule|Endless Battle Clause: Forcing endless battles is banned
|rule|HP Percentage Mod: HP is shown in percentages
|rule|Dynamax Clause: You cannot dynamax
|clearpoke
|poke|p1|Dragapult, M|
|poke|p1|Urshifu-*, F|
|poke|p1|Tapu Lele|
|poke|p1|Blissey, F|
|poke|p1|Corviknight, F|
|poke|p1|Landorus-Therian, M|
|poke|p2|Slowking, F|
|poke|p2|Volcanion|
|poke|p2|Pelipper, F|
|poke|p2|Barraskewda, F|
|poke|p2|Zapdos|
|poke|p2|Seismitoad, M|
|teampreview
|inactive|Battle timer is ON: inactive players will automatically lose when time's up. (requested by AI with the braids)
|
|t:|1656472031
|start
|switch|p1a: Tapu Lele|Tapu Lele|100/100
|switch|p2a: POTUS|Pelipper, F|100/100
|-fieldstart|move: Psychic Terrain|[from] ability: Psychic Surge|[of] p1a: Tapu Lele
|-weather|RainDance|[from] ability: Drizzle|[of] p2a: POTUS
|turn|1
|
|t:|1656472035
|switch|p2a: Mishlef|Slowking, F, shiny|100/100
|move|p1a: Tapu Lele|Psychic|p2a: Mishlef
|-resisted|p2a: Mishlef
|-damage|p2a: Mishlef|71/100
|-unboost|p2a: Mishlef|spd|1
|-enditem|p2a: Mishlef|Eject Button
|
|t:|1656472041
|switch|p2a: CAMPFIRESONGCAMPF|Barraskewda, F|100/100
|
|-weather|RainDance|[upkeep]
|upkeep
|turn|2
|
|t:|1656472047
|switch|p1a: Corviknight|Corviknight, F|100/100
|-ability|p1a: Corviknight|Pressure
|move|p2a: CAMPFIRESONGCAMPF|Flip Turn|p1a: Corviknight
|-damage|p1a: Corviknight|56/100
|
|t:|1656472053
|switch|p2a: Volconion|Volcanion|100/100|[from]move: Flip Turn
|
|-weather|RainDance|[upkeep]
|-heal|p1a: Corviknight|62/100|[from] item: Leftovers
|upkeep
|turn|3
|
|t:|1656472056
|switch|p1a: Blissey|Blissey, F|100/100
|move|p2a: Volconion|Steam Eruption|p1a: Blissey
|-damage|p1a: Blissey|50/100
|-status|p1a: Blissey|brn
|
|-weather|RainDance|[upkeep]
|-damage|p1a: Blissey|44/100 brn|[from] brn
|upkeep
|turn|4
|
|t:|1656472063
|-curestatus|p1a: Blissey|brn|[from] ability: Natural Cure
|switch|p1a: Corviknight|Corviknight, F|62/100
|-ability|p1a: Corviknight|Pressure
|move|p2a: Volconion|Steam Eruption|p1a: Corviknight
|-damage|p1a: Corviknight|0 fnt
|faint|p1a: Corviknight
|
|-weather|RainDance|[upkeep]
|upkeep
|
|t:|1656472071
|switch|p1a: Tapu Lele|Tapu Lele|100/100
|turn|5
|
|t:|1656472074
|switch|p2a: Mishlef|Slowking, F, shiny|100/100
|move|p1a: Tapu Lele|Psyshock|p2a: Mishlef
|-resisted|p2a: Mishlef
|-damage|p2a: Mishlef|57/100
|
|-weather|RainDance|[upkeep]
|-fieldend|move: Psychic Terrain
|upkeep
|turn|6
|
|t:|1656472079
|move|p1a: Tapu Lele|Psyshock|p2a: Mishlef
|-resisted|p2a: Mishlef
|-damage|p2a: Mishlef|22/100
|move|p2a: Mishlef|Thunder Wave|p1a: Tapu Lele|[miss]
|-miss|p2a: Mishlef|p1a: Tapu Lele
|
|-weather|RainDance|[upkeep]
|upkeep
|turn|7
|
|t:|1656472084
|move|p1a: Tapu Lele|Psyshock|p2a: Mishlef
|-resisted|p2a: Mishlef
|-damage|p2a: Mishlef|0 fnt
|faint|p2a: Mishlef
|
|-weather|RainDance|[upkeep]
|upkeep
|
|t:|1656472097
|switch|p2a: CAMPFIRESONGCAMPF|Barraskewda, F|100/100
|turn|8
|
|t:|1656472099
|switch|p1a: Dragapult|Dragapult, M, shiny|100/100
|move|p2a: CAMPFIRESONGCAMPF|Flip Turn|p1a: Dragapult
|-resisted|p1a: Dragapult
|-damage|p1a: Dragapult|48/100
|
|t:|1656472112
|switch|p2a: urfugurggle|Zapdos|100/100|[from]move: Flip Turn
|
|-weather|none
|upkeep
|turn|9
|
|t:|1656472117
|move|p1a: Dragapult|Draco Meteor|p2a: urfugurggle
|-damage|p2a: urfugurggle|4/100
|-unboost|p1a: Dragapult|spa|2
|move|p2a: urfugurggle|Hurricane|p1a: Dragapult
|-damage|p1a: Dragapult|0 fnt
|faint|p1a: Dragapult
|
|upkeep
|
|t:|1656472122
|switch|p1a: Tapu Lele|Tapu Lele|100/100
|-fieldstart|move: Psychic Terrain|[from] ability: Psychic Surge|[of] p1a: Tapu Lele
|turn|10
|
|t:|1656472127
|move|p2a: urfugurggle|Hurricane|p1a: Tapu Lele|[miss]
|-miss|p2a: urfugurggle|p1a: Tapu Lele
|move|p1a: Tapu Lele|Psychic|p2a: urfugurggle
|-damage|p2a: urfugurggle|0 fnt
|faint|p2a: urfugurggle
|
|upkeep
|
|t:|1656472137
|switch|p2a: POTUS|Pelipper, F|100/100
|-weather|RainDance|[from] ability: Drizzle|[of] p2a: POTUS
|turn|11
|
|t:|1656472140
|move|p1a: Tapu Lele|Psychic|p2a: POTUS
|-damage|p2a: POTUS|0 fnt
|faint|p2a: POTUS
|
|-weather|RainDance|[upkeep]
|upkeep
|
|t:|1656472144
|switch|p2a: CAMPFIRESONGCAMPF|Barraskewda, F|100/100
|turn|12
|inactive|Justin UA has 120 seconds left.
|inactive|Justin UA has 90 seconds left.
|
|t:|1656472209
|switch|p1a: Blissey|Blissey, F|44/100
|move|p2a: CAMPFIRESONGCAMPF|Flip Turn|p1a: Blissey
|-damage|p1a: Blissey|0 fnt
|faint|p1a: Blissey
|
|t:|1656472213
|switch|p2a: SICE IS A TOADROFL|Seismitoad, M|100/100|[from]move: Flip Turn
|
|-weather|RainDance|[upkeep]
|upkeep
|
|t:|1656472218
|switch|p1a: Urshifu|Urshifu-Rapid-Strike, F|100/100
|turn|13
|
|t:|1656472225
|move|p2a: SICE IS A TOADROFL|Weather Ball|p1a: Urshifu
|-resisted|p1a: Urshifu
|-damage|p1a: Urshifu|40/100
|-damage|p2a: SICE IS A TOADROFL|91/100|[from] item: Life Orb
|move|p1a: Urshifu|Close Combat|p2a: SICE IS A TOADROFL
|-damage|p2a: SICE IS A TOADROFL|0 fnt
|-unboost|p1a: Urshifu|def|1
|-unboost|p1a: Urshifu|spd|1
|faint|p2a: SICE IS A TOADROFL
|
|-weather|RainDance|[upkeep]
|upkeep
|
|t:|1656472232
|switch|p2a: CAMPFIRESONGCAMPF|Barraskewda, F|100/100
|turn|14
|
|t:|1656472248
|switch|p1a: Landorus|Landorus-Therian, M|100/100
|-ability|p1a: Landorus|Intimidate|boost
|-unboost|p2a: CAMPFIRESONGCAMPF|atk|1
|move|p2a: CAMPFIRESONGCAMPF|Liquidation|p1a: Landorus
|-supereffective|p1a: Landorus
|-damage|p1a: Landorus|0 fnt
|faint|p1a: Landorus
|
|-weather|RainDance|[upkeep]
|-fieldend|move: Psychic Terrain
|upkeep
|inactive|Justin UA has 90 seconds left.
|
|t:|1656472266
|switch|p1a: Urshifu|Urshifu-Rapid-Strike, F|40/100
|turn|15
|
|t:|1656472287
|switch|p2a: Volconion|Volcanion|100/100
|move|p1a: Urshifu|Close Combat|p2a: Volconion
|-damage|p2a: Volconion|10/100
|-unboost|p1a: Urshifu|def|1
|-unboost|p1a: Urshifu|spd|1
|
|-weather|RainDance|[upkeep]
|upkeep
|turn|16
|inactive|Justin UA has 90 seconds left.
|inactive|Justin UA has 60 seconds left.
|
|t:|1656472350
|move|p1a: Urshifu|Close Combat|p2a: Volconion
|-damage|p2a: Volconion|0 fnt
|-unboost|p1a: Urshifu|def|1
|-unboost|p1a: Urshifu|spd|1
|faint|p2a: Volconion
|
|-weather|RainDance|[upkeep]
|upkeep
|
|t:|1656472353
|switch|p2a: CAMPFIRESONGCAMPF|Barraskewda, F|100/100
|turn|17
|inactive|Justin UA has 30 seconds left.
|
|t:|1656472393
|switch|p1a: Tapu Lele|Tapu Lele|100/100
|-fieldstart|move: Psychic Terrain|[from] ability: Psychic Surge|[of] p1a: Tapu Lele
|move|p2a: CAMPFIRESONGCAMPF|Liquidation|p1a: Tapu Lele
|-damage|p1a: Tapu Lele|0 fnt
|faint|p1a: Tapu Lele
|
|-weather|RainDance|[upkeep]
|upkeep
|inactive|Justin UA has 30 seconds left this turn.
|
|t:|1656472395
|switch|p1a: Urshifu|Urshifu-Rapid-Strike, F|40/100
|turn|18
|
|t:|1656472397
|move|p2a: CAMPFIRESONGCAMPF|Liquidation|p1a: Urshifu
|-resisted|p1a: Urshifu
|-crit|p1a: Urshifu
|-damage|p1a: Urshifu|0 fnt
|faint|p1a: Urshifu
|
|win|AI with the braids
|raw|Justin UA's rating: 1511 &rarr; <strong>1494</strong><br />(-17 for losing)
|raw|AI with the braids's rating: 1560 &rarr; <strong>1577</strong><br />(+17 for winning)
|c|☆AI with the braids|ggs
|c|☆Justin UA|gg
|l|☆Justin UA
||Ladder isn't responding, score probably updated but might not have (Request timeout).
