|j|☆30orless
|j|☆ghecisbestvillain
|t:|1667689476
|gametype|singles
|player|p1|30orless|2|1807
|player|p2|ghecisbestvillain|scientist-gen4|1824
|teamsize|p1|6
|teamsize|p2|6
|gen|8
|tier|[Gen 8] OU
|rated|
|rule|Sleep Clause Mod: Limit one foe put to sleep
|rule|Species Clause: Limit one of each Pokémon
|rule|OHKO Clause: OHKO moves are banned
|rule|Evasion Items Clause: Evasion items are banned
|rule|Evasion Moves Clause: Evasion moves are banned
|rule|Endless Battle Clause: Forcing endless battles is banned
|rule|HP Percentage Mod: HP is shown in percentages
|rule|Dynamax Clause: You cannot dynamax
|clearpoke
|poke|p1|Moltres|
|poke|p1|Hydreigon, M|
|poke|p1|Blaziken, F|
|poke|p1|Volcanion|
|poke|p1|Zapdos|
|poke|p1|Mamoswine, F|
|poke|p2|Volcarona, M|
|poke|p2|Mew|
|poke|p2|Tapu Koko|
|poke|p2|Incineroar, M|
|poke|p2|Clefable, M|
|poke|p2|Spiritomb, M|
|teampreview
|inactive|Battle timer is ON: inactive players will automatically lose when time's up. (requested by 30orless)
|
|t:|1667689488
|start
|switch|p1a: Hydreigon|Hydreigon, M|100/100
|switch|p2a: HXH is overrated|Incineroar, M|100/100
|-ability|p2a: HXH is overrated|Intimidate|boost
|-unboost|p1a: Hydreigon|atk|1
|turn|1
|inactive|ghecisbestvillain has 120 seconds left.
|
|t:|1667689535
|move|p1a: Hydreigon|Earth Power|p2a: HXH is overrated
|-supereffective|p2a: HXH is overrated
|-damage|p2a: HXH is overrated|58/100
|move|p2a: HXH is overrated|Parting Shot|p1a: Hydreigon
|-unboost|p1a: Hydreigon|atk|1
|-unboost|p1a: Hydreigon|spa|1
|
|t:|1667689542
|switch|p2a: Naruto garbage|Tapu Koko|100/100|[from]move: Parting Shot
|-fieldstart|move: Electric Terrain|[from] ability: Electric Surge|[of] p2a: Naruto garbage
|
|upkeep
|turn|2
|
|t:|1667689547
|move|p1a: Hydreigon|Earth Power|p2a: Naruto garbage
|-supereffective|p2a: Naruto garbage
|-damage|p2a: Naruto garbage|47/100
|move|p2a: Naruto garbage|Reflect|p2a: Naruto garbage
|-sidestart|p2: ghecisbestvillain|Reflect
|
|upkeep
|turn|3
|
|t:|1667689554
|switch|p2a: Evangelion boring|Spiritomb, M|100/100
|-ability|p2a: Evangelion boring|Pressure
|move|p1a: Hydreigon|Earth Power|p2a: Evangelion boring
|-damage|p2a: Evangelion boring|78/100
|
|upkeep
|turn|4
|inactive|ghecisbestvillain has 120 seconds left.
|
|t:|1667689562
|switch|p1a: Moltres|Moltres|100/100
|move|p2a: Evangelion boring|Memento|p1a: Moltres
|-unboost|p1a: Moltres|atk|2
|-unboost|p1a: Moltres|spa|2
|faint|p2a: Evangelion boring
|
|upkeep
|inactive|ghecisbestvillain has 120 seconds left.
|
|t:|1667689571
|switch|p2a: Evangelion trashy|Volcarona, M|100/100
|turn|5
|
|t:|1667689583
|switch|p1a: Volcanion|Volcanion|100/100
|move|p2a: Evangelion trashy|Substitute|p2a: Evangelion trashy
|-start|p2a: Evangelion trashy|Substitute
|-damage|p2a: Evangelion trashy|75/100
|
|-heal|p2a: Evangelion trashy|82/100|[from] item: Leftovers
|-fieldend|move: Electric Terrain
|upkeep
|turn|6
|
|t:|1667689590
|move|p2a: Evangelion trashy|Quiver Dance|p2a: Evangelion trashy
|-boost|p2a: Evangelion trashy|spa|1
|-boost|p2a: Evangelion trashy|spd|1
|-boost|p2a: Evangelion trashy|spe|1
|move|p1a: Volcanion|Steam Eruption|p2a: Evangelion trashy
|-supereffective|p2a: Evangelion trashy
|-end|p2a: Evangelion trashy|Substitute
|
|-heal|p2a: Evangelion trashy|88/100|[from] item: Leftovers
|upkeep
|turn|7
|
|t:|1667689598
|move|p2a: Evangelion trashy|Substitute|p2a: Evangelion trashy
|-start|p2a: Evangelion trashy|Substitute
|-damage|p2a: Evangelion trashy|63/100
|move|p1a: Volcanion|Steam Eruption|p2a: Evangelion trashy
|-supereffective|p2a: Evangelion trashy
|-end|p2a: Evangelion trashy|Substitute
|
|-heal|p2a: Evangelion trashy|69/100|[from] item: Leftovers
|upkeep
|turn|8
|j| NERGI_GSN
|
|t:|1667689608
|move|p2a: Evangelion trashy|Substitute|p2a: Evangelion trashy
|-start|p2a: Evangelion trashy|Substitute
|-damage|p2a: Evangelion trashy|44/100
|move|p1a: Volcanion|Steam Eruption|p2a: Evangelion trashy
|-supereffective|p2a: Evangelion trashy
|-end|p2a: Evangelion trashy|Substitute
|
|-heal|p2a: Evangelion trashy|50/100|[from] item: Leftovers
|upkeep
|turn|9
|
|t:|1667689615
|switch|p1a: Moltres|Moltres|100/100
|move|p2a: Evangelion trashy|Substitute|p2a: Evangelion trashy
|-start|p2a: Evangelion trashy|Substitute
|-damage|p2a: Evangelion trashy|25/100
|
|-heal|p2a: Evangelion trashy|32/100|[from] item: Leftovers
|-sideend|p2: ghecisbestvillain|Reflect
|upkeep
|turn|10
|
|t:|1667689623
|move|p2a: Evangelion trashy|Quiver Dance|p2a: Evangelion trashy
|-boost|p2a: Evangelion trashy|spa|1
|-boost|p2a: Evangelion trashy|spd|1
|-boost|p2a: Evangelion trashy|spe|1
|move|p1a: Moltres|Brave Bird|p2a: Evangelion trashy
|-supereffective|p2a: Evangelion trashy
|-end|p2a: Evangelion trashy|Substitute
|-damage|p1a: Moltres|94/100|[from] Recoil|[of] p2a: Evangelion trashy
|
|-heal|p2a: Evangelion trashy|38/100|[from] item: Leftovers
|upkeep
|turn|11
|
|t:|1667689633
|move|p2a: Evangelion trashy|Substitute|p2a: Evangelion trashy
|-start|p2a: Evangelion trashy|Substitute
|-damage|p2a: Evangelion trashy|13/100
|move|p1a: Moltres|Brave Bird|p2a: Evangelion trashy
|-supereffective|p2a: Evangelion trashy
|-end|p2a: Evangelion trashy|Substitute
|-damage|p1a: Moltres|87/100|[from] Recoil|[of] p2a: Evangelion trashy
|
|-heal|p2a: Evangelion trashy|19/100|[from] item: Leftovers
|upkeep
|turn|12
|
|t:|1667689641
|move|p2a: Evangelion trashy|Psychic|p1a: Moltres
|-damage|p1a: Moltres|15/100
|-unboost|p1a: Moltres|spd|1
|move|p1a: Moltres|Brave Bird|p2a: Evangelion trashy
|-supereffective|p2a: Evangelion trashy
|-damage|p2a: Evangelion trashy|0 fnt
|faint|p2a: Evangelion trashy
|-damage|p1a: Moltres|10/100|[from] Recoil
|
|upkeep
|
|t:|1667689652
|switch|p2a: HXH is overrated|Incineroar, M|58/100
|-ability|p2a: HXH is overrated|Intimidate|boost
|-unboost|p1a: Moltres|atk|1
|turn|13
|
|t:|1667689655
|move|p1a: Moltres|Roost|p1a: Moltres
|-heal|p1a: Moltres|60/100
|-singleturn|p1a: Moltres|move: Roost
|move|p2a: HXH is overrated|Parting Shot|p1a: Moltres
|-unboost|p1a: Moltres|atk|1
|-unboost|p1a: Moltres|spa|1
|
|t:|1667689662
|switch|p2a: Naruto garbage|Tapu Koko|47/100|[from]move: Parting Shot
|-fieldstart|move: Electric Terrain|[from] ability: Electric Surge|[of] p2a: Naruto garbage
|
|upkeep
|turn|14
|
|t:|1667689667
|switch|p1a: Hydreigon|Hydreigon, M|100/100
|move|p2a: Naruto garbage|Light Screen|p2a: Naruto garbage
|-sidestart|p2: ghecisbestvillain|move: Light Screen
|
|upkeep
|turn|15
|
|t:|1667689671
|move|p1a: Hydreigon|Earth Power|p2a: Naruto garbage
|-supereffective|p2a: Naruto garbage
|-damage|p2a: Naruto garbage|7/100
|move|p2a: Naruto garbage|Reflect|p2a: Naruto garbage
|-sidestart|p2: ghecisbestvillain|Reflect
|
|upkeep
|turn|16
|
|t:|1667689676
|move|p1a: Hydreigon|Earth Power|p2a: Naruto garbage
|-supereffective|p2a: Naruto garbage
|-damage|p2a: Naruto garbage|0 fnt
|faint|p2a: Naruto garbage
|
|upkeep
|
|t:|1667689684
|switch|p2a: DB Super shoddy|Clefable, M|100/100
|turn|17
|
|t:|1667689687
|switch|p1a: Zapdos|Zapdos|100/100
|move|p2a: DB Super shoddy|Cosmic Power|p2a: DB Super shoddy
|-boost|p2a: DB Super shoddy|def|1
|-boost|p2a: DB Super shoddy|spd|1
|
|-fieldend|move: Electric Terrain
|upkeep
|turn|18
|
|t:|1667689693
|move|p1a: Zapdos|Discharge|p2a: DB Super shoddy
|-damage|p2a: DB Super shoddy|91/100
|move|p2a: DB Super shoddy|Cosmic Power|p2a: DB Super shoddy
|-boost|p2a: DB Super shoddy|def|1
|-boost|p2a: DB Super shoddy|spd|1
|
|-heal|p2a: DB Super shoddy|97/100|[from] item: Leftovers
|upkeep
|turn|19
|
|t:|1667689701
|move|p1a: Zapdos|Discharge|p2a: DB Super shoddy
|-damage|p2a: DB Super shoddy|89/100
|-status|p2a: DB Super shoddy|par
|move|p2a: DB Super shoddy|Cosmic Power|p2a: DB Super shoddy
|-boost|p2a: DB Super shoddy|def|1
|-boost|p2a: DB Super shoddy|spd|1
|
|-heal|p2a: DB Super shoddy|95/100 par|[from] item: Leftovers
|upkeep
|turn|20
|
|t:|1667689709
|move|p1a: Zapdos|Defog|p2a: DB Super shoddy
|-unboost|p2a: DB Super shoddy|evasion|1
|-sideend|p2: ghecisbestvillain|Reflect
|-sideend|p2: ghecisbestvillain|move: Light Screen
|move|p2a: DB Super shoddy|Cosmic Power|p2a: DB Super shoddy
|-boost|p2a: DB Super shoddy|def|1
|-boost|p2a: DB Super shoddy|spd|1
|
|-heal|p2a: DB Super shoddy|100/100 par|[from] item: Leftovers
|upkeep
|turn|21
|
|t:|1667689717
|move|p1a: Zapdos|Hurricane|p2a: DB Super shoddy
|-damage|p2a: DB Super shoddy|86/100 par
|-start|p2a: DB Super shoddy|confusion
|-activate|p2a: DB Super shoddy|confusion
|-damage|p2a: DB Super shoddy|84/100 par|[from] confusion
|
|-heal|p2a: DB Super shoddy|90/100 par|[from] item: Leftovers
|upkeep
|turn|22
|
|t:|1667689729
|move|p1a: Zapdos|Hurricane|p2a: DB Super shoddy
|-damage|p2a: DB Super shoddy|75/100 par
|-activate|p2a: DB Super shoddy|confusion
|move|p2a: DB Super shoddy|Cosmic Power|p2a: DB Super shoddy
|-boost|p2a: DB Super shoddy|def|1
|-boost|p2a: DB Super shoddy|spd|1
|
|-heal|p2a: DB Super shoddy|81/100 par|[from] item: Leftovers
|upkeep
|turn|23
|
|t:|1667689736
|switch|p1a: Blaziken|Blaziken, F|100/100
|-activate|p2a: DB Super shoddy|confusion
|-damage|p2a: DB Super shoddy|80/100 par|[from] confusion
|
|-heal|p2a: DB Super shoddy|86/100 par|[from] item: Leftovers
|upkeep
|turn|24
|
|t:|1667689742
|move|p1a: Blaziken|Knock Off|p2a: DB Super shoddy
|-resisted|p2a: DB Super shoddy
|-damage|p2a: DB Super shoddy|80/100 par
|-enditem|p2a: DB Super shoddy|Leftovers|[from] move: Knock Off|[of] p1a: Blaziken
|-damage|p1a: Blaziken|91/100|[from] item: Life Orb
|-end|p2a: DB Super shoddy|confusion
|cant|p2a: DB Super shoddy|par
|
|-ability|p1a: Blaziken|Speed Boost|boost
|-boost|p1a: Blaziken|spe|1
|upkeep
|turn|25
|
|t:|1667689752
|move|p1a: Blaziken|Overheat|p2a: DB Super shoddy
|-damage|p2a: DB Super shoddy|66/100 par
|-unboost|p1a: Blaziken|spa|2
|-damage|p1a: Blaziken|81/100|[from] item: Life Orb
|cant|p2a: DB Super shoddy|par
|
|-ability|p1a: Blaziken|Speed Boost|boost
|-boost|p1a: Blaziken|spe|1
|upkeep
|turn|26
|
|t:|1667689760
|switch|p1a: Moltres|Moltres|60/100
|move|p2a: DB Super shoddy|Soft-Boiled|p2a: DB Super shoddy
|-heal|p2a: DB Super shoddy|100/100 par
|
|upkeep
|turn|27
|
|t:|1667689765
|move|p1a: Moltres|Mystical Fire|p2a: DB Super shoddy
|-damage|p2a: DB Super shoddy|94/100 par
|-unboost|p2a: DB Super shoddy|spa|1
|move|p2a: DB Super shoddy|Cosmic Power|p2a: DB Super shoddy
|-boost|p2a: DB Super shoddy|def|1
|-boost|p2a: DB Super shoddy|spd|1
|
|upkeep
|turn|28
|
|t:|1667689772
|move|p1a: Moltres|Roost|p1a: Moltres
|-heal|p1a: Moltres|100/100
|-singleturn|p1a: Moltres|move: Roost
|move|p2a: DB Super shoddy|Stored Power|p1a: Moltres
|-damage|p1a: Moltres|61/100
|
|upkeep
|turn|29
|
|t:|1667689779
|move|p1a: Moltres|Mystical Fire|p2a: DB Super shoddy
|-damage|p2a: DB Super shoddy|89/100 par
|-unboost|p2a: DB Super shoddy|spa|1
|move|p2a: DB Super shoddy|Charge Beam|p1a: Moltres|[miss]
|-miss|p2a: DB Super shoddy|p1a: Moltres
|
|upkeep
|turn|30
|
|t:|1667689786
|switch|p2a: HXH is overrated|Incineroar, M|58/100
|-ability|p2a: HXH is overrated|Intimidate|boost
|-unboost|p1a: Moltres|atk|1
|move|p1a: Moltres|Mystical Fire|p2a: HXH is overrated
|-resisted|p2a: HXH is overrated
|-damage|p2a: HXH is overrated|47/100
|-unboost|p2a: HXH is overrated|spa|1
|
|-heal|p2a: HXH is overrated|53/100|[from] item: Leftovers
|upkeep
|turn|31
|
|t:|1667689795
|move|p2a: HXH is overrated|Fake Out|p1a: Moltres
|-damage|p1a: Moltres|51/100
|cant|p1a: Moltres|flinch
|
|-heal|p2a: HXH is overrated|60/100|[from] item: Leftovers
|upkeep
|turn|32
|
|t:|1667689802
|move|p1a: Moltres|Roost|p1a: Moltres
|-heal|p1a: Moltres|100/100
|-singleturn|p1a: Moltres|move: Roost
|move|p2a: HXH is overrated|Knock Off|p1a: Moltres
|-damage|p1a: Moltres|66/100
|-enditem|p1a: Moltres|Heavy-Duty Boots|[from] move: Knock Off|[of] p2a: HXH is overrated
|
|-heal|p2a: HXH is overrated|66/100|[from] item: Leftovers
|upkeep
|turn|33
|
|t:|1667689810
|move|p1a: Moltres|Scorching Sands|p2a: HXH is overrated
|-supereffective|p2a: HXH is overrated
|-damage|p2a: HXH is overrated|36/100
|move|p2a: HXH is overrated|Knock Off|p1a: Moltres
|-damage|p1a: Moltres|43/100
|
|-heal|p2a: HXH is overrated|42/100|[from] item: Leftovers
|upkeep
|turn|34
|
|t:|1667689817
|move|p1a: Moltres|Scorching Sands|p2a: HXH is overrated
|-supereffective|p2a: HXH is overrated
|-damage|p2a: HXH is overrated|15/100
|move|p2a: HXH is overrated|Parting Shot|p1a: Moltres
|-unboost|p1a: Moltres|atk|1
|-unboost|p1a: Moltres|spa|1
|j| Mimitheboss
|
|t:|1667689823
|switch|p2a: One Piece shitty|Mew|100/100|[from]move: Parting Shot
|
|upkeep
|turn|35
|
|t:|1667689829
|switch|p1a: Blaziken|Blaziken, F|81/100
|move|p2a: One Piece shitty|Cosmic Power|p2a: One Piece shitty
|-boost|p2a: One Piece shitty|def|1
|-boost|p2a: One Piece shitty|spd|1
|
|upkeep
|turn|36
|c| NERGI_GSN|Cancer ghesi
|
|t:|1667689835
|move|p2a: One Piece shitty|Cosmic Power|p2a: One Piece shitty
|-boost|p2a: One Piece shitty|def|1
|-boost|p2a: One Piece shitty|spd|1
|move|p1a: Blaziken|Knock Off|p2a: One Piece shitty
|-supereffective|p2a: One Piece shitty
|-damage|p2a: One Piece shitty|67/100
|-enditem|p2a: One Piece shitty|Leftovers|[from] move: Knock Off|[of] p1a: Blaziken
|-damage|p1a: Blaziken|71/100|[from] item: Life Orb
|
|-ability|p1a: Blaziken|Speed Boost|boost
|-boost|p1a: Blaziken|spe|1
|upkeep
|turn|37
|
|t:|1667689844
|move|p1a: Blaziken|Overheat|p2a: One Piece shitty
|-damage|p2a: One Piece shitty|34/100
|-unboost|p1a: Blaziken|spa|2
|-damage|p1a: Blaziken|61/100|[from] item: Life Orb
|move|p2a: One Piece shitty|Cosmic Power|p2a: One Piece shitty
|-boost|p2a: One Piece shitty|def|1
|-boost|p2a: One Piece shitty|spd|1
|
|-ability|p1a: Blaziken|Speed Boost|boost
|-boost|p1a: Blaziken|spe|1
|upkeep
|turn|38
|
|t:|1667689860
|move|p1a: Blaziken|Knock Off|p2a: One Piece shitty
|-supereffective|p2a: One Piece shitty
|-damage|p2a: One Piece shitty|18/100
|-damage|p1a: Blaziken|51/100|[from] item: Life Orb
|move|p2a: One Piece shitty|Cosmic Power|p2a: One Piece shitty
|-boost|p2a: One Piece shitty|def|1
|-boost|p2a: One Piece shitty|spd|1
|
|-ability|p1a: Blaziken|Speed Boost|boost
|-boost|p1a: Blaziken|spe|1
|upkeep
|turn|39
|-message|ghecisbestvillain forfeited.
|
|win|30orless
|raw|30orless's rating: 1807 &rarr; <strong>1828</strong><br />(+21 for winning)
|raw|ghecisbestvillain's rating: 1824 &rarr; <strong>1803</strong><br />(-21 for losing)
|l|☆ghecisbestvillain
|c| NERGI_GSN|Yeaaaaah
|j|☆ghecisbestvillain
|player|p2|ghecisbestvillain|scientist-gen4
|c|☆30orless|I hate that set
|l| NERGI_GSN
|c|☆30orless|Sets actually
