|j|☆GGeorgie◕‿◕
|j|☆Darkman64
|t:|1661652130
|gametype|singles
|player|p1|GGeorgie◕‿◕|hiker-gen2|1692
|player|p2|Darkman64|juan|1611
|teamsize|p1|6
|teamsize|p2|6
|gen|8
|tier|[Gen 8] OU
|rated|
|rule|Sleep Clause Mod: Limit one foe put to sleep
|rule|Species Clause: Limit one of each Pokémon
|rule|OHKO Clause: OHKO moves are banned
|rule|Evasion Items Clause: Evasion items are banned
|rule|Evasion Moves Clause: Evasion moves are banned
|rule|Endless Battle Clause: Forcing endless battles is banned
|rule|HP Percentage Mod: HP is shown in percentages
|rule|Dynamax Clause: You cannot dynamax
|clearpoke
|poke|p1|Zapdos|
|poke|p1|Tyranitar, F|
|poke|p1|Landorus-Therian, M|
|poke|p1|Excadrill, M|
|poke|p1|Clefable, F|
|poke|p1|Ferrothorn, M|
|poke|p2|Weavile, M|
|poke|p2|Slowbro, F|
|poke|p2|Landorus-Therian, M|
|poke|p2|Urshifu-*, M|
|poke|p2|Ferrothorn, F|
|poke|p2|Clefable, M|
|teampreview
|inactive|Battle timer is ON: inactive players will automatically lose when time's up. (requested by GGeorgie◕‿◕)
|
|t:|1661652146
|start
|switch|p1a: Landorus|Landorus-Therian, M|100/100
|switch|p2a: Weavile|Weavile, M|100/100
|-ability|p1a: Landorus|Intimidate|boost
|-unboost|p2a: Weavile|atk|1
|-ability|p2a: Weavile|Pressure
|turn|1
|
|t:|1661652163
|move|p1a: Landorus|Stone Edge|p2a: Weavile
|-supereffective|p2a: Weavile
|-crit|p2a: Weavile
|-damage|p2a: Weavile|0 fnt
|faint|p2a: Weavile
|
|upkeep
|c|☆Darkman64|dou
|
|t:|1661652169
|switch|p2a: Urshifu|Urshifu-Rapid-Strike, M|100/100
|turn|2
|
|t:|1661652176
|switch|p1a: Clefable|Clefable, F|100/100
|move|p2a: Urshifu|Close Combat|p1a: Clefable
|-resisted|p1a: Clefable
|-damage|p1a: Clefable|66/100
|-unboost|p2a: Urshifu|def|1
|-unboost|p2a: Urshifu|spd|1
|
|upkeep
|turn|3
|
|t:|1661652186
|switch|p2a: Slowbro|Slowbro, F|100/100
|move|p1a: Clefable|Calm Mind|p1a: Clefable
|-boost|p1a: Clefable|spa|1
|-boost|p1a: Clefable|spd|1
|
|upkeep
|turn|4
|
|t:|1661652188
|move|p1a: Clefable|Thunder|p2a: Slowbro|[miss]
|-miss|p1a: Clefable|p2a: Slowbro
|move|p2a: Slowbro|Teleport|p2a: Slowbro
|c|☆Darkman64|sorry
|
|t:|1661652194
|switch|p2a: Landorus|Landorus-Therian, M|100/100|[from]move: Teleport
|-ability|p2a: Landorus|Intimidate|boost
|-unboost|p1a: Clefable|atk|1
|
|upkeep
|turn|5
|c|☆GGeorgie◕‿◕|np
|
|t:|1661652197
|move|p2a: Landorus|Earthquake|p1a: Clefable
|-damage|p1a: Clefable|26/100
|move|p1a: Clefable|Soft-Boiled|p1a: Clefable
|-heal|p1a: Clefable|76/100
|
|upkeep
|turn|6
|
|t:|1661652200
|move|p2a: Landorus|Earthquake|p1a: Clefable
|-damage|p1a: Clefable|41/100
|move|p1a: Clefable|Soft-Boiled|p1a: Clefable
|-heal|p1a: Clefable|91/100
|
|upkeep
|turn|7
|
|t:|1661652202
|move|p2a: Landorus|Earthquake|p1a: Clefable
|-damage|p1a: Clefable|55/100
|move|p1a: Clefable|Moonblast|p2a: Landorus
|-damage|p2a: Landorus|53/100
|
|-heal|p2a: Landorus|59/100|[from] item: Leftovers
|upkeep
|turn|8
|
|t:|1661652206
|move|p2a: Landorus|U-turn|p1a: Clefable
|-resisted|p1a: Clefable
|-damage|p1a: Clefable|47/100
|
|t:|1661652219
|switch|p2a: Slowbro|Slowbro, F|100/100|[from]move: U-turn
|move|p1a: Clefable|Moonblast|p2a: Slowbro
|-damage|p2a: Slowbro|42/100
|-unboost|p2a: Slowbro|spa|1
|
|upkeep
|turn|9
|
|t:|1661652222
|switch|p2a: Landorus|Landorus-Therian, M|59/100
|-ability|p2a: Landorus|Intimidate|boost
|-unboost|p1a: Clefable|atk|1
|move|p1a: Clefable|Moonblast|p2a: Landorus
|-damage|p2a: Landorus|12/100
|
|-heal|p2a: Landorus|18/100|[from] item: Leftovers
|upkeep
|turn|10
|
|t:|1661652225
|move|p2a: Landorus|Earthquake|p1a: Clefable
|-damage|p1a: Clefable|9/100
|move|p1a: Clefable|Soft-Boiled|p1a: Clefable
|-heal|p1a: Clefable|59/100
|
|-heal|p2a: Landorus|24/100|[from] item: Leftovers
|upkeep
|turn|11
|
|t:|1661652227
|move|p2a: Landorus|Earthquake|p1a: Clefable
|-damage|p1a: Clefable|24/100
|move|p1a: Clefable|Moonblast|p2a: Landorus
|-damage|p2a: Landorus|0 fnt
|faint|p2a: Landorus
|
|upkeep
|
|t:|1661652230
|switch|p2a: Urshifu|Urshifu-Rapid-Strike, M|100/100
|turn|12
|
|t:|1661652233
|move|p2a: Urshifu|Close Combat|p1a: Clefable
|-resisted|p1a: Clefable
|-crit|p1a: Clefable
|-damage|p1a: Clefable|0 fnt
|-unboost|p2a: Urshifu|def|1
|-unboost|p2a: Urshifu|spd|1
|faint|p1a: Clefable
|
|upkeep
|
|t:|1661652235
|switch|p1a: Zapdos|Zapdos|100/100
|turn|13
|
|t:|1661652237
|switch|p2a: Ferrothorn|Ferrothorn, F|100/100
|move|p1a: Zapdos|Thunderbolt|p2a: Ferrothorn
|-resisted|p2a: Ferrothorn
|-damage|p2a: Ferrothorn|69/100
|
|-heal|p2a: Ferrothorn|75/100|[from] item: Leftovers
|upkeep
|turn|14
|
|t:|1661652241
|switch|p1a: Ferrothorn|Ferrothorn, M, shiny|100/100
|switch|p2a: Clefable|Clefable, M|100/100
|
|upkeep
|turn|15
|
|t:|1661652245
|move|p1a: Ferrothorn|Knock Off|p2a: Clefable
|-resisted|p2a: Clefable
|-damage|p2a: Clefable|92/100
|-enditem|p2a: Clefable|Leftovers|[from] move: Knock Off|[of] p1a: Ferrothorn
|move|p2a: Clefable|Teleport|p2a: Clefable
|
|t:|1661652254
|switch|p2a: Urshifu|Urshifu-Rapid-Strike, M|100/100|[from]move: Teleport
|
|upkeep
|turn|16
|
|t:|1661652256
|switch|p1a: Landorus|Landorus-Therian, M|100/100
|-ability|p1a: Landorus|Intimidate|boost
|-unboost|p2a: Urshifu|atk|1
|move|p2a: Urshifu|Surging Strikes|p1a: Landorus
|-supereffective|p1a: Landorus
|-crit|p1a: Landorus
|-damage|p1a: Landorus|33/100
|-supereffective|p1a: Landorus
|-crit|p1a: Landorus
|-damage|p1a: Landorus|0 fnt
|faint|p1a: Landorus
|-hitcount|p1: Landorus|2
|
|upkeep
|
|t:|1661652262
|switch|p1a: Zapdos|Zapdos|100/100
|turn|17
|
|t:|1661652286
|switch|p2a: Ferrothorn|Ferrothorn, F|75/100
|move|p1a: Zapdos|Thunderbolt|p2a: Ferrothorn
|-resisted|p2a: Ferrothorn
|-damage|p2a: Ferrothorn|45/100
|
|-heal|p2a: Ferrothorn|52/100|[from] item: Leftovers
|upkeep
|turn|18
|
|t:|1661652294
|switch|p1a: Ferrothorn|Ferrothorn, M, shiny|100/100
|move|p2a: Ferrothorn|Leech Seed|p1a: Ferrothorn
|-immune|p1a: Ferrothorn
|
|-heal|p2a: Ferrothorn|58/100|[from] item: Leftovers
|upkeep
|turn|19
|
|t:|1661652299
|move|p1a: Ferrothorn|Spikes|p2a: Ferrothorn
|-sidestart|p2: Darkman64|Spikes
|move|p2a: Ferrothorn|Spikes|p1a: Ferrothorn
|-sidestart|p1: GGeorgie◕‿◕|Spikes
|
|-heal|p2a: Ferrothorn|64/100|[from] item: Leftovers
|upkeep
|turn|20
|
|t:|1661652301
|move|p1a: Ferrothorn|Knock Off|p2a: Ferrothorn
|-damage|p2a: Ferrothorn|51/100
|-damage|p1a: Ferrothorn|88/100|[from] ability: Iron Barbs|[of] p2a: Ferrothorn
|-enditem|p2a: Ferrothorn|Leftovers|[from] move: Knock Off|[of] p1a: Ferrothorn
|move|p2a: Ferrothorn|Spikes|p1a: Ferrothorn
|-sidestart|p1: GGeorgie◕‿◕|Spikes
|
|upkeep
|turn|21
|
|t:|1661652303
|move|p1a: Ferrothorn|Spikes|p2a: Ferrothorn
|-sidestart|p2: Darkman64|Spikes
|move|p2a: Ferrothorn|Spikes|p1a: Ferrothorn
|-sidestart|p1: GGeorgie◕‿◕|Spikes
|
|upkeep
|turn|22
|
|t:|1661652306
|switch|p2a: Urshifu|Urshifu-Rapid-Strike, M|100/100
|-damage|p2a: Urshifu|84/100|[from] Spikes
|move|p1a: Ferrothorn|Spikes|p2a: Urshifu
|-sidestart|p2: Darkman64|Spikes
|
|upkeep
|turn|23
|
|t:|1661652311
|switch|p1a: Tyranitar|Tyranitar, F, shiny|100/100
|-damage|p1a: Tyranitar|76/100|[from] Spikes
|-weather|Sandstorm|[from] ability: Sand Stream|[of] p1a: Tyranitar
|move|p2a: Urshifu|Close Combat|p1a: Tyranitar
|-supereffective|p1a: Tyranitar
|-damage|p1a: Tyranitar|0 fnt
|-unboost|p2a: Urshifu|def|1
|-unboost|p2a: Urshifu|spd|1
|faint|p1a: Tyranitar
|
|-weather|Sandstorm|[upkeep]
|-damage|p2a: Urshifu|78/100|[from] Sandstorm
|upkeep
|
|t:|1661652314
|switch|p1a: Zapdos|Zapdos|100/100
|turn|24
|
|t:|1661652326
|switch|p2a: Ferrothorn|Ferrothorn, F|51/100
|-damage|p2a: Ferrothorn|26/100|[from] Spikes
|move|p1a: Zapdos|Volt Switch|p2a: Ferrothorn
|-resisted|p2a: Ferrothorn
|-damage|p2a: Ferrothorn|1/100
|
|t:|1661652329
|switch|p1a: Excadrill|Excadrill, M|100/100|[from]move: Volt Switch
|-damage|p1a: Excadrill|76/100|[from] Spikes
|
|-weather|Sandstorm|[upkeep]
|-heal|p1a: Excadrill|82/100|[from] item: Leftovers
|upkeep
|turn|25
|
|t:|1661652356
|move|p1a: Excadrill|Rapid Spin|p2a: Ferrothorn
|-resisted|p2a: Ferrothorn
|-damage|p2a: Ferrothorn|0 fnt
|-boost|p1a: Excadrill|spe|1
|-damage|p1a: Excadrill|69/100|[from] ability: Iron Barbs|[of] p2a: Ferrothorn
|-sideend|p1: GGeorgie◕‿◕|Spikes|[from] move: Rapid Spin|[of] p1a: Excadrill
|faint|p2a: Ferrothorn
|
|-weather|Sandstorm|[upkeep]
|-heal|p1a: Excadrill|75/100|[from] item: Leftovers
|upkeep
|
|t:|1661652360
|switch|p2a: Slowbro|Slowbro, F|75/100
|turn|26
|
|t:|1661652363
|switch|p1a: Zapdos|Zapdos|100/100
|move|p2a: Slowbro|Scald|p1a: Zapdos
|-damage|p1a: Zapdos|67/100
|-status|p1a: Zapdos|brn
|
|-weather|Sandstorm|[upkeep]
|-damage|p1a: Zapdos|61/100 brn|[from] Sandstorm
|-damage|p2a: Slowbro|69/100|[from] Sandstorm
|-damage|p1a: Zapdos|54/100 brn|[from] brn
|upkeep
|turn|27
|
|t:|1661652367
|switch|p2a: Clefable|Clefable, M|92/100
|-damage|p2a: Clefable|67/100|[from] Spikes
|move|p1a: Zapdos|Volt Switch|p2a: Clefable
|-damage|p2a: Clefable|14/100
|
|t:|1661652369
|switch|p1a: Excadrill|Excadrill, M|75/100|[from]move: Volt Switch
|
|-weather|none
|-heal|p1a: Excadrill|81/100|[from] item: Leftovers
|upkeep
|turn|28
|
|t:|1661652374
|switch|p1a: Zapdos|Zapdos|54/100 brn
|move|p2a: Clefable|Wish|p2a: Clefable
|
|-damage|p1a: Zapdos|48/100 brn|[from] brn
|upkeep
|turn|29
|
|t:|1661652377
|move|p2a: Clefable|Protect|p2a: Clefable
|-singleturn|p2a: Clefable|Protect
|move|p1a: Zapdos|Volt Switch|p2a: Clefable
|-activate|p2a: Clefable|move: Protect
|
|-heal|p2a: Clefable|64/100|[from] move: Wish|[wisher] Clefable
|-damage|p1a: Zapdos|42/100 brn|[from] brn
|upkeep
|turn|30
|
|t:|1661652379
|move|p1a: Zapdos|Volt Switch|p2a: Clefable
|-damage|p2a: Clefable|16/100
|
|t:|1661652381
|switch|p1a: Excadrill|Excadrill, M|81/100|[from]move: Volt Switch
|move|p2a: Clefable|Wish|p2a: Clefable
|
|-heal|p1a: Excadrill|87/100|[from] item: Leftovers
|upkeep
|turn|31
|
|t:|1661652407
|move|p2a: Clefable|Protect|p2a: Clefable
|-singleturn|p2a: Clefable|Protect
|move|p1a: Excadrill|Swords Dance|p1a: Excadrill
|-boost|p1a: Excadrill|atk|2
|
|-heal|p2a: Clefable|66/100|[from] move: Wish|[wisher] Clefable
|-heal|p1a: Excadrill|94/100|[from] item: Leftovers
|upkeep
|turn|32
|c|☆Darkman64|gg
|c|☆GGeorgie◕‿◕|gg
|
|t:|1661652416
|move|p1a: Excadrill|Earthquake|p2a: Clefable
|-damage|p2a: Clefable|23/100
|move|p2a: Clefable|Teleport|p2a: Clefable
|
|t:|1661652418
|switch|p2a: Urshifu|Urshifu-Rapid-Strike, M|78/100|[from]move: Teleport
|-damage|p2a: Urshifu|53/100|[from] Spikes
|
|-heal|p1a: Excadrill|99/100|[from] item: Leftovers
|upkeep
|turn|33
|
|t:|1661652427
|move|p2a: Urshifu|Close Combat|p1a: Excadrill
|-supereffective|p1a: Excadrill
|-damage|p1a: Excadrill|0 fnt
|-unboost|p2a: Urshifu|def|1
|-unboost|p2a: Urshifu|spd|1
|faint|p1a: Excadrill
|
|upkeep
|
|t:|1661652428
|switch|p1a: Zapdos|Zapdos|42/100 brn
|turn|34
|
|t:|1661652433
|switch|p2a: Slowbro|Slowbro, F|100/100
|move|p1a: Zapdos|Thunderbolt|p2a: Slowbro
|-supereffective|p2a: Slowbro
|-damage|p2a: Slowbro|0 fnt
|faint|p2a: Slowbro
|
|-damage|p1a: Zapdos|36/100 brn|[from] brn
|upkeep
|
|t:|1661652437
|switch|p2a: Urshifu|Urshifu-Rapid-Strike, M|53/100
|-damage|p2a: Urshifu|28/100|[from] Spikes
|turn|35
|
|t:|1661652439
|switch|p1a: Ferrothorn|Ferrothorn, M, shiny|88/100
|move|p2a: Urshifu|Close Combat|p1a: Ferrothorn
|-supereffective|p1a: Ferrothorn
|-damage|p1a: Ferrothorn|0 fnt
|-unboost|p2a: Urshifu|def|1
|-unboost|p2a: Urshifu|spd|1
|-damage|p2a: Urshifu|16/100|[from] ability: Iron Barbs|[of] p1a: Ferrothorn
|-damage|p2a: Urshifu|0 fnt|[from] item: Rocky Helmet|[of] p1a: Ferrothorn
|faint|p1a: Ferrothorn
|faint|p2a: Urshifu
|
|upkeep
|
|t:|1661652442
|switch|p2a: Clefable|Clefable, M|23/100
|switch|p1a: Zapdos|Zapdos|36/100 brn
|-damage|p2a: Clefable|0 fnt|[from] Spikes
|faint|p2a: Clefable
|
|win|GGeorgie◕‿◕
|raw|GGeorgie◕‿◕'s rating: 1692 &rarr; <strong>1707</strong><br />(+15 for winning)
|raw|Darkman64's rating: 1611 &rarr; <strong>1596</strong><br />(-15 for losing)
