|j|☆noudle soop
|j|☆IT'S SUNNY DAY
|t:|1635895637
|gametype|singles
|player|p1|noudle soop|sailor|1711
|player|p2|IT'S SUNNY DAY|1|1862
|teamsize|p1|6
|teamsize|p2|6
|gen|8
|tier|[Gen 8] OU
|rated|
|rule|Sleep Clause Mod: Limit one foe put to sleep
|rule|Species Clause: Limit one of each Pokémon
|rule|OHKO Clause: OHKO moves are banned
|rule|Evasion Moves Clause: Evasion moves are banned
|rule|Endless Battle Clause: Forcing endless battles is banned
|rule|HP Percentage Mod: HP is shown in percentages
|rule|Dynamax Clause: You cannot dynamax
|clearpoke
|poke|p1|Cloyster, F|
|poke|p1|Kartana|
|poke|p1|Celesteela|
|poke|p1|Dragapult, M|
|poke|p1|Landorus-Therian, M|
|poke|p1|Dragonite, M|
|poke|p2|Glastrier|
|poke|p2|Urshifu-*, F|
|poke|p2|Togekiss, M|
|poke|p2|Hippowdon, M|
|poke|p2|Volcarona, M|
|poke|p2|Corviknight, M|
|teampreview
|inactive|Battle timer is ON: inactive players will automatically lose when time's up. (requested by noudle soop)
|
|t:|1635895648
|start
|switch|p1a: Dragapult|Dragapult, M|100/100
|switch|p2a: Urshifu|Urshifu-Rapid-Strike, F|100/100
|turn|1
|j| Boston Life
|
|t:|1635895653
|move|p2a: Urshifu|U-turn|p1a: Dragapult
|-resisted|p1a: Dragapult
|-damage|p1a: Dragapult|83/100
|
|t:|1635895656
|switch|p2a: Hippowdon|Hippowdon, M|100/100|[from]move: U-turn
|-weather|Sandstorm|[from] ability: Sand Stream|[of] p2a: Hippowdon
|move|p1a: Dragapult|Shadow Ball|p2a: Hippowdon
|-damage|p2a: Hippowdon|71/100
|
|-weather|Sandstorm|[upkeep]
|-damage|p1a: Dragapult|77/100|[from] Sandstorm
|-heal|p2a: Hippowdon|77/100|[from] item: Leftovers
|upkeep
|turn|2
|
|t:|1635895658
|move|p1a: Dragapult|Hydro Pump|p2a: Hippowdon
|-supereffective|p2a: Hippowdon
|-crit|p2a: Hippowdon
|-damage|p2a: Hippowdon|0 fnt
|faint|p2a: Hippowdon
|
|-weather|Sandstorm|[upkeep]
|-damage|p1a: Dragapult|71/100|[from] Sandstorm
|upkeep
|
|t:|1635895673
|switch|p2a: Glastrier|Glastrier|100/100
|turn|3
|
|t:|1635895678
|switch|p1a: Celesteela|Celesteela|100/100
|move|p2a: Glastrier|Icicle Crash|p1a: Celesteela
|-damage|p1a: Celesteela|67/100
|
|-weather|Sandstorm|[upkeep]
|-damage|p2a: Glastrier|94/100|[from] Sandstorm
|-heal|p1a: Celesteela|73/100|[from] item: Leftovers
|upkeep
|turn|4
|j| soldado black
|
|t:|1635895685
|move|p1a: Celesteela|Fire Blast|p2a: Glastrier
|-supereffective|p2a: Glastrier
|-damage|p2a: Glastrier|49/100
|move|p2a: Glastrier|Swords Dance|p2a: Glastrier
|-boost|p2a: Glastrier|atk|2
|
|-weather|Sandstorm|[upkeep]
|-damage|p2a: Glastrier|43/100|[from] Sandstorm
|-heal|p1a: Celesteela|79/100|[from] item: Leftovers
|upkeep
|turn|5
|
|t:|1635895690
|switch|p2a: Volcarona|Volcarona, M|100/100
|move|p1a: Celesteela|Fire Blast|p2a: Volcarona
|-damage|p2a: Volcarona|77/100
|
|-weather|none
|-heal|p1a: Celesteela|85/100|[from] item: Leftovers
|upkeep
|turn|6
|
|t:|1635895695
|switch|p1a: Landorus|Landorus-Therian, M|100/100
|-ability|p1a: Landorus|Intimidate|boost
|-unboost|p2a: Volcarona|atk|1
|move|p2a: Volcarona|Flamethrower|p1a: Landorus
|-damage|p1a: Landorus|69/100
|
|-heal|p1a: Landorus|75/100|[from] item: Leftovers
|upkeep
|turn|7
|
|t:|1635895700
|switch|p2a: Corviknight|Corviknight, M|100/100
|-ability|p2a: Corviknight|Pressure
|move|p1a: Landorus|U-turn|p2a: Corviknight
|-resisted|p2a: Corviknight
|-damage|p2a: Corviknight|96/100
|
|t:|1635895703
|switch|p1a: Dragapult|Dragapult, M|71/100|[from]move: U-turn
|
|-heal|p2a: Corviknight|100/100|[from] item: Leftovers
|upkeep
|turn|8
|
|t:|1635895708
|move|p1a: Dragapult|Thunderbolt|p2a: Corviknight
|-supereffective|p2a: Corviknight
|-damage|p2a: Corviknight|53/100
|move|p2a: Corviknight|U-turn|p1a: Dragapult
|-resisted|p1a: Dragapult
|-damage|p1a: Dragapult|62/100
|
|t:|1635895715
|switch|p2a: Volcarona|Volcarona, M|77/100|[from]move: U-turn
|
|upkeep
|turn|9
|
|t:|1635895719
|move|p1a: Dragapult|Hydro Pump|p2a: Volcarona
|-supereffective|p2a: Volcarona
|-damage|p2a: Volcarona|6/100
|move|p2a: Volcarona|Quiver Dance|p2a: Volcarona
|-boost|p2a: Volcarona|spa|1
|-boost|p2a: Volcarona|spd|1
|-boost|p2a: Volcarona|spe|1
|
|upkeep
|turn|10
|
|t:|1635895724
|switch|p1a: college dropout|Dragonite, M|100/100
|move|p2a: Volcarona|Psychic|p1a: college dropout
|-damage|p1a: college dropout|82/100
|
|upkeep
|turn|11
|
|t:|1635895729
|move|p2a: Volcarona|Roost|p2a: Volcarona
|-heal|p2a: Volcarona|56/100
|-singleturn|p2a: Volcarona|move: Roost
|move|p1a: college dropout|Dragon Dance|p1a: college dropout
|-boost|p1a: college dropout|atk|1
|-boost|p1a: college dropout|spe|1
|
|upkeep
|turn|12
|j| aesnop
|
|t:|1635895737
|move|p2a: Volcarona|Psychic|p1a: college dropout
|-damage|p1a: college dropout|43/100
|move|p1a: college dropout|Dragon Dance|p1a: college dropout
|-boost|p1a: college dropout|atk|1
|-boost|p1a: college dropout|spe|1
|
|upkeep
|turn|13
|
|t:|1635895741
|switch|p2a: Corviknight|Corviknight, M|53/100
|-ability|p2a: Corviknight|Pressure
|move|p1a: college dropout|Earthquake|p2a: Corviknight
|-immune|p2a: Corviknight
|
|-heal|p2a: Corviknight|59/100|[from] item: Leftovers
|upkeep
|turn|14
|
|t:|1635895749
|move|p1a: college dropout|Roost|p1a: college dropout
|-heal|p1a: college dropout|93/100
|-singleturn|p1a: college dropout|move: Roost
|move|p2a: Corviknight|Roost|p2a: Corviknight
|-heal|p2a: Corviknight|100/100
|-singleturn|p2a: Corviknight|move: Roost
|
|upkeep
|turn|15
|
|t:|1635895750
|move|p1a: college dropout|Dragon Dance|p1a: college dropout
|-boost|p1a: college dropout|atk|1
|-boost|p1a: college dropout|spe|1
|move|p2a: Corviknight|Brave Bird|p1a: college dropout
|-damage|p1a: college dropout|60/100
|-damage|p2a: Corviknight|90/100|[from] Recoil
|
|-heal|p2a: Corviknight|96/100|[from] item: Leftovers
|upkeep
|turn|16
|
|t:|1635895753
|move|p1a: college dropout|Dragon Dance|p1a: college dropout
|-boost|p1a: college dropout|atk|1
|-boost|p1a: college dropout|spe|1
|move|p2a: Corviknight|Brave Bird|p1a: college dropout
|-damage|p1a: college dropout|28/100
|-damage|p2a: Corviknight|86/100|[from] Recoil
|
|-heal|p2a: Corviknight|92/100|[from] item: Leftovers
|upkeep
|turn|17
|l| Boston Life
|
|t:|1635895756
|move|p1a: college dropout|Roost|p1a: college dropout
|-heal|p1a: college dropout|78/100
|-singleturn|p1a: college dropout|move: Roost
|move|p2a: Corviknight|Brave Bird|p1a: college dropout
|-damage|p1a: college dropout|48/100
|-damage|p2a: Corviknight|82/100|[from] Recoil
|
|-heal|p2a: Corviknight|89/100|[from] item: Leftovers
|upkeep
|turn|18
|
|t:|1635895759
|move|p1a: college dropout|Roost|p1a: college dropout
|-heal|p1a: college dropout|98/100
|-singleturn|p1a: college dropout|move: Roost
|move|p2a: Corviknight|Brave Bird|p1a: college dropout
|-damage|p1a: college dropout|63/100
|-damage|p2a: Corviknight|77/100|[from] Recoil
|
|-heal|p2a: Corviknight|84/100|[from] item: Leftovers
|upkeep
|turn|19
|
|t:|1635895761
|move|p1a: college dropout|Roost|p1a: college dropout
|-heal|p1a: college dropout|100/100
|-singleturn|p1a: college dropout|move: Roost
|move|p2a: Corviknight|Brave Bird|p1a: college dropout
|-damage|p1a: college dropout|86/100
|-damage|p2a: Corviknight|79/100|[from] Recoil
|
|-heal|p2a: Corviknight|85/100|[from] item: Leftovers
|upkeep
|turn|20
|
|t:|1635895763
|move|p1a: college dropout|Dragon Dance|p1a: college dropout
|-boost|p1a: college dropout|atk|1
|-boost|p1a: college dropout|spe|1
|move|p2a: Corviknight|Brave Bird|p1a: college dropout
|-damage|p1a: college dropout|51/100
|-damage|p2a: Corviknight|74/100|[from] Recoil
|
|-heal|p2a: Corviknight|80/100|[from] item: Leftovers
|upkeep
|turn|21
|
|t:|1635895770
|move|p1a: college dropout|Roost|p1a: college dropout
|-heal|p1a: college dropout|100/100
|-singleturn|p1a: college dropout|move: Roost
|move|p2a: Corviknight|Brave Bird|p1a: college dropout
|-damage|p1a: college dropout|85/100
|-damage|p2a: Corviknight|76/100|[from] Recoil
|
|-heal|p2a: Corviknight|82/100|[from] item: Leftovers
|upkeep
|turn|22
|
|t:|1635895772
|move|p1a: college dropout|Ice Punch|p2a: Corviknight
|-damage|p2a: Corviknight|13/100
|move|p2a: Corviknight|Brave Bird|p1a: college dropout
|-damage|p1a: college dropout|52/100
|-damage|p2a: Corviknight|3/100|[from] Recoil
|
|-heal|p2a: Corviknight|9/100|[from] item: Leftovers
|upkeep
|turn|23
|
|t:|1635895775
|move|p1a: college dropout|Ice Punch|p2a: Corviknight
|-damage|p2a: Corviknight|0 fnt
|faint|p2a: Corviknight
|
|upkeep
|
|t:|1635895778
|switch|p2a: Togekiss|Togekiss, M|100/100
|turn|24
|
|t:|1635895780
|switch|p2a: Volcarona|Volcarona, M|56/100
|move|p1a: college dropout|Ice Punch|p2a: Volcarona
|-resisted|p2a: Volcarona
|-damage|p2a: Volcarona|7/100
|
|upkeep
|turn|25
|
|t:|1635895783
|switch|p2a: Togekiss|Togekiss, M|100/100
|move|p1a: college dropout|Earthquake|p2a: Togekiss
|-immune|p2a: Togekiss
|
|upkeep
|turn|26
|
|t:|1635895786
|switch|p2a: Volcarona|Volcarona, M|7/100
|move|p1a: college dropout|Ice Punch|p2a: Volcarona
|-resisted|p2a: Volcarona
|-damage|p2a: Volcarona|0 fnt
|-status|p1a: college dropout|brn|[from] ability: Flame Body|[of] p2a: Volcarona
|faint|p2a: Volcarona
|
|-damage|p1a: college dropout|46/100 brn|[from] brn
|upkeep
|
|t:|1635895792
|switch|p2a: Glastrier|Glastrier|43/100
|turn|27
|
|t:|1635895794
|move|p1a: college dropout|Earthquake|p2a: Glastrier
|-damage|p2a: Glastrier|0 fnt
|faint|p2a: Glastrier
|
|-damage|p1a: college dropout|39/100 brn|[from] brn
|upkeep
|
|t:|1635895797
|switch|p2a: Urshifu|Urshifu-Rapid-Strike, F|100/100
|turn|28
|j| hypervortexreturns
|
|t:|1635895800
|move|p1a: college dropout|Earthquake|p2a: Urshifu
|-damage|p2a: Urshifu|43/100
|move|p2a: Urshifu|Ice Punch|p1a: college dropout
|-supereffective|p1a: college dropout
|-damage|p1a: college dropout|0 fnt
|faint|p1a: college dropout
|
|upkeep
|
|t:|1635895804
|switch|p1a: Cloyster|Cloyster, F|100/100
|turn|29
|-message|IT'S SUNNY DAY forfeited.
|
|win|noudle soop
|raw|noudle soop's rating: 1711 &rarr; <strong>1739</strong><br />(+28 for winning)
|raw|IT&apos;S SUNNY DAY's rating: 1862 &rarr; <strong>1834</strong><br />(-28 for losing)
|l|☆IT'S SUNNY DAY
