|j|☆Kotokawa Akira
|j|☆DjezzeMwoan
|t:|1662636596
|gametype|singles
|player|p1|Kotokawa Akira|lisia|1414
|player|p2|DjezzeMwoan|gambler|1353
|teamsize|p1|6
|teamsize|p2|6
|gen|8
|tier|[Gen 8] OU
|rated|
|rule|Sleep Clause Mod: Limit one foe put to sleep
|rule|Species Clause: Limit one of each Pokémon
|rule|OHKO Clause: OHKO moves are banned
|rule|Evasion Items Clause: Evasion items are banned
|rule|Evasion Moves Clause: Evasion moves are banned
|rule|Endless Battle Clause: Forcing endless battles is banned
|rule|HP Percentage Mod: HP is shown in percentages
|rule|Dynamax Clause: You cannot dynamax
|clearpoke
|poke|p1|Kartana|
|poke|p1|Heatran, F|
|poke|p1|Zapdos|
|poke|p1|Tapu Koko|
|poke|p1|Landorus-Therian, M|
|poke|p1|Clefable, M|
|poke|p2|Tapu Koko|
|poke|p2|Urshifu-*, M|
|poke|p2|Melmetal|
|poke|p2|Heatran, M|
|poke|p2|Landorus-Therian, M|
|poke|p2|Tornadus-Therian, M|
|teampreview
|
|t:|1662636613
|start
|switch|p1a: Clefable|Clefable, M|100/100
|switch|p2a: Tornadus|Tornadus-Therian, M|100/100
|turn|1
|
|t:|1662636621
|move|p2a: Tornadus|Knock Off|p1a: Clefable
|-resisted|p1a: Clefable
|-damage|p1a: Clefable|93/100
|-enditem|p1a: Clefable|Sticky Barb|[from] move: Knock Off|[of] p2a: Tornadus
|move|p1a: Clefable|Trick|p2a: Tornadus
|-activate|p1a: Clefable|move: Trick|[of] p2a: Tornadus
|-enditem|p2a: Tornadus|Assault Vest|[silent]|[from] move: Trick
|-item|p1a: Clefable|Assault Vest|[from] move: Trick
|
|upkeep
|turn|2
|
|t:|1662636628
|move|p2a: Tornadus|U-turn|p1a: Clefable
|-resisted|p1a: Clefable
|-damage|p1a: Clefable|88/100
|
|t:|1662636630
|switch|p2a: Melmetal|Melmetal|100/100|[from]move: U-turn
|move|p1a: Clefable|Moonblast|p2a: Melmetal
|-resisted|p2a: Melmetal
|-damage|p2a: Melmetal|87/100
|
|-heal|p2a: Melmetal|93/100|[from] item: Leftovers
|upkeep
|turn|3
|
|t:|1662636638
|switch|p1a: Zapdos|Zapdos|100/100
|move|p2a: Melmetal|Toxic|p1a: Zapdos
|-status|p1a: Zapdos|tox
|
|-heal|p2a: Melmetal|99/100|[from] item: Leftovers
|-damage|p1a: Zapdos|94/100 tox|[from] psn
|upkeep
|turn|4
|
|t:|1662636646
|move|p2a: Melmetal|Protect|p2a: Melmetal
|-singleturn|p2a: Melmetal|Protect
|move|p1a: Zapdos|Volt Switch|p2a: Melmetal
|-activate|p2a: Melmetal|move: Protect
|
|-heal|p2a: Melmetal|100/100|[from] item: Leftovers
|-damage|p1a: Zapdos|82/100 tox|[from] psn
|upkeep
|turn|5
|
|t:|1662636691
|move|p1a: Zapdos|Volt Switch|p2a: Melmetal
|-damage|p2a: Melmetal|73/100
|
|t:|1662636696
|switch|p1a: Heatran|Heatran, F|100/100|[from]move: Volt Switch
|move|p2a: Melmetal|Earthquake|p1a: Heatran
|-supereffective|p1a: Heatran
|-damage|p1a: Heatran|0 fnt
|faint|p1a: Heatran
|
|-heal|p2a: Melmetal|79/100|[from] item: Leftovers
|upkeep
|-message|Kotokawa Akira forfeited.
|
|win|DjezzeMwoan
|raw|Kotokawa Akira's rating: 1414 &rarr; <strong>1391</strong><br />(-23 for losing)
|raw|DjezzeMwoan's rating: 1353 &rarr; <strong>1376</strong><br />(+23 for winning)
|l|☆Kotokawa Akira
|c|☆DjezzeMwoan|ez
||Ladder isn't responding, score probably updated but might not have (Request timeout).
