|j|☆minimax_ai
|j|☆Darkman64
|t:|1661302460
|gametype|singles
|player|p1|minimax_ai|lusamine-nihilego|1490
|player|p2|Darkman64|juan|1492
|teamsize|p1|6
|teamsize|p2|6
|gen|8
|tier|[Gen 8] OU
|rated|
|rule|Sleep Clause Mod: Limit one foe put to sleep
|rule|Species Clause: Limit one of each Pokémon
|rule|OHKO Clause: OHKO moves are banned
|rule|Evasion Items Clause: Evasion items are banned
|rule|Evasion Moves Clause: Evasion moves are banned
|rule|Endless Battle Clause: Forcing endless battles is banned
|rule|HP Percentage Mod: HP is shown in percentages
|rule|Dynamax Clause: You cannot dynamax
|clearpoke
|poke|p1|Rotom-Wash|
|poke|p1|Weavile, M|
|poke|p1|Landorus-Therian, M|
|poke|p1|Heatran, M|
|poke|p1|Tangrowth, F|
|poke|p1|Melmetal|
|poke|p2|Weavile, F|
|poke|p2|Slowbro, M|
|poke|p2|Landorus-Therian, M|
|poke|p2|Urshifu-*, F|
|poke|p2|Ferrothorn, M|
|poke|p2|Clefable, F|
|teampreview
|c|☆minimax_ai|hf
|inactive|Battle timer is ON: inactive players will automatically lose when time's up. (requested by minimax_ai)
|
|t:|1661302476
|start
|switch|p1a: landorustherian|Landorus-Therian, M|100/100
|switch|p2a: Weavile|Weavile, F|100/100
|-ability|p2a: Weavile|Pressure
|-ability|p1a: landorustherian|Intimidate|boost
|-unboost|p2a: Weavile|atk|1
|turn|1
|
|t:|1661302479
|switch|p1a: Tangrowth|Tangrowth, F|100/100
|move|p2a: Weavile|Triple Axel|p1a: Tangrowth
|-supereffective|p1a: Tangrowth
|-damage|p1a: Tangrowth|90/100
|-damage|p2a: Weavile|84/100|[from] item: Rocky Helmet|[of] p1a: Tangrowth
|-supereffective|p1a: Tangrowth
|-damage|p1a: Tangrowth|68/100
|-damage|p2a: Weavile|68/100|[from] item: Rocky Helmet|[of] p1a: Tangrowth
|-supereffective|p1a: Tangrowth
|-damage|p1a: Tangrowth|38/100
|-damage|p2a: Weavile|51/100|[from] item: Rocky Helmet|[of] p1a: Tangrowth
|-hitcount|p1a: Tangrowth|3
|
|upkeep
|turn|2
|
|t:|1661302484
|switch|p2a: Clefable|Clefable, F|100/100
|move|p1a: Tangrowth|Focus Blast|p2a: Clefable
|-resisted|p2a: Clefable
|-damage|p2a: Clefable|87/100
|
|-heal|p2a: Clefable|93/100|[from] item: Leftovers
|upkeep
|turn|3
|
|t:|1661302489
|switch|p1a: Heatran|Heatran, M|100/100
|-item|p1a: Heatran|Air Balloon
|move|p2a: Clefable|Wish|p2a: Clefable
|
|-heal|p2a: Clefable|99/100|[from] item: Leftovers
|upkeep
|turn|4
|inactive|Darkman64 has 120 seconds left.
|inactive|Darkman64 has 90 seconds left.
|l|☆Darkman64
|inactive|Darkman64 disconnected and has a minute to reconnect!
|player|p2|
|j|☆Darkman64
|inactive|Darkman64 reconnected and has 65 seconds left.
|player|p2|Darkman64|juan
|inactive|Darkman64 has 60 seconds left.
|
|t:|1661302590
|switch|p2a: Urshifu|Urshifu-Rapid-Strike, F|100/100
|move|p1a: Heatran|Stealth Rock|p2a: Urshifu
|-sidestart|p2: Darkman64|move: Stealth Rock
|
|upkeep
|turn|5
|
|t:|1661302596
|switch|p1a: Tangrowth|Tangrowth, F|71/100
|move|p2a: Urshifu|Close Combat|p1a: Tangrowth
|-damage|p1a: Tangrowth|22/100
|-unboost|p2a: Urshifu|def|1
|-unboost|p2a: Urshifu|spd|1
|-damage|p2a: Urshifu|84/100|[from] item: Rocky Helmet|[of] p1a: Tangrowth
|
|upkeep
|turn|6
|
|t:|1661302598
|switch|p1a: landorustherian|Landorus-Therian, M|100/100
|-ability|p1a: landorustherian|Intimidate|boost
|-unboost|p2a: Urshifu|atk|1
|move|p2a: Urshifu|Close Combat|p1a: landorustherian
|-resisted|p1a: landorustherian
|-damage|p1a: landorustherian|70/100
|-unboost|p2a: Urshifu|def|1
|-unboost|p2a: Urshifu|spd|1
|
|-heal|p1a: landorustherian|76/100|[from] item: Leftovers
|upkeep
|turn|7
|
|t:|1661302602
|switch|p2a: Landorus|Landorus-Therian, M|100/100
|-damage|p2a: Landorus|88/100|[from] Stealth Rock
|-ability|p2a: Landorus|Intimidate|boost
|-unboost|p1a: landorustherian|atk|1
|switch|p1a: Tangrowth|Tangrowth, F|55/100
|
|-heal|p2a: Landorus|94/100|[from] item: Leftovers
|upkeep
|turn|8
|
|t:|1661302607
|move|p2a: Landorus|Toxic|p1a: Tangrowth
|-status|p1a: Tangrowth|tox
|move|p1a: Tangrowth|Sleep Powder|p2a: Landorus
|-status|p2a: Landorus|slp|[from] move: Sleep Powder
|
|-heal|p2a: Landorus|99/100 slp|[from] item: Leftovers
|-damage|p1a: Tangrowth|49/100 tox|[from] psn
|upkeep
|turn|9
|
|t:|1661302610
|switch|p1a: landorustherian|Landorus-Therian, M|76/100
|-ability|p1a: landorustherian|Intimidate|boost
|-unboost|p2a: Landorus|atk|1
|cant|p2a: Landorus|slp
|
|-heal|p1a: landorustherian|82/100|[from] item: Leftovers
|-heal|p2a: Landorus|100/100 slp|[from] item: Leftovers
|upkeep
|turn|10
|
|t:|1661302612
|switch|p1a: Tangrowth|Tangrowth, F|82/100 tox
|-curestatus|p2a: Landorus|slp|[msg]
|move|p2a: Landorus|Toxic|p1a: Tangrowth
|-fail|p1a: Tangrowth|tox
|
|-damage|p1a: Tangrowth|75/100 tox|[from] psn
|upkeep
|turn|11
|
|t:|1661302614
|switch|p1a: Heatran|Heatran, M|100/100
|-item|p1a: Heatran|Air Balloon
|move|p2a: Landorus|Defog|p1a: Heatran
|-unboost|p1a: Heatran|evasion|1
|-sideend|p2: Darkman64|Stealth Rock|[from] move: Defog|[of] p2a: Landorus
|
|upkeep
|turn|12
|
|t:|1661302617
|move|p1a: Heatran|Stealth Rock|p2a: Landorus
|-sidestart|p2: Darkman64|move: Stealth Rock
|move|p2a: Landorus|U-turn|p1a: Heatran
|-resisted|p1a: Heatran
|-damage|p1a: Heatran|97/100
|-enditem|p1a: Heatran|Air Balloon
|
|t:|1661302619
|switch|p2a: Urshifu|Urshifu-Rapid-Strike, F|84/100|[from]move: U-turn
|-damage|p2a: Urshifu|78/100|[from] Stealth Rock
|
|upkeep
|turn|13
|
|t:|1661302622
|switch|p1a: Tangrowth|Tangrowth, F|100/100 tox
|move|p2a: Urshifu|Surging Strikes|p1a: Tangrowth
|-resisted|p1a: Tangrowth
|-crit|p1a: Tangrowth
|-damage|p1a: Tangrowth|93/100 tox
|-damage|p2a: Urshifu|61/100|[from] item: Rocky Helmet|[of] p1a: Tangrowth
|-resisted|p1a: Tangrowth
|-crit|p1a: Tangrowth
|-damage|p1a: Tangrowth|85/100 tox
|-damage|p2a: Urshifu|44/100|[from] item: Rocky Helmet|[of] p1a: Tangrowth
|-resisted|p1a: Tangrowth
|-crit|p1a: Tangrowth
|-damage|p1a: Tangrowth|77/100 tox
|-damage|p2a: Urshifu|28/100|[from] item: Rocky Helmet|[of] p1a: Tangrowth
|-hitcount|p1a: Tangrowth|3
|
|-damage|p1a: Tangrowth|71/100 tox|[from] psn
|upkeep
|turn|14
|
|t:|1661302626
|switch|p2a: Ferrothorn|Ferrothorn, M|100/100
|-damage|p2a: Ferrothorn|94/100|[from] Stealth Rock
|switch|p1a: rotomwash|Rotom-Wash|100/100
|
|-heal|p2a: Ferrothorn|100/100|[from] item: Leftovers
|upkeep
|turn|15
|
|t:|1661302630
|switch|p1a: Heatran|Heatran, M|97/100
|move|p2a: Ferrothorn|Seed Bomb|p1a: Heatran
|-resisted|p1a: Heatran
|-damage|p1a: Heatran|91/100
|
|upkeep
|turn|16
|
|t:|1661302634
|switch|p2a: Landorus|Landorus-Therian, M|100/100
|-damage|p2a: Landorus|88/100|[from] Stealth Rock
|-ability|p2a: Landorus|Intimidate|boost
|-unboost|p1a: Heatran|atk|1
|move|p1a: Heatran|Magma Storm|p2a: Landorus
|-damage|p2a: Landorus|48/100
|-activate|p2a: Landorus|move: Magma Storm|[of] p1a: Heatran
|
|-heal|p2a: Landorus|54/100|[from] item: Leftovers
|-damage|p2a: Landorus|42/100|[from] move: Magma Storm|[partiallytrapped]
|upkeep
|turn|17
|
|t:|1661302636
|move|p1a: Heatran|Eruption|p2a: Landorus
|-damage|p2a: Landorus|0 fnt
|faint|p2a: Landorus
|
|upkeep
|
|t:|1661302638
|switch|p2a: Slowbro|Slowbro, M|100/100
|turn|18
|
|t:|1661302640
|switch|p1a: Tangrowth|Tangrowth, F|100/100 tox
|move|p2a: Slowbro|Scald|p1a: Tangrowth
|-resisted|p1a: Tangrowth
|-damage|p1a: Tangrowth|79/100 tox
|
|-damage|p1a: Tangrowth|73/100 tox|[from] psn
|upkeep
|turn|19
|
|t:|1661302642
|switch|p1a: rotomwash|Rotom-Wash|100/100
|move|p2a: Slowbro|Teleport|p2a: Slowbro
|
|t:|1661302646
|switch|p2a: Ferrothorn|Ferrothorn, M|100/100|[from]move: Teleport
|-damage|p2a: Ferrothorn|94/100|[from] Stealth Rock
|
|-heal|p2a: Ferrothorn|100/100|[from] item: Leftovers
|upkeep
|turn|20
|
|t:|1661302649
|switch|p1a: Heatran|Heatran, M|91/100
|move|p2a: Ferrothorn|Knock Off|p1a: Heatran
|-damage|p1a: Heatran|76/100
|
|upkeep
|turn|21
|
|t:|1661302652
|switch|p2a: Slowbro|Slowbro, M|100/100
|move|p1a: Heatran|Magma Storm|p2a: Slowbro
|-resisted|p2a: Slowbro
|-damage|p2a: Slowbro|74/100
|-activate|p2a: Slowbro|move: Magma Storm|[of] p1a: Heatran
|
|-damage|p2a: Slowbro|61/100|[from] move: Magma Storm|[partiallytrapped]
|upkeep
|turn|22
|
|t:|1661302660
|move|p1a: Heatran|Magma Storm|p2a: Slowbro
|-resisted|p2a: Slowbro
|-damage|p2a: Slowbro|37/100
|move|p2a: Slowbro|Scald|p1a: Heatran
|-supereffective|p1a: Heatran
|-damage|p1a: Heatran|24/100
|
|-damage|p2a: Slowbro|25/100|[from] move: Magma Storm|[partiallytrapped]
|upkeep
|turn|23
|
|t:|1661302665
|move|p1a: Heatran|Magma Storm|p2a: Slowbro
|-resisted|p2a: Slowbro
|-damage|p2a: Slowbro|1/100
|move|p2a: Slowbro|Slack Off|p2a: Slowbro
|-heal|p2a: Slowbro|51/100
|
|-damage|p2a: Slowbro|39/100|[from] move: Magma Storm|[partiallytrapped]
|upkeep
|turn|24
|
|t:|1661302668
|move|p1a: Heatran|Magma Storm|p2a: Slowbro|[miss]
|-miss|p1a: Heatran|p2a: Slowbro
|move|p2a: Slowbro|Scald|p1a: Heatran
|-supereffective|p1a: Heatran
|-damage|p1a: Heatran|0 fnt
|faint|p1a: Heatran
|
|-end|p2a: Slowbro|Magma Storm|[partiallytrapped]|[silent]
|upkeep
|
|t:|1661302668
|switch|p1a: Weavile|Weavile, M|100/100
|-ability|p1a: Weavile|Pressure
|turn|25
|
|t:|1661302672
|switch|p2a: Clefable|Clefable, F|99/100
|-damage|p2a: Clefable|87/100|[from] Stealth Rock
|move|p1a: Weavile|Knock Off|p2a: Clefable
|-resisted|p2a: Clefable
|-damage|p2a: Clefable|59/100
|-enditem|p2a: Clefable|Leftovers|[from] move: Knock Off|[of] p1a: Weavile
|
|upkeep
|turn|26
|
|t:|1661302674
|switch|p1a: landorustherian|Landorus-Therian, M|82/100
|-ability|p1a: landorustherian|Intimidate|boost
|-unboost|p2a: Clefable|atk|1
|move|p2a: Clefable|Wish|p2a: Clefable
|
|-heal|p1a: landorustherian|88/100|[from] item: Leftovers
|upkeep
|turn|27
|
|t:|1661302677
|move|p1a: landorustherian|Toxic|p2a: Clefable
|-status|p2a: Clefable|tox
|move|p2a: Clefable|Moonblast|p1a: landorustherian
|-damage|p1a: landorustherian|63/100
|-unboost|p1a: landorustherian|spa|1
|
|-heal|p2a: Clefable|100/100 tox|[from] move: Wish|[wisher] Clefable
|-heal|p1a: landorustherian|69/100|[from] item: Leftovers
|-damage|p2a: Clefable|94/100 tox|[from] psn
|upkeep
|turn|28
|
|t:|1661302679
|move|p1a: landorustherian|Earthquake|p2a: Clefable
|-damage|p2a: Clefable|57/100 tox
|move|p2a: Clefable|Teleport|p2a: Clefable
|
|t:|1661302682
|switch|p2a: Urshifu|Urshifu-Rapid-Strike, F|28/100|[from]move: Teleport
|-damage|p2a: Urshifu|22/100|[from] Stealth Rock
|
|-heal|p1a: landorustherian|75/100|[from] item: Leftovers
|upkeep
|turn|29
|
|t:|1661302686
|switch|p1a: Tangrowth|Tangrowth, F|100/100 tox
|move|p2a: Urshifu|Close Combat|p1a: Tangrowth
|-damage|p1a: Tangrowth|50/100 tox
|-unboost|p2a: Urshifu|def|1
|-unboost|p2a: Urshifu|spd|1
|-damage|p2a: Urshifu|5/100|[from] item: Rocky Helmet|[of] p1a: Tangrowth
|
|-damage|p1a: Tangrowth|44/100 tox|[from] psn
|upkeep
|turn|30
|
|t:|1661302691
|switch|p1a: landorustherian|Landorus-Therian, M|75/100
|-ability|p1a: landorustherian|Intimidate|boost
|-unboost|p2a: Urshifu|atk|1
|move|p2a: Urshifu|Close Combat|p1a: landorustherian
|-resisted|p1a: landorustherian
|-damage|p1a: landorustherian|47/100
|-unboost|p2a: Urshifu|def|1
|-unboost|p2a: Urshifu|spd|1
|
|-heal|p1a: landorustherian|53/100|[from] item: Leftovers
|upkeep
|turn|31
|
|t:|1661302694
|move|p2a: Urshifu|Close Combat|p1a: landorustherian
|-resisted|p1a: landorustherian
|-damage|p1a: landorustherian|22/100
|-unboost|p2a: Urshifu|def|1
|-unboost|p2a: Urshifu|spd|1
|move|p1a: landorustherian|Earthquake|p2a: Urshifu
|-damage|p2a: Urshifu|0 fnt
|faint|p2a: Urshifu
|
|-heal|p1a: landorustherian|28/100|[from] item: Leftovers
|upkeep
|
|t:|1661302698
|switch|p2a: Ferrothorn|Ferrothorn, M|100/100
|-damage|p2a: Ferrothorn|94/100|[from] Stealth Rock
|turn|32
|
|t:|1661302701
|switch|p1a: Tangrowth|Tangrowth, F|77/100 tox
|move|p2a: Ferrothorn|Spikes|p1a: Tangrowth
|-sidestart|p1: minimax_ai|Spikes
|
|-heal|p2a: Ferrothorn|100/100|[from] item: Leftovers
|-damage|p1a: Tangrowth|71/100 tox|[from] psn
|upkeep
|turn|33
|
|t:|1661302703
|switch|p1a: landorustherian|Landorus-Therian, M|28/100
|-ability|p1a: landorustherian|Intimidate|boost
|-unboost|p2a: Ferrothorn|atk|1
|move|p2a: Ferrothorn|Spikes|p1a: landorustherian
|-sidestart|p1: minimax_ai|Spikes
|
|-heal|p1a: landorustherian|34/100|[from] item: Leftovers
|upkeep
|turn|34
|
|t:|1661302707
|move|p1a: landorustherian|Defog|p2a: Ferrothorn
|-unboost|p2a: Ferrothorn|evasion|1
|-sideend|p2: Darkman64|Stealth Rock|[from] move: Defog|[of] p1a: landorustherian
|-sideend|p1: minimax_ai|Spikes|[from] move: Defog|[of] p1a: landorustherian
|move|p2a: Ferrothorn|Leech Seed|p1a: landorustherian
|-start|p1a: landorustherian|move: Leech Seed
|
|-heal|p1a: landorustherian|40/100|[from] item: Leftovers
|-damage|p1a: landorustherian|28/100|[from] Leech Seed|[of] p2a: Ferrothorn
|upkeep
|turn|35
|
|t:|1661302710
|switch|p1a: Weavile|Weavile, M|100/100
|-ability|p1a: Weavile|Pressure
|move|p2a: Ferrothorn|Spikes|p1a: Weavile
|-sidestart|p1: minimax_ai|Spikes
|
|upkeep
|turn|36
|
|t:|1661302713
|move|p1a: Weavile|Knock Off|p2a: Ferrothorn
|-damage|p2a: Ferrothorn|55/100
|-damage|p1a: Weavile|88/100|[from] ability: Iron Barbs|[of] p2a: Ferrothorn
|-enditem|p2a: Ferrothorn|Leftovers|[from] move: Knock Off|[of] p1a: Weavile
|move|p2a: Ferrothorn|Leech Seed|p1a: Weavile
|-start|p1a: Weavile|move: Leech Seed
|
|-damage|p1a: Weavile|76/100|[from] Leech Seed|[of] p2a: Ferrothorn
|-heal|p2a: Ferrothorn|65/100|[silent]
|upkeep
|turn|37
|
|t:|1661302716
|switch|p1a: landorustherian|Landorus-Therian, M|28/100
|-ability|p1a: landorustherian|Intimidate|boost
|-unboost|p2a: Ferrothorn|atk|1
|move|p2a: Ferrothorn|Knock Off|p1a: landorustherian
|-damage|p1a: landorustherian|17/100
|-enditem|p1a: landorustherian|Leftovers|[from] move: Knock Off|[of] p2a: Ferrothorn
|
|upkeep
|turn|38
|
|t:|1661302720
|move|p1a: landorustherian|Defog|p2a: Ferrothorn
|-unboost|p2a: Ferrothorn|evasion|1
|-sideend|p1: minimax_ai|Spikes|[from] move: Defog|[of] p1a: landorustherian
|move|p2a: Ferrothorn|Leech Seed|p1a: landorustherian
|-start|p1a: landorustherian|move: Leech Seed
|
|-damage|p1a: landorustherian|5/100|[from] Leech Seed|[of] p2a: Ferrothorn
|-heal|p2a: Ferrothorn|79/100|[silent]
|upkeep
|turn|39
|
|t:|1661302722
|switch|p1a: Tangrowth|Tangrowth, F|100/100 tox
|move|p2a: Ferrothorn|Spikes|p1a: Tangrowth
|-sidestart|p1: minimax_ai|Spikes
|
|-damage|p1a: Tangrowth|94/100 tox|[from] psn
|upkeep
|turn|40
|
|t:|1661302724
|move|p1a: Tangrowth|Focus Blast|p2a: Ferrothorn
|-supereffective|p2a: Ferrothorn
|-damage|p2a: Ferrothorn|28/100
|move|p2a: Ferrothorn|Spikes|p1a: Tangrowth
|-sidestart|p1: minimax_ai|Spikes
|
|-damage|p1a: Tangrowth|82/100 tox|[from] psn
|upkeep
|turn|41
|
|t:|1661302728
|switch|p2a: Slowbro|Slowbro, M|72/100
|move|p1a: Tangrowth|Focus Blast|p2a: Slowbro
|-resisted|p2a: Slowbro
|-damage|p2a: Slowbro|57/100
|
|-damage|p1a: Tangrowth|63/100 tox|[from] psn
|upkeep
|turn|42
|
|t:|1661302731
|switch|p1a: rotomwash|Rotom-Wash|100/100
|switch|p2a: Clefable|Clefable, F|57/100 tox
|
|-damage|p2a: Clefable|51/100 tox|[from] psn
|upkeep
|turn|43
|
|t:|1661302735
|move|p1a: rotomwash|Nasty Plot|p1a: rotomwash
|-boost|p1a: rotomwash|spa|2
|move|p2a: Clefable|Wish|p2a: Clefable
|
|-damage|p2a: Clefable|39/100 tox|[from] psn
|upkeep
|turn|44
|
|t:|1661302737
|move|p1a: rotomwash|Thunderbolt|p2a: Clefable
|-damage|p2a: Clefable|8/100 tox
|move|p2a: Clefable|Moonblast|p1a: rotomwash
|-damage|p1a: rotomwash|69/100
|-unboost|p1a: rotomwash|spa|1
|
|-heal|p2a: Clefable|58/100 tox|[from] move: Wish|[wisher] Clefable
|-heal|p1a: rotomwash|75/100|[from] item: Leftovers
|-damage|p2a: Clefable|40/100 tox|[from] psn
|upkeep
|turn|45
|
|t:|1661302742
|move|p1a: rotomwash|Hydro Pump|p2a: Clefable
|-crit|p2a: Clefable
|-damage|p2a: Clefable|0 fnt
|faint|p2a: Clefable
|
|-heal|p1a: rotomwash|81/100|[from] item: Leftovers
|upkeep
|
|t:|1661302745
|switch|p2a: Weavile|Weavile, F|51/100
|-ability|p2a: Weavile|Pressure
|turn|46
|
|t:|1661302747
|move|p2a: Weavile|Knock Off|p1a: rotomwash
|-damage|p1a: rotomwash|4/100
|-enditem|p1a: rotomwash|Leftovers|[from] move: Knock Off|[of] p2a: Weavile
|move|p1a: rotomwash|Thunderbolt|p2a: Weavile
|-damage|p2a: Weavile|0 fnt
|faint|p2a: Weavile
|
|upkeep
|c|☆Darkman64|gg
|
|t:|1661302753
|switch|p2a: Slowbro|Slowbro, M|90/100
|turn|47
|
|t:|1661302754
|move|p1a: rotomwash|Thunderbolt|p2a: Slowbro
|-supereffective|p2a: Slowbro
|-crit|p2a: Slowbro
|-damage|p2a: Slowbro|0 fnt
|faint|p2a: Slowbro
|
|upkeep
|
|t:|1661302757
|switch|p2a: Ferrothorn|Ferrothorn, M|28/100
|turn|48
|
|t:|1661302758
|switch|p1a: Tangrowth|Tangrowth, F|97/100 tox
|-damage|p1a: Tangrowth|80/100 tox|[from] Spikes
|move|p2a: Ferrothorn|Leech Seed|p1a: Tangrowth
|-immune|p1a: Tangrowth
|
|-damage|p1a: Tangrowth|74/100 tox|[from] psn
|upkeep
|turn|49
|
|t:|1661302760
|move|p1a: Tangrowth|Focus Blast|p2a: Ferrothorn
|-supereffective|p2a: Ferrothorn
|-damage|p2a: Ferrothorn|0 fnt
|faint|p2a: Ferrothorn
|
|win|minimax_ai
|raw|minimax_ai's rating: 1490 &rarr; <strong>1509</strong><br />(+19 for winning)
|raw|Darkman64's rating: 1467 &rarr; <strong>1448</strong><br />(-19 for losing)
|c|☆minimax_ai|gg
