|raw|<div class="broadcast-blue"><strong>This battle is required to be public due to a player having a name starting with 'lt91bb'.</div>
|j|☆LT91BB Dasmer
|j|☆Lenape
|t:|1659456150
|gametype|singles
|player|p1|LT91BB Dasmer|rei|1904
|player|p2|Lenape|169|1804
|teamsize|p1|6
|teamsize|p2|6
|gen|8
|tier|[Gen 8] OU
|rated|
|rule|Sleep Clause Mod: Limit one foe put to sleep
|rule|Species Clause: Limit one of each Pokémon
|rule|OHKO Clause: OHKO moves are banned
|rule|Evasion Moves Clause: Evasion moves are banned
|rule|Endless Battle Clause: Forcing endless battles is banned
|rule|HP Percentage Mod: HP is shown in percentages
|rule|Dynamax Clause: You cannot dynamax
|clearpoke
|poke|p1|Garchomp, F|
|poke|p1|Melmetal|
|poke|p1|Ferrothorn, F|
|poke|p1|Slowking, M|
|poke|p1|Dragonite, M|
|poke|p1|Zapdos|
|poke|p2|Rhyperior, M|
|poke|p2|Toxapex, F|
|poke|p2|Corviknight, M|
|poke|p2|Umbreon, F|
|poke|p2|Sylveon, F|
|poke|p2|Rotom-Heat|
|teampreview
|inactive|Battle timer is ON: inactive players will automatically lose when time's up. (requested by Lenape)
|
|t:|1659456160
|start
|switch|p1a: Slowking|Slowking, M|100/100
|switch|p2a: Rotom|Rotom-Heat|100/100
|turn|1
|
|t:|1659456166
|switch|p1a: Garchomp|Garchomp, F|100/100
|move|p2a: Rotom|Trick|p1a: Garchomp
|-activate|p2a: Rotom|move: Trick|[of] p1a: Garchomp
|-item|p1a: Garchomp|Choice Scarf|[from] move: Trick
|-item|p2a: Rotom|Leftovers|[from] move: Trick
|
|upkeep
|turn|2
|
|t:|1659456169
|switch|p1a: Slowking|Slowking, M|100/100
|move|p2a: Rotom|Will-O-Wisp|p1a: Slowking|[miss]
|-miss|p2a: Rotom|p1a: Slowking
|
|upkeep
|turn|3
|
|t:|1659456173
|switch|p2a: Corviknight|Corviknight, M|100/100
|-ability|p2a: Corviknight|Pressure
|move|p1a: Slowking|Future Sight|p2a: Corviknight
|-start|p1a: Slowking|move: Future Sight
|
|upkeep
|turn|4
|
|t:|1659456175
|move|p2a: Corviknight|Substitute|p2a: Corviknight
|-start|p2a: Corviknight|Substitute
|-damage|p2a: Corviknight|75/100
|move|p1a: Slowking|Teleport|p1a: Slowking
|
|t:|1659456179
|switch|p1a: Zapdos|Zapdos|100/100|[from]move: Teleport
|
|-heal|p2a: Corviknight|82/100|[from] item: Leftovers
|upkeep
|turn|5
|
|t:|1659456182
|move|p1a: Zapdos|Discharge|p2a: Corviknight
|-supereffective|p2a: Corviknight
|-crit|p2a: Corviknight
|-end|p2a: Corviknight|Substitute
|move|p2a: Corviknight|Substitute|p2a: Corviknight
|-start|p2a: Corviknight|Substitute
|-damage|p2a: Corviknight|57/100
|
|-end|p2a: Corviknight|move: Future Sight
|-resisted|p2a: Corviknight
|-activate|p2a: Corviknight|move: Substitute|[damage]
|-heal|p2a: Corviknight|63/100|[from] item: Leftovers
|upkeep
|turn|6
|
|t:|1659456186
|move|p1a: Zapdos|Discharge|p2a: Corviknight
|-supereffective|p2a: Corviknight
|-end|p2a: Corviknight|Substitute
|move|p2a: Corviknight|Substitute|p2a: Corviknight
|-start|p2a: Corviknight|Substitute
|-damage|p2a: Corviknight|38/100
|
|-heal|p2a: Corviknight|44/100|[from] item: Leftovers
|upkeep
|turn|7
|
|t:|1659456188
|move|p1a: Zapdos|Discharge|p2a: Corviknight
|-supereffective|p2a: Corviknight
|-end|p2a: Corviknight|Substitute
|move|p2a: Corviknight|Roost|p2a: Corviknight
|-heal|p2a: Corviknight|94/100
|-singleturn|p2a: Corviknight|move: Roost
|
|-heal|p2a: Corviknight|100/100|[from] item: Leftovers
|upkeep
|turn|8
|
|t:|1659456193
|switch|p1a: Ferrothorn|Ferrothorn, F|100/100
|switch|p2a: Rhyperior|Rhyperior, M|100/100
|
|upkeep
|turn|9
|
|t:|1659456196
|switch|p2a: Rotom|Rotom-Heat|100/100
|move|p1a: Ferrothorn|Spikes|p2a: Rotom
|-sidestart|p2: Lenape|Spikes
|
|upkeep
|turn|10
|
|t:|1659456201
|switch|p1a: Slowking|Slowking, M|100/100
|move|p2a: Rotom|Will-O-Wisp|p1a: Slowking
|-status|p1a: Slowking|brn
|
|-damage|p1a: Slowking|94/100 brn|[from] brn
|upkeep
|turn|11
|
|t:|1659456204
|move|p2a: Rotom|Discharge|p1a: Slowking
|-supereffective|p1a: Slowking
|-damage|p1a: Slowking|61/100 brn
|move|p1a: Slowking|Scald|p2a: Rotom
|-supereffective|p2a: Rotom
|-crit|p2a: Rotom
|-damage|p2a: Rotom|31/100
|
|-heal|p2a: Rotom|37/100|[from] item: Leftovers
|-damage|p1a: Slowking|55/100 brn|[from] brn
|upkeep
|turn|12
|
|t:|1659456210
|switch|p2a: Umbreon|Umbreon, F|100/100
|-damage|p2a: Umbreon|88/100|[from] Spikes
|move|p1a: Slowking|Scald|p2a: Umbreon
|-damage|p2a: Umbreon|69/100
|
|-heal|p2a: Umbreon|75/100|[from] item: Leftovers
|-damage|p1a: Slowking|49/100 brn|[from] brn
|upkeep
|turn|13
|
|t:|1659456216
|switch|p1a: Ferrothorn|Ferrothorn, F|100/100
|move|p2a: Umbreon|Foul Play|p1a: Ferrothorn
|-damage|p1a: Ferrothorn|81/100
|-damage|p2a: Umbreon|63/100|[from] ability: Iron Barbs|[of] p1a: Ferrothorn
|
|-heal|p2a: Umbreon|69/100|[from] item: Leftovers
|-heal|p1a: Ferrothorn|88/100|[from] item: Leftovers
|upkeep
|turn|14
|
|t:|1659456223
|move|p2a: Umbreon|Wish|p2a: Umbreon
|move|p1a: Ferrothorn|Knock Off|p2a: Umbreon
|-resisted|p2a: Umbreon
|-damage|p2a: Umbreon|62/100
|-enditem|p2a: Umbreon|Leftovers|[from] move: Knock Off|[of] p1a: Ferrothorn
|
|-heal|p1a: Ferrothorn|94/100|[from] item: Leftovers
|upkeep
|turn|15
|
|t:|1659456230
|move|p2a: Umbreon|Protect|p2a: Umbreon
|-singleturn|p2a: Umbreon|Protect
|move|p1a: Ferrothorn|Knock Off|p2a: Umbreon
|-activate|p2a: Umbreon|move: Protect
|
|-heal|p2a: Umbreon|100/100|[from] move: Wish|[wisher] Umbreon
|-heal|p1a: Ferrothorn|99/100|[from] item: Leftovers
|upkeep
|turn|16
|
|t:|1659456232
|move|p2a: Umbreon|Wish|p2a: Umbreon
|move|p1a: Ferrothorn|Spikes|p2a: Umbreon
|-sidestart|p2: Lenape|Spikes
|
|-heal|p1a: Ferrothorn|100/100|[from] item: Leftovers
|upkeep
|turn|17
|
|t:|1659456236
|switch|p2a: Rotom|Rotom-Heat|37/100
|switch|p1a: Slowking|Slowking, M|82/100 brn
|
|-heal|p2a: Rotom|100/100|[from] move: Wish|[wisher] Umbreon
|-damage|p1a: Slowking|76/100 brn|[from] brn
|upkeep
|turn|18
|
|t:|1659456238
|move|p2a: Rotom|Defog|p1a: Slowking
|-unboost|p1a: Slowking|evasion|1
|-sideend|p2: Lenape|Spikes|[from] move: Defog|[of] p2a: Rotom
|move|p1a: Slowking|Slack Off|p1a: Slowking
|-heal|p1a: Slowking|100/100 brn
|
|-damage|p1a: Slowking|94/100 brn|[from] brn
|upkeep
|turn|19
|
|t:|1659456242
|switch|p2a: Corviknight|Corviknight, M|100/100
|-ability|p2a: Corviknight|Pressure
|move|p1a: Slowking|Scald|p2a: Corviknight
|-damage|p2a: Corviknight|73/100
|
|-heal|p2a: Corviknight|80/100|[from] item: Leftovers
|-damage|p1a: Slowking|88/100 brn|[from] brn
|upkeep
|turn|20
|
|t:|1659456245
|move|p2a: Corviknight|Substitute|p2a: Corviknight
|-start|p2a: Corviknight|Substitute
|-damage|p2a: Corviknight|55/100
|move|p1a: Slowking|Scald|p2a: Corviknight
|-end|p2a: Corviknight|Substitute
|
|-heal|p2a: Corviknight|61/100|[from] item: Leftovers
|-damage|p1a: Slowking|82/100 brn|[from] brn
|upkeep
|turn|21
|
|t:|1659456248
|move|p2a: Corviknight|Substitute|p2a: Corviknight
|-start|p2a: Corviknight|Substitute
|-damage|p2a: Corviknight|36/100
|move|p1a: Slowking|Scald|p2a: Corviknight
|-end|p2a: Corviknight|Substitute
|
|-heal|p2a: Corviknight|42/100|[from] item: Leftovers
|-damage|p1a: Slowking|76/100 brn|[from] brn
|upkeep
|turn|22
|
|t:|1659456250
|move|p2a: Corviknight|Roost|p2a: Corviknight
|-heal|p2a: Corviknight|92/100
|-singleturn|p2a: Corviknight|move: Roost
|move|p1a: Slowking|Scald|p2a: Corviknight
|-damage|p2a: Corviknight|68/100
|
|-heal|p2a: Corviknight|74/100|[from] item: Leftovers
|-damage|p1a: Slowking|70/100 brn|[from] brn
|upkeep
|turn|23
|
|t:|1659456252
|move|p2a: Corviknight|Substitute|p2a: Corviknight
|-start|p2a: Corviknight|Substitute
|-damage|p2a: Corviknight|49/100
|move|p1a: Slowking|Scald|p2a: Corviknight
|-activate|p2a: Corviknight|move: Substitute|[damage]
|
|-heal|p2a: Corviknight|56/100|[from] item: Leftovers
|-damage|p1a: Slowking|64/100 brn|[from] brn
|upkeep
|turn|24
|
|t:|1659456255
|move|p2a: Corviknight|Roost|p2a: Corviknight
|-heal|p2a: Corviknight|100/100
|-singleturn|p2a: Corviknight|move: Roost
|move|p1a: Slowking|Future Sight|p2a: Corviknight
|-start|p1a: Slowking|move: Future Sight
|
|-damage|p1a: Slowking|58/100 brn|[from] brn
|upkeep
|turn|25
|
|t:|1659456257
|move|p2a: Corviknight|Substitute|p2a: Corviknight
|-fail|p2a: Corviknight|move: Substitute
|move|p1a: Slowking|Teleport|p1a: Slowking
|
|t:|1659456262
|switch|p1a: Zapdos|Zapdos|100/100|[from]move: Teleport
|
|upkeep
|turn|26
|
|t:|1659456274
|move|p1a: Zapdos|Discharge|p2a: Corviknight
|-supereffective|p2a: Corviknight
|-end|p2a: Corviknight|Substitute
|move|p2a: Corviknight|Substitute|p2a: Corviknight
|-start|p2a: Corviknight|Substitute
|-damage|p2a: Corviknight|75/100
|
|-end|p2a: Corviknight|move: Future Sight
|-resisted|p2a: Corviknight
|-activate|p2a: Corviknight|move: Substitute|[damage]
|-heal|p2a: Corviknight|82/100|[from] item: Leftovers
|upkeep
|turn|27
|
|t:|1659456280
|move|p1a: Zapdos|Discharge|p2a: Corviknight
|-supereffective|p2a: Corviknight
|-end|p2a: Corviknight|Substitute
|move|p2a: Corviknight|Substitute|p2a: Corviknight
|-start|p2a: Corviknight|Substitute
|-damage|p2a: Corviknight|57/100
|
|-heal|p2a: Corviknight|63/100|[from] item: Leftovers
|upkeep
|turn|28
|
|t:|1659456283
|move|p1a: Zapdos|Discharge|p2a: Corviknight
|-supereffective|p2a: Corviknight
|-end|p2a: Corviknight|Substitute
|move|p2a: Corviknight|Substitute|p2a: Corviknight
|-start|p2a: Corviknight|Substitute
|-damage|p2a: Corviknight|38/100
|
|-heal|p2a: Corviknight|44/100|[from] item: Leftovers
|upkeep
|turn|29
|
|t:|1659456286
|move|p1a: Zapdos|Discharge|p2a: Corviknight
|-supereffective|p2a: Corviknight
|-end|p2a: Corviknight|Substitute
|move|p2a: Corviknight|Roost|p2a: Corviknight
|-heal|p2a: Corviknight|94/100
|-singleturn|p2a: Corviknight|move: Roost
|
|-heal|p2a: Corviknight|100/100|[from] item: Leftovers
|upkeep
|turn|30
|
|t:|1659456292
|switch|p1a: Slowking|Slowking, M|91/100 brn
|switch|p2a: Rhyperior|Rhyperior, M|100/100
|
|-damage|p1a: Slowking|85/100 brn|[from] brn
|upkeep
|turn|31
|
|t:|1659456296
|switch|p2a: Umbreon|Umbreon, F|100/100
|move|p1a: Slowking|Scald|p2a: Umbreon
|-damage|p2a: Umbreon|80/100
|-status|p2a: Umbreon|brn
|
|-damage|p2a: Umbreon|74/100 brn|[from] brn
|-damage|p1a: Slowking|79/100 brn|[from] brn
|upkeep
|turn|32
|
|t:|1659456299
|move|p2a: Umbreon|Heal Bell|p2a: Umbreon
|-activate|p2a: Umbreon|move: Heal Bell
|-curestatus|p2a: Umbreon|brn|[msg]
|move|p1a: Slowking|Slack Off|p1a: Slowking
|-heal|p1a: Slowking|100/100 brn
|
|-damage|p1a: Slowking|94/100 brn|[from] brn
|upkeep
|turn|33
|
|t:|1659456303
|move|p2a: Umbreon|Wish|p2a: Umbreon
|move|p1a: Slowking|Future Sight|p2a: Umbreon
|-start|p1a: Slowking|move: Future Sight
|
|-damage|p1a: Slowking|88/100 brn|[from] brn
|upkeep
|turn|34
|
|t:|1659456305
|move|p2a: Umbreon|Foul Play|p1a: Slowking
|-supereffective|p1a: Slowking
|-damage|p1a: Slowking|41/100 brn
|move|p1a: Slowking|Teleport|p1a: Slowking
|
|t:|1659456310
|switch|p1a: Ferrothorn|Ferrothorn, F|100/100|[from]move: Teleport
|
|-heal|p2a: Umbreon|100/100|[from] move: Wish|[wisher] Umbreon
|upkeep
|turn|35
|
|t:|1659456317
|move|p2a: Umbreon|Wish|p2a: Umbreon
|move|p1a: Ferrothorn|Spikes|p2a: Umbreon
|-sidestart|p2: Lenape|Spikes
|
|-end|p2a: Umbreon|move: Future Sight
|-immune|p2a: Umbreon
|upkeep
|turn|36
|
|t:|1659456322
|switch|p2a: Rotom|Rotom-Heat|100/100
|switch|p1a: Slowking|Slowking, M|74/100 brn
|
|-damage|p1a: Slowking|68/100 brn|[from] brn
|upkeep
|turn|37
|
|t:|1659456330
|switch|p2a: Corviknight|Corviknight, M|100/100
|-ability|p2a: Corviknight|Pressure
|move|p1a: Slowking|Teleport|p1a: Slowking
|
|t:|1659456333
|switch|p1a: Zapdos|Zapdos|100/100|[from]move: Teleport
|
|upkeep
|turn|38
|
|t:|1659456335
|switch|p2a: Rhyperior|Rhyperior, M|100/100
|-damage|p2a: Rhyperior|88/100|[from] Spikes
|move|p1a: Zapdos|Hurricane|p2a: Rhyperior|[miss]
|-miss|p1a: Zapdos|p2a: Rhyperior
|
|-heal|p2a: Rhyperior|94/100|[from] item: Leftovers
|upkeep
|turn|39
|
|t:|1659456343
|switch|p1a: Melmetal|Melmetal|100/100
|move|p2a: Rhyperior|Stealth Rock|p1a: Melmetal
|-sidestart|p1: LT91BB Dasmer|move: Stealth Rock
|
|-heal|p2a: Rhyperior|100/100|[from] item: Leftovers
|upkeep
|turn|40
|
|t:|1659456347
|switch|p2a: Rotom|Rotom-Heat|100/100
|move|p1a: Melmetal|Double Iron Bash|p2a: Rotom
|-resisted|p2a: Rotom
|-damage|p2a: Rotom|89/100
|-resisted|p2a: Rotom
|-damage|p2a: Rotom|77/100
|-hitcount|p2a: Rotom|2
|
|-heal|p2a: Rotom|83/100|[from] item: Leftovers
|upkeep
|turn|41
|
|t:|1659456352
|switch|p1a: Slowking|Slowking, M|100/100 brn
|move|p2a: Rotom|Discharge|p1a: Slowking
|-supereffective|p1a: Slowking
|-damage|p1a: Slowking|70/100 brn
|
|-heal|p2a: Rotom|90/100|[from] item: Leftovers
|-damage|p1a: Slowking|63/100 brn|[from] brn
|upkeep
|turn|42
|
|t:|1659456356
|move|p2a: Rotom|Defog|p1a: Slowking
|-unboost|p1a: Slowking|evasion|1
|-sideend|p1: LT91BB Dasmer|Stealth Rock|[from] move: Defog|[of] p2a: Rotom
|-sideend|p2: Lenape|Spikes|[from] move: Defog|[of] p2a: Rotom
|move|p1a: Slowking|Teleport|p1a: Slowking
|
|t:|1659456362
|switch|p1a: Garchomp|Garchomp, F|100/100|[from]move: Teleport
|
|-heal|p2a: Rotom|96/100|[from] item: Leftovers
|upkeep
|turn|43
|
|t:|1659456366
|move|p1a: Garchomp|Toxic|p2a: Rotom
|-status|p2a: Rotom|tox
|move|p2a: Rotom|Will-O-Wisp|p1a: Garchomp
|-status|p1a: Garchomp|brn
|
|-heal|p2a: Rotom|100/100 tox|[from] item: Leftovers
|-damage|p2a: Rotom|94/100 tox|[from] psn
|-damage|p1a: Garchomp|94/100 brn|[from] brn
|upkeep
|turn|44
|
|t:|1659456371
|switch|p1a: Zapdos|Zapdos|100/100
|switch|p2a: Umbreon|Umbreon, F|100/100
|
|upkeep
|turn|45
|
|t:|1659456375
|switch|p1a: Garchomp|Garchomp, F|94/100 brn
|switch|p2a: Rhyperior|Rhyperior, M|100/100
|
|-damage|p1a: Garchomp|88/100 brn|[from] brn
|upkeep
|turn|46
|
|t:|1659456382
|switch|p2a: Umbreon|Umbreon, F|100/100
|move|p1a: Garchomp|Stealth Rock|p2a: Umbreon
|-sidestart|p2: Lenape|move: Stealth Rock
|
|-damage|p1a: Garchomp|82/100 brn|[from] brn
|upkeep
|turn|47
|
|t:|1659456385
|switch|p1a: Melmetal|Melmetal|100/100
|move|p2a: Umbreon|Heal Bell|p2a: Umbreon
|-activate|p2a: Umbreon|move: Heal Bell
|-curestatus|p2: Rotom|tox|[msg]
|
|upkeep
|turn|48
|
|t:|1659456389
|move|p2a: Umbreon|Protect|p2a: Umbreon
|-singleturn|p2a: Umbreon|Protect
|move|p1a: Melmetal|Toxic|p2a: Umbreon
|-activate|p2a: Umbreon|move: Protect
|
|upkeep
|turn|49
|
|t:|1659456395
|move|p2a: Umbreon|Wish|p2a: Umbreon
|move|p1a: Melmetal|Double Iron Bash|p2a: Umbreon
|-damage|p2a: Umbreon|77/100
|-damage|p2a: Umbreon|50/100
|-hitcount|p2a: Umbreon|2
|
|upkeep
|turn|50
|
|t:|1659456398
|switch|p1a: Ferrothorn|Ferrothorn, F|100/100
|move|p2a: Umbreon|Protect||[still]
|-fail|p2a: Umbreon
|
|-heal|p2a: Umbreon|100/100|[from] move: Wish|[wisher] Umbreon
|upkeep
|turn|51
|
|t:|1659456404
|move|p2a: Umbreon|Wish|p2a: Umbreon
|move|p1a: Ferrothorn|Leech Seed|p2a: Umbreon
|-start|p2a: Umbreon|move: Leech Seed
|
|-damage|p2a: Umbreon|88/100|[from] Leech Seed|[of] p1a: Ferrothorn
|upkeep
|turn|52
|
|t:|1659456408
|switch|p2a: Rotom|Rotom-Heat|94/100
|-damage|p2a: Rotom|69/100|[from] Stealth Rock
|switch|p1a: Dragonite|Dragonite, M|100/100
|
|-heal|p2a: Rotom|100/100|[from] move: Wish|[wisher] Umbreon
|upkeep
|turn|53
|
|t:|1659456411
|switch|p1a: Slowking|Slowking, M|97/100 brn
|move|p2a: Rotom|Defog|p1a: Slowking
|-unboost|p1a: Slowking|evasion|1
|-sideend|p2: Lenape|Stealth Rock|[from] move: Defog|[of] p2a: Rotom
|
|-damage|p1a: Slowking|91/100 brn|[from] brn
|upkeep
|turn|54
|
|t:|1659456415
|switch|p2a: Corviknight|Corviknight, M|100/100
|-ability|p2a: Corviknight|Pressure
|move|p1a: Slowking|Teleport|p1a: Slowking
|
|t:|1659456421
|switch|p1a: Dragonite|Dragonite, M|100/100|[from]move: Teleport
|
|upkeep
|turn|55
|
|t:|1659456424
|switch|p2a: Toxapex|Toxapex, F|100/100
|move|p1a: Dragonite|Dragon Dance|p1a: Dragonite
|-boost|p1a: Dragonite|atk|1
|-boost|p1a: Dragonite|spe|1
|
|upkeep
|turn|56
|
|t:|1659456427
|switch|p1a: Slowking|Slowking, M|100/100 brn
|move|p2a: Toxapex|Toxic||[still]
|-fail|p2a: Toxapex
|
|-damage|p1a: Slowking|94/100 brn|[from] brn
|upkeep
|turn|57
|
|t:|1659456430
|switch|p2a: Corviknight|Corviknight, M|100/100
|-ability|p2a: Corviknight|Pressure
|move|p1a: Slowking|Future Sight|p2a: Corviknight
|-start|p1a: Slowking|move: Future Sight
|
|-damage|p1a: Slowking|88/100 brn|[from] brn
|upkeep
|turn|58
|
|t:|1659456434
|move|p2a: Corviknight|Substitute|p2a: Corviknight
|-start|p2a: Corviknight|Substitute
|-damage|p2a: Corviknight|75/100
|move|p1a: Slowking|Scald|p2a: Corviknight
|-end|p2a: Corviknight|Substitute
|
|-heal|p2a: Corviknight|82/100|[from] item: Leftovers
|-damage|p1a: Slowking|82/100 brn|[from] brn
|upkeep
|turn|59
|
|t:|1659456437
|move|p2a: Corviknight|Substitute|p2a: Corviknight
|-start|p2a: Corviknight|Substitute
|-damage|p2a: Corviknight|57/100
|move|p1a: Slowking|Scald|p2a: Corviknight
|-end|p2a: Corviknight|Substitute
|
|-end|p2a: Corviknight|move: Future Sight
|-resisted|p2a: Corviknight
|-damage|p2a: Corviknight|38/100
|-heal|p2a: Corviknight|44/100|[from] item: Leftovers
|-damage|p1a: Slowking|76/100 brn|[from] brn
|upkeep
|turn|60
|
|t:|1659456439
|move|p2a: Corviknight|Roost|p2a: Corviknight
|-heal|p2a: Corviknight|94/100
|-singleturn|p2a: Corviknight|move: Roost
|move|p1a: Slowking|Scald|p2a: Corviknight
|-damage|p2a: Corviknight|67/100
|
|-heal|p2a: Corviknight|73/100|[from] item: Leftovers
|-damage|p1a: Slowking|70/100 brn|[from] brn
|upkeep
|turn|61
|
|t:|1659456443
|move|p2a: Corviknight|Substitute|p2a: Corviknight
|-start|p2a: Corviknight|Substitute
|-damage|p2a: Corviknight|48/100
|move|p1a: Slowking|Scald|p2a: Corviknight
|-end|p2a: Corviknight|Substitute
|
|-heal|p2a: Corviknight|54/100|[from] item: Leftovers
|-damage|p1a: Slowking|64/100 brn|[from] brn
|upkeep
|turn|62
|
|t:|1659456449
|move|p2a: Corviknight|Roost|p2a: Corviknight
|-heal|p2a: Corviknight|100/100
|-singleturn|p2a: Corviknight|move: Roost
|move|p1a: Slowking|Scald|p2a: Corviknight
|-damage|p2a: Corviknight|76/100
|
|-heal|p2a: Corviknight|82/100|[from] item: Leftovers
|-damage|p1a: Slowking|58/100 brn|[from] brn
|upkeep
|turn|63
|
|t:|1659456453
|move|p2a: Corviknight|Substitute|p2a: Corviknight
|-start|p2a: Corviknight|Substitute
|-damage|p2a: Corviknight|57/100
|move|p1a: Slowking|Future Sight|p2a: Corviknight
|-start|p1a: Slowking|move: Future Sight
|
|-heal|p2a: Corviknight|63/100|[from] item: Leftovers
|-damage|p1a: Slowking|52/100 brn|[from] brn
|upkeep
|turn|64
|
|t:|1659456455
|move|p2a: Corviknight|Roost|p2a: Corviknight
|-heal|p2a: Corviknight|100/100
|-singleturn|p2a: Corviknight|move: Roost
|move|p1a: Slowking|Teleport|p1a: Slowking
|
|t:|1659456458
|switch|p1a: Dragonite|Dragonite, M|100/100|[from]move: Teleport
|
|upkeep
|turn|65
|
|t:|1659456459
|move|p1a: Dragonite|Dragon Dance|p1a: Dragonite
|-boost|p1a: Dragonite|atk|1
|-boost|p1a: Dragonite|spe|1
|move|p2a: Corviknight|Bulk Up|p2a: Corviknight
|-boost|p2a: Corviknight|atk|1
|-boost|p2a: Corviknight|def|1
|
|-end|p2a: Corviknight|move: Future Sight
|-resisted|p2a: Corviknight
|-activate|p2a: Corviknight|move: Substitute|[damage]
|upkeep
|turn|66
|
|t:|1659456462
|move|p1a: Dragonite|Ice Punch|p2a: Corviknight
|-end|p2a: Corviknight|Substitute
|move|p2a: Corviknight|Bulk Up|p2a: Corviknight
|-boost|p2a: Corviknight|atk|1
|-boost|p2a: Corviknight|def|1
|
|upkeep
|turn|67
|
|t:|1659456466
|switch|p1a: Zapdos|Zapdos|100/100
|move|p2a: Corviknight|Substitute|p2a: Corviknight
|-start|p2a: Corviknight|Substitute
|-damage|p2a: Corviknight|75/100
|
|-heal|p2a: Corviknight|82/100|[from] item: Leftovers
|upkeep
|turn|68
|
|t:|1659456470
|move|p1a: Zapdos|Hurricane|p2a: Corviknight
|-resisted|p2a: Corviknight
|-activate|p2a: Corviknight|move: Substitute|[damage]
|move|p2a: Corviknight|Bulk Up|p2a: Corviknight
|-boost|p2a: Corviknight|atk|1
|-boost|p2a: Corviknight|def|1
|
|-heal|p2a: Corviknight|88/100|[from] item: Leftovers
|upkeep
|turn|69
|
|t:|1659456473
|move|p1a: Zapdos|Hurricane|p2a: Corviknight
|-resisted|p2a: Corviknight
|-end|p2a: Corviknight|Substitute
|move|p2a: Corviknight|Bulk Up|p2a: Corviknight
|-boost|p2a: Corviknight|atk|1
|-boost|p2a: Corviknight|def|1
|
|-heal|p2a: Corviknight|94/100|[from] item: Leftovers
|upkeep
|turn|70
|
|t:|1659456475
|switch|p2a: Rhyperior|Rhyperior, M|100/100
|move|p1a: Zapdos|Discharge|p2a: Rhyperior
|-immune|p2a: Rhyperior
|
|upkeep
|turn|71
|
|t:|1659456478
|switch|p1a: Ferrothorn|Ferrothorn, F|100/100
|move|p2a: Rhyperior|Stealth Rock|p1a: Ferrothorn
|-sidestart|p1: LT91BB Dasmer|move: Stealth Rock
|
|upkeep
|turn|72
|
|t:|1659456487
|switch|p2a: Rotom|Rotom-Heat|100/100
|move|p1a: Ferrothorn|Spikes|p2a: Rotom
|-sidestart|p2: Lenape|Spikes
|
|upkeep
|turn|73
|
|t:|1659456491
|switch|p1a: Garchomp|Garchomp, F|82/100 brn
|-damage|p1a: Garchomp|76/100 brn|[from] Stealth Rock
|move|p2a: Rotom|Will-O-Wisp|p1a: Garchomp
|-fail|p1a: Garchomp|brn
|
|-damage|p1a: Garchomp|69/100 brn|[from] brn
|upkeep
|turn|74
|
|t:|1659456495
|move|p1a: Garchomp|Stealth Rock|p2a: Rotom
|-sidestart|p2: Lenape|move: Stealth Rock
|move|p2a: Rotom|Discharge|p1a: Garchomp
|-immune|p1a: Garchomp
|
|-damage|p1a: Garchomp|63/100 brn|[from] brn
|upkeep
|turn|75
|
|t:|1659456497
|switch|p1a: Slowking|Slowking, M|85/100 brn
|move|p2a: Rotom|Defog|p1a: Slowking
|-unboost|p1a: Slowking|evasion|1
|-sideend|p1: LT91BB Dasmer|Stealth Rock|[from] move: Defog|[of] p2a: Rotom
|-sideend|p2: Lenape|Spikes|[from] move: Defog|[of] p2a: Rotom
|-sideend|p2: Lenape|Stealth Rock|[from] move: Defog|[of] p2a: Rotom
|
|-damage|p1a: Slowking|79/100 brn|[from] brn
|upkeep
|turn|76
|
|t:|1659456502
|switch|p2a: Corviknight|Corviknight, M|94/100
|-ability|p2a: Corviknight|Pressure
|move|p1a: Slowking|Teleport|p1a: Slowking
|
|t:|1659456506
|switch|p1a: Ferrothorn|Ferrothorn, F|100/100|[from]move: Teleport
|
|-heal|p2a: Corviknight|100/100|[from] item: Leftovers
|upkeep
|turn|77
|
|t:|1659456510
|move|p2a: Corviknight|Substitute|p2a: Corviknight
|-start|p2a: Corviknight|Substitute
|-damage|p2a: Corviknight|75/100
|move|p1a: Ferrothorn|Spikes|p2a: Corviknight
|-sidestart|p2: Lenape|Spikes
|
|-heal|p2a: Corviknight|82/100|[from] item: Leftovers
|upkeep
|turn|78
|
|t:|1659456516
|switch|p1a: Zapdos|Zapdos|100/100
|move|p2a: Corviknight|Bulk Up|p2a: Corviknight
|-boost|p2a: Corviknight|atk|1
|-boost|p2a: Corviknight|def|1
|
|-heal|p2a: Corviknight|88/100|[from] item: Leftovers
|upkeep
|turn|79
|
|t:|1659456519
|move|p1a: Zapdos|Hurricane|p2a: Corviknight
|-resisted|p2a: Corviknight
|-activate|p2a: Corviknight|move: Substitute|[damage]
|move|p2a: Corviknight|Bulk Up|p2a: Corviknight
|-boost|p2a: Corviknight|atk|1
|-boost|p2a: Corviknight|def|1
|
|-heal|p2a: Corviknight|94/100|[from] item: Leftovers
|upkeep
|turn|80
|
|t:|1659456521
|move|p1a: Zapdos|Hurricane|p2a: Corviknight
|-resisted|p2a: Corviknight
|-end|p2a: Corviknight|Substitute
|move|p2a: Corviknight|Bulk Up|p2a: Corviknight
|-boost|p2a: Corviknight|atk|1
|-boost|p2a: Corviknight|def|1
|
|-heal|p2a: Corviknight|100/100|[from] item: Leftovers
|upkeep
|turn|81
|
|t:|1659456524
|move|p1a: Zapdos|Discharge|p2a: Corviknight
|-supereffective|p2a: Corviknight
|-damage|p2a: Corviknight|34/100
|move|p2a: Corviknight|Roost|p2a: Corviknight
|-heal|p2a: Corviknight|84/100
|-singleturn|p2a: Corviknight|move: Roost
|
|-heal|p2a: Corviknight|90/100|[from] item: Leftovers
|upkeep
|turn|82
|
|t:|1659456530
|switch|p2a: Rhyperior|Rhyperior, M|100/100
|-damage|p2a: Rhyperior|88/100|[from] Spikes
|move|p1a: Zapdos|Discharge|p2a: Rhyperior
|-immune|p2a: Rhyperior
|
|-heal|p2a: Rhyperior|94/100|[from] item: Leftovers
|upkeep
|turn|83
|
|t:|1659456532
|move|p1a: Zapdos|Hurricane|p2a: Rhyperior|[miss]
|-miss|p1a: Zapdos|p2a: Rhyperior
|move|p2a: Rhyperior|Stealth Rock|p1a: Zapdos
|-sidestart|p1: LT91BB Dasmer|move: Stealth Rock
|
|-heal|p2a: Rhyperior|100/100|[from] item: Leftovers
|upkeep
|turn|84
|
|t:|1659456536
|switch|p1a: Ferrothorn|Ferrothorn, F|100/100
|-damage|p1a: Ferrothorn|94/100|[from] Stealth Rock
|move|p2a: Rhyperior|Rock Blast|p1a: Ferrothorn|[miss]
|-miss|p2a: Rhyperior|p1a: Ferrothorn
|
|-heal|p1a: Ferrothorn|100/100|[from] item: Leftovers
|upkeep
|turn|85
|
|t:|1659456540
|switch|p2a: Rotom|Rotom-Heat|100/100
|move|p1a: Ferrothorn|Spikes|p2a: Rotom
|-sidestart|p2: Lenape|Spikes
|
|upkeep
|turn|86
|
|t:|1659456543
|switch|p1a: Slowking|Slowking, M|100/100 brn
|move|p2a: Rotom|Will-O-Wisp|p1a: Slowking
|-fail|p1a: Slowking|brn
|
|-damage|p1a: Slowking|94/100 brn|[from] brn
|upkeep
|turn|87
|
|t:|1659456546
|move|p2a: Rotom|Discharge|p1a: Slowking
|-supereffective|p1a: Slowking
|-damage|p1a: Slowking|60/100 brn
|move|p1a: Slowking|Future Sight|p2a: Rotom
|-start|p1a: Slowking|move: Future Sight
|
|-damage|p1a: Slowking|54/100 brn|[from] brn
|upkeep
|turn|88
|
|t:|1659456549
|move|p2a: Rotom|Discharge|p1a: Slowking
|-supereffective|p1a: Slowking
|-damage|p1a: Slowking|19/100 brn
|move|p1a: Slowking|Teleport|p1a: Slowking
|
|t:|1659456554
|switch|p1a: Ferrothorn|Ferrothorn, F|100/100|[from]move: Teleport
|-damage|p1a: Ferrothorn|94/100|[from] Stealth Rock
|
|-heal|p1a: Ferrothorn|100/100|[from] item: Leftovers
|upkeep
|turn|89
|
|t:|1659456565
|switch|p2a: Umbreon|Umbreon, F|88/100
|-damage|p2a: Umbreon|72/100|[from] Spikes
|switch|p1a: Slowking|Slowking, M|52/100 brn
|
|-end|p2a: Umbreon|move: Future Sight
|-immune|p2a: Umbreon
|-damage|p1a: Slowking|46/100 brn|[from] brn
|upkeep
|turn|90
|
|t:|1659456569
|switch|p1a: Melmetal|Melmetal|100/100
|-damage|p1a: Melmetal|94/100|[from] Stealth Rock
|move|p2a: Umbreon|Wish|p2a: Umbreon
|
|-heal|p1a: Melmetal|100/100|[from] item: Leftovers
|upkeep
|turn|91
|
|t:|1659456573
|switch|p1a: Ferrothorn|Ferrothorn, F|100/100
|-damage|p1a: Ferrothorn|94/100|[from] Stealth Rock
|move|p2a: Umbreon|Foul Play|p1a: Ferrothorn
|-damage|p1a: Ferrothorn|78/100
|-damage|p2a: Umbreon|59/100|[from] ability: Iron Barbs|[of] p1a: Ferrothorn
|
|-heal|p2a: Umbreon|100/100|[from] move: Wish|[wisher] Umbreon
|-heal|p1a: Ferrothorn|84/100|[from] item: Leftovers
|upkeep
|turn|92
|
|t:|1659456576
|move|p2a: Umbreon|Wish|p2a: Umbreon
|move|p1a: Ferrothorn|Spikes|p2a: Umbreon
|-sidestart|p2: Lenape|Spikes
|
|-heal|p1a: Ferrothorn|90/100|[from] item: Leftovers
|upkeep
|turn|93
|
|t:|1659456581
|switch|p2a: Rotom|Rotom-Heat|100/100
|switch|p1a: Garchomp|Garchomp, F|63/100 brn
|-damage|p1a: Garchomp|57/100 brn|[from] Stealth Rock
|
|-damage|p1a: Garchomp|51/100 brn|[from] brn
|upkeep
|turn|94
|
|t:|1659456584
|move|p1a: Garchomp|Toxic|p2a: Rotom
|-status|p2a: Rotom|tox
|move|p2a: Rotom|Defog|p1a: Garchomp
|-unboost|p1a: Garchomp|evasion|1
|-sideend|p1: LT91BB Dasmer|Stealth Rock|[from] move: Defog|[of] p2a: Rotom
|-sideend|p2: Lenape|Spikes|[from] move: Defog|[of] p2a: Rotom
|
|-damage|p2a: Rotom|94/100 tox|[from] psn
|-damage|p1a: Garchomp|45/100 brn|[from] brn
|upkeep
|turn|95
|
|t:|1659456591
|switch|p1a: Ferrothorn|Ferrothorn, F|90/100
|switch|p2a: Corviknight|Corviknight, M|90/100
|-ability|p2a: Corviknight|Pressure
|
|-heal|p2a: Corviknight|96/100|[from] item: Leftovers
|-heal|p1a: Ferrothorn|97/100|[from] item: Leftovers
|upkeep
|turn|96
|
|t:|1659456600
|switch|p2a: Toxapex|Toxapex, F|100/100
|move|p1a: Ferrothorn|Spikes|p2a: Toxapex
|-sidestart|p2: Lenape|Spikes
|
|-heal|p1a: Ferrothorn|100/100|[from] item: Leftovers
|upkeep
|turn|97
|
|t:|1659456606
|switch|p1a: Slowking|Slowking, M|79/100 brn
|move|p2a: Toxapex|Scald|p1a: Slowking
|-resisted|p1a: Slowking
|-damage|p1a: Slowking|74/100 brn
|
|-damage|p1a: Slowking|68/100 brn|[from] brn
|upkeep
|turn|98
|
|t:|1659456611
|switch|p2a: Umbreon|Umbreon, F|100/100
|-damage|p2a: Umbreon|88/100|[from] Spikes
|move|p1a: Slowking|Teleport|p1a: Slowking
|
|t:|1659456619
|switch|p1a: Melmetal|Melmetal|100/100|[from]move: Teleport
|
|upkeep
|turn|99
|
|t:|1659456624
|move|p2a: Umbreon|Protect|p2a: Umbreon
|-singleturn|p2a: Umbreon|Protect
|move|p1a: Melmetal|Toxic|p2a: Umbreon
|-activate|p2a: Umbreon|move: Protect
|
|upkeep
|turn|100
|
|t:|1659456626
|move|p2a: Umbreon|Wish|p2a: Umbreon
|move|p1a: Melmetal|Double Iron Bash|p2a: Umbreon
|-damage|p2a: Umbreon|60/100
|-damage|p2a: Umbreon|33/100
|-hitcount|p2a: Umbreon|2
|
|upkeep
|turn|101
|
|t:|1659456630
|move|p2a: Umbreon|Protect|p2a: Umbreon
|-singleturn|p2a: Umbreon|Protect
|move|p1a: Melmetal|Toxic|p2a: Umbreon
|-activate|p2a: Umbreon|move: Protect
|
|-heal|p2a: Umbreon|83/100|[from] move: Wish|[wisher] Umbreon
|upkeep
|turn|102
|
|t:|1659456632
|move|p2a: Umbreon|Wish|p2a: Umbreon
|move|p1a: Melmetal|Toxic|p2a: Umbreon
|-status|p2a: Umbreon|tox
|
|-damage|p2a: Umbreon|77/100 tox|[from] psn
|upkeep
|turn|103
|
|t:|1659456636
|move|p2a: Umbreon|Heal Bell|p2a: Umbreon
|-activate|p2a: Umbreon|move: Heal Bell
|-curestatus|p2a: Umbreon|tox|[msg]
|-curestatus|p2: Rotom|tox|[msg]
|move|p1a: Melmetal|Earthquake|p2a: Umbreon
|-damage|p2a: Umbreon|54/100
|
|-heal|p2a: Umbreon|100/100|[from] move: Wish|[wisher] Umbreon
|upkeep
|turn|104
|
|t:|1659456641
|move|p2a: Umbreon|Protect|p2a: Umbreon
|-singleturn|p2a: Umbreon|Protect
|move|p1a: Melmetal|Toxic|p2a: Umbreon
|-activate|p2a: Umbreon|move: Protect
|
|upkeep
|turn|105
|
|t:|1659456643
|switch|p2a: Corviknight|Corviknight, M|96/100
|-ability|p2a: Corviknight|Pressure
|move|p1a: Melmetal|Double Iron Bash|p2a: Corviknight
|-resisted|p2a: Corviknight
|-damage|p2a: Corviknight|78/100
|-resisted|p2a: Corviknight
|-damage|p2a: Corviknight|61/100
|-hitcount|p2a: Corviknight|2
|
|-heal|p2a: Corviknight|67/100|[from] item: Leftovers
|upkeep
|turn|106
|
|t:|1659456648
|switch|p1a: Dragonite|Dragonite, M|100/100
|move|p2a: Corviknight|Bulk Up|p2a: Corviknight
|-boost|p2a: Corviknight|atk|1
|-boost|p2a: Corviknight|def|1
|
|-heal|p2a: Corviknight|74/100|[from] item: Leftovers
|upkeep
|turn|107
|
|t:|1659456654
|move|p1a: Dragonite|Dragon Dance|p1a: Dragonite
|-boost|p1a: Dragonite|atk|1
|-boost|p1a: Dragonite|spe|1
|move|p2a: Corviknight|Brave Bird|p1a: Dragonite
|-damage|p1a: Dragonite|65/100
|-damage|p2a: Corviknight|62/100|[from] Recoil
|
|-heal|p2a: Corviknight|68/100|[from] item: Leftovers
|upkeep
|turn|108
|
|t:|1659456657
|move|p1a: Dragonite|Roost|p1a: Dragonite
|-heal|p1a: Dragonite|100/100
|-singleturn|p1a: Dragonite|move: Roost
|move|p2a: Corviknight|Brave Bird|p1a: Dragonite
|-damage|p1a: Dragonite|67/100
|-damage|p2a: Corviknight|58/100|[from] Recoil
|
|-heal|p2a: Corviknight|64/100|[from] item: Leftovers
|upkeep
|turn|109
|
|t:|1659456661
|move|p1a: Dragonite|Roost|p1a: Dragonite
|-heal|p1a: Dragonite|100/100
|-singleturn|p1a: Dragonite|move: Roost
|move|p2a: Corviknight|Bulk Up|p2a: Corviknight
|-boost|p2a: Corviknight|atk|1
|-boost|p2a: Corviknight|def|1
|
|-heal|p2a: Corviknight|70/100|[from] item: Leftovers
|upkeep
|turn|110
|
|t:|1659456665
|switch|p1a: Zapdos|Zapdos|100/100
|move|p2a: Corviknight|Brave Bird|p1a: Zapdos
|-resisted|p1a: Zapdos
|-damage|p1a: Zapdos|63/100
|-damage|p2a: Corviknight|59/100|[from] Recoil
|
|-heal|p2a: Corviknight|65/100|[from] item: Leftovers
|upkeep
|turn|111
|
|t:|1659456670
|switch|p2a: Rhyperior|Rhyperior, M|100/100
|-damage|p2a: Rhyperior|88/100|[from] Spikes
|move|p1a: Zapdos|Roost|p1a: Zapdos
|-heal|p1a: Zapdos|100/100
|-singleturn|p1a: Zapdos|move: Roost
|
|-heal|p2a: Rhyperior|94/100|[from] item: Leftovers
|upkeep
|turn|112
|
|t:|1659456675
|switch|p1a: Melmetal|Melmetal|100/100
|move|p2a: Rhyperior|Earthquake|p1a: Melmetal
|-supereffective|p1a: Melmetal
|-damage|p1a: Melmetal|43/100
|
|-heal|p2a: Rhyperior|100/100|[from] item: Leftovers
|-heal|p1a: Melmetal|49/100|[from] item: Leftovers
|upkeep
|turn|113
|
|t:|1659456679
|switch|p1a: Ferrothorn|Ferrothorn, F|100/100
|move|p2a: Rhyperior|Earthquake|p1a: Ferrothorn
|-damage|p1a: Ferrothorn|74/100
|
|-heal|p1a: Ferrothorn|80/100|[from] item: Leftovers
|upkeep
|turn|114
|
|t:|1659456689
|switch|p2a: Rotom|Rotom-Heat|94/100
|move|p1a: Ferrothorn|Leech Seed|p2a: Rotom|[miss]
|-miss|p1a: Ferrothorn|p2a: Rotom
|
|-heal|p2a: Rotom|100/100|[from] item: Leftovers
|-heal|p1a: Ferrothorn|87/100|[from] item: Leftovers
|upkeep
|turn|115
|
|t:|1659456693
|move|p2a: Rotom|Will-O-Wisp|p1a: Ferrothorn|[miss]
|-miss|p2a: Rotom|p1a: Ferrothorn
|move|p1a: Ferrothorn|Leech Seed|p2a: Rotom
|-start|p2a: Rotom|move: Leech Seed
|
|-heal|p1a: Ferrothorn|93/100|[from] item: Leftovers
|-damage|p2a: Rotom|88/100|[from] Leech Seed|[of] p1a: Ferrothorn
|-heal|p1a: Ferrothorn|100/100|[silent]
|upkeep
|turn|116
|
|t:|1659456697
|switch|p1a: Garchomp|Garchomp, F|45/100 brn
|move|p2a: Rotom|Will-O-Wisp|p1a: Garchomp
|-fail|p1a: Garchomp|brn
|
|-heal|p2a: Rotom|94/100|[from] item: Leftovers
|-damage|p2a: Rotom|82/100|[from] Leech Seed|[of] p1a: Garchomp
|-heal|p1a: Garchomp|54/100 brn|[silent]
|-damage|p1a: Garchomp|48/100 brn|[from] brn
|upkeep
|turn|117
|
|t:|1659456701
|move|p1a: Garchomp|Stealth Rock|p2a: Rotom
|-sidestart|p2: Lenape|move: Stealth Rock
|move|p2a: Rotom|Defog|p1a: Garchomp
|-unboost|p1a: Garchomp|evasion|1
|-sideend|p2: Lenape|Spikes|[from] move: Defog|[of] p2a: Rotom
|-sideend|p2: Lenape|Stealth Rock|[from] move: Defog|[of] p2a: Rotom
|
|-heal|p2a: Rotom|88/100|[from] item: Leftovers
|-damage|p2a: Rotom|75/100|[from] Leech Seed|[of] p1a: Garchomp
|-heal|p1a: Garchomp|57/100 brn|[silent]
|-damage|p1a: Garchomp|50/100 brn|[from] brn
|upkeep
|turn|118
|
|t:|1659456708
|switch|p2a: Rhyperior|Rhyperior, M|100/100
|move|p1a: Garchomp|Stealth Rock|p2a: Rhyperior
|-sidestart|p2: Lenape|move: Stealth Rock
|
|-damage|p1a: Garchomp|44/100 brn|[from] brn
|upkeep
|turn|119
|
|t:|1659456712
|switch|p1a: Ferrothorn|Ferrothorn, F|100/100
|move|p2a: Rhyperior|Earthquake|p1a: Ferrothorn
|-damage|p1a: Ferrothorn|73/100
|
|-heal|p1a: Ferrothorn|79/100|[from] item: Leftovers
|upkeep
|turn|120
|
|t:|1659456721
|switch|p2a: Umbreon|Umbreon, F|100/100
|-damage|p2a: Umbreon|88/100|[from] Stealth Rock
|move|p1a: Ferrothorn|Leech Seed|p2a: Umbreon
|-start|p2a: Umbreon|move: Leech Seed
|
|-heal|p1a: Ferrothorn|86/100|[from] item: Leftovers
|-damage|p2a: Umbreon|76/100|[from] Leech Seed|[of] p1a: Ferrothorn
|-heal|p1a: Ferrothorn|99/100|[silent]
|upkeep
|turn|121
|
|t:|1659456726
|move|p2a: Umbreon|Wish|p2a: Umbreon
|move|p1a: Ferrothorn|Power Whip|p2a: Umbreon
|-damage|p2a: Umbreon|54/100
|
|-heal|p1a: Ferrothorn|100/100|[from] item: Leftovers
|-damage|p2a: Umbreon|41/100|[from] Leech Seed|[of] p1a: Ferrothorn
|upkeep
|turn|122
|
|t:|1659456730
|move|p2a: Umbreon|Protect|p2a: Umbreon
|-singleturn|p2a: Umbreon|Protect
|move|p1a: Ferrothorn|Knock Off|p2a: Umbreon
|-activate|p2a: Umbreon|move: Protect
|
|-heal|p2a: Umbreon|91/100|[from] move: Wish|[wisher] Umbreon
|-damage|p2a: Umbreon|79/100|[from] Leech Seed|[of] p1a: Ferrothorn
|upkeep
|turn|123
|
|t:|1659456738
|switch|p2a: Rotom|Rotom-Heat|75/100
|-damage|p2a: Rotom|50/100|[from] Stealth Rock
|move|p1a: Ferrothorn|Spikes|p2a: Rotom
|-sidestart|p2: Lenape|Spikes
|
|-heal|p2a: Rotom|57/100|[from] item: Leftovers
|upkeep
|turn|124
|
|t:|1659456741
|move|p2a: Rotom|Defog|p1a: Ferrothorn
|-unboost|p1a: Ferrothorn|evasion|1
|-sideend|p2: Lenape|Spikes|[from] move: Defog|[of] p2a: Rotom
|-sideend|p2: Lenape|Stealth Rock|[from] move: Defog|[of] p2a: Rotom
|move|p1a: Ferrothorn|Knock Off|p2a: Rotom
|-damage|p2a: Rotom|32/100
|-enditem|p2a: Rotom|Leftovers|[from] move: Knock Off|[of] p1a: Ferrothorn
|
|upkeep
|turn|125
|
|t:|1659456745
|switch|p1a: Garchomp|Garchomp, F|44/100 brn
|move|p2a: Rotom|Will-O-Wisp|p1a: Garchomp
|-fail|p1a: Garchomp|brn
|
|-damage|p1a: Garchomp|38/100 brn|[from] brn
|upkeep
|turn|126
|
|t:|1659456749
|move|p1a: Garchomp|Stealth Rock|p2a: Rotom
|-sidestart|p2: Lenape|move: Stealth Rock
|move|p2a: Rotom|Discharge|p1a: Garchomp
|-immune|p1a: Garchomp
|
|-damage|p1a: Garchomp|32/100 brn|[from] brn
|upkeep
|turn|127
|
|t:|1659456755
|switch|p1a: Slowking|Slowking, M|100/100 brn
|move|p2a: Rotom|Defog|p1a: Slowking
|-unboost|p1a: Slowking|evasion|1
|-sideend|p2: Lenape|Stealth Rock|[from] move: Defog|[of] p2a: Rotom
|
|-damage|p1a: Slowking|94/100 brn|[from] brn
|upkeep
|turn|128
|
|t:|1659456758
|switch|p2a: Sylveon|Sylveon, F|100/100
|move|p1a: Slowking|Scald|p2a: Sylveon
|-damage|p2a: Sylveon|81/100
|
|-heal|p2a: Sylveon|88/100|[from] item: Leftovers
|-damage|p1a: Slowking|88/100 brn|[from] brn
|upkeep
|turn|129
|
|t:|1659456760
|move|p2a: Sylveon|Wish|p2a: Sylveon
|move|p1a: Slowking|Future Sight|p2a: Sylveon
|-start|p1a: Slowking|move: Future Sight
|
|-heal|p2a: Sylveon|94/100|[from] item: Leftovers
|-damage|p1a: Slowking|82/100 brn|[from] brn
|upkeep
|turn|130
|
|t:|1659456768
|move|p2a: Sylveon|Hyper Voice|p1a: Slowking
|-damage|p1a: Slowking|49/100 brn
|move|p1a: Slowking|Teleport|p1a: Slowking
|
|t:|1659456777
|switch|p1a: Melmetal|Melmetal|49/100|[from]move: Teleport
|
|-heal|p2a: Sylveon|100/100|[from] move: Wish|[wisher] Sylveon
|-heal|p1a: Melmetal|55/100|[from] item: Leftovers
|upkeep
|turn|131
|
|t:|1659456785
|move|p2a: Sylveon|Protect|p2a: Sylveon
|-singleturn|p2a: Sylveon|Protect
|move|p1a: Melmetal|Earthquake|p2a: Sylveon
|-activate|p2a: Sylveon|move: Protect
|
|-end|p2a: Sylveon|move: Future Sight
|-damage|p2a: Sylveon|74/100
|-heal|p2a: Sylveon|80/100|[from] item: Leftovers
|-heal|p1a: Melmetal|61/100|[from] item: Leftovers
|upkeep
|turn|132
|
|t:|1659456789
|switch|p2a: Corviknight|Corviknight, M|65/100
|-ability|p2a: Corviknight|Pressure
|switch|p1a: Dragonite|Dragonite, M|100/100
|
|-heal|p2a: Corviknight|71/100|[from] item: Leftovers
|upkeep
|turn|133
|
|t:|1659456797
|move|p1a: Dragonite|Ice Punch|p2a: Corviknight
|-damage|p2a: Corviknight|50/100
|move|p2a: Corviknight|Bulk Up|p2a: Corviknight
|-boost|p2a: Corviknight|atk|1
|-boost|p2a: Corviknight|def|1
|
|-heal|p2a: Corviknight|56/100|[from] item: Leftovers
|upkeep
|turn|134
|
|t:|1659456801
|move|p1a: Dragonite|Ice Punch|p2a: Corviknight
|-damage|p2a: Corviknight|42/100
|move|p2a: Corviknight|Roost|p2a: Corviknight
|-heal|p2a: Corviknight|92/100
|-singleturn|p2a: Corviknight|move: Roost
|
|-heal|p2a: Corviknight|98/100|[from] item: Leftovers
|upkeep
|turn|135
|
|t:|1659456804
|switch|p1a: Zapdos|Zapdos|100/100
|move|p2a: Corviknight|Bulk Up|p2a: Corviknight
|-boost|p2a: Corviknight|atk|1
|-boost|p2a: Corviknight|def|1
|
|-heal|p2a: Corviknight|100/100|[from] item: Leftovers
|upkeep
|turn|136
|
|t:|1659456809
|switch|p1a: Ferrothorn|Ferrothorn, F|100/100
|switch|p2a: Rhyperior|Rhyperior, M|100/100
|
|upkeep
|turn|137
|
|t:|1659456815
|switch|p2a: Toxapex|Toxapex, F|100/100
|move|p1a: Ferrothorn|Spikes|p2a: Toxapex
|-sidestart|p2: Lenape|Spikes
|
|upkeep
|turn|138
|
|t:|1659456818
|move|p2a: Toxapex|Scald|p1a: Ferrothorn
|-resisted|p1a: Ferrothorn
|-crit|p1a: Ferrothorn
|-damage|p1a: Ferrothorn|90/100
|-status|p1a: Ferrothorn|brn
|move|p1a: Ferrothorn|Leech Seed|p2a: Toxapex
|-start|p2a: Toxapex|move: Leech Seed
|
|-heal|p1a: Ferrothorn|97/100 brn|[from] item: Leftovers
|-damage|p2a: Toxapex|88/100|[from] Leech Seed|[of] p1a: Ferrothorn
|-heal|p1a: Ferrothorn|100/100 brn|[silent]
|-damage|p1a: Ferrothorn|94/100 brn|[from] brn
|upkeep
|turn|139
|
|t:|1659456823
|switch|p2a: Sylveon|Sylveon, F|80/100
|-damage|p2a: Sylveon|67/100|[from] Spikes
|move|p1a: Ferrothorn|Leech Seed|p2a: Sylveon
|-start|p2a: Sylveon|move: Leech Seed
|
|-heal|p2a: Sylveon|73/100|[from] item: Leftovers
|-heal|p1a: Ferrothorn|100/100 brn|[from] item: Leftovers
|-damage|p2a: Sylveon|61/100|[from] Leech Seed|[of] p1a: Ferrothorn
|-damage|p1a: Ferrothorn|94/100 brn|[from] brn
|upkeep
|turn|140
|
|t:|1659456826
|move|p2a: Sylveon|Wish|p2a: Sylveon
|move|p1a: Ferrothorn|Knock Off|p2a: Sylveon
|-resisted|p2a: Sylveon
|-damage|p2a: Sylveon|55/100
|-enditem|p2a: Sylveon|Leftovers|[from] move: Knock Off|[of] p1a: Ferrothorn
|
|-heal|p1a: Ferrothorn|100/100 brn|[from] item: Leftovers
|-damage|p2a: Sylveon|42/100|[from] Leech Seed|[of] p1a: Ferrothorn
|-damage|p1a: Ferrothorn|94/100 brn|[from] brn
|upkeep
|turn|141
|
|t:|1659456833
|switch|p2a: Rotom|Rotom-Heat|32/100
|move|p1a: Ferrothorn|Spikes|p2a: Rotom
|-sidestart|p2: Lenape|Spikes
|
|-heal|p2a: Rotom|97/100|[from] move: Wish|[wisher] Sylveon
|-heal|p1a: Ferrothorn|100/100 brn|[from] item: Leftovers
|-damage|p1a: Ferrothorn|94/100 brn|[from] brn
|upkeep
|turn|142
|
|t:|1659456835
|move|p2a: Rotom|Defog|p1a: Ferrothorn
|-unboost|p1a: Ferrothorn|evasion|1
|-sideend|p2: Lenape|Spikes|[from] move: Defog|[of] p2a: Rotom
|move|p1a: Ferrothorn|Leech Seed|p2a: Rotom
|-start|p2a: Rotom|move: Leech Seed
|
|-heal|p1a: Ferrothorn|100/100 brn|[from] item: Leftovers
|-damage|p2a: Rotom|85/100|[from] Leech Seed|[of] p1a: Ferrothorn
|-damage|p1a: Ferrothorn|94/100 brn|[from] brn
|upkeep
|turn|143
|
|t:|1659456838
|switch|p2a: Sylveon|Sylveon, F|42/100
|move|p1a: Ferrothorn|Spikes|p2a: Sylveon
|-sidestart|p2: Lenape|Spikes
|
|-heal|p1a: Ferrothorn|100/100 brn|[from] item: Leftovers
|-damage|p1a: Ferrothorn|94/100 brn|[from] brn
|upkeep
|turn|144
|
|t:|1659456846
|move|p2a: Sylveon|Wish|p2a: Sylveon
|move|p1a: Ferrothorn|Leech Seed|p2a: Sylveon
|-start|p2a: Sylveon|move: Leech Seed
|
|-heal|p1a: Ferrothorn|100/100 brn|[from] item: Leftovers
|-damage|p2a: Sylveon|30/100|[from] Leech Seed|[of] p1a: Ferrothorn
|-damage|p1a: Ferrothorn|94/100 brn|[from] brn
|upkeep
|turn|145
|
|t:|1659456848
|move|p2a: Sylveon|Protect|p2a: Sylveon
|-singleturn|p2a: Sylveon|Protect
|move|p1a: Ferrothorn|Spikes|p2a: Sylveon
|-sidestart|p2: Lenape|Spikes
|
|-heal|p2a: Sylveon|80/100|[from] move: Wish|[wisher] Sylveon
|-heal|p1a: Ferrothorn|100/100 brn|[from] item: Leftovers
|-damage|p2a: Sylveon|68/100|[from] Leech Seed|[of] p1a: Ferrothorn
|-damage|p1a: Ferrothorn|94/100 brn|[from] brn
|upkeep
|turn|146
|
|t:|1659456853
|switch|p1a: Dragonite|Dragonite, M|100/100
|move|p2a: Sylveon|Wish|p2a: Sylveon
|
|-damage|p2a: Sylveon|55/100|[from] Leech Seed|[of] p1a: Dragonite
|upkeep
|turn|147
|
|t:|1659456863
|switch|p1a: Melmetal|Melmetal|61/100
|switch|p2a: Umbreon|Umbreon, F|79/100
|-damage|p2a: Umbreon|62/100|[from] Spikes
|
|-heal|p2a: Umbreon|100/100|[from] move: Wish|[wisher] Sylveon
|-heal|p1a: Melmetal|67/100|[from] item: Leftovers
|upkeep
|turn|148
|
|t:|1659456868
|move|p2a: Umbreon|Protect|p2a: Umbreon
|-singleturn|p2a: Umbreon|Protect
|move|p1a: Melmetal|Toxic|p2a: Umbreon
|-activate|p2a: Umbreon|move: Protect
|
|-heal|p1a: Melmetal|73/100|[from] item: Leftovers
|upkeep
|turn|149
|
|t:|1659456872
|switch|p2a: Corviknight|Corviknight, M|100/100
|-ability|p2a: Corviknight|Pressure
|move|p1a: Melmetal|Toxic|p2a: Corviknight
|-immune|p2a: Corviknight
|
|-heal|p1a: Melmetal|80/100|[from] item: Leftovers
|upkeep
|turn|150
|
|t:|1659456879
|switch|p1a: Zapdos|Zapdos|100/100
|move|p2a: Corviknight|Bulk Up|p2a: Corviknight
|-boost|p2a: Corviknight|atk|1
|-boost|p2a: Corviknight|def|1
|
|upkeep
|turn|151
|
|t:|1659456882
|switch|p1a: Ferrothorn|Ferrothorn, F|94/100 brn
|switch|p2a: Rhyperior|Rhyperior, M|100/100
|-damage|p2a: Rhyperior|84/100|[from] Spikes
|
|-heal|p2a: Rhyperior|90/100|[from] item: Leftovers
|-heal|p1a: Ferrothorn|100/100 brn|[from] item: Leftovers
|-damage|p1a: Ferrothorn|94/100 brn|[from] brn
|upkeep
|turn|152
|
|t:|1659456889
|switch|p2a: Rotom|Rotom-Heat|85/100
|switch|p1a: Slowking|Slowking, M|82/100 brn
|
|-damage|p1a: Slowking|76/100 brn|[from] brn
|upkeep
|turn|153
|
|t:|1659456892
|move|p2a: Rotom|Defog|p1a: Slowking
|-unboost|p1a: Slowking|evasion|1
|-sideend|p2: Lenape|Spikes|[from] move: Defog|[of] p2a: Rotom
|move|p1a: Slowking|Future Sight|p2a: Rotom
|-start|p1a: Slowking|move: Future Sight
|
|-damage|p1a: Slowking|70/100 brn|[from] brn
|upkeep
|turn|154
|
|t:|1659456896
|switch|p2a: Corviknight|Corviknight, M|100/100
|-ability|p2a: Corviknight|Pressure
|move|p1a: Slowking|Teleport|p1a: Slowking
|
|t:|1659456902
|switch|p1a: Dragonite|Dragonite, M|100/100|[from]move: Teleport
|
|upkeep
|turn|155
|
|t:|1659456905
|move|p1a: Dragonite|Dragon Dance|p1a: Dragonite
|-boost|p1a: Dragonite|atk|1
|-boost|p1a: Dragonite|spe|1
|move|p2a: Corviknight|Bulk Up|p2a: Corviknight
|-boost|p2a: Corviknight|atk|1
|-boost|p2a: Corviknight|def|1
|
|-end|p2a: Corviknight|move: Future Sight
|-resisted|p2a: Corviknight
|-damage|p2a: Corviknight|82/100
|-heal|p2a: Corviknight|89/100|[from] item: Leftovers
|upkeep
|turn|156
|
|t:|1659456912
|move|p1a: Dragonite|Ice Punch|p2a: Corviknight
|-damage|p2a: Corviknight|67/100
|move|p2a: Corviknight|Bulk Up|p2a: Corviknight
|-boost|p2a: Corviknight|atk|1
|-boost|p2a: Corviknight|def|1
|
|-heal|p2a: Corviknight|73/100|[from] item: Leftovers
|upkeep
|turn|157
|
|t:|1659456915
|move|p1a: Dragonite|Ice Punch|p2a: Corviknight
|-damage|p2a: Corviknight|57/100
|move|p2a: Corviknight|Brave Bird|p1a: Dragonite
|-damage|p1a: Dragonite|53/100
|-damage|p2a: Corviknight|42/100|[from] Recoil
|
|-heal|p2a: Corviknight|49/100|[from] item: Leftovers
|upkeep
|turn|158
|
|t:|1659456918
|move|p1a: Dragonite|Ice Punch|p2a: Corviknight
|-damage|p2a: Corviknight|32/100
|move|p2a: Corviknight|Roost|p2a: Corviknight
|-heal|p2a: Corviknight|82/100
|-singleturn|p2a: Corviknight|move: Roost
|
|-heal|p2a: Corviknight|88/100|[from] item: Leftovers
|upkeep
|turn|159
|
|t:|1659456921
|move|p1a: Dragonite|Roost|p1a: Dragonite
|-heal|p1a: Dragonite|100/100
|-singleturn|p1a: Dragonite|move: Roost
|move|p2a: Corviknight|Brave Bird|p1a: Dragonite
|-damage|p1a: Dragonite|58/100
|-damage|p2a: Corviknight|74/100|[from] Recoil
|
|-heal|p2a: Corviknight|81/100|[from] item: Leftovers
|upkeep
|turn|160
|
|t:|1659456924
|move|p1a: Dragonite|Roost|p1a: Dragonite
|-heal|p1a: Dragonite|100/100
|-singleturn|p1a: Dragonite|move: Roost
|move|p2a: Corviknight|Brave Bird|p1a: Dragonite
|-damage|p1a: Dragonite|55/100
|-damage|p2a: Corviknight|66/100|[from] Recoil
|
|-heal|p2a: Corviknight|72/100|[from] item: Leftovers
|upkeep
|turn|161
|
|t:|1659456928
|move|p1a: Dragonite|Roost|p1a: Dragonite
|-heal|p1a: Dragonite|100/100
|-singleturn|p1a: Dragonite|move: Roost
|move|p2a: Corviknight|Brave Bird|p1a: Dragonite
|-damage|p1a: Dragonite|58/100
|-damage|p2a: Corviknight|59/100|[from] Recoil
|
|-heal|p2a: Corviknight|65/100|[from] item: Leftovers
|upkeep
|turn|162
|
|t:|1659456932
|switch|p1a: Zapdos|Zapdos|100/100
|move|p2a: Corviknight|Brave Bird|p1a: Zapdos
|-resisted|p1a: Zapdos
|-damage|p1a: Zapdos|66/100
|-status|p2a: Corviknight|par|[from] ability: Static|[of] p1a: Zapdos
|-damage|p2a: Corviknight|54/100 par|[from] Recoil
|
|-heal|p2a: Corviknight|60/100 par|[from] item: Leftovers
|upkeep
|turn|163
|
|t:|1659456934
|switch|p2a: Rhyperior|Rhyperior, M|90/100
|move|p1a: Zapdos|Discharge|p2a: Rhyperior
|-immune|p2a: Rhyperior
|
|-heal|p2a: Rhyperior|96/100|[from] item: Leftovers
|upkeep
|turn|164
|
|t:|1659456937
|switch|p1a: Ferrothorn|Ferrothorn, F|94/100 brn
|move|p2a: Rhyperior|Stealth Rock|p1a: Ferrothorn
|-sidestart|p1: LT91BB Dasmer|move: Stealth Rock
|
|-heal|p2a: Rhyperior|100/100|[from] item: Leftovers
|-heal|p1a: Ferrothorn|100/100 brn|[from] item: Leftovers
|-damage|p1a: Ferrothorn|94/100 brn|[from] brn
|upkeep
|turn|165
|
|t:|1659456940
|move|p2a: Rhyperior|Earthquake|p1a: Ferrothorn
|-damage|p1a: Ferrothorn|66/100 brn
|move|p1a: Ferrothorn|Spikes|p2a: Rhyperior
|-sidestart|p2: Lenape|Spikes
|
|-heal|p1a: Ferrothorn|72/100 brn|[from] item: Leftovers
|-damage|p1a: Ferrothorn|66/100 brn|[from] brn
|upkeep
|turn|166
|
|t:|1659456943
|switch|p2a: Umbreon|Umbreon, F|100/100
|-damage|p2a: Umbreon|88/100|[from] Spikes
|move|p1a: Ferrothorn|Leech Seed|p2a: Umbreon
|-start|p2a: Umbreon|move: Leech Seed
|
|-heal|p1a: Ferrothorn|72/100 brn|[from] item: Leftovers
|-damage|p2a: Umbreon|76/100|[from] Leech Seed|[of] p1a: Ferrothorn
|-heal|p1a: Ferrothorn|86/100 brn|[silent]
|-damage|p1a: Ferrothorn|80/100 brn|[from] brn
|upkeep
|turn|167
|
|t:|1659456952
|move|p2a: Umbreon|Wish|p2a: Umbreon
|move|p1a: Ferrothorn|Spikes|p2a: Umbreon
|-sidestart|p2: Lenape|Spikes
|
|-heal|p1a: Ferrothorn|86/100 brn|[from] item: Leftovers
|-damage|p2a: Umbreon|63/100|[from] Leech Seed|[of] p1a: Ferrothorn
|-heal|p1a: Ferrothorn|99/100 brn|[silent]
|-damage|p1a: Ferrothorn|94/100 brn|[from] brn
|upkeep
|turn|168
|
|t:|1659456955
|switch|p1a: Melmetal|Melmetal|80/100
|-damage|p1a: Melmetal|73/100|[from] Stealth Rock
|move|p2a: Umbreon|Heal Bell|p2a: Umbreon
|-activate|p2a: Umbreon|move: Heal Bell
|-curestatus|p2: Corviknight|par|[msg]
|
|-heal|p2a: Umbreon|100/100|[from] move: Wish|[wisher] Umbreon
|-heal|p1a: Melmetal|80/100|[from] item: Leftovers
|-damage|p2a: Umbreon|88/100|[from] Leech Seed|[of] p1a: Melmetal
|-heal|p1a: Melmetal|91/100|[silent]
|upkeep
|turn|169
|
|t:|1659456959
|switch|p2a: Corviknight|Corviknight, M|60/100
|-ability|p2a: Corviknight|Pressure
|switch|p1a: Zapdos|Zapdos|66/100
|
|-heal|p2a: Corviknight|67/100|[from] item: Leftovers
|upkeep
|turn|170
|
|t:|1659456965
|switch|p2a: Rhyperior|Rhyperior, M|100/100
|-damage|p2a: Rhyperior|84/100|[from] Spikes
|move|p1a: Zapdos|Hurricane|p2a: Rhyperior|[miss]
|-miss|p1a: Zapdos|p2a: Rhyperior
|
|-heal|p2a: Rhyperior|90/100|[from] item: Leftovers
|upkeep
|turn|171
|
|t:|1659456968
|switch|p1a: Ferrothorn|Ferrothorn, F|94/100 brn
|-damage|p1a: Ferrothorn|87/100 brn|[from] Stealth Rock
|move|p2a: Rhyperior|Earthquake|p1a: Ferrothorn
|-damage|p1a: Ferrothorn|61/100 brn
|
|-heal|p2a: Rhyperior|96/100|[from] item: Leftovers
|-heal|p1a: Ferrothorn|67/100 brn|[from] item: Leftovers
|-damage|p1a: Ferrothorn|61/100 brn|[from] brn
|upkeep
|turn|172
|
|t:|1659456971
|move|p2a: Rhyperior|Earthquake|p1a: Ferrothorn
|-damage|p1a: Ferrothorn|36/100 brn
|move|p1a: Ferrothorn|Power Whip|p2a: Rhyperior
|-supereffective|p2a: Rhyperior
|-damage|p2a: Rhyperior|59/100
|
|-heal|p2a: Rhyperior|65/100|[from] item: Leftovers
|-heal|p1a: Ferrothorn|43/100 brn|[from] item: Leftovers
|-damage|p1a: Ferrothorn|36/100 brn|[from] brn
|upkeep
|turn|173
|
|t:|1659456974
|move|p2a: Rhyperior|Earthquake|p1a: Ferrothorn
|-damage|p1a: Ferrothorn|11/100 brn
|move|p1a: Ferrothorn|Knock Off|p2a: Rhyperior
|-damage|p2a: Rhyperior|59/100
|-enditem|p2a: Rhyperior|Leftovers|[from] move: Knock Off|[of] p1a: Ferrothorn
|
|-heal|p1a: Ferrothorn|18/100 brn|[from] item: Leftovers
|-damage|p1a: Ferrothorn|11/100 brn|[from] brn
|upkeep
|turn|174
|
|t:|1659456978
|switch|p1a: Slowking|Slowking, M|100/100 brn
|move|p2a: Rhyperior|Earthquake|p1a: Slowking
|-damage|p1a: Slowking|49/100 brn
|
|-damage|p1a: Slowking|43/100 brn|[from] brn
|upkeep
|turn|175
|
|t:|1659456982
|switch|p1a: Ferrothorn|Ferrothorn, F|11/100 brn
|-damage|p1a: Ferrothorn|5/100 brn|[from] Stealth Rock
|move|p2a: Rhyperior|Earthquake|p1a: Ferrothorn
|-damage|p1a: Ferrothorn|0 fnt
|faint|p1a: Ferrothorn
|
|upkeep
|
|t:|1659456984
|switch|p1a: Dragonite|Dragonite, M|58/100
|turn|176
|
|t:|1659456993
|switch|p2a: Corviknight|Corviknight, M|67/100
|-ability|p2a: Corviknight|Pressure
|move|p1a: Dragonite|Roost|p1a: Dragonite
|-heal|p1a: Dragonite|100/100
|-singleturn|p1a: Dragonite|move: Roost
|
|-heal|p2a: Corviknight|73/100|[from] item: Leftovers
|upkeep
|turn|177
|
|t:|1659456996
|switch|p1a: Zapdos|Zapdos|66/100
|switch|p2a: Rotom|Rotom-Heat|85/100
|
|upkeep
|turn|178
|
|t:|1659456999
|move|p1a: Zapdos|Hurricane|p2a: Rotom
|-resisted|p2a: Rotom
|-damage|p2a: Rotom|67/100
|move|p2a: Rotom|Defog|p1a: Zapdos
|-unboost|p1a: Zapdos|evasion|1
|-sideend|p1: LT91BB Dasmer|Stealth Rock|[from] move: Defog|[of] p2a: Rotom
|-sideend|p2: Lenape|Spikes|[from] move: Defog|[of] p2a: Rotom
|
|upkeep
|turn|179
|
|t:|1659457003
|switch|p1a: Garchomp|Garchomp, F|32/100 brn
|move|p2a: Rotom|Will-O-Wisp|p1a: Garchomp
|-fail|p1a: Garchomp|brn
|
|-damage|p1a: Garchomp|26/100 brn|[from] brn
|upkeep
|turn|180
|
|t:|1659457006
|move|p1a: Garchomp|Toxic|p2a: Rotom
|-status|p2a: Rotom|tox
|move|p2a: Rotom|Discharge|p1a: Garchomp
|-immune|p1a: Garchomp
|
|-damage|p2a: Rotom|60/100 tox|[from] psn
|-damage|p1a: Garchomp|19/100 brn|[from] brn
|upkeep
|turn|181
|
|t:|1659457009
|switch|p1a: Slowking|Slowking, M|76/100 brn
|switch|p2a: Umbreon|Umbreon, F|88/100
|
|-damage|p1a: Slowking|70/100 brn|[from] brn
|upkeep
|turn|182
|
|t:|1659457016
|move|p2a: Umbreon|Heal Bell|p2a: Umbreon
|-activate|p2a: Umbreon|move: Heal Bell
|-curestatus|p2: Rotom|tox|[msg]
|move|p1a: Slowking|Teleport|p1a: Slowking
|
|t:|1659457018
|switch|p1a: Garchomp|Garchomp, F|19/100 brn|[from]move: Teleport
|
|-damage|p1a: Garchomp|13/100 brn|[from] brn
|upkeep
|turn|183
|
|t:|1659457020
|switch|p2a: Rotom|Rotom-Heat|60/100
|move|p1a: Garchomp|Stealth Rock|p2a: Rotom
|-sidestart|p2: Lenape|move: Stealth Rock
|
|-damage|p1a: Garchomp|7/100 brn|[from] brn
|upkeep
|turn|184
|
|t:|1659457024
|switch|p1a: Slowking|Slowking, M|100/100 brn
|move|p2a: Rotom|Defog|p1a: Slowking
|-unboost|p1a: Slowking|evasion|1
|-sideend|p2: Lenape|Stealth Rock|[from] move: Defog|[of] p2a: Rotom
|
|-damage|p1a: Slowking|94/100 brn|[from] brn
|upkeep
|turn|185
|
|t:|1659457033
|move|p2a: Rotom|Discharge|p1a: Slowking
|-supereffective|p1a: Slowking
|-damage|p1a: Slowking|62/100 brn
|move|p1a: Slowking|Future Sight|p2a: Rotom
|-start|p1a: Slowking|move: Future Sight
|
|-damage|p1a: Slowking|56/100 brn|[from] brn
|upkeep
|turn|186
|
|t:|1659457036
|switch|p2a: Umbreon|Umbreon, F|88/100
|move|p1a: Slowking|Teleport|p1a: Slowking
|
|t:|1659457042
|switch|p1a: Garchomp|Garchomp, F|7/100 brn|[from]move: Teleport
|
|-damage|p1a: Garchomp|1/100 brn|[from] brn
|upkeep
|turn|187
|
|t:|1659457044
|move|p1a: Garchomp|Stealth Rock|p2a: Umbreon
|-sidestart|p2: Lenape|move: Stealth Rock
|move|p2a: Umbreon|Wish|p2a: Umbreon
|
|-end|p2a: Umbreon|move: Future Sight
|-immune|p2a: Umbreon
|-damage|p1a: Garchomp|0 fnt|[from] brn
|faint|p1a: Garchomp
|upkeep
|
|t:|1659457050
|switch|p1a: Melmetal|Melmetal|91/100
|turn|188
|
|t:|1659457053
|switch|p2a: Rotom|Rotom-Heat|60/100
|-damage|p2a: Rotom|35/100|[from] Stealth Rock
|move|p1a: Melmetal|Toxic|p2a: Rotom|[miss]
|-miss|p1a: Melmetal|p2a: Rotom
|
|-heal|p2a: Rotom|99/100|[from] move: Wish|[wisher] Umbreon
|-heal|p1a: Melmetal|98/100|[from] item: Leftovers
|upkeep
|turn|189
|
|t:|1659457057
|move|p2a: Rotom|Defog|p1a: Melmetal
|-unboost|p1a: Melmetal|evasion|1
|-sideend|p2: Lenape|Stealth Rock|[from] move: Defog|[of] p2a: Rotom
|move|p1a: Melmetal|Toxic|p2a: Rotom
|-status|p2a: Rotom|tox
|
|-heal|p1a: Melmetal|100/100|[from] item: Leftovers
|-damage|p2a: Rotom|94/100 tox|[from] psn
|upkeep
|turn|190
|
|t:|1659457059
|move|p2a: Rotom|Will-O-Wisp|p1a: Melmetal
|-status|p1a: Melmetal|brn
|move|p1a: Melmetal|Double Iron Bash|p2a: Rotom
|-resisted|p2a: Rotom
|-damage|p2a: Rotom|88/100 tox
|-resisted|p2a: Rotom
|-damage|p2a: Rotom|82/100 tox
|-hitcount|p2a: Rotom|2
|
|-damage|p2a: Rotom|70/100 tox|[from] psn
|-damage|p1a: Melmetal|94/100 brn|[from] brn
|upkeep
|turn|191
|-message|LT91BB Dasmer forfeited.
|
|win|Lenape
|raw|LT91BB Dasmer's rating: 1904 &rarr; <strong>1878</strong><br />(-26 for losing)
|raw|Lenape's rating: 1804 &rarr; <strong>1830</strong><br />(+26 for winning)
|l|☆LT91BB Dasmer
||Ladder isn't responding, score probably updated but might not have (Request timeout).
