|raw|<div class="broadcast-blue"><strong>This battle is required to be public due to a player having a name starting with 'lt91bb'.</div>
|j|☆mekki the poison
|j|☆LT91BB Ruby
|t:|1659563738
|gametype|singles
|player|p1|mekki the poison|flint|1803
|player|p2|LT91BB Ruby|cynthia-gen7|1828
|teamsize|p1|6
|teamsize|p2|6
|gen|8
|tier|[Gen 8] OU
|rated|
|rule|Sleep Clause Mod: Limit one foe put to sleep
|rule|Species Clause: Limit one of each Pokémon
|rule|OHKO Clause: OHKO moves are banned
|rule|Evasion Moves Clause: Evasion moves are banned
|rule|Endless Battle Clause: Forcing endless battles is banned
|rule|HP Percentage Mod: HP is shown in percentages
|rule|Dynamax Clause: You cannot dynamax
|clearpoke
|poke|p1|Garchomp, F|
|poke|p1|Volcarona, F|
|poke|p1|Kartana|
|poke|p1|Tapu Fini|
|poke|p1|Heatran, M|
|poke|p1|Tornadus-Therian, M|
|poke|p2|Hawlucha, F|
|poke|p2|Garchomp, F|
|poke|p2|Heatran, F|
|poke|p2|Tapu Lele|
|poke|p2|Kartana|
|poke|p2|Urshifu-*, M|
|teampreview
|inactive|Battle timer is ON: inactive players will automatically lose when time's up. (requested by LT91BB Ruby)
|
|t:|1659563762
|start
|switch|p1a: Garchomp|Garchomp, F|100/100
|switch|p2a: Heatran|Heatran, F|100/100
|-item|p2a: Heatran|Air Balloon
|turn|1
|
|t:|1659563772
|switch|p1a: Tapu Fini|Tapu Fini|100/100
|-fieldstart|move: Misty Terrain|[from] ability: Misty Surge|[of] p1a: Tapu Fini
|move|p2a: Heatran|Will-O-Wisp|p1a: Tapu Fini
|-activate|p1a: Tapu Fini|move: Misty Terrain
|
|upkeep
|turn|2
|
|t:|1659563781
|switch|p2a: Tapu Lele|Tapu Lele|100/100
|-fieldstart|move: Psychic Terrain|[from] ability: Psychic Surge|[of] p2a: Tapu Lele
|move|p1a: Tapu Fini|Whirlpool|p2a: Tapu Lele
|-damage|p2a: Tapu Lele|88/100
|-activate|p2a: Tapu Lele|move: Whirlpool|[of] p1a: Tapu Fini
|-enditem|p2a: Tapu Lele|Eject Button
|
|t:|1659563795
|switch|p2a: Kartana|Kartana|100/100
|
|upkeep
|turn|3
|
|t:|1659563803
|switch|p2a: Garchomp|Garchomp, F|100/100
|-enditem|p2a: Garchomp|Psychic Seed
|-boost|p2a: Garchomp|spd|1|[from] item: Psychic Seed
|switch|p1a: Heatran|Heatran, M|100/100
|
|upkeep
|turn|4
|
|t:|1659563817
|switch|p1a: Tornadus|Tornadus-Therian, M|100/100
|move|p2a: Garchomp|Swords Dance|p2a: Garchomp
|-boost|p2a: Garchomp|atk|2
|
|upkeep
|turn|5
|
|t:|1659563824
|move|p1a: Tornadus|U-turn|p2a: Garchomp
|-damage|p2a: Garchomp|86/100
|-damage|p1a: Tornadus|88/100|[from] ability: Rough Skin|[of] p2a: Garchomp
|
|t:|1659563825
|switch|p1a: Tapu Fini|Tapu Fini|100/100|[from]move: U-turn
|-fieldstart|move: Misty Terrain|[from] ability: Misty Surge|[of] p1a: Tapu Fini
|move|p2a: Garchomp|Swords Dance|p2a: Garchomp
|-boost|p2a: Garchomp|atk|2
|
|upkeep
|turn|6
|
|t:|1659563830
|switch|p1a: Tornadus|Tornadus-Therian, M|100/100
|move|p2a: Garchomp|Earthquake|p1a: Tornadus
|-immune|p1a: Tornadus
|
|upkeep
|turn|7
|
|t:|1659563832
|move|p1a: Tornadus|Hurricane|p2a: Garchomp
|-damage|p2a: Garchomp|57/100
|move|p2a: Garchomp|Scale Shot|p1a: Tornadus
|-damage|p1a: Tornadus|55/100
|-damage|p1a: Tornadus|13/100
|-damage|p1a: Tornadus|0 fnt
|faint|p1a: Tornadus
|-hitcount|p1: Tornadus|3
|-unboost|p2a: Garchomp|def|1
|-boost|p2a: Garchomp|spe|1
|
|upkeep
|
|t:|1659563834
|switch|p1a: Kartana|Kartana|100/100
|turn|8
|
|t:|1659563860
|switch|p2a: Tapu Lele|Tapu Lele|88/100
|-fieldstart|move: Psychic Terrain|[from] ability: Psychic Surge|[of] p2a: Tapu Lele
|move|p1a: Kartana|Leaf Blade|p2a: Tapu Lele
|-damage|p2a: Tapu Lele|0 fnt
|faint|p2a: Tapu Lele
|-ability|p1a: Kartana|Beast Boost|boost
|-boost|p1a: Kartana|atk|1
|
|upkeep
|
|t:|1659563863
|switch|p2a: Hawlucha|Hawlucha, F|100/100
|-enditem|p2a: Hawlucha|Psychic Seed
|-boost|p2a: Hawlucha|spd|1|[from] item: Psychic Seed
|turn|9
|j| irgendwasmitmeeem
|
|t:|1659563877
|move|p2a: Hawlucha|Swords Dance|p2a: Hawlucha
|-boost|p2a: Hawlucha|atk|2
|move|p1a: Kartana|Leaf Blade|p2a: Hawlucha
|-resisted|p2a: Hawlucha
|-damage|p2a: Hawlucha|32/100
|
|upkeep
|turn|10
|
|t:|1659563892
|switch|p1a: Heatran|Heatran, M|100/100
|move|p2a: Hawlucha|Acrobatics|p1a: Heatran
|-resisted|p1a: Heatran
|-crit|p1a: Heatran
|-damage|p1a: Heatran|56/100
|
|-heal|p1a: Heatran|62/100|[from] item: Leftovers
|upkeep
|turn|11
|
|t:|1659563896
|move|p2a: Hawlucha|Substitute|p2a: Hawlucha
|-start|p2a: Hawlucha|Substitute
|-damage|p2a: Hawlucha|7/100
|move|p1a: Heatran|Stealth Rock|p2a: Hawlucha
|-sidestart|p2: LT91BB Ruby|move: Stealth Rock
|
|-heal|p1a: Heatran|69/100|[from] item: Leftovers
|upkeep
|turn|12
|
|t:|1659563900
|move|p2a: Hawlucha|Close Combat|p1a: Heatran
|-supereffective|p1a: Heatran
|-damage|p1a: Heatran|0 fnt
|-unboost|p2a: Hawlucha|def|1
|-unboost|p2a: Hawlucha|spd|1
|faint|p1a: Heatran
|
|-fieldend|move: Psychic Terrain
|upkeep
|
|t:|1659563902
|switch|p1a: Garchomp|Garchomp, F|100/100
|turn|13
|
|t:|1659563906
|move|p2a: Hawlucha|Close Combat|p1a: Garchomp
|-damage|p1a: Garchomp|0 fnt
|-unboost|p2a: Hawlucha|def|1
|-unboost|p2a: Hawlucha|spd|1
|-damage|p2a: Hawlucha|0 fnt|[from] ability: Rough Skin|[of] p1a: Garchomp
|faint|p1a: Garchomp
|faint|p2a: Hawlucha
|
|upkeep
|
|t:|1659563915
|switch|p2a: Urshifu|Urshifu-Rapid-Strike, M|100/100
|switch|p1a: Kartana|Kartana|100/100
|-damage|p2a: Urshifu|94/100|[from] Stealth Rock
|turn|14
|
|t:|1659563921
|switch|p1a: Tapu Fini|Tapu Fini|100/100
|-fieldstart|move: Misty Terrain|[from] ability: Misty Surge|[of] p1a: Tapu Fini
|switch|p2a: Garchomp|Garchomp, F|57/100
|-damage|p2a: Garchomp|51/100|[from] Stealth Rock
|
|upkeep
|turn|15
|
|t:|1659563929
|move|p2a: Garchomp|Earthquake|p1a: Tapu Fini
|-damage|p1a: Tapu Fini|61/100
|move|p1a: Tapu Fini|Moonblast|p2a: Garchomp
|-supereffective|p2a: Garchomp
|-damage|p2a: Garchomp|0 fnt
|faint|p2a: Garchomp
|
|-heal|p1a: Tapu Fini|67/100|[from] item: Leftovers
|upkeep
|
|t:|1659563931
|switch|p2a: Kartana|Kartana|100/100
|-damage|p2a: Kartana|94/100|[from] Stealth Rock
|turn|16
|
|t:|1659563939
|switch|p1a: Kartana|Kartana|100/100
|move|p2a: Kartana|Swords Dance|p2a: Kartana
|-boost|p2a: Kartana|atk|2
|
|upkeep
|turn|17
|
|t:|1659563946
|move|p1a: Kartana|Sacred Sword|p2a: Kartana
|-supereffective|p2a: Kartana
|-damage|p2a: Kartana|15/100
|move|p2a: Kartana|Knock Off|p1a: Kartana
|-damage|p1a: Kartana|0 fnt
|-enditem|p1a: Kartana|Choice Scarf|[from] move: Knock Off|[of] p2a: Kartana
|faint|p1a: Kartana
|-ability|p2a: Kartana|Beast Boost|boost
|-boost|p2a: Kartana|atk|1
|-damage|p2a: Kartana|5/100|[from] item: Life Orb
|
|upkeep
|
|t:|1659563950
|switch|p1a: Volcarona|Volcarona, F|100/100
|turn|18
|
|t:|1659563960
|move|p2a: Kartana|Knock Off|p1a: Volcarona
|-damage|p1a: Volcarona|0 fnt
|-enditem|p1a: Volcarona|Heavy-Duty Boots|[from] move: Knock Off|[of] p2a: Kartana
|faint|p1a: Volcarona
|-ability|p2a: Kartana|Beast Boost|boost
|-boost|p2a: Kartana|atk|1
|-damage|p2a: Kartana|0 fnt|[from] item: Life Orb
|faint|p2a: Kartana
|
|-fieldend|Misty Terrain
|upkeep
|j| LT91BB LA BOMBA
|
|t:|1659563969
|switch|p2a: Urshifu|Urshifu-Rapid-Strike, M|94/100
|switch|p1a: Tapu Fini|Tapu Fini|67/100
|-damage|p2a: Urshifu|88/100|[from] Stealth Rock
|-fieldstart|move: Misty Terrain|[from] ability: Misty Surge|[of] p1a: Tapu Fini
|turn|19
|l| LT91BB LA BOMBA
|
|t:|1659563972
|move|p2a: Urshifu|Surging Strikes|p1a: Tapu Fini
|-resisted|p1a: Tapu Fini
|-crit|p1a: Tapu Fini
|-damage|p1a: Tapu Fini|60/100
|-resisted|p1a: Tapu Fini
|-crit|p1a: Tapu Fini
|-damage|p1a: Tapu Fini|52/100
|-resisted|p1a: Tapu Fini
|-crit|p1a: Tapu Fini
|-damage|p1a: Tapu Fini|45/100
|-hitcount|p1a: Tapu Fini|3
|move|p1a: Tapu Fini|Whirlpool|p2a: Urshifu
|-resisted|p2a: Urshifu
|-damage|p2a: Urshifu|79/100
|-activate|p2a: Urshifu|move: Whirlpool|[of] p1a: Tapu Fini
|
|-heal|p1a: Tapu Fini|51/100|[from] item: Leftovers
|-damage|p2a: Urshifu|67/100|[from] move: Whirlpool|[partiallytrapped]
|upkeep
|turn|20
|
|t:|1659563975
|move|p2a: Urshifu|Surging Strikes|p1a: Tapu Fini
|-resisted|p1a: Tapu Fini
|-crit|p1a: Tapu Fini
|-damage|p1a: Tapu Fini|44/100
|-resisted|p1a: Tapu Fini
|-crit|p1a: Tapu Fini
|-damage|p1a: Tapu Fini|36/100
|-resisted|p1a: Tapu Fini
|-crit|p1a: Tapu Fini
|-damage|p1a: Tapu Fini|29/100
|-hitcount|p1a: Tapu Fini|3
|move|p1a: Tapu Fini|Moonblast|p2a: Urshifu
|-supereffective|p2a: Urshifu
|-damage|p2a: Urshifu|0 fnt
|faint|p2a: Urshifu
|
|-heal|p1a: Tapu Fini|35/100|[from] item: Leftovers
|upkeep
|
|t:|1659563977
|switch|p2a: Heatran|Heatran, F|100/100
|-damage|p2a: Heatran|88/100|[from] Stealth Rock
|-item|p2a: Heatran|Air Balloon
|turn|21
|
|t:|1659563979
|move|p2a: Heatran|Earth Power|p1a: Tapu Fini
|-damage|p1a: Tapu Fini|13/100
|move|p1a: Tapu Fini|Whirlpool|p2a: Heatran
|-supereffective|p2a: Heatran
|-damage|p2a: Heatran|67/100
|-activate|p2a: Heatran|move: Whirlpool|[of] p1a: Tapu Fini
|-enditem|p2a: Heatran|Air Balloon
|
|-heal|p1a: Tapu Fini|19/100|[from] item: Leftovers
|-damage|p2a: Heatran|54/100|[from] move: Whirlpool|[partiallytrapped]
|upkeep
|turn|22
|
|t:|1659563983
|move|p2a: Heatran|Earth Power|p1a: Tapu Fini
|-damage|p1a: Tapu Fini|1/100
|move|p1a: Tapu Fini|Moonblast|p2a: Heatran
|-resisted|p2a: Heatran
|-damage|p2a: Heatran|47/100
|
|-heal|p1a: Tapu Fini|7/100|[from] item: Leftovers
|-damage|p2a: Heatran|35/100|[from] move: Whirlpool|[partiallytrapped]
|upkeep
|turn|23
|
|t:|1659563986
|move|p2a: Heatran|Earth Power|p1a: Tapu Fini
|-damage|p1a: Tapu Fini|0 fnt
|faint|p1a: Tapu Fini
|
|win|LT91BB Ruby
|raw|mekki the poison's rating: 1803 &rarr; <strong>1785</strong><br />(-18 for losing)
|raw|LT91BB Ruby's rating: 1845 &rarr; <strong>1863</strong><br />(+18 for winning)
|l|☆mekki the poison
|l|☆LT91BB Ruby
||Ladder isn't responding, score probably updated but might not have (Request timeout).
