|j|☆comp233
|j|☆Geobruhhh
|t:|1664742643
|gametype|singles
|player|p1|comp233|rosa|1688
|player|p2|Geobruhhh|veteran|1684
|teamsize|p1|6
|teamsize|p2|6
|gen|8
|tier|[Gen 8] OU
|rated|
|rule|Sleep Clause Mod: Limit one foe put to sleep
|rule|Species Clause: Limit one of each Pokémon
|rule|OHKO Clause: OHKO moves are banned
|rule|Evasion Items Clause: Evasion items are banned
|rule|Evasion Moves Clause: Evasion moves are banned
|rule|Endless Battle Clause: Forcing endless battles is banned
|rule|HP Percentage Mod: HP is shown in percentages
|rule|Dynamax Clause: You cannot dynamax
|clearpoke
|poke|p1|Dragapult, F|
|poke|p1|Melmetal|
|poke|p1|Zapdos-Galar|
|poke|p1|Blaziken, F|
|poke|p1|Victini|
|poke|p1|Landorus-Therian, M|
|poke|p2|Zapdos|
|poke|p2|Hydreigon, F|
|poke|p2|Toxapex, F|
|poke|p2|Quagsire, F|
|poke|p2|Blissey, F|
|poke|p2|Shedinja|
|teampreview
|inactive|Battle timer is ON: inactive players will automatically lose when time's up. (requested by Geobruhhh)
|
|t:|1664742652
|start
|switch|p1a: Landorus|Landorus-Therian, M|100/100
|switch|p2a: Zapdos|Zapdos|100/100
|-ability|p1a: Landorus|Intimidate|boost
|-unboost|p2a: Zapdos|atk|1
|-ability|p2a: Zapdos|Pressure
|turn|1
|
|t:|1664742655
|move|p1a: Landorus|Stealth Rock|p2a: Zapdos
|-sidestart|p2: Geobruhhh|move: Stealth Rock
|move|p2a: Zapdos|Toxic|p1a: Landorus
|-status|p1a: Landorus|tox
|
|-damage|p1a: Landorus|95/100 tox|[from] psn
|upkeep
|turn|2
|
|t:|1664742657
|move|p1a: Landorus|Knock Off|p2a: Zapdos
|-damage|p2a: Zapdos|76/100
|-enditem|p2a: Zapdos|Heavy-Duty Boots|[from] move: Knock Off|[of] p1a: Landorus
|move|p2a: Zapdos|Defog|p1a: Landorus
|-unboost|p1a: Landorus|evasion|1
|-sideend|p2: Geobruhhh|Stealth Rock|[from] move: Defog|[of] p2a: Zapdos
|
|-damage|p1a: Landorus|83/100 tox|[from] psn
|upkeep
|turn|3
|
|t:|1664742666
|move|p1a: Landorus|Stealth Rock|p2a: Zapdos
|-sidestart|p2: Geobruhhh|move: Stealth Rock
|move|p2a: Zapdos|Roost|p2a: Zapdos
|-heal|p2a: Zapdos|100/100
|-singleturn|p2a: Zapdos|move: Roost
|
|-damage|p1a: Landorus|65/100 tox|[from] psn
|upkeep
|turn|4
|
|t:|1664742668
|move|p1a: Landorus|Explosion|p2a: Zapdos
|-damage|p2a: Zapdos|36/100
|faint|p1a: Landorus
|move|p2a: Zapdos|Defog|p1: Landorus|[notarget]
|-fail|p2a: Zapdos
|
|upkeep
|inactive|comp233 has 120 seconds left.
|
|t:|1664742701
|switch|p1a: Zapdos|Zapdos-Galar|100/100
|turn|5
|
|t:|1664742705
|move|p1a: Zapdos|Brave Bird|p2a: Zapdos
|-resisted|p2a: Zapdos
|-damage|p2a: Zapdos|4/100
|-damage|p1a: Zapdos|88/100|[from] Recoil
|move|p2a: Zapdos|Roost|p2a: Zapdos
|-heal|p2a: Zapdos|54/100
|-singleturn|p2a: Zapdos|move: Roost
|
|upkeep
|turn|6
|
|t:|1664742710
|switch|p1a: Victini|Victini|100/100
|move|p2a: Zapdos|Defog|p1a: Victini
|-unboost|p1a: Victini|evasion|1
|-sideend|p2: Geobruhhh|Stealth Rock|[from] move: Defog|[of] p2a: Zapdos
|
|upkeep
|turn|7
|
|t:|1664742715
|switch|p2a: Quagsire|Quagsire, F|100/100
|move|p1a: Victini|V-create|p2a: Quagsire
|-resisted|p2a: Quagsire
|-damage|p2a: Quagsire|72/100
|-unboost|p1a: Victini|spe|1
|-unboost|p1a: Victini|def|1
|-unboost|p1a: Victini|spd|1
|
|-heal|p2a: Quagsire|78/100|[from] item: Leftovers
|upkeep
|turn|8
|
|t:|1664742720
|move|p1a: Victini|U-turn|p2a: Quagsire
|-damage|p2a: Quagsire|64/100
|
|t:|1664742723
|switch|p1a: Zapdos|Zapdos-Galar|88/100|[from]move: U-turn
|move|p2a: Quagsire|Scald|p1a: Zapdos
|-damage|p1a: Zapdos|67/100
|-status|p1a: Zapdos|brn
|
|-heal|p2a: Quagsire|70/100|[from] item: Leftovers
|-damage|p1a: Zapdos|61/100 brn|[from] brn
|upkeep
|turn|9
|
|t:|1664742726
|move|p1a: Zapdos|U-turn|p2a: Quagsire
|-damage|p2a: Quagsire|59/100
|
|t:|1664742730
|switch|p1a: Melmetal|Melmetal, shiny|100/100|[from]move: U-turn
|move|p2a: Quagsire|Recover|p2a: Quagsire
|-heal|p2a: Quagsire|100/100
|
|upkeep
|turn|10
|
|t:|1664742734
|switch|p2a: Shedinja|Shedinja|100/100
|move|p1a: Melmetal|Earthquake|p2a: Shedinja
|-immune|p2a: Shedinja|[from] ability: Wonder Guard
|
|upkeep
|turn|11
|
|t:|1664742740
|switch|p2a: Zapdos|Zapdos|54/100
|-ability|p2a: Zapdos|Pressure
|switch|p1a: Zapdos|Zapdos-Galar|61/100 brn
|
|-damage|p1a: Zapdos|54/100 brn|[from] brn
|upkeep
|turn|12
|
|t:|1664742743
|move|p1a: Zapdos|U-turn|p2a: Zapdos
|-resisted|p2a: Zapdos
|-damage|p2a: Zapdos|47/100
|
|t:|1664742745
|switch|p1a: Victini|Victini|100/100|[from]move: U-turn
|move|p2a: Zapdos|Roost|p2a: Zapdos
|-heal|p2a: Zapdos|97/100
|-singleturn|p2a: Zapdos|move: Roost
|
|upkeep
|turn|13
|
|t:|1664742750
|move|p1a: Victini|U-turn|p2a: Zapdos
|-resisted|p2a: Zapdos
|-damage|p2a: Zapdos|90/100
|
|t:|1664742753
|switch|p1a: Dragapult|Dragapult, F, shiny|100/100|[from]move: U-turn
|move|p2a: Zapdos|Roost|p2a: Zapdos
|-heal|p2a: Zapdos|100/100
|-singleturn|p2a: Zapdos|move: Roost
|
|upkeep
|turn|14
|
|t:|1664742757
|move|p1a: Dragapult|Shadow Ball|p2a: Zapdos
|-damage|p2a: Zapdos|64/100
|move|p2a: Zapdos|Toxic|p1a: Dragapult
|-status|p1a: Dragapult|tox
|
|-damage|p1a: Dragapult|94/100 tox|[from] psn
|upkeep
|turn|15
|
|t:|1664742761
|move|p1a: Dragapult|Shadow Ball|p2a: Zapdos
|-damage|p2a: Zapdos|29/100
|move|p2a: Zapdos|Roost|p2a: Zapdos
|-heal|p2a: Zapdos|79/100
|-singleturn|p2a: Zapdos|move: Roost
|
|-damage|p1a: Dragapult|82/100 tox|[from] psn
|upkeep
|turn|16
|
|t:|1664742763
|move|p1a: Dragapult|Shadow Ball|p2a: Zapdos
|-damage|p2a: Zapdos|43/100
|move|p2a: Zapdos|Roost|p2a: Zapdos
|-heal|p2a: Zapdos|93/100
|-singleturn|p2a: Zapdos|move: Roost
|
|-damage|p1a: Dragapult|64/100 tox|[from] psn
|upkeep
|turn|17
|
|t:|1664742765
|move|p1a: Dragapult|Shadow Ball|p2a: Zapdos
|-damage|p2a: Zapdos|56/100
|move|p2a: Zapdos|Roost|p2a: Zapdos
|-heal|p2a: Zapdos|100/100
|-singleturn|p2a: Zapdos|move: Roost
|
|-damage|p1a: Dragapult|40/100 tox|[from] psn
|upkeep
|turn|18
|
|t:|1664742767
|switch|p1a: Blaziken|Blaziken, F, shiny|100/100
|switch|p2a: Blissey|Blissey, F|100/100
|
|upkeep
|turn|19
|
|t:|1664742771
|switch|p2a: Quagsire|Quagsire, F|100/100
|move|p1a: Blaziken|Swords Dance|p1a: Blaziken
|-boost|p1a: Blaziken|atk|2
|
|-ability|p1a: Blaziken|Speed Boost|boost
|-boost|p1a: Blaziken|spe|1
|upkeep
|turn|20
|
|t:|1664742775
|move|p1a: Blaziken|Close Combat|p2a: Quagsire
|-damage|p2a: Quagsire|44/100
|-unboost|p1a: Blaziken|def|1
|-unboost|p1a: Blaziken|spd|1
|-damage|p1a: Blaziken|91/100|[from] item: Life Orb
|move|p2a: Quagsire|Toxic|p1a: Blaziken
|-status|p1a: Blaziken|tox
|
|-heal|p2a: Quagsire|50/100|[from] item: Leftovers
|-damage|p1a: Blaziken|85/100 tox|[from] psn
|-ability|p1a: Blaziken|Speed Boost|boost
|-boost|p1a: Blaziken|spe|1
|upkeep
|turn|21
|
|t:|1664742780
|switch|p2a: Toxapex|Toxapex, F|100/100
|move|p1a: Blaziken|Close Combat|p2a: Toxapex
|-resisted|p2a: Toxapex
|-damage|p2a: Toxapex|55/100
|-unboost|p1a: Blaziken|def|1
|-unboost|p1a: Blaziken|spd|1
|-damage|p1a: Blaziken|75/100 tox|[from] item: Life Orb
|
|-damage|p1a: Blaziken|63/100 tox|[from] psn
|-ability|p1a: Blaziken|Speed Boost|boost
|-boost|p1a: Blaziken|spe|1
|upkeep
|turn|22
|
|t:|1664742782
|switch|p2a: Hydreigon|Hydreigon, F|100/100
|move|p1a: Blaziken|Thunder Punch|p2a: Hydreigon
|-resisted|p2a: Hydreigon
|-damage|p2a: Hydreigon|78/100
|-damage|p1a: Blaziken|53/100 tox|[from] item: Life Orb
|
|-heal|p2a: Hydreigon|85/100|[from] item: Leftovers
|-damage|p1a: Blaziken|35/100 tox|[from] psn
|-ability|p1a: Blaziken|Speed Boost|boost
|-boost|p1a: Blaziken|spe|1
|upkeep
|turn|23
|
|t:|1664742789
|switch|p2a: Quagsire|Quagsire, F|50/100
|move|p1a: Blaziken|Close Combat|p2a: Quagsire
|-damage|p2a: Quagsire|0 fnt
|-unboost|p1a: Blaziken|def|1
|-unboost|p1a: Blaziken|spd|1
|faint|p2a: Quagsire
|-damage|p1a: Blaziken|25/100 tox|[from] item: Life Orb
|
|-damage|p1a: Blaziken|1/100 tox|[from] psn
|-ability|p1a: Blaziken|Speed Boost|boost
|-boost|p1a: Blaziken|spe|1
|upkeep
|
|t:|1664742792
|switch|p2a: Shedinja|Shedinja|100/100
|turn|24
|
|t:|1664742794
|move|p2a: Shedinja|Protect|p2a: Shedinja
|-singleturn|p2a: Shedinja|Protect
|move|p1a: Blaziken|Knock Off|p2a: Shedinja
|-activate|p2a: Shedinja|move: Protect
|
|-damage|p1a: Blaziken|0 fnt|[from] psn
|faint|p1a: Blaziken
|upkeep
|-message|comp233 forfeited.
|
|win|Geobruhhh
|raw|comp233's rating: 1688 &rarr; <strong>1668</strong><br />(-20 for losing)
|raw|Geobruhhh's rating: 1684 &rarr; <strong>1704</strong><br />(+20 for winning)
|l|☆comp233
||Ladder isn't responding, score probably updated but might not have (Request timeout).
