|j|☆GuardArc
|j|☆CrazyFox
|t:|1608692994
|player|p1|GuardArc|alder|
|player|p2|CrazyFox|1|
|teamsize|p1|6
|teamsize|p2|6
|gametype|singles
|gen|8
|tier|[Gen 8] OU
|clearpoke
|poke|p1|Tornadus-Therian, M|
|poke|p1|Kartana|
|poke|p1|Tyranitar, M|
|poke|p1|Aegislash, M|
|poke|p1|Buzzwole|
|poke|p1|Tapu Fini|
|poke|p2|Magearna-Original|
|poke|p2|Zapdos|
|poke|p2|Landorus-Therian, M|
|poke|p2|Cinderace, F|
|poke|p2|Kyurem|
|poke|p2|Clefable, M|
|rule|Sleep Clause Mod: Limit one foe put to sleep
|rule|Species Clause: Limit one of each Pokémon
|rule|OHKO Clause: OHKO moves are banned
|rule|Evasion Moves Clause: Evasion moves are banned
|rule|Endless Battle Clause: Forcing endless battles is banned
|rule|HP Percentage Mod: HP is shown in percentages
|rule|Dynamax Clause: You cannot dynamax
|teampreview
|j| Larry GT
|c|☆GuardArc|game 3 gl hf man
|j| Yung Mus
|c|☆CrazyFox|You 2!
|l|☆GuardArc
|player|p1|
|j|☆GuardArc
|player|p1|GuardArc|alder
|c|☆GuardArc|this damn internet sorry
|c|☆GuardArc|also trying to pick lead
|c|☆CrazyFox|Haha all good
|
|t:|1608693139
|start
|switch|p1a: Tapu Fini|Tapu Fini|100/100
|switch|p2a: Cinderace|Cinderace, F|100/100
|-fieldstart|move: Misty Terrain|[from] ability: Misty Surge|[of] p1a: Tapu Fini
|turn|1
|j| Venom94
|l| Venom94
|
|t:|1608693222
|move|p1a: Tapu Fini|Surf|p2a: Cinderace
|-supereffective|p2a: Cinderace
|-damage|p2a: Cinderace|0 fnt
|faint|p2a: Cinderace
|
|upkeep
|n| Larry GT|larrygt
|n| Yung Mus|yungmus
|
|t:|1608693234
|switch|p2a: Magearna|Magearna-Original|100/100
|turn|2
|
|t:|1608693239
|switch|p1a: Aegislash|Aegislash, M, shiny|100/100
|move|p2a: Magearna|Shift Gear|p2a: Magearna
|-boost|p2a: Magearna|spe|2
|-boost|p2a: Magearna|atk|1
|
|upkeep
|turn|3
|
|t:|1608693245
|move|p2a: Magearna|Calm Mind|p2a: Magearna
|-boost|p2a: Magearna|spa|1
|-boost|p2a: Magearna|spd|1
|move|p1a: Aegislash|Swords Dance|p1a: Aegislash
|-boost|p1a: Aegislash|atk|2
|
|upkeep
|turn|4
|
|t:|1608693263
|switch|p2a: Clefable|Clefable, M|100/100
|-formechange|p1a: Aegislash|Aegislash-Blade||[from] ability: Stance Change
|move|p1a: Aegislash|Iron Head|p2a: Clefable
|-supereffective|p2a: Clefable
|-damage|p2a: Clefable|0 fnt
|-damage|p1a: Aegislash|84/100|[from] item: Rocky Helmet|[of] p2a: Clefable
|faint|p2a: Clefable
|
|-heal|p1a: Aegislash|90/100|[from] item: Leftovers
|upkeep
|
|t:|1608693276
|switch|p2a: Landorus|Landorus-Therian, M|100/100
|-ability|p2a: Landorus|Intimidate|boost
|-unboost|p1a: Aegislash|atk|1
|turn|5
|
|t:|1608693283
|switch|p1a: Buzzwole|Buzzwole|100/100
|move|p2a: Landorus|Knock Off|p1a: Buzzwole
|-resisted|p1a: Buzzwole
|-damage|p1a: Buzzwole|90/100
|-damage|p2a: Landorus|84/100|[from] item: Rocky Helmet|[of] p1a: Buzzwole
|-enditem|p1a: Buzzwole|Rocky Helmet|[from] move: Knock Off|[of] p2a: Landorus
|
|-fieldend|Misty Terrain
|upkeep
|turn|6
|
|t:|1608693302
|switch|p2a: Zapdos|Zapdos|100/100
|move|p1a: Buzzwole|Toxic|p2a: Zapdos
|-status|p2a: Zapdos|tox
|
|-damage|p2a: Zapdos|94/100 tox|[from] psn
|upkeep
|turn|7
|
|t:|1608693310
|switch|p1a: Dominus|Tyranitar, M|100/100
|-weather|Sandstorm|[from] ability: Sand Stream|[of] p1a: Dominus
|move|p2a: Zapdos|Volt Switch|p1a: Dominus
|-damage|p1a: Dominus|89/100
|
|t:|1608693325
|switch|p2a: Landorus|Landorus-Therian, M|84/100|[from]move: Volt Switch
|-ability|p2a: Landorus|Intimidate|boost
|-unboost|p1a: Dominus|atk|1
|
|-weather|Sandstorm|[upkeep]
|-heal|p1a: Dominus|95/100|[from] item: Leftovers
|upkeep
|turn|8
|j| Venom94
|
|t:|1608693336
|switch|p1a: Buzzwole|Buzzwole|90/100
|move|p2a: Landorus|U-turn|p1a: Buzzwole
|-resisted|p1a: Buzzwole
|-damage|p1a: Buzzwole|84/100
|
|t:|1608693341
|switch|p2a: Zapdos|Zapdos|94/100 tox|[from]move: U-turn
|
|-weather|Sandstorm|[upkeep]
|-damage|p2a: Zapdos|88/100 tox|[from] Sandstorm
|-damage|p1a: Buzzwole|78/100|[from] Sandstorm
|-damage|p2a: Zapdos|82/100 tox|[from] psn
|upkeep
|turn|9
|
|t:|1608693355
|switch|p1a: Dominus|Tyranitar, M|95/100
|move|p2a: Zapdos|Toxic|p1a: Dominus
|-status|p1a: Dominus|tox
|
|-weather|Sandstorm|[upkeep]
|-damage|p2a: Zapdos|76/100 tox|[from] Sandstorm
|-heal|p1a: Dominus|100/100 tox|[from] item: Leftovers
|-damage|p2a: Zapdos|64/100 tox|[from] psn
|-damage|p1a: Dominus|94/100 tox|[from] psn
|upkeep
|turn|10
|
|t:|1608693359
|move|p2a: Zapdos|Volt Switch|p1a: Dominus
|-damage|p1a: Dominus|82/100 tox
|
|t:|1608693362
|switch|p2a: Landorus|Landorus-Therian, M|84/100|[from]move: Volt Switch
|-ability|p2a: Landorus|Intimidate|boost
|-unboost|p1a: Dominus|atk|1
|move|p1a: Dominus|Stealth Rock|p2a: Landorus
|-sidestart|p2: CrazyFox|move: Stealth Rock
|
|-weather|Sandstorm|[upkeep]
|-heal|p1a: Dominus|88/100 tox|[from] item: Leftovers
|-damage|p1a: Dominus|76/100 tox|[from] psn
|upkeep
|turn|11
|
|t:|1608693375
|switch|p1a: Buzzwole|Buzzwole|78/100
|move|p2a: Landorus|Earthquake|p1a: Buzzwole
|-resisted|p1a: Buzzwole
|-damage|p1a: Buzzwole|64/100
|
|-weather|none
|upkeep
|turn|12
|
|t:|1608693385
|switch|p2a: Zapdos|Zapdos|64/100 tox
|move|p1a: Buzzwole|Ice Punch|p2a: Zapdos
|-supereffective|p2a: Zapdos
|-damage|p2a: Zapdos|27/100 tox
|
|-damage|p2a: Zapdos|21/100 tox|[from] psn
|upkeep
|turn|13
|
|t:|1608693392
|switch|p1a: Dominus|Tyranitar, M|76/100 tox
|-weather|Sandstorm|[from] ability: Sand Stream|[of] p1a: Dominus
|move|p2a: Zapdos|Roost|p2a: Zapdos
|-heal|p2a: Zapdos|72/100 tox
|-singleturn|p2a: Zapdos|move: Roost
|
|-weather|Sandstorm|[upkeep]
|-damage|p2a: Zapdos|66/100 tox|[from] Sandstorm
|-heal|p1a: Dominus|82/100 tox|[from] item: Leftovers
|-damage|p2a: Zapdos|54/100 tox|[from] psn
|-damage|p1a: Dominus|76/100 tox|[from] psn
|upkeep
|turn|14
|
|t:|1608693402
|move|p2a: Zapdos|Defog|p1a: Dominus
|-unboost|p1a: Dominus|evasion|1
|-sideend|p2: CrazyFox|Stealth Rock|[from] move: Defog|[of] p2a: Zapdos
|move|p1a: Dominus|Crunch|p2a: Zapdos
|-damage|p2a: Zapdos|22/100 tox
|
|-weather|Sandstorm|[upkeep]
|-damage|p2a: Zapdos|16/100 tox|[from] Sandstorm
|-heal|p1a: Dominus|82/100 tox|[from] item: Leftovers
|-damage|p2a: Zapdos|0 fnt|[from] psn
|faint|p2a: Zapdos
|-damage|p1a: Dominus|70/100 tox|[from] psn
|upkeep
|l| Venom94
|
|t:|1608693416
|switch|p2a: Landorus|Landorus-Therian, M|84/100
|-ability|p2a: Landorus|Intimidate|boost
|-unboost|p1a: Dominus|atk|1
|turn|15
|
|t:|1608693421
|switch|p1a: Buzzwole|Buzzwole|64/100
|move|p2a: Landorus|U-turn|p1a: Buzzwole
|-resisted|p1a: Buzzwole
|-damage|p1a: Buzzwole|58/100
|
|t:|1608693430
|switch|p2a: Kyurem|Kyurem|100/100|[from]move: U-turn
|-ability|p2a: Kyurem|Pressure
|
|-weather|Sandstorm|[upkeep]
|-damage|p2a: Kyurem|94/100|[from] Sandstorm
|-damage|p1a: Buzzwole|52/100|[from] Sandstorm
|upkeep
|turn|16
|
|t:|1608693470
|move|p2a: Kyurem|Ice Beam|p1a: Buzzwole
|-damage|p1a: Buzzwole|0 fnt
|faint|p1a: Buzzwole
|
|-weather|Sandstorm|[upkeep]
|-damage|p2a: Kyurem|88/100|[from] Sandstorm
|upkeep
|c|☆GuardArc|did you happen to save the game 1 replay?
|c|☆CrazyFox|Yup
|c|☆GuardArc|cool I couldn't grab it some reason
|c|☆GuardArc|internet maybe
|c|☆CrazyFox|Probably kicked you out of the room yeah
|
|t:|1608693605
|switch|p1a: Tapu Fini|Tapu Fini|100/100
|-fieldstart|move: Misty Terrain|[from] ability: Misty Surge|[of] p1a: Tapu Fini
|turn|17
|
|t:|1608693609
|switch|p2a: Magearna|Magearna-Original|100/100
|move|p1a: Tapu Fini|Moonblast|p2a: Magearna
|-resisted|p2a: Magearna
|-damage|p2a: Magearna|83/100
|-unboost|p2a: Magearna|spa|1
|
|-weather|none
|upkeep
|turn|18
|
|t:|1608693619
|switch|p1a: Aegislash|Aegislash, M, shiny|90/100
|switch|p2a: Landorus|Landorus-Therian, M|84/100
|-ability|p2a: Landorus|Intimidate|boost
|-unboost|p1a: Aegislash|atk|1
|
|-heal|p1a: Aegislash|96/100|[from] item: Leftovers
|upkeep
|turn|19
|
|t:|1608693624
|switch|p1a: Tapu Fini|Tapu Fini|100/100
|move|p2a: Landorus|Knock Off|p1a: Tapu Fini
|-resisted|p1a: Tapu Fini
|-damage|p1a: Tapu Fini|80/100
|-enditem|p1a: Tapu Fini|Choice Scarf|[from] move: Knock Off|[of] p2a: Landorus
|
|upkeep
|turn|20
|
|t:|1608693630
|switch|p2a: Magearna|Magearna-Original|83/100
|move|p1a: Tapu Fini|Surf|p2a: Magearna
|-damage|p2a: Magearna|53/100
|
|upkeep
|turn|21
|
|t:|1608693640
|switch|p1a: Aegislash|Aegislash, M, shiny|96/100
|switch|p2a: Kyurem|Kyurem|88/100
|-ability|p2a: Kyurem|Pressure
|
|-heal|p1a: Aegislash|100/100|[from] item: Leftovers
|-fieldend|Misty Terrain
|upkeep
|turn|22
|
|t:|1608693646
|switch|p1a: Dominus|Tyranitar, M|70/100 tox
|-weather|Sandstorm|[from] ability: Sand Stream|[of] p1a: Dominus
|move|p2a: Kyurem|Earth Power|p1a: Dominus
|-supereffective|p1a: Dominus
|-damage|p1a: Dominus|42/100 tox
|-unboost|p1a: Dominus|spd|1
|
|-weather|Sandstorm|[upkeep]
|-damage|p2a: Kyurem|82/100|[from] Sandstorm
|-heal|p1a: Dominus|48/100 tox|[from] item: Leftovers
|-damage|p1a: Dominus|42/100 tox|[from] psn
|upkeep
|turn|23
|l|☆GuardArc
|player|p1|
|j| Venom94
|j|☆GuardArc
|player|p1|GuardArc|alder
|l| Venom94
|j| fuck christmas
|l|☆GuardArc
|player|p1|
|j|☆GuardArc
|player|p1|GuardArc|alder
|c|☆GuardArc|still thinking btw
|c|☆CrazyFox|Should I put the timer on? XD
|c|☆CrazyFox|Just kidding your connection will kill you lol
|c|☆GuardArc|yeah that would be really cheap lol
|
|t:|1608693909
|switch|p1a: Tornadus|Tornadus-Therian, M|100/100
|move|p2a: Kyurem|Earth Power|p1a: Tornadus
|-immune|p1a: Tornadus
|
|-weather|Sandstorm|[upkeep]
|-damage|p1a: Tornadus|94/100|[from] Sandstorm
|-damage|p2a: Kyurem|76/100|[from] Sandstorm
|upkeep
|turn|24
|
|t:|1608693936
|move|p1a: Tornadus|Weather Ball|p2a: Kyurem
|-supereffective|p2a: Kyurem
|-damage|p2a: Kyurem|39/100
|move|p2a: Kyurem|Ice Beam|p1a: Tornadus
|-supereffective|p1a: Tornadus
|-damage|p1a: Tornadus|0 fnt
|faint|p1a: Tornadus
|
|-weather|Sandstorm|[upkeep]
|-damage|p2a: Kyurem|33/100|[from] Sandstorm
|upkeep
|l|☆GuardArc
|player|p1|
|j|☆GuardArc
|player|p1|GuardArc|alder
|
|t:|1608693989
|switch|p1a: Kartana|Kartana|100/100
|turn|25
|j| Venom94
|
|t:|1608693994
|switch|p2a: Landorus|Landorus-Therian, M|84/100
|-ability|p2a: Landorus|Intimidate|boost
|-unboost|p1a: Kartana|atk|1
|move|p1a: Kartana|Knock Off|p2a: Landorus
|-damage|p2a: Landorus|48/100
|-enditem|p2a: Landorus|Choice Scarf|[from] move: Knock Off|[of] p1a: Kartana
|
|-weather|Sandstorm|[upkeep]
|upkeep
|turn|26
|
|t:|1608694004
|move|p1a: Kartana|Leaf Blade|p2a: Landorus
|-damage|p2a: Landorus|5/100
|move|p2a: Landorus|Superpower|p1a: Kartana
|-supereffective|p1a: Kartana
|-damage|p1a: Kartana|12/100
|-unboost|p2a: Landorus|atk|1
|-unboost|p2a: Landorus|def|1
|
|-weather|none
|upkeep
|turn|27
|l| Venom94
|
|t:|1608694044
|move|p1a: Kartana|Knock Off|p2a: Landorus
|-damage|p2a: Landorus|0 fnt
|faint|p2a: Landorus
|-ability|p1a: Kartana|Beast Boost|boost
|-boost|p1a: Kartana|atk|1
|
|upkeep
|
|t:|1608694047
|switch|p2a: Magearna|Magearna-Original|53/100
|turn|28
|
|t:|1608694052
|move|p1a: Kartana|Sacred Sword|p2a: Magearna
|-damage|p2a: Magearna|29/100
|move|p2a: Magearna|Draining Kiss|p1a: Kartana
|-resisted|p1a: Kartana
|-damage|p1a: Kartana|0 fnt
|-heal|p2a: Magearna|36/100|[from] drain|[of] p1a: Kartana
|faint|p1a: Kartana
|-ability|p2a: Magearna|Soul-Heart|boost
|-boost|p2a: Magearna|spa|1
|
|upkeep
|
|t:|1608694056
|switch|p1a: Aegislash|Aegislash, M, shiny|100/100
|turn|29
|j| Venom94
|
|t:|1608694062
|-formechange|p1a: Aegislash|Aegislash-Blade||[from] ability: Stance Change
|move|p1a: Aegislash|Iron Head|p2a: Magearna
|-crit|p2a: Magearna
|-damage|p2a: Magearna|0 fnt
|faint|p2a: Magearna
|
|upkeep
|
|t:|1608694067
|switch|p2a: Kyurem|Kyurem|33/100
|-ability|p2a: Kyurem|Pressure
|turn|30
|
|t:|1608694082
|switch|p1a: Dominus|Tyranitar, M|42/100 tox
|-weather|Sandstorm|[from] ability: Sand Stream|[of] p1a: Dominus
|move|p2a: Kyurem|Earth Power|p1a: Dominus
|-supereffective|p1a: Dominus
|-damage|p1a: Dominus|16/100 tox
|-unboost|p1a: Dominus|spd|1
|
|-weather|Sandstorm|[upkeep]
|-damage|p2a: Kyurem|27/100|[from] Sandstorm
|-heal|p1a: Dominus|23/100 tox|[from] item: Leftovers
|-damage|p1a: Dominus|16/100 tox|[from] psn
|upkeep
|turn|31
|
|t:|1608694097
|move|p2a: Kyurem|Earth Power|p1a: Dominus
|-supereffective|p1a: Dominus
|-damage|p1a: Dominus|0 fnt
|faint|p1a: Dominus
|
|-weather|Sandstorm|[upkeep]
|-damage|p2a: Kyurem|21/100|[from] Sandstorm
|upkeep
|
|t:|1608694104
|switch|p1a: Aegislash|Aegislash, M, shiny|100/100
|turn|32
|l| Venom94
|
|t:|1608694116
|-formechange|p1a: Aegislash|Aegislash-Blade||[from] ability: Stance Change
|move|p1a: Aegislash|Shadow Sneak|p2a: Kyurem
|-crit|p2a: Kyurem
|-damage|p2a: Kyurem|0 fnt
|faint|p2a: Kyurem
|
|win|GuardArc
|c|☆GuardArc|gg man!
|c|☆CrazyFox|Gg!
|c|☆GuardArc|fb message me the game 1 replay if you can?
|c|☆CrazyFox|Sure
|c|☆GuardArc|thanks bud
