|j|☆uniandes5
|j|☆2(H2O)
|t:|1657993305
|gametype|singles
|player|p1|uniandes5|101|1729
|player|p2|2(H2O)|chase|1764
|teamsize|p1|6
|teamsize|p2|6
|gen|8
|tier|[Gen 8] OU
|rated|
|rule|Sleep Clause Mod: Limit one foe put to sleep
|rule|Species Clause: Limit one of each Pokémon
|rule|OHKO Clause: OHKO moves are banned
|rule|Evasion Moves Clause: Evasion moves are banned
|rule|Endless Battle Clause: Forcing endless battles is banned
|rule|HP Percentage Mod: HP is shown in percentages
|rule|Dynamax Clause: You cannot dynamax
|clearpoke
|poke|p1|Garchomp, M|
|poke|p1|Tapu Fini|
|poke|p1|Aegislash, F|
|poke|p1|Regieleki|
|poke|p1|Magnezone|
|poke|p1|Hawlucha, M|
|poke|p2|Tapu Lele|
|poke|p2|Victini|
|poke|p2|Melmetal|
|poke|p2|Dragonite, M|
|poke|p2|Landorus-Therian, M|
|poke|p2|Urshifu-*, M|
|teampreview
|inactive|Battle timer is ON: inactive players will automatically lose when time's up. (requested by 2(H2O))
|
|t:|1657993314
|start
|switch|p1a: Aegislash|Aegislash, F|100/100
|switch|p2a: Tapu Lele|Tapu Lele|100/100
|-fieldstart|move: Psychic Terrain|[from] ability: Psychic Surge|[of] p2a: Tapu Lele
|-item|p1a: Aegislash|Air Balloon
|turn|1
|
|t:|1657993320
|switch|p2a: Landorus|Landorus-Therian, M|100/100
|-ability|p2a: Landorus|Intimidate|boost
|-unboost|p1a: Aegislash|atk|1
|-formechange|p1a: Aegislash|Aegislash-Blade||[from] ability: Stance Change
|move|p1a: Aegislash|Shadow Ball|p2a: Landorus
|-damage|p2a: Landorus|66/100
|
|-heal|p2a: Landorus|72/100|[from] item: Leftovers
|upkeep
|turn|2
|
|t:|1657993325
|move|p2a: Landorus|Stealth Rock|p1a: Aegislash
|-sidestart|p1: uniandes5|move: Stealth Rock
|move|p1a: Aegislash|Shadow Ball|p2a: Landorus
|-damage|p2a: Landorus|35/100
|
|-heal|p2a: Landorus|41/100|[from] item: Leftovers
|upkeep
|turn|3
|
|t:|1657993328
|move|p2a: Landorus|U-turn|p1a: Aegislash
|-resisted|p1a: Aegislash
|-damage|p1a: Aegislash|91/100
|-enditem|p1a: Aegislash|Air Balloon
|
|t:|1657993332
|switch|p2a: Melmetal|Melmetal|100/100|[from]move: U-turn
|move|p1a: Aegislash|Shadow Ball|p2a: Melmetal
|-damage|p2a: Melmetal|75/100
|
|upkeep
|turn|4
|
|t:|1657993336
|switch|p1a: Garchomp|Garchomp, M|100/100
|-damage|p1a: Garchomp|94/100|[from] Stealth Rock
|switch|p2a: Landorus|Landorus-Therian, M|41/100
|-ability|p2a: Landorus|Intimidate|boost
|-unboost|p1a: Garchomp|atk|1
|
|-heal|p2a: Landorus|47/100|[from] item: Leftovers
|upkeep
|turn|5
|
|t:|1657993339
|move|p1a: Garchomp|Stealth Rock|p2a: Landorus
|-sidestart|p2: 2(H2O)|move: Stealth Rock
|move|p2a: Landorus|Toxic|p1a: Garchomp
|-status|p1a: Garchomp|tox
|
|-heal|p2a: Landorus|53/100|[from] item: Leftovers
|-damage|p1a: Garchomp|88/100 tox|[from] psn
|-fieldend|move: Psychic Terrain
|upkeep
|turn|6
|
|t:|1657993342
|move|p1a: Garchomp|Toxic|p2a: Landorus
|-status|p2a: Landorus|tox
|move|p2a: Landorus|U-turn|p1a: Garchomp
|-damage|p1a: Garchomp|70/100 tox
|-damage|p2a: Landorus|41/100 tox|[from] ability: Rough Skin|[of] p1a: Garchomp
|-damage|p2a: Landorus|24/100 tox|[from] item: Rocky Helmet|[of] p1a: Garchomp
|
|t:|1657993345
|switch|p2a: Dragonite|Dragonite, M|100/100|[from]move: U-turn
|
|-damage|p1a: Garchomp|57/100 tox|[from] psn
|upkeep
|turn|7
|
|t:|1657993348
|move|p1a: Garchomp|Toxic|p2a: Dragonite
|-status|p2a: Dragonite|tox
|move|p2a: Dragonite|Heal Bell|p2a: Dragonite
|-activate|p2a: Dragonite|move: Heal Bell
|-curestatus|p2a: Dragonite|tox|[msg]
|-curestatus|p2: Landorus|tox|[msg]
|
|-damage|p1a: Garchomp|39/100 tox|[from] psn
|upkeep
|turn|8
|
|t:|1657993351
|switch|p1a: Tapu Fini|Tapu Fini|100/100
|-damage|p1a: Tapu Fini|88/100|[from] Stealth Rock
|-fieldstart|move: Misty Terrain|[from] ability: Misty Surge|[of] p1a: Tapu Fini
|move|p2a: Dragonite|Heal Bell||[still]
|-activate|p2a: Dragonite|move: Heal Bell
|-fail|p2a: Dragonite
|
|upkeep
|turn|9
|
|t:|1657993353
|switch|p2a: Melmetal|Melmetal|75/100
|-damage|p2a: Melmetal|69/100|[from] Stealth Rock
|move|p1a: Tapu Fini|Nature's Madness|p2a: Melmetal
|-damage|p2a: Melmetal|35/100
|
|upkeep
|turn|10
|
|t:|1657993359
|switch|p2a: Victini|Victini|100/100
|move|p1a: Tapu Fini|Knock Off|p2a: Victini
|-supereffective|p2a: Victini
|-damage|p2a: Victini|65/100
|-enditem|p2a: Victini|Heavy-Duty Boots|[from] move: Knock Off|[of] p1a: Tapu Fini
|
|upkeep
|turn|11
|
|t:|1657993364
|switch|p1a: Garchomp|Garchomp, M|39/100 tox
|-damage|p1a: Garchomp|32/100 tox|[from] Stealth Rock
|move|p2a: Victini|U-turn|p1a: Garchomp
|-damage|p1a: Garchomp|16/100 tox
|-damage|p2a: Victini|53/100|[from] ability: Rough Skin|[of] p1a: Garchomp
|-damage|p2a: Victini|37/100|[from] item: Rocky Helmet|[of] p1a: Garchomp
|
|t:|1657993368
|switch|p2a: Tapu Lele|Tapu Lele|100/100|[from]move: U-turn
|-damage|p2a: Tapu Lele|88/100|[from] Stealth Rock
|-fieldstart|move: Psychic Terrain|[from] ability: Psychic Surge|[of] p2a: Tapu Lele
|
|-damage|p1a: Garchomp|9/100 tox|[from] psn
|upkeep
|turn|12
|
|t:|1657993370
|move|p2a: Tapu Lele|Psyshock|p1a: Garchomp
|-damage|p1a: Garchomp|0 fnt
|faint|p1a: Garchomp
|
|upkeep
|
|t:|1657993373
|switch|p1a: Aegislash|Aegislash, F|91/100
|-damage|p1a: Aegislash|84/100|[from] Stealth Rock
|turn|13
|
|t:|1657993378
|switch|p2a: Dragonite|Dragonite, M|100/100
|-formechange|p1a: Aegislash|Aegislash-Blade||[from] ability: Stance Change
|move|p1a: Aegislash|Shadow Ball|p2a: Dragonite
|-damage|p2a: Dragonite|81/100
|-unboost|p2a: Dragonite|spd|1
|
|upkeep
|turn|14
|
|t:|1657993381
|move|p2a: Dragonite|Earthquake|p1a: Aegislash
|-supereffective|p1a: Aegislash
|-damage|p1a: Aegislash|0 fnt
|faint|p1a: Aegislash
|
|upkeep
|
|t:|1657993383
|switch|p1a: Tapu Fini|Tapu Fini|88/100
|-damage|p1a: Tapu Fini|75/100|[from] Stealth Rock
|-fieldstart|move: Misty Terrain|[from] ability: Misty Surge|[of] p1a: Tapu Fini
|turn|15
|
|t:|1657993386
|switch|p2a: Melmetal|Melmetal|35/100
|-damage|p2a: Melmetal|28/100|[from] Stealth Rock
|move|p1a: Tapu Fini|Knock Off|p2a: Melmetal
|-damage|p2a: Melmetal|20/100
|-enditem|p2a: Melmetal|Assault Vest|[from] move: Knock Off|[of] p1a: Tapu Fini
|
|upkeep
|turn|16
|
|t:|1657993392
|move|p1a: Tapu Fini|Whirlpool|p2a: Melmetal
|-damage|p2a: Melmetal|11/100
|-activate|p2a: Melmetal|move: Whirlpool|[of] p1a: Tapu Fini
|move|p2a: Melmetal|Earthquake|p1a: Tapu Fini
|-damage|p1a: Tapu Fini|44/100
|
|-damage|p2a: Melmetal|0 fnt|[from] move: Whirlpool|[partiallytrapped]
|faint|p2a: Melmetal
|upkeep
|
|t:|1657993395
|switch|p2a: Tapu Lele|Tapu Lele|88/100
|-damage|p2a: Tapu Lele|76/100|[from] Stealth Rock
|-fieldstart|move: Psychic Terrain|[from] ability: Psychic Surge|[of] p2a: Tapu Lele
|turn|17
|
|t:|1657993413
|switch|p1a: Magnezone|Magnezone|100/100
|-damage|p1a: Magnezone|94/100|[from] Stealth Rock
|move|p2a: Tapu Lele|Psyshock|p1a: Magnezone
|-resisted|p1a: Magnezone
|-damage|p1a: Magnezone|64/100
|
|upkeep
|turn|18
|
|t:|1657993421
|switch|p2a: Dragonite|Dragonite, M|81/100
|move|p1a: Magnezone|Steel Beam|p2a: Dragonite
|-damage|p2a: Dragonite|24/100
|-damage|p1a: Magnezone|14/100|[from] mindblown
|
|upkeep
|turn|19
|-enditem|p1a: Magnezone|Custap Berry|[eat]
|-activate|p1a: Magnezone|item: Custap Berry|[consumed]
|
|t:|1657993426
|move|p1a: Magnezone|Thunderbolt|p2a: Dragonite
|-damage|p2a: Dragonite|0 fnt
|faint|p2a: Dragonite
|
|upkeep
|
|t:|1657993429
|switch|p2a: Tapu Lele|Tapu Lele|76/100
|-damage|p2a: Tapu Lele|63/100|[from] Stealth Rock
|turn|20
|
|t:|1657993432
|switch|p1a: Tapu Fini|Tapu Fini|44/100
|-damage|p1a: Tapu Fini|32/100|[from] Stealth Rock
|-fieldstart|move: Misty Terrain|[from] ability: Misty Surge|[of] p1a: Tapu Fini
|move|p2a: Tapu Lele|Psyshock|p1a: Tapu Fini
|-damage|p1a: Tapu Fini|0 fnt
|faint|p1a: Tapu Fini
|
|upkeep
|j| jien laqwa hehe
|
|t:|1657993446
|switch|p1a: Regieleki|Regieleki|100/100
|-damage|p1a: Regieleki|88/100|[from] Stealth Rock
|turn|21
|
|t:|1657993451
|switch|p2a: Victini|Victini|37/100
|-damage|p2a: Victini|12/100|[from] Stealth Rock
|move|p1a: Regieleki|Rapid Spin|p2a: Victini
|-damage|p2a: Victini|0 fnt
|-boost|p1a: Regieleki|spe|1
|-sideend|p1: uniandes5|Stealth Rock|[from] move: Rapid Spin|[of] p1a: Regieleki
|faint|p2a: Victini
|-damage|p1a: Regieleki|78/100|[from] item: Life Orb
|
|upkeep
|
|t:|1657993454
|switch|p2a: Tapu Lele|Tapu Lele|63/100
|-damage|p2a: Tapu Lele|51/100|[from] Stealth Rock
|-fieldstart|move: Psychic Terrain|[from] ability: Psychic Surge|[of] p2a: Tapu Lele
|turn|22
|
|t:|1657993473
|switch|p2a: Landorus|Landorus-Therian, M|24/100
|-damage|p2a: Landorus|12/100|[from] Stealth Rock
|-ability|p2a: Landorus|Intimidate|boost
|-unboost|p1a: Regieleki|atk|1
|move|p1a: Regieleki|Explosion|p2a: Landorus
|-damage|p2a: Landorus|0 fnt
|faint|p1a: Regieleki
|faint|p2a: Landorus
|
|upkeep
|
|t:|1657993483
|switch|p1a: Magnezone|Magnezone|14/100
|switch|p2a: Tapu Lele|Tapu Lele|51/100
|-damage|p2a: Tapu Lele|38/100|[from] Stealth Rock
|turn|23
|
|t:|1657993485
|move|p2a: Tapu Lele|Psyshock|p1a: Magnezone
|-resisted|p1a: Magnezone
|-damage|p1a: Magnezone|0 fnt
|faint|p1a: Magnezone
|
|upkeep
|-message|uniandes5 forfeited.
|
|win|2(H2O)
|raw|uniandes5's rating: 1729 &rarr; <strong>1711</strong><br />(-18 for losing)
|raw|2(H2O)'s rating: 1764 &rarr; <strong>1782</strong><br />(+18 for winning)
|l|☆uniandes5
|l|☆2(H2O)
||Ladder isn't responding, score probably updated but might not have (Request timeout).
