|j|☆jawabarat
|j|☆LT94JE Ahsan
|t:|1661209233
|gametype|singles
|player|p1|jawabarat|artist-gen4|1737
|player|p2|LT94JE Ahsan|furisodegirl-blue|1860
|teamsize|p1|6
|teamsize|p2|6
|gen|8
|tier|[Gen 8] OU
|rated|
|rule|Sleep Clause Mod: Limit one foe put to sleep
|rule|Species Clause: Limit one of each Pokémon
|rule|OHKO Clause: OHKO moves are banned
|rule|Evasion Items Clause: Evasion items are banned
|rule|Evasion Moves Clause: Evasion moves are banned
|rule|Endless Battle Clause: Forcing endless battles is banned
|rule|HP Percentage Mod: HP is shown in percentages
|rule|Dynamax Clause: You cannot dynamax
|clearpoke
|poke|p1|Zapdos|
|poke|p1|Melmetal|
|poke|p1|Tapu Lele|
|poke|p1|Kartana|
|poke|p1|Garchomp, M|
|poke|p1|Volcarona, M|
|poke|p2|Tapu Lele|
|poke|p2|Toxapex, M|
|poke|p2|Landorus-Therian, M|
|poke|p2|Buzzwole|
|poke|p2|Dragapult, F|
|poke|p2|Heatran, M|
|teampreview
|c|☆jawabarat|hf
|j| gare23limit
|inactive|Battle timer is ON: inactive players will automatically lose when time's up. (requested by LT94JE Ahsan)
|
|t:|1661209258
|start
|switch|p1a: MATRON CRONE|Zapdos|100/100
|switch|p2a: Tapu Lele|Tapu Lele|100/100
|-fieldstart|move: Psychic Terrain|[from] ability: Psychic Surge|[of] p2a: Tapu Lele
|turn|1
|j| LT94JE YsK
|
|t:|1661209275
|move|p1a: MATRON CRONE|Volt Switch|p2a: Tapu Lele
|-damage|p2a: Tapu Lele|63/100
|j| storm zone
|j| tapu moxo
|
|t:|1661209277
|switch|p1a: JAGHUT TYRANT|Melmetal|100/100|[from]move: Volt Switch
|move|p2a: Tapu Lele|Psychic|p1a: JAGHUT TYRANT
|-resisted|p1a: JAGHUT TYRANT
|-damage|p1a: JAGHUT TYRANT|51/100
|
|upkeep
|turn|2
|j| Rubiaa
|
|t:|1661209289
|switch|p1a: FIRES OF Y'GHATAN|Volcarona, M|100/100
|move|p2a: Tapu Lele|Psychic|p1a: FIRES OF Y'GHATAN
|-damage|p1a: FIRES OF Y'GHATAN|0 fnt
|faint|p1a: FIRES OF Y'GHATAN
|
|upkeep
|
|t:|1661209296
|switch|p1a: OTATARAL DRAGON|Garchomp, M|100/100
|turn|3
|j| horadobos
|
|t:|1661209299
|switch|p2a: Landorus|Landorus-Therian, M|100/100
|-ability|p2a: Landorus|Intimidate|boost
|-unboost|p1a: OTATARAL DRAGON|atk|1
|move|p1a: OTATARAL DRAGON|Stealth Rock|p2a: Landorus
|-sidestart|p2: LT94JE Ahsan|move: Stealth Rock
|
|upkeep
|turn|4
|
|t:|1661209304
|move|p1a: OTATARAL DRAGON|Swords Dance|p1a: OTATARAL DRAGON
|-boost|p1a: OTATARAL DRAGON|atk|2
|move|p2a: Landorus|Defog|p1a: OTATARAL DRAGON
|-unboost|p1a: OTATARAL DRAGON|evasion|1
|-sideend|p2: LT94JE Ahsan|Stealth Rock|[from] move: Defog|[of] p2a: Landorus
|-fieldend|move: Psychic Terrain
|
|upkeep
|turn|5
|
|t:|1661209315
|move|p1a: OTATARAL DRAGON|Scale Shot|p2a: Landorus
|-damage|p2a: Landorus|79/100
|-damage|p2a: Landorus|60/100
|-damage|p2a: Landorus|41/100
|-damage|p2a: Landorus|20/100
|-hitcount|p2a: Landorus|4
|-unboost|p1a: OTATARAL DRAGON|def|1
|-boost|p1a: OTATARAL DRAGON|spe|1
|move|p2a: Landorus|Earthquake|p1a: OTATARAL DRAGON
|-damage|p1a: OTATARAL DRAGON|27/100
|
|-heal|p2a: Landorus|26/100|[from] item: Leftovers
|upkeep
|turn|6
|
|t:|1661209327
|switch|p2a: Tapu Lele|Tapu Lele|63/100
|-fieldstart|move: Psychic Terrain|[from] ability: Psychic Surge|[of] p2a: Tapu Lele
|move|p1a: OTATARAL DRAGON|Scale Shot|p2a: Tapu Lele
|-immune|p2a: Tapu Lele
|
|upkeep
|turn|7
|
|t:|1661209330
|switch|p2a: Landorus|Landorus-Therian, M|26/100
|-ability|p2a: Landorus|Intimidate|boost
|-unboost|p1a: OTATARAL DRAGON|atk|1
|move|p1a: OTATARAL DRAGON|Stealth Rock|p2a: Landorus
|-sidestart|p2: LT94JE Ahsan|move: Stealth Rock
|
|-heal|p2a: Landorus|32/100|[from] item: Leftovers
|upkeep
|turn|8
|
|t:|1661209336
|move|p1a: OTATARAL DRAGON|Scale Shot|p2a: Landorus
|-damage|p2a: Landorus|21/100
|-damage|p2a: Landorus|8/100
|-damage|p2a: Landorus|0 fnt
|faint|p2a: Landorus
|-hitcount|p2: Landorus|3
|-unboost|p1a: OTATARAL DRAGON|def|1
|-boost|p1a: OTATARAL DRAGON|spe|1
|
|upkeep
|
|t:|1661209343
|switch|p2a: Buzzwole|Buzzwole|100/100
|-damage|p2a: Buzzwole|88/100|[from] Stealth Rock
|turn|9
|
|t:|1661209349
|switch|p1a: JAGHUT TYRANT|Melmetal|51/100
|move|p2a: Buzzwole|Ice Punch|p1a: JAGHUT TYRANT
|-resisted|p1a: JAGHUT TYRANT
|-damage|p1a: JAGHUT TYRANT|37/100
|
|upkeep
|turn|10
|
|t:|1661209356
|switch|p2a: Toxapex|Toxapex, M|100/100
|-damage|p2a: Toxapex|88/100|[from] Stealth Rock
|switch|p1a: MATRON CRONE|Zapdos|100/100
|
|-heal|p2a: Toxapex|94/100|[from] item: Black Sludge
|-fieldend|move: Psychic Terrain
|upkeep
|turn|11
|
|t:|1661209362
|move|p1a: MATRON CRONE|Discharge|p2a: Toxapex
|-supereffective|p2a: Toxapex
|-damage|p2a: Toxapex|39/100
|-status|p2a: Toxapex|par
|move|p2a: Toxapex|Toxic|p1a: MATRON CRONE
|-status|p1a: MATRON CRONE|tox
|
|-heal|p2a: Toxapex|45/100 par|[from] item: Black Sludge
|-damage|p1a: MATRON CRONE|94/100 tox|[from] psn
|upkeep
|turn|12
|
|t:|1661209369
|move|p1a: MATRON CRONE|Discharge|p2a: Toxapex
|-supereffective|p2a: Toxapex
|-damage|p2a: Toxapex|0 fnt
|faint|p2a: Toxapex
|
|-damage|p1a: MATRON CRONE|82/100 tox|[from] psn
|upkeep
|
|t:|1661209372
|switch|p2a: Heatran|Heatran, M|100/100
|-damage|p2a: Heatran|88/100|[from] Stealth Rock
|turn|13
|
|t:|1661209377
|move|p1a: MATRON CRONE|Volt Switch|p2a: Heatran
|-damage|p2a: Heatran|65/100
|
|t:|1661209380
|switch|p1a: OTATARAL DRAGON|Garchomp, M|27/100|[from]move: Volt Switch
|move|p2a: Heatran|Earth Power|p1a: OTATARAL DRAGON
|-damage|p1a: OTATARAL DRAGON|0 fnt
|faint|p1a: OTATARAL DRAGON
|
|-heal|p2a: Heatran|71/100|[from] item: Leftovers
|upkeep
|
|t:|1661209393
|switch|p1a: MATRON CRONE|Zapdos|82/100 tox
|turn|14
|
|t:|1661209406
|move|p1a: MATRON CRONE|Discharge|p2a: Heatran
|-damage|p2a: Heatran|45/100
|move|p2a: Heatran|Magma Storm|p1a: MATRON CRONE|[miss]
|-miss|p2a: Heatran|p1a: MATRON CRONE
|
|-heal|p2a: Heatran|51/100|[from] item: Leftovers
|-damage|p1a: MATRON CRONE|76/100 tox|[from] psn
|upkeep
|turn|15
|j| isabela000◥▶_◀◤
|
|t:|1661209411
|move|p1a: MATRON CRONE|Discharge|p2a: Heatran
|-damage|p2a: Heatran|27/100
|-status|p2a: Heatran|par
|move|p2a: Heatran|Stealth Rock|p1a: MATRON CRONE
|-sidestart|p1: jawabarat|move: Stealth Rock
|
|-heal|p2a: Heatran|34/100 par|[from] item: Leftovers
|-damage|p1a: MATRON CRONE|63/100 tox|[from] psn
|upkeep
|turn|16
|
|t:|1661209416
|move|p1a: MATRON CRONE|Discharge|p2a: Heatran
|-damage|p2a: Heatran|8/100 par
|move|p2a: Heatran|Magma Storm|p1a: MATRON CRONE|[miss]
|-miss|p2a: Heatran|p1a: MATRON CRONE
|
|-heal|p2a: Heatran|14/100 par|[from] item: Leftovers
|-damage|p1a: MATRON CRONE|44/100 tox|[from] psn
|upkeep
|turn|17
|j| Riquelme✧16
|
|t:|1661209427
|move|p1a: MATRON CRONE|Volt Switch|p2a: Heatran
|-damage|p2a: Heatran|0 fnt
|faint|p2a: Heatran
|
|t:|1661209431
|switch|p1a: JAGHUT TYRANT|Melmetal|37/100|[from]move: Volt Switch
|-damage|p1a: JAGHUT TYRANT|31/100|[from] Stealth Rock
|
|upkeep
|
|t:|1661209447
|switch|p2a: Tapu Lele|Tapu Lele|63/100
|-damage|p2a: Tapu Lele|51/100|[from] Stealth Rock
|-fieldstart|move: Psychic Terrain|[from] ability: Psychic Surge|[of] p2a: Tapu Lele
|turn|18
|
|t:|1661209451
|move|p2a: Tapu Lele|Psychic|p1a: JAGHUT TYRANT
|-resisted|p1a: JAGHUT TYRANT
|-damage|p1a: JAGHUT TYRANT|0 fnt
|faint|p1a: JAGHUT TYRANT
|
|upkeep
|
|t:|1661209455
|switch|p1a: WAX WITCH|Tapu Lele|100/100
|-damage|p1a: WAX WITCH|88/100|[from] Stealth Rock
|turn|19
|
|t:|1661209457
|move|p2a: Tapu Lele|Psychic|p1a: WAX WITCH
|-resisted|p1a: WAX WITCH
|-damage|p1a: WAX WITCH|38/100
|move|p1a: WAX WITCH|Moonblast|p2a: Tapu Lele
|-damage|p2a: Tapu Lele|0 fnt
|faint|p2a: Tapu Lele
|
|upkeep
|
|t:|1661209460
|switch|p2a: Dragapult|Dragapult, F|100/100
|-damage|p2a: Dragapult|88/100|[from] Stealth Rock
|turn|20
|
|t:|1661209468
|switch|p1a: MATRON CRONE|Zapdos|44/100 tox
|move|p2a: Dragapult|Hex|p1a: MATRON CRONE
|-damage|p1a: MATRON CRONE|0 fnt
|faint|p1a: MATRON CRONE
|
|upkeep
|
|t:|1661209472
|switch|p1a: EMPEROR KELLANVED|Kartana|100/100
|-damage|p1a: EMPEROR KELLANVED|94/100|[from] Stealth Rock
|turn|21
|
|t:|1661209479
|switch|p1a: WAX WITCH|Tapu Lele|38/100
|-damage|p1a: WAX WITCH|25/100|[from] Stealth Rock
|move|p2a: Dragapult|Hex|p1a: WAX WITCH
|-supereffective|p1a: WAX WITCH
|-damage|p1a: WAX WITCH|0 fnt
|faint|p1a: WAX WITCH
|
|upkeep
|
|t:|1661209484
|switch|p1a: EMPEROR KELLANVED|Kartana|94/100
|-damage|p1a: EMPEROR KELLANVED|88/100|[from] Stealth Rock
|turn|22
|
|t:|1661209486
|move|p1a: EMPEROR KELLANVED|Smart Strike|p2a: Dragapult
|-damage|p2a: Dragapult|21/100
|move|p2a: Dragapult|Hex|p1a: EMPEROR KELLANVED
|-damage|p1a: EMPEROR KELLANVED|0 fnt
|faint|p1a: EMPEROR KELLANVED
|
|win|LT94JE Ahsan
|raw|jawabarat's rating: 1737 &rarr; <strong>1724</strong><br />(-13 for losing)
|raw|LT94JE Ahsan's rating: 1860 &rarr; <strong>1873</strong><br />(+13 for winning)
|c|☆jawabarat|gg
|l|☆LT94JE Ahsan
|l|☆jawabarat
|l| horadobos
