|raw|<div class="broadcast-blue"><strong>This battle is required to be public due to a player having a name starting with 'lt93oq'.</div>
|j|☆LT93OQ Dasmer
|j|‽kinetic chain
|t:|1660761785
|gametype|singles
|player|p1|LT93OQ Dasmer|rei|1882
|player|p2|kinetic chain|silver-gen2|1829
|teamsize|p1|6
|teamsize|p2|6
|gen|8
|tier|[Gen 8] OU
|rated|
|rule|Sleep Clause Mod: Limit one foe put to sleep
|rule|Species Clause: Limit one of each Pokémon
|rule|OHKO Clause: OHKO moves are banned
|rule|Evasion Items Clause: Evasion items are banned
|rule|Evasion Moves Clause: Evasion moves are banned
|rule|Endless Battle Clause: Forcing endless battles is banned
|rule|HP Percentage Mod: HP is shown in percentages
|rule|Dynamax Clause: You cannot dynamax
|clearpoke
|poke|p1|Garchomp, M|
|poke|p1|Kartana|
|poke|p1|Slowbro, F|
|poke|p1|Weavile, M|
|poke|p1|Heatran, F|
|poke|p1|Zapdos|
|poke|p2|Dragapult, M|
|poke|p2|Toxapex, F|
|poke|p2|Weavile, F|
|poke|p2|Heatran, F|
|poke|p2|Landorus-Therian, M|
|poke|p2|Zapdos|
|teampreview
|inactive|Battle timer is ON: inactive players will automatically lose when time's up. (requested by kinetic chain)
|
|t:|1660761795
|start
|switch|p1a: Slowbro|Slowbro, F|100/100
|switch|p2a: Zapdos|Zapdos|100/100
|turn|1
|
|t:|1660761799
|switch|p1a: Garchomp|Garchomp, M|100/100
|move|p2a: Zapdos|Toxic|p1a: Garchomp
|-status|p1a: Garchomp|tox
|
|-damage|p1a: Garchomp|94/100 tox|[from] psn
|upkeep
|turn|2
|
|t:|1660761801
|move|p2a: Zapdos|Hurricane|p1a: Garchomp
|-damage|p1a: Garchomp|51/100 tox
|-start|p1a: Garchomp|confusion
|-activate|p1a: Garchomp|confusion
|move|p1a: Garchomp|Stealth Rock|p2a: Zapdos
|-sidestart|p2: kinetic chain|move: Stealth Rock
|
|-heal|p1a: Garchomp|57/100 tox|[from] item: Leftovers
|-damage|p1a: Garchomp|45/100 tox|[from] psn
|upkeep
|turn|3
|
|t:|1660761808
|switch|p1a: Heatran|Heatran, F|100/100
|move|p2a: Zapdos|Hurricane|p1a: Heatran|[miss]
|-miss|p2a: Zapdos|p1a: Heatran
|
|upkeep
|turn|4
|
|t:|1660761812
|move|p2a: Zapdos|Volt Switch|p1a: Heatran
|-damage|p1a: Heatran|75/100
|j| Tace
|j| regnite ◕‿◕
|
|t:|1660761815
|switch|p2a: Heatran|Heatran, F|100/100|[from]move: Volt Switch
|-damage|p2a: Heatran|88/100|[from] Stealth Rock
|move|p1a: Heatran|Toxic|p2a: Heatran
|-immune|p2a: Heatran
|
|-heal|p1a: Heatran|82/100|[from] item: Leftovers
|-heal|p2a: Heatran|94/100|[from] item: Leftovers
|upkeep
|turn|5
|
|t:|1660761820
|move|p1a: Heatran|Earth Power|p2a: Heatran
|-supereffective|p2a: Heatran
|-damage|p2a: Heatran|35/100
|-unboost|p2a: Heatran|spd|1
|move|p2a: Heatran|Earth Power|p1a: Heatran
|-supereffective|p1a: Heatran
|-damage|p1a: Heatran|18/100
|
|-heal|p1a: Heatran|25/100|[from] item: Leftovers
|-heal|p2a: Heatran|41/100|[from] item: Leftovers
|upkeep
|turn|6
|j| Chdgfihfd
|j| Bushido Black
|j| LT93OQ croo
|
|t:|1660761827
|switch|p2a: Landorus|Landorus-Therian, M|100/100
|-damage|p2a: Landorus|88/100|[from] Stealth Rock
|-ability|p2a: Landorus|Intimidate|boost
|-unboost|p1a: Heatran|atk|1
|move|p1a: Heatran|Magma Storm|p2a: Landorus
|-damage|p2a: Landorus|54/100
|-activate|p2a: Landorus|move: Magma Storm|[of] p1a: Heatran
|
|-heal|p2a: Landorus|60/100|[from] item: Leftovers
|-heal|p1a: Heatran|31/100|[from] item: Leftovers
|-damage|p2a: Landorus|47/100|[from] move: Magma Storm|[partiallytrapped]
|upkeep
|turn|7
|
|t:|1660761831
|switch|p1a: Zapdos|Zapdos|100/100
|move|p2a: Landorus|Stealth Rock|p1a: Zapdos
|-sidestart|p1: LT93OQ Dasmer|move: Stealth Rock
|
|-heal|p2a: Landorus|53/100|[from] item: Leftovers
|-end|p2a: Landorus|Magma Storm|[partiallytrapped]|[silent]
|upkeep
|turn|8
|j| 3d
|
|t:|1660761836
|move|p1a: Zapdos|Hurricane|p2a: Landorus|[miss]
|-miss|p1a: Zapdos|p2a: Landorus
|move|p2a: Landorus|Toxic|p1a: Zapdos
|-status|p1a: Zapdos|tox
|
|-heal|p2a: Landorus|59/100|[from] item: Leftovers
|-damage|p1a: Zapdos|94/100 tox|[from] psn
|upkeep
|turn|9
|
|t:|1660761839
|switch|p2a: Zapdos|Zapdos|100/100
|move|p1a: Zapdos|Hurricane|p2a: Zapdos
|-resisted|p2a: Zapdos
|-damage|p2a: Zapdos|76/100
|
|-damage|p1a: Zapdos|82/100 tox|[from] psn
|upkeep
|turn|10
|j| LT93OQ Uxilon
|
|t:|1660761844
|switch|p1a: Garchomp|Garchomp, M|45/100 tox
|-damage|p1a: Garchomp|39/100 tox|[from] Stealth Rock
|move|p2a: Zapdos|Volt Switch|p1a: Garchomp
|-immune|p1a: Garchomp
|
|-heal|p1a: Garchomp|45/100 tox|[from] item: Leftovers
|-damage|p1a: Garchomp|39/100 tox|[from] psn
|upkeep
|turn|11
|
|t:|1660761847
|move|p2a: Zapdos|Hurricane|p1a: Garchomp|[miss]
|-miss|p2a: Zapdos|p1a: Garchomp
|move|p1a: Garchomp|Toxic|p2a: Zapdos
|-status|p2a: Zapdos|tox
|
|-heal|p1a: Garchomp|45/100 tox|[from] item: Leftovers
|-damage|p2a: Zapdos|70/100 tox|[from] psn
|-damage|p1a: Garchomp|33/100 tox|[from] psn
|upkeep
|turn|12
|
|t:|1660761849
|move|p2a: Zapdos|Hurricane|p1a: Garchomp|[miss]
|-miss|p2a: Zapdos|p1a: Garchomp
|move|p1a: Garchomp|Earthquake|p2a: Zapdos
|-immune|p2a: Zapdos
|
|-heal|p1a: Garchomp|39/100 tox|[from] item: Leftovers
|-damage|p2a: Zapdos|58/100 tox|[from] psn
|-damage|p1a: Garchomp|20/100 tox|[from] psn
|upkeep
|turn|13
|
|t:|1660761854
|move|p1a: Garchomp|Protect|p1a: Garchomp
|-singleturn|p1a: Garchomp|Protect
|move|p2a: Zapdos|Hurricane|p1a: Garchomp
|-activate|p1a: Garchomp|move: Protect
|
|-heal|p1a: Garchomp|26/100 tox|[from] item: Leftovers
|-damage|p2a: Zapdos|39/100 tox|[from] psn
|-damage|p1a: Garchomp|2/100 tox|[from] psn
|upkeep
|turn|14
|
|t:|1660761859
|switch|p2a: Landorus|Landorus-Therian, M|59/100
|-damage|p2a: Landorus|47/100|[from] Stealth Rock
|-ability|p2a: Landorus|Intimidate|boost
|-unboost|p1a: Garchomp|atk|1
|move|p1a: Garchomp|Earthquake|p2a: Landorus
|-immune|p2a: Landorus
|
|-heal|p1a: Garchomp|8/100 tox|[from] item: Leftovers
|-heal|p2a: Landorus|53/100|[from] item: Leftovers
|-damage|p1a: Garchomp|0 fnt|[from] psn
|faint|p1a: Garchomp
|upkeep
|j| LT93OQ acr1
|
|t:|1660761868
|switch|p1a: Weavile|Weavile, M|100/100
|-ability|p1a: Weavile|Pressure
|turn|15
|
|t:|1660761872
|switch|p2a: Toxapex|Toxapex, F|100/100
|-damage|p2a: Toxapex|88/100|[from] Stealth Rock
|move|p1a: Weavile|Knock Off|p2a: Toxapex
|-damage|p2a: Toxapex|57/100
|-damage|p1a: Weavile|84/100|[from] item: Rocky Helmet|[of] p2a: Toxapex
|-enditem|p2a: Toxapex|Rocky Helmet|[from] move: Knock Off|[of] p1a: Weavile
|
|upkeep
|turn|16
|j| Corazan
|
|t:|1660761880
|switch|p1a: Slowbro|Slowbro, F|100/100
|move|p2a: Toxapex|Toxic|p1a: Slowbro
|-status|p1a: Slowbro|tox
|
|-damage|p1a: Slowbro|94/100 tox|[from] psn
|upkeep
|turn|17
|
|t:|1660761883
|move|p2a: Toxapex|Knock Off|p1a: Slowbro
|-supereffective|p1a: Slowbro
|-damage|p1a: Slowbro|77/100 tox
|-enditem|p1a: Slowbro|Heavy-Duty Boots|[from] move: Knock Off|[of] p2a: Toxapex
|move|p1a: Slowbro|Scald|p2a: Toxapex
|-resisted|p2a: Toxapex
|-damage|p2a: Toxapex|46/100
|-status|p2a: Toxapex|brn
|
|-damage|p1a: Slowbro|64/100 tox|[from] psn
|-damage|p2a: Toxapex|40/100 brn|[from] brn
|upkeep
|turn|18
|
|t:|1660761887
|switch|p2a: Zapdos|Zapdos|39/100 tox
|move|p1a: Slowbro|Scald|p2a: Zapdos
|-damage|p2a: Zapdos|8/100 tox
|
|-damage|p2a: Zapdos|2/100 tox|[from] psn
|-damage|p1a: Slowbro|46/100 tox|[from] psn
|upkeep
|turn|19
|
|t:|1660761891
|move|p2a: Zapdos|Volt Switch|p1a: Slowbro
|-supereffective|p1a: Slowbro
|-damage|p1a: Slowbro|0 fnt
|faint|p1a: Slowbro
|
|t:|1660761898
|switch|p2a: Toxapex|Toxapex, F|73/100 brn|[from]move: Volt Switch
|-damage|p2a: Toxapex|61/100 brn|[from] Stealth Rock
|
|-damage|p2a: Toxapex|55/100 brn|[from] brn
|upkeep
|j| lilanimegirl
|j| RaiZen1704
|
|t:|1660761903
|switch|p1a: Kartana|Kartana|100/100
|-damage|p1a: Kartana|94/100|[from] Stealth Rock
|turn|20
|
|t:|1660761906
|move|p1a: Kartana|Leaf Blade|p2a: Toxapex
|-damage|p2a: Toxapex|0 fnt
|faint|p2a: Toxapex
|-ability|p1a: Kartana|Beast Boost|boost
|-boost|p1a: Kartana|atk|1
|
|upkeep
|
|t:|1660761911
|switch|p2a: Dragapult|Dragapult, M|100/100
|-damage|p2a: Dragapult|88/100|[from] Stealth Rock
|turn|21
|
|t:|1660761914
|switch|p1a: Zapdos|Zapdos|82/100 tox
|move|p2a: Dragapult|Shadow Ball|p1a: Zapdos
|-damage|p1a: Zapdos|35/100 tox
|
|-damage|p1a: Zapdos|29/100 tox|[from] psn
|upkeep
|turn|22
|
|t:|1660761923
|move|p2a: Dragapult|Shadow Ball|p1a: Zapdos
|-damage|p1a: Zapdos|0 fnt
|faint|p1a: Zapdos
|
|upkeep
|
|t:|1660761924
|switch|p1a: Weavile|Weavile, M|84/100
|-ability|p1a: Weavile|Pressure
|turn|23
|
|t:|1660761930
|move|p2a: Dragapult|Shadow Ball|p1a: Weavile
|-resisted|p1a: Weavile
|-damage|p1a: Weavile|49/100
|-unboost|p1a: Weavile|spd|1
|move|p1a: Weavile|Knock Off|p2a: Dragapult
|-supereffective|p2a: Dragapult
|-damage|p2a: Dragapult|0 fnt
|-enditem|p2a: Dragapult|Choice Specs|[from] move: Knock Off|[of] p1a: Weavile
|faint|p2a: Dragapult
|
|upkeep
|j| LT93OQ Highv0ltag3
|j| Luthier
|
|t:|1660761939
|switch|p2a: Weavile|Weavile, F|100/100
|turn|24
|
|t:|1660761943
|move|p2a: Weavile|Swords Dance|p2a: Weavile
|-boost|p2a: Weavile|atk|2
|move|p1a: Weavile|Triple Axel|p2a: Weavile
|-resisted|p2a: Weavile
|-damage|p2a: Weavile|92/100
|-resisted|p2a: Weavile
|-damage|p2a: Weavile|75/100
|-hitcount|p2a: Weavile|2
|
|upkeep
|turn|25
|
|t:|1660761948
|switch|p1a: Heatran|Heatran, F|31/100
|-damage|p1a: Heatran|18/100|[from] Stealth Rock
|move|p2a: Weavile|Knock Off|p1a: Heatran
|-crit|p1a: Heatran
|-damage|p1a: Heatran|0 fnt
|-enditem|p1a: Heatran|Leftovers|[from] move: Knock Off|[of] p2a: Weavile
|faint|p1a: Heatran
|
|upkeep
|
|t:|1660761951
|switch|p1a: Weavile|Weavile, M|49/100
|-ability|p1a: Weavile|Pressure
|turn|26
|
|t:|1660761953
|move|p2a: Weavile|Knock Off|p1a: Weavile
|-resisted|p1a: Weavile
|-damage|p1a: Weavile|0 fnt
|-enditem|p1a: Weavile|Heavy-Duty Boots|[from] move: Knock Off|[of] p2a: Weavile
|faint|p1a: Weavile
|
|upkeep
|-message|LT93OQ Dasmer forfeited.
|
|win|kinetic chain
|raw|LT93OQ Dasmer's rating: 1882 &rarr; <strong>1859</strong><br />(-23 for losing)
|raw|kinetic chain's rating: 1829 &rarr; <strong>1852</strong><br />(+23 for winning)
|l|‽kinetic chain
|l| LT93OQ Uxilon
|l|☆LT93OQ Dasmer
