|j|☆Hgfhhfghfff
|j|☆spirs
|t:|1615247338
|player|p1|Hgfhhfghfff|101|1520
|player|p2|spirs|furisodegirl-black|1464
|teamsize|p1|6
|teamsize|p2|6
|gametype|singles
|gen|8
|tier|[Gen 8] OU
|rated|
|clearpoke
|poke|p1|Mandibuzz, F|
|poke|p1|Zeraora|
|poke|p1|Rillaboom, M|
|poke|p1|Jirachi|
|poke|p1|Keldeo-Resolute|
|poke|p1|Nihilego|
|poke|p2|Zapdos|
|poke|p2|Slowbro, M|
|poke|p2|Tapu Fini|
|poke|p2|Magnezone|
|poke|p2|Garchomp, F|
|poke|p2|Krookodile, F|
|rule|Sleep Clause Mod: Limit one foe put to sleep
|rule|Species Clause: Limit one of each Pokémon
|rule|OHKO Clause: OHKO moves are banned
|rule|Evasion Moves Clause: Evasion moves are banned
|rule|Endless Battle Clause: Forcing endless battles is banned
|rule|HP Percentage Mod: HP is shown in percentages
|rule|Dynamax Clause: You cannot dynamax
|teampreview
|
|t:|1615247373
|start
|switch|p1a: Keldeo|Keldeo-Resolute|100/100
|switch|p2a: Garchomp|Garchomp, F|100/100
|turn|1
|
|t:|1615247382
|switch|p2a: Tapu Fini|Tapu Fini|100/100
|-fieldstart|move: Misty Terrain|[from] ability: Misty Surge|[of] p2a: Tapu Fini
|move|p1a: Keldeo|Substitute|p1a: Keldeo
|-start|p1a: Keldeo|Substitute
|-damage|p1a: Keldeo|76/100
|
|-heal|p1a: Keldeo|82/100|[from] item: Leftovers
|upkeep
|turn|2
|
|t:|1615247385
|move|p1a: Keldeo|Scald|p2a: Tapu Fini
|-resisted|p2a: Tapu Fini
|-damage|p2a: Tapu Fini|83/100
|move|p2a: Tapu Fini|Calm Mind|p2a: Tapu Fini
|-boost|p2a: Tapu Fini|spa|1
|-boost|p2a: Tapu Fini|spd|1
|
|-heal|p1a: Keldeo|88/100|[from] item: Leftovers
|-heal|p2a: Tapu Fini|89/100|[from] item: Leftovers
|upkeep
|turn|3
|
|t:|1615247395
|move|p1a: Keldeo|Secret Sword|p2a: Tapu Fini
|-resisted|p2a: Tapu Fini
|-damage|p2a: Tapu Fini|69/100
|move|p2a: Tapu Fini|Draining Kiss|p1a: Keldeo
|-supereffective|p1a: Keldeo
|-end|p1a: Keldeo|Substitute
|-heal|p2a: Tapu Fini|86/100|[from] drain|[of] p1a: Keldeo
|
|-heal|p1a: Keldeo|94/100|[from] item: Leftovers
|-heal|p2a: Tapu Fini|92/100|[from] item: Leftovers
|upkeep
|turn|4
|
|t:|1615247402
|switch|p1a: Jirachi|Jirachi, shiny|100/100
|move|p2a: Tapu Fini|Scald|p1a: Jirachi
|-damage|p1a: Jirachi|47/100
|
|-heal|p1a: Jirachi|54/100|[from] item: Leftovers
|-heal|p2a: Tapu Fini|98/100|[from] item: Leftovers
|upkeep
|turn|5
|
|t:|1615247407
|move|p1a: Jirachi|Iron Head|p2a: Tapu Fini
|-damage|p2a: Tapu Fini|73/100
|cant|p2a: Tapu Fini|flinch
|
|-heal|p1a: Jirachi|60/100|[from] item: Leftovers
|-heal|p2a: Tapu Fini|79/100|[from] item: Leftovers
|-fieldend|Misty Terrain
|upkeep
|turn|6
|
|t:|1615247413
|switch|p2a: Zapdos|Zapdos|100/100
|move|p1a: Jirachi|Iron Head|p2a: Zapdos
|-resisted|p2a: Zapdos
|-damage|p2a: Zapdos|86/100
|-status|p1a: Jirachi|par|[from] ability: Static|[of] p2a: Zapdos
|
|-heal|p1a: Jirachi|66/100 par|[from] item: Leftovers
|upkeep
|turn|7
|
|t:|1615247421
|switch|p1a: Nihilego|Nihilego, shiny|100/100
|move|p2a: Zapdos|Heat Wave|p1a: Nihilego
|-resisted|p1a: Nihilego
|-damage|p1a: Nihilego|87/100
|
|upkeep
|turn|8
|
|t:|1615247432
|switch|p1a: Keldeo|Keldeo-Resolute|94/100
|switch|p2a: Magnezone|Magnezone|100/100
|
|-heal|p1a: Keldeo|100/100|[from] item: Leftovers
|upkeep
|turn|9
|
|t:|1615247439
|switch|p2a: Tapu Fini|Tapu Fini|79/100
|-fieldstart|move: Misty Terrain|[from] ability: Misty Surge|[of] p2a: Tapu Fini
|move|p1a: Keldeo|Substitute|p1a: Keldeo
|-start|p1a: Keldeo|Substitute
|-damage|p1a: Keldeo|76/100
|
|-heal|p1a: Keldeo|82/100|[from] item: Leftovers
|-heal|p2a: Tapu Fini|85/100|[from] item: Leftovers
|upkeep
|turn|10
|
|t:|1615247443
|move|p1a: Keldeo|Scald|p2a: Tapu Fini
|-resisted|p2a: Tapu Fini
|-damage|p2a: Tapu Fini|70/100
|move|p2a: Tapu Fini|Draining Kiss|p1a: Keldeo
|-supereffective|p1a: Keldeo
|-end|p1a: Keldeo|Substitute
|-heal|p2a: Tapu Fini|87/100|[from] drain|[of] p1a: Keldeo
|
|-heal|p1a: Keldeo|88/100|[from] item: Leftovers
|-heal|p2a: Tapu Fini|93/100|[from] item: Leftovers
|upkeep
|turn|11
|
|t:|1615247454
|switch|p1a: Rillaboom|Rillaboom, M, shiny|100/100
|-fieldstart|move: Grassy Terrain|[from] ability: Grassy Surge|[of] p1a: Rillaboom
|move|p2a: Tapu Fini|Scald|p1a: Rillaboom
|-resisted|p1a: Rillaboom
|-damage|p1a: Rillaboom|74/100
|-status|p1a: Rillaboom|brn
|
|-heal|p1a: Rillaboom|80/100 brn|[from] Grassy Terrain
|-heal|p2a: Tapu Fini|99/100|[from] Grassy Terrain
|-heal|p2a: Tapu Fini|100/100|[from] item: Leftovers
|-damage|p1a: Rillaboom|74/100 brn|[from] brn
|upkeep
|turn|12
|
|t:|1615247461
|switch|p2a: Zapdos|Zapdos|86/100
|move|p1a: Rillaboom|Wood Hammer|p2a: Zapdos
|-resisted|p2a: Zapdos
|-damage|p2a: Zapdos|51/100
|-damage|p1a: Rillaboom|61/100 brn|[from] Recoil
|
|-heal|p1a: Rillaboom|67/100 brn|[from] Grassy Terrain
|-damage|p1a: Rillaboom|61/100 brn|[from] brn
|upkeep
|turn|13
|
|t:|1615247473
|move|p1a: Rillaboom|Wood Hammer|p2a: Zapdos
|-resisted|p2a: Zapdos
|-damage|p2a: Zapdos|20/100
|-damage|p1a: Rillaboom|49/100 brn|[from] Recoil
|move|p2a: Zapdos|Roost|p2a: Zapdos
|-heal|p2a: Zapdos|70/100
|-singleturn|p2a: Zapdos|move: Roost
|
|-heal|p1a: Rillaboom|56/100 brn|[from] Grassy Terrain
|-heal|p2a: Zapdos|76/100|[from] Grassy Terrain
|-damage|p1a: Rillaboom|49/100 brn|[from] brn
|upkeep
|turn|14
|
|t:|1615247480
|switch|p1a: Nihilego|Nihilego, shiny|87/100
|move|p2a: Zapdos|Roost|p2a: Zapdos
|-heal|p2a: Zapdos|100/100
|-singleturn|p2a: Zapdos|move: Roost
|
|-heal|p1a: Nihilego|93/100|[from] Grassy Terrain
|upkeep
|turn|15
|
|t:|1615247488
|switch|p2a: Magnezone|Magnezone|100/100
|move|p1a: Nihilego|Sludge Wave|p2a: Magnezone
|-immune|p2a: Magnezone
|
|-heal|p1a: Nihilego|99/100|[from] Grassy Terrain
|-fieldend|move: Grassy Terrain
|upkeep
|turn|16
|
|t:|1615247496
|switch|p1a: Jirachi|Jirachi, shiny|66/100 par
|move|p2a: Magnezone|Flash Cannon|p1a: Jirachi
|-resisted|p1a: Jirachi
|-damage|p1a: Jirachi|32/100 par
|
|-heal|p1a: Jirachi|38/100 par|[from] item: Leftovers
|upkeep
|turn|17
|
|t:|1615247502
|switch|p2a: Zapdos|Zapdos|100/100
|cant|p1a: Jirachi|par
|
|-heal|p1a: Jirachi|44/100 par|[from] item: Leftovers
|upkeep
|turn|18
|
|t:|1615247507
|move|p2a: Zapdos|Heat Wave|p1a: Jirachi
|-supereffective|p1a: Jirachi
|-damage|p1a: Jirachi|0 fnt
|faint|p1a: Jirachi
|
|upkeep
|
|t:|1615247514
|switch|p1a: Zeraora|Zeraora, shiny|100/100
|turn|19
|
|t:|1615247521
|move|p1a: Zeraora|Knock Off|p2a: Zapdos
|-damage|p2a: Zapdos|72/100
|-enditem|p2a: Zapdos|Heavy-Duty Boots|[from] move: Knock Off|[of] p1a: Zeraora
|move|p2a: Zapdos|Heat Wave|p1a: Zeraora|[miss]
|-miss|p2a: Zapdos|p1a: Zeraora
|
|upkeep
|turn|20
|
|t:|1615247528
|move|p1a: Zeraora|Plasma Fists|p2a: Zapdos
|-damage|p2a: Zapdos|28/100
|-fieldactivate|move: Ion Deluge
|move|p2a: Zapdos|Heat Wave|p1a: Zeraora
|-damage|p1a: Zeraora|46/100
|-status|p1a: Zeraora|brn
|
|-damage|p1a: Zeraora|40/100 brn|[from] brn
|upkeep
|turn|21
|
|t:|1615247536
|move|p1a: Zeraora|Volt Switch|p2a: Zapdos
|-crit|p2a: Zapdos
|-damage|p2a: Zapdos|0 fnt
|faint|p2a: Zapdos
|
|t:|1615247543
|switch|p1a: Rillaboom|Rillaboom, M, shiny|49/100 brn|[from]move: Volt Switch
|-fieldstart|move: Grassy Terrain|[from] ability: Grassy Surge|[of] p1a: Rillaboom
|
|-heal|p1a: Rillaboom|56/100 brn|[from] Grassy Terrain
|-damage|p1a: Rillaboom|49/100 brn|[from] brn
|upkeep
|
|t:|1615247550
|switch|p2a: Magnezone|Magnezone|100/100
|turn|22
|
|t:|1615247555
|move|p1a: Rillaboom|Drain Punch|p2a: Magnezone
|-supereffective|p2a: Magnezone
|-damage|p2a: Magnezone|61/100
|-heal|p1a: Rillaboom|69/100 brn|[from] drain|[of] p2a: Magnezone
|move|p2a: Magnezone|Flash Cannon|p1a: Rillaboom
|-damage|p1a: Rillaboom|0 fnt
|faint|p1a: Rillaboom
|
|-heal|p2a: Magnezone|67/100|[from] Grassy Terrain
|upkeep
|
|t:|1615247566
|switch|p1a: Zeraora|Zeraora, shiny|40/100 brn
|turn|23
|
|t:|1615247573
|move|p1a: Zeraora|Close Combat|p2a: Magnezone
|-supereffective|p2a: Magnezone
|-damage|p2a: Magnezone|27/100
|-unboost|p1a: Zeraora|def|1
|-unboost|p1a: Zeraora|spd|1
|move|p2a: Magnezone|Flash Cannon|p1a: Zeraora
|-resisted|p1a: Zeraora
|-damage|p1a: Zeraora|0 fnt
|faint|p1a: Zeraora
|
|-heal|p2a: Magnezone|33/100|[from] Grassy Terrain
|upkeep
|
|t:|1615247583
|switch|p1a: Nihilego|Nihilego, shiny|99/100
|turn|24
|
|t:|1615247586
|move|p1a: Nihilego|Meteor Beam||[still]
|-prepare|p1a: Nihilego|Meteor Beam
|-boost|p1a: Nihilego|spa|1
|-enditem|p1a: Nihilego|Power Herb
|-anim|p1a: Nihilego|Meteor Beam|p2a: Magnezone|[miss]
|-miss|p1a: Nihilego|p2a: Magnezone
|move|p2a: Magnezone|Flash Cannon|p1a: Nihilego
|-supereffective|p1a: Nihilego
|-damage|p1a: Nihilego|8/100
|
|-heal|p1a: Nihilego|14/100|[from] Grassy Terrain
|-heal|p2a: Magnezone|39/100|[from] Grassy Terrain
|upkeep
|turn|25
|
|t:|1615247595
|move|p1a: Nihilego|Thunderbolt|p2a: Magnezone
|-resisted|p2a: Magnezone
|-damage|p2a: Magnezone|16/100
|move|p2a: Magnezone|Flash Cannon|p1a: Nihilego
|-supereffective|p1a: Nihilego
|-damage|p1a: Nihilego|0 fnt
|faint|p1a: Nihilego
|
|-heal|p2a: Magnezone|22/100|[from] Grassy Terrain
|-fieldend|move: Grassy Terrain
|upkeep
|inactive|Battle timer is ON: inactive players will automatically lose when time's up. (requested by spirs)
|inactive|Hgfhhfghfff has 120 seconds left.
|inactive|Hgfhhfghfff has 90 seconds left.
|inactive|Hgfhhfghfff has 60 seconds left.
|inactive|Hgfhhfghfff has 30 seconds left.
|inactive|Hgfhhfghfff has 20 seconds left.
|inactive|Hgfhhfghfff has 15 seconds left.
|inactive|Hgfhhfghfff has 10 seconds left.
|inactive|Hgfhhfghfff has 5 seconds left.
|-message|Hgfhhfghfff lost due to inactivity.
|
|win|spirs
|raw|Hgfhhfghfff's rating: 1520 &rarr; <strong>1497</strong><br />(-23 for losing)
|raw|spirs's rating: 1464 &rarr; <strong>1487</strong><br />(+23 for winning)
