|j|☆sandshrew 2022
|j|‽minimax_ai
|t:|1667414621
|gametype|singles
|player|p1|sandshrew 2022|veteran|1466
|player|p2|minimax_ai|266|1492
|teamsize|p1|6
|teamsize|p2|6
|gen|8
|tier|[Gen 8] OU
|rated|
|rule|Sleep Clause Mod: Limit one foe put to sleep
|rule|Species Clause: Limit one of each Pokémon
|rule|OHKO Clause: OHKO moves are banned
|rule|Evasion Items Clause: Evasion items are banned
|rule|Evasion Moves Clause: Evasion moves are banned
|rule|Endless Battle Clause: Forcing endless battles is banned
|rule|HP Percentage Mod: HP is shown in percentages
|rule|Dynamax Clause: You cannot dynamax
|clearpoke
|poke|p1|Swampert, M|
|poke|p1|Mandibuzz, F|
|poke|p1|Rillaboom, M|
|poke|p1|Magnezone|
|poke|p1|Tapu Lele|
|poke|p1|Nihilego|
|poke|p2|Rotom-Wash|
|poke|p2|Weavile, M|
|poke|p2|Landorus-Therian, M|
|poke|p2|Heatran, M|
|poke|p2|Tangrowth, F|
|poke|p2|Melmetal|
|teampreview
|inactive|Battle timer is ON: inactive players will automatically lose when time's up. (requested by minimax_ai)
|
|t:|1667414628
|start
|switch|p1a: Mandibuzz|Mandibuzz, F|100/100
|switch|p2a: Landorus|Landorus-Therian, M|100/100
|-ability|p2a: Landorus|Intimidate|boost
|-unboost|p1a: Mandibuzz|atk|1
|turn|1
|
|t:|1667414630
|move|p2a: Landorus|U-turn|p1a: Mandibuzz
|-crit|p1a: Mandibuzz
|-damage|p1a: Mandibuzz|80/100
|
|t:|1667414631
|switch|p2a: Heatran|Heatran, M|100/100|[from]move: U-turn
|-item|p2a: Heatran|Air Balloon
|move|p1a: Mandibuzz|Foul Play|p2a: Heatran
|-damage|p2a: Heatran|73/100
|-enditem|p2a: Heatran|Air Balloon
|
|upkeep
|turn|2
|
|t:|1667414633
|switch|p1a: Swampert|Swampert, M|100/100
|move|p2a: Heatran|Stealth Rock|p1a: Swampert
|-sidestart|p1: sandshrew 2022|move: Stealth Rock
|
|upkeep
|turn|3
|
|t:|1667414635
|switch|p2a: Tangrowth|Tangrowth, F|100/100
|move|p1a: Swampert|Stealth Rock|p2a: Tangrowth
|-sidestart|p2: minimax_ai|move: Stealth Rock
|
|upkeep
|turn|4
|
|t:|1667414637
|move|p2a: Tangrowth|Giga Drain|p1a: Swampert
|-supereffective|p1a: Swampert
|-damage|p1a: Swampert|22/100
|move|p1a: Swampert|Toxic|p2a: Tangrowth
|-status|p2a: Tangrowth|tox
|
|-heal|p1a: Swampert|28/100|[from] item: Leftovers
|-damage|p2a: Tangrowth|94/100 tox|[from] psn
|upkeep
|turn|5
|
|t:|1667414640
|switch|p2a: Melmetal|Melmetal|100/100
|-damage|p2a: Melmetal|94/100|[from] Stealth Rock
|switch|p1a: Mandibuzz|Mandibuzz, F|80/100
|
|upkeep
|turn|6
|
|t:|1667414643
|move|p1a: Mandibuzz|Roost|p1a: Mandibuzz
|-heal|p1a: Mandibuzz|100/100
|-singleturn|p1a: Mandibuzz|move: Roost
|move|p2a: Melmetal|Ice Punch|p1a: Mandibuzz
|-damage|p1a: Mandibuzz|80/100
|
|upkeep
|turn|7
|
|t:|1667414645
|move|p1a: Mandibuzz|U-turn|p2a: Melmetal
|-resisted|p2a: Melmetal
|-damage|p2a: Melmetal|91/100
|
|t:|1667414646
|switch|p1a: Magnezone|Magnezone, shiny|100/100|[from]move: U-turn
|-damage|p1a: Magnezone|94/100|[from] Stealth Rock
|move|p2a: Melmetal|Ice Punch|p1a: Magnezone
|-resisted|p1a: Magnezone
|-damage|p1a: Magnezone|82/100
|-damage|p2a: Melmetal|75/100|[from] item: Rocky Helmet|[of] p1a: Magnezone
|
|upkeep
|turn|8
|
|t:|1667414648
|move|p1a: Magnezone|Magnet Rise|p1a: Magnezone
|-start|p1a: Magnezone|Magnet Rise
|move|p2a: Melmetal|Earthquake|p1a: Magnezone
|-immune|p1a: Magnezone
|
|upkeep
|turn|9
|
|t:|1667414650
|move|p1a: Magnezone|Iron Defense|p1a: Magnezone
|-boost|p1a: Magnezone|def|2
|move|p2a: Melmetal|Ice Punch|p1a: Magnezone
|-resisted|p1a: Magnezone
|-damage|p1a: Magnezone|76/100
|-damage|p2a: Melmetal|58/100|[from] item: Rocky Helmet|[of] p1a: Magnezone
|
|upkeep
|turn|10
|
|t:|1667414651
|move|p1a: Magnezone|Iron Defense|p1a: Magnezone
|-boost|p1a: Magnezone|def|2
|move|p2a: Melmetal|Ice Punch|p1a: Magnezone
|-resisted|p1a: Magnezone
|-damage|p1a: Magnezone|73/100
|-damage|p2a: Melmetal|42/100|[from] item: Rocky Helmet|[of] p1a: Magnezone
|
|upkeep
|turn|11
|
|t:|1667414652
|move|p1a: Magnezone|Body Press|p2a: Melmetal
|-supereffective|p2a: Melmetal
|-damage|p2a: Melmetal|0 fnt
|faint|p2a: Melmetal
|
|upkeep
|
|t:|1667414652
|switch|p2a: Heatran|Heatran, M|73/100
|-damage|p2a: Heatran|61/100|[from] Stealth Rock
|turn|12
|
|t:|1667414657
|move|p2a: Heatran|Magma Storm|p1a: Magnezone
|-supereffective|p1a: Magnezone
|-damage|p1a: Magnezone|0 fnt
|faint|p1a: Magnezone
|
|upkeep
|
|t:|1667414662
|switch|p1a: Swampert|Swampert, M|28/100
|-damage|p1a: Swampert|22/100|[from] Stealth Rock
|turn|13
|
|t:|1667414663
|move|p2a: Heatran|Magma Storm|p1a: Swampert|[miss]
|-miss|p2a: Heatran|p1a: Swampert
|move|p1a: Swampert|Flip Turn|p2a: Heatran
|-supereffective|p2a: Heatran
|-damage|p2a: Heatran|13/100
|
|t:|1667414669
|switch|p1a: Nihilego|Nihilego, shiny|100/100|[from]move: Flip Turn
|-damage|p1a: Nihilego|88/100|[from] Stealth Rock
|
|upkeep
|turn|14
|
|t:|1667414671
|switch|p2a: Landorus|Landorus-Therian, M|100/100
|-damage|p2a: Landorus|88/100|[from] Stealth Rock
|-ability|p2a: Landorus|Intimidate|boost
|-unboost|p1a: Nihilego|atk|1
|move|p1a: Nihilego|Power Gem|p2a: Landorus
|-damage|p2a: Landorus|61/100
|
|-heal|p2a: Landorus|67/100|[from] item: Leftovers
|upkeep
|turn|15
|
|t:|1667414687
|switch|p1a: Mandibuzz|Mandibuzz, F|80/100
|move|p2a: Landorus|U-turn|p1a: Mandibuzz
|-damage|p1a: Mandibuzz|66/100
|
|t:|1667414687
|switch|p2a: Weavile|Weavile, M|100/100|[from]move: U-turn
|-damage|p2a: Weavile|76/100|[from] Stealth Rock
|-ability|p2a: Weavile|Pressure
|
|upkeep
|turn|16
|
|t:|1667414690
|move|p2a: Weavile|Triple Axel|p1a: Mandibuzz
|-supereffective|p1a: Mandibuzz
|-damage|p1a: Mandibuzz|49/100
|-supereffective|p1a: Mandibuzz
|-damage|p1a: Mandibuzz|15/100
|-supereffective|p1a: Mandibuzz
|-damage|p1a: Mandibuzz|0 fnt
|faint|p1a: Mandibuzz
|-hitcount|p1: Mandibuzz|3
|
|upkeep
|
|t:|1667414692
|switch|p1a: Rillaboom|Rillaboom, M|100/100
|-damage|p1a: Rillaboom|88/100|[from] Stealth Rock
|-fieldstart|move: Grassy Terrain|[from] ability: Grassy Surge|[of] p1a: Rillaboom
|turn|17
|
|t:|1667414694
|switch|p2a: Tangrowth|Tangrowth, F|100/100 tox
|-damage|p2a: Tangrowth|88/100 tox|[from] Stealth Rock
|move|p1a: Rillaboom|U-turn|p2a: Tangrowth
|-supereffective|p2a: Tangrowth
|-damage|p2a: Tangrowth|48/100 tox
|-damage|p1a: Rillaboom|72/100|[from] item: Rocky Helmet|[of] p2a: Tangrowth
|
|t:|1667414696
|switch|p1a: Nihilego|Nihilego, shiny|88/100|[from]move: U-turn
|-damage|p1a: Nihilego|76/100|[from] Stealth Rock
|
|-heal|p1a: Nihilego|82/100|[from] Grassy Terrain
|-heal|p2a: Tangrowth|54/100 tox|[from] Grassy Terrain
|-damage|p2a: Tangrowth|48/100 tox|[from] psn
|upkeep
|turn|18
|
|t:|1667414699
|switch|p2a: Landorus|Landorus-Therian, M|67/100
|-damage|p2a: Landorus|55/100|[from] Stealth Rock
|-ability|p2a: Landorus|Intimidate|boost
|-unboost|p1a: Nihilego|atk|1
|move|p1a: Nihilego|Sludge Wave|p2a: Landorus
|-resisted|p2a: Landorus
|-damage|p2a: Landorus|36/100
|
|-heal|p1a: Nihilego|88/100|[from] Grassy Terrain
|-heal|p2a: Landorus|42/100|[from] item: Leftovers
|upkeep
|turn|19
|
|t:|1667414708
|move|p1a: Nihilego|Meteor Beam||[still]
|-prepare|p1a: Nihilego|Meteor Beam
|-boost|p1a: Nihilego|spa|1
|-enditem|p1a: Nihilego|Power Herb
|-anim|p1a: Nihilego|Meteor Beam|p2a: Landorus|[miss]
|-miss|p1a: Nihilego|p2a: Landorus
|move|p2a: Landorus|Earthquake|p1a: Nihilego
|-supereffective|p1a: Nihilego
|-damage|p1a: Nihilego|0 fnt
|faint|p1a: Nihilego
|
|-heal|p2a: Landorus|49/100|[from] item: Leftovers
|upkeep
|
|t:|1667414714
|switch|p1a: Tapu Lele|Tapu Lele, shiny|100/100
|-damage|p1a: Tapu Lele|88/100|[from] Stealth Rock
|-fieldstart|move: Psychic Terrain|[from] ability: Psychic Surge|[of] p1a: Tapu Lele
|turn|20
|
|t:|1667414716
|switch|p2a: Heatran|Heatran, M|13/100
|-damage|p2a: Heatran|0 fnt|[from] Stealth Rock
|faint|p2a: Heatran
|move|p1a: Tapu Lele|Moonblast|p2: Heatran|[notarget]
|-fail|p1a: Tapu Lele
|
|upkeep
|
|t:|1667414716
|switch|p2a: Weavile|Weavile, M|76/100
|-damage|p2a: Weavile|51/100|[from] Stealth Rock
|-ability|p2a: Weavile|Pressure
|turn|21
|
|t:|1667414718
|move|p1a: Tapu Lele|Moonblast|p2a: Weavile
|-supereffective|p2a: Weavile
|-damage|p2a: Weavile|0 fnt
|faint|p2a: Weavile
|
|upkeep
|
|t:|1667414718
|switch|p2a: Rotom|Rotom-Wash|100/100
|-damage|p2a: Rotom|88/100|[from] Stealth Rock
|turn|22
|
|t:|1667414720
|move|p1a: Tapu Lele|Moonblast|p2a: Rotom
|-damage|p2a: Rotom|27/100
|move|p2a: Rotom|Pain Split|p1a: Tapu Lele
|-sethp|p1a: Tapu Lele|59/100|[from] move: Pain Split|[silent]
|-sethp|p2a: Rotom|54/100|[from] move: Pain Split
|
|-heal|p2a: Rotom|61/100|[from] item: Leftovers
|upkeep
|turn|23
|
|t:|1667414721
|move|p1a: Tapu Lele|Moonblast|p2a: Rotom
|-damage|p2a: Rotom|1/100
|move|p2a: Rotom|Pain Split|p1a: Tapu Lele
|-sethp|p1a: Tapu Lele|30/100|[from] move: Pain Split|[silent]
|-sethp|p2a: Rotom|28/100|[from] move: Pain Split
|
|-heal|p2a: Rotom|34/100|[from] item: Leftovers
|upkeep
|turn|24
|
|t:|1667414723
|move|p1a: Tapu Lele|Moonblast|p2a: Rotom
|-damage|p2a: Rotom|0 fnt
|faint|p2a: Rotom
|
|-fieldend|move: Psychic Terrain
|upkeep
|
|t:|1667414723
|switch|p2a: Tangrowth|Tangrowth, F|81/100 tox
|-damage|p2a: Tangrowth|68/100 tox|[from] Stealth Rock
|turn|25
|
|t:|1667414727
|switch|p2a: Landorus|Landorus-Therian, M|49/100
|-damage|p2a: Landorus|36/100|[from] Stealth Rock
|-ability|p2a: Landorus|Intimidate|boost
|-unboost|p1a: Tapu Lele|atk|1
|move|p1a: Tapu Lele|Moonblast|p2a: Landorus
|-damage|p2a: Landorus|0 fnt
|faint|p2a: Landorus
|
|upkeep
|
|t:|1667414727
|switch|p2a: Tangrowth|Tangrowth, F|100/100 tox
|-damage|p2a: Tangrowth|88/100 tox|[from] Stealth Rock
|turn|26
|
|t:|1667414729
|move|p1a: Tapu Lele|Moonblast|p2a: Tangrowth
|-damage|p2a: Tangrowth|12/100 tox
|move|p2a: Tangrowth|Sleep Powder|p1a: Tapu Lele
|-status|p1a: Tapu Lele|slp|[from] move: Sleep Powder
|
|-damage|p2a: Tangrowth|6/100 tox|[from] psn
|upkeep
|turn|27
|
|t:|1667414731
|cant|p1a: Tapu Lele|slp
|move|p2a: Tangrowth|Giga Drain|p1a: Tapu Lele
|-damage|p1a: Tapu Lele|1/100 slp
|-heal|p2a: Tangrowth|16/100 tox|[from] drain|[of] p1a: Tapu Lele
|
|-damage|p2a: Tangrowth|4/100 tox|[from] psn
|upkeep
|turn|28
|
|t:|1667414733
|-curestatus|p1a: Tapu Lele|slp|[msg]
|move|p1a: Tapu Lele|Moonblast|p2a: Tangrowth
|-damage|p2a: Tangrowth|0 fnt
|faint|p2a: Tangrowth
|
|win|sandshrew 2022
|raw|sandshrew 2022's rating: 1466 &rarr; <strong>1487</strong><br />(+21 for winning)
|raw|minimax_ai's rating: 1492 &rarr; <strong>1471</strong><br />(-21 for losing)
