|html|<div class="broadcast-blue"><strong>[Gen 8] OU is currently suspecting Melmetal! For information on how to participate check out the <a href="https://www.smogon.com/forums/threads/np-ss-ou-suspect-process-round-12-monster-mash.3709234/">suspect thread</a>.</strong></div>
|j|☆minimax_ai
|j|☆SuperTheoryBros
|t:|1666022026
|gametype|singles
|player|p1|minimax_ai|lusamine-nihilego|1516
|player|p2|SuperTheoryBros|102|1571
|teamsize|p1|6
|teamsize|p2|6
|gen|8
|tier|[Gen 8] OU
|rated|
|rule|Sleep Clause Mod: Limit one foe put to sleep
|rule|Species Clause: Limit one of each Pokémon
|rule|OHKO Clause: OHKO moves are banned
|rule|Evasion Items Clause: Evasion items are banned
|rule|Evasion Moves Clause: Evasion moves are banned
|rule|Endless Battle Clause: Forcing endless battles is banned
|rule|HP Percentage Mod: HP is shown in percentages
|rule|Dynamax Clause: You cannot dynamax
|clearpoke
|poke|p1|Rotom-Wash|
|poke|p1|Weavile, M|
|poke|p1|Landorus-Therian, M|
|poke|p1|Heatran, M|
|poke|p1|Tangrowth, F|
|poke|p1|Melmetal|
|poke|p2|Pelipper, F|
|poke|p2|Seismitoad, F|
|poke|p2|Registeel|
|poke|p2|Dhelmise|
|poke|p2|Heliolisk, M|
|poke|p2|Tornadus-Therian, M|
|teampreview
|c|☆minimax_ai|hf
|inactive|Battle timer is ON: inactive players will automatically lose when time's up. (requested by minimax_ai)
|
|t:|1666022034
|start
|switch|p1a: landorustherian|Landorus-Therian, M|100/100
|switch|p2a: Pelipper|Pelipper, F|100/100
|-ability|p1a: landorustherian|Intimidate|boost
|-unboost|p2a: Pelipper|atk|1
|-weather|RainDance|[from] ability: Drizzle|[of] p2a: Pelipper
|turn|1
|
|t:|1666022046
|switch|p1a: Melmetal|Melmetal|100/100
|switch|p2a: Seismitoad|Seismitoad, F|100/100
|
|-weather|RainDance|[upkeep]
|upkeep
|turn|2
|
|t:|1666022068
|move|p2a: Seismitoad|Earthquake|p1a: Melmetal
|-supereffective|p1a: Melmetal
|-damage|p1a: Melmetal|17/100
|move|p1a: Melmetal|Ice Punch|p2a: Seismitoad
|-damage|p2a: Seismitoad|56/100
|
|-weather|RainDance|[upkeep]
|upkeep
|turn|3
|
|t:|1666022082
|switch|p2a: Dhelmise|Dhelmise|100/100
|switch|p1a: landorustherian|Landorus-Therian, M|100/100
|-ability|p1a: landorustherian|Intimidate|boost
|-unboost|p2a: Dhelmise|atk|1
|
|-weather|RainDance|[upkeep]
|upkeep
|turn|4
|inactive|SuperTheoryBros has 120 seconds left.
|inactive|SuperTheoryBros has 90 seconds left.
|
|t:|1666022143
|switch|p2a: Pelipper|Pelipper, F|100/100
|move|p1a: landorustherian|Toxic|p2a: Pelipper
|-status|p2a: Pelipper|tox
|
|-weather|RainDance|[upkeep]
|-damage|p2a: Pelipper|94/100 tox|[from] psn
|upkeep
|turn|5
|
|t:|1666022155
|move|p1a: landorustherian|Defog|p2a: Pelipper
|-unboost|p2a: Pelipper|evasion|1
|move|p2a: Pelipper|Scald|p1a: landorustherian
|-supereffective|p1a: landorustherian
|-damage|p1a: landorustherian|40/100
|-status|p1a: landorustherian|brn
|
|-weather|RainDance|[upkeep]
|-heal|p1a: landorustherian|46/100 brn|[from] item: Leftovers
|-damage|p2a: Pelipper|82/100 tox|[from] psn
|-damage|p1a: landorustherian|40/100 brn|[from] brn
|upkeep
|turn|6
|
|t:|1666022168
|move|p1a: landorustherian|U-turn|p2a: Pelipper
|-resisted|p2a: Pelipper
|-damage|p2a: Pelipper|76/100 tox
|
|t:|1666022168
|switch|p1a: Tangrowth|Tangrowth, F|100/100|[from]move: U-turn
|move|p2a: Pelipper|Scald|p1a: Tangrowth
|-resisted|p1a: Tangrowth
|-damage|p1a: Tangrowth|72/100
|-status|p1a: Tangrowth|brn
|
|-weather|RainDance|[upkeep]
|-damage|p2a: Pelipper|57/100 tox|[from] psn
|-damage|p1a: Tangrowth|66/100 brn|[from] brn
|upkeep
|turn|7
|inactive|SuperTheoryBros has 90 seconds left.
|
|t:|1666022189
|switch|p1a: rotomwash|Rotom-Wash|100/100
|switch|p2a: Dhelmise|Dhelmise|100/100
|
|-weather|RainDance|[upkeep]
|upkeep
|turn|8
|inactive|SuperTheoryBros has 60 seconds left.
|
|t:|1666022219
|switch|p1a: Tangrowth|Tangrowth, F|99/100 brn
|switch|p2a: Heliolisk|Heliolisk, M|100/100
|
|-weather|none
|-damage|p1a: Tangrowth|93/100 brn|[from] brn
|upkeep
|turn|9
|
|t:|1666022227
|move|p2a: Heliolisk|Volt Switch|p1a: Tangrowth
|-resisted|p1a: Tangrowth
|-damage|p1a: Tangrowth|62/100 brn
|-damage|p2a: Heliolisk|91/100|[from] item: Life Orb
|
|t:|1666022234
|switch|p2a: Dhelmise|Dhelmise|100/100|[from]move: Volt Switch
|move|p1a: Tangrowth|Giga Drain|p2a: Dhelmise
|-resisted|p2a: Dhelmise
|-damage|p2a: Dhelmise|86/100
|-heal|p1a: Tangrowth|68/100 brn|[from] drain|[of] p2a: Dhelmise
|
|-damage|p1a: Tangrowth|62/100 brn|[from] brn
|upkeep
|turn|10
|
|t:|1666022243
|switch|p1a: landorustherian|Landorus-Therian, M|40/100 brn
|-ability|p1a: landorustherian|Intimidate|boost
|-unboost|p2a: Dhelmise|atk|1
|move|p2a: Dhelmise|Anchor Shot|p1a: landorustherian
|-damage|p1a: landorustherian|15/100 brn
|-activate|p1a: landorustherian|trapped
|
|-heal|p1a: landorustherian|21/100 brn|[from] item: Leftovers
|-damage|p1a: landorustherian|15/100 brn|[from] brn
|upkeep
|turn|11
|
|t:|1666022262
|switch|p2a: Pelipper|Pelipper, F|57/100 tox
|-weather|RainDance|[from] ability: Drizzle|[of] p2a: Pelipper
|move|p1a: landorustherian|U-turn|p2a: Pelipper
|-resisted|p2a: Pelipper
|-damage|p2a: Pelipper|51/100 tox
|
|t:|1666022262
|switch|p1a: Weavile|Weavile, M|100/100|[from]move: U-turn
|-ability|p1a: Weavile|Pressure
|
|-weather|RainDance|[upkeep]
|-damage|p2a: Pelipper|45/100 tox|[from] psn
|upkeep
|turn|12
|
|t:|1666022273
|switch|p2a: Registeel|Registeel|100/100
|move|p1a: Weavile|Knock Off|p2a: Registeel
|-damage|p2a: Registeel|63/100
|-enditem|p2a: Registeel|Leftovers|[from] move: Knock Off|[of] p1a: Weavile
|
|-weather|RainDance|[upkeep]
|upkeep
|turn|13
|
|t:|1666022283
|switch|p1a: landorustherian|Landorus-Therian, M|15/100 brn
|-ability|p1a: landorustherian|Intimidate|boost
|-fail|p2a: Registeel|unboost|[from] ability: Clear Body|[of] p2a: Registeel
|move|p2a: Registeel|Stealth Rock|p1a: landorustherian
|-sidestart|p1: minimax_ai|move: Stealth Rock
|
|-weather|RainDance|[upkeep]
|-heal|p1a: landorustherian|21/100 brn|[from] item: Leftovers
|-damage|p1a: landorustherian|15/100 brn|[from] brn
|upkeep
|turn|14
|inactive|SuperTheoryBros has 60 seconds left.
|
|t:|1666022310
|switch|p2a: Tornadus|Tornadus-Therian, M|100/100
|move|p1a: landorustherian|Defog|p2a: Tornadus
|-unboost|p2a: Tornadus|evasion|1
|-sideend|p1: minimax_ai|Stealth Rock|[from] move: Defog|[of] p1a: landorustherian
|
|-weather|RainDance|[upkeep]
|-heal|p1a: landorustherian|21/100 brn|[from] item: Leftovers
|-damage|p1a: landorustherian|15/100 brn|[from] brn
|upkeep
|turn|15
|inactive|SuperTheoryBros has 60 seconds left.
|
|t:|1666022323
|move|p2a: Tornadus|Hurricane|p1a: landorustherian
|-damage|p1a: landorustherian|0 fnt
|faint|p1a: landorustherian
|
|-weather|RainDance|[upkeep]
|upkeep
|
|t:|1666022323
|switch|p1a: Heatran|Heatran, M|100/100
|-item|p1a: Heatran|Air Balloon
|turn|16
|
|t:|1666022334
|move|p2a: Tornadus|Weather Ball|p1a: Heatran
|-supereffective|p1a: Heatran
|-damage|p1a: Heatran|15/100
|-enditem|p1a: Heatran|Air Balloon
|move|p1a: Heatran|Earth Power|p2a: Tornadus
|-immune|p2a: Tornadus
|
|-weather|RainDance|[upkeep]
|upkeep
|turn|17
|
|t:|1666022348
|switch|p1a: rotomwash|Rotom-Wash|100/100
|move|p2a: Tornadus|Hurricane|p1a: rotomwash
|-resisted|p1a: rotomwash
|-damage|p1a: rotomwash|74/100
|-start|p1a: rotomwash|confusion
|
|-weather|RainDance|[upkeep]
|-heal|p1a: rotomwash|80/100|[from] item: Leftovers
|upkeep
|turn|18
|
|t:|1666022359
|move|p2a: Tornadus|Hurricane|p1a: rotomwash
|-resisted|p1a: rotomwash
|-damage|p1a: rotomwash|55/100
|-activate|p1a: rotomwash|confusion
|move|p1a: rotomwash|Nasty Plot|p1a: rotomwash
|-boost|p1a: rotomwash|spa|2
|
|-weather|none
|-heal|p1a: rotomwash|61/100|[from] item: Leftovers
|upkeep
|turn|19
|inactive|SuperTheoryBros has 60 seconds left.
|
|t:|1666022392
|switch|p2a: Pelipper|Pelipper, F|45/100 tox
|-weather|RainDance|[from] ability: Drizzle|[of] p2a: Pelipper
|-end|p1a: rotomwash|confusion
|move|p1a: rotomwash|Pain Split|p2a: Pelipper
|-sethp|p2a: Pelipper|51/100 tox|[from] move: Pain Split|[silent]
|-sethp|p1a: rotomwash|54/100|[from] move: Pain Split
|
|-weather|RainDance|[upkeep]
|-heal|p1a: rotomwash|60/100|[from] item: Leftovers
|-damage|p2a: Pelipper|45/100 tox|[from] psn
|upkeep
|turn|20
|
|t:|1666022405
|switch|p2a: Seismitoad|Seismitoad, F|56/100
|move|p1a: rotomwash|Pain Split|p2a: Seismitoad
|-sethp|p2a: Seismitoad|54/100|[from] move: Pain Split|[silent]
|-sethp|p1a: rotomwash|62/100|[from] move: Pain Split
|
|-weather|RainDance|[upkeep]
|-heal|p1a: rotomwash|69/100|[from] item: Leftovers
|upkeep
|turn|21
|
|t:|1666022417
|switch|p1a: Tangrowth|Tangrowth, F|95/100 brn
|move|p2a: Seismitoad|Power Whip|p1a: Tangrowth
|-resisted|p1a: Tangrowth
|-damage|p1a: Tangrowth|80/100 brn
|-damage|p2a: Seismitoad|38/100|[from] item: Rocky Helmet|[of] p1a: Tangrowth
|
|-weather|RainDance|[upkeep]
|-damage|p1a: Tangrowth|74/100 brn|[from] brn
|upkeep
|turn|22
|
|t:|1666022426
|move|p2a: Seismitoad|Power Whip|p1a: Tangrowth
|-resisted|p1a: Tangrowth
|-damage|p1a: Tangrowth|60/100 brn
|-damage|p2a: Seismitoad|21/100|[from] item: Rocky Helmet|[of] p1a: Tangrowth
|move|p1a: Tangrowth|Sleep Powder|p2a: Seismitoad
|-status|p2a: Seismitoad|slp|[from] move: Sleep Powder
|
|-weather|RainDance|[upkeep]
|-damage|p1a: Tangrowth|54/100 brn|[from] brn
|upkeep
|turn|23
|
|t:|1666022436
|switch|p2a: Dhelmise|Dhelmise|86/100
|switch|p1a: Weavile|Weavile, M|100/100
|-ability|p1a: Weavile|Pressure
|
|-weather|RainDance|[upkeep]
|upkeep
|turn|24
|
|t:|1666022442
|move|p1a: Weavile|Knock Off|p2a: Dhelmise
|-supereffective|p2a: Dhelmise
|-damage|p2a: Dhelmise|0 fnt
|-enditem|p2a: Dhelmise|Weakness Policy|[from] move: Knock Off|[of] p1a: Weavile
|faint|p2a: Dhelmise
|
|-weather|RainDance|[upkeep]
|upkeep
|
|t:|1666022451
|switch|p2a: Registeel|Registeel|63/100
|turn|25
|inactive|SuperTheoryBros has 60 seconds left.
|
|t:|1666022465
|move|p1a: Weavile|Knock Off|p2a: Registeel
|-damage|p2a: Registeel|39/100
|move|p2a: Registeel|Stealth Rock|p1a: Weavile
|-sidestart|p1: minimax_ai|move: Stealth Rock
|
|-weather|RainDance|[upkeep]
|upkeep
|turn|26
|inactive|SuperTheoryBros has 60 seconds left.
|
|t:|1666022482
|switch|p2a: Tornadus|Tornadus-Therian, M|100/100
|move|p1a: Weavile|Knock Off|p2a: Tornadus
|-damage|p2a: Tornadus|8/100
|-enditem|p2a: Tornadus|Heavy-Duty Boots|[from] move: Knock Off|[of] p1a: Weavile
|
|-weather|none
|upkeep
|turn|27
|
|t:|1666022490
|switch|p2a: Pelipper|Pelipper, F|45/100 tox
|-weather|RainDance|[from] ability: Drizzle|[of] p2a: Pelipper
|move|p1a: Weavile|Knock Off|p2a: Pelipper
|-damage|p2a: Pelipper|0 fnt
|-enditem|p2a: Pelipper|Damp Rock|[from] move: Knock Off|[of] p1a: Weavile
|faint|p2a: Pelipper
|
|-weather|RainDance|[upkeep]
|upkeep
|
|t:|1666022492
|switch|p2a: Registeel|Registeel|39/100
|turn|28
|
|t:|1666022496
|move|p1a: Weavile|Knock Off|p2a: Registeel
|-damage|p2a: Registeel|13/100
|move|p2a: Registeel|Body Press|p1a: Weavile
|-supereffective|p1a: Weavile
|-damage|p1a: Weavile|0 fnt
|faint|p1a: Weavile
|
|-weather|RainDance|[upkeep]
|upkeep
|
|t:|1666022496
|switch|p1a: Tangrowth|Tangrowth, F|87/100 brn
|-damage|p1a: Tangrowth|75/100 brn|[from] Stealth Rock
|turn|29
|inactive|SuperTheoryBros has 60 seconds left.
|
|t:|1666022527
|move|p2a: Registeel|Toxic||[still]
|-fail|p2a: Registeel
|move|p1a: Tangrowth|Knock Off|p2a: Registeel
|-damage|p2a: Registeel|10/100
|
|-weather|RainDance|[upkeep]
|-damage|p1a: Tangrowth|69/100 brn|[from] brn
|upkeep
|turn|30
|inactive|SuperTheoryBros has 60 seconds left.
|
|t:|1666022533
|move|p2a: Registeel|Toxic||[still]
|-fail|p2a: Registeel
|move|p1a: Tangrowth|Focus Blast|p2a: Registeel
|-supereffective|p2a: Registeel
|-damage|p2a: Registeel|0 fnt
|faint|p2a: Registeel
|
|-weather|RainDance|[upkeep]
|-damage|p1a: Tangrowth|63/100 brn|[from] brn
|upkeep
|
|t:|1666022535
|switch|p2a: Tornadus|Tornadus-Therian, M|41/100
|turn|31
|
|t:|1666022543
|switch|p1a: Melmetal|Melmetal|17/100
|-damage|p1a: Melmetal|11/100|[from] Stealth Rock
|move|p2a: Tornadus|Nasty Plot|p2a: Tornadus
|-boost|p2a: Tornadus|spa|2
|
|-weather|RainDance|[upkeep]
|upkeep
|turn|32
|
|t:|1666022549
|move|p2a: Tornadus|Hurricane|p1a: Melmetal
|-resisted|p1a: Melmetal
|-damage|p1a: Melmetal|0 fnt
|faint|p1a: Melmetal
|
|-weather|RainDance|[upkeep]
|upkeep
|
|t:|1666022549
|switch|p1a: rotomwash|Rotom-Wash|69/100
|-damage|p1a: rotomwash|56/100|[from] Stealth Rock
|turn|33
|
|t:|1666022558
|move|p2a: Tornadus|Hurricane|p1a: rotomwash
|-resisted|p1a: rotomwash
|-damage|p1a: rotomwash|3/100
|move|p1a: rotomwash|Thunderbolt|p2a: Tornadus
|-supereffective|p2a: Tornadus
|-damage|p2a: Tornadus|0 fnt
|faint|p2a: Tornadus
|
|-weather|RainDance|[upkeep]
|-heal|p1a: rotomwash|9/100|[from] item: Leftovers
|upkeep
|
|t:|1666022566
|switch|p2a: Heliolisk|Heliolisk, M|91/100
|turn|34
|inactive|SuperTheoryBros has 90 seconds left.
|
|t:|1666022576
|move|p2a: Heliolisk|Thunder|p1a: rotomwash
|-damage|p1a: rotomwash|0 fnt
|faint|p1a: rotomwash
|-damage|p2a: Heliolisk|81/100|[from] item: Life Orb
|
|-weather|none
|upkeep
|
|t:|1666022576
|switch|p1a: Tangrowth|Tangrowth, F|96/100 brn
|-damage|p1a: Tangrowth|83/100 brn|[from] Stealth Rock
|turn|35
|
|t:|1666022587
|move|p2a: Heliolisk|Volt Switch|p1a: Tangrowth
|-resisted|p1a: Tangrowth
|-damage|p1a: Tangrowth|53/100 brn
|-damage|p2a: Heliolisk|71/100|[from] item: Life Orb
|
|t:|1666022591
|switch|p2a: Seismitoad|Seismitoad, F|21/100 slp|[from]move: Volt Switch
|move|p1a: Tangrowth|Focus Blast|p2a: Seismitoad
|-damage|p2a: Seismitoad|0 fnt
|faint|p2a: Seismitoad
|
|-damage|p1a: Tangrowth|47/100 brn|[from] brn
|upkeep
|
|t:|1666022596
|switch|p2a: Heliolisk|Heliolisk, M|71/100
|turn|36
|
|t:|1666022601
|switch|p1a: Heatran|Heatran, M|15/100
|-damage|p1a: Heatran|3/100|[from] Stealth Rock
|move|p2a: Heliolisk|Thunder|p1a: Heatran
|-damage|p1a: Heatran|0 fnt
|faint|p1a: Heatran
|-damage|p2a: Heliolisk|61/100|[from] item: Life Orb
|
|upkeep
|
|t:|1666022601
|switch|p1a: Tangrowth|Tangrowth, F|80/100 brn
|-damage|p1a: Tangrowth|68/100 brn|[from] Stealth Rock
|turn|37
|inactive|SuperTheoryBros has 120 seconds left.
|
|t:|1666022607
|move|p2a: Heliolisk|Thunder|p1a: Tangrowth
|-resisted|p1a: Tangrowth
|-damage|p1a: Tangrowth|20/100 brn
|-damage|p2a: Heliolisk|52/100|[from] item: Life Orb
|move|p1a: Tangrowth|Focus Blast|p2a: Heliolisk
|-supereffective|p2a: Heliolisk
|-damage|p2a: Heliolisk|0 fnt
|faint|p2a: Heliolisk
|
|win|minimax_ai
|raw|minimax_ai's rating: 1516 &rarr; <strong>1539</strong><br />(+23 for winning)
|raw|SuperTheoryBros's rating: 1571 &rarr; <strong>1548</strong><br />(-23 for losing)
|c|☆minimax_ai|gg
