|j|☆mowlawner-bot
|j|☆stimo96
|t:|1664529817
|gametype|singles
|player|p1|mowlawner-bot|supernerd|1398
|player|p2|stimo96|alder|1404
|teamsize|p1|6
|teamsize|p2|6
|gen|8
|tier|[Gen 8] OU
|rated|
|rule|Sleep Clause Mod: Limit one foe put to sleep
|rule|Species Clause: Limit one of each Pokémon
|rule|OHKO Clause: OHKO moves are banned
|rule|Evasion Items Clause: Evasion items are banned
|rule|Evasion Moves Clause: Evasion moves are banned
|rule|Endless Battle Clause: Forcing endless battles is banned
|rule|HP Percentage Mod: HP is shown in percentages
|rule|Dynamax Clause: You cannot dynamax
|clearpoke
|poke|p1|Landorus-Therian, M|
|poke|p1|Slowking, M|
|poke|p1|Ferrothorn, M|
|poke|p1|Dragapult, M|
|poke|p1|Weavile, M|
|poke|p1|Corviknight, M|
|poke|p2|Dragapult, M|
|poke|p2|Garchomp, F|
|poke|p2|Magnezone|
|poke|p2|Zapdos|
|poke|p2|Landorus-Therian, M|
|poke|p2|Tapu Fini|
|teampreview
|c|☆mowlawner-bot|hf
|inactive|Battle timer is ON: inactive players will automatically lose when time's up. (requested by mowlawner-bot)
|c|☆stimo96|hf
|
|t:|1664529837
|start
|switch|p1a: Garangolm|Landorus-Therian, M|100/100
|switch|p2a: Tapu Fini|Tapu Fini|100/100
|-ability|p1a: Garangolm|Intimidate|boost
|-unboost|p2a: Tapu Fini|atk|1
|-fieldstart|move: Misty Terrain|[from] ability: Misty Surge|[of] p2a: Tapu Fini
|turn|1
|
|t:|1664529863
|switch|p1a: Tetranadon|Slowking, M|100/100
|switch|p2a: Landorus|Landorus-Therian, M|100/100
|-ability|p2a: Landorus|Intimidate|boost
|-unboost|p1a: Tetranadon|atk|1
|
|upkeep
|turn|2
|
|t:|1664529874
|move|p2a: Landorus|Stealth Rock|p1a: Tetranadon
|-sidestart|p1: mowlawner-bot|move: Stealth Rock
|move|p1a: Tetranadon|Scald|p2a: Landorus
|-supereffective|p2a: Landorus
|-damage|p2a: Landorus|60/100
|
|-heal|p2a: Landorus|66/100|[from] item: Leftovers
|upkeep
|turn|3
|
|t:|1664529896
|move|p2a: Landorus|U-turn|p1a: Tetranadon
|-supereffective|p1a: Tetranadon
|-damage|p1a: Tetranadon|67/100
|
|t:|1664529904
|switch|p2a: Dragapult|Dragapult, M|100/100|[from]move: U-turn
|move|p1a: Tetranadon|Scald|p2a: Dragapult
|-resisted|p2a: Dragapult
|-damage|p2a: Dragapult|83/100
|
|upkeep
|turn|4
|
|t:|1664529914
|switch|p1a: Kushala Daora|Corviknight, M|100/100
|-damage|p1a: Kushala Daora|88/100|[from] Stealth Rock
|move|p2a: Dragapult|Shadow Ball|p1a: Kushala Daora
|-damage|p1a: Kushala Daora|50/100
|
|-heal|p1a: Kushala Daora|57/100|[from] item: Leftovers
|upkeep
|turn|5
|
|t:|1664529930
|switch|p1a: Espinas|Ferrothorn, M|100/100
|-damage|p1a: Espinas|94/100|[from] Stealth Rock
|move|p2a: Dragapult|Shadow Ball|p1a: Espinas
|-damage|p1a: Espinas|52/100
|
|-heal|p1a: Espinas|59/100|[from] item: Leftovers
|-fieldend|Misty Terrain
|upkeep
|turn|6
|
|t:|1664529943
|switch|p2a: Magnezone|Magnezone|100/100
|move|p1a: Espinas|Knock Off|p2a: Magnezone
|-damage|p2a: Magnezone|82/100
|-enditem|p2a: Magnezone|Leftovers|[from] move: Knock Off|[of] p1a: Espinas
|
|-heal|p1a: Espinas|65/100|[from] item: Leftovers
|upkeep
|turn|7
|
|t:|1664529951
|move|p2a: Magnezone|Substitute|p2a: Magnezone
|-start|p2a: Magnezone|Substitute
|-damage|p2a: Magnezone|57/100
|move|p1a: Espinas|Leech Seed||[still]
|-fail|p1a: Espinas
|
|-heal|p1a: Espinas|71/100|[from] item: Leftovers
|upkeep
|turn|8
|
|t:|1664529958
|move|p2a: Magnezone|Iron Defense|p2a: Magnezone
|-boost|p2a: Magnezone|def|2
|move|p1a: Espinas|Spikes|p2a: Magnezone
|-sidestart|p2: stimo96|Spikes
|
|-heal|p1a: Espinas|77/100|[from] item: Leftovers
|upkeep
|turn|9
|
|t:|1664529964
|move|p2a: Magnezone|Iron Defense|p2a: Magnezone
|-boost|p2a: Magnezone|def|2
|move|p1a: Espinas|Spikes|p2a: Magnezone
|-sidestart|p2: stimo96|Spikes
|
|-heal|p1a: Espinas|84/100|[from] item: Leftovers
|upkeep
|turn|10
|
|t:|1664529970
|move|p2a: Magnezone|Iron Defense|p2a: Magnezone
|-boost|p2a: Magnezone|def|2
|move|p1a: Espinas|Spikes|p2a: Magnezone
|-sidestart|p2: stimo96|Spikes
|
|-heal|p1a: Espinas|90/100|[from] item: Leftovers
|upkeep
|turn|11
|
|t:|1664529995
|move|p2a: Magnezone|Body Press|p1a: Espinas
|-supereffective|p1a: Espinas
|-damage|p1a: Espinas|0 fnt
|-damage|p2a: Magnezone|45/100|[from] ability: Iron Barbs|[of] p1a: Espinas
|faint|p1a: Espinas
|
|upkeep
|
|t:|1664529997
|switch|p1a: Valstrax|Dragapult, M|100/100
|turn|12
|
|t:|1664530009
|move|p1a: Valstrax|Hex|p2a: Magnezone
|-damage|p2a: Magnezone|9/100
|move|p2a: Magnezone|Thunderbolt|p1a: Valstrax
|-resisted|p1a: Valstrax
|-damage|p1a: Valstrax|75/100
|
|upkeep
|turn|13
|
|t:|1664530018
|switch|p2a: Zapdos|Zapdos|100/100
|move|p1a: Valstrax|Hex|p2a: Zapdos
|-damage|p2a: Zapdos|74/100
|
|upkeep
|turn|14
|
|t:|1664530024
|move|p1a: Valstrax|Draco Meteor|p2a: Zapdos
|-damage|p2a: Zapdos|20/100
|-unboost|p1a: Valstrax|spa|2
|move|p2a: Zapdos|Defog|p1a: Valstrax
|-unboost|p1a: Valstrax|evasion|1
|-sideend|p1: mowlawner-bot|Stealth Rock|[from] move: Defog|[of] p2a: Zapdos
|-sideend|p2: stimo96|Spikes|[from] move: Defog|[of] p2a: Zapdos
|
|upkeep
|turn|15
|
|t:|1664530039
|switch|p2a: Landorus|Landorus-Therian, M|66/100
|-ability|p2a: Landorus|Intimidate|boost
|-unboost|p1a: Valstrax|atk|1
|move|p1a: Valstrax|Draco Meteor|p2a: Landorus
|-damage|p2a: Landorus|46/100
|-unboost|p1a: Valstrax|spa|2
|
|-heal|p2a: Landorus|52/100|[from] item: Leftovers
|upkeep
|turn|16
|
|t:|1664530059
|switch|p1a: Kushala Daora|Corviknight, M|57/100
|move|p2a: Landorus|U-turn|p1a: Kushala Daora
|-resisted|p1a: Kushala Daora
|-damage|p1a: Kushala Daora|52/100
|
|t:|1664530065
|switch|p2a: Magnezone|Magnezone|9/100|[from]move: U-turn
|
|-heal|p1a: Kushala Daora|58/100|[from] item: Leftovers
|upkeep
|turn|17
|
|t:|1664530073
|move|p2a: Magnezone|Thunderbolt|p1a: Kushala Daora
|-supereffective|p1a: Kushala Daora
|-damage|p1a: Kushala Daora|1/100
|move|p1a: Kushala Daora|Roost|p1a: Kushala Daora
|-heal|p1a: Kushala Daora|51/100
|-singleturn|p1a: Kushala Daora|move: Roost
|
|-heal|p1a: Kushala Daora|57/100|[from] item: Leftovers
|upkeep
|turn|18
|
|t:|1664530081
|move|p2a: Magnezone|Thunderbolt|p1a: Kushala Daora
|-supereffective|p1a: Kushala Daora
|-damage|p1a: Kushala Daora|8/100
|move|p1a: Kushala Daora|Roost|p1a: Kushala Daora
|-heal|p1a: Kushala Daora|57/100
|-singleturn|p1a: Kushala Daora|move: Roost
|
|-heal|p1a: Kushala Daora|64/100|[from] item: Leftovers
|upkeep
|turn|19
|
|t:|1664530103
|switch|p2a: Dragapult|Dragapult, M|83/100
|move|p1a: Kushala Daora|Roost|p1a: Kushala Daora
|-heal|p1a: Kushala Daora|100/100
|-singleturn|p1a: Kushala Daora|move: Roost
|
|upkeep
|turn|20
|
|t:|1664530110
|move|p2a: Dragapult|Fire Blast|p1a: Kushala Daora
|-supereffective|p1a: Kushala Daora
|-damage|p1a: Kushala Daora|36/100
|-status|p1a: Kushala Daora|brn
|move|p1a: Kushala Daora|Brave Bird|p2a: Dragapult
|-damage|p2a: Dragapult|59/100
|-damage|p1a: Kushala Daora|30/100 brn|[from] Recoil
|
|-heal|p1a: Kushala Daora|36/100 brn|[from] item: Leftovers
|-damage|p1a: Kushala Daora|30/100 brn|[from] brn
|upkeep
|turn|21
|
|t:|1664530127
|switch|p2a: Magnezone|Magnezone|9/100
|switch|p1a: Valstrax|Dragapult, M|75/100
|
|upkeep
|turn|22
|inactive|stimo96 has 120 seconds left.
|
|t:|1664530156
|switch|p2a: Zapdos|Zapdos|20/100
|move|p1a: Valstrax|Hex|p2a: Zapdos
|-damage|p2a: Zapdos|0 fnt
|faint|p2a: Zapdos
|
|upkeep
|
|t:|1664530164
|switch|p2a: Landorus|Landorus-Therian, M|52/100
|-ability|p2a: Landorus|Intimidate|boost
|-unboost|p1a: Valstrax|atk|1
|turn|23
|
|t:|1664530169
|move|p1a: Valstrax|Draco Meteor|p2a: Landorus
|-damage|p2a: Landorus|11/100
|-unboost|p1a: Valstrax|spa|2
|move|p2a: Landorus|Earthquake|p1a: Valstrax
|-damage|p1a: Valstrax|5/100
|
|-heal|p2a: Landorus|17/100|[from] item: Leftovers
|upkeep
|turn|24
|
|t:|1664530178
|switch|p2a: Tapu Fini|Tapu Fini|100/100
|-fieldstart|move: Misty Terrain|[from] ability: Misty Surge|[of] p2a: Tapu Fini
|move|p1a: Valstrax|Draco Meteor|p2a: Tapu Fini
|-immune|p2a: Tapu Fini
|
|upkeep
|turn|25
|
|t:|1664530190
|switch|p1a: Tetranadon|Slowking, M|99/100
|move|p2a: Tapu Fini|Scald|p1a: Tetranadon
|-resisted|p1a: Tetranadon
|-damage|p1a: Tetranadon|89/100
|
|upkeep
|turn|26
|
|t:|1664530198
|switch|p2a: Dragapult|Dragapult, M|59/100
|move|p1a: Tetranadon|Teleport|p1a: Tetranadon
|
|t:|1664530199
|switch|p1a: Garangolm|Landorus-Therian, M|100/100|[from]move: Teleport
|-ability|p1a: Garangolm|Intimidate|boost
|-unboost|p2a: Dragapult|atk|1
|
|upkeep
|turn|27
|
|t:|1664530210
|move|p2a: Dragapult|U-turn|p1a: Garangolm
|-resisted|p1a: Garangolm
|-damage|p1a: Garangolm|96/100
|
|t:|1664530216
|switch|p2a: Landorus|Landorus-Therian, M|17/100|[from]move: U-turn
|-ability|p2a: Landorus|Intimidate|boost
|-unboost|p1a: Garangolm|atk|1
|move|p1a: Garangolm|Earthquake|p2a: Landorus
|-immune|p2a: Landorus
|
|-heal|p1a: Garangolm|100/100|[from] item: Leftovers
|-heal|p2a: Landorus|23/100|[from] item: Leftovers
|upkeep
|turn|28
|
|t:|1664530226
|move|p1a: Garangolm|Stealth Rock|p2a: Landorus
|-sidestart|p2: stimo96|move: Stealth Rock
|move|p2a: Landorus|Stealth Rock|p1a: Garangolm
|-sidestart|p1: mowlawner-bot|move: Stealth Rock
|
|-heal|p2a: Landorus|29/100|[from] item: Leftovers
|-fieldend|Misty Terrain
|upkeep
|turn|29
|
|t:|1664530235
|move|p1a: Garangolm|U-turn|p2a: Landorus
|-resisted|p2a: Landorus
|-crit|p2a: Landorus
|-damage|p2a: Landorus|14/100
|inactive|mowlawner-bot has 120 seconds left.
|inactive|mowlawner-bot has 90 seconds left.
|
|t:|1664530301
|switch|p1a: Tetranadon|Slowking, M|100/100|[from]move: U-turn
|-damage|p1a: Tetranadon|88/100|[from] Stealth Rock
|move|p2a: Landorus|U-turn|p1a: Tetranadon
|-supereffective|p1a: Tetranadon
|-damage|p1a: Tetranadon|57/100
|
|t:|1664530310
|switch|p2a: Dragapult|Dragapult, M|59/100|[from]move: U-turn
|-damage|p2a: Dragapult|47/100|[from] Stealth Rock
|
|upkeep
|turn|30
|inactive|mowlawner-bot has 90 seconds left.
|
|t:|1664530325
|switch|p1a: Valstrax|Dragapult, M|5/100
|move|p2a: Dragapult|Shadow Ball|p1a: Valstrax
|-supereffective|p1a: Valstrax
|-damage|p1a: Valstrax|0 fnt
|faint|p1a: Valstrax
|
|upkeep
|
|t:|1664530326
|switch|p1a: Garangolm|Landorus-Therian, M|100/100
|-damage|p1a: Garangolm|88/100|[from] Stealth Rock
|-ability|p1a: Garangolm|Intimidate|boost
|-unboost|p2a: Dragapult|atk|1
|turn|31
|
|t:|1664530339
|switch|p2a: Landorus|Landorus-Therian, M|14/100
|-damage|p2a: Landorus|2/100|[from] Stealth Rock
|-ability|p2a: Landorus|Intimidate|boost
|-unboost|p1a: Garangolm|atk|1
|move|p1a: Garangolm|Earthquake|p2a: Landorus
|-immune|p2a: Landorus
|
|-heal|p1a: Garangolm|94/100|[from] item: Leftovers
|-heal|p2a: Landorus|8/100|[from] item: Leftovers
|upkeep
|turn|32
|
|t:|1664530352
|switch|p2a: Garchomp|Garchomp, F|100/100
|-damage|p2a: Garchomp|94/100|[from] Stealth Rock
|move|p1a: Garangolm|Toxic|p2a: Garchomp|[miss]
|-miss|p1a: Garangolm|p2a: Garchomp
|
|-heal|p2a: Garchomp|100/100|[from] item: Leftovers
|-heal|p1a: Garangolm|99/100|[from] item: Leftovers
|upkeep
|turn|33
|
|t:|1664530369
|move|p2a: Garchomp|Swords Dance|p2a: Garchomp
|-boost|p2a: Garchomp|atk|2
|move|p1a: Garangolm|Earthquake|p2a: Garchomp
|-damage|p2a: Garchomp|70/100
|
|-heal|p2a: Garchomp|76/100|[from] item: Leftovers
|-heal|p1a: Garangolm|100/100|[from] item: Leftovers
|upkeep
|turn|34
|
|t:|1664530377
|move|p2a: Garchomp|Scale Shot|p1a: Garangolm|[miss]
|-miss|p2a: Garchomp|p1a: Garangolm
|move|p1a: Garangolm|U-turn|p2a: Garchomp
|-damage|p2a: Garchomp|61/100
|-damage|p1a: Garangolm|88/100|[from] ability: Rough Skin|[of] p2a: Garchomp
|
|t:|1664530378
|switch|p1a: Lunagaron|Weavile, M|100/100|[from]move: U-turn
|-damage|p1a: Lunagaron|76/100|[from] Stealth Rock
|-ability|p1a: Lunagaron|Pressure
|
|-heal|p2a: Garchomp|67/100|[from] item: Leftovers
|upkeep
|turn|35
|
|t:|1664530394
|switch|p2a: Tapu Fini|Tapu Fini|100/100
|-damage|p2a: Tapu Fini|88/100|[from] Stealth Rock
|-fieldstart|move: Misty Terrain|[from] ability: Misty Surge|[of] p2a: Tapu Fini
|move|p1a: Lunagaron|Knock Off|p2a: Tapu Fini
|-resisted|p2a: Tapu Fini
|-damage|p2a: Tapu Fini|64/100
|-enditem|p2a: Tapu Fini|Leftovers|[from] move: Knock Off|[of] p1a: Lunagaron
|
|upkeep
|turn|36
|
|t:|1664530406
|switch|p1a: Tetranadon|Slowking, M|91/100
|-damage|p1a: Tetranadon|78/100|[from] Stealth Rock
|switch|p2a: Dragapult|Dragapult, M|47/100
|-damage|p2a: Dragapult|34/100|[from] Stealth Rock
|
|upkeep
|turn|37
|
|t:|1664530413
|switch|p1a: Kushala Daora|Corviknight, M|30/100 brn
|-damage|p1a: Kushala Daora|17/100 brn|[from] Stealth Rock
|move|p2a: Dragapult|Shadow Ball|p1a: Kushala Daora
|-damage|p1a: Kushala Daora|0 fnt
|faint|p1a: Kushala Daora
|
|upkeep
|
|t:|1664530414
|switch|p1a: Garangolm|Landorus-Therian, M|88/100
|-damage|p1a: Garangolm|76/100|[from] Stealth Rock
|-ability|p1a: Garangolm|Intimidate|boost
|-unboost|p2a: Dragapult|atk|1
|turn|38
|
|t:|1664530427
|switch|p2a: Landorus|Landorus-Therian, M|8/100
|-damage|p2a: Landorus|0 fnt|[from] Stealth Rock
|faint|p2a: Landorus
|move|p1a: Garangolm|Earthquake|p2: Landorus|[notarget]
|-fail|p1a: Garangolm
|
|-heal|p1a: Garangolm|82/100|[from] item: Leftovers
|upkeep
|
|t:|1664530435
|switch|p2a: Garchomp|Garchomp, F|67/100
|-damage|p2a: Garchomp|61/100|[from] Stealth Rock
|turn|39
|
|t:|1664530441
|move|p2a: Garchomp|Scale Shot|p1a: Garangolm
|-damage|p1a: Garangolm|71/100
|-damage|p1a: Garangolm|62/100
|-damage|p1a: Garangolm|51/100
|-hitcount|p1a: Garangolm|3
|-unboost|p2a: Garchomp|def|1
|-boost|p2a: Garchomp|spe|1
|move|p1a: Garangolm|Earthquake|p2a: Garchomp
|-damage|p2a: Garchomp|0 fnt
|faint|p2a: Garchomp
|
|-heal|p1a: Garangolm|57/100|[from] item: Leftovers
|-fieldend|Misty Terrain
|upkeep
|
|t:|1664530457
|switch|p2a: Dragapult|Dragapult, M|34/100
|-damage|p2a: Dragapult|22/100|[from] Stealth Rock
|turn|40
|
|t:|1664530461
|move|p2a: Dragapult|Draco Meteor|p1a: Garangolm
|-damage|p1a: Garangolm|0 fnt
|-unboost|p2a: Dragapult|spa|2
|faint|p1a: Garangolm
|
|upkeep
|
|t:|1664530461
|switch|p1a: Tetranadon|Slowking, M|100/100
|-damage|p1a: Tetranadon|88/100|[from] Stealth Rock
|turn|41
|
|t:|1664530478
|switch|p2a: Magnezone|Magnezone|9/100
|-damage|p2a: Magnezone|3/100|[from] Stealth Rock
|move|p1a: Tetranadon|Scald|p2a: Magnezone
|-damage|p2a: Magnezone|0 fnt
|faint|p2a: Magnezone
|
|upkeep
|
|t:|1664530485
|switch|p2a: Dragapult|Dragapult, M|22/100
|-damage|p2a: Dragapult|10/100|[from] Stealth Rock
|turn|42
|
|t:|1664530493
|move|p2a: Dragapult|Shadow Ball|p1a: Tetranadon
|-supereffective|p1a: Tetranadon
|-damage|p1a: Tetranadon|3/100
|move|p1a: Tetranadon|Slack Off|p1a: Tetranadon
|-heal|p1a: Tetranadon|53/100
|
|upkeep
|turn|43
|
|t:|1664530500
|switch|p1a: Lunagaron|Weavile, M|76/100
|-damage|p1a: Lunagaron|51/100|[from] Stealth Rock
|-ability|p1a: Lunagaron|Pressure
|move|p2a: Dragapult|Shadow Ball|p1a: Lunagaron
|-resisted|p1a: Lunagaron
|-damage|p1a: Lunagaron|14/100
|
|upkeep
|turn|44
|
|t:|1664530509
|move|p1a: Lunagaron|Ice Shard|p2a: Dragapult
|-supereffective|p2a: Dragapult
|-damage|p2a: Dragapult|0 fnt
|faint|p2a: Dragapult
|
|upkeep
|
|t:|1664530513
|switch|p2a: Tapu Fini|Tapu Fini|64/100
|-damage|p2a: Tapu Fini|52/100|[from] Stealth Rock
|-fieldstart|move: Misty Terrain|[from] ability: Misty Surge|[of] p2a: Tapu Fini
|turn|45
|
|t:|1664530521
|switch|p1a: Tetranadon|Slowking, M|86/100
|-damage|p1a: Tetranadon|74/100|[from] Stealth Rock
|move|p2a: Tapu Fini|Calm Mind|p2a: Tapu Fini
|-boost|p2a: Tapu Fini|spa|1
|-boost|p2a: Tapu Fini|spd|1
|
|upkeep
|turn|46
|
|t:|1664530528
|move|p2a: Tapu Fini|Calm Mind|p2a: Tapu Fini
|-boost|p2a: Tapu Fini|spa|1
|-boost|p2a: Tapu Fini|spd|1
|move|p1a: Tetranadon|Psychic|p2a: Tapu Fini
|-damage|p2a: Tapu Fini|38/100
|
|upkeep
|turn|47
|
|t:|1664530533
|move|p2a: Tapu Fini|Draining Kiss|p1a: Tetranadon
|-damage|p1a: Tetranadon|50/100
|-heal|p2a: Tapu Fini|59/100|[from] drain|[of] p1a: Tetranadon
|move|p1a: Tetranadon|Psychic|p2a: Tapu Fini
|-damage|p2a: Tapu Fini|47/100
|
|upkeep
|turn|48
|
|t:|1664530540
|move|p2a: Tapu Fini|Draining Kiss|p1a: Tetranadon
|-damage|p1a: Tetranadon|23/100
|-heal|p2a: Tapu Fini|70/100|[from] drain|[of] p1a: Tetranadon
|move|p1a: Tetranadon|Slack Off|p1a: Tetranadon
|-heal|p1a: Tetranadon|74/100
|
|upkeep
|turn|49
|
|t:|1664530547
|move|p2a: Tapu Fini|Calm Mind|p2a: Tapu Fini
|-boost|p2a: Tapu Fini|spa|1
|-boost|p2a: Tapu Fini|spd|1
|move|p1a: Tetranadon|Psychic|p2a: Tapu Fini
|-damage|p2a: Tapu Fini|60/100
|
|-fieldend|Misty Terrain
|upkeep
|turn|50
|
|t:|1664530553
|move|p2a: Tapu Fini|Calm Mind|p2a: Tapu Fini
|-boost|p2a: Tapu Fini|spa|1
|-boost|p2a: Tapu Fini|spd|1
|move|p1a: Tetranadon|Slack Off|p1a: Tetranadon
|-heal|p1a: Tetranadon|100/100
|
|upkeep
|turn|51
|
|t:|1664530559
|move|p2a: Tapu Fini|Draining Kiss|p1a: Tetranadon
|-damage|p1a: Tetranadon|63/100
|-heal|p2a: Tapu Fini|92/100|[from] drain|[of] p1a: Tetranadon
|move|p1a: Tetranadon|Slack Off|p1a: Tetranadon
|-heal|p1a: Tetranadon|100/100
|
|upkeep
|turn|52
|
|t:|1664530565
|move|p2a: Tapu Fini|Calm Mind|p2a: Tapu Fini
|-boost|p2a: Tapu Fini|spa|1
|-boost|p2a: Tapu Fini|spd|1
|move|p1a: Tetranadon|Scald|p2a: Tapu Fini
|-resisted|p2a: Tapu Fini
|-damage|p2a: Tapu Fini|89/100
|
|upkeep
|turn|53
|
|t:|1664530572
|move|p2a: Tapu Fini|Calm Mind|p2a: Tapu Fini
|-boost|p2a: Tapu Fini|spa|1
|-boost|p2a: Tapu Fini|spd|1
|move|p1a: Tetranadon|Scald|p2a: Tapu Fini
|-resisted|p2a: Tapu Fini
|-damage|p2a: Tapu Fini|87/100
|-status|p2a: Tapu Fini|brn
|
|-damage|p2a: Tapu Fini|80/100 brn|[from] brn
|upkeep
|turn|54
|
|t:|1664530580
|move|p2a: Tapu Fini|Moonblast|p1a: Tetranadon
|-damage|p1a: Tetranadon|1/100
|move|p1a: Tetranadon|Slack Off|p1a: Tetranadon
|-heal|p1a: Tetranadon|51/100
|
|-damage|p2a: Tapu Fini|74/100 brn|[from] brn
|upkeep
|turn|55
|c|☆stimo96|gg
|
|t:|1664530587
|switch|p1a: Lunagaron|Weavile, M|14/100
|-damage|p1a: Lunagaron|0 fnt|[from] Stealth Rock
|faint|p1a: Lunagaron
|move|p2a: Tapu Fini|Moonblast|p1: Lunagaron|[notarget]
|-fail|p2a: Tapu Fini
|
|-damage|p2a: Tapu Fini|68/100 brn|[from] brn
|upkeep
|
|t:|1664530588
|switch|p1a: Tetranadon|Slowking, M|84/100
|-damage|p1a: Tetranadon|72/100|[from] Stealth Rock
|turn|56
|
|t:|1664530598
|move|p2a: Tapu Fini|Moonblast|p1a: Tetranadon
|-damage|p1a: Tetranadon|0 fnt
|faint|p1a: Tetranadon
|
|win|stimo96
|raw|mowlawner-bot's rating: 1398 &rarr; <strong>1378</strong><br />(-20 for losing)
|raw|stimo96's rating: 1404 &rarr; <strong>1424</strong><br />(+20 for winning)
|c|☆mowlawner-bot|gg
