|j|☆FElecta
|j|☆Rheinmetal
|t:|1596021088
|player|p1|FElecta|guitarist-gen4|1506
|player|p2|Rheinmetal|cynthia|1435
|teamsize|p1|6
|teamsize|p2|6
|gametype|singles
|gen|8
|tier|[Gen 8] OU
|rated|
|html|<div class="broadcast-blue"><strong>OU is currently suspecting Magearna! For information on how to participate check out the <a href="https://www.smogon.com/forums/threads/3667669/">suspect thread</a>.</strong></div>
|clearpoke
|poke|p1|Zeraora|
|poke|p1|Urshifu-*, F|
|poke|p1|Magearna|
|poke|p1|Mandibuzz, F|
|poke|p1|Slowbro, M|
|poke|p1|Amoonguss, F|
|poke|p2|Cinderace, M|
|poke|p2|Magnezone|
|poke|p2|Magearna|
|poke|p2|Mandibuzz, F|
|poke|p2|Toxapex, M|
|poke|p2|Blissey, F|
|rule|Sleep Clause Mod: Limit one foe put to sleep
|rule|Species Clause: Limit one of each Pokémon
|rule|OHKO Clause: OHKO moves are banned
|rule|Evasion Moves Clause: Evasion moves are banned
|rule|Endless Battle Clause: Forcing endless battles is banned
|rule|HP Percentage Mod: HP is shown in percentages
|rule|Dynamax Clause: You cannot dynamax
|teampreview
|inactive|Battle timer is ON: inactive players will automatically lose when time's up. (requested by Rheinmetal)
|
|t:|1596021106
|start
|switch|p1a: THUNDERCROSS|Slowbro, M, shiny|100/100
|switch|p2a: Magnezone|Magnezone|100/100
|turn|1
|
|t:|1596021113
|switch|p1a: Amoonguss|Amoonguss, F, shiny|100/100
|move|p2a: Magnezone|Flash Cannon|p1a: Amoonguss
|-damage|p1a: Amoonguss|18/100
|
|upkeep
|turn|2
|
|t:|1596021121
|switch|p1a: Zeraora|Zeraora|100/100
|move|p2a: Magnezone|Flash Cannon|p1a: Zeraora
|-resisted|p1a: Zeraora
|-damage|p1a: Zeraora|37/100
|
|upkeep
|turn|3
|
|t:|1596021127
|move|p1a: Zeraora|Knock Off|p2a: Magnezone
|-damage|p2a: Magnezone|71/100
|-enditem|p2a: Magnezone|Choice Specs|[from] move: Knock Off|[of] p1a: Zeraora
|move|p2a: Magnezone|Flash Cannon|p1a: Zeraora
|-resisted|p1a: Zeraora
|-damage|p1a: Zeraora|0 fnt
|faint|p1a: Zeraora
|
|upkeep
|
|t:|1596021132
|switch|p1a: Urshifu|Urshifu, F|100/100
|turn|4
|
|t:|1596021150
|switch|p2a: Toxapex|Toxapex, M|100/100
|move|p1a: Urshifu|Wicked Blow|p2a: Toxapex
|-crit|p2a: Toxapex
|-damage|p2a: Toxapex|46/100
|
|-heal|p2a: Toxapex|52/100|[from] item: Black Sludge
|upkeep
|turn|5
|
|t:|1596021161
|switch|p2a: Mandibuzz|Mandibuzz, F|100/100
|move|p1a: Urshifu|Wicked Blow|p2a: Mandibuzz
|-resisted|p2a: Mandibuzz
|-crit|p2a: Mandibuzz
|-damage|p2a: Mandibuzz|72/100
|
|upkeep
|turn|6
|
|t:|1596021177
|switch|p1a: Magearna|Magearna|100/100
|move|p2a: Mandibuzz|Roost|p2a: Mandibuzz
|-heal|p2a: Mandibuzz|100/100
|-singleturn|p2a: Mandibuzz|move: Roost
|
|upkeep
|turn|7
|
|t:|1596021190
|switch|p2a: Cinderace|Cinderace, M, shiny|100/100
|move|p1a: Magearna|Volt Switch|p2a: Cinderace
|-damage|p2a: Cinderace|38/100
|
|t:|1596021199
|switch|p1a: THUNDERCROSS|Slowbro, M, shiny|100/100|[from]move: Volt Switch
|
|upkeep
|turn|8
|
|t:|1596021204
|move|p2a: Cinderace|U-turn|p1a: THUNDERCROSS
|-start|p2a: Cinderace|typechange|Bug|[from] ability: Libero
|-supereffective|p1a: THUNDERCROSS
|-damage|p1a: THUNDERCROSS|32/100
|
|t:|1596021206
|switch|p2a: Magnezone|Magnezone|71/100|[from]move: U-turn
|move|p1a: THUNDERCROSS|Counter|p2a: Magnezone
|-damage|p2a: Magnezone|0 fnt
|faint|p2a: Magnezone
|
|upkeep
|
|t:|1596021210
|switch|p2a: Cinderace|Cinderace, M, shiny|38/100
|turn|9
|
|t:|1596021214
|switch|p1a: Mandibuzz|Mandibuzz, F|100/100
|move|p2a: Cinderace|U-turn|p1a: Mandibuzz
|-start|p2a: Cinderace|typechange|Bug|[from] ability: Libero
|-damage|p1a: Mandibuzz|65/100
|
|t:|1596021217
|switch|p2a: Magearna|Magearna|100/100|[from]move: U-turn
|
|upkeep
|turn|10
|
|t:|1596021228
|switch|p1a: Magearna|Magearna|100/100
|move|p2a: Magearna|Shift Gear|p2a: Magearna
|-boost|p2a: Magearna|spe|2
|-boost|p2a: Magearna|atk|1
|
|upkeep
|turn|11
|
|t:|1596021232
|move|p2a: Magearna|Calm Mind|p2a: Magearna
|-boost|p2a: Magearna|spa|1
|-boost|p2a: Magearna|spd|1
|move|p1a: Magearna|Flash Cannon|p2a: Magearna
|-damage|p2a: Magearna|53/100
|
|upkeep
|turn|12
|
|t:|1596021240
|move|p2a: Magearna|Calm Mind|p2a: Magearna
|-boost|p2a: Magearna|spa|1
|-boost|p2a: Magearna|spd|1
|move|p1a: Magearna|Flash Cannon|p2a: Magearna
|-damage|p2a: Magearna|21/100
|
|upkeep
|turn|13
|
|t:|1596021250
|move|p2a: Magearna|Draining Kiss|p1a: Magearna
|-resisted|p1a: Magearna
|-damage|p1a: Magearna|76/100
|-heal|p2a: Magearna|42/100|[from] drain|[of] p1a: Magearna
|move|p1a: Magearna|Flash Cannon|p2a: Magearna
|-damage|p2a: Magearna|11/100
|
|upkeep
|turn|14
|
|t:|1596021261
|move|p2a: Magearna|Draining Kiss|p1a: Magearna
|-resisted|p1a: Magearna
|-damage|p1a: Magearna|52/100
|-heal|p2a: Magearna|32/100|[from] drain|[of] p1a: Magearna
|move|p1a: Magearna|Flash Cannon|p2a: Magearna
|-crit|p2a: Magearna
|-damage|p2a: Magearna|0 fnt
|faint|p2a: Magearna
|-ability|p1a: Magearna|Soul-Heart|boost
|-boost|p1a: Magearna|spa|1
|
|upkeep
|
|t:|1596021274
|switch|p2a: Cinderace|Cinderace, M, shiny|38/100
|turn|15
|
|t:|1596021285
|switch|p1a: Mandibuzz|Mandibuzz, F|65/100
|move|p2a: Cinderace|Pyro Ball|p1a: Mandibuzz
|-damage|p1a: Mandibuzz|6/100
|
|upkeep
|turn|16
|
|t:|1596021294
|move|p2a: Cinderace|Pyro Ball|p1a: Mandibuzz
|-damage|p1a: Mandibuzz|0 fnt
|faint|p1a: Mandibuzz
|
|upkeep
|
|t:|1596021297
|switch|p1a: THUNDERCROSS|Slowbro, M, shiny|65/100
|turn|17
|
|t:|1596021302
|switch|p2a: Toxapex|Toxapex, M|86/100
|move|p1a: THUNDERCROSS|Teleport|p1a: THUNDERCROSS
|
|t:|1596021305
|switch|p1a: Amoonguss|Amoonguss, F, shiny|52/100|[from]move: Teleport
|
|-heal|p2a: Toxapex|92/100|[from] item: Black Sludge
|upkeep
|turn|18
|
|t:|1596021308
|switch|p2a: Mandibuzz|Mandibuzz, F|100/100
|move|p1a: Amoonguss|Spore|p2a: Mandibuzz
|-immune|p2a: Mandibuzz|[from] ability: Overcoat
|
|upkeep
|turn|19
|
|t:|1596021312
|move|p2a: Mandibuzz|Brave Bird|p1a: Amoonguss
|-supereffective|p1a: Amoonguss
|-damage|p1a: Amoonguss|11/100
|-damage|p2a: Mandibuzz|84/100|[from] item: Rocky Helmet|[of] p1a: Amoonguss
|-damage|p2a: Mandibuzz|70/100|[from] Recoil
|move|p1a: Amoonguss|Toxic|p2a: Mandibuzz
|-status|p2a: Mandibuzz|tox
|
|-damage|p2a: Mandibuzz|64/100 tox|[from] psn
|upkeep
|turn|20
|
|t:|1596021322
|switch|p2a: Cinderace|Cinderace, M, shiny|38/100
|switch|p1a: THUNDERCROSS|Slowbro, M, shiny|98/100
|
|upkeep
|turn|21
|
|t:|1596021331
|move|p2a: Cinderace|U-turn|p1a: THUNDERCROSS
|-start|p2a: Cinderace|typechange|Bug|[from] ability: Libero
|-supereffective|p1a: THUNDERCROSS
|-damage|p1a: THUNDERCROSS|37/100
|
|t:|1596021333
|switch|p2a: Toxapex|Toxapex, M|100/100|[from]move: U-turn
|move|p1a: THUNDERCROSS|Teleport|p1a: THUNDERCROSS
|
|t:|1596021338
|switch|p1a: Amoonguss|Amoonguss, F, shiny|44/100|[from]move: Teleport
|
|upkeep
|turn|22
|
|t:|1596021343
|switch|p2a: Mandibuzz|Mandibuzz, F|64/100 tox
|move|p1a: Amoonguss|Giga Drain|p2a: Mandibuzz
|-resisted|p2a: Mandibuzz
|-damage|p2a: Mandibuzz|54/100 tox
|-heal|p1a: Amoonguss|49/100|[from] drain|[of] p2a: Mandibuzz
|
|-damage|p2a: Mandibuzz|48/100 tox|[from] psn
|upkeep
|turn|23
|
|t:|1596021350
|switch|p1a: THUNDERCROSS|Slowbro, M, shiny|70/100
|move|p2a: Mandibuzz|Roost|p2a: Mandibuzz
|-heal|p2a: Mandibuzz|98/100 tox
|-singleturn|p2a: Mandibuzz|move: Roost
|
|-damage|p2a: Mandibuzz|86/100 tox|[from] psn
|upkeep
|turn|24
|
|t:|1596021353
|switch|p1a: Magearna|Magearna|52/100
|move|p2a: Mandibuzz|Foul Play|p1a: Magearna
|-resisted|p1a: Magearna
|-damage|p1a: Magearna|42/100
|
|-damage|p2a: Mandibuzz|67/100 tox|[from] psn
|upkeep
|turn|25
|
|t:|1596021357
|switch|p2a: Blissey|Blissey, F|100/100
|move|p1a: Magearna|Volt Switch|p2a: Blissey
|-damage|p2a: Blissey|85/100
|
|t:|1596021359
|switch|p1a: Urshifu|Urshifu, F|100/100|[from]move: Volt Switch
|
|-heal|p2a: Blissey|91/100|[from] item: Leftovers
|upkeep
|turn|26
|
|t:|1596021367
|switch|p2a: Toxapex|Toxapex, M|100/100
|move|p1a: Urshifu|Wicked Blow|p2a: Toxapex
|-crit|p2a: Toxapex
|-damage|p2a: Toxapex|39/100
|
|-heal|p2a: Toxapex|45/100|[from] item: Black Sludge
|upkeep
|turn|27
|
|t:|1596021372
|switch|p2a: Mandibuzz|Mandibuzz, F|67/100 tox
|move|p1a: Urshifu|Wicked Blow|p2a: Mandibuzz
|-resisted|p2a: Mandibuzz
|-crit|p2a: Mandibuzz
|-damage|p2a: Mandibuzz|41/100 tox
|
|-damage|p2a: Mandibuzz|35/100 tox|[from] psn
|upkeep
|turn|28
|
|t:|1596021375
|move|p1a: Urshifu|Wicked Blow|p2a: Mandibuzz
|-resisted|p2a: Mandibuzz
|-crit|p2a: Mandibuzz
|-damage|p2a: Mandibuzz|5/100 tox
|move|p2a: Mandibuzz|Roost|p2a: Mandibuzz
|-heal|p2a: Mandibuzz|55/100 tox
|-singleturn|p2a: Mandibuzz|move: Roost
|
|-damage|p2a: Mandibuzz|43/100 tox|[from] psn
|upkeep
|turn|29
|
|t:|1596021379
|move|p1a: Urshifu|Wicked Blow|p2a: Mandibuzz
|-resisted|p2a: Mandibuzz
|-crit|p2a: Mandibuzz
|-damage|p2a: Mandibuzz|17/100 tox
|move|p2a: Mandibuzz|Roost|p2a: Mandibuzz
|-heal|p2a: Mandibuzz|67/100 tox
|-singleturn|p2a: Mandibuzz|move: Roost
|
|-damage|p2a: Mandibuzz|48/100 tox|[from] psn
|upkeep
|turn|30
|
|t:|1596021387
|switch|p1a: Magearna|Magearna|42/100
|move|p2a: Mandibuzz|Brave Bird|p1a: Magearna
|-resisted|p1a: Magearna
|-damage|p1a: Magearna|31/100
|-damage|p2a: Mandibuzz|45/100 tox|[from] Recoil
|
|-damage|p2a: Mandibuzz|20/100 tox|[from] psn
|upkeep
|turn|31
|
|t:|1596021395
|move|p2a: Mandibuzz|Brave Bird|p1a: Magearna
|-resisted|p1a: Magearna
|-damage|p1a: Magearna|19/100
|-damage|p2a: Mandibuzz|17/100 tox|[from] Recoil
|move|p1a: Magearna|Volt Switch|p2a: Mandibuzz
|-supereffective|p2a: Mandibuzz
|-damage|p2a: Mandibuzz|0 fnt
|faint|p2a: Mandibuzz
|-ability|p1a: Magearna|Soul-Heart|boost
|-boost|p1a: Magearna|spa|1
|
|t:|1596021401
|switch|p1a: THUNDERCROSS|Slowbro, M, shiny|100/100|[from]move: Volt Switch
|
|upkeep
|
|t:|1596021405
|switch|p2a: Cinderace|Cinderace, M, shiny|38/100
|turn|32
|
|t:|1596021408
|move|p2a: Cinderace|U-turn|p1a: THUNDERCROSS
|-start|p2a: Cinderace|typechange|Bug|[from] ability: Libero
|-supereffective|p1a: THUNDERCROSS
|-damage|p1a: THUNDERCROSS|31/100
|
|t:|1596021412
|switch|p2a: Toxapex|Toxapex, M|78/100|[from]move: U-turn
|move|p1a: THUNDERCROSS|Teleport|p1a: THUNDERCROSS
|
|t:|1596021415
|switch|p1a: Amoonguss|Amoonguss, F, shiny|82/100|[from]move: Teleport
|
|-heal|p2a: Toxapex|85/100|[from] item: Black Sludge
|upkeep
|turn|33
|
|t:|1596021420
|move|p1a: Amoonguss|Spore|p2a: Toxapex
|-status|p2a: Toxapex|slp|[from] move: Spore
|cant|p2a: Toxapex|slp
|
|-heal|p2a: Toxapex|91/100 slp|[from] item: Black Sludge
|upkeep
|turn|34
|
|t:|1596021425
|switch|p1a: THUNDERCROSS|Slowbro, M, shiny|65/100
|switch|p2a: Cinderace|Cinderace, M, shiny|38/100
|
|upkeep
|turn|35
|
|t:|1596021431
|switch|p1a: Magearna|Magearna|19/100
|move|p2a: Cinderace|Pyro Ball|p1a: Magearna
|-supereffective|p1a: Magearna
|-damage|p1a: Magearna|0 fnt
|faint|p1a: Magearna
|
|upkeep
|
|t:|1596021435
|switch|p1a: THUNDERCROSS|Slowbro, M, shiny|98/100
|turn|36
|
|t:|1596021439
|switch|p2a: Toxapex|Toxapex, M|100/100 slp
|move|p1a: THUNDERCROSS|Teleport|p1a: THUNDERCROSS
|
|t:|1596021442
|switch|p1a: Urshifu|Urshifu, F|100/100|[from]move: Teleport
|
|upkeep
|turn|37
|
|t:|1596021446
|move|p1a: Urshifu|Wicked Blow|p2a: Toxapex
|-crit|p2a: Toxapex
|-damage|p2a: Toxapex|42/100 slp
|cant|p2a: Toxapex|slp
|
|-heal|p2a: Toxapex|48/100 slp|[from] item: Black Sludge
|upkeep
|turn|38
|
|t:|1596021450
|switch|p2a: Blissey|Blissey, F|91/100
|move|p1a: Urshifu|Wicked Blow|p2a: Blissey
|-crit|p2a: Blissey
|-damage|p2a: Blissey|6/100
|
|-heal|p2a: Blissey|12/100|[from] item: Leftovers
|upkeep
|turn|39
|
|t:|1596021454
|-activate|p1a: Urshifu|move: Struggle
|move|p1a: Urshifu|Struggle|p2a: Blissey
|-damage|p2a: Blissey|0 fnt
|-damage|p1a: Urshifu|76/100|[from] recoil
|faint|p2a: Blissey
|
|upkeep
|
|t:|1596021459
|switch|p2a: Cinderace|Cinderace, M, shiny|38/100
|turn|40
|
|t:|1596021468
|switch|p1a: Amoonguss|Amoonguss, F, shiny|100/100
|move|p2a: Cinderace|U-turn|p1a: Amoonguss
|-start|p2a: Cinderace|typechange|Bug|[from] ability: Libero
|-damage|p1a: Amoonguss|62/100
|-damage|p2a: Cinderace|22/100|[from] item: Rocky Helmet|[of] p1a: Amoonguss
|
|t:|1596021469
|switch|p2a: Toxapex|Toxapex, M|81/100 slp|[from]move: U-turn
|
|-heal|p2a: Toxapex|88/100 slp|[from] item: Black Sludge
|upkeep
|turn|41
|
|t:|1596021472
|move|p1a: Amoonguss|Giga Drain|p2a: Toxapex
|-damage|p2a: Toxapex|71/100 slp
|-heal|p1a: Amoonguss|68/100|[from] drain|[of] p2a: Toxapex
|cant|p2a: Toxapex|slp
|
|-heal|p2a: Toxapex|77/100 slp|[from] item: Black Sludge
|upkeep
|turn|42
|
|t:|1596021474
|move|p1a: Amoonguss|Giga Drain|p2a: Toxapex
|-damage|p2a: Toxapex|59/100 slp
|-heal|p1a: Amoonguss|74/100|[from] drain|[of] p2a: Toxapex
|-curestatus|p2a: Toxapex|slp|[msg]
|move|p2a: Toxapex|Knock Off|p1a: Amoonguss
|-damage|p1a: Amoonguss|63/100
|-damage|p2a: Toxapex|43/100|[from] item: Rocky Helmet|[of] p1a: Amoonguss
|-enditem|p1a: Amoonguss|Rocky Helmet|[from] move: Knock Off|[of] p2a: Toxapex
|
|-heal|p2a: Toxapex|49/100|[from] item: Black Sludge
|upkeep
|turn|43
|
|t:|1596021477
|move|p1a: Amoonguss|Giga Drain|p2a: Toxapex
|-damage|p2a: Toxapex|31/100
|-heal|p1a: Amoonguss|69/100|[from] drain|[of] p2a: Toxapex
|move|p2a: Toxapex|Recover|p2a: Toxapex
|-heal|p2a: Toxapex|81/100
|
|-heal|p2a: Toxapex|88/100|[from] item: Black Sludge
|upkeep
|turn|44
|
|t:|1596021480
|move|p1a: Amoonguss|Spore|p2a: Toxapex
|-status|p2a: Toxapex|slp|[from] move: Spore
|cant|p2a: Toxapex|slp
|
|-heal|p2a: Toxapex|94/100 slp|[from] item: Black Sludge
|upkeep
|turn|45
|
|t:|1596021482
|switch|p1a: THUNDERCROSS|Slowbro, M, shiny|100/100
|cant|p2a: Toxapex|slp
|
|-heal|p2a: Toxapex|99/100 slp|[from] item: Black Sludge
|upkeep
|turn|46
|
|t:|1596021489
|cant|p2a: Toxapex|slp
|move|p1a: THUNDERCROSS|Teleport|p1a: THUNDERCROSS
|
|t:|1596021491
|switch|p1a: Amoonguss|Amoonguss, F, shiny|100/100|[from]move: Teleport
|
|-heal|p2a: Toxapex|100/100 slp|[from] item: Black Sludge
|upkeep
|turn|47
|
|t:|1596021493
|move|p1a: Amoonguss|Giga Drain|p2a: Toxapex
|-damage|p2a: Toxapex|82/100 slp
|-curestatus|p2a: Toxapex|slp|[msg]
|move|p2a: Toxapex|Knock Off|p1a: Amoonguss
|-damage|p1a: Amoonguss|92/100
|
|-heal|p2a: Toxapex|89/100|[from] item: Black Sludge
|upkeep
|turn|48
|
|t:|1596021497
|move|p1a: Amoonguss|Sludge Bomb|p2a: Toxapex
|-resisted|p2a: Toxapex
|-damage|p2a: Toxapex|78/100
|move|p2a: Toxapex|Haze|p2a: Toxapex
|-clearallboost
|
|-heal|p2a: Toxapex|84/100|[from] item: Black Sludge
|upkeep
|turn|49
|
|t:|1596021500
|move|p1a: Amoonguss|Toxic|p2a: Toxapex
|-immune|p2a: Toxapex
|move|p2a: Toxapex|Haze|p2a: Toxapex
|-clearallboost
|
|-heal|p2a: Toxapex|90/100|[from] item: Black Sludge
|upkeep
|turn|50
|
|t:|1596021502
|move|p1a: Amoonguss|Toxic|p2a: Toxapex
|-immune|p2a: Toxapex
|move|p2a: Toxapex|Haze|p2a: Toxapex
|-clearallboost
|
|-heal|p2a: Toxapex|97/100|[from] item: Black Sludge
|upkeep
|turn|51
|
|t:|1596021503
|move|p1a: Amoonguss|Toxic|p2a: Toxapex
|-immune|p2a: Toxapex
|move|p2a: Toxapex|Haze|p2a: Toxapex
|-clearallboost
|
|-heal|p2a: Toxapex|100/100|[from] item: Black Sludge
|upkeep
|turn|52
|
|t:|1596021506
|switch|p1a: THUNDERCROSS|Slowbro, M, shiny|100/100
|move|p2a: Toxapex|Haze|p2a: Toxapex
|-clearallboost
|
|upkeep
|turn|53
|
|t:|1596021508
|switch|p1a: Amoonguss|Amoonguss, F, shiny|100/100
|move|p2a: Toxapex|Knock Off|p1a: Amoonguss
|-damage|p1a: Amoonguss|93/100
|
|upkeep
|turn|54
|
|t:|1596021510
|switch|p1a: THUNDERCROSS|Slowbro, M, shiny|100/100
|move|p2a: Toxapex|Haze|p2a: Toxapex
|-clearallboost
|
|upkeep
|turn|55
|
|t:|1596021512
|switch|p1a: Amoonguss|Amoonguss, F, shiny|100/100
|move|p2a: Toxapex|Knock Off|p1a: Amoonguss
|-damage|p1a: Amoonguss|93/100
|
|upkeep
|turn|56
|
|t:|1596021514
|switch|p1a: THUNDERCROSS|Slowbro, M, shiny|100/100
|move|p2a: Toxapex|Knock Off|p1a: THUNDERCROSS
|-supereffective|p1a: THUNDERCROSS
|-damage|p1a: THUNDERCROSS|82/100
|-enditem|p1a: THUNDERCROSS|Heavy-Duty Boots|[from] move: Knock Off|[of] p2a: Toxapex
|
|upkeep
|turn|57
|
|t:|1596021517
|switch|p1a: Amoonguss|Amoonguss, F, shiny|100/100
|move|p2a: Toxapex|Haze|p2a: Toxapex
|-clearallboost
|
|upkeep
|turn|58
|
|t:|1596021519
|switch|p1a: THUNDERCROSS|Slowbro, M, shiny|100/100
|move|p2a: Toxapex|Haze|p2a: Toxapex
|-clearallboost
|
|upkeep
|turn|59
|
|t:|1596021521
|switch|p2a: Cinderace|Cinderace, M, shiny|22/100
|switch|p1a: Amoonguss|Amoonguss, F, shiny|100/100
|
|upkeep
|turn|60
|
|t:|1596021527
|switch|p1a: THUNDERCROSS|Slowbro, M, shiny|100/100
|move|p2a: Cinderace|Pyro Ball|p1a: THUNDERCROSS
|-resisted|p1a: THUNDERCROSS
|-damage|p1a: THUNDERCROSS|72/100
|
|upkeep
|turn|61
|
|t:|1596021530
|switch|p2a: Toxapex|Toxapex, M|100/100
|move|p1a: THUNDERCROSS|Teleport|p1a: THUNDERCROSS
|
|t:|1596021531
|switch|p1a: Amoonguss|Amoonguss, F, shiny|100/100|[from]move: Teleport
|
|upkeep
|turn|62
|
|t:|1596021543
|switch|p1a: THUNDERCROSS|Slowbro, M, shiny|100/100
|move|p2a: Toxapex|Scald|p1a: THUNDERCROSS
|-resisted|p1a: THUNDERCROSS
|-damage|p1a: THUNDERCROSS|92/100
|
|upkeep
|turn|63
|
|t:|1596021545
|switch|p2a: Cinderace|Cinderace, M, shiny|22/100
|move|p1a: THUNDERCROSS|Scald|p2a: Cinderace
|-supereffective|p2a: Cinderace
|-damage|p2a: Cinderace|0 fnt
|faint|p2a: Cinderace
|
|upkeep
|
|t:|1596021550
|switch|p2a: Toxapex|Toxapex, M|100/100
|turn|64
|-message|Rheinmetal forfeited.
|
|win|FElecta
|l|☆Rheinmetal
|raw|FElecta's rating: 1506 &rarr; <strong>1522</strong><br />(+16 for winning)
|raw|Rheinmetal's rating: 1436 &rarr; <strong>1420</strong><br />(-16 for losing)
