|j|☆minimax_ai
|j|☆Raph369
|t:|1661699124
|gametype|singles
|player|p1|minimax_ai|lusamine-nihilego|1548
|player|p2|Raph369|rocketgrunt|1656
|teamsize|p1|6
|teamsize|p2|6
|gen|8
|tier|[Gen 8] OU
|rated|
|rule|Sleep Clause Mod: Limit one foe put to sleep
|rule|Species Clause: Limit one of each Pokémon
|rule|OHKO Clause: OHKO moves are banned
|rule|Evasion Items Clause: Evasion items are banned
|rule|Evasion Moves Clause: Evasion moves are banned
|rule|Endless Battle Clause: Forcing endless battles is banned
|rule|HP Percentage Mod: HP is shown in percentages
|rule|Dynamax Clause: You cannot dynamax
|clearpoke
|poke|p1|Rotom-Wash|
|poke|p1|Weavile, F|
|poke|p1|Landorus-Therian, M|
|poke|p1|Heatran, M|
|poke|p1|Tangrowth, F|
|poke|p1|Melmetal|
|poke|p2|Crawdaunt, F|
|poke|p2|Tapu Fini|
|poke|p2|Ferrothorn, M|
|poke|p2|Zeraora|
|poke|p2|Landorus-Therian, M|
|poke|p2|Heatran, F|
|teampreview
|inactive|Battle timer is ON: inactive players will automatically lose when time's up. (requested by minimax_ai)
|c|☆minimax_ai|hf
|c|☆Raph369|hf
|
|t:|1661699139
|start
|switch|p1a: landorustherian|Landorus-Therian, M|100/100
|switch|p2a: Ferrothorn|Ferrothorn, M|100/100
|-ability|p1a: landorustherian|Intimidate|boost
|-unboost|p2a: Ferrothorn|atk|1
|turn|1
|
|t:|1661699142
|move|p1a: landorustherian|Earthquake|p2a: Ferrothorn
|-damage|p2a: Ferrothorn|72/100
|move|p2a: Ferrothorn|Knock Off|p1a: landorustherian
|-damage|p1a: landorustherian|87/100
|-enditem|p1a: landorustherian|Leftovers|[from] move: Knock Off|[of] p2a: Ferrothorn
|
|-heal|p2a: Ferrothorn|78/100|[from] item: Leftovers
|upkeep
|turn|2
|
|t:|1661699146
|move|p1a: landorustherian|U-turn|p2a: Ferrothorn
|-damage|p2a: Ferrothorn|64/100
|-damage|p1a: landorustherian|74/100|[from] ability: Iron Barbs|[of] p2a: Ferrothorn
|
|t:|1661699147
|switch|p1a: Tangrowth|Tangrowth, F|100/100|[from]move: U-turn
|move|p2a: Ferrothorn|Spikes|p1a: Tangrowth
|-sidestart|p1: minimax_ai|Spikes
|
|-heal|p2a: Ferrothorn|71/100|[from] item: Leftovers
|upkeep
|turn|3
|
|t:|1661699154
|switch|p2a: Heatran|Heatran, F|100/100
|move|p1a: Tangrowth|Focus Blast|p2a: Heatran
|-supereffective|p2a: Heatran
|-damage|p2a: Heatran|64/100
|
|-heal|p2a: Heatran|70/100|[from] item: Leftovers
|upkeep
|turn|4
|
|t:|1661699164
|switch|p2a: Landorus|Landorus-Therian, M|100/100
|-ability|p2a: Landorus|Intimidate|boost
|-unboost|p1a: Tangrowth|atk|1
|switch|p1a: rotomwash|Rotom-Wash|100/100
|
|upkeep
|turn|5
|
|t:|1661699172
|switch|p1a: landorustherian|Landorus-Therian, M|74/100
|-ability|p1a: landorustherian|Intimidate|boost
|-unboost|p2a: Landorus|atk|1
|switch|p2a: Ferrothorn|Ferrothorn, M|71/100
|
|-heal|p2a: Ferrothorn|77/100|[from] item: Leftovers
|upkeep
|turn|6
|
|t:|1661699180
|move|p1a: landorustherian|Defog|p2a: Ferrothorn
|-unboost|p2a: Ferrothorn|evasion|1
|-sideend|p1: minimax_ai|Spikes|[from] move: Defog|[of] p1a: landorustherian
|move|p2a: Ferrothorn|Spikes|p1a: landorustherian
|-sidestart|p1: minimax_ai|Spikes
|
|-heal|p2a: Ferrothorn|83/100|[from] item: Leftovers
|upkeep
|turn|7
|
|t:|1661699184
|move|p1a: landorustherian|Defog|p2a: Ferrothorn
|-unboost|p2a: Ferrothorn|evasion|1
|-sideend|p1: minimax_ai|Spikes|[from] move: Defog|[of] p1a: landorustherian
|move|p2a: Ferrothorn|Power Whip|p1a: landorustherian
|-damage|p1a: landorustherian|38/100
|
|-heal|p2a: Ferrothorn|89/100|[from] item: Leftovers
|upkeep
|turn|8
|
|t:|1661699187
|move|p1a: landorustherian|U-turn|p2a: Ferrothorn
|-damage|p2a: Ferrothorn|75/100
|-damage|p1a: landorustherian|25/100|[from] ability: Iron Barbs|[of] p2a: Ferrothorn
|
|t:|1661699187
|switch|p1a: Tangrowth|Tangrowth, F|100/100|[from]move: U-turn
|move|p2a: Ferrothorn|Spikes|p1a: Tangrowth
|-sidestart|p1: minimax_ai|Spikes
|
|-heal|p2a: Ferrothorn|81/100|[from] item: Leftovers
|upkeep
|turn|9
|
|t:|1661699195
|move|p1a: Tangrowth|Focus Blast|p2a: Ferrothorn
|-supereffective|p2a: Ferrothorn
|-damage|p2a: Ferrothorn|33/100
|move|p2a: Ferrothorn|Knock Off|p1a: Tangrowth
|-crit|p1a: Tangrowth
|-damage|p1a: Tangrowth|85/100
|-damage|p2a: Ferrothorn|16/100|[from] item: Rocky Helmet|[of] p1a: Tangrowth
|-enditem|p1a: Tangrowth|Rocky Helmet|[from] move: Knock Off|[of] p2a: Ferrothorn
|
|-heal|p2a: Ferrothorn|22/100|[from] item: Leftovers
|upkeep
|turn|10
|
|t:|1661699200
|switch|p2a: Heatran|Heatran, F|70/100
|move|p1a: Tangrowth|Focus Blast|p2a: Heatran
|-supereffective|p2a: Heatran
|-damage|p2a: Heatran|34/100
|
|-heal|p2a: Heatran|40/100|[from] item: Leftovers
|upkeep
|turn|11
|
|t:|1661699205
|switch|p1a: rotomwash|Rotom-Wash|100/100
|move|p2a: Heatran|Toxic|p1a: rotomwash
|-status|p1a: rotomwash|tox
|
|-heal|p2a: Heatran|47/100|[from] item: Leftovers
|-damage|p1a: rotomwash|94/100 tox|[from] psn
|upkeep
|turn|12
|
|t:|1661699209
|switch|p2a: Ferrothorn|Ferrothorn, M|22/100
|move|p1a: rotomwash|Nasty Plot|p1a: rotomwash
|-boost|p1a: rotomwash|spa|2
|
|-heal|p1a: rotomwash|100/100 tox|[from] item: Leftovers
|-heal|p2a: Ferrothorn|29/100|[from] item: Leftovers
|-damage|p1a: rotomwash|88/100 tox|[from] psn
|upkeep
|turn|13
|
|t:|1661699217
|switch|p2a: Tapu Fini|Tapu Fini|100/100
|-fieldstart|move: Misty Terrain|[from] ability: Misty Surge|[of] p2a: Tapu Fini
|move|p1a: rotomwash|Hydro Pump|p2a: Tapu Fini
|-resisted|p2a: Tapu Fini
|-damage|p2a: Tapu Fini|66/100
|
|-heal|p1a: rotomwash|94/100 tox|[from] item: Leftovers
|-heal|p2a: Tapu Fini|72/100|[from] item: Leftovers
|-damage|p1a: rotomwash|75/100 tox|[from] psn
|upkeep
|turn|14
|
|t:|1661699224
|switch|p2a: Landorus|Landorus-Therian, M|100/100
|-ability|p2a: Landorus|Intimidate|boost
|-unboost|p1a: rotomwash|atk|1
|move|p1a: rotomwash|Thunderbolt|p2a: Landorus
|-immune|p2a: Landorus
|
|-heal|p1a: rotomwash|82/100 tox|[from] item: Leftovers
|-damage|p1a: rotomwash|57/100 tox|[from] psn
|upkeep
|turn|15
|
|t:|1661699232
|switch|p1a: landorustherian|Landorus-Therian, M|25/100
|-ability|p1a: landorustherian|Intimidate|boost
|-unboost|p2a: Landorus|atk|1
|switch|p2a: Ferrothorn|Ferrothorn, M|29/100
|
|-heal|p2a: Ferrothorn|35/100|[from] item: Leftovers
|upkeep
|turn|16
|
|t:|1661699235
|move|p1a: landorustherian|U-turn|p2a: Ferrothorn
|-damage|p2a: Ferrothorn|22/100
|-damage|p1a: landorustherian|13/100|[from] ability: Iron Barbs|[of] p2a: Ferrothorn
|
|t:|1661699235
|switch|p1a: Tangrowth|Tangrowth, F|100/100|[from]move: U-turn
|-damage|p1a: Tangrowth|88/100|[from] Spikes
|move|p2a: Ferrothorn|Power Whip|p1a: Tangrowth
|-resisted|p1a: Tangrowth
|-damage|p1a: Tangrowth|77/100
|
|-heal|p2a: Ferrothorn|28/100|[from] item: Leftovers
|upkeep
|turn|17
|
|t:|1661699248
|switch|p2a: Landorus|Landorus-Therian, M|100/100
|-ability|p2a: Landorus|Intimidate|boost
|-unboost|p1a: Tangrowth|atk|1
|move|p1a: Tangrowth|Focus Blast|p2a: Landorus
|-resisted|p2a: Landorus
|-damage|p2a: Landorus|88/100
|
|-heal|p2a: Landorus|94/100|[from] item: Leftovers
|-fieldend|Misty Terrain
|upkeep
|turn|18
|
|t:|1661699256
|switch|p1a: Melmetal|Melmetal|100/100
|-damage|p1a: Melmetal|88/100|[from] Spikes
|move|p2a: Landorus|Stealth Rock|p1a: Melmetal
|-sidestart|p1: minimax_ai|move: Stealth Rock
|
|-heal|p2a: Landorus|100/100|[from] item: Leftovers
|upkeep
|turn|19
|
|t:|1661699259
|move|p2a: Landorus|U-turn|p1a: Melmetal
|-resisted|p1a: Melmetal
|-damage|p1a: Melmetal|82/100
|
|t:|1661699260
|switch|p2a: Ferrothorn|Ferrothorn, M|28/100|[from]move: U-turn
|move|p1a: Melmetal|Ice Punch|p2a: Ferrothorn
|-damage|p2a: Ferrothorn|8/100
|-damage|p1a: Melmetal|69/100|[from] ability: Iron Barbs|[of] p2a: Ferrothorn
|
|-heal|p2a: Ferrothorn|14/100|[from] item: Leftovers
|upkeep
|turn|20
|
|t:|1661699269
|move|p1a: Melmetal|Double Iron Bash|p2a: Ferrothorn
|-resisted|p2a: Ferrothorn
|-damage|p2a: Ferrothorn|3/100
|-damage|p1a: Melmetal|57/100|[from] ability: Iron Barbs|[of] p2a: Ferrothorn
|-resisted|p2a: Ferrothorn
|-damage|p2a: Ferrothorn|0 fnt
|-damage|p1a: Melmetal|44/100|[from] ability: Iron Barbs|[of] p2a: Ferrothorn
|faint|p2a: Ferrothorn
|-hitcount|p2: Ferrothorn|2
|
|upkeep
|
|t:|1661699275
|switch|p2a: Crawdaunt|Crawdaunt, F|100/100
|turn|21
|
|t:|1661699277
|switch|p1a: Tangrowth|Tangrowth, F|100/100
|-damage|p1a: Tangrowth|88/100|[from] Spikes
|-damage|p1a: Tangrowth|76/100|[from] Stealth Rock
|move|p2a: Crawdaunt|Knock Off|p1a: Tangrowth
|-damage|p1a: Tangrowth|40/100
|
|upkeep
|turn|22
|
|t:|1661699281
|switch|p2a: Heatran|Heatran, F|47/100
|move|p1a: Tangrowth|Giga Drain|p2a: Heatran
|-resisted|p2a: Heatran
|-damage|p2a: Heatran|42/100
|-heal|p1a: Tangrowth|42/100|[from] drain|[of] p2a: Heatran
|
|-heal|p2a: Heatran|48/100|[from] item: Leftovers
|upkeep
|turn|23
|
|t:|1661699286
|switch|p1a: rotomwash|Rotom-Wash|57/100 tox
|-damage|p1a: rotomwash|44/100 tox|[from] Stealth Rock
|move|p2a: Heatran|Magma Storm|p1a: rotomwash
|-resisted|p1a: rotomwash
|-damage|p1a: rotomwash|23/100 tox
|-activate|p1a: rotomwash|move: Magma Storm|[of] p2a: Heatran
|
|-heal|p1a: rotomwash|29/100 tox|[from] item: Leftovers
|-heal|p2a: Heatran|54/100|[from] item: Leftovers
|-damage|p1a: rotomwash|23/100 tox|[from] psn
|-damage|p1a: rotomwash|11/100 tox|[from] move: Magma Storm|[partiallytrapped]
|upkeep
|turn|24
|
|t:|1661699307
|switch|p2a: Landorus|Landorus-Therian, M|100/100
|-ability|p2a: Landorus|Intimidate|boost
|-unboost|p1a: rotomwash|atk|1
|move|p1a: rotomwash|Pain Split|p2a: Landorus
|-sethp|p2a: Landorus|54/100|[from] move: Pain Split|[silent]
|-sethp|p1a: rotomwash|68/100 tox|[from] move: Pain Split
|
|-heal|p1a: rotomwash|75/100 tox|[from] item: Leftovers
|-heal|p2a: Landorus|60/100|[from] item: Leftovers
|-damage|p1a: rotomwash|62/100 tox|[from] psn
|-end|p1a: rotomwash|Magma Storm|[partiallytrapped]|[silent]
|upkeep
|turn|25
|
|t:|1661699313
|move|p1a: rotomwash|Hydro Pump|p2a: Landorus|[miss]
|-miss|p1a: rotomwash|p2a: Landorus
|move|p2a: Landorus|U-turn|p1a: rotomwash
|-damage|p1a: rotomwash|39/100 tox
|
|t:|1661699316
|switch|p2a: Zeraora|Zeraora|100/100|[from]move: U-turn
|
|-heal|p1a: rotomwash|45/100 tox|[from] item: Leftovers
|-damage|p1a: rotomwash|26/100 tox|[from] psn
|upkeep
|turn|26
|
|t:|1661699320
|move|p2a: Zeraora|Plasma Fists|p1a: rotomwash
|-damage|p1a: rotomwash|0 fnt
|-fieldactivate|move: Ion Deluge
|-hint|Normal-type moves become Electric-type after using Plasma Fists.
|faint|p1a: rotomwash
|
|upkeep
|
|t:|1661699320
|switch|p1a: Heatran|Heatran, M|100/100
|-damage|p1a: Heatran|88/100|[from] Stealth Rock
|-item|p1a: Heatran|Air Balloon
|turn|27
|
|t:|1661699332
|switch|p2a: Landorus|Landorus-Therian, M|60/100
|-ability|p2a: Landorus|Intimidate|boost
|-unboost|p1a: Heatran|atk|1
|move|p1a: Heatran|Earth Power|p2a: Landorus
|-immune|p2a: Landorus
|
|-heal|p2a: Landorus|66/100|[from] item: Leftovers
|upkeep
|turn|28
|
|t:|1661699338
|move|p1a: Heatran|Eruption|p2a: Landorus
|-damage|p2a: Landorus|18/100
|move|p2a: Landorus|U-turn|p1a: Heatran
|-resisted|p1a: Heatran
|-damage|p1a: Heatran|83/100
|-enditem|p1a: Heatran|Air Balloon
|
|t:|1661699341
|switch|p2a: Crawdaunt|Crawdaunt, F|100/100|[from]move: U-turn
|
|upkeep
|turn|29
|
|t:|1661699344
|switch|p1a: landorustherian|Landorus-Therian, M|13/100
|-damage|p1a: landorustherian|1/100|[from] Stealth Rock
|-ability|p1a: landorustherian|Intimidate|boost
|-unboost|p2a: Crawdaunt|atk|1
|move|p2a: Crawdaunt|Knock Off|p1a: landorustherian
|-damage|p1a: landorustherian|0 fnt
|faint|p1a: landorustherian
|
|upkeep
|
|t:|1661699345
|switch|p1a: Tangrowth|Tangrowth, F|75/100
|-damage|p1a: Tangrowth|63/100|[from] Spikes
|-damage|p1a: Tangrowth|50/100|[from] Stealth Rock
|turn|30
|
|t:|1661699349
|switch|p2a: Landorus|Landorus-Therian, M|18/100
|-ability|p2a: Landorus|Intimidate|boost
|-unboost|p1a: Tangrowth|atk|1
|move|p1a: Tangrowth|Sleep Powder|p2a: Landorus
|-status|p2a: Landorus|slp|[from] move: Sleep Powder
|
|-heal|p2a: Landorus|24/100 slp|[from] item: Leftovers
|upkeep
|turn|31
|
|t:|1661699352
|switch|p2a: Heatran|Heatran, F|54/100
|switch|p1a: Heatran|Heatran, M|83/100
|-damage|p1a: Heatran|70/100|[from] Spikes
|-damage|p1a: Heatran|58/100|[from] Stealth Rock
|
|-heal|p2a: Heatran|61/100|[from] item: Leftovers
|upkeep
|turn|32
|
|t:|1661699358
|switch|p2a: Landorus|Landorus-Therian, M|24/100 slp
|-ability|p2a: Landorus|Intimidate|boost
|-unboost|p1a: Heatran|atk|1
|move|p1a: Heatran|Earth Power|p2a: Landorus
|-immune|p2a: Landorus
|
|-heal|p2a: Landorus|30/100 slp|[from] item: Leftovers
|upkeep
|turn|33
|
|t:|1661699362
|move|p1a: Heatran|Stealth Rock|p2a: Landorus
|-sidestart|p2: Raph369|move: Stealth Rock
|cant|p2a: Landorus|slp
|
|-heal|p2a: Landorus|36/100 slp|[from] item: Leftovers
|upkeep
|turn|34
|
|t:|1661699363
|move|p1a: Heatran|Magma Storm|p2a: Landorus
|-damage|p2a: Landorus|0 fnt
|faint|p2a: Landorus
|
|upkeep
|
|t:|1661699369
|switch|p2a: Crawdaunt|Crawdaunt, F|100/100
|-damage|p2a: Crawdaunt|88/100|[from] Stealth Rock
|turn|35
|
|t:|1661699371
|switch|p1a: Melmetal|Melmetal|44/100
|-damage|p1a: Melmetal|32/100|[from] Spikes
|-damage|p1a: Melmetal|26/100|[from] Stealth Rock
|move|p2a: Crawdaunt|Knock Off|p1a: Melmetal
|-damage|p1a: Melmetal|0 fnt
|-enditem|p1a: Melmetal|Assault Vest|[from] move: Knock Off|[of] p2a: Crawdaunt
|faint|p1a: Melmetal
|
|upkeep
|
|t:|1661699371
|switch|p1a: Tangrowth|Tangrowth, F|83/100
|-damage|p1a: Tangrowth|71/100|[from] Spikes
|-damage|p1a: Tangrowth|59/100|[from] Stealth Rock
|turn|36
|
|t:|1661699384
|move|p2a: Crawdaunt|Knock Off|p1a: Tangrowth
|-damage|p1a: Tangrowth|23/100
|move|p1a: Tangrowth|Focus Blast|p2a: Crawdaunt
|-supereffective|p2a: Crawdaunt
|-damage|p2a: Crawdaunt|0 fnt
|faint|p2a: Crawdaunt
|
|upkeep
|
|t:|1661699392
|switch|p2a: Heatran|Heatran, F|61/100
|-damage|p2a: Heatran|48/100|[from] Stealth Rock
|turn|37
|
|t:|1661699394
|move|p2a: Heatran|Earth Power|p1a: Tangrowth
|-resisted|p1a: Tangrowth
|-damage|p1a: Tangrowth|3/100
|move|p1a: Tangrowth|Knock Off|p2a: Heatran
|-damage|p2a: Heatran|30/100
|-enditem|p2a: Heatran|Leftovers|[from] move: Knock Off|[of] p1a: Tangrowth
|
|upkeep
|turn|38
|
|t:|1661699396
|move|p2a: Heatran|Earth Power|p1a: Tangrowth
|-resisted|p1a: Tangrowth
|-damage|p1a: Tangrowth|0 fnt
|faint|p1a: Tangrowth
|
|upkeep
|
|t:|1661699396
|switch|p1a: Heatran|Heatran, M|58/100
|-damage|p1a: Heatran|46/100|[from] Spikes
|-damage|p1a: Heatran|33/100|[from] Stealth Rock
|turn|39
|
|t:|1661699399
|move|p1a: Heatran|Earth Power|p2a: Heatran
|-supereffective|p2a: Heatran
|-crit|p2a: Heatran
|-damage|p2a: Heatran|0 fnt
|faint|p2a: Heatran
|
|upkeep
|
|t:|1661699400
|switch|p2a: Zeraora|Zeraora|100/100
|turn|40
|
|t:|1661699401
|move|p2a: Zeraora|Close Combat|p1a: Heatran
|-supereffective|p1a: Heatran
|-damage|p1a: Heatran|0 fnt
|-unboost|p2a: Zeraora|def|1
|-unboost|p2a: Zeraora|spd|1
|faint|p1a: Heatran
|
|upkeep
|
|t:|1661699401
|switch|p1a: Weavile|Weavile, F|100/100
|-damage|p1a: Weavile|88/100|[from] Spikes
|-damage|p1a: Weavile|63/100|[from] Stealth Rock
|-ability|p1a: Weavile|Pressure
|turn|41
|
|t:|1661699403
|move|p1a: Weavile|Ice Shard|p2a: Zeraora
|-damage|p2a: Zeraora|44/100
|move|p2a: Zeraora|Close Combat|p1a: Weavile
|-supereffective|p1a: Weavile
|-damage|p1a: Weavile|0 fnt
|-unboost|p2a: Zeraora|def|1
|-unboost|p2a: Zeraora|spd|1
|faint|p1a: Weavile
|
|win|Raph369
|raw|minimax_ai's rating: 1548 &rarr; <strong>1534</strong><br />(-14 for losing)
|raw|Raph369's rating: 1656 &rarr; <strong>1670</strong><br />(+14 for winning)
|c|☆minimax_ai|gg
|c|☆Raph369|gg
||Ladder isn't responding, score probably updated but might not have (Request timeout).
