|j|☆Tirkys
|j|☆senju succ
|t:|1634699669
|gametype|singles
|player|p1|Tirkys|hilda|1431
|player|p2|senju succ|pokemonrangerf|1465
|teamsize|p1|6
|teamsize|p2|6
|gen|8
|tier|[Gen 8] OU
|rated|
|rule|Sleep Clause Mod: Limit one foe put to sleep
|rule|Species Clause: Limit one of each Pokémon
|rule|OHKO Clause: OHKO moves are banned
|rule|Evasion Moves Clause: Evasion moves are banned
|rule|Endless Battle Clause: Forcing endless battles is banned
|rule|HP Percentage Mod: HP is shown in percentages
|rule|Dynamax Clause: You cannot dynamax
|clearpoke
|poke|p1|Volcarona, F|
|poke|p1|Quagsire, F|
|poke|p1|Xatu, F|
|poke|p1|Mantine, F|
|poke|p1|Bronzong|
|poke|p1|Ninetales-Alola, F|
|poke|p2|Blacephalon|
|poke|p2|Torkoal, M|
|poke|p2|Volcanion|
|poke|p2|Zapdos-Galar|
|poke|p2|Blaziken, F|
|poke|p2|Rhyperior, F|
|teampreview
|inactive|Battle timer is ON: inactive players will automatically lose when time's up. (requested by senju succ)
|
|t:|1634699674
|start
|switch|p1a: Metallica|Bronzong|100/100
|switch|p2a: Torkoal|Torkoal, M, shiny|100/100
|-weather|SunnyDay|[from] ability: Drought|[of] p2a: Torkoal
|turn|1
|
|t:|1634699679
|switch|p1a: ManInTheMirror|Xatu, F|100/100
|move|p2a: Torkoal|Lava Plume|p1a: ManInTheMirror
|-damage|p1a: ManInTheMirror|62/100
|
|-weather|SunnyDay|[upkeep]
|upkeep
|turn|2
|
|t:|1634699686
|move|p1a: ManInTheMirror|Roost|p1a: ManInTheMirror
|-heal|p1a: ManInTheMirror|100/100
|-singleturn|p1a: ManInTheMirror|move: Roost
|move|p2a: Torkoal|Lava Plume|p1a: ManInTheMirror
|-damage|p1a: ManInTheMirror|67/100
|-status|p1a: ManInTheMirror|brn
|
|-weather|SunnyDay|[upkeep]
|-damage|p1a: ManInTheMirror|61/100 brn|[from] brn
|upkeep
|turn|3
|
|t:|1634699692
|switch|p1a: CatchTheRainbow|Mantine, F|100/100
|move|p2a: Torkoal|Lava Plume|p1a: CatchTheRainbow
|-resisted|p1a: CatchTheRainbow
|-damage|p1a: CatchTheRainbow|91/100
|
|-weather|SunnyDay|[upkeep]
|-heal|p1a: CatchTheRainbow|97/100|[from] item: Leftovers
|upkeep
|turn|4
|
|t:|1634699699
|move|p1a: CatchTheRainbow|Toxic|p2a: Torkoal
|-status|p2a: Torkoal|tox
|move|p2a: Torkoal|Lava Plume|p1a: CatchTheRainbow
|-resisted|p1a: CatchTheRainbow
|-damage|p1a: CatchTheRainbow|87/100
|
|-weather|SunnyDay|[upkeep]
|-heal|p1a: CatchTheRainbow|93/100|[from] item: Leftovers
|-damage|p2a: Torkoal|94/100 tox|[from] psn
|upkeep
|turn|5
|
|t:|1634699706
|switch|p2a: Rhyperior|Rhyperior, F, shiny|100/100
|move|p1a: CatchTheRainbow|Toxic|p2a: Rhyperior|[miss]
|-miss|p1a: CatchTheRainbow|p2a: Rhyperior
|
|-weather|SunnyDay|[upkeep]
|-heal|p1a: CatchTheRainbow|99/100|[from] item: Leftovers
|upkeep
|turn|6
|
|t:|1634699712
|switch|p1a: StarPlatinum|Quagsire, F, shiny|100/100
|move|p2a: Rhyperior|Stone Edge|p1a: StarPlatinum
|-resisted|p1a: StarPlatinum
|-damage|p1a: StarPlatinum|69/100
|
|-weather|SunnyDay|[upkeep]
|-heal|p1a: StarPlatinum|75/100|[from] item: Leftovers
|upkeep
|turn|7
|
|t:|1634699718
|switch|p2a: Torkoal|Torkoal, M, shiny|94/100 tox
|move|p1a: StarPlatinum|Recover|p1a: StarPlatinum
|-heal|p1a: StarPlatinum|100/100
|
|-weather|SunnyDay|[upkeep]
|-damage|p2a: Torkoal|88/100 tox|[from] psn
|upkeep
|turn|8
|
|t:|1634699724
|switch|p1a: CatchTheRainbow|Mantine, F|99/100
|switch|p2a: Rhyperior|Rhyperior, F, shiny|100/100
|
|-weather|none
|-heal|p1a: CatchTheRainbow|100/100|[from] item: Leftovers
|upkeep
|turn|9
|
|t:|1634699728
|switch|p1a: StarPlatinum|Quagsire, F, shiny|100/100
|move|p2a: Rhyperior|Stone Edge|p1a: StarPlatinum
|-resisted|p1a: StarPlatinum
|-damage|p1a: StarPlatinum|72/100
|
|-heal|p1a: StarPlatinum|78/100|[from] item: Leftovers
|upkeep
|turn|10
|
|t:|1634699735
|switch|p2a: Torkoal|Torkoal, M, shiny|88/100 tox
|-weather|SunnyDay|[from] ability: Drought|[of] p2a: Torkoal
|move|p1a: StarPlatinum|Scald|p2a: Torkoal
|-supereffective|p2a: Torkoal
|-damage|p2a: Torkoal|62/100 tox
|
|-weather|SunnyDay|[upkeep]
|-heal|p1a: StarPlatinum|84/100|[from] item: Leftovers
|-damage|p2a: Torkoal|56/100 tox|[from] psn
|upkeep
|turn|11
|
|t:|1634699738
|switch|p1a: CatchTheRainbow|Mantine, F|100/100
|switch|p2a: Rhyperior|Rhyperior, F, shiny|100/100
|
|-weather|SunnyDay|[upkeep]
|upkeep
|turn|12
|
|t:|1634699748
|switch|p2a: Zapdos|Zapdos-Galar|100/100
|move|p1a: CatchTheRainbow|Toxic|p2a: Zapdos
|-status|p2a: Zapdos|tox
|
|-weather|SunnyDay|[upkeep]
|-damage|p2a: Zapdos|94/100 tox|[from] psn
|upkeep
|turn|13
|
|t:|1634699752
|switch|p1a: ManInTheMirror|Xatu, F|61/100 brn
|move|p2a: Zapdos|Brave Bird|p1a: ManInTheMirror
|-damage|p1a: ManInTheMirror|0 fnt
|-damage|p2a: Zapdos|78/100 tox|[from] item: Rocky Helmet|[of] p1a: ManInTheMirror
|faint|p1a: ManInTheMirror
|-damage|p2a: Zapdos|57/100 tox|[from] Recoil
|
|-weather|SunnyDay|[upkeep]
|-damage|p2a: Zapdos|44/100 tox|[from] psn
|upkeep
|
|t:|1634699754
|switch|p1a: WhiteAlbum|Ninetales-Alola, F|100/100
|-weather|Hail|[from] ability: Snow Warning|[of] p1a: WhiteAlbum
|turn|14
|
|t:|1634699759
|switch|p2a: Torkoal|Torkoal, M, shiny|56/100 tox
|-weather|SunnyDay|[from] ability: Drought|[of] p2a: Torkoal
|move|p1a: WhiteAlbum|Blizzard|p2a: Torkoal
|-resisted|p2a: Torkoal
|-damage|p2a: Torkoal|30/100 tox
|
|-weather|SunnyDay|[upkeep]
|-damage|p2a: Torkoal|24/100 tox|[from] psn
|upkeep
|turn|15
|
|t:|1634699766
|switch|p1a: CatchTheRainbow|Mantine, F|100/100
|switch|p2a: Zapdos|Zapdos-Galar|44/100 tox
|
|-weather|SunnyDay|[upkeep]
|-damage|p2a: Zapdos|38/100 tox|[from] psn
|upkeep
|turn|16
|
|t:|1634699771
|switch|p1a: Magician'sRed|Volcarona, F|100/100
|move|p2a: Zapdos|Brave Bird|p1a: Magician'sRed
|-supereffective|p1a: Magician'sRed
|-damage|p1a: Magician'sRed|0 fnt
|faint|p1a: Magician'sRed
|-damage|p2a: Zapdos|0 fnt|[from] Recoil
|faint|p2a: Zapdos
|
|-weather|SunnyDay|[upkeep]
|upkeep
|
|t:|1634699777
|switch|p2a: Blacephalon|Blacephalon, shiny|100/100
|switch|p1a: WhiteAlbum|Ninetales-Alola, F|100/100
|-weather|Hail|[from] ability: Snow Warning|[of] p1a: WhiteAlbum
|turn|17
|
|t:|1634699781
|switch|p1a: Metallica|Bronzong|100/100
|move|p2a: Blacephalon|Mind Blown|p1a: Metallica
|-supereffective|p1a: Metallica
|-damage|p1a: Metallica|0 fnt
|-damage|p2a: Blacephalon|50/100|[from] mindblown
|faint|p1a: Metallica
|-ability|p2a: Blacephalon|Beast Boost|boost
|-boost|p2a: Blacephalon|spa|1
|
|-weather|Hail|[upkeep]
|-damage|p2a: Blacephalon|44/100|[from] Hail
|upkeep
|
|t:|1634699784
|switch|p1a: WhiteAlbum|Ninetales-Alola, F|100/100
|turn|18
|
|t:|1634699788
|move|p1a: WhiteAlbum|Dark Pulse|p2a: Blacephalon
|-supereffective|p2a: Blacephalon
|-damage|p2a: Blacephalon|0 fnt
|faint|p2a: Blacephalon
|
|-weather|Hail|[upkeep]
|upkeep
|
|t:|1634699804
|switch|p2a: Torkoal|Torkoal, M, shiny|24/100 tox
|-weather|SunnyDay|[from] ability: Drought|[of] p2a: Torkoal
|turn|19
|
|t:|1634699808
|switch|p1a: CatchTheRainbow|Mantine, F|100/100
|move|p2a: Torkoal|Stealth Rock|p1a: CatchTheRainbow
|-sidestart|p1: Tirkys|move: Stealth Rock
|
|-weather|SunnyDay|[upkeep]
|-damage|p2a: Torkoal|18/100 tox|[from] psn
|upkeep
|turn|20
|
|t:|1634699812
|move|p1a: CatchTheRainbow|Defog|p2a: Torkoal
|-unboost|p2a: Torkoal|evasion|1
|-sideend|p1: Tirkys|Stealth Rock|[from] move: Defog|[of] p1a: CatchTheRainbow
|move|p2a: Torkoal|Yawn|p1a: CatchTheRainbow
|-start|p1a: CatchTheRainbow|move: Yawn|[of] p2a: Torkoal
|
|-weather|SunnyDay|[upkeep]
|-damage|p2a: Torkoal|5/100 tox|[from] psn
|upkeep
|turn|21
|
|t:|1634699824
|switch|p1a: WhiteAlbum|Ninetales-Alola, F|100/100
|-weather|Hail|[from] ability: Snow Warning|[of] p1a: WhiteAlbum
|move|p2a: Torkoal|Stealth Rock|p1a: WhiteAlbum
|-sidestart|p1: Tirkys|move: Stealth Rock
|
|-weather|Hail|[upkeep]
|-damage|p2a: Torkoal|0 fnt|[from] Hail
|faint|p2a: Torkoal
|upkeep
|
|t:|1634699835
|switch|p2a: Volcanion|Volcanion|100/100
|turn|22
|
|t:|1634699842
|switch|p1a: CatchTheRainbow|Mantine, F|100/100
|-damage|p1a: CatchTheRainbow|76/100|[from] Stealth Rock
|move|p2a: Volcanion|Fire Blast|p1a: CatchTheRainbow
|-resisted|p1a: CatchTheRainbow
|-damage|p1a: CatchTheRainbow|56/100
|-status|p1a: CatchTheRainbow|brn
|
|-weather|Hail|[upkeep]
|-damage|p2a: Volcanion|95/100|[from] Hail
|-damage|p1a: CatchTheRainbow|50/100 brn|[from] Hail
|-heal|p1a: CatchTheRainbow|56/100 brn|[from] item: Leftovers
|-damage|p1a: CatchTheRainbow|50/100 brn|[from] brn
|upkeep
|turn|23
|
|t:|1634699856
|move|p2a: Volcanion|Sludge Wave|p1a: CatchTheRainbow
|-damage|p1a: CatchTheRainbow|28/100 brn
|move|p1a: CatchTheRainbow|Defog|p2a: Volcanion
|-unboost|p2a: Volcanion|evasion|1
|-sideend|p1: Tirkys|Stealth Rock|[from] move: Defog|[of] p1a: CatchTheRainbow
|
|-weather|Hail|[upkeep]
|-damage|p2a: Volcanion|89/100|[from] Hail
|-damage|p1a: CatchTheRainbow|22/100 brn|[from] Hail
|-heal|p1a: CatchTheRainbow|28/100 brn|[from] item: Leftovers
|-damage|p1a: CatchTheRainbow|22/100 brn|[from] brn
|upkeep
|turn|24
|
|t:|1634699863
|switch|p2a: Rhyperior|Rhyperior, F, shiny|100/100
|move|p1a: CatchTheRainbow|Roost|p1a: CatchTheRainbow
|-heal|p1a: CatchTheRainbow|72/100 brn
|-singleturn|p1a: CatchTheRainbow|move: Roost
|
|-weather|Hail|[upkeep]
|-damage|p1a: CatchTheRainbow|66/100 brn|[from] Hail
|-damage|p2a: Rhyperior|94/100|[from] Hail
|-heal|p1a: CatchTheRainbow|72/100 brn|[from] item: Leftovers
|-damage|p1a: CatchTheRainbow|66/100 brn|[from] brn
|upkeep
|turn|25
|
|t:|1634699869
|switch|p1a: StarPlatinum|Quagsire, F, shiny|84/100
|move|p2a: Rhyperior|Earthquake|p1a: StarPlatinum
|-damage|p1a: StarPlatinum|19/100
|
|-weather|none
|-heal|p1a: StarPlatinum|25/100|[from] item: Leftovers
|upkeep
|turn|26
|
|t:|1634699875
|switch|p2a: Volcanion|Volcanion|89/100
|move|p1a: StarPlatinum|Recover|p1a: StarPlatinum
|-heal|p1a: StarPlatinum|75/100
|
|-heal|p1a: StarPlatinum|81/100|[from] item: Leftovers
|upkeep
|turn|27
|
|t:|1634699881
|switch|p1a: CatchTheRainbow|Mantine, F|66/100 brn
|move|p2a: Volcanion|Sludge Wave|p1a: CatchTheRainbow
|-damage|p1a: CatchTheRainbow|46/100 brn
|
|-heal|p1a: CatchTheRainbow|52/100 brn|[from] item: Leftovers
|-damage|p1a: CatchTheRainbow|46/100 brn|[from] brn
|upkeep
|turn|28
|
|t:|1634699885
|switch|p2a: Rhyperior|Rhyperior, F, shiny|94/100
|move|p1a: CatchTheRainbow|Roost|p1a: CatchTheRainbow
|-heal|p1a: CatchTheRainbow|96/100 brn
|-singleturn|p1a: CatchTheRainbow|move: Roost
|
|-heal|p1a: CatchTheRainbow|100/100 brn|[from] item: Leftovers
|-damage|p1a: CatchTheRainbow|94/100 brn|[from] brn
|upkeep
|turn|29
|
|t:|1634699890
|move|p1a: CatchTheRainbow|Toxic|p2a: Rhyperior
|-status|p2a: Rhyperior|tox
|move|p2a: Rhyperior|Earthquake|p1a: CatchTheRainbow
|-immune|p1a: CatchTheRainbow
|
|-heal|p1a: CatchTheRainbow|100/100 brn|[from] item: Leftovers
|-damage|p2a: Rhyperior|88/100 tox|[from] psn
|-damage|p1a: CatchTheRainbow|94/100 brn|[from] brn
|upkeep
|turn|30
|
|t:|1634699895
|switch|p1a: StarPlatinum|Quagsire, F, shiny|81/100
|switch|p2a: Blaziken|Blaziken, F|100/100
|
|-heal|p1a: StarPlatinum|87/100|[from] item: Leftovers
|upkeep
|turn|31
|
|t:|1634699904
|switch|p2a: Volcanion|Volcanion|89/100
|move|p1a: StarPlatinum|Stockpile|p1a: StarPlatinum
|-start|p1a: StarPlatinum|stockpile1
|-boost|p1a: StarPlatinum|def|1
|-boost|p1a: StarPlatinum|spd|1
|
|-heal|p1a: StarPlatinum|93/100|[from] item: Leftovers
|upkeep
|turn|32
|
|t:|1634699909
|switch|p1a: CatchTheRainbow|Mantine, F|94/100 brn
|move|p2a: Volcanion|Steam Eruption|p1a: CatchTheRainbow
|-heal|p1a: CatchTheRainbow|100/100 brn|[from] ability: Water Absorb|[of] p2a: Volcanion
|
|-damage|p1a: CatchTheRainbow|94/100 brn|[from] brn
|upkeep
|turn|33
|
|t:|1634699913
|switch|p2a: Rhyperior|Rhyperior, F, shiny|88/100 tox
|move|p1a: CatchTheRainbow|Toxic|p2a: Rhyperior|[miss]
|-miss|p1a: CatchTheRainbow|p2a: Rhyperior
|
|-heal|p1a: CatchTheRainbow|100/100 brn|[from] item: Leftovers
|-damage|p2a: Rhyperior|82/100 tox|[from] psn
|-damage|p1a: CatchTheRainbow|94/100 brn|[from] brn
|upkeep
|turn|34
|
|t:|1634699918
|move|p1a: CatchTheRainbow|Roost|p1a: CatchTheRainbow
|-heal|p1a: CatchTheRainbow|100/100 brn
|-singleturn|p1a: CatchTheRainbow|move: Roost
|move|p2a: Rhyperior|Stone Edge|p1a: CatchTheRainbow|[miss]
|-miss|p2a: Rhyperior|p1a: CatchTheRainbow
|
|-damage|p2a: Rhyperior|69/100 tox|[from] psn
|-damage|p1a: CatchTheRainbow|94/100 brn|[from] brn
|upkeep
|turn|35
|
|t:|1634699924
|move|p1a: CatchTheRainbow|Toxic|p2a: Rhyperior
|-fail|p2a: Rhyperior|tox
|move|p2a: Rhyperior|Stone Edge|p1a: CatchTheRainbow
|-supereffective|p1a: CatchTheRainbow
|-crit|p1a: CatchTheRainbow
|-damage|p1a: CatchTheRainbow|0 fnt
|faint|p1a: CatchTheRainbow
|
|-damage|p2a: Rhyperior|51/100 tox|[from] psn
|upkeep
|
|t:|1634699925
|switch|p1a: WhiteAlbum|Ninetales-Alola, F|100/100
|-weather|Hail|[from] ability: Snow Warning|[of] p1a: WhiteAlbum
|turn|36
|
|t:|1634699929
|move|p1a: WhiteAlbum|Blizzard|p2a: Rhyperior
|-supereffective|p2a: Rhyperior
|-damage|p2a: Rhyperior|0 fnt
|faint|p2a: Rhyperior
|
|-weather|Hail|[upkeep]
|upkeep
|
|t:|1634699933
|switch|p2a: Blaziken|Blaziken, F|100/100
|turn|37
|
|t:|1634699947
|move|p1a: WhiteAlbum|Blizzard|p2a: Blaziken
|-resisted|p2a: Blaziken
|-damage|p2a: Blaziken|67/100
|move|p2a: Blaziken|Swords Dance|p2a: Blaziken
|-boost|p2a: Blaziken|atk|2
|
|-weather|Hail|[upkeep]
|-damage|p2a: Blaziken|61/100|[from] Hail
|-ability|p2a: Blaziken|Speed Boost|boost
|-boost|p2a: Blaziken|spe|1
|upkeep
|turn|38
|
|t:|1634699954
|move|p2a: Blaziken|Protect|p2a: Blaziken
|-singleturn|p2a: Blaziken|Protect
|move|p1a: WhiteAlbum|Blizzard|p2a: Blaziken
|-activate|p2a: Blaziken|move: Protect
|
|-weather|Hail|[upkeep]
|-damage|p2a: Blaziken|55/100|[from] Hail
|-ability|p2a: Blaziken|Speed Boost|boost
|-boost|p2a: Blaziken|spe|1
|upkeep
|turn|39
|
|t:|1634699958
|move|p2a: Blaziken|Flare Blitz|p1a: WhiteAlbum
|-supereffective|p1a: WhiteAlbum
|-damage|p1a: WhiteAlbum|0 fnt
|faint|p1a: WhiteAlbum
|-damage|p2a: Blaziken|23/100|[from] Recoil
|
|-weather|Hail|[upkeep]
|-damage|p2a: Blaziken|17/100|[from] Hail
|-ability|p2a: Blaziken|Speed Boost|boost
|-boost|p2a: Blaziken|spe|1
|upkeep
|
|t:|1634699960
|switch|p1a: StarPlatinum|Quagsire, F, shiny|93/100
|turn|40
|
|t:|1634699964
|move|p2a: Blaziken|Earthquake|p1a: StarPlatinum
|-damage|p1a: StarPlatinum|70/100
|move|p1a: StarPlatinum|Stockpile|p1a: StarPlatinum
|-start|p1a: StarPlatinum|stockpile1
|-boost|p1a: StarPlatinum|def|1
|-boost|p1a: StarPlatinum|spd|1
|
|-weather|none
|-heal|p1a: StarPlatinum|76/100|[from] item: Leftovers
|-ability|p2a: Blaziken|Speed Boost|boost
|-boost|p2a: Blaziken|spe|1
|upkeep
|turn|41
|
|t:|1634699970
|move|p2a: Blaziken|Flare Blitz|p1a: StarPlatinum
|-resisted|p1a: StarPlatinum
|-damage|p1a: StarPlatinum|59/100
|-damage|p2a: Blaziken|9/100|[from] Recoil
|move|p1a: StarPlatinum|Stockpile|p1a: StarPlatinum
|-start|p1a: StarPlatinum|stockpile2
|-boost|p1a: StarPlatinum|def|1
|-boost|p1a: StarPlatinum|spd|1
|
|-heal|p1a: StarPlatinum|65/100|[from] item: Leftovers
|-ability|p2a: Blaziken|Speed Boost|boost
|-boost|p2a: Blaziken|spe|1
|upkeep
|turn|42
|
|t:|1634699973
|move|p2a: Blaziken|Flare Blitz|p1a: StarPlatinum
|-resisted|p1a: StarPlatinum
|-damage|p1a: StarPlatinum|53/100
|-damage|p2a: Blaziken|4/100|[from] Recoil
|move|p1a: StarPlatinum|Recover|p1a: StarPlatinum
|-heal|p1a: StarPlatinum|100/100
|
|-ability|p2a: Blaziken|Speed Boost|boost
|-boost|p2a: Blaziken|spe|1
|upkeep
|turn|43
|
|t:|1634699976
|move|p2a: Blaziken|Flare Blitz|p1a: StarPlatinum
|-resisted|p1a: StarPlatinum
|-damage|p1a: StarPlatinum|88/100
|-damage|p2a: Blaziken|0 fnt|[from] Recoil
|faint|p2a: Blaziken
|move|p1a: StarPlatinum|Stockpile|p1a: StarPlatinum
|-start|p1a: StarPlatinum|stockpile3
|-boost|p1a: StarPlatinum|def|1
|-boost|p1a: StarPlatinum|spd|1
|
|-heal|p1a: StarPlatinum|94/100|[from] item: Leftovers
|upkeep
|
|t:|1634699978
|switch|p2a: Volcanion|Volcanion|89/100
|turn|44
|
|t:|1634699983
|move|p2a: Volcanion|Steam Eruption|p1a: StarPlatinum
|-damage|p1a: StarPlatinum|63/100
|move|p1a: StarPlatinum|Scald|p2a: Volcanion
|-heal|p2a: Volcanion|100/100|[from] ability: Water Absorb|[of] p1a: StarPlatinum
|
|-heal|p1a: StarPlatinum|69/100|[from] item: Leftovers
|upkeep
|turn|45
|
|t:|1634699988
|move|p2a: Volcanion|Steam Eruption|p1a: StarPlatinum
|-damage|p1a: StarPlatinum|38/100
|move|p1a: StarPlatinum|Recover|p1a: StarPlatinum
|-heal|p1a: StarPlatinum|88/100
|
|-heal|p1a: StarPlatinum|94/100|[from] item: Leftovers
|upkeep
|turn|46
|
|t:|1634699992
|move|p2a: Volcanion|Sludge Wave|p1a: StarPlatinum
|-resisted|p1a: StarPlatinum
|-damage|p1a: StarPlatinum|86/100
|move|p1a: StarPlatinum|Scald|p2a: Volcanion
|-immune|p2a: Volcanion|[from] ability: Water Absorb
|
|-heal|p1a: StarPlatinum|92/100|[from] item: Leftovers
|upkeep
|turn|47
|
|t:|1634699995
|move|p2a: Volcanion|Sludge Wave|p1a: StarPlatinum
|-resisted|p1a: StarPlatinum
|-damage|p1a: StarPlatinum|83/100
|move|p1a: StarPlatinum|Scald|p2a: Volcanion
|-immune|p2a: Volcanion|[from] ability: Water Absorb
|
|-heal|p1a: StarPlatinum|89/100|[from] item: Leftovers
|upkeep
|turn|48
|
|t:|1634699997
|move|p2a: Volcanion|Sludge Wave|p1a: StarPlatinum
|-resisted|p1a: StarPlatinum
|-damage|p1a: StarPlatinum|79/100
|move|p1a: StarPlatinum|Scald|p2a: Volcanion
|-immune|p2a: Volcanion|[from] ability: Water Absorb
|
|-heal|p1a: StarPlatinum|86/100|[from] item: Leftovers
|upkeep
|turn|49
|
|t:|1634699999
|move|p2a: Volcanion|Sludge Wave|p1a: StarPlatinum
|-resisted|p1a: StarPlatinum
|-damage|p1a: StarPlatinum|76/100
|move|p1a: StarPlatinum|Scald|p2a: Volcanion
|-immune|p2a: Volcanion|[from] ability: Water Absorb
|
|-heal|p1a: StarPlatinum|82/100|[from] item: Leftovers
|upkeep
|turn|50
|
|t:|1634700001
|move|p2a: Volcanion|Sludge Wave|p1a: StarPlatinum
|-resisted|p1a: StarPlatinum
|-damage|p1a: StarPlatinum|74/100
|move|p1a: StarPlatinum|Scald|p2a: Volcanion
|-immune|p2a: Volcanion|[from] ability: Water Absorb
|
|-heal|p1a: StarPlatinum|80/100|[from] item: Leftovers
|upkeep
|turn|51
|
|t:|1634700007
|move|p2a: Volcanion|Sludge Wave|p1a: StarPlatinum
|-resisted|p1a: StarPlatinum
|-damage|p1a: StarPlatinum|72/100
|move|p1a: StarPlatinum|Scald|p2a: Volcanion
|-immune|p2a: Volcanion|[from] ability: Water Absorb
|
|-heal|p1a: StarPlatinum|78/100|[from] item: Leftovers
|upkeep
|turn|52
|
|t:|1634700009
|move|p2a: Volcanion|Earth Power|p1a: StarPlatinum
|-damage|p1a: StarPlatinum|60/100
|move|p1a: StarPlatinum|Scald|p2a: Volcanion
|-immune|p2a: Volcanion|[from] ability: Water Absorb
|
|-heal|p1a: StarPlatinum|66/100|[from] item: Leftovers
|upkeep
|turn|53
|
|t:|1634700011
|move|p2a: Volcanion|Earth Power|p1a: StarPlatinum
|-damage|p1a: StarPlatinum|50/100
|move|p1a: StarPlatinum|Recover|p1a: StarPlatinum
|-heal|p1a: StarPlatinum|100/100
|
|upkeep
|turn|54
|
|t:|1634700015
|move|p2a: Volcanion|Earth Power|p1a: StarPlatinum
|-damage|p1a: StarPlatinum|83/100
|-unboost|p1a: StarPlatinum|spd|1
|move|p1a: StarPlatinum|Scald|p2a: Volcanion
|-immune|p2a: Volcanion|[from] ability: Water Absorb
|
|-heal|p1a: StarPlatinum|89/100|[from] item: Leftovers
|upkeep
|turn|55
|
|t:|1634700018
|move|p2a: Volcanion|Earth Power|p1a: StarPlatinum
|-damage|p1a: StarPlatinum|67/100
|move|p1a: StarPlatinum|Recover|p1a: StarPlatinum
|-heal|p1a: StarPlatinum|100/100
|
|upkeep
|turn|56
|
|t:|1634700020
|move|p2a: Volcanion|Earth Power|p1a: StarPlatinum
|-damage|p1a: StarPlatinum|80/100
|move|p1a: StarPlatinum|Scald|p2a: Volcanion
|-immune|p2a: Volcanion|[from] ability: Water Absorb
|
|-heal|p1a: StarPlatinum|87/100|[from] item: Leftovers
|upkeep
|turn|57
|
|t:|1634700022
|move|p2a: Volcanion|Sludge Wave|p1a: StarPlatinum
|-resisted|p1a: StarPlatinum
|-damage|p1a: StarPlatinum|75/100
|move|p1a: StarPlatinum|Scald|p2a: Volcanion
|-immune|p2a: Volcanion|[from] ability: Water Absorb
|
|-heal|p1a: StarPlatinum|81/100|[from] item: Leftovers
|upkeep
|turn|58
|
|t:|1634700026
|move|p2a: Volcanion|Sludge Wave|p1a: StarPlatinum
|-resisted|p1a: StarPlatinum
|-damage|p1a: StarPlatinum|70/100
|move|p1a: StarPlatinum|Scald|p2a: Volcanion
|-immune|p2a: Volcanion|[from] ability: Water Absorb
|
|-heal|p1a: StarPlatinum|76/100|[from] item: Leftovers
|upkeep
|turn|59
|
|t:|1634700027
|move|p2a: Volcanion|Sludge Wave|p1a: StarPlatinum
|-resisted|p1a: StarPlatinum
|-damage|p1a: StarPlatinum|65/100
|move|p1a: StarPlatinum|Recover|p1a: StarPlatinum
|-heal|p1a: StarPlatinum|100/100
|
|upkeep
|turn|60
|
|t:|1634700029
|move|p2a: Volcanion|Sludge Wave|p1a: StarPlatinum
|-resisted|p1a: StarPlatinum
|-damage|p1a: StarPlatinum|88/100
|move|p1a: StarPlatinum|Scald|p2a: Volcanion
|-immune|p2a: Volcanion|[from] ability: Water Absorb
|
|-heal|p1a: StarPlatinum|94/100|[from] item: Leftovers
|upkeep
|turn|61
|
|t:|1634700031
|move|p2a: Volcanion|Sludge Wave|p1a: StarPlatinum
|-resisted|p1a: StarPlatinum
|-damage|p1a: StarPlatinum|84/100
|-status|p1a: StarPlatinum|psn
|move|p1a: StarPlatinum|Scald|p2a: Volcanion
|-immune|p2a: Volcanion|[from] ability: Water Absorb
|
|-heal|p1a: StarPlatinum|90/100 psn|[from] item: Leftovers
|-damage|p1a: StarPlatinum|78/100 psn|[from] psn
|upkeep
|turn|62
|
|t:|1634700033
|move|p2a: Volcanion|Earth Power|p1a: StarPlatinum
|-damage|p1a: StarPlatinum|55/100 psn
|move|p1a: StarPlatinum|Recover|p1a: StarPlatinum
|-heal|p1a: StarPlatinum|100/100 psn
|
|-damage|p1a: StarPlatinum|88/100 psn|[from] psn
|upkeep
|turn|63
|
|t:|1634700036
|move|p2a: Volcanion|Earth Power|p1a: StarPlatinum
|-damage|p1a: StarPlatinum|66/100 psn
|-unboost|p1a: StarPlatinum|spd|1
|move|p1a: StarPlatinum|Recover|p1a: StarPlatinum
|-heal|p1a: StarPlatinum|100/100 psn
|
|-damage|p1a: StarPlatinum|88/100 psn|[from] psn
|upkeep
|turn|64
|
|t:|1634700040
|move|p2a: Volcanion|Steam Eruption|p1a: StarPlatinum
|-damage|p1a: StarPlatinum|39/100 psn
|move|p1a: StarPlatinum|Recover|p1a: StarPlatinum
|-heal|p1a: StarPlatinum|89/100 psn
|
|-heal|p1a: StarPlatinum|95/100 psn|[from] item: Leftovers
|-damage|p1a: StarPlatinum|83/100 psn|[from] psn
|upkeep
|turn|65
|
|t:|1634700045
|move|p2a: Volcanion|Steam Eruption|p1a: StarPlatinum
|-damage|p1a: StarPlatinum|32/100 psn
|move|p1a: StarPlatinum|Recover|p1a: StarPlatinum
|-heal|p1a: StarPlatinum|82/100 psn
|
|-heal|p1a: StarPlatinum|89/100 psn|[from] item: Leftovers
|-damage|p1a: StarPlatinum|76/100 psn|[from] psn
|upkeep
|turn|66
|
|t:|1634700049
|move|p2a: Volcanion|Steam Eruption|p1a: StarPlatinum
|-damage|p1a: StarPlatinum|23/100 psn
|move|p1a: StarPlatinum|Recover|p1a: StarPlatinum
|-heal|p1a: StarPlatinum|73/100 psn
|
|-heal|p1a: StarPlatinum|79/100 psn|[from] item: Leftovers
|-damage|p1a: StarPlatinum|66/100 psn|[from] psn
|upkeep
|turn|67
|
|t:|1634700056
|move|p2a: Volcanion|Steam Eruption|p1a: StarPlatinum
|-damage|p1a: StarPlatinum|16/100 psn
|move|p1a: StarPlatinum|Rest|p1a: StarPlatinum
|-status|p1a: StarPlatinum|slp|[from] move: Rest
|-heal|p1a: StarPlatinum|100/100 slp|[silent]
|
|upkeep
|turn|68
|
|t:|1634700067
|move|p2a: Volcanion|Earth Power|p1a: StarPlatinum
|-damage|p1a: StarPlatinum|74/100 slp
|cant|p1a: StarPlatinum|slp
|
|-heal|p1a: StarPlatinum|80/100 slp|[from] item: Leftovers
|upkeep
|turn|69
|
|t:|1634700070
|move|p2a: Volcanion|Earth Power|p1a: StarPlatinum
|-damage|p1a: StarPlatinum|53/100 slp
|cant|p1a: StarPlatinum|slp
|
|-heal|p1a: StarPlatinum|59/100 slp|[from] item: Leftovers
|upkeep
|turn|70
|
|t:|1634700073
|move|p2a: Volcanion|Earth Power|p1a: StarPlatinum
|-damage|p1a: StarPlatinum|29/100 slp
|-curestatus|p1a: StarPlatinum|slp|[msg]
|move|p1a: StarPlatinum|Recover|p1a: StarPlatinum
|-heal|p1a: StarPlatinum|79/100
|
|-heal|p1a: StarPlatinum|85/100|[from] item: Leftovers
|upkeep
|turn|71
|
|t:|1634700079
|move|p2a: Volcanion|Sludge Wave|p1a: StarPlatinum
|-resisted|p1a: StarPlatinum
|-damage|p1a: StarPlatinum|69/100
|move|p1a: StarPlatinum|Scald|p2a: Volcanion
|-immune|p2a: Volcanion|[from] ability: Water Absorb
|
|-heal|p1a: StarPlatinum|75/100|[from] item: Leftovers
|upkeep
|turn|72
|
|t:|1634700083
|move|p2a: Volcanion|Sludge Wave|p1a: StarPlatinum
|-resisted|p1a: StarPlatinum
|-damage|p1a: StarPlatinum|60/100
|move|p1a: StarPlatinum|Recover|p1a: StarPlatinum
|-heal|p1a: StarPlatinum|100/100
|
|upkeep
|turn|73
|
|t:|1634700086
|move|p2a: Volcanion|Sludge Wave|p1a: StarPlatinum
|-resisted|p1a: StarPlatinum
|-crit|p1a: StarPlatinum
|-damage|p1a: StarPlatinum|67/100
|move|p1a: StarPlatinum|Scald|p2a: Volcanion
|-immune|p2a: Volcanion|[from] ability: Water Absorb
|
|-heal|p1a: StarPlatinum|73/100|[from] item: Leftovers
|upkeep
|turn|74
|
|t:|1634700089
|move|p2a: Volcanion|Earth Power|p1a: StarPlatinum
|-damage|p1a: StarPlatinum|45/100
|move|p1a: StarPlatinum|Recover|p1a: StarPlatinum
|-heal|p1a: StarPlatinum|95/100
|
|-heal|p1a: StarPlatinum|100/100|[from] item: Leftovers
|upkeep
|turn|75
|
|t:|1634700091
|move|p2a: Volcanion|Earth Power|p1a: StarPlatinum
|-damage|p1a: StarPlatinum|72/100
|move|p1a: StarPlatinum|Scald|p2a: Volcanion
|-immune|p2a: Volcanion|[from] ability: Water Absorb
|
|-heal|p1a: StarPlatinum|78/100|[from] item: Leftovers
|upkeep
|turn|76
|
|t:|1634700094
|move|p2a: Volcanion|Earth Power|p1a: StarPlatinum
|-damage|p1a: StarPlatinum|47/100
|move|p1a: StarPlatinum|Recover|p1a: StarPlatinum
|-heal|p1a: StarPlatinum|97/100
|
|-heal|p1a: StarPlatinum|100/100|[from] item: Leftovers
|upkeep
|turn|77
|
|t:|1634700097
|move|p2a: Volcanion|Earth Power|p1a: StarPlatinum
|-crit|p1a: StarPlatinum
|-damage|p1a: StarPlatinum|32/100
|move|p1a: StarPlatinum|Scald|p2a: Volcanion
|-immune|p2a: Volcanion|[from] ability: Water Absorb
|
|-heal|p1a: StarPlatinum|38/100|[from] item: Leftovers
|upkeep
|turn|78
|
|t:|1634700100
|move|p2a: Volcanion|Steam Eruption|p1a: StarPlatinum
|-damage|p1a: StarPlatinum|0 fnt
|faint|p1a: StarPlatinum
|
|win|senju succ
|raw|Tirkys's rating: 1431 &rarr; <strong>1413</strong><br />(-18 for losing)
|raw|senju succ's rating: 1465 &rarr; <strong>1483</strong><br />(+18 for winning)
|n|!senju succ|senjusucc
|l|☆Tirkys
