|j|☆croo
|j|☆Sombra Diurna
|t:|1624280100
|gametype|singles
|player|p1|croo|bugsy|1709
|player|p2|Sombra Diurna|blue|1746
|teamsize|p1|6
|teamsize|p2|6
|gen|8
|tier|[Gen 8] OU
|rated|
|rule|Sleep Clause Mod: Limit one foe put to sleep
|rule|Species Clause: Limit one of each Pokémon
|rule|OHKO Clause: OHKO moves are banned
|rule|Evasion Moves Clause: Evasion moves are banned
|rule|Endless Battle Clause: Forcing endless battles is banned
|rule|HP Percentage Mod: HP is shown in percentages
|rule|Dynamax Clause: You cannot dynamax
|clearpoke
|poke|p1|Skarmory, M|
|poke|p1|Ninetales-Alola, F|
|poke|p1|Mew|
|poke|p1|Hydreigon, F|
|poke|p1|Suicune|
|poke|p1|Landorus-Therian, M|
|poke|p2|Slowbro, F|
|poke|p2|Hatterene, F|
|poke|p2|Marowak-Alola, M|
|poke|p2|Ferrothorn, F|
|poke|p2|Garchomp, F|
|poke|p2|Drampa, M|
|teampreview
|
|t:|1624280112
|start
|switch|p1a: Ninetales|Ninetales-Alola, F|100/100
|switch|p2a: Thorns|Ferrothorn, F|100/100
|-weather|Hail|[from] ability: Snow Warning|[of] p1a: Ninetales
|turn|1
|inactive|Battle timer is ON: inactive players will automatically lose when time's up. (requested by croo)
|
|t:|1624280119
|move|p1a: Ninetales|Aurora Veil|p1a: Ninetales
|-sidestart|p1: croo|move: Aurora Veil
|move|p2a: Thorns|Gyro Ball|p1a: Ninetales
|-supereffective|p1a: Ninetales
|-damage|p1a: Ninetales|0 fnt
|faint|p1a: Ninetales
|
|-weather|Hail|[upkeep]
|-damage|p2a: Thorns|94/100|[from] Hail
|-heal|p2a: Thorns|100/100|[from] item: Leftovers
|upkeep
|
|t:|1624280123
|switch|p1a: Suicune|Suicune|100/100
|-ability|p1a: Suicune|Pressure
|turn|2
|
|t:|1624280131
|move|p1a: Suicune|Substitute|p1a: Suicune
|-start|p1a: Suicune|Substitute
|-damage|p1a: Suicune|75/100
|move|p2a: Thorns|Power Whip|p1a: Suicune
|-supereffective|p1a: Suicune
|-end|p1a: Suicune|Substitute
|
|-weather|Hail|[upkeep]
|-damage|p1a: Suicune|69/100|[from] Hail
|-damage|p2a: Thorns|94/100|[from] Hail
|-heal|p1a: Suicune|75/100|[from] item: Leftovers
|-heal|p2a: Thorns|100/100|[from] item: Leftovers
|upkeep
|turn|3
|
|t:|1624280141
|move|p1a: Suicune|Substitute|p1a: Suicune
|-start|p1a: Suicune|Substitute
|-damage|p1a: Suicune|50/100
|move|p2a: Thorns|Power Whip|p1a: Suicune
|-supereffective|p1a: Suicune
|-end|p1a: Suicune|Substitute
|
|-weather|Hail|[upkeep]
|-damage|p1a: Suicune|44/100|[from] Hail
|-damage|p2a: Thorns|94/100|[from] Hail
|-heal|p1a: Suicune|50/100|[from] item: Leftovers
|-heal|p2a: Thorns|100/100|[from] item: Leftovers
|upkeep
|turn|4
|
|t:|1624280154
|move|p1a: Suicune|Protect|p1a: Suicune
|-singleturn|p1a: Suicune|Protect
|move|p2a: Thorns|Power Whip|p1a: Suicune
|-activate|p1a: Suicune|move: Protect
|
|-weather|Hail|[upkeep]
|-damage|p1a: Suicune|44/100|[from] Hail
|-damage|p2a: Thorns|94/100|[from] Hail
|-heal|p1a: Suicune|50/100|[from] item: Leftovers
|-heal|p2a: Thorns|100/100|[from] item: Leftovers
|upkeep
|turn|5
|j| i gonna die young
|
|t:|1624280163
|move|p1a: Suicune|Scald|p2a: Thorns
|-resisted|p2a: Thorns
|-damage|p2a: Thorns|93/100
|move|p2a: Thorns|Power Whip|p1a: Suicune
|-supereffective|p1a: Suicune
|-damage|p1a: Suicune|25/100
|
|-weather|none
|-heal|p1a: Suicune|31/100|[from] item: Leftovers
|-heal|p2a: Thorns|99/100|[from] item: Leftovers
|upkeep
|turn|6
|
|t:|1624280174
|move|p1a: Suicune|Substitute|p1a: Suicune
|-start|p1a: Suicune|Substitute
|-damage|p1a: Suicune|6/100
|move|p2a: Thorns|Power Whip|p1a: Suicune
|-supereffective|p1a: Suicune
|-end|p1a: Suicune|Substitute
|
|-heal|p1a: Suicune|12/100|[from] item: Leftovers
|-heal|p2a: Thorns|100/100|[from] item: Leftovers
|upkeep
|turn|7
|
|t:|1624280184
|move|p1a: Suicune|Scald|p2a: Thorns
|-resisted|p2a: Thorns
|-damage|p2a: Thorns|92/100
|move|p2a: Thorns|Leech Seed|p1a: Suicune
|-start|p1a: Suicune|move: Leech Seed
|
|-heal|p1a: Suicune|18/100|[from] item: Leftovers
|-heal|p2a: Thorns|99/100|[from] item: Leftovers
|-damage|p1a: Suicune|6/100|[from] Leech Seed|[of] p2a: Thorns
|-heal|p2a: Thorns|100/100|[silent]
|upkeep
|turn|8
|
|t:|1624280193
|switch|p1a: Landorus|Landorus-Therian, M|100/100
|-ability|p1a: Landorus|Intimidate|boost
|-unboost|p2a: Thorns|atk|1
|move|p2a: Thorns|Stealth Rock|p1a: Landorus
|-sidestart|p1: croo|move: Stealth Rock
|
|-sideend|p1: croo|move: Aurora Veil
|upkeep
|turn|9
|
|t:|1624280200
|move|p1a: Landorus|Substitute|p1a: Landorus
|-start|p1a: Landorus|Substitute
|-damage|p1a: Landorus|76/100
|move|p2a: Thorns|Gyro Ball|p1a: Landorus
|-end|p1a: Landorus|Substitute
|
|-heal|p1a: Landorus|82/100|[from] item: Leftovers
|upkeep
|turn|10
|
|t:|1624280211
|switch|p2a: Sonso|Slowbro, F|100/100
|move|p1a: Landorus|Bulk Up|p1a: Landorus
|-boost|p1a: Landorus|atk|1
|-boost|p1a: Landorus|def|1
|
|-heal|p1a: Landorus|88/100|[from] item: Leftovers
|upkeep
|turn|11
|
|t:|1624280220
|switch|p1a: Hydreigon|Hydreigon, F|100/100
|-damage|p1a: Hydreigon|88/100|[from] Stealth Rock
|move|p2a: Sonso|Trick Room|p2a: Sonso
|-fieldstart|move: Trick Room|[of] p2a: Sonso
|
|upkeep
|turn|12
|
|t:|1624280226
|move|p2a: Sonso|Body Press|p1a: Hydreigon
|-supereffective|p1a: Hydreigon
|-damage|p1a: Hydreigon|22/100
|move|p1a: Hydreigon|Dark Pulse|p2a: Sonso
|-supereffective|p2a: Sonso
|-enditem|p2a: Sonso|Colbur Berry|[eat]
|-enditem|p2a: Sonso|Colbur Berry|[weaken]
|-damage|p2a: Sonso|42/100
|-damage|p1a: Hydreigon|12/100|[from] item: Life Orb
|
|upkeep
|turn|13
|
|t:|1624280235
|move|p2a: Sonso|Scald|p1a: Hydreigon
|-resisted|p1a: Hydreigon
|-damage|p1a: Hydreigon|0 fnt
|faint|p1a: Hydreigon
|
|upkeep
|
|t:|1624280244
|switch|p1a: Skarmory|Skarmory, M|100/100
|-damage|p1a: Skarmory|88/100|[from] Stealth Rock
|turn|14
|l| i gonna die young
|
|t:|1624280259
|switch|p2a: Billy B.|Marowak-Alola, M|100/100
|move|p1a: Skarmory|Stealth Rock|p2a: Billy B.
|-sidestart|p2: Sombra Diurna|move: Stealth Rock
|
|upkeep
|turn|15
|j| KEKWbye
|
|t:|1624280265
|move|p2a: Billy B.|Flare Blitz|p1a: Skarmory
|-supereffective|p1a: Skarmory
|-damage|p1a: Skarmory|0 fnt
|faint|p1a: Skarmory
|
|-fieldend|move: Trick Room
|upkeep
|
|t:|1624280268
|switch|p1a: Landorus|Landorus-Therian, M|88/100
|-damage|p1a: Landorus|75/100|[from] Stealth Rock
|-ability|p1a: Landorus|Intimidate|boost
|-unboost|p2a: Billy B.|atk|1
|turn|16
|
|t:|1624280274
|switch|p1a: Mew|Mew|100/100
|-damage|p1a: Mew|88/100|[from] Stealth Rock
|move|p2a: Billy B.|Flare Blitz|p1a: Mew
|-damage|p1a: Mew|34/100
|
|-heal|p1a: Mew|41/100|[from] item: Leftovers
|upkeep
|turn|17
|
|t:|1624280282
|move|p1a: Mew|Cosmic Power|p1a: Mew
|-boost|p1a: Mew|def|1
|-boost|p1a: Mew|spd|1
|move|p2a: Billy B.|Swords Dance|p2a: Billy B.
|-boost|p2a: Billy B.|atk|2
|
|-heal|p1a: Mew|47/100|[from] item: Leftovers
|upkeep
|turn|18
|j| julies102ndaccount
|
|t:|1624280290
|switch|p1a: Suicune|Suicune|6/100
|-damage|p1a: Suicune|0 fnt|[from] Stealth Rock
|faint|p1a: Suicune
|move|p2a: Billy B.|Swords Dance|p2a: Billy B.
|-boost|p2a: Billy B.|atk|2
|
|upkeep
|
|t:|1624280291
|switch|p1a: Landorus|Landorus-Therian, M|75/100
|-damage|p1a: Landorus|63/100|[from] Stealth Rock
|-ability|p1a: Landorus|Intimidate|boost
|-unboost|p2a: Billy B.|atk|1
|turn|19
|
|t:|1624280302
|move|p1a: Landorus|Earthquake|p2a: Billy B.
|-supereffective|p2a: Billy B.
|-damage|p2a: Billy B.|2/100
|move|p2a: Billy B.|Flare Blitz|p1a: Landorus
|-damage|p1a: Landorus|0 fnt
|faint|p1a: Landorus
|
|upkeep
|
|t:|1624280306
|switch|p1a: Mew|Mew|47/100
|-damage|p1a: Mew|34/100|[from] Stealth Rock
|turn|20
|
|t:|1624280312
|switch|p2a: Hatterene|Hatterene, F|100/100
|-damage|p2a: Hatterene|88/100|[from] Stealth Rock
|move|p1a: Mew|Stored Power|p2a: Hatterene
|-resisted|p2a: Hatterene
|-crit|p2a: Hatterene
|-damage|p2a: Hatterene|84/100
|
|-heal|p1a: Mew|41/100|[from] item: Leftovers
|upkeep
|turn|21
|
|t:|1624280321
|move|p1a: Mew|Soft-Boiled|p1a: Mew
|-heal|p1a: Mew|91/100
|move|p2a: Hatterene|Mystical Fire|p1a: Mew
|-damage|p1a: Mew|70/100
|-unboost|p1a: Mew|spa|1
|
|-heal|p1a: Mew|76/100|[from] item: Leftovers
|upkeep
|turn|22
|
|t:|1624280329
|move|p1a: Mew|Soft-Boiled|p1a: Mew
|-heal|p1a: Mew|100/100
|move|p2a: Hatterene|Mystical Fire|p1a: Mew
|-damage|p1a: Mew|81/100
|-unboost|p1a: Mew|spa|1
|
|-heal|p1a: Mew|87/100|[from] item: Leftovers
|upkeep
|turn|23
|-message|croo forfeited.
|
|win|Sombra Diurna
|raw|croo's rating: 1709 &rarr; <strong>1691</strong><br />(-18 for losing)
|raw|Sombra Diurna's rating: 1746 &rarr; <strong>1764</strong><br />(+18 for winning)
|l|☆croo
|j| guho
|l| guho
