|j|☆Corumba
|j|☆Steez Ibanez
|t:|1633737901
|gametype|singles
|player|p1|Corumba|schoolkid-gen4|1755
|player|p2|Steez Ibanez|pokemonranger-gen4|1702
|teamsize|p1|6
|teamsize|p2|6
|gen|8
|tier|[Gen 8] OU
|rated|
|rule|Sleep Clause Mod: Limit one foe put to sleep
|rule|Species Clause: Limit one of each Pokémon
|rule|OHKO Clause: OHKO moves are banned
|rule|Evasion Moves Clause: Evasion moves are banned
|rule|Endless Battle Clause: Forcing endless battles is banned
|rule|HP Percentage Mod: HP is shown in percentages
|rule|Dynamax Clause: You cannot dynamax
|clearpoke
|poke|p1|Melmetal|
|poke|p1|Mamoswine, M|
|poke|p1|Ferrothorn, F|
|poke|p1|Metagross|
|poke|p1|Dragapult, M|
|poke|p1|Dragonite, F|
|poke|p2|Blaziken, M|
|poke|p2|Landorus-Therian, M|
|poke|p2|Ferrothorn, M|
|poke|p2|Tapu Fini|
|poke|p2|Garchomp, M|
|poke|p2|Regieleki|
|teampreview
|j| Ctannn
|l| Ctannn
|
|t:|1633737923
|start
|switch|p1a: Mamoswine|Mamoswine, M|100/100
|switch|p2a: Samehada|Garchomp, M|100/100
|turn|1
|
|t:|1633737927
|switch|p2a: Watcher|Tapu Fini|100/100
|-fieldstart|move: Misty Terrain|[from] ability: Misty Surge|[of] p2a: Watcher
|move|p1a: Mamoswine|Icicle Crash|p2a: Watcher
|-resisted|p2a: Watcher
|-damage|p2a: Watcher|83/100
|
|-heal|p2a: Watcher|89/100|[from] item: Leftovers
|upkeep
|turn|2
|
|t:|1633737932
|switch|p1a: Ferrothorn|Ferrothorn, F|100/100
|move|p2a: Watcher|Surf|p1a: Ferrothorn
|-resisted|p1a: Ferrothorn
|-damage|p1a: Ferrothorn|91/100
|
|-heal|p2a: Watcher|95/100|[from] item: Leftovers
|-heal|p1a: Ferrothorn|97/100|[from] item: Leftovers
|upkeep
|turn|3
|
|t:|1633737937
|switch|p2a: Abomination|Ferrothorn, M|100/100
|move|p1a: Ferrothorn|Spikes|p2a: Abomination
|-sidestart|p2: Steez Ibanez|Spikes
|
|-heal|p1a: Ferrothorn|100/100|[from] item: Leftovers
|upkeep
|turn|4
|
|t:|1633737947
|move|p1a: Ferrothorn|Thunder Wave|p2a: Abomination
|-activate|p2a: Abomination|move: Misty Terrain
|move|p2a: Abomination|Spikes|p1a: Ferrothorn
|-sidestart|p1: Corumba|Spikes
|
|upkeep
|turn|5
|
|t:|1633737955
|move|p1a: Ferrothorn|Spikes|p2a: Abomination
|-sidestart|p2: Steez Ibanez|Spikes
|move|p2a: Abomination|Knock Off|p1a: Ferrothorn
|-crit|p1a: Ferrothorn
|-damage|p1a: Ferrothorn|76/100
|-damage|p2a: Abomination|88/100|[from] ability: Iron Barbs|[of] p1a: Ferrothorn
|-enditem|p1a: Ferrothorn|Leftovers|[from] move: Knock Off|[of] p2a: Abomination
|
|-fieldend|Misty Terrain
|upkeep
|turn|6
|
|t:|1633737960
|move|p1a: Ferrothorn|Spikes|p2a: Abomination
|-sidestart|p2: Steez Ibanez|Spikes
|move|p2a: Abomination|Spikes|p1a: Ferrothorn
|-sidestart|p1: Corumba|Spikes
|
|upkeep
|turn|7
|
|t:|1633737963
|move|p1a: Ferrothorn|Thunder Wave|p2a: Abomination
|-status|p2a: Abomination|par
|move|p2a: Abomination|Spikes|p1a: Ferrothorn
|-sidestart|p1: Corumba|Spikes
|
|upkeep
|turn|8
|
|t:|1633737973
|switch|p1a: Dragapult|Dragapult, M|100/100
|cant|p2a: Abomination|par
|
|upkeep
|turn|9
|j| GaryOakFire2021
|
|t:|1633737980
|move|p1a: Dragapult|Flamethrower|p2a: Abomination
|-supereffective|p2a: Abomination
|-damage|p2a: Abomination|26/100 par
|move|p2a: Abomination|Knock Off|p1a: Dragapult
|-supereffective|p1a: Dragapult
|-damage|p1a: Dragapult|46/100
|-enditem|p1a: Dragapult|Heavy-Duty Boots|[from] move: Knock Off|[of] p2a: Abomination
|
|upkeep
|turn|10
|
|t:|1633737987
|switch|p2a: Simba|Landorus-Therian, M|100/100
|-ability|p2a: Simba|Intimidate|boost
|-fail|p1a: Dragapult|unboost|[from] ability: Clear Body|[of] p1a: Dragapult
|move|p1a: Dragapult|Flamethrower|p2a: Simba
|-damage|p2a: Simba|76/100
|
|upkeep
|turn|11
|
|t:|1633737992
|move|p2a: Simba|Earthquake|p1a: Dragapult
|-damage|p1a: Dragapult|0 fnt
|faint|p1a: Dragapult
|
|upkeep
|
|t:|1633737998
|switch|p1a: Mamoswine|Mamoswine, M|100/100
|turn|12
|
|t:|1633738002
|switch|p2a: Abomination|Ferrothorn, M|26/100 par
|-damage|p2a: Abomination|1/100 par|[from] Spikes
|move|p1a: Mamoswine|Stealth Rock|p2a: Abomination
|-sidestart|p2: Steez Ibanez|move: Stealth Rock
|
|upkeep
|turn|13
|
|t:|1633738006
|move|p1a: Mamoswine|Ice Shard|p2a: Abomination
|-damage|p2a: Abomination|0 fnt
|faint|p2a: Abomination
|
|upkeep
|
|t:|1633738008
|switch|p2a: Ethernet|Regieleki|100/100
|turn|14
|
|t:|1633738016
|move|p2a: Ethernet|Rapid Spin|p1a: Mamoswine
|-damage|p1a: Mamoswine|87/100
|-boost|p2a: Ethernet|spe|1
|-sideend|p2: Steez Ibanez|Spikes|[from] move: Rapid Spin|[of] p2a: Ethernet
|-sideend|p2: Steez Ibanez|Stealth Rock|[from] move: Rapid Spin|[of] p2a: Ethernet
|move|p1a: Mamoswine|Earthquake|p2a: Ethernet
|-supereffective|p2a: Ethernet
|-damage|p2a: Ethernet|0 fnt
|faint|p2a: Ethernet
|
|upkeep
|
|t:|1633738028
|switch|p2a: Johnny Blaze|Blaziken, M|100/100
|turn|15
|
|t:|1633738032
|switch|p1a: Dragonite|Dragonite, F|100/100
|move|p2a: Johnny Blaze|Flare Blitz|p1a: Dragonite
|-resisted|p1a: Dragonite
|-damage|p1a: Dragonite|85/100
|-damage|p2a: Johnny Blaze|94/100|[from] Recoil
|
|-ability|p2a: Johnny Blaze|Speed Boost|boost
|-boost|p2a: Johnny Blaze|spe|1
|upkeep
|turn|16
|
|t:|1633738041
|switch|p2a: Watcher|Tapu Fini|95/100
|-fieldstart|move: Misty Terrain|[from] ability: Misty Surge|[of] p2a: Watcher
|move|p1a: Dragonite|Roost|p1a: Dragonite
|-heal|p1a: Dragonite|100/100
|-singleturn|p1a: Dragonite|move: Roost
|
|-heal|p2a: Watcher|100/100|[from] item: Leftovers
|upkeep
|turn|17
|
|t:|1633738061
|switch|p1a: Ferrothorn|Ferrothorn, F|76/100
|-damage|p1a: Ferrothorn|51/100|[from] Spikes
|move|p2a: Watcher|Surf|p1a: Ferrothorn
|-resisted|p1a: Ferrothorn
|-damage|p1a: Ferrothorn|41/100
|
|upkeep
|turn|18
|j| MiyanPP
|
|t:|1633738064
|switch|p2a: Samehada|Garchomp, M|100/100
|move|p1a: Ferrothorn|Spikes|p2a: Samehada
|-sidestart|p2: Steez Ibanez|Spikes
|
|upkeep
|turn|19
|
|t:|1633738076
|move|p2a: Samehada|Fire Fang|p1a: Ferrothorn
|-supereffective|p1a: Ferrothorn
|-damage|p1a: Ferrothorn|0 fnt
|-damage|p2a: Samehada|88/100|[from] ability: Iron Barbs|[of] p1a: Ferrothorn
|faint|p1a: Ferrothorn
|
|-heal|p2a: Samehada|94/100|[from] item: Leftovers
|upkeep
|l| MiyanPP
|
|t:|1633738084
|switch|p1a: Mamoswine|Mamoswine, M|87/100
|turn|20
|
|t:|1633738092
|move|p2a: Samehada|Earthquake|p1a: Mamoswine
|-crit|p1a: Mamoswine
|-damage|p1a: Mamoswine|6/100
|move|p1a: Mamoswine|Icicle Crash|p2a: Samehada
|-supereffective|p2a: Samehada
|-damage|p2a: Samehada|0 fnt
|faint|p2a: Samehada
|
|-fieldend|Misty Terrain
|upkeep
|
|t:|1633738102
|switch|p2a: Watcher|Tapu Fini|100/100
|-damage|p2a: Watcher|88/100|[from] Spikes
|-fieldstart|move: Misty Terrain|[from] ability: Misty Surge|[of] p2a: Watcher
|turn|21
|
|t:|1633738109
|move|p1a: Mamoswine|Earthquake|p2a: Watcher
|-damage|p2a: Watcher|49/100
|move|p2a: Watcher|Draining Kiss|p1a: Mamoswine
|-damage|p1a: Mamoswine|0 fnt
|-heal|p2a: Watcher|54/100|[from] drain|[of] p1a: Mamoswine
|faint|p1a: Mamoswine
|
|-heal|p2a: Watcher|60/100|[from] item: Leftovers
|upkeep
|
|t:|1633738130
|switch|p1a: Melmetal|Melmetal|100/100
|-damage|p1a: Melmetal|76/100|[from] Spikes
|turn|22
|
|t:|1633738134
|switch|p2a: Simba|Landorus-Therian, M|76/100
|-ability|p2a: Simba|Intimidate|boost
|-unboost|p1a: Melmetal|atk|1
|move|p1a: Melmetal|Double Iron Bash|p2a: Simba
|-damage|p2a: Simba|41/100
|-damage|p2a: Simba|5/100
|-hitcount|p2a: Simba|2
|
|upkeep
|turn|23
|
|t:|1633738144
|switch|p1a: Dragonite|Dragonite, F|100/100
|move|p2a: Simba|Knock Off|p1a: Dragonite
|-damage|p1a: Dragonite|85/100
|-enditem|p1a: Dragonite|Heavy-Duty Boots|[from] move: Knock Off|[of] p2a: Simba
|
|upkeep
|turn|24
|
|t:|1633738156
|switch|p2a: Watcher|Tapu Fini|60/100
|-damage|p2a: Watcher|47/100|[from] Spikes
|move|p1a: Dragonite|Ice Beam|p2a: Watcher
|-resisted|p2a: Watcher
|-damage|p2a: Watcher|39/100
|
|-heal|p2a: Watcher|45/100|[from] item: Leftovers
|upkeep
|turn|25
|
|t:|1633738161
|switch|p1a: Melmetal|Melmetal|76/100
|-damage|p1a: Melmetal|51/100|[from] Spikes
|move|p2a: Watcher|Surf|p1a: Melmetal
|-damage|p1a: Melmetal|17/100
|
|-heal|p2a: Watcher|51/100|[from] item: Leftovers
|-fieldend|Misty Terrain
|upkeep
|turn|26
|
|t:|1633738164
|move|p2a: Watcher|Surf|p1a: Melmetal
|-damage|p1a: Melmetal|0 fnt
|faint|p1a: Melmetal
|
|-heal|p2a: Watcher|57/100|[from] item: Leftovers
|upkeep
|
|t:|1633738166
|switch|p1a: Metagross|Metagross|100/100
|-damage|p1a: Metagross|76/100|[from] Spikes
|turn|27
|j| Glock2008
|
|t:|1633738171
|switch|p2a: Johnny Blaze|Blaziken, M|94/100
|move|p1a: Metagross|Agility|p1a: Metagross
|-boost|p1a: Metagross|spe|2
|
|upkeep
|turn|28
|
|t:|1633738179
|switch|p1a: Dragonite|Dragonite, F|85/100
|switch|p2a: Simba|Landorus-Therian, M|5/100
|-ability|p2a: Simba|Intimidate|boost
|-unboost|p1a: Dragonite|atk|1
|
|upkeep
|turn|29
|
|t:|1633738187
|move|p2a: Simba|U-turn|p1a: Dragonite
|-resisted|p1a: Dragonite
|-damage|p1a: Dragonite|74/100
|
|t:|1633738191
|switch|p2a: Watcher|Tapu Fini|57/100|[from]move: U-turn
|-damage|p2a: Watcher|45/100|[from] Spikes
|-fieldstart|move: Misty Terrain|[from] ability: Misty Surge|[of] p2a: Watcher
|move|p1a: Dragonite|Ice Beam|p2a: Watcher
|-resisted|p2a: Watcher
|-damage|p2a: Watcher|36/100
|
|-heal|p2a: Watcher|42/100|[from] item: Leftovers
|upkeep
|turn|30
|
|t:|1633738195
|switch|p1a: Metagross|Metagross|76/100
|-damage|p1a: Metagross|51/100|[from] Spikes
|move|p2a: Watcher|Surf|p1a: Metagross
|-damage|p1a: Metagross|16/100
|
|-heal|p2a: Watcher|48/100|[from] item: Leftovers
|upkeep
|turn|31
|
|t:|1633738203
|move|p1a: Metagross|Iron Head|p2a: Watcher
|-damage|p2a: Watcher|17/100
|move|p2a: Watcher|Surf|p1a: Metagross
|-damage|p1a: Metagross|0 fnt
|faint|p1a: Metagross
|
|-heal|p2a: Watcher|24/100|[from] item: Leftovers
|upkeep
|-message|Corumba forfeited.
|
|win|Steez Ibanez
|raw|Corumba's rating: 1755 &rarr; <strong>1734</strong><br />(-21 for losing)
|raw|Steez Ibanez's rating: 1740 &rarr; <strong>1761</strong><br />(+21 for winning)
|l|☆Corumba
