|j|☆Spectre Ace
|j|‽minimax_ai
|t:|1667346744
|gametype|singles
|player|p1|Spectre Ace|juggler|1673
|player|p2|minimax_ai|266|1670
|teamsize|p1|6
|teamsize|p2|6
|gen|8
|tier|[Gen 8] OU
|rated|
|rule|Sleep Clause Mod: Limit one foe put to sleep
|rule|Species Clause: Limit one of each Pokémon
|rule|OHKO Clause: OHKO moves are banned
|rule|Evasion Items Clause: Evasion items are banned
|rule|Evasion Moves Clause: Evasion moves are banned
|rule|Endless Battle Clause: Forcing endless battles is banned
|rule|HP Percentage Mod: HP is shown in percentages
|rule|Dynamax Clause: You cannot dynamax
|clearpoke
|poke|p1|Raichu-Alola, F|
|poke|p1|Tapu Koko|
|poke|p1|Ferrothorn, M|
|poke|p1|Mandibuzz, F|
|poke|p1|Garchomp, M|
|poke|p1|Heatran, F|
|poke|p2|Rotom-Wash|
|poke|p2|Weavile, M|
|poke|p2|Landorus-Therian, M|
|poke|p2|Heatran, M|
|poke|p2|Tangrowth, F|
|poke|p2|Melmetal|
|teampreview
|inactive|Battle timer is ON: inactive players will automatically lose when time's up. (requested by minimax_ai)
|j| slime patrol
|
|t:|1667346754
|start
|switch|p1a: Croft|Mandibuzz, F|100/100
|switch|p2a: Landorus|Landorus-Therian, M|100/100
|-ability|p2a: Landorus|Intimidate|boost
|-unboost|p1a: Croft|atk|1
|turn|1
|
|t:|1667346757
|switch|p2a: Heatran|Heatran, M|100/100
|-item|p2a: Heatran|Air Balloon
|move|p1a: Croft|Foul Play|p2a: Heatran
|-damage|p2a: Heatran|73/100
|-enditem|p2a: Heatran|Air Balloon
|
|upkeep
|turn|2
|
|t:|1667346762
|switch|p1a: Kennedy|Heatran, F|100/100
|move|p2a: Heatran|Stealth Rock|p1a: Kennedy
|-sidestart|p1: Spectre Ace|move: Stealth Rock
|
|upkeep
|turn|3
|
|t:|1667346764
|switch|p2a: Rotom|Rotom-Wash|100/100
|move|p1a: Kennedy|Earth Power|p2a: Rotom
|-immune|p2a: Rotom|[from] ability: Levitate
|
|upkeep
|turn|4
|
|t:|1667346767
|switch|p1a: Sundowner|Ferrothorn, M|100/100
|-damage|p1a: Sundowner|94/100|[from] Stealth Rock
|move|p2a: Rotom|Nasty Plot|p2a: Rotom
|-boost|p2a: Rotom|spa|2
|
|-heal|p1a: Sundowner|100/100|[from] item: Leftovers
|upkeep
|turn|5
|
|t:|1667346770
|switch|p2a: Tangrowth|Tangrowth, F|100/100
|move|p1a: Sundowner|Knock Off|p2a: Tangrowth
|-damage|p2a: Tangrowth|90/100
|-damage|p1a: Sundowner|84/100|[from] item: Rocky Helmet|[of] p2a: Tangrowth
|-enditem|p2a: Tangrowth|Rocky Helmet|[from] move: Knock Off|[of] p1a: Sundowner
|
|-heal|p1a: Sundowner|90/100|[from] item: Leftovers
|upkeep
|turn|6
|
|t:|1667346775
|move|p2a: Tangrowth|Focus Blast|p1a: Sundowner
|-supereffective|p1a: Sundowner
|-damage|p1a: Sundowner|47/100
|move|p1a: Sundowner|Spikes|p2a: Tangrowth
|-sidestart|p2: minimax_ai|Spikes
|
|-heal|p1a: Sundowner|53/100|[from] item: Leftovers
|upkeep
|turn|7
|
|t:|1667346776
|switch|p1a: Booker|Tapu Koko|100/100
|-damage|p1a: Booker|88/100|[from] Stealth Rock
|-fieldstart|move: Electric Terrain|[from] ability: Electric Surge|[of] p1a: Booker
|move|p2a: Tangrowth|Focus Blast|p1a: Booker
|-resisted|p1a: Booker
|-damage|p1a: Booker|67/100
|-unboost|p1a: Booker|spd|1
|
|upkeep
|turn|8
|
|t:|1667346779
|move|p1a: Booker|U-turn|p2a: Tangrowth
|-supereffective|p2a: Tangrowth
|-damage|p2a: Tangrowth|73/100
|
|t:|1667346781
|switch|p1a: Kennedy|Heatran, F|100/100|[from]move: U-turn
|-damage|p1a: Kennedy|88/100|[from] Stealth Rock
|move|p2a: Tangrowth|Focus Blast|p1a: Kennedy|[miss]
|-miss|p2a: Tangrowth|p1a: Kennedy
|
|-heal|p1a: Kennedy|94/100|[from] item: Leftovers
|upkeep
|turn|9
|
|t:|1667346783
|switch|p2a: Landorus|Landorus-Therian, M|100/100
|-ability|p2a: Landorus|Intimidate|boost
|-unboost|p1a: Kennedy|atk|1
|move|p1a: Kennedy|Magma Storm|p2a: Landorus
|-damage|p2a: Landorus|66/100
|-activate|p2a: Landorus|move: Magma Storm|[of] p1a: Kennedy
|
|-heal|p2a: Landorus|72/100|[from] item: Leftovers
|-heal|p1a: Kennedy|100/100|[from] item: Leftovers
|-damage|p2a: Landorus|59/100|[from] move: Magma Storm|[partiallytrapped]
|upkeep
|turn|10
|
|t:|1667346792
|switch|p1a: Croft|Mandibuzz, F|100/100
|move|p2a: Landorus|Earthquake|p1a: Croft
|-immune|p1a: Croft
|
|-heal|p2a: Landorus|65/100|[from] item: Leftovers
|-end|p2a: Landorus|Magma Storm|[partiallytrapped]|[silent]
|upkeep
|turn|11
|
|t:|1667346796
|move|p2a: Landorus|Toxic|p1a: Croft|[miss]
|-miss|p2a: Landorus|p1a: Croft
|move|p1a: Croft|U-turn|p2a: Landorus
|-resisted|p2a: Landorus
|-damage|p2a: Landorus|60/100
|
|t:|1667346799
|switch|p1a: Crane|Garchomp, M|100/100|[from]move: U-turn
|-damage|p1a: Crane|94/100|[from] Stealth Rock
|
|-heal|p1a: Crane|100/100|[from] item: Leftovers
|-heal|p2a: Landorus|66/100|[from] item: Leftovers
|upkeep
|turn|12
|
|t:|1667346800
|move|p1a: Crane|Stealth Rock|p2a: Landorus
|-sidestart|p2: minimax_ai|move: Stealth Rock
|move|p2a: Landorus|Toxic|p1a: Crane|[miss]
|-miss|p2a: Landorus|p1a: Crane
|
|-heal|p2a: Landorus|72/100|[from] item: Leftovers
|upkeep
|turn|13
|
|t:|1667346801
|move|p1a: Crane|Swords Dance|p1a: Crane
|-boost|p1a: Crane|atk|2
|move|p2a: Landorus|Defog|p1a: Crane
|-unboost|p1a: Crane|evasion|1
|-sideend|p1: Spectre Ace|Stealth Rock|[from] move: Defog|[of] p2a: Landorus
|-sideend|p2: minimax_ai|Spikes|[from] move: Defog|[of] p2a: Landorus
|-sideend|p2: minimax_ai|Stealth Rock|[from] move: Defog|[of] p2a: Landorus
|-fieldend|move: Electric Terrain
|
|-heal|p2a: Landorus|78/100|[from] item: Leftovers
|upkeep
|turn|14
|
|t:|1667346805
|move|p1a: Crane|Stealth Rock|p2a: Landorus
|-sidestart|p2: minimax_ai|move: Stealth Rock
|move|p2a: Landorus|U-turn|p1a: Crane
|-damage|p1a: Crane|78/100
|-damage|p2a: Landorus|66/100|[from] ability: Rough Skin|[of] p1a: Crane
|
|t:|1667346805
|switch|p2a: Weavile|Weavile, M|100/100|[from]move: U-turn
|-damage|p2a: Weavile|76/100|[from] Stealth Rock
|-ability|p2a: Weavile|Pressure
|
|-heal|p1a: Crane|84/100|[from] item: Leftovers
|upkeep
|turn|15
|
|t:|1667346810
|move|p2a: Weavile|Triple Axel|p1a: Crane
|-supereffective|p1a: Crane
|-damage|p1a: Crane|19/100
|-damage|p2a: Weavile|63/100|[from] ability: Rough Skin|[of] p1a: Crane
|-supereffective|p1a: Crane
|-damage|p1a: Crane|0 fnt
|-damage|p2a: Weavile|51/100|[from] ability: Rough Skin|[of] p1a: Crane
|faint|p1a: Crane
|-hitcount|p1: Crane|2
|
|upkeep
|
|t:|1667346816
|switch|p1a: Booker|Tapu Koko|67/100
|-fieldstart|move: Electric Terrain|[from] ability: Electric Surge|[of] p1a: Booker
|turn|16
|
|t:|1667346817
|switch|p2a: Landorus|Landorus-Therian, M|66/100
|-damage|p2a: Landorus|53/100|[from] Stealth Rock
|-ability|p2a: Landorus|Intimidate|boost
|-unboost|p1a: Booker|atk|1
|move|p1a: Booker|U-turn|p2a: Landorus
|-resisted|p2a: Landorus
|-damage|p2a: Landorus|49/100
|
|t:|1667346826
|switch|p1a: Croft|Mandibuzz, F|100/100|[from]move: U-turn
|
|-heal|p2a: Landorus|55/100|[from] item: Leftovers
|upkeep
|turn|17
|
|t:|1667346826
|move|p2a: Landorus|Defog|p1a: Croft
|-unboost|p1a: Croft|evasion|1
|-sideend|p2: minimax_ai|Stealth Rock|[from] move: Defog|[of] p2a: Landorus
|-fieldend|move: Electric Terrain
|move|p1a: Croft|Foul Play|p2a: Landorus
|-damage|p2a: Landorus|10/100
|
|-heal|p2a: Landorus|17/100|[from] item: Leftovers
|upkeep
|turn|18
|
|t:|1667346829
|move|p2a: Landorus|U-turn|p1a: Croft
|-damage|p1a: Croft|87/100
|
|t:|1667346829
|switch|p2a: Heatran|Heatran, M|73/100|[from]move: U-turn
|move|p1a: Croft|U-turn|p2a: Heatran
|-resisted|p2a: Heatran
|-damage|p2a: Heatran|70/100
|
|t:|1667346832
|switch|p1a: Kennedy|Heatran, F|100/100|[from]move: U-turn
|
|upkeep
|turn|19
|
|t:|1667346834
|move|p2a: Heatran|Earth Power|p1a: Kennedy
|-supereffective|p1a: Kennedy
|-damage|p1a: Kennedy|24/100
|-unboost|p1a: Kennedy|spd|1
|move|p1a: Kennedy|Earth Power|p2a: Heatran
|-supereffective|p2a: Heatran
|-damage|p2a: Heatran|0 fnt
|faint|p2a: Heatran
|
|-heal|p1a: Kennedy|30/100|[from] item: Leftovers
|upkeep
|
|t:|1667346834
|switch|p2a: Weavile|Weavile, M|51/100
|-ability|p2a: Weavile|Pressure
|turn|20
|
|t:|1667346837
|move|p2a: Weavile|Knock Off|p1a: Kennedy
|-damage|p1a: Kennedy|0 fnt
|-enditem|p1a: Kennedy|Leftovers|[from] move: Knock Off|[of] p2a: Weavile
|faint|p1a: Kennedy
|
|upkeep
|
|t:|1667346839
|switch|p1a: Booker|Tapu Koko|67/100
|-fieldstart|move: Electric Terrain|[from] ability: Electric Surge|[of] p1a: Booker
|turn|21
|
|t:|1667346840
|switch|p2a: Tangrowth|Tangrowth, F|100/100
|move|p1a: Booker|Dazzling Gleam|p2a: Tangrowth
|-damage|p2a: Tangrowth|53/100
|
|upkeep
|turn|22
|
|t:|1667346843
|switch|p2a: Melmetal|Melmetal|100/100
|move|p1a: Booker|Dazzling Gleam|p2a: Melmetal
|-resisted|p2a: Melmetal
|-damage|p2a: Melmetal|92/100
|
|upkeep
|turn|23
|
|t:|1667346844
|move|p1a: Booker|U-turn|p2a: Melmetal
|-resisted|p2a: Melmetal
|-damage|p2a: Melmetal|87/100
|
|t:|1667346846
|switch|p1a: Sundowner|Ferrothorn, M|53/100|[from]move: U-turn
|move|p2a: Melmetal|Ice Punch|p1a: Sundowner
|-damage|p1a: Sundowner|27/100
|-damage|p2a: Melmetal|75/100|[from] ability: Iron Barbs|[of] p1a: Sundowner
|
|-heal|p1a: Sundowner|34/100|[from] item: Leftovers
|upkeep
|turn|24
|
|t:|1667346850
|move|p2a: Melmetal|Double Iron Bash|p1a: Sundowner
|-resisted|p1a: Sundowner
|-damage|p1a: Sundowner|18/100
|-damage|p2a: Melmetal|62/100|[from] ability: Iron Barbs|[of] p1a: Sundowner
|-resisted|p1a: Sundowner
|-damage|p1a: Sundowner|4/100
|-damage|p2a: Melmetal|50/100|[from] ability: Iron Barbs|[of] p1a: Sundowner
|-hitcount|p1a: Sundowner|2
|cant|p1a: Sundowner|flinch
|
|-heal|p1a: Sundowner|11/100|[from] item: Leftovers
|upkeep
|turn|25
|
|t:|1667346852
|move|p2a: Melmetal|Thunder Punch|p1a: Sundowner
|-resisted|p1a: Sundowner
|-damage|p1a: Sundowner|0 fnt
|-damage|p2a: Melmetal|37/100|[from] ability: Iron Barbs|[of] p1a: Sundowner
|faint|p1a: Sundowner
|
|upkeep
|
|t:|1667346855
|switch|p1a: Valentine|Raichu-Alola, F, shiny|100/100
|turn|26
|
|t:|1667346856
|switch|p2a: Landorus|Landorus-Therian, M|17/100
|-ability|p2a: Landorus|Intimidate|boost
|-unboost|p1a: Valentine|atk|1
|move|p1a: Valentine|Rising Voltage|p2a: Landorus
|-immune|p2a: Landorus
|
|-heal|p2a: Landorus|23/100|[from] item: Leftovers
|upkeep
|turn|27
|
|t:|1667346859
|move|p1a: Valentine|Surf|p2a: Landorus
|-supereffective|p2a: Landorus
|-damage|p2a: Landorus|0 fnt
|faint|p2a: Landorus
|-damage|p1a: Valentine|91/100|[from] item: Life Orb
|
|upkeep
|
|t:|1667346859
|switch|p2a: Tangrowth|Tangrowth, F|86/100
|turn|28
|
|t:|1667346864
|switch|p1a: Croft|Mandibuzz, F|87/100
|move|p2a: Tangrowth|Knock Off|p1a: Croft
|-resisted|p1a: Croft
|-damage|p1a: Croft|81/100
|-enditem|p1a: Croft|Heavy-Duty Boots|[from] move: Knock Off|[of] p2a: Tangrowth
|
|-fieldend|move: Electric Terrain
|upkeep
|turn|29
|
|t:|1667346866
|switch|p2a: Rotom|Rotom-Wash|100/100
|move|p1a: Croft|Foul Play|p2a: Rotom
|-crit|p2a: Rotom
|-damage|p2a: Rotom|68/100
|
|-heal|p2a: Rotom|74/100|[from] item: Leftovers
|upkeep
|turn|30
|
|t:|1667346868
|move|p2a: Rotom|Nasty Plot|p2a: Rotom
|-boost|p2a: Rotom|spa|2
|move|p1a: Croft|U-turn|p2a: Rotom
|-damage|p2a: Rotom|62/100
|
|t:|1667346870
|switch|p1a: Booker|Tapu Koko|67/100|[from]move: U-turn
|-fieldstart|move: Electric Terrain|[from] ability: Electric Surge|[of] p1a: Booker
|
|-heal|p2a: Rotom|68/100|[from] item: Leftovers
|upkeep
|turn|31
|
|t:|1667346871
|move|p1a: Booker|Thunderbolt|p2a: Rotom
|-damage|p2a: Rotom|14/100
|move|p2a: Rotom|Hydro Pump|p1a: Booker|[miss]
|-miss|p2a: Rotom|p1a: Booker
|
|-heal|p2a: Rotom|20/100|[from] item: Leftovers
|upkeep
|turn|32
|
|t:|1667346874
|switch|p2a: Tangrowth|Tangrowth, F|100/100
|move|p1a: Booker|Thunderbolt|p2a: Tangrowth
|-resisted|p2a: Tangrowth
|-damage|p2a: Tangrowth|67/100
|-status|p2a: Tangrowth|par
|
|upkeep
|turn|33
|
|t:|1667346876
|move|p1a: Booker|Dazzling Gleam|p2a: Tangrowth
|-damage|p2a: Tangrowth|19/100 par
|move|p2a: Tangrowth|Giga Drain|p1a: Booker
|-damage|p1a: Booker|21/100
|-heal|p2a: Tangrowth|35/100 par|[from] drain|[of] p1a: Booker
|
|upkeep
|turn|34
|
|t:|1667346879
|switch|p2a: Melmetal|Melmetal|37/100
|move|p1a: Booker|Dazzling Gleam|p2a: Melmetal
|-resisted|p2a: Melmetal
|-damage|p2a: Melmetal|29/100
|
|upkeep
|turn|35
|
|t:|1667346880
|move|p1a: Booker|Thunderbolt|p2a: Melmetal
|-damage|p2a: Melmetal|3/100
|move|p2a: Melmetal|Double Iron Bash|p1a: Booker
|-damage|p1a: Booker|0 fnt
|faint|p1a: Booker
|-hitcount|p1: Booker|1
|
|upkeep
|
|t:|1667346882
|switch|p1a: Valentine|Raichu-Alola, F, shiny|91/100
|turn|36
|
|t:|1667346885
|move|p1a: Valentine|Rising Voltage|p2a: Melmetal
|-hint|Rising Voltage's BP doubled on grounded target.
|-damage|p2a: Melmetal|0 fnt
|faint|p2a: Melmetal
|-damage|p1a: Valentine|81/100|[from] item: Life Orb
|
|upkeep
|
|t:|1667346885
|switch|p2a: Weavile|Weavile, M|51/100
|-ability|p2a: Weavile|Pressure
|turn|37
|
|t:|1667346888
|move|p2a: Weavile|Ice Shard|p1a: Valentine
|-damage|p1a: Valentine|8/100
|move|p1a: Valentine|Rising Voltage|p2a: Weavile
|-hint|Rising Voltage's BP doubled on grounded target.
|-crit|p2a: Weavile
|-damage|p2a: Weavile|0 fnt
|faint|p2a: Weavile
|-damage|p1a: Valentine|0 fnt|[from] item: Life Orb
|faint|p1a: Valentine
|
|-fieldend|move: Electric Terrain
|upkeep
|
|t:|1667346890
|switch|p2a: Rotom|Rotom-Wash|20/100
|switch|p1a: Croft|Mandibuzz, F|81/100
|turn|38
|
|t:|1667346892
|move|p2a: Rotom|Pain Split|p1a: Croft
|-sethp|p1a: Croft|48/100|[from] move: Pain Split|[silent]
|-sethp|p2a: Rotom|66/100|[from] move: Pain Split
|move|p1a: Croft|Foul Play|p2a: Rotom
|-damage|p2a: Rotom|42/100
|
|-heal|p2a: Rotom|49/100|[from] item: Leftovers
|upkeep
|turn|39
|
|t:|1667346895
|move|p2a: Rotom|Nasty Plot|p2a: Rotom
|-boost|p2a: Rotom|spa|2
|move|p1a: Croft|Roost|p1a: Croft
|-heal|p1a: Croft|98/100
|-singleturn|p1a: Croft|move: Roost
|
|-heal|p2a: Rotom|55/100|[from] item: Leftovers
|upkeep
|turn|40
|
|t:|1667346896
|move|p2a: Rotom|Thunderbolt|p1a: Croft
|-supereffective|p1a: Croft
|-damage|p1a: Croft|0 fnt
|faint|p1a: Croft
|
|win|minimax_ai
|raw|Spectre Ace's rating: 1673 &rarr; <strong>1653</strong><br />(-20 for losing)
|raw|minimax_ai's rating: 1670 &rarr; <strong>1690</strong><br />(+20 for winning)
