|j|☆enpathy
|j|☆dragonitenb
|t:|1645870498
|gametype|singles
|player|p1|enpathy|102|1693
|player|p2|dragonitenb|266|1752
|teamsize|p1|6
|teamsize|p2|6
|gen|8
|tier|[Gen 8] OU
|rated|
|rule|Sleep Clause Mod: Limit one foe put to sleep
|rule|Species Clause: Limit one of each Pokémon
|rule|OHKO Clause: OHKO moves are banned
|rule|Evasion Moves Clause: Evasion moves are banned
|rule|Endless Battle Clause: Forcing endless battles is banned
|rule|HP Percentage Mod: HP is shown in percentages
|rule|Dynamax Clause: You cannot dynamax
|clearpoke
|poke|p1|Tapu Koko|
|poke|p1|Garchomp, F|
|poke|p1|Blissey, F|
|poke|p1|Slowbro, F|
|poke|p1|Tornadus-Therian, M|
|poke|p1|Melmetal|
|poke|p2|Buzzwole|
|poke|p2|Kartana|
|poke|p2|Heatran, M|
|poke|p2|Landorus-Therian, M|
|poke|p2|Slowking, M|
|poke|p2|Weavile, F|
|teampreview
|inactive|Battle timer is ON: inactive players will automatically lose when time's up. (requested by enpathy)
|
|t:|1645870520
|start
|switch|p1a: Tornadus|Tornadus-Therian, M|100/100
|switch|p2a: Heatran|Heatran, M|100/100
|turn|1
|
|t:|1645870524
|move|p1a: Tornadus|Knock Off|p2a: Heatran
|-damage|p2a: Heatran|87/100
|-enditem|p2a: Heatran|Leftovers|[from] move: Knock Off|[of] p1a: Tornadus
|move|p2a: Heatran|Toxic|p1a: Tornadus|[miss]
|-miss|p2a: Heatran|p1a: Tornadus
|
|upkeep
|turn|2
|
|t:|1645870529
|switch|p1a: Garchomp|Garchomp, F|100/100
|move|p2a: Heatran|Stealth Rock|p1a: Garchomp
|-sidestart|p1: enpathy|move: Stealth Rock
|
|upkeep
|turn|3
|
|t:|1645870537
|switch|p2a: Buzzwole|Buzzwole|100/100
|move|p1a: Garchomp|Earthquake|p2a: Buzzwole
|-resisted|p2a: Buzzwole
|-damage|p2a: Buzzwole|87/100
|
|upkeep
|turn|4
|
|t:|1645870540
|switch|p1a: Tornadus|Tornadus-Therian, M|100/100
|move|p2a: Buzzwole|Ice Punch|p1a: Tornadus
|-supereffective|p1a: Tornadus
|-damage|p1a: Tornadus|51/100
|
|upkeep
|turn|5
|
|t:|1645870548
|switch|p2a: Heatran|Heatran, M|87/100
|move|p1a: Tornadus|Defog|p2a: Heatran
|-unboost|p2a: Heatran|evasion|1
|-sideend|p1: enpathy|Stealth Rock|[from] move: Defog|[of] p1a: Tornadus
|
|upkeep
|turn|6
|
|t:|1645870550
|switch|p1a: Garchomp|Garchomp, F|100/100
|move|p2a: Heatran|Stealth Rock|p1a: Garchomp
|-sidestart|p1: enpathy|move: Stealth Rock
|
|upkeep
|turn|7
|
|t:|1645870553
|switch|p2a: Buzzwole|Buzzwole|87/100
|move|p1a: Garchomp|Earthquake|p2a: Buzzwole
|-resisted|p2a: Buzzwole
|-damage|p2a: Buzzwole|71/100
|
|upkeep
|turn|8
|
|t:|1645870555
|switch|p1a: Tornadus|Tornadus-Therian, M|84/100
|move|p2a: Buzzwole|Ice Punch|p1a: Tornadus
|-supereffective|p1a: Tornadus
|-damage|p1a: Tornadus|29/100
|
|upkeep
|turn|9
|
|t:|1645870558
|switch|p2a: Heatran|Heatran, M|87/100
|move|p1a: Tornadus|Hurricane|p2a: Heatran
|-resisted|p2a: Heatran
|-damage|p2a: Heatran|70/100
|
|upkeep
|turn|10
|j| mentalsoft
|
|t:|1645870567
|switch|p1a: Blissey|Blissey, F|100/100
|move|p2a: Heatran|Lava Plume|p1a: Blissey
|-damage|p1a: Blissey|88/100
|-status|p1a: Blissey|brn
|
|-damage|p1a: Blissey|82/100 brn|[from] brn
|upkeep
|turn|11
|
|t:|1645870572
|-curestatus|p1a: Blissey|brn|[from] ability: Natural Cure
|switch|p1a: Garchomp|Garchomp, F|100/100
|-damage|p1a: Garchomp|94/100|[from] Stealth Rock
|move|p2a: Heatran|Heavy Slam|p1a: Garchomp
|-damage|p1a: Garchomp|68/100
|-damage|p2a: Heatran|58/100|[from] ability: Rough Skin|[of] p1a: Garchomp
|
|-heal|p1a: Garchomp|74/100|[from] item: Leftovers
|upkeep
|turn|12
|
|t:|1645870575
|switch|p2a: Buzzwole|Buzzwole|71/100
|move|p1a: Garchomp|Stealth Rock|p2a: Buzzwole
|-sidestart|p2: dragonitenb|move: Stealth Rock
|
|-heal|p1a: Garchomp|81/100|[from] item: Leftovers
|upkeep
|turn|13
|
|t:|1645870586
|switch|p1a: Slowbro|Slowbro, F|100/100
|-damage|p1a: Slowbro|88/100|[from] Stealth Rock
|switch|p2a: Slowking|Slowking, M|100/100
|
|upkeep
|turn|14
|
|t:|1645870589
|move|p2a: Slowking|Future Sight|p1a: Slowbro
|-start|p2a: Slowking|move: Future Sight
|move|p1a: Slowbro|Future Sight|p2a: Slowking
|-start|p1a: Slowbro|move: Future Sight
|
|upkeep
|turn|15
|
|t:|1645870592
|move|p1a: Slowbro|Teleport|p1a: Slowbro
|
|t:|1645870596
|switch|p1a: Melmetal|Melmetal|100/100|[from]move: Teleport
|-damage|p1a: Melmetal|94/100|[from] Stealth Rock
|move|p2a: Slowking|Teleport|p2a: Slowking
|
|t:|1645870601
|switch|p2a: Heatran|Heatran, M|58/100|[from]move: Teleport
|-damage|p2a: Heatran|46/100|[from] Stealth Rock
|
|-heal|p1a: Melmetal|100/100|[from] item: Leftovers
|upkeep
|turn|16
|
|t:|1645870604
|move|p1a: Melmetal|Protect|p1a: Melmetal
|-singleturn|p1a: Melmetal|Protect
|move|p2a: Heatran|Lava Plume|p1a: Melmetal
|-activate|p1a: Melmetal|move: Protect
|
|-end|p2a: Heatran|move: Future Sight
|-resisted|p2a: Heatran
|-damage|p2a: Heatran|30/100
|-end|p1a: Melmetal|move: Future Sight
|-resisted|p1a: Melmetal
|-damage|p1a: Melmetal|85/100
|-heal|p1a: Melmetal|91/100|[from] item: Leftovers
|upkeep
|turn|17
|
|t:|1645870608
|switch|p1a: Blissey|Blissey, F|82/100
|move|p2a: Heatran|Lava Plume|p1a: Blissey
|-damage|p1a: Blissey|69/100
|-status|p1a: Blissey|brn
|
|-damage|p1a: Blissey|63/100 brn|[from] brn
|upkeep
|turn|18
|
|t:|1645870611
|move|p2a: Heatran|Heavy Slam|p1a: Blissey
|-damage|p1a: Blissey|31/100 brn
|move|p1a: Blissey|Soft-Boiled|p1a: Blissey
|-heal|p1a: Blissey|81/100 brn
|
|-damage|p1a: Blissey|75/100 brn|[from] brn
|upkeep
|turn|19
|
|t:|1645870617
|move|p2a: Heatran|Toxic||[still]
|-fail|p2a: Heatran
|move|p1a: Blissey|Teleport|p1a: Blissey
|
|t:|1645870629
|-curestatus|p1a: Blissey|brn|[from] ability: Natural Cure
|switch|p1a: Garchomp|Garchomp, F|81/100|[from]move: Teleport
|-damage|p1a: Garchomp|74/100|[from] Stealth Rock
|
|-heal|p1a: Garchomp|81/100|[from] item: Leftovers
|upkeep
|turn|20
|
|t:|1645870635
|switch|p2a: Buzzwole|Buzzwole|71/100
|-damage|p2a: Buzzwole|59/100|[from] Stealth Rock
|move|p1a: Garchomp|Earthquake|p2a: Buzzwole
|-resisted|p2a: Buzzwole
|-crit|p2a: Buzzwole
|-damage|p2a: Buzzwole|40/100
|
|-heal|p1a: Garchomp|87/100|[from] item: Leftovers
|upkeep
|turn|21
|
|t:|1645870639
|switch|p1a: Tornadus|Tornadus-Therian, M|62/100
|move|p2a: Buzzwole|Roost|p2a: Buzzwole
|-heal|p2a: Buzzwole|90/100
|-singleturn|p2a: Buzzwole|move: Roost
|
|upkeep
|turn|22
|
|t:|1645870643
|switch|p2a: Heatran|Heatran, M|30/100
|-damage|p2a: Heatran|18/100|[from] Stealth Rock
|move|p1a: Tornadus|Hurricane|p2a: Heatran|[miss]
|-miss|p1a: Tornadus|p2a: Heatran
|
|upkeep
|turn|23
|
|t:|1645870647
|switch|p1a: Blissey|Blissey, F|75/100
|move|p2a: Heatran|Lava Plume|p1a: Blissey
|-damage|p1a: Blissey|61/100
|
|upkeep
|turn|24
|
|t:|1645870651
|switch|p2a: Kartana|Kartana|100/100
|-damage|p2a: Kartana|94/100|[from] Stealth Rock
|move|p1a: Blissey|Soft-Boiled|p1a: Blissey
|-heal|p1a: Blissey|100/100
|
|upkeep
|turn|25
|
|t:|1645870654
|move|p2a: Kartana|Knock Off|p1a: Blissey
|-damage|p1a: Blissey|61/100
|-enditem|p1a: Blissey|Heavy-Duty Boots|[from] move: Knock Off|[of] p2a: Kartana
|move|p1a: Blissey|Thunder Wave|p2a: Kartana
|-status|p2a: Kartana|par
|
|upkeep
|turn|26
|
|t:|1645870659
|switch|p1a: Tornadus|Tornadus-Therian, M|96/100
|move|p2a: Kartana|Sacred Sword|p1a: Tornadus
|-resisted|p1a: Tornadus
|-damage|p1a: Tornadus|71/100
|
|upkeep
|turn|27
|
|t:|1645870663
|switch|p2a: Slowking|Slowking, M|100/100
|move|p1a: Tornadus|Hurricane|p2a: Slowking|[miss]
|-miss|p1a: Tornadus|p2a: Slowking
|
|upkeep
|turn|28
|
|t:|1645870665
|move|p1a: Tornadus|Knock Off|p2a: Slowking
|-supereffective|p2a: Slowking
|-damage|p2a: Slowking|70/100
|-enditem|p2a: Slowking|Heavy-Duty Boots|[from] move: Knock Off|[of] p1a: Tornadus
|move|p2a: Slowking|Future Sight|p1a: Tornadus
|-start|p2a: Slowking|move: Future Sight
|
|upkeep
|turn|29
|
|t:|1645870668
|switch|p1a: Melmetal|Melmetal|91/100
|-damage|p1a: Melmetal|85/100|[from] Stealth Rock
|move|p2a: Slowking|Teleport|p2a: Slowking
|
|t:|1645870681
|switch|p2a: Landorus|Landorus-Therian, M|100/100|[from]move: Teleport
|-damage|p2a: Landorus|88/100|[from] Stealth Rock
|-ability|p2a: Landorus|Intimidate|boost
|-unboost|p1a: Melmetal|atk|1
|
|-heal|p2a: Landorus|94/100|[from] item: Leftovers
|-heal|p1a: Melmetal|91/100|[from] item: Leftovers
|upkeep
|turn|30
|
|t:|1645870686
|switch|p1a: Slowbro|Slowbro, F|100/100
|-damage|p1a: Slowbro|88/100|[from] Stealth Rock
|move|p2a: Landorus|Earthquake|p1a: Slowbro
|-damage|p1a: Slowbro|57/100
|
|-end|p1a: Slowbro|move: Future Sight
|-resisted|p1a: Slowbro
|-damage|p1a: Slowbro|38/100
|-heal|p2a: Landorus|99/100|[from] item: Leftovers
|upkeep
|turn|31
|
|t:|1645870691
|switch|p1a: Tornadus|Tornadus-Therian, M|100/100
|move|p2a: Landorus|Toxic|p1a: Tornadus|[miss]
|-miss|p2a: Landorus|p1a: Tornadus
|
|-heal|p2a: Landorus|100/100|[from] item: Leftovers
|upkeep
|turn|32
|
|t:|1645870694
|move|p1a: Tornadus|Knock Off|p2a: Landorus
|-damage|p2a: Landorus|80/100
|-enditem|p2a: Landorus|Leftovers|[from] move: Knock Off|[of] p1a: Tornadus
|move|p2a: Landorus|Toxic|p1a: Tornadus
|-status|p1a: Tornadus|tox
|
|-damage|p1a: Tornadus|94/100 tox|[from] psn
|upkeep
|turn|33
|
|t:|1645870698
|move|p1a: Tornadus|Hurricane|p2a: Landorus|[miss]
|-miss|p1a: Tornadus|p2a: Landorus
|move|p2a: Landorus|U-turn|p1a: Tornadus
|-resisted|p1a: Tornadus
|-damage|p1a: Tornadus|83/100 tox
|
|t:|1645870701
|switch|p2a: Weavile|Weavile, F|100/100|[from]move: U-turn
|-ability|p2a: Weavile|Pressure
|
|-damage|p1a: Tornadus|71/100 tox|[from] psn
|upkeep
|turn|34
|
|t:|1645870706
|switch|p1a: Blissey|Blissey, F|61/100
|-damage|p1a: Blissey|49/100|[from] Stealth Rock
|move|p2a: Weavile|Knock Off|p1a: Blissey
|-damage|p1a: Blissey|22/100
|
|upkeep
|turn|35
|
|t:|1645870709
|move|p2a: Weavile|Knock Off|p1a: Blissey
|-damage|p1a: Blissey|0 fnt
|faint|p1a: Blissey
|
|upkeep
|j| LT_Alt1
|
|t:|1645870710
|switch|p1a: Tapu Koko|Tapu Koko|100/100
|-fieldstart|move: Electric Terrain|[from] ability: Electric Surge|[of] p1a: Tapu Koko
|turn|36
|
|t:|1645870717
|move|p1a: Tapu Koko|Dazzling Gleam|p2a: Weavile
|-supereffective|p2a: Weavile
|-damage|p2a: Weavile|12/100
|move|p2a: Weavile|Triple Axel|p1a: Tapu Koko
|-damage|p1a: Tapu Koko|85/100
|-damage|p1a: Tapu Koko|57/100
|-damage|p1a: Tapu Koko|16/100
|-hitcount|p1a: Tapu Koko|3
|
|upkeep
|turn|37
|
|t:|1645870725
|switch|p1a: Melmetal|Melmetal|91/100
|-damage|p1a: Melmetal|85/100|[from] Stealth Rock
|move|p2a: Weavile|Knock Off|p1a: Melmetal
|-damage|p1a: Melmetal|57/100
|-enditem|p1a: Melmetal|Leftovers|[from] move: Knock Off|[of] p2a: Weavile
|
|upkeep
|turn|38
|
|t:|1645870729
|switch|p2a: Buzzwole|Buzzwole|90/100
|-damage|p2a: Buzzwole|77/100|[from] Stealth Rock
|move|p1a: Melmetal|Toxic|p2a: Buzzwole
|-status|p2a: Buzzwole|tox
|
|-damage|p2a: Buzzwole|71/100 tox|[from] psn
|upkeep
|turn|39
|
|t:|1645870732
|switch|p1a: Slowbro|Slowbro, F|71/100
|-damage|p1a: Slowbro|59/100|[from] Stealth Rock
|move|p2a: Buzzwole|Roost|p2a: Buzzwole
|-heal|p2a: Buzzwole|100/100 tox
|-singleturn|p2a: Buzzwole|move: Roost
|
|-damage|p2a: Buzzwole|88/100 tox|[from] psn
|upkeep
|turn|40
|
|t:|1645870735
|switch|p2a: Slowking|Slowking, M|100/100
|-damage|p2a: Slowking|88/100|[from] Stealth Rock
|move|p1a: Slowbro|Teleport|p1a: Slowbro
|
|t:|1645870750
|switch|p1a: Tapu Koko|Tapu Koko|16/100|[from]move: Teleport
|
|-fieldend|move: Electric Terrain
|upkeep
|turn|41
|
|t:|1645870752
|move|p1a: Tapu Koko|Roost|p1a: Tapu Koko
|-heal|p1a: Tapu Koko|66/100
|-singleturn|p1a: Tapu Koko|move: Roost
|move|p2a: Slowking|Scald|p1a: Tapu Koko
|-damage|p1a: Tapu Koko|24/100
|-status|p1a: Tapu Koko|brn
|
|-damage|p1a: Tapu Koko|18/100 brn|[from] brn
|upkeep
|turn|42
|
|t:|1645870756
|move|p1a: Tapu Koko|Roost|p1a: Tapu Koko
|-heal|p1a: Tapu Koko|68/100 brn
|-singleturn|p1a: Tapu Koko|move: Roost
|move|p2a: Slowking|Future Sight|p1a: Tapu Koko
|-start|p2a: Slowking|move: Future Sight
|
|-damage|p1a: Tapu Koko|62/100 brn|[from] brn
|upkeep
|turn|43
|
|t:|1645870760
|move|p1a: Tapu Koko|Roost|p1a: Tapu Koko
|-heal|p1a: Tapu Koko|100/100 brn
|-singleturn|p1a: Tapu Koko|move: Roost
|move|p2a: Slowking|Scald|p1a: Tapu Koko
|-damage|p1a: Tapu Koko|54/100 brn
|
|-damage|p1a: Tapu Koko|48/100 brn|[from] brn
|upkeep
|turn|44
|
|t:|1645870765
|move|p1a: Tapu Koko|U-turn|p2a: Slowking
|-supereffective|p2a: Slowking
|-damage|p2a: Slowking|76/100
|
|t:|1645870770
|switch|p1a: Slowbro|Slowbro, F|92/100|[from]move: U-turn
|-damage|p1a: Slowbro|79/100|[from] Stealth Rock
|move|p2a: Slowking|Scald|p1a: Slowbro
|-resisted|p1a: Slowbro
|-damage|p1a: Slowbro|66/100
|
|-end|p1a: Slowbro|move: Future Sight
|-resisted|p1a: Slowbro
|-damage|p1a: Slowbro|48/100
|upkeep
|turn|45
|
|t:|1645870773
|move|p1a: Slowbro|Future Sight|p2a: Slowking
|-start|p1a: Slowbro|move: Future Sight
|move|p2a: Slowking|Future Sight|p1a: Slowbro
|-start|p2a: Slowking|move: Future Sight
|
|upkeep
|turn|46
|
|t:|1645870776
|move|p1a: Slowbro|Teleport|p1a: Slowbro
|
|t:|1645870784
|switch|p1a: Tapu Koko|Tapu Koko|48/100 brn|[from]move: Teleport
|-fieldstart|move: Electric Terrain|[from] ability: Electric Surge|[of] p1a: Tapu Koko
|move|p2a: Slowking|Teleport|p2a: Slowking
|
|t:|1645870793
|switch|p2a: Landorus|Landorus-Therian, M|80/100|[from]move: Teleport
|-damage|p2a: Landorus|68/100|[from] Stealth Rock
|-ability|p2a: Landorus|Intimidate|boost
|-unboost|p1a: Tapu Koko|atk|1
|
|-damage|p1a: Tapu Koko|42/100 brn|[from] brn
|upkeep
|turn|47
|
|t:|1645870796
|move|p1a: Tapu Koko|U-turn|p2a: Landorus
|-resisted|p2a: Landorus
|-damage|p2a: Landorus|65/100
|
|t:|1645870805
|switch|p1a: Garchomp|Garchomp, F|87/100|[from]move: U-turn
|-damage|p1a: Garchomp|81/100|[from] Stealth Rock
|move|p2a: Landorus|U-turn|p1a: Garchomp
|-damage|p1a: Garchomp|62/100
|-damage|p2a: Landorus|52/100|[from] ability: Rough Skin|[of] p1a: Garchomp
|
|t:|1645870809
|switch|p2a: Weavile|Weavile, F|12/100|[from]move: U-turn
|-ability|p2a: Weavile|Pressure
|
|-end|p1a: Garchomp|move: Future Sight
|-damage|p1a: Garchomp|20/100
|-end|p2a: Weavile|move: Future Sight
|-immune|p2a: Weavile
|-heal|p1a: Garchomp|27/100|[from] item: Leftovers
|upkeep
|turn|48
|
|t:|1645870813
|move|p2a: Weavile|Ice Shard|p1a: Garchomp
|-supereffective|p1a: Garchomp
|-damage|p1a: Garchomp|0 fnt
|faint|p1a: Garchomp
|
|upkeep
|
|t:|1645870815
|switch|p1a: Tapu Koko|Tapu Koko|42/100 brn
|turn|49
|
|t:|1645870823
|move|p1a: Tapu Koko|Roost|p1a: Tapu Koko
|-heal|p1a: Tapu Koko|92/100 brn
|-singleturn|p1a: Tapu Koko|move: Roost
|move|p2a: Weavile|Knock Off|p1a: Tapu Koko
|-resisted|p1a: Tapu Koko
|-damage|p1a: Tapu Koko|61/100 brn
|-enditem|p1a: Tapu Koko|Heavy-Duty Boots|[from] move: Knock Off|[of] p2a: Weavile
|
|-damage|p1a: Tapu Koko|55/100 brn|[from] brn
|upkeep
|turn|50
|
|t:|1645870825
|switch|p2a: Landorus|Landorus-Therian, M|52/100
|-damage|p2a: Landorus|40/100|[from] Stealth Rock
|-ability|p2a: Landorus|Intimidate|boost
|-unboost|p1a: Tapu Koko|atk|1
|move|p1a: Tapu Koko|Roost|p1a: Tapu Koko
|-heal|p1a: Tapu Koko|100/100 brn
|-singleturn|p1a: Tapu Koko|move: Roost
|
|-damage|p1a: Tapu Koko|94/100 brn|[from] brn
|-fieldend|move: Electric Terrain
|upkeep
|turn|51
|
|t:|1645870831
|move|p1a: Tapu Koko|U-turn|p2a: Landorus
|-resisted|p2a: Landorus
|-damage|p2a: Landorus|37/100
|
|t:|1645870838
|switch|p1a: Tornadus|Tornadus-Therian, M|100/100 tox|[from]move: U-turn
|move|p2a: Landorus|U-turn|p1a: Tornadus
|-resisted|p1a: Tornadus
|-damage|p1a: Tornadus|89/100 tox
|
|t:|1645870847
|switch|p2a: Slowking|Slowking, M|100/100|[from]move: U-turn
|-damage|p2a: Slowking|88/100|[from] Stealth Rock
|
|-damage|p1a: Tornadus|82/100 tox|[from] psn
|upkeep
|turn|52
|
|t:|1645870850
|switch|p1a: Slowbro|Slowbro, F|82/100
|-damage|p1a: Slowbro|69/100|[from] Stealth Rock
|move|p2a: Slowking|Future Sight|p1a: Slowbro
|-start|p2a: Slowking|move: Future Sight
|
|upkeep
|turn|53
|
|t:|1645870856
|move|p1a: Slowbro|Slack Off|p1a: Slowbro
|-heal|p1a: Slowbro|100/100
|move|p2a: Slowking|Teleport|p2a: Slowking
|
|t:|1645870859
|switch|p2a: Kartana|Kartana|94/100 par|[from]move: Teleport
|-damage|p2a: Kartana|88/100 par|[from] Stealth Rock
|
|upkeep
|turn|54
|
|t:|1645870862
|switch|p1a: Tornadus|Tornadus-Therian, M|100/100 tox
|move|p2a: Kartana|Leaf Blade|p1a: Tornadus
|-resisted|p1a: Tornadus
|-damage|p1a: Tornadus|68/100 tox
|
|-end|p1a: Tornadus|move: Future Sight
|-damage|p1a: Tornadus|28/100 tox
|-damage|p1a: Tornadus|22/100 tox|[from] psn
|upkeep
|turn|55
|j| AlIoutdragadarts
|
|t:|1645870871
|switch|p1a: Slowbro|Slowbro, F|100/100
|-damage|p1a: Slowbro|88/100|[from] Stealth Rock
|cant|p2a: Kartana|par
|
|upkeep
|turn|56
|
|t:|1645870877
|move|p2a: Kartana|Knock Off|p1a: Slowbro
|-supereffective|p1a: Slowbro
|-damage|p1a: Slowbro|26/100
|-damage|p2a: Kartana|72/100 par|[from] item: Rocky Helmet|[of] p1a: Slowbro
|-enditem|p1a: Slowbro|Rocky Helmet|[from] move: Knock Off|[of] p2a: Kartana
|move|p1a: Slowbro|Future Sight|p2a: Kartana
|-start|p1a: Slowbro|move: Future Sight
|
|upkeep
|turn|57
|
|t:|1645870881
|switch|p1a: Tornadus|Tornadus-Therian, M|55/100 tox
|move|p2a: Kartana|Knock Off|p1a: Tornadus
|-damage|p1a: Tornadus|10/100 tox
|-enditem|p1a: Tornadus|Heavy-Duty Boots|[from] move: Knock Off|[of] p2a: Kartana
|
|-damage|p1a: Tornadus|4/100 tox|[from] psn
|upkeep
|turn|58
|
|t:|1645870887
|switch|p1a: Tapu Koko|Tapu Koko|94/100 brn
|-damage|p1a: Tapu Koko|82/100 brn|[from] Stealth Rock
|-fieldstart|move: Electric Terrain|[from] ability: Electric Surge|[of] p1a: Tapu Koko
|switch|p2a: Heatran|Heatran, M|18/100
|-damage|p2a: Heatran|5/100|[from] Stealth Rock
|
|-end|p2a: Heatran|move: Future Sight
|-resisted|p2a: Heatran
|-crit|p2a: Heatran
|-damage|p2a: Heatran|0 fnt
|faint|p2a: Heatran
|-damage|p1a: Tapu Koko|76/100 brn|[from] brn
|upkeep
|
|t:|1645870904
|switch|p2a: Slowking|Slowking, M|100/100
|-damage|p2a: Slowking|88/100|[from] Stealth Rock
|turn|59
|
|t:|1645870919
|move|p1a: Tapu Koko|Thunderbolt|p2a: Slowking
|-supereffective|p2a: Slowking
|-crit|p2a: Slowking
|-damage|p2a: Slowking|0 fnt
|faint|p2a: Slowking
|
|-damage|p1a: Tapu Koko|70/100 brn|[from] brn
|upkeep
|
|t:|1645870922
|switch|p2a: Landorus|Landorus-Therian, M|37/100
|-damage|p2a: Landorus|25/100|[from] Stealth Rock
|-ability|p2a: Landorus|Intimidate|boost
|-unboost|p1a: Tapu Koko|atk|1
|turn|60
|
|t:|1645870933
|move|p1a: Tapu Koko|U-turn|p2a: Landorus
|-resisted|p2a: Landorus
|-damage|p2a: Landorus|23/100
|
|t:|1645870936
|switch|p1a: Tornadus|Tornadus-Therian, M|37/100 tox|[from]move: U-turn
|-damage|p1a: Tornadus|12/100 tox|[from] Stealth Rock
|move|p2a: Landorus|U-turn|p1a: Tornadus
|-resisted|p1a: Tornadus
|-damage|p1a: Tornadus|2/100 tox
|
|t:|1645870941
|switch|p2a: Weavile|Weavile, F|12/100|[from]move: U-turn
|-ability|p2a: Weavile|Pressure
|
|-damage|p1a: Tornadus|0 fnt|[from] psn
|faint|p1a: Tornadus
|upkeep
|
|t:|1645870948
|switch|p1a: Tapu Koko|Tapu Koko|70/100 brn
|-damage|p1a: Tapu Koko|57/100 brn|[from] Stealth Rock
|turn|61
|
|t:|1645870951
|move|p2a: Weavile|Ice Shard|p1a: Tapu Koko
|-damage|p1a: Tapu Koko|30/100 brn
|move|p1a: Tapu Koko|Dazzling Gleam|p2a: Weavile
|-supereffective|p2a: Weavile
|-damage|p2a: Weavile|0 fnt
|faint|p2a: Weavile
|
|-damage|p1a: Tapu Koko|24/100 brn|[from] brn
|upkeep
|
|t:|1645870955
|switch|p2a: Kartana|Kartana|72/100 par
|-damage|p2a: Kartana|65/100 par|[from] Stealth Rock
|turn|62
|
|t:|1645870969
|switch|p2a: Landorus|Landorus-Therian, M|23/100
|-damage|p2a: Landorus|10/100|[from] Stealth Rock
|-ability|p2a: Landorus|Intimidate|boost
|-unboost|p1a: Tapu Koko|atk|1
|move|p1a: Tapu Koko|Thunderbolt|p2a: Landorus
|-immune|p2a: Landorus
|
|-damage|p1a: Tapu Koko|18/100 brn|[from] brn
|-fieldend|move: Electric Terrain
|upkeep
|turn|63
|
|t:|1645870974
|move|p1a: Tapu Koko|Dazzling Gleam|p2a: Landorus
|-damage|p2a: Landorus|0 fnt
|faint|p2a: Landorus
|
|-damage|p1a: Tapu Koko|12/100 brn|[from] brn
|upkeep
|
|t:|1645870976
|switch|p2a: Kartana|Kartana|65/100 par
|-damage|p2a: Kartana|59/100 par|[from] Stealth Rock
|turn|64
|
|t:|1645870987
|switch|p1a: Melmetal|Melmetal|57/100
|-damage|p1a: Melmetal|51/100|[from] Stealth Rock
|move|p2a: Kartana|Leaf Blade|p1a: Melmetal
|-resisted|p1a: Melmetal
|-damage|p1a: Melmetal|33/100
|
|upkeep
|turn|65
|
|t:|1645870998
|move|p2a: Kartana|Synthesis|p2a: Kartana
|-heal|p2a: Kartana|100/100 par
|move|p1a: Melmetal|Superpower|p2a: Kartana
|-supereffective|p2a: Kartana
|-damage|p2a: Kartana|17/100 par
|-unboost|p1a: Melmetal|atk|1
|-unboost|p1a: Melmetal|def|1
|
|upkeep
|turn|66
|
|t:|1645871002
|move|p2a: Kartana|Sacred Sword|p1a: Melmetal
|-supereffective|p1a: Melmetal
|-damage|p1a: Melmetal|0 fnt
|faint|p1a: Melmetal
|-ability|p2a: Kartana|Beast Boost|boost
|-boost|p2a: Kartana|atk|1
|
|upkeep
|
|t:|1645871004
|switch|p1a: Tapu Koko|Tapu Koko|12/100 brn
|-damage|p1a: Tapu Koko|0 fnt|[from] Stealth Rock
|faint|p1a: Tapu Koko
|-message|enpathy forfeited.
|
|win|dragonitenb
|raw|enpathy's rating: 1693 &rarr; <strong>1677</strong><br />(-16 for losing)
|raw|dragonitenb's rating: 1760 &rarr; <strong>1776</strong><br />(+16 for winning)
|l|☆enpathy
