|j|☆famzy
|j|☆cump1
|t:|1663611212
|gametype|singles
|player|p1|famzy|rye|1670
|player|p2|cump1|schoolkid-gen4|1695
|teamsize|p1|6
|teamsize|p2|6
|gen|8
|tier|[Gen 8] OU
|rated|
|rule|Sleep Clause Mod: Limit one foe put to sleep
|rule|Species Clause: Limit one of each Pokémon
|rule|OHKO Clause: OHKO moves are banned
|rule|Evasion Items Clause: Evasion items are banned
|rule|Evasion Moves Clause: Evasion moves are banned
|rule|Endless Battle Clause: Forcing endless battles is banned
|rule|HP Percentage Mod: HP is shown in percentages
|rule|Dynamax Clause: You cannot dynamax
|clearpoke
|poke|p1|Darmanitan, M|
|poke|p1|Tapu Lele|
|poke|p1|Dragapult, F|
|poke|p1|Urshifu-*, M|
|poke|p1|Corviknight, F|
|poke|p1|Landorus-Therian, M|
|poke|p2|Swampert, M|
|poke|p2|Mandibuzz, F|
|poke|p2|Rillaboom, M|
|poke|p2|Magnezone|
|poke|p2|Tapu Lele|
|poke|p2|Dragapult, F|
|teampreview
|j| HonchkrowLover27
|c|☆cump1|hf
|
|t:|1663611220
|start
|switch|p1a: Urshifu|Urshifu-Rapid-Strike, M|100/100
|switch|p2a: Swampert|Swampert, M|100/100
|turn|1
|
|t:|1663611226
|switch|p2a: Mandibuzz|Mandibuzz, F|100/100
|move|p1a: Urshifu|Surging Strikes|p2a: Mandibuzz
|-crit|p2a: Mandibuzz
|-damage|p2a: Mandibuzz|88/100
|-crit|p2a: Mandibuzz
|-damage|p2a: Mandibuzz|78/100
|-crit|p2a: Mandibuzz
|-damage|p2a: Mandibuzz|67/100
|-hitcount|p2a: Mandibuzz|3
|
|upkeep
|turn|2
|
|t:|1663611231
|move|p1a: Urshifu|U-turn|p2a: Mandibuzz
|-damage|p2a: Mandibuzz|53/100
|
|t:|1663611232
|switch|p1a: Tapu Lele|Tapu Lele|100/100|[from]move: U-turn
|-fieldstart|move: Psychic Terrain|[from] ability: Psychic Surge|[of] p1a: Tapu Lele
|move|p2a: Mandibuzz|Roost|p2a: Mandibuzz
|-heal|p2a: Mandibuzz|100/100
|-singleturn|p2a: Mandibuzz|move: Roost
|
|upkeep
|turn|3
|c|☆famzy|hf
|
|t:|1663611238
|switch|p2a: Magnezone|Magnezone, shiny|100/100
|move|p1a: Tapu Lele|Moonblast|p2a: Magnezone
|-resisted|p2a: Magnezone
|-damage|p2a: Magnezone|70/100
|
|upkeep
|turn|4
|
|t:|1663611242
|move|p1a: Tapu Lele|Moonblast|p2a: Magnezone
|-resisted|p2a: Magnezone
|-damage|p2a: Magnezone|40/100
|move|p2a: Magnezone|Thunderbolt|p1a: Tapu Lele
|-damage|p1a: Tapu Lele|61/100
|
|upkeep
|turn|5
|
|t:|1663611247
|switch|p1a: Landorus|Landorus-Therian, M|100/100
|-ability|p1a: Landorus|Intimidate|boost
|-unboost|p2a: Magnezone|atk|1
|switch|p2a: Swampert|Swampert, M|100/100
|
|upkeep
|turn|6
|
|t:|1663611250
|move|p1a: Landorus|Toxic|p2a: Swampert
|-status|p2a: Swampert|tox
|move|p2a: Swampert|Stealth Rock|p1a: Landorus
|-sidestart|p1: famzy|move: Stealth Rock
|
|-damage|p2a: Swampert|94/100 tox|[from] psn
|-fieldend|move: Psychic Terrain
|upkeep
|turn|7
|
|t:|1663611254
|move|p1a: Landorus|Stealth Rock|p2a: Swampert
|-sidestart|p2: cump1|move: Stealth Rock
|move|p2a: Swampert|Toxic|p1a: Landorus
|-status|p1a: Landorus|tox
|
|-heal|p2a: Swampert|100/100 tox|[from] item: Leftovers
|-damage|p1a: Landorus|94/100 tox|[from] psn
|-damage|p2a: Swampert|88/100 tox|[from] psn
|upkeep
|turn|8
|
|t:|1663611257
|move|p1a: Landorus|Earthquake|p2a: Swampert
|-damage|p2a: Swampert|46/100 tox
|move|p2a: Swampert|Flip Turn|p1a: Landorus
|-supereffective|p1a: Landorus
|-damage|p1a: Landorus|48/100 tox
|
|t:|1663611262
|switch|p2a: Tapu Lele|Tapu Lele, shiny|100/100|[from]move: Flip Turn
|-damage|p2a: Tapu Lele|88/100|[from] Stealth Rock
|-fieldstart|move: Psychic Terrain|[from] ability: Psychic Surge|[of] p2a: Tapu Lele
|
|-heal|p1a: Landorus|54/100 tox|[from] item: Leftovers
|-damage|p1a: Landorus|42/100 tox|[from] psn
|upkeep
|turn|9
|
|t:|1663611267
|move|p2a: Tapu Lele|Moonblast|p1a: Landorus
|-damage|p1a: Landorus|0 fnt
|faint|p1a: Landorus
|
|upkeep
|j| fghfsfdgfsgds
|
|t:|1663611274
|switch|p1a: Darmanitan|Darmanitan, M|100/100
|-damage|p1a: Darmanitan|76/100|[from] Stealth Rock
|turn|10
|
|t:|1663611279
|switch|p2a: Swampert|Swampert, M|46/100 tox
|-damage|p2a: Swampert|40/100 tox|[from] Stealth Rock
|move|p1a: Darmanitan|Flare Blitz|p2a: Swampert
|-resisted|p2a: Swampert
|-damage|p2a: Swampert|0 fnt
|faint|p2a: Swampert
|-damage|p1a: Darmanitan|61/100|[from] Recoil
|
|upkeep
|
|t:|1663611286
|switch|p2a: Mandibuzz|Mandibuzz, F|100/100
|turn|11
|
|t:|1663611288
|move|p1a: Darmanitan|Flare Blitz|p2a: Mandibuzz
|-damage|p2a: Mandibuzz|15/100
|-damage|p1a: Darmanitan|26/100|[from] Recoil
|move|p2a: Mandibuzz|Foul Play|p1a: Darmanitan
|-damage|p1a: Darmanitan|0 fnt
|faint|p1a: Darmanitan
|
|upkeep
|
|t:|1663611294
|switch|p1a: Dragapult|Dragapult, F|100/100
|-damage|p1a: Dragapult|88/100|[from] Stealth Rock
|turn|12
|
|t:|1663611297
|move|p1a: Dragapult|Shadow Ball|p2a: Mandibuzz
|-resisted|p2a: Mandibuzz
|-damage|p2a: Mandibuzz|0 fnt
|faint|p2a: Mandibuzz
|
|-fieldend|move: Psychic Terrain
|upkeep
|
|t:|1663611302
|switch|p2a: Rillaboom|Rillaboom, M|100/100
|-damage|p2a: Rillaboom|88/100|[from] Stealth Rock
|-fieldstart|move: Grassy Terrain|[from] ability: Grassy Surge|[of] p2a: Rillaboom
|turn|13
|
|t:|1663611305
|switch|p1a: Corviknight|Corviknight, F|100/100
|-damage|p1a: Corviknight|88/100|[from] Stealth Rock
|-ability|p1a: Corviknight|Pressure
|move|p2a: Rillaboom|Knock Off|p1a: Corviknight
|-damage|p1a: Corviknight|55/100
|-damage|p2a: Rillaboom|72/100|[from] item: Rocky Helmet|[of] p1a: Corviknight
|-enditem|p1a: Corviknight|Rocky Helmet|[from] move: Knock Off|[of] p2a: Rillaboom
|
|-heal|p2a: Rillaboom|78/100|[from] Grassy Terrain
|upkeep
|turn|14
|
|t:|1663611307
|switch|p2a: Magnezone|Magnezone, shiny|40/100
|-damage|p2a: Magnezone|34/100|[from] Stealth Rock
|move|p1a: Corviknight|U-turn|p2a: Magnezone
|-resisted|p2a: Magnezone
|-damage|p2a: Magnezone|29/100
|-damage|p1a: Corviknight|38/100|[from] item: Rocky Helmet|[of] p2a: Magnezone
|j| carboxide_ever
|
|t:|1663611311
|switch|p1a: Dragapult|Dragapult, F|88/100|[from]move: U-turn
|-damage|p1a: Dragapult|76/100|[from] Stealth Rock
|
|-heal|p1a: Dragapult|82/100|[from] Grassy Terrain
|-heal|p2a: Magnezone|35/100|[from] Grassy Terrain
|upkeep
|turn|15
|
|t:|1663611319
|move|p1a: Dragapult|Shadow Ball|p2a: Magnezone
|-damage|p2a: Magnezone|0 fnt
|faint|p2a: Magnezone
|
|-heal|p1a: Dragapult|88/100|[from] Grassy Terrain
|upkeep
|
|t:|1663611323
|switch|p2a: Dragapult|Dragapult, F|100/100
|-damage|p2a: Dragapult|88/100|[from] Stealth Rock
|turn|16
|
|t:|1663611333
|switch|p1a: Urshifu|Urshifu-Rapid-Strike, M|100/100
|-damage|p1a: Urshifu|94/100|[from] Stealth Rock
|move|p2a: Dragapult|Sucker Punch||[still]
|-fail|p2a: Dragapult
|
|-heal|p2a: Dragapult|94/100|[from] Grassy Terrain
|-heal|p1a: Urshifu|100/100|[from] Grassy Terrain
|upkeep
|turn|17
|
|t:|1663611338
|switch|p2a: Tapu Lele|Tapu Lele, shiny|88/100
|-damage|p2a: Tapu Lele|76/100|[from] Stealth Rock
|-fieldstart|move: Psychic Terrain|[from] ability: Psychic Surge|[of] p2a: Tapu Lele
|move|p1a: Urshifu|Ice Punch|p2a: Tapu Lele
|-damage|p2a: Tapu Lele|39/100
|
|upkeep
|turn|18
|
|t:|1663611349
|switch|p1a: Corviknight|Corviknight, F|38/100
|-damage|p1a: Corviknight|26/100|[from] Stealth Rock
|-ability|p1a: Corviknight|Pressure
|move|p2a: Tapu Lele|Moonblast|p1a: Corviknight
|-resisted|p1a: Corviknight
|-damage|p1a: Corviknight|0 fnt
|faint|p1a: Corviknight
|
|upkeep
|
|t:|1663611353
|switch|p1a: Tapu Lele|Tapu Lele|61/100
|-damage|p1a: Tapu Lele|48/100|[from] Stealth Rock
|turn|19
|
|t:|1663611356
|move|p1a: Tapu Lele|Moonblast|p2a: Tapu Lele
|-damage|p2a: Tapu Lele|0 fnt
|faint|p2a: Tapu Lele
|
|upkeep
|
|t:|1663611359
|switch|p2a: Rillaboom|Rillaboom, M|78/100
|-damage|p2a: Rillaboom|66/100|[from] Stealth Rock
|-fieldstart|move: Grassy Terrain|[from] ability: Grassy Surge|[of] p2a: Rillaboom
|turn|20
|
|t:|1663611367
|switch|p1a: Urshifu|Urshifu-Rapid-Strike, M|100/100
|-damage|p1a: Urshifu|94/100|[from] Stealth Rock
|move|p2a: Rillaboom|Grassy Glide|p1a: Urshifu
|-supereffective|p1a: Urshifu
|-damage|p1a: Urshifu|0 fnt
|faint|p1a: Urshifu
|
|-heal|p2a: Rillaboom|72/100|[from] Grassy Terrain
|upkeep
|
|t:|1663611369
|switch|p1a: Dragapult|Dragapult, F|88/100
|-damage|p1a: Dragapult|76/100|[from] Stealth Rock
|turn|21
|
|t:|1663611389
|move|p2a: Rillaboom|Grassy Glide|p1a: Dragapult
|-resisted|p1a: Dragapult
|-crit|p1a: Dragapult
|-damage|p1a: Dragapult|2/100
|move|p1a: Dragapult|Draco Meteor|p2a: Rillaboom
|-damage|p2a: Rillaboom|0 fnt
|-unboost|p1a: Dragapult|spa|2
|faint|p2a: Rillaboom
|
|-heal|p1a: Dragapult|8/100|[from] Grassy Terrain
|upkeep
|
|t:|1663611393
|switch|p2a: Dragapult|Dragapult, F|94/100
|-damage|p2a: Dragapult|82/100|[from] Stealth Rock
|turn|22
|
|t:|1663611399
|move|p2a: Dragapult|U-turn|p1a: Dragapult
|-resisted|p1a: Dragapult
|-damage|p1a: Dragapult|0 fnt
|faint|p1a: Dragapult
|
|-heal|p2a: Dragapult|88/100|[from] Grassy Terrain
|upkeep
|
|t:|1663611401
|switch|p1a: Tapu Lele|Tapu Lele|48/100
|-damage|p1a: Tapu Lele|36/100|[from] Stealth Rock
|-fieldstart|move: Psychic Terrain|[from] ability: Psychic Surge|[of] p1a: Tapu Lele
|turn|23
|
|t:|1663611402
|move|p1a: Tapu Lele|Moonblast|p2a: Dragapult
|-supereffective|p2a: Dragapult
|-damage|p2a: Dragapult|0 fnt
|faint|p2a: Dragapult
|
|win|famzy
|raw|famzy's rating: 1670 &rarr; <strong>1691</strong><br />(+21 for winning)
|raw|cump1's rating: 1695 &rarr; <strong>1674</strong><br />(-21 for losing)
|c|☆famzy|gg
|c|☆cump1|gg
|l|☆cump1
