|j|☆theo288
|j|☆wuilan jie
|t:|1655648569
|gametype|singles
|player|p1|theo288|youngster-gen4dp|1600
|player|p2|wuilan jie|red|1691
|teamsize|p1|6
|teamsize|p2|6
|gen|8
|tier|[Gen 8] OU
|rated|
|rule|Sleep Clause Mod: Limit one foe put to sleep
|rule|Species Clause: Limit one of each Pokémon
|rule|OHKO Clause: OHKO moves are banned
|rule|Evasion Moves Clause: Evasion moves are banned
|rule|Endless Battle Clause: Forcing endless battles is banned
|rule|HP Percentage Mod: HP is shown in percentages
|rule|Dynamax Clause: You cannot dynamax
|clearpoke
|poke|p1|Rotom-Wash|
|poke|p1|Toxapex, M|
|poke|p1|Buzzwole|
|poke|p1|Heatran, M|
|poke|p1|Landorus-Therian, M|
|poke|p1|Melmetal|
|poke|p2|Kartana|
|poke|p2|Dragapult, M|
|poke|p2|Swampert, F|
|poke|p2|Bisharp, F|
|poke|p2|Victini|
|poke|p2|Tornadus-Therian, M|
|teampreview
|
|t:|1655648581
|start
|switch|p1a: Melmetal|Melmetal|100/100
|switch|p2a: Swampert|Swampert, F|100/100
|turn|1
|j| Anshuman007
|
|t:|1655648591
|switch|p1a: Rotom|Rotom-Wash|100/100
|move|p2a: Swampert|Stealth Rock|p1a: Rotom
|-sidestart|p1: theo288|move: Stealth Rock
|
|upkeep
|turn|2
|
|t:|1655648595
|move|p1a: Rotom|Will-O-Wisp|p2a: Swampert
|-status|p2a: Swampert|brn
|move|p2a: Swampert|Yawn|p1a: Rotom
|-start|p1a: Rotom|move: Yawn|[of] p2a: Swampert
|
|-damage|p2a: Swampert|94/100 brn|[from] brn
|upkeep
|turn|3
|
|t:|1655648603
|switch|p1a: Melmetal|Melmetal|100/100
|-damage|p1a: Melmetal|94/100|[from] Stealth Rock
|move|p2a: Swampert|Flip Turn|p1a: Melmetal
|-damage|p1a: Melmetal|88/100
|
|t:|1655648610
|switch|p2a: Victini|Victini|100/100|[from]move: Flip Turn
|
|upkeep
|turn|4
|
|t:|1655648618
|switch|p1a: Toxapex|Toxapex, M|100/100
|-damage|p1a: Toxapex|88/100|[from] Stealth Rock
|move|p2a: Victini|Bolt Strike|p1a: Toxapex
|-supereffective|p1a: Toxapex
|-damage|p1a: Toxapex|44/100
|-status|p1a: Toxapex|par
|-damage|p2a: Victini|84/100|[from] item: Rocky Helmet|[of] p1a: Toxapex
|
|upkeep
|turn|5
|l| Anshuman007
|
|t:|1655648644
|switch|p1a: Landorus|Landorus-Therian, M|100/100
|-damage|p1a: Landorus|88/100|[from] Stealth Rock
|-ability|p1a: Landorus|Intimidate|boost
|-unboost|p2a: Victini|atk|1
|move|p2a: Victini|Glaciate|p1a: Landorus
|-supereffective|p1a: Landorus
|-damage|p1a: Landorus|26/100
|-unboost|p1a: Landorus|spe|1
|
|-heal|p1a: Landorus|32/100|[from] item: Leftovers
|upkeep
|turn|6
|
|t:|1655648659
|switch|p1a: Melmetal|Melmetal|88/100
|-damage|p1a: Melmetal|82/100|[from] Stealth Rock
|move|p2a: Victini|Glaciate|p1a: Melmetal
|-resisted|p1a: Melmetal
|-damage|p1a: Melmetal|78/100
|-unboost|p1a: Melmetal|spe|1
|
|upkeep
|turn|7
|
|t:|1655648667
|move|p2a: Victini|V-create|p1a: Melmetal
|-supereffective|p1a: Melmetal
|-damage|p1a: Melmetal|19/100
|-unboost|p2a: Victini|spe|1
|-unboost|p2a: Victini|def|1
|-unboost|p2a: Victini|spd|1
|move|p1a: Melmetal|Earthquake|p2a: Victini
|-supereffective|p2a: Victini
|-damage|p2a: Victini|0 fnt
|faint|p2a: Victini
|
|upkeep
|
|t:|1655648675
|switch|p2a: Bisharp|Bisharp, F|100/100
|turn|8
|
|t:|1655648688
|move|p2a: Bisharp|Knock Off|p1a: Melmetal
|-damage|p1a: Melmetal|0 fnt
|-enditem|p1a: Melmetal|Assault Vest|[from] move: Knock Off|[of] p2a: Bisharp
|faint|p1a: Melmetal
|
|upkeep
|
|t:|1655648690
|switch|p1a: Buzzwole|Buzzwole|100/100
|-damage|p1a: Buzzwole|88/100|[from] Stealth Rock
|turn|9
|
|t:|1655648696
|switch|p2a: Swampert|Swampert, F|94/100 brn
|move|p1a: Buzzwole|Close Combat|p2a: Swampert
|-damage|p2a: Swampert|37/100 brn
|-unboost|p1a: Buzzwole|def|1
|-unboost|p1a: Buzzwole|spd|1
|
|-heal|p2a: Swampert|43/100 brn|[from] item: Leftovers
|-damage|p2a: Swampert|37/100 brn|[from] brn
|upkeep
|turn|10
|
|t:|1655648708
|move|p1a: Buzzwole|Close Combat|p2a: Swampert
|-damage|p2a: Swampert|0 fnt
|-unboost|p1a: Buzzwole|def|1
|-unboost|p1a: Buzzwole|spd|1
|faint|p2a: Swampert
|-ability|p1a: Buzzwole|Beast Boost|boost
|-boost|p1a: Buzzwole|atk|1
|
|upkeep
|
|t:|1655648712
|switch|p2a: Dragapult|Dragapult, M|100/100
|turn|11
|
|t:|1655648719
|switch|p1a: Toxapex|Toxapex, M|77/100 par
|-damage|p1a: Toxapex|65/100 par|[from] Stealth Rock
|move|p2a: Dragapult|Dragon Dance|p2a: Dragapult
|-boost|p2a: Dragapult|atk|1
|-boost|p2a: Dragapult|spe|1
|
|upkeep
|turn|12
|
|t:|1655648724
|move|p2a: Dragapult|Dragon Darts|p1a: Toxapex
|-damage|p1a: Toxapex|33/100 par
|-anim|p2a: Dragapult|Dragon Darts|p1a: Toxapex
|-damage|p1a: Toxapex|0 fnt
|faint|p1a: Toxapex
|-damage|p2a: Dragapult|91/100|[from] item: Life Orb
|
|upkeep
|
|t:|1655648734
|switch|p1a: Buzzwole|Buzzwole|88/100
|-damage|p1a: Buzzwole|76/100|[from] Stealth Rock
|turn|13
|
|t:|1655648737
|move|p2a: Dragapult|Dragon Darts|p1a: Buzzwole
|-damage|p1a: Buzzwole|35/100
|-anim|p2a: Dragapult|Dragon Darts|p1a: Buzzwole
|-damage|p1a: Buzzwole|0 fnt
|faint|p1a: Buzzwole
|-damage|p2a: Dragapult|81/100|[from] item: Life Orb
|
|upkeep
|-message|theo288 forfeited.
|
|win|wuilan jie
|raw|theo288's rating: 1600 &rarr; <strong>1585</strong><br />(-15 for losing)
|raw|wuilan jie's rating: 1691 &rarr; <strong>1706</strong><br />(+15 for winning)
|l|☆theo288
||Ladder isn't responding, score probably updated but might not have (Request timeout).
