|raw|<div class="broadcast-blue"><strong>This battle is required to be public due to a player having a name starting with 'LT73IU'.</div>
|j|☆LT73IU devWIN
|j|☆2222mm
|t:|1598262541
|player|p1|LT73IU devWIN|cyclist-gen4|1688
|player|p2|2222mm|winona-gen3|1641
|teamsize|p1|6
|teamsize|p2|6
|gametype|singles
|gen|8
|tier|[Gen 8] OU
|rated|
|clearpoke
|poke|p1|Clefable, M|
|poke|p1|Corviknight, M|
|poke|p1|Blissey, F|
|poke|p1|Hippowdon, F|
|poke|p1|Toxapex, F|
|poke|p1|Ditto|
|poke|p2|Dracozolt|
|poke|p2|Magnezone|
|poke|p2|Clefable, F|
|poke|p2|Corviknight, M|
|poke|p2|Dragapult, M|
|poke|p2|Amoonguss, M|
|rule|Sleep Clause Mod: Limit one foe put to sleep
|rule|Species Clause: Limit one of each Pokémon
|rule|OHKO Clause: OHKO moves are banned
|rule|Evasion Moves Clause: Evasion moves are banned
|rule|Endless Battle Clause: Forcing endless battles is banned
|rule|HP Percentage Mod: HP is shown in percentages
|rule|Dynamax Clause: You cannot dynamax
|teampreview
|inactive|Battle timer is ON: inactive players will automatically lose when time's up. (requested by LT73IU devWIN)
|j| yhiuyh
|
|t:|1598262554
|start
|switch|p1a: Hippowdon|Hippowdon, F|100/100
|switch|p2a: Dragapult|Dragapult, M|100/100
|-weather|Sandstorm|[from] ability: Sand Stream|[of] p1a: Hippowdon
|turn|1
|
|t:|1598262566
|switch|p2a: Clefable|Clefable, F|100/100
|move|p1a: Hippowdon|Stealth Rock|p2a: Clefable
|-sidestart|p2: 2222mm|move: Stealth Rock
|
|-weather|Sandstorm|[upkeep]
|upkeep
|turn|2
|
|t:|1598262574
|move|p2a: Clefable|Moonblast|p1a: Hippowdon
|-damage|p1a: Hippowdon|76/100
|move|p1a: Hippowdon|Earthquake|p2a: Clefable
|-damage|p2a: Clefable|73/100
|
|-weather|Sandstorm|[upkeep]
|-heal|p1a: Hippowdon|82/100|[from] item: Leftovers
|upkeep
|turn|3
|
|t:|1598262582
|switch|p1a: Blissey|Blissey, F|100/100
|move|p2a: Clefable|Soft-Boiled|p2a: Clefable
|-heal|p2a: Clefable|100/100
|
|-weather|Sandstorm|[upkeep]
|-damage|p1a: Blissey|94/100|[from] Sandstorm
|upkeep
|turn|4
|
|t:|1598262595
|switch|p2a: Corviknight|Corviknight, M|100/100
|-damage|p2a: Corviknight|88/100|[from] Stealth Rock
|-ability|p2a: Corviknight|Pressure
|move|p1a: Blissey|Thunder Wave|p2a: Corviknight
|-status|p2a: Corviknight|par
|
|-weather|Sandstorm|[upkeep]
|-damage|p1a: Blissey|88/100|[from] Sandstorm
|upkeep
|turn|5
|j| dbsfxb
|
|t:|1598262606
|switch|p1a: Toxapex|Toxapex, F|100/100
|move|p2a: Corviknight|Defog|p1a: Toxapex
|-unboost|p1a: Toxapex|evasion|1
|-sideend|p2: 2222mm|Stealth Rock|[from] move: Defog|[of] p2a: Corviknight
|
|-weather|none
|upkeep
|turn|6
|
|t:|1598262610
|move|p1a: Toxapex|Knock Off|p2a: Corviknight
|-damage|p2a: Corviknight|76/100 par
|-enditem|p2a: Corviknight|Shed Shell|[from] move: Knock Off|[of] p1a: Toxapex
|move|p2a: Corviknight|U-turn|p1a: Toxapex
|-resisted|p1a: Toxapex
|-damage|p1a: Toxapex|96/100
|-damage|p2a: Corviknight|60/100 par|[from] item: Rocky Helmet|[of] p1a: Toxapex
|j| LT73IU Stareal
|
|t:|1598262626
|switch|p2a: Magnezone|Magnezone|100/100|[from]move: U-turn
|
|upkeep
|turn|7
|c| LT73IU Stareal|devwin?
|
|t:|1598262632
|switch|p1a: Hippowdon|Hippowdon, F|82/100
|-weather|Sandstorm|[from] ability: Sand Stream|[of] p1a: Hippowdon
|move|p2a: Magnezone|Volt Switch|p1a: Hippowdon
|-immune|p1a: Hippowdon
|
|-weather|Sandstorm|[upkeep]
|-heal|p1a: Hippowdon|88/100|[from] item: Leftovers
|upkeep
|turn|8
|
|t:|1598262641
|switch|p2a: Corviknight|Corviknight, M|60/100 par
|-ability|p2a: Corviknight|Pressure
|move|p1a: Hippowdon|Stealth Rock|p2a: Corviknight
|-sidestart|p2: 2222mm|move: Stealth Rock
|
|-weather|Sandstorm|[upkeep]
|-heal|p1a: Hippowdon|95/100|[from] item: Leftovers
|upkeep
|turn|9
|c|☆LT73IU devWIN|yea
|
|t:|1598262648
|switch|p1a: Clefable|Clefable, M|100/100
|move|p2a: Corviknight|Roost|p2a: Corviknight
|-heal|p2a: Corviknight|100/100 par
|-singleturn|p2a: Corviknight|move: Roost
|
|-weather|Sandstorm|[upkeep]
|upkeep
|turn|10
|
|t:|1598262654
|move|p1a: Clefable|Thunder|p2a: Corviknight|[miss]
|-miss|p1a: Clefable|p2a: Corviknight
|move|p2a: Corviknight|Defog|p1a: Clefable
|-unboost|p1a: Clefable|evasion|1
|-sideend|p2: 2222mm|Stealth Rock|[from] move: Defog|[of] p2a: Corviknight
|
|-weather|Sandstorm|[upkeep]
|upkeep
|turn|11
|c| LT73IU Stareal|devlose?
|c|☆LT73IU devWIN|i mean
|c|☆LT73IU devWIN|i am totally not the person
|
|t:|1598262670
|move|p1a: Clefable|Thunder|p2a: Corviknight
|-supereffective|p2a: Corviknight
|-damage|p2a: Corviknight|52/100 par
|move|p2a: Corviknight|U-turn|p1a: Clefable
|-resisted|p1a: Clefable
|-damage|p1a: Clefable|95/100
|c|☆LT73IU devWIN|who tryharded
|c|☆LT73IU devWIN|for 3 cycles
|
|t:|1598262676
|switch|p2a: Magnezone|Magnezone|100/100|[from]move: U-turn
|
|-weather|none
|upkeep
|turn|12
|c|☆LT73IU devWIN|and didnt reach p offs
|c| LT73IU Stareal|u cant break
|
|t:|1598262688
|switch|p1a: Blissey|Blissey, F|88/100
|move|p2a: Magnezone|Volt Switch|p1a: Blissey
|-damage|p1a: Blissey|61/100
|c| LT73IU Stareal|1800..
|c|☆LT73IU devWIN|i actually did
|
|t:|1598262696
|switch|p2a: Dracozolt|Dracozolt|100/100|[from]move: Volt Switch
|
|upkeep
|turn|13
|c| LT73IU Stareal|i said 1900
|c| LT73IU Stareal|...
|c|☆LT73IU devWIN|but its not my fault my luck is not as good as others
|
|t:|1598262719
|switch|p2a: Corviknight|Corviknight, M|52/100 par
|-ability|p2a: Corviknight|Pressure
|switch|p1a: Hippowdon|Hippowdon, F|95/100
|-weather|Sandstorm|[from] ability: Sand Stream|[of] p1a: Hippowdon
|
|-weather|Sandstorm|[upkeep]
|-heal|p1a: Hippowdon|100/100|[from] item: Leftovers
|upkeep
|turn|14
|
|t:|1598262723
|move|p1a: Hippowdon|Stealth Rock|p2a: Corviknight
|-sidestart|p2: 2222mm|move: Stealth Rock
|cant|p2a: Corviknight|par
|
|-weather|Sandstorm|[upkeep]
|upkeep
|turn|15
|
|t:|1598262732
|switch|p1a: Clefable|Clefable, M|95/100
|move|p2a: Corviknight|Roost|p2a: Corviknight
|-heal|p2a: Corviknight|100/100 par
|-singleturn|p2a: Corviknight|move: Roost
|
|-weather|Sandstorm|[upkeep]
|upkeep
|turn|16
|c| LT73IU Stareal|ur using thug stall
|c|☆LT73IU devWIN|i just started
|
|t:|1598262738
|switch|p2a: Amoonguss|Amoonguss, M|100/100
|-damage|p2a: Amoonguss|88/100|[from] Stealth Rock
|move|p1a: Clefable|Calm Mind|p1a: Clefable
|-boost|p1a: Clefable|spa|1
|-boost|p1a: Clefable|spd|1
|
|-weather|Sandstorm|[upkeep]
|-damage|p2a: Amoonguss|82/100|[from] Sandstorm
|upkeep
|turn|17
|c|☆LT73IU devWIN|like today
|c| LT73IU Stareal|meaning ull get haxed every time
|c|☆LT73IU devWIN|before was just random memes
|
|t:|1598262761
|switch|p1a: Blissey|Blissey, F|61/100
|move|p2a: Amoonguss|Clear Smog|p1a: Blissey
|-damage|p1a: Blissey|56/100
|-clearboost|p1a: Blissey
|
|-weather|none
|upkeep
|turn|18
|
|t:|1598262767
|switch|p2a: Clefable|Clefable, F|100/100
|move|p1a: Blissey|Thunder Wave|p2a: Clefable
|-status|p2a: Clefable|par
|
|upkeep
|turn|19
|
|t:|1598262773
|move|p1a: Blissey|Soft-Boiled|p1a: Blissey
|-heal|p1a: Blissey|100/100
|move|p2a: Clefable|Stealth Rock|p1a: Blissey
|-sidestart|p1: LT73IU devWIN|move: Stealth Rock
|
|upkeep
|turn|20
|j| LT73IU Maxance
|
|t:|1598262778
|move|p1a: Blissey|Seismic Toss|p2a: Clefable
|-damage|p2a: Clefable|75/100 par
|cant|p2a: Clefable|par
|
|upkeep
|turn|21
|
|t:|1598262782
|move|p1a: Blissey|Seismic Toss|p2a: Clefable
|-damage|p2a: Clefable|50/100 par
|cant|p2a: Clefable|par
|
|upkeep
|turn|22
|
|t:|1598262786
|move|p1a: Blissey|Seismic Toss|p2a: Clefable
|-damage|p2a: Clefable|24/100 par
|move|p2a: Clefable|Soft-Boiled|p2a: Clefable
|-heal|p2a: Clefable|74/100 par
|
|upkeep
|turn|23
|
|t:|1598262788
|move|p1a: Blissey|Seismic Toss|p2a: Clefable
|-damage|p2a: Clefable|49/100 par
|move|p2a: Clefable|Soft-Boiled|p2a: Clefable
|-heal|p2a: Clefable|99/100 par
|
|upkeep
|turn|24
|
|t:|1598262793
|switch|p2a: Amoonguss|Amoonguss, M|100/100
|-damage|p2a: Amoonguss|88/100|[from] Stealth Rock
|move|p1a: Blissey|Seismic Toss|p2a: Amoonguss
|-damage|p2a: Amoonguss|65/100
|-damage|p1a: Blissey|84/100|[from] item: Rocky Helmet|[of] p2a: Amoonguss
|
|upkeep
|turn|25
|
|t:|1598262801
|switch|p2a: Corviknight|Corviknight, M|100/100 par
|-damage|p2a: Corviknight|88/100 par|[from] Stealth Rock
|-ability|p2a: Corviknight|Pressure
|move|p1a: Blissey|Thunder Wave|p2a: Corviknight
|-fail|p2a: Corviknight|par
|
|upkeep
|turn|26
|
|t:|1598262805
|switch|p1a: Toxapex|Toxapex, F|100/100
|-damage|p1a: Toxapex|88/100|[from] Stealth Rock
|move|p2a: Corviknight|U-turn|p1a: Toxapex
|-resisted|p1a: Toxapex
|-damage|p1a: Toxapex|84/100
|-damage|p2a: Corviknight|71/100 par|[from] item: Rocky Helmet|[of] p1a: Toxapex
|
|t:|1598262809
|switch|p2a: Magnezone|Magnezone|100/100|[from]move: U-turn
|-damage|p2a: Magnezone|94/100|[from] Stealth Rock
|
|upkeep
|turn|27
|
|t:|1598262816
|switch|p1a: Blissey|Blissey, F|84/100
|move|p2a: Magnezone|Volt Switch|p1a: Blissey
|-damage|p1a: Blissey|54/100
|
|t:|1598262827
|switch|p2a: Corviknight|Corviknight, M|71/100 par|[from]move: Volt Switch
|-damage|p2a: Corviknight|59/100 par|[from] Stealth Rock
|-ability|p2a: Corviknight|Pressure
|
|upkeep
|turn|28
|
|t:|1598262836
|switch|p1a: Toxapex|Toxapex, F|100/100
|-damage|p1a: Toxapex|88/100|[from] Stealth Rock
|cant|p2a: Corviknight|par
|
|upkeep
|turn|29
|
|t:|1598262839
|move|p1a: Toxapex|Scald|p2a: Corviknight
|-damage|p2a: Corviknight|47/100 par
|move|p2a: Corviknight|Roost|p2a: Corviknight
|-heal|p2a: Corviknight|97/100 par
|-singleturn|p2a: Corviknight|move: Roost
|
|upkeep
|turn|30
|
|t:|1598262844
|move|p1a: Toxapex|Scald|p2a: Corviknight
|-damage|p2a: Corviknight|85/100 par
|move|p2a: Corviknight|Defog|p1a: Toxapex
|-unboost|p1a: Toxapex|evasion|1
|-sideend|p1: LT73IU devWIN|Stealth Rock|[from] move: Defog|[of] p2a: Corviknight
|-sideend|p2: 2222mm|Stealth Rock|[from] move: Defog|[of] p2a: Corviknight
|
|upkeep
|turn|31
|
|t:|1598262855
|switch|p2a: Clefable|Clefable, F|99/100 par
|move|p1a: Toxapex|Knock Off|p2a: Clefable
|-resisted|p2a: Clefable
|-damage|p2a: Clefable|94/100 par
|-enditem|p2a: Clefable|Ring Target|[from] move: Knock Off|[of] p1a: Toxapex
|
|upkeep
|turn|32
|l| LT73IU Maxance
|
|t:|1598262866
|switch|p1a: Hippowdon|Hippowdon, F|100/100
|-weather|Sandstorm|[from] ability: Sand Stream|[of] p1a: Hippowdon
|move|p2a: Clefable|Stealth Rock|p1a: Hippowdon
|-sidestart|p1: LT73IU devWIN|move: Stealth Rock
|
|-weather|Sandstorm|[upkeep]
|upkeep
|turn|33
|
|t:|1598262876
|switch|p2a: Magnezone|Magnezone|94/100
|move|p1a: Hippowdon|Stealth Rock|p2a: Magnezone
|-sidestart|p2: 2222mm|move: Stealth Rock
|
|-weather|Sandstorm|[upkeep]
|upkeep
|turn|34
|c|☆LT73IU devWIN|yo bro
|c|☆LT73IU devWIN|i dont see how u break
|c|☆LT73IU devWIN|this team
|c|☆LT73IU devWIN|ff?
|
|t:|1598262898
|move|p2a: Magnezone|Steel Beam|p1a: Hippowdon
|-crit|p1a: Hippowdon
|-damage|p1a: Hippowdon|0 fnt
|-damage|p2a: Magnezone|44/100|[from] mindblown
|faint|p1a: Hippowdon
|
|-weather|Sandstorm|[upkeep]
|upkeep
|c|☆LT73IU devWIN|see star
|
|t:|1598262917
|switch|p1a: Ditto|Ditto|100/100
|-damage|p1a: Ditto|88/100|[from] Stealth Rock
|-transform|p1a: Ditto|p2a: Magnezone|[from] ability: Imposter
|turn|35
|inactive|2222mm has 120 seconds left.
|
|t:|1598262966
|switch|p2a: Amoonguss|Amoonguss, M|98/100
|-damage|p2a: Amoonguss|86/100|[from] Stealth Rock
|move|p1a: Ditto|Volt Switch|p2a: Amoonguss
|-resisted|p2a: Amoonguss
|-damage|p2a: Amoonguss|60/100
|j| LT73IU Maxance
|
|t:|1598262976
|switch|p1a: Blissey|Blissey, F|54/100|[from]move: Volt Switch
|
|-weather|Sandstorm|[upkeep]
|-damage|p1a: Blissey|48/100|[from] Sandstorm
|-damage|p2a: Amoonguss|54/100|[from] Sandstorm
|upkeep
|turn|36
|
|t:|1598262984
|switch|p2a: Corviknight|Corviknight, M|85/100 par
|-damage|p2a: Corviknight|72/100 par|[from] Stealth Rock
|-ability|p2a: Corviknight|Pressure
|move|p1a: Blissey|Soft-Boiled|p1a: Blissey
|-heal|p1a: Blissey|98/100
|
|-weather|none
|upkeep
|turn|37
|
|t:|1598262994
|switch|p1a: Toxapex|Toxapex, F|100/100
|-damage|p1a: Toxapex|88/100|[from] Stealth Rock
|move|p2a: Corviknight|Defog|p1a: Toxapex
|-unboost|p1a: Toxapex|evasion|1
|-sideend|p1: LT73IU devWIN|Stealth Rock|[from] move: Defog|[of] p2a: Corviknight
|-sideend|p2: 2222mm|Stealth Rock|[from] move: Defog|[of] p2a: Corviknight
|
|upkeep
|turn|38
|
|t:|1598262999
|switch|p1a: Corviknight|Corviknight, M|100/100
|-ability|p1a: Corviknight|Pressure
|move|p2a: Corviknight|Roost|p2a: Corviknight
|-heal|p2a: Corviknight|100/100 par
|-singleturn|p2a: Corviknight|move: Roost
|
|upkeep
|turn|39
|
|t:|1598263004
|move|p1a: Corviknight|U-turn|p2a: Corviknight
|-resisted|p2a: Corviknight
|-damage|p2a: Corviknight|98/100 par
|
|t:|1598263012
|switch|p1a: Toxapex|Toxapex, F|100/100|[from]move: U-turn
|cant|p2a: Corviknight|par
|
|upkeep
|turn|40
|
|t:|1598263021
|switch|p1a: Corviknight|Corviknight, M|100/100
|-ability|p1a: Corviknight|Pressure
|cant|p2a: Corviknight|par
|
|upkeep
|turn|41
|
|t:|1598263025
|move|p1a: Corviknight|U-turn|p2a: Corviknight
|-resisted|p2a: Corviknight
|-damage|p2a: Corviknight|95/100 par
|
|t:|1598263026
|switch|p1a: Toxapex|Toxapex, F|100/100|[from]move: U-turn
|cant|p2a: Corviknight|par
|
|upkeep
|turn|42
|
|t:|1598263030
|switch|p1a: Corviknight|Corviknight, M|100/100
|-ability|p1a: Corviknight|Pressure
|move|p2a: Corviknight|U-turn|p1a: Corviknight
|-resisted|p1a: Corviknight
|-damage|p1a: Corviknight|98/100
|
|t:|1598263033
|switch|p2a: Magnezone|Magnezone|44/100|[from]move: U-turn
|
|-heal|p1a: Corviknight|100/100|[from] item: Leftovers
|upkeep
|turn|43
|
|t:|1598263041
|switch|p1a: Blissey|Blissey, F|98/100
|move|p2a: Magnezone|Volt Switch|p1a: Blissey
|-damage|p1a: Blissey|67/100
|
|t:|1598263047
|switch|p2a: Dracozolt|Dracozolt|100/100|[from]move: Volt Switch
|
|upkeep
|turn|44
|
|t:|1598263052
|switch|p1a: Ditto|Ditto|88/100
|-transform|p1a: Ditto|p2a: Dracozolt|[from] ability: Imposter
|move|p2a: Dracozolt|Bolt Beak|p1a: Ditto
|-heal|p1a: Ditto|100/100|[from] ability: Volt Absorb|[of] p2a: Dracozolt
|
|upkeep
|turn|45
|c| LT73IU Stareal|hint
|j| LT73IU Shuckle
|c| LT73IU Stareal|u lose
|
|t:|1598263063
|switch|p2a: Amoonguss|Amoonguss, M|87/100
|move|p1a: Ditto|Bolt Beak|p2a: Amoonguss
|-resisted|p2a: Amoonguss
|-damage|p2a: Amoonguss|66/100
|-damage|p1a: Ditto|84/100|[from] item: Rocky Helmet|[of] p2a: Amoonguss
|
|upkeep
|turn|46
|
|t:|1598263074
|switch|p1a: Clefable|Clefable, M|95/100
|move|p2a: Amoonguss|Spore|p1a: Clefable
|-status|p1a: Clefable|slp|[from] move: Spore
|
|upkeep
|turn|47
|
|t:|1598263079
|switch|p2a: Magnezone|Magnezone|44/100
|cant|p1a: Clefable|slp
|
|upkeep
|turn|48
|
|t:|1598263086
|switch|p1a: Blissey|Blissey, F|67/100
|move|p2a: Magnezone|Flash Cannon|p1a: Blissey
|-damage|p1a: Blissey|35/100
|
|upkeep
|turn|49
|
|t:|1598263097
|switch|p2a: Clefable|Clefable, F|94/100 par
|move|p1a: Blissey|Soft-Boiled|p1a: Blissey
|-heal|p1a: Blissey|85/100
|
|upkeep
|turn|50
|
|t:|1598263101
|move|p1a: Blissey|Seismic Toss|p2a: Clefable
|-damage|p2a: Clefable|68/100 par
|move|p2a: Clefable|Trick|p1a: Blissey
|-activate|p2a: Clefable|move: Trick|[of] p1a: Blissey
|-enditem|p1a: Blissey|Heavy-Duty Boots|[silent]|[from] move: Trick
|-item|p2a: Clefable|Heavy-Duty Boots|[from] move: Trick
|
|upkeep
|turn|51
|
|t:|1598263110
|move|p1a: Blissey|Seismic Toss|p2a: Clefable
|-damage|p2a: Clefable|43/100 par
|move|p2a: Clefable|Soft-Boiled|p2a: Clefable
|-heal|p2a: Clefable|93/100 par
|
|upkeep
|turn|52
|
|t:|1598263114
|move|p1a: Blissey|Seismic Toss|p2a: Clefable
|-damage|p2a: Clefable|68/100 par
|move|p2a: Clefable|Stealth Rock|p1a: Blissey
|-sidestart|p1: LT73IU devWIN|move: Stealth Rock
|
|upkeep
|turn|53
|
|t:|1598263119
|switch|p2a: Corviknight|Corviknight, M|95/100 par
|-ability|p2a: Corviknight|Pressure
|move|p1a: Blissey|Seismic Toss|p2a: Corviknight
|-damage|p2a: Corviknight|70/100 par
|
|upkeep
|turn|54
|
|t:|1598263123
|move|p2a: Corviknight|Roost|p2a: Corviknight
|-heal|p2a: Corviknight|100/100 par
|-singleturn|p2a: Corviknight|move: Roost
|move|p1a: Blissey|Teleport|p1a: Blissey
|
|t:|1598263126
|switch|p1a: Clefable|Clefable, M|95/100 slp|[from]move: Teleport
|
|upkeep
|turn|55
|
|t:|1598263130
|cant|p1a: Clefable|slp
|move|p2a: Corviknight|U-turn|p1a: Clefable
|-resisted|p1a: Clefable
|-damage|p1a: Clefable|89/100 slp
|
|t:|1598263132
|switch|p2a: Magnezone|Magnezone|44/100|[from]move: U-turn
|
|upkeep
|turn|56
|
|t:|1598263137
|switch|p1a: Blissey|Blissey, F|85/100
|-damage|p1a: Blissey|72/100|[from] Stealth Rock
|move|p2a: Magnezone|Volt Switch|p1a: Blissey
|-damage|p1a: Blissey|43/100
|
|t:|1598263145
|switch|p2a: Dracozolt|Dracozolt|100/100|[from]move: Volt Switch
|
|upkeep
|turn|57
|
|t:|1598263153
|switch|p1a: Ditto|Ditto|84/100
|-damage|p1a: Ditto|71/100|[from] Stealth Rock
|-transform|p1a: Ditto|p2a: Dracozolt|[from] ability: Imposter
|move|p2a: Dracozolt|Bolt Beak|p1a: Ditto
|-heal|p1a: Ditto|96/100|[from] ability: Volt Absorb|[of] p2a: Dracozolt
|
|upkeep
|turn|58
|
|t:|1598263162
|switch|p2a: Amoonguss|Amoonguss, M|99/100
|move|p1a: Ditto|Draco Meteor|p2a: Amoonguss
|-damage|p2a: Amoonguss|44/100
|-unboost|p1a: Ditto|spa|2
|
|upkeep
|turn|59
|
|t:|1598263179
|switch|p1a: Clefable|Clefable, M|89/100 slp
|switch|p2a: Corviknight|Corviknight, M|100/100 par
|-ability|p2a: Corviknight|Pressure
|
|upkeep
|turn|60
|
|t:|1598263183
|cant|p1a: Clefable|slp
|move|p2a: Corviknight|U-turn|p1a: Clefable
|-resisted|p1a: Clefable
|-damage|p1a: Clefable|83/100 slp
|
|t:|1598263188
|switch|p2a: Magnezone|Magnezone|44/100|[from]move: U-turn
|
|upkeep
|turn|61
|j| LT73IU NTAIZAI
|
|t:|1598263199
|switch|p1a: Ditto|Ditto|96/100
|-damage|p1a: Ditto|84/100|[from] Stealth Rock
|-transform|p1a: Ditto|p2a: Magnezone|[from] ability: Imposter
|move|p2a: Magnezone|Thunderbolt|p1a: Ditto
|-resisted|p1a: Ditto
|-damage|p1a: Ditto|19/100
|
|upkeep
|turn|62
|
|t:|1598263223
|switch|p2a: Amoonguss|Amoonguss, M|77/100
|move|p1a: Ditto|Volt Switch|p2a: Amoonguss
|-resisted|p2a: Amoonguss
|-damage|p2a: Amoonguss|52/100
|
|t:|1598263227
|switch|p1a: Blissey|Blissey, F|43/100|[from]move: Volt Switch
|-damage|p1a: Blissey|30/100|[from] Stealth Rock
|
|upkeep
|turn|63
|l| LT73IU Shuckle
|
|t:|1598263241
|move|p1a: Blissey|Soft-Boiled|p1a: Blissey
|-heal|p1a: Blissey|80/100
|move|p2a: Amoonguss|Sludge Bomb|p1a: Blissey
|-damage|p1a: Blissey|71/100
|-status|p1a: Blissey|psn
|
|-damage|p1a: Blissey|58/100 psn|[from] psn
|upkeep
|turn|64
|j| LT73IU Shuckle
|
|t:|1598263262
|move|p1a: Blissey|Thunder Wave|p2a: Amoonguss
|-status|p2a: Amoonguss|par
|move|p2a: Amoonguss|Giga Drain|p1a: Blissey
|-crit|p1a: Blissey
|-damage|p1a: Blissey|47/100 psn
|-heal|p2a: Amoonguss|62/100 par|[from] drain|[of] p1a: Blissey
|
|-damage|p1a: Blissey|34/100 psn|[from] psn
|upkeep
|turn|65
|
|t:|1598263286
|switch|p2a: Dracozolt|Dracozolt|100/100
|move|p1a: Blissey|Soft-Boiled|p1a: Blissey
|-heal|p1a: Blissey|84/100 psn
|
|-damage|p1a: Blissey|72/100 psn|[from] psn
|upkeep
|turn|66
|j| Curry and shit
|
|t:|1598263297
|switch|p1a: Ditto|Ditto|19/100
|-damage|p1a: Ditto|7/100|[from] Stealth Rock
|-transform|p1a: Ditto|p2a: Dracozolt|[from] ability: Imposter
|move|p2a: Dracozolt|Substitute|p2a: Dracozolt
|-start|p2a: Dracozolt|Substitute
|-damage|p2a: Dracozolt|76/100
|
|upkeep
|turn|67
|
|t:|1598263303
|move|p1a: Ditto|Draco Meteor|p2a: Dracozolt
|-supereffective|p2a: Dracozolt
|-end|p2a: Dracozolt|Substitute
|-unboost|p1a: Ditto|spa|2
|move|p2a: Dracozolt|Fire Blast|p1a: Ditto
|-resisted|p1a: Ditto
|-damage|p1a: Ditto|0 fnt
|-damage|p2a: Dracozolt|66/100|[from] item: Life Orb
|faint|p1a: Ditto
|
|upkeep
|
|t:|1598263312
|switch|p1a: Clefable|Clefable, M|83/100 slp
|turn|68
|
|t:|1598263317
|switch|p2a: Amoonguss|Amoonguss, M|95/100 par
|-curestatus|p1a: Clefable|slp|[msg]
|move|p1a: Clefable|Moonblast|p2a: Amoonguss
|-resisted|p2a: Amoonguss
|-damage|p2a: Amoonguss|77/100 par
|
|upkeep
|turn|69
|
|t:|1598263325
|switch|p1a: Toxapex|Toxapex, F|100/100
|-damage|p1a: Toxapex|88/100|[from] Stealth Rock
|move|p2a: Amoonguss|Spore|p1a: Toxapex
|-status|p1a: Toxapex|slp|[from] move: Spore
|
|upkeep
|turn|70
|
|t:|1598263328
|switch|p1a: Clefable|Clefable, M|83/100
|switch|p2a: Magnezone|Magnezone|44/100
|
|upkeep
|turn|71
|
|t:|1598263333
|move|p2a: Magnezone|Flash Cannon|p1a: Clefable
|-supereffective|p1a: Clefable
|-damage|p1a: Clefable|0 fnt
|faint|p1a: Clefable
|
|upkeep
|-message|LT73IU devWIN forfeited.
|
|win|2222mm
|l|☆LT73IU devWIN
|raw|LT73IU devWIN's rating: 1688 &rarr; <strong>1666</strong><br />(-22 for losing)
|raw|2222mm's rating: 1636 &rarr; <strong>1659</strong><br />(+23 for winning)
|l| LT73IU Maxance
|l| yhiuyh
|j| Pais
|l| LT73IU NTAIZAI
|l| Pais
|l|☆2222mm
|l| Curry and shit
|l| LT73IU Shuckle
|l| dbsfxb
