|raw|<div class="broadcast-blue"><strong>This battle is required to be public due to a player having a name starting with 'lt93oq'.</div>
|j|☆Plasmeek
|j|☆LT93OQ Dasmer
|t:|1660945663
|gametype|singles
|player|p1|Plasmeek|youngster-gen4dp|1863
|player|p2|LT93OQ Dasmer|rei|1893
|teamsize|p1|6
|teamsize|p2|6
|gen|8
|tier|[Gen 8] OU
|rated|
|rule|Sleep Clause Mod: Limit one foe put to sleep
|rule|Species Clause: Limit one of each Pokémon
|rule|OHKO Clause: OHKO moves are banned
|rule|Evasion Items Clause: Evasion items are banned
|rule|Evasion Moves Clause: Evasion moves are banned
|rule|Endless Battle Clause: Forcing endless battles is banned
|rule|HP Percentage Mod: HP is shown in percentages
|rule|Dynamax Clause: You cannot dynamax
|clearpoke
|poke|p1|Blacephalon|
|poke|p1|Urshifu-*, F|
|poke|p1|Tapu Koko|
|poke|p1|Landorus-Therian, M|
|poke|p1|Ferrothorn, F|
|poke|p1|Slowking, F|
|poke|p2|Volcarona, M|
|poke|p2|Clefable, M|
|poke|p2|Dragonite, F|
|poke|p2|Ferrothorn, M|
|poke|p2|Landorus-Therian, M|
|poke|p2|Zeraora|
|teampreview
|j| CB Bhris Breezy
|inactive|Battle timer is ON: inactive players will automatically lose when time's up. (requested by LT93OQ Dasmer)
|
|t:|1660945712
|start
|switch|p1a: Landorus|Landorus-Therian, M|100/100
|switch|p2a: Landorus|Landorus-Therian, M|100/100
|-ability|p2a: Landorus|Intimidate|boost
|-unboost|p1a: Landorus|atk|1
|-ability|p1a: Landorus|Intimidate|boost
|-unboost|p2a: Landorus|atk|1
|turn|1
|j| Lunarr
|j| lt93oq fenomeno
|
|t:|1660945719
|move|p2a: Landorus|Toxic|p1a: Landorus
|-status|p1a: Landorus|tox
|move|p1a: Landorus|Knock Off|p2a: Landorus
|-damage|p2a: Landorus|79/100
|-enditem|p2a: Landorus|Leftovers|[from] move: Knock Off|[of] p1a: Landorus
|
|-damage|p1a: Landorus|94/100 tox|[from] psn
|upkeep
|turn|2
|
|t:|1660945723
|move|p2a: Landorus|Stealth Rock|p1a: Landorus
|-sidestart|p1: Plasmeek|move: Stealth Rock
|move|p1a: Landorus|U-turn|p2a: Landorus
|-resisted|p2a: Landorus
|-damage|p2a: Landorus|73/100
|
|t:|1660945729
|switch|p1a: Ferrothorn|Ferrothorn, F|100/100|[from]move: U-turn
|-damage|p1a: Ferrothorn|94/100|[from] Stealth Rock
|
|upkeep
|turn|3
|
|t:|1660945740
|switch|p2a: Ferrothorn|Ferrothorn, M|100/100
|move|p1a: Ferrothorn|Stealth Rock|p2a: Ferrothorn
|-sidestart|p2: LT93OQ Dasmer|move: Stealth Rock
|
|upkeep
|turn|4
|
|t:|1660945749
|move|p1a: Ferrothorn|Knock Off|p2a: Ferrothorn
|-damage|p2a: Ferrothorn|87/100
|-damage|p1a: Ferrothorn|82/100|[from] ability: Iron Barbs|[of] p2a: Ferrothorn
|-enditem|p2a: Ferrothorn|Leftovers|[from] move: Knock Off|[of] p1a: Ferrothorn
|move|p2a: Ferrothorn|Spikes|p1a: Ferrothorn
|-sidestart|p1: Plasmeek|Spikes
|
|upkeep
|turn|5
|
|t:|1660945751
|move|p1a: Ferrothorn|Body Press|p2a: Ferrothorn
|-supereffective|p2a: Ferrothorn
|-damage|p2a: Ferrothorn|49/100
|-damage|p1a: Ferrothorn|69/100|[from] ability: Iron Barbs|[of] p2a: Ferrothorn
|move|p2a: Ferrothorn|Spikes|p1a: Ferrothorn
|-sidestart|p1: Plasmeek|Spikes
|
|upkeep
|turn|6
|
|t:|1660945753
|move|p1a: Ferrothorn|Body Press|p2a: Ferrothorn
|-supereffective|p2a: Ferrothorn
|-damage|p2a: Ferrothorn|10/100
|-damage|p1a: Ferrothorn|57/100|[from] ability: Iron Barbs|[of] p2a: Ferrothorn
|move|p2a: Ferrothorn|Spikes|p1a: Ferrothorn
|-sidestart|p1: Plasmeek|Spikes
|
|upkeep
|turn|7
|
|t:|1660945756
|switch|p2a: Clefable|Clefable, M|100/100
|move|p1a: Ferrothorn|Knock Off|p2a: Clefable
|-resisted|p2a: Clefable
|-damage|p2a: Clefable|91/100
|-enditem|p2a: Clefable|Leftovers|[from] move: Knock Off|[of] p1a: Ferrothorn
|
|upkeep
|turn|8
|
|t:|1660945762
|switch|p1a: Slowking|Slowking, F|100/100
|move|p2a: Clefable|Moonblast|p1a: Slowking
|-damage|p1a: Slowking|81/100
|
|upkeep
|turn|9
|
|t:|1660945767
|move|p2a: Clefable|Thunder Wave|p1a: Slowking
|-status|p1a: Slowking|par
|cant|p1a: Slowking|par
|
|upkeep
|turn|10
|
|t:|1660945771
|move|p2a: Clefable|Moonblast|p1a: Slowking
|-damage|p1a: Slowking|60/100 par
|move|p1a: Slowking|Teleport|p1a: Slowking
|
|t:|1660945774
|switch|p1a: Landorus|Landorus-Therian, M|94/100 tox|[from]move: Teleport
|-damage|p1a: Landorus|82/100 tox|[from] Stealth Rock
|-ability|p1a: Landorus|Intimidate|boost
|-unboost|p2a: Clefable|atk|1
|
|-heal|p1a: Landorus|88/100 tox|[from] item: Leftovers
|-damage|p1a: Landorus|82/100 tox|[from] psn
|upkeep
|turn|11
|
|t:|1660945778
|switch|p2a: Landorus|Landorus-Therian, M|73/100
|-damage|p2a: Landorus|60/100|[from] Stealth Rock
|-ability|p2a: Landorus|Intimidate|boost
|-unboost|p1a: Landorus|atk|1
|move|p1a: Landorus|Defog|p2a: Landorus
|-unboost|p2a: Landorus|evasion|1
|-sideend|p2: LT93OQ Dasmer|Stealth Rock|[from] move: Defog|[of] p1a: Landorus
|-sideend|p1: Plasmeek|Spikes|[from] move: Defog|[of] p1a: Landorus
|-sideend|p1: Plasmeek|Stealth Rock|[from] move: Defog|[of] p1a: Landorus
|
|-heal|p1a: Landorus|88/100 tox|[from] item: Leftovers
|-damage|p1a: Landorus|76/100 tox|[from] psn
|upkeep
|turn|12
|
|t:|1660945783
|move|p2a: Landorus|Stealth Rock|p1a: Landorus
|-sidestart|p1: Plasmeek|move: Stealth Rock
|move|p1a: Landorus|U-turn|p2a: Landorus
|-resisted|p2a: Landorus
|-damage|p2a: Landorus|53/100
|
|t:|1660945787
|switch|p1a: Urshifu|Urshifu-Rapid-Strike, F|100/100|[from]move: U-turn
|-damage|p1a: Urshifu|94/100|[from] Stealth Rock
|
|upkeep
|turn|13
|
|t:|1660945790
|switch|p2a: Ferrothorn|Ferrothorn, M|10/100
|move|p1a: Urshifu|Surging Strikes|p2a: Ferrothorn
|-resisted|p2a: Ferrothorn
|-crit|p2a: Ferrothorn
|-damage|p2a: Ferrothorn|4/100
|-activate|p2a: Ferrothorn|ability: Iron Barbs
|-activate|p1a: Urshifu|item: Protective Pads
|-resisted|p2a: Ferrothorn
|-crit|p2a: Ferrothorn
|-damage|p2a: Ferrothorn|0 fnt
|-activate|p2a: Ferrothorn|ability: Iron Barbs
|-activate|p1a: Urshifu|item: Protective Pads
|faint|p2a: Ferrothorn
|-hitcount|p2: Ferrothorn|2
|
|upkeep
|
|t:|1660945792
|switch|p2a: Zeraora|Zeraora|100/100
|turn|14
|j| LT93OQ SERPI
|
|t:|1660945800
|switch|p2a: Dragonite|Dragonite, F|100/100
|switch|p1a: Landorus|Landorus-Therian, M|76/100 tox
|-damage|p1a: Landorus|64/100 tox|[from] Stealth Rock
|-ability|p1a: Landorus|Intimidate|boost
|-unboost|p2a: Dragonite|atk|1
|
|-heal|p1a: Landorus|70/100 tox|[from] item: Leftovers
|-damage|p1a: Landorus|64/100 tox|[from] psn
|upkeep
|turn|15
|
|t:|1660945806
|switch|p2a: Volcarona|Volcarona, M|100/100
|switch|p1a: Ferrothorn|Ferrothorn, F|57/100
|-damage|p1a: Ferrothorn|50/100|[from] Stealth Rock
|
|upkeep
|turn|16
|
|t:|1660945824
|switch|p1a: Blacephalon|Blacephalon|100/100
|-damage|p1a: Blacephalon|76/100|[from] Stealth Rock
|move|p2a: Volcarona|Quiver Dance|p2a: Volcarona
|-boost|p2a: Volcarona|spa|1
|-boost|p2a: Volcarona|spd|1
|-boost|p2a: Volcarona|spe|1
|
|upkeep
|turn|17
|
|t:|1660945828
|move|p2a: Volcarona|Psychic|p1a: Blacephalon
|-damage|p1a: Blacephalon|0 fnt
|faint|p1a: Blacephalon
|
|upkeep
|
|t:|1660945839
|switch|p1a: Slowking|Slowking, F|94/100 par
|turn|18
|
|t:|1660945840
|move|p2a: Volcarona|Bug Buzz|p1a: Slowking
|-supereffective|p1a: Slowking
|-damage|p1a: Slowking|0 fnt
|faint|p1a: Slowking
|
|upkeep
|
|t:|1660945848
|switch|p1a: Urshifu|Urshifu-Rapid-Strike, F|94/100
|-damage|p1a: Urshifu|88/100|[from] Stealth Rock
|turn|19
|
|t:|1660945849
|move|p1a: Urshifu|Aqua Jet|p2a: Volcarona
|-supereffective|p2a: Volcarona
|-damage|p2a: Volcarona|40/100
|move|p2a: Volcarona|Psychic|p1a: Urshifu
|-supereffective|p1a: Urshifu
|-damage|p1a: Urshifu|0 fnt
|faint|p1a: Urshifu
|
|upkeep
|-message|Plasmeek forfeited.
|
|win|LT93OQ Dasmer
|raw|Plasmeek's rating: 1863 &rarr; <strong>1845</strong><br />(-18 for losing)
|raw|LT93OQ Dasmer's rating: 1893 &rarr; <strong>1911</strong><br />(+18 for winning)
|l|☆Plasmeek
|l|☆LT93OQ Dasmer
|j| LT93OQ LOOR
||Ladder isn't responding, score probably updated but might not have (Request timeout).
