|j|☆minimax_ai
|j|☆toon arctozolt
|t:|1663044803
|gametype|singles
|player|p1|minimax_ai|lusamine-nihilego|1491
|player|p2|toon arctozolt|pokemaniac|1440
|teamsize|p1|6
|teamsize|p2|6
|gen|8
|tier|[Gen 8] OU
|rated|
|rule|Sleep Clause Mod: Limit one foe put to sleep
|rule|Species Clause: Limit one of each Pokémon
|rule|OHKO Clause: OHKO moves are banned
|rule|Evasion Items Clause: Evasion items are banned
|rule|Evasion Moves Clause: Evasion moves are banned
|rule|Endless Battle Clause: Forcing endless battles is banned
|rule|HP Percentage Mod: HP is shown in percentages
|rule|Dynamax Clause: You cannot dynamax
|clearpoke
|poke|p1|Rotom-Wash|
|poke|p1|Weavile, F|
|poke|p1|Landorus-Therian, M|
|poke|p1|Heatran, M|
|poke|p1|Tangrowth, F|
|poke|p1|Melmetal|
|poke|p2|Celesteela|
|poke|p2|Urshifu-*, F|
|poke|p2|Landorus-Therian, M|
|poke|p2|Blacephalon|
|poke|p2|Nihilego|
|poke|p2|Dragapult, F|
|teampreview
|inactive|Battle timer is ON: inactive players will automatically lose when time's up. (requested by toon arctozolt)
|c|☆minimax_ai|hf
|inactive|minimax_ai also wants the timer to be on.
|
|t:|1663044825
|start
|switch|p1a: rotomwash|Rotom-Wash|100/100
|switch|p2a: Dragapult|Dragapult, F|100/100
|turn|1
|
|t:|1663044833
|switch|p1a: Melmetal|Melmetal|100/100
|move|p2a: Dragapult|Draco Meteor|p1a: Melmetal
|-resisted|p1a: Melmetal
|-damage|p1a: Melmetal|76/100
|-unboost|p2a: Dragapult|spa|2
|
|upkeep
|turn|2
|
|t:|1663044837
|switch|p2a: Landorus|Landorus-Therian, M|100/100
|-ability|p2a: Landorus|Intimidate|boost
|-unboost|p1a: Melmetal|atk|1
|move|p1a: Melmetal|Double Iron Bash|p2a: Landorus
|-damage|p2a: Landorus|74/100
|-damage|p2a: Landorus|50/100
|-hitcount|p2a: Landorus|2
|
|upkeep
|turn|3
|
|t:|1663044844
|move|p2a: Landorus|U-turn|p1a: Melmetal
|-resisted|p1a: Melmetal
|-damage|p1a: Melmetal|70/100
|
|t:|1663044845
|switch|p2a: Urshifu|Urshifu-Rapid-Strike, F|100/100|[from]move: U-turn
|move|p1a: Melmetal|Ice Punch|p2a: Urshifu
|-resisted|p2a: Urshifu
|-damage|p2a: Urshifu|89/100
|
|upkeep
|turn|4
|
|t:|1663044848
|switch|p1a: Tangrowth|Tangrowth, F|100/100
|move|p2a: Urshifu|Close Combat|p1a: Tangrowth
|-damage|p1a: Tangrowth|46/100
|-unboost|p2a: Urshifu|def|1
|-unboost|p2a: Urshifu|spd|1
|-damage|p2a: Urshifu|72/100|[from] item: Rocky Helmet|[of] p1a: Tangrowth
|
|upkeep
|turn|5
|
|t:|1663044851
|switch|p2a: Landorus|Landorus-Therian, M|50/100
|-ability|p2a: Landorus|Intimidate|boost
|-unboost|p1a: Tangrowth|atk|1
|switch|p1a: landorustherian|Landorus-Therian, M|100/100
|-ability|p1a: landorustherian|Intimidate|boost
|-unboost|p2a: Landorus|atk|1
|
|upkeep
|turn|6
|
|t:|1663044853
|switch|p1a: Heatran|Heatran, M|100/100
|-item|p1a: Heatran|Air Balloon
|move|p2a: Landorus|Stealth Rock|p1a: Heatran
|-sidestart|p1: minimax_ai|move: Stealth Rock
|
|upkeep
|turn|7
|
|t:|1663044862
|move|p1a: Heatran|Eruption|p2a: Landorus
|-damage|p2a: Landorus|0 fnt
|faint|p2a: Landorus
|
|upkeep
|
|t:|1663044863
|switch|p2a: Urshifu|Urshifu-Rapid-Strike, F|72/100
|turn|8
|
|t:|1663044866
|switch|p1a: Tangrowth|Tangrowth, F|79/100
|-damage|p1a: Tangrowth|67/100|[from] Stealth Rock
|move|p2a: Urshifu|Close Combat|p1a: Tangrowth
|-damage|p1a: Tangrowth|12/100
|-unboost|p2a: Urshifu|def|1
|-unboost|p2a: Urshifu|spd|1
|-damage|p2a: Urshifu|55/100|[from] item: Rocky Helmet|[of] p1a: Tangrowth
|
|upkeep
|turn|9
|
|t:|1663044870
|switch|p1a: landorustherian|Landorus-Therian, M|100/100
|-damage|p1a: landorustherian|88/100|[from] Stealth Rock
|-ability|p1a: landorustherian|Intimidate|boost
|-unboost|p2a: Urshifu|atk|1
|move|p2a: Urshifu|Close Combat|p1a: landorustherian
|-resisted|p1a: landorustherian
|-damage|p1a: landorustherian|56/100
|-unboost|p2a: Urshifu|def|1
|-unboost|p2a: Urshifu|spd|1
|
|-heal|p1a: landorustherian|62/100|[from] item: Leftovers
|upkeep
|turn|10
|
|t:|1663044880
|move|p2a: Urshifu|Close Combat|p1a: landorustherian
|-resisted|p1a: landorustherian
|-damage|p1a: landorustherian|27/100
|-unboost|p2a: Urshifu|def|1
|-unboost|p2a: Urshifu|spd|1
|move|p1a: landorustherian|Defog|p2a: Urshifu
|-unboost|p2a: Urshifu|evasion|1
|-sideend|p1: minimax_ai|Stealth Rock|[from] move: Defog|[of] p1a: landorustherian
|
|-heal|p1a: landorustherian|33/100|[from] item: Leftovers
|upkeep
|turn|11
|
|t:|1663044887
|move|p2a: Urshifu|Close Combat|p1a: landorustherian
|-resisted|p1a: landorustherian
|-damage|p1a: landorustherian|0 fnt
|-unboost|p2a: Urshifu|def|1
|-unboost|p2a: Urshifu|spd|1
|faint|p1a: landorustherian
|
|upkeep
|
|t:|1663044887
|switch|p1a: Weavile|Weavile, F|100/100
|-ability|p1a: Weavile|Pressure
|turn|12
|l|☆toon arctozolt
|inactive|toon arctozolt disconnected and has a minute to reconnect!
|player|p2|
|j|☆toon arctozolt
|inactive|toon arctozolt reconnected and has 120 seconds left.
|player|p2|toon arctozolt|pokemaniac
|
|t:|1663044929
|switch|p2a: Dragapult|Dragapult, F|100/100
|move|p1a: Weavile|Knock Off|p2a: Dragapult
|-supereffective|p2a: Dragapult
|-damage|p2a: Dragapult|0 fnt
|-enditem|p2a: Dragapult|Choice Specs|[from] move: Knock Off|[of] p1a: Weavile
|faint|p2a: Dragapult
|
|upkeep
|
|t:|1663044931
|switch|p2a: Urshifu|Urshifu-Rapid-Strike, F|55/100
|turn|13
|
|t:|1663044935
|switch|p1a: Tangrowth|Tangrowth, F|45/100
|move|p2a: Urshifu|Close Combat|p1a: Tangrowth
|-damage|p1a: Tangrowth|0 fnt
|-unboost|p2a: Urshifu|def|1
|-unboost|p2a: Urshifu|spd|1
|-damage|p2a: Urshifu|39/100|[from] item: Rocky Helmet|[of] p1a: Tangrowth
|faint|p1a: Tangrowth
|
|upkeep
|
|t:|1663044935
|switch|p1a: Weavile|Weavile, F|100/100
|-ability|p1a: Weavile|Pressure
|turn|14
|
|t:|1663044938
|move|p1a: Weavile|Knock Off|p2a: Urshifu
|-resisted|p2a: Urshifu
|-damage|p2a: Urshifu|0 fnt
|-enditem|p2a: Urshifu|Choice Band|[from] move: Knock Off|[of] p1a: Weavile
|faint|p2a: Urshifu
|
|upkeep
|
|t:|1663044954
|switch|p2a: Blacephalon|Blacephalon|100/100
|turn|15
|
|t:|1663044956
|switch|p1a: Melmetal|Melmetal|70/100
|move|p2a: Blacephalon|Shadow Ball|p1a: Melmetal
|-damage|p1a: Melmetal|44/100
|
|upkeep
|turn|16
|
|t:|1663044958
|switch|p2a: zoner ?|Celesteela|100/100
|move|p1a: Melmetal|Double Iron Bash|p2a: zoner ?
|-resisted|p2a: zoner ?
|-damage|p2a: zoner ?|80/100
|-resisted|p2a: zoner ?
|-damage|p2a: zoner ?|59/100
|-hitcount|p2a: zoner ?|2
|
|upkeep
|turn|17
|
|t:|1663044962
|move|p2a: zoner ?|Flamethrower|p1a: Melmetal
|-supereffective|p1a: Melmetal
|-damage|p1a: Melmetal|14/100
|move|p1a: Melmetal|Thunder Punch|p2a: zoner ?
|-supereffective|p2a: zoner ?
|-damage|p2a: zoner ?|0 fnt
|faint|p2a: zoner ?
|
|upkeep
|l|☆toon arctozolt
|inactive|toon arctozolt disconnected and has a minute to reconnect!
|player|p2|
|j|☆toon arctozolt
|inactive|toon arctozolt reconnected and has 135 seconds left.
|player|p2|toon arctozolt|pokemaniac
|
|t:|1663044991
|switch|p2a: Blacephalon|Blacephalon|100/100
|turn|18
|
|t:|1663044992
|switch|p1a: Heatran|Heatran, M|100/100
|-item|p1a: Heatran|Air Balloon
|move|p2a: Blacephalon|Shadow Ball|p1a: Heatran
|-damage|p1a: Heatran|45/100
|-enditem|p1a: Heatran|Air Balloon
|
|upkeep
|turn|19
|
|t:|1663044996
|switch|p1a: Weavile|Weavile, F|100/100
|-ability|p1a: Weavile|Pressure
|move|p2a: Blacephalon|Shadow Ball|p1a: Weavile
|-resisted|p1a: Weavile
|-damage|p1a: Weavile|64/100
|
|upkeep
|turn|20
|
|t:|1663045001
|move|p2a: Blacephalon|Shadow Ball|p1a: Weavile
|-resisted|p1a: Weavile
|-damage|p1a: Weavile|31/100
|move|p1a: Weavile|Knock Off|p2a: Blacephalon
|-supereffective|p2a: Blacephalon
|-damage|p2a: Blacephalon|0 fnt
|-enditem|p2a: Blacephalon|Choice Scarf|[from] move: Knock Off|[of] p1a: Weavile
|faint|p2a: Blacephalon
|
|upkeep
|
|t:|1663045002
|switch|p2a: Nihilego|Nihilego|100/100
|turn|21
|
|t:|1663045005
|move|p1a: Weavile|Knock Off|p2a: Nihilego
|-damage|p2a: Nihilego|0 fnt
|-enditem|p2a: Nihilego|Power Herb|[from] move: Knock Off|[of] p1a: Weavile
|faint|p2a: Nihilego
|
|win|minimax_ai
|raw|minimax_ai's rating: 1491 &rarr; <strong>1508</strong><br />(+17 for winning)
|raw|toon arctozolt's rating: 1440 &rarr; <strong>1423</strong><br />(-17 for losing)
|c|☆minimax_ai|gg
