|j|☆thounss
|j|☆unbos
|player|p1|thounss|101|1693
|player|p2|unbos|benga|1506
|teamsize|p1|6
|teamsize|p2|6
|gametype|singles
|gen|8
|tier|[Gen 8] OU
|rated|
|rule|Sleep Clause Mod: Limit one foe put to sleep
|rule|Species Clause: Limit one of each Pokémon
|rule|OHKO Clause: OHKO moves are banned
|rule|Evasion Moves Clause: Evasion moves are banned
|rule|Endless Battle Clause: Forcing endless battles is banned
|rule|HP Percentage Mod: HP is shown in percentages
|clearpoke
|poke|p1|Rotom-Wash|
|poke|p1|Reuniclus, F|
|poke|p1|Clefable, M|
|poke|p1|Corviknight, M|
|poke|p1|Dragapult, F|
|poke|p1|Dugtrio, M|
|poke|p2|Mew|
|poke|p2|Kommo-o, F|
|poke|p2|Cloyster, F|
|poke|p2|Grimmsnarl, M|
|poke|p2|Bisharp, F|
|poke|p2|Toxtricity, M|
|rule|Dynamax Clause: You cannot dynamax
|teampreview
|inactive|Battle timer is ON: inactive players will automatically lose when time's up. (requested by unbos)
|
|start
|switch|p1a: Dragapult|Dragapult, F|100/100
|switch|p2a: Qassem Soleimani|Mew|100/100
|turn|1
|j| infiltrate
|
|move|p1a: Dragapult|Shadow Ball|p2a: Qassem Soleimani
|-supereffective|p2a: Qassem Soleimani
|-damage|p2a: Qassem Soleimani|14/100
|-enditem|p2a: Qassem Soleimani|Red Card|[of] p1a: Dragapult
|drag|p1a: Rotom|Rotom-Wash|100/100
|move|p2a: Qassem Soleimani|Stealth Rock|p1a: Rotom
|-sidestart|p1: thounss|move: Stealth Rock
|
|upkeep
|turn|2
|
|move|p1a: Rotom|Volt Switch|p2a: Qassem Soleimani
|-damage|p2a: Qassem Soleimani|0 fnt
|faint|p2a: Qassem Soleimani
|l| infiltrate
|j| infiltrate
|inactive|thounss has 120 seconds left.
|
|switch|p1a: Dragapult|Dragapult, F|100/100|[from]move: Volt Switch
|-damage|p1a: Dragapult|88/100|[from] Stealth Rock
|
|upkeep
|
|switch|p2a: Grimmsnarl|Grimmsnarl, M|100/100
|turn|3
|
|switch|p1a: Clefable|Clefable, M|100/100
|move|p2a: Grimmsnarl|Light Screen|p2a: Grimmsnarl
|-sidestart|p2: unbos|move: Light Screen
|
|upkeep
|turn|4
|
|move|p2a: Grimmsnarl|Reflect|p2a: Grimmsnarl
|-sidestart|p2: unbos|Reflect
|move|p1a: Clefable|Stealth Rock|p2a: Grimmsnarl
|-sidestart|p2: unbos|move: Stealth Rock
|
|upkeep
|turn|5
|
|switch|p2a: Bisharp|Bisharp, F|100/100
|-damage|p2a: Bisharp|95/100|[from] Stealth Rock
|move|p1a: Clefable|Moonblast|p2a: Bisharp
|-damage|p2a: Bisharp|67/100
|
|upkeep
|turn|6
|
|switch|p1a: Rotom|Rotom-Wash|100/100
|-damage|p1a: Rotom|88/100|[from] Stealth Rock
|move|p2a: Bisharp|Swords Dance|p2a: Bisharp
|-boost|p2a: Bisharp|atk|2
|
|upkeep
|turn|7
|
|move|p1a: Rotom|Trick|p2a: Bisharp
|-activate|p1a: Rotom|move: Trick|[of] p2a: Bisharp
|-item|p2a: Bisharp|Choice Scarf|[from] move: Trick
|-item|p1a: Rotom|Life Orb|[from] move: Trick
|move|p2a: Bisharp|Throat Chop|p1a: Rotom
|-damage|p1a: Rotom|0 fnt
|faint|p1a: Rotom
|
|upkeep
|
|switch|p1a: Clefable|Clefable, M|100/100
|turn|8
|
|switch|p2a: Toxtricity|Toxtricity, M|100/100
|-damage|p2a: Toxtricity|88/100|[from] Stealth Rock
|switch|p1a: Dugtrio|Dugtrio, M|100/100
|-damage|p1a: Dugtrio|94/100|[from] Stealth Rock
|
|upkeep
|turn|9
|
|move|p1a: Dugtrio|Earthquake|p2a: Toxtricity
|-supereffective|p2a: Toxtricity
|-damage|p2a: Toxtricity|0 fnt
|faint|p2a: Toxtricity
|
|upkeep
|
|switch|p2a: Bisharp|Bisharp, F|67/100
|-damage|p2a: Bisharp|61/100|[from] Stealth Rock
|turn|10
|
|switch|p1a: Corviknight|Corviknight, M|100/100
|-damage|p1a: Corviknight|88/100|[from] Stealth Rock
|-ability|p1a: Corviknight|Pressure
|move|p2a: Bisharp|Iron Head|p1a: Corviknight
|-resisted|p1a: Corviknight
|-damage|p1a: Corviknight|73/100
|
|-heal|p1a: Corviknight|79/100|[from] item: Leftovers
|-sideend|p2: unbos|move: Light Screen
|upkeep
|turn|11
|
|switch|p2a: Grimmsnarl|Grimmsnarl, M|100/100
|-damage|p2a: Grimmsnarl|88/100|[from] Stealth Rock
|move|p1a: Corviknight|U-turn|p2a: Grimmsnarl
|-damage|p2a: Grimmsnarl|82/100
|
|switch|p1a: Clefable|Clefable, M|100/100|[from]move: U-turn
|
|-sideend|p2: unbos|Reflect
|upkeep
|turn|12
|
|move|p2a: Grimmsnarl|Light Screen|p2a: Grimmsnarl
|-sidestart|p2: unbos|move: Light Screen
|move|p1a: Clefable|Moonblast|p2a: Grimmsnarl
|-supereffective|p2a: Grimmsnarl
|-damage|p2a: Grimmsnarl|47/100
|
|upkeep
|turn|13
|
|move|p2a: Grimmsnarl|Reflect|p2a: Grimmsnarl
|-sidestart|p2: unbos|Reflect
|move|p1a: Clefable|Moonblast|p2a: Grimmsnarl
|-supereffective|p2a: Grimmsnarl
|-damage|p2a: Grimmsnarl|15/100
|
|upkeep
|turn|14
|
|move|p1a: Clefable|Protect|p1a: Clefable
|-singleturn|p1a: Clefable|Protect
|move|p2a: Grimmsnarl|Taunt|p1a: Clefable
|-activate|p1a: Clefable|move: Protect
|
|upkeep
|turn|15
|
|switch|p1a: Corviknight|Corviknight, M|79/100
|-damage|p1a: Corviknight|67/100|[from] Stealth Rock
|-ability|p1a: Corviknight|Pressure
|move|p2a: Grimmsnarl|Darkest Lariat|p1a: Corviknight
|-damage|p1a: Corviknight|44/100
|
|-heal|p1a: Corviknight|50/100|[from] item: Leftovers
|upkeep
|turn|16
|
|switch|p2a: Kommo-o|Kommo-o, F|100/100
|-damage|p2a: Kommo-o|94/100|[from] Stealth Rock
|move|p1a: Corviknight|U-turn|p2a: Kommo-o
|-resisted|p2a: Kommo-o
|-damage|p2a: Kommo-o|91/100
|
|switch|p1a: Clefable|Clefable, M|100/100|[from]move: U-turn
|
|upkeep
|turn|17
|
|move|p2a: Kommo-o|Clangorous Soul|p2a: Kommo-o
|-boost|p2a: Kommo-o|atk|1
|-boost|p2a: Kommo-o|def|1
|-boost|p2a: Kommo-o|spa|1
|-boost|p2a: Kommo-o|spd|1
|-boost|p2a: Kommo-o|spe|1
|-damage|p2a: Kommo-o|58/100
|-enditem|p2a: Kommo-o|Throat Spray
|-boost|p2a: Kommo-o|spa|1
|move|p1a: Clefable|Moonblast|p2a: Kommo-o
|-supereffective|p2a: Kommo-o
|-damage|p2a: Kommo-o|7/100
|
|upkeep
|turn|18
|
|move|p2a: Kommo-o|Boomburst|p1a: Clefable
|-damage|p1a: Clefable|34/100
|move|p1a: Clefable|Moonblast|p2a: Kommo-o
|-supereffective|p2a: Kommo-o
|-damage|p2a: Kommo-o|0 fnt
|faint|p2a: Kommo-o
|
|-heal|p1a: Clefable|40/100|[from] item: Leftovers
|upkeep
|
|switch|p2a: Cloyster|Cloyster, F|100/100
|-damage|p2a: Cloyster|76/100|[from] Stealth Rock
|turn|19
|
|move|p2a: Cloyster|Shell Smash|p2a: Cloyster
|-unboost|p2a: Cloyster|def|1
|-unboost|p2a: Cloyster|spd|1
|-boost|p2a: Cloyster|atk|2
|-boost|p2a: Cloyster|spa|2
|-boost|p2a: Cloyster|spe|2
|move|p1a: Clefable|Moonblast|p2a: Cloyster
|-damage|p2a: Cloyster|13/100
|
|-heal|p1a: Clefable|46/100|[from] item: Leftovers
|-sideend|p2: unbos|move: Light Screen
|upkeep
|turn|20
|
|move|p2a: Cloyster|Icicle Spear|p1a: Clefable
|-damage|p1a: Clefable|23/100
|-damage|p1a: Clefable|3/100
|-damage|p1a: Clefable|0 fnt
|-hitcount|p1a: Clefable|3
|faint|p1a: Clefable
|
|-sideend|p2: unbos|Reflect
|upkeep
|
|switch|p1a: Reuniclus|Reuniclus, F|100/100
|turn|21
|
|move|p2a: Cloyster|Icicle Spear|p1a: Reuniclus
|-damage|p1a: Reuniclus|82/100
|-damage|p1a: Reuniclus|67/100
|-damage|p1a: Reuniclus|51/100
|-damage|p1a: Reuniclus|34/100
|-damage|p1a: Reuniclus|17/100
|-hitcount|p1a: Reuniclus|5
|cant|p1a: Reuniclus|flinch
|
|-heal|p1a: Reuniclus|24/100|[from] item: Leftovers
|upkeep
|turn|22
|c|☆unbos|ez
|c|☆thounss|skill ngl
|
|move|p2a: Cloyster|Icicle Spear|p1a: Reuniclus
|-damage|p1a: Reuniclus|7/100
|-damage|p1a: Reuniclus|0 fnt
|-hitcount|p1a: Reuniclus|2
|faint|p1a: Reuniclus
|
|upkeep
|
|switch|p1a: Dugtrio|Dugtrio, M|94/100
|-damage|p1a: Dugtrio|88/100|[from] Stealth Rock
|turn|23
|
|move|p2a: Cloyster|Ice Shard|p1a: Dugtrio
|-supereffective|p1a: Dugtrio
|-damage|p1a: Dugtrio|0 fnt
|faint|p1a: Dugtrio
|
|upkeep
|c|☆thounss|gg
|-message|thounss forfeited.
|
|win|unbos
|l|☆thounss
|raw|thounss's rating: 1693 &rarr; <strong>1663</strong><br />(-30 for losing)
|raw|unbos's rating: 1486 &rarr; <strong>1516</strong><br />(+30 for winning)
