|j|☆cute pink team
|j|☆LT93OQ Lio
|t:|1661012205
|gametype|singles
|player|p1|cute pink team|misty-gen1|1842
|player|p2|LT93OQ Lio|102|1847
|teamsize|p1|6
|teamsize|p2|6
|gen|8
|tier|[Gen 8] OU
|rated|
|rule|Sleep Clause Mod: Limit one foe put to sleep
|rule|Species Clause: Limit one of each Pokémon
|rule|OHKO Clause: OHKO moves are banned
|rule|Evasion Items Clause: Evasion items are banned
|rule|Evasion Moves Clause: Evasion moves are banned
|rule|Endless Battle Clause: Forcing endless battles is banned
|rule|HP Percentage Mod: HP is shown in percentages
|rule|Dynamax Clause: You cannot dynamax
|clearpoke
|poke|p1|Tyranitar, F|
|poke|p1|Corviknight, M|
|poke|p1|Volcanion|
|poke|p1|Zapdos|
|poke|p1|Dragapult, M|
|poke|p1|Quagsire, F|
|poke|p2|Tyranitar, M|
|poke|p2|Excadrill, F|
|poke|p2|Tapu Lele|
|poke|p2|Pelipper, M|
|poke|p2|Barraskewda, F|
|poke|p2|Ferrothorn, F|
|teampreview
|j| LT93OQ AJB
|j| LT93OQ ivyz
|j| LT93OQ T
|l| LT93OQ ivyz
|j| lt93oq fenomeno
|j| chokst du
|
|t:|1661012250
|start
|switch|p1a: Volcanion|Volcanion|100/100
|switch|p2a: Tapu Lele|Tapu Lele|100/100
|-fieldstart|move: Psychic Terrain|[from] ability: Psychic Surge|[of] p2a: Tapu Lele
|turn|1
|j|+steel...SKITTY
|j| LT93OQ ouille
|j| Coach Jones 6fifth
|l| Coach Jones 6fifth
|j| LT93OQ ivyz
|l| LT93OQ ivyz
|j| Wicket Ticket
|l| LT93OQ T
|inactive|Battle timer is ON: inactive players will automatically lose when time's up. (requested by cute pink team)
|j| ivehadenoughshit
|j| dhehehdh
|j| ProXXDev
|l| ivehadenoughshit
|
|t:|1661012297
|switch|p1a: Dragapult|Dragapult, M|100/100
|move|p2a: Tapu Lele|Thunder|p1a: Dragapult
|-resisted|p1a: Dragapult
|-damage|p1a: Dragapult|57/100
|
|upkeep
|turn|2
|c|+steel...SKITTY|where r the pink mons
|j| LT93OQ ffffff
|l| dhehehdh
|
|t:|1661012313
|switch|p1a: Volcanion|Volcanion|100/100
|switch|p2a: Tyranitar|Tyranitar, M|100/100
|-weather|Sandstorm|[from] ability: Sand Stream|[of] p2a: Tyranitar
|
|-weather|Sandstorm|[upkeep]
|-damage|p1a: Volcanion|95/100|[from] Sandstorm
|upkeep
|turn|3
|j| reddit randy
|
|t:|1661012333
|move|p1a: Volcanion|Steam Eruption|p2a: Tyranitar
|-supereffective|p2a: Tyranitar
|-damage|p2a: Tyranitar|20/100
|move|p2a: Tyranitar|Rock Blast|p1a: Volcanion
|-supereffective|p1a: Volcanion
|-damage|p1a: Volcanion|73/100
|-supereffective|p1a: Volcanion
|-damage|p1a: Volcanion|51/100
|-supereffective|p1a: Volcanion
|-damage|p1a: Volcanion|28/100
|-hitcount|p1a: Volcanion|3
|
|-weather|Sandstorm|[upkeep]
|-damage|p1a: Volcanion|22/100|[from] Sandstorm
|-heal|p2a: Tyranitar|26/100|[from] item: Leftovers
|upkeep
|turn|4
|j| sstargazer
|l| sstargazer
|inactive|cute pink team has 120 seconds left.
|
|t:|1661012351
|switch|p1a: Zapdos|Zapdos|100/100
|switch|p2a: Ferrothorn|Ferrothorn, F|100/100
|
|-weather|Sandstorm|[upkeep]
|-damage|p1a: Zapdos|94/100|[from] Sandstorm
|upkeep
|turn|5
|inactive|cute pink team has 120 seconds left.
|
|t:|1661012367
|move|p1a: Zapdos|Heat Wave|p2a: Ferrothorn
|-supereffective|p2a: Ferrothorn
|-damage|p2a: Ferrothorn|0 fnt
|faint|p2a: Ferrothorn
|
|-weather|Sandstorm|[upkeep]
|-damage|p1a: Zapdos|88/100|[from] Sandstorm
|-fieldend|move: Psychic Terrain
|upkeep
|
|t:|1661012370
|switch|p2a: Tapu Lele|Tapu Lele|100/100
|-fieldstart|move: Psychic Terrain|[from] ability: Psychic Surge|[of] p2a: Tapu Lele
|turn|6
|
|t:|1661012375
|switch|p1a: Corviknight|Corviknight, M|100/100
|-ability|p1a: Corviknight|Pressure
|move|p2a: Tapu Lele|Moonblast|p1a: Corviknight
|-resisted|p1a: Corviknight
|-damage|p1a: Corviknight|75/100
|
|-weather|none
|-heal|p1a: Corviknight|81/100|[from] item: Leftovers
|upkeep
|turn|7
|l| Wicket Ticket
|
|t:|1661012384
|switch|p2a: Pelipper|Pelipper, M|100/100
|-weather|RainDance|[from] ability: Drizzle|[of] p2a: Pelipper
|switch|p1a: Volcanion|Volcanion|22/100
|
|-weather|RainDance|[upkeep]
|upkeep
|turn|8
|
|t:|1661012389
|move|p1a: Volcanion|Steam Eruption|p2a: Pelipper
|-resisted|p2a: Pelipper
|-damage|p2a: Pelipper|0 fnt
|faint|p2a: Pelipper
|
|-weather|RainDance|[upkeep]
|upkeep
|
|t:|1661012397
|switch|p2a: Tapu Lele|Tapu Lele|100/100
|turn|9
|
|t:|1661012408
|switch|p1a: Tyranitar|Tyranitar, F|100/100
|-weather|Sandstorm|[from] ability: Sand Stream|[of] p1a: Tyranitar
|move|p2a: Tapu Lele|Moonblast|p1a: Tyranitar
|-supereffective|p1a: Tyranitar
|-damage|p1a: Tyranitar|0 fnt
|faint|p1a: Tyranitar
|
|-weather|Sandstorm|[upkeep]
|-damage|p2a: Tapu Lele|94/100|[from] Sandstorm
|upkeep
|
|t:|1661012412
|switch|p1a: Dragapult|Dragapult, M|57/100
|turn|10
|
|t:|1661012419
|switch|p2a: Excadrill|Excadrill, F|100/100
|move|p1a: Dragapult|Shadow Ball|p2a: Excadrill
|-damage|p2a: Excadrill|25/100
|-unboost|p2a: Excadrill|spd|1
|
|-weather|Sandstorm|[upkeep]
|-damage|p1a: Dragapult|51/100|[from] Sandstorm
|-heal|p2a: Excadrill|31/100|[from] item: Leftovers
|-fieldend|move: Psychic Terrain
|upkeep
|turn|11
|
|t:|1661012427
|switch|p2a: Barraskewda|Barraskewda, F|100/100
|switch|p1a: Corviknight|Corviknight, M|81/100
|-ability|p1a: Corviknight|Pressure
|
|-weather|Sandstorm|[upkeep]
|-damage|p2a: Barraskewda|94/100|[from] Sandstorm
|-heal|p1a: Corviknight|87/100|[from] item: Leftovers
|upkeep
|turn|12
|
|t:|1661012430
|move|p2a: Barraskewda|Liquidation|p1a: Corviknight
|-damage|p1a: Corviknight|34/100
|move|p1a: Corviknight|Roost|p1a: Corviknight
|-heal|p1a: Corviknight|84/100
|-singleturn|p1a: Corviknight|move: Roost
|
|-weather|Sandstorm|[upkeep]
|-damage|p2a: Barraskewda|88/100|[from] Sandstorm
|-heal|p1a: Corviknight|90/100|[from] item: Leftovers
|upkeep
|turn|13
|
|t:|1661012441
|switch|p2a: Tapu Lele|Tapu Lele|94/100
|-fieldstart|move: Psychic Terrain|[from] ability: Psychic Surge|[of] p2a: Tapu Lele
|switch|p1a: Dragapult|Dragapult, M|51/100
|
|-weather|none
|upkeep
|turn|14
|
|t:|1661012456
|switch|p2a: Tyranitar|Tyranitar, M|26/100
|-weather|Sandstorm|[from] ability: Sand Stream|[of] p2a: Tyranitar
|move|p1a: Dragapult|Shadow Ball|p2a: Tyranitar
|-resisted|p2a: Tyranitar
|-damage|p2a: Tyranitar|15/100
|
|-weather|Sandstorm|[upkeep]
|-damage|p1a: Dragapult|45/100|[from] Sandstorm
|-heal|p2a: Tyranitar|21/100|[from] item: Leftovers
|upkeep
|turn|15
|
|t:|1661012459
|switch|p1a: Corviknight|Corviknight, M|90/100
|-ability|p1a: Corviknight|Pressure
|move|p2a: Tyranitar|Stealth Rock|p1a: Corviknight
|-sidestart|p1: cute pink team|move: Stealth Rock
|
|-weather|Sandstorm|[upkeep]
|-heal|p1a: Corviknight|96/100|[from] item: Leftovers
|-heal|p2a: Tyranitar|27/100|[from] item: Leftovers
|upkeep
|turn|16
|
|t:|1661012466
|switch|p2a: Tapu Lele|Tapu Lele|94/100
|move|p1a: Corviknight|Defog|p2a: Tapu Lele
|-unboost|p2a: Tapu Lele|evasion|1
|-sideend|p1: cute pink team|Stealth Rock|[from] move: Defog|[of] p1a: Corviknight
|-fieldend|move: Psychic Terrain
|
|-weather|Sandstorm|[upkeep]
|-damage|p2a: Tapu Lele|88/100|[from] Sandstorm
|-heal|p1a: Corviknight|100/100|[from] item: Leftovers
|upkeep
|turn|17
|
|t:|1661012477
|move|p2a: Tapu Lele|Thunder|p1a: Corviknight
|-supereffective|p1a: Corviknight
|-damage|p1a: Corviknight|13/100
|move|p1a: Corviknight|Brave Bird|p2a: Tapu Lele
|-damage|p2a: Tapu Lele|32/100
|-damage|p1a: Corviknight|0 fnt|[from] Recoil
|faint|p1a: Corviknight
|
|-weather|Sandstorm|[upkeep]
|-damage|p2a: Tapu Lele|26/100|[from] Sandstorm
|upkeep
|
|t:|1661012489
|switch|p1a: Dragapult|Dragapult, M|45/100
|turn|18
|
|t:|1661012493
|switch|p2a: Tyranitar|Tyranitar, M|27/100
|move|p1a: Dragapult|Hydro Pump|p2a: Tyranitar
|-supereffective|p2a: Tyranitar
|-crit|p2a: Tyranitar
|-damage|p2a: Tyranitar|0 fnt
|faint|p2a: Tyranitar
|
|-weather|none
|upkeep
|
|t:|1661012499
|switch|p2a: Barraskewda|Barraskewda, F|88/100
|turn|19
|
|t:|1661012508
|switch|p1a: Quagsire|Quagsire, F|100/100
|move|p2a: Barraskewda|Psychic Fangs|p1a: Quagsire
|-damage|p1a: Quagsire|71/100
|
|-heal|p1a: Quagsire|77/100|[from] item: Leftovers
|upkeep
|turn|20
|-message|LT93OQ Lio forfeited.
|
|win|cute pink team
|raw|cute pink team's rating: 1842 &rarr; <strong>1862</strong><br />(+20 for winning)
|raw|LT93OQ Lio's rating: 1847 &rarr; <strong>1827</strong><br />(-20 for losing)
|l|☆LT93OQ Lio
|c|☆cute pink team|gg
|j| LT91BB Livio
|l| LT93OQ ffffff
|j| LT93OQ SERPI
||Ladder isn't responding, score probably updated but might not have (Request timeout).
