|j|☆Kikoobuster
|j|☆Azzord
|t:|1660476740
|gametype|singles
|player|p1|Kikoobuster|2|1263
|player|p2|Azzord|benga|1290
|teamsize|p1|6
|teamsize|p2|6
|gen|8
|tier|[Gen 8] OU
|rated|
|rule|Sleep Clause Mod: Limit one foe put to sleep
|rule|Species Clause: Limit one of each Pokémon
|rule|OHKO Clause: OHKO moves are banned
|rule|Evasion Items Clause: Evasion items are banned
|rule|Evasion Moves Clause: Evasion moves are banned
|rule|Endless Battle Clause: Forcing endless battles is banned
|rule|HP Percentage Mod: HP is shown in percentages
|rule|Dynamax Clause: You cannot dynamax
|clearpoke
|poke|p1|Ribombee, F|
|poke|p1|Pelipper, F|
|poke|p1|Toxicroak, M|
|poke|p1|Zapdos|
|poke|p1|Barraskewda, F|
|poke|p1|Tornadus-Therian, M|
|poke|p2|Moltres-Galar|
|poke|p2|Tapu Lele|
|poke|p2|Kartana|
|poke|p2|Urshifu-*, F|
|poke|p2|Aegislash, M|
|poke|p2|Landorus-Therian, M|
|teampreview
|
|t:|1660476744
|start
|switch|p1a: Ribombee|Ribombee, F|100/100
|switch|p2a: Aegislash|Aegislash, M|100/100
|-item|p2a: Aegislash|Air Balloon
|turn|1
|
|t:|1660476750
|move|p1a: Ribombee|Sticky Web|p2a: Aegislash
|-sidestart|p2: Azzord|move: Sticky Web
|-formechange|p2a: Aegislash|Aegislash-Blade||[from] ability: Stance Change
|move|p2a: Aegislash|Flash Cannon|p1a: Ribombee
|-supereffective|p1a: Ribombee
|-enditem|p1a: Ribombee|Focus Sash
|-damage|p1a: Ribombee|1/100
|
|upkeep
|turn|2
|
|t:|1660476756
|move|p2a: Aegislash|Shadow Sneak|p1a: Ribombee
|-damage|p1a: Ribombee|0 fnt
|faint|p1a: Ribombee
|
|upkeep
|
|t:|1660476766
|switch|p1a: Tornadus|Tornadus-Therian, M|100/100
|turn|3
|
|t:|1660476788
|switch|p2a: Landorus|Landorus-Therian, M|100/100
|-ability|p2a: Landorus|Intimidate|boost
|-unboost|p1a: Tornadus|atk|1
|move|p1a: Tornadus|Knock Off|p2a: Landorus
|-damage|p2a: Landorus|88/100
|-enditem|p2a: Landorus|Leftovers|[from] move: Knock Off|[of] p1a: Tornadus
|
|upkeep
|turn|4
|
|t:|1660476793
|move|p1a: Tornadus|Hurricane|p2a: Landorus
|-damage|p2a: Landorus|55/100
|-start|p2a: Landorus|confusion
|-activate|p2a: Landorus|confusion
|-damage|p2a: Landorus|43/100|[from] confusion
|
|upkeep
|turn|5
|
|t:|1660476803
|move|p1a: Tornadus|Hurricane|p2a: Landorus
|-damage|p2a: Landorus|12/100
|-activate|p2a: Landorus|confusion
|move|p2a: Landorus|Knock Off|p1a: Tornadus
|-damage|p1a: Tornadus|68/100
|-enditem|p1a: Tornadus|Heavy-Duty Boots|[from] move: Knock Off|[of] p2a: Landorus
|
|upkeep
|turn|6
|
|t:|1660476817
|move|p1a: Tornadus|Hurricane|p2a: Landorus
|-damage|p2a: Landorus|0 fnt
|faint|p2a: Landorus
|
|upkeep
|
|t:|1660476821
|switch|p2a: Moltres|Moltres-Galar|100/100
|turn|7
|
|t:|1660476824
|move|p1a: Tornadus|U-turn|p2a: Moltres
|-damage|p2a: Moltres|89/100
|
|t:|1660476829
|switch|p1a: Zapdos|Zapdos|100/100|[from]move: U-turn
|-ability|p1a: Zapdos|Pressure
|move|p2a: Moltres|Agility|p2a: Moltres
|-boost|p2a: Moltres|spe|2
|
|upkeep
|turn|8
|
|t:|1660476841
|move|p2a: Moltres|Agility|p2a: Moltres
|-boost|p2a: Moltres|spe|2
|move|p1a: Zapdos|Volt Switch|p2a: Moltres
|-supereffective|p2a: Moltres
|-damage|p2a: Moltres|39/100
|-enditem|p2a: Moltres|Weakness Policy
|-boost|p2a: Moltres|atk|2|[from] item: Weakness Policy
|-boost|p2a: Moltres|spa|2|[from] item: Weakness Policy
|-ability|p2a: Moltres|Berserk|boost
|-boost|p2a: Moltres|spa|1
|
|t:|1660476849
|switch|p1a: Pelipper|Pelipper, F|100/100|[from]move: Volt Switch
|-weather|RainDance|[from] ability: Drizzle|[of] p1a: Pelipper
|
|-weather|RainDance|[upkeep]
|upkeep
|turn|9
|
|t:|1660476853
|move|p2a: Moltres|Fiery Wrath|p1a: Pelipper
|-damage|p1a: Pelipper|0 fnt
|faint|p1a: Pelipper
|
|-weather|RainDance|[upkeep]
|upkeep
|
|t:|1660476857
|switch|p1a: Barraskewda|Barraskewda, F|100/100
|turn|10
|
|t:|1660476860
|move|p2a: Moltres|Hurricane|p1a: Barraskewda
|-damage|p1a: Barraskewda|0 fnt
|faint|p1a: Barraskewda
|
|-weather|RainDance|[upkeep]
|upkeep
|
|t:|1660476864
|switch|p1a: Toxicroak|Toxicroak, M|100/100
|turn|11
|c|☆Azzord|Gg
|
|t:|1660476868
|move|p1a: Toxicroak|Sucker Punch|p2a: Moltres
|-resisted|p2a: Moltres
|-damage|p2a: Moltres|24/100
|-damage|p1a: Toxicroak|91/100|[from] item: Life Orb
|move|p2a: Moltres|Hurricane|p1a: Toxicroak
|-supereffective|p1a: Toxicroak
|-crit|p1a: Toxicroak
|-damage|p1a: Toxicroak|0 fnt
|faint|p1a: Toxicroak
|
|-weather|RainDance|[upkeep]
|upkeep
|-message|Kikoobuster forfeited.
|
|win|Azzord
|raw|Kikoobuster's rating: 1263 &rarr; <strong>1240</strong><br />(-23 for losing)
|raw|Azzord's rating: 1290 &rarr; <strong>1313</strong><br />(+23 for winning)
|l|☆Kikoobuster
