|j|☆Darkman64
|j|☆LT94JE Fuse
|t:|1661482778
|gametype|singles
|player|p1|Darkman64|juan|1615
|player|p2|LT94JE Fuse|yellow|1746
|teamsize|p1|6
|teamsize|p2|6
|gen|8
|tier|[Gen 8] OU
|rated|
|rule|Sleep Clause Mod: Limit one foe put to sleep
|rule|Species Clause: Limit one of each Pokémon
|rule|OHKO Clause: OHKO moves are banned
|rule|Evasion Items Clause: Evasion items are banned
|rule|Evasion Moves Clause: Evasion moves are banned
|rule|Endless Battle Clause: Forcing endless battles is banned
|rule|HP Percentage Mod: HP is shown in percentages
|rule|Dynamax Clause: You cannot dynamax
|clearpoke
|poke|p1|Weavile, F|
|poke|p1|Slowbro, M|
|poke|p1|Landorus-Therian, M|
|poke|p1|Urshifu-*, F|
|poke|p1|Ferrothorn, F|
|poke|p1|Clefable, F|
|poke|p2|Necrozma|
|poke|p2|Tapu Lele|
|poke|p2|Urshifu-*, F|
|poke|p2|Tornadus-Therian, M|
|poke|p2|Landorus-Therian, M|
|poke|p2|Melmetal|
|teampreview
|c|☆LT94JE Fuse|Hf
|inactive|Battle timer is ON: inactive players will automatically lose when time's up. (requested by Darkman64)
|c|☆Darkman64|u2
|
|t:|1661482801
|start
|switch|p1a: Weavile|Weavile, F|100/100
|switch|p2a: Tapu Lele|Tapu Lele|100/100
|-fieldstart|move: Psychic Terrain|[from] ability: Psychic Surge|[of] p2a: Tapu Lele
|-ability|p1a: Weavile|Pressure
|turn|1
|
|t:|1661482804
|switch|p1a: Slowbro|Slowbro, M|100/100
|move|p2a: Tapu Lele|Moonblast|p1a: Slowbro
|-damage|p1a: Slowbro|49/100
|
|upkeep
|turn|2
|
|t:|1661482818
|switch|p1a: Ferrothorn|Ferrothorn, F|100/100
|move|p2a: Tapu Lele|Moonblast|p1a: Ferrothorn
|-resisted|p1a: Ferrothorn
|-damage|p1a: Ferrothorn|78/100
|
|-heal|p1a: Ferrothorn|85/100|[from] item: Leftovers
|upkeep
|turn|3
|
|t:|1661482823
|switch|p2a: Necrozma|Necrozma|100/100
|move|p1a: Ferrothorn|Knock Off|p2a: Necrozma
|-supereffective|p2a: Necrozma
|-damage|p2a: Necrozma|72/100
|-enditem|p2a: Necrozma|Choice Specs|[from] move: Knock Off|[of] p1a: Ferrothorn
|
|-heal|p1a: Ferrothorn|91/100|[from] item: Leftovers
|upkeep
|turn|4
|
|t:|1661482829
|switch|p1a: Landorus|Landorus-Therian, M|100/100
|-ability|p1a: Landorus|Intimidate|boost
|-unboost|p2a: Necrozma|atk|1
|move|p2a: Necrozma|Expanding Force|p1a: Landorus
|-damage|p1a: Landorus|37/100
|
|-heal|p1a: Landorus|43/100|[from] item: Leftovers
|upkeep
|turn|5
|
|t:|1661482833
|switch|p1a: Weavile|Weavile, F|100/100
|-ability|p1a: Weavile|Pressure
|move|p2a: Necrozma|Expanding Force|p1a: Weavile
|-immune|p1a: Weavile
|
|-fieldend|move: Psychic Terrain
|upkeep
|turn|6
|
|t:|1661482837
|move|p1a: Weavile|Triple Axel|p2a: Necrozma
|-damage|p2a: Necrozma|58/100
|-damage|p2a: Necrozma|30/100
|-damage|p2a: Necrozma|0 fnt
|faint|p2a: Necrozma
|-hitcount|p2: Necrozma|3
|
|upkeep
|
|t:|1661482844
|switch|p2a: Urshifu|Urshifu-Rapid-Strike, F|100/100
|turn|7
|
|t:|1661482847
|switch|p1a: Ferrothorn|Ferrothorn, F|91/100
|move|p2a: Urshifu|U-turn|p1a: Ferrothorn
|-damage|p1a: Ferrothorn|70/100
|-damage|p2a: Urshifu|88/100|[from] ability: Iron Barbs|[of] p1a: Ferrothorn
|
|t:|1661482851
|switch|p2a: Tornadus|Tornadus-Therian, M|100/100|[from]move: U-turn
|
|-heal|p1a: Ferrothorn|76/100|[from] item: Leftovers
|upkeep
|turn|8
|
|t:|1661482856
|switch|p1a: Slowbro|Slowbro, M|82/100
|move|p2a: Tornadus|Heat Wave|p1a: Slowbro
|-resisted|p1a: Slowbro
|-damage|p1a: Slowbro|71/100
|
|upkeep
|turn|9
|inactive|LT94JE Fuse has 120 seconds left.
|
|t:|1661482891
|move|p2a: Tornadus|U-turn|p1a: Slowbro
|-supereffective|p1a: Slowbro
|-damage|p1a: Slowbro|53/100
|
|t:|1661482893
|switch|p2a: Tapu Lele|Tapu Lele|100/100|[from]move: U-turn
|-fieldstart|move: Psychic Terrain|[from] ability: Psychic Surge|[of] p2a: Tapu Lele
|move|p1a: Slowbro|Teleport|p1a: Slowbro
|
|t:|1661482907
|switch|p1a: Ferrothorn|Ferrothorn, F|76/100|[from]move: Teleport
|
|-heal|p1a: Ferrothorn|83/100|[from] item: Leftovers
|upkeep
|turn|10
|inactive|LT94JE Fuse has 120 seconds left.
|
|t:|1661482924
|switch|p1a: Clefable|Clefable, F|100/100
|move|p2a: Tapu Lele|Focus Blast|p1a: Clefable|[miss]
|-miss|p2a: Tapu Lele|p1a: Clefable
|
|upkeep
|turn|11
|
|t:|1661482932
|switch|p2a: Melmetal|Melmetal|100/100
|move|p1a: Clefable|Teleport|p1a: Clefable
|
|t:|1661482935
|switch|p1a: Urshifu|Urshifu-Rapid-Strike, F|100/100|[from]move: Teleport
|
|upkeep
|turn|12
|inactive|LT94JE Fuse has 120 seconds left.
|
|t:|1661482960
|switch|p2a: Tornadus|Tornadus-Therian, M|100/100
|move|p1a: Urshifu|Surging Strikes|p2a: Tornadus
|-crit|p2a: Tornadus
|-damage|p2a: Tornadus|71/100
|-crit|p2a: Tornadus
|-damage|p2a: Tornadus|42/100
|-crit|p2a: Tornadus
|-damage|p2a: Tornadus|15/100
|-hitcount|p2a: Tornadus|3
|
|upkeep
|turn|13
|
|t:|1661482972
|switch|p1a: Clefable|Clefable, F|100/100
|move|p2a: Tornadus|U-turn|p1a: Clefable
|-resisted|p1a: Clefable
|-damage|p1a: Clefable|95/100
|
|t:|1661482975
|switch|p2a: Melmetal|Melmetal|100/100|[from]move: U-turn
|
|-heal|p1a: Clefable|100/100|[from] item: Leftovers
|-fieldend|move: Psychic Terrain
|upkeep
|turn|14
|
|t:|1661482978
|switch|p1a: Ferrothorn|Ferrothorn, F|83/100
|switch|p2a: Urshifu|Urshifu-Rapid-Strike, F|88/100
|
|-heal|p1a: Ferrothorn|89/100|[from] item: Leftovers
|upkeep
|turn|15
|
|t:|1661482982
|switch|p1a: Slowbro|Slowbro, M|86/100
|move|p2a: Urshifu|U-turn|p1a: Slowbro
|-supereffective|p1a: Slowbro
|-damage|p1a: Slowbro|41/100
|
|t:|1661482990
|switch|p2a: Tapu Lele|Tapu Lele|100/100|[from]move: U-turn
|-fieldstart|move: Psychic Terrain|[from] ability: Psychic Surge|[of] p2a: Tapu Lele
|
|upkeep
|turn|16
|
|t:|1661482996
|switch|p1a: Clefable|Clefable, F|100/100
|move|p2a: Tapu Lele|Focus Blast|p1a: Clefable|[miss]
|-miss|p2a: Tapu Lele|p1a: Clefable
|
|upkeep
|turn|17
|
|t:|1661483000
|switch|p2a: Melmetal|Melmetal|100/100
|move|p1a: Clefable|Teleport|p1a: Clefable
|
|t:|1661483002
|switch|p1a: Urshifu|Urshifu-Rapid-Strike, F|100/100|[from]move: Teleport
|
|upkeep
|turn|18
|
|t:|1661483006
|switch|p2a: Urshifu|Urshifu-Rapid-Strike, F|88/100
|move|p1a: Urshifu|Close Combat|p2a: Urshifu
|-damage|p2a: Urshifu|0 fnt
|-unboost|p1a: Urshifu|def|1
|-unboost|p1a: Urshifu|spd|1
|faint|p2a: Urshifu
|
|upkeep
|
|t:|1661483007
|switch|p2a: Tapu Lele|Tapu Lele|100/100
|turn|19
|
|t:|1661483010
|switch|p1a: Ferrothorn|Ferrothorn, F|89/100
|move|p2a: Tapu Lele|Moonblast|p1a: Ferrothorn
|-resisted|p1a: Ferrothorn
|-damage|p1a: Ferrothorn|64/100
|-unboost|p1a: Ferrothorn|spa|1
|
|-heal|p1a: Ferrothorn|70/100|[from] item: Leftovers
|-fieldend|move: Psychic Terrain
|upkeep
|turn|20
|
|t:|1661483015
|switch|p2a: Tornadus|Tornadus-Therian, M|48/100
|switch|p1a: Weavile|Weavile, F|100/100
|-ability|p1a: Weavile|Pressure
|
|upkeep
|turn|21
|
|t:|1661483019
|switch|p2a: Melmetal|Melmetal|100/100
|move|p1a: Weavile|Knock Off|p2a: Melmetal
|-damage|p2a: Melmetal|60/100
|-enditem|p2a: Melmetal|Leftovers|[from] move: Knock Off|[of] p1a: Weavile
|
|upkeep
|turn|22
|
|t:|1661483023
|switch|p1a: Ferrothorn|Ferrothorn, F|70/100
|move|p2a: Melmetal|Double Iron Bash|p1a: Ferrothorn
|-resisted|p1a: Ferrothorn
|-damage|p1a: Ferrothorn|61/100
|-damage|p2a: Melmetal|48/100|[from] ability: Iron Barbs|[of] p1a: Ferrothorn
|-resisted|p1a: Ferrothorn
|-damage|p1a: Ferrothorn|51/100
|-damage|p2a: Melmetal|35/100|[from] ability: Iron Barbs|[of] p1a: Ferrothorn
|-hitcount|p1a: Ferrothorn|2
|
|-heal|p1a: Ferrothorn|57/100|[from] item: Leftovers
|upkeep
|turn|23
|
|t:|1661483028
|switch|p2a: Landorus|Landorus-Therian, M|100/100
|-ability|p2a: Landorus|Intimidate|boost
|-unboost|p1a: Ferrothorn|atk|1
|move|p1a: Ferrothorn|Leech Seed|p2a: Landorus
|-start|p2a: Landorus|move: Leech Seed
|
|-heal|p1a: Ferrothorn|64/100|[from] item: Leftovers
|-damage|p2a: Landorus|88/100|[from] Leech Seed|[of] p1a: Ferrothorn
|-heal|p1a: Ferrothorn|77/100|[silent]
|upkeep
|turn|24
|
|t:|1661483032
|move|p2a: Landorus|Stealth Rock|p1a: Ferrothorn
|-sidestart|p1: Darkman64|move: Stealth Rock
|move|p1a: Ferrothorn|Knock Off|p2a: Landorus
|-damage|p2a: Landorus|75/100
|-enditem|p2a: Landorus|Leftovers|[from] move: Knock Off|[of] p1a: Ferrothorn
|
|-heal|p1a: Ferrothorn|83/100|[from] item: Leftovers
|-damage|p2a: Landorus|63/100|[from] Leech Seed|[of] p1a: Ferrothorn
|-heal|p1a: Ferrothorn|97/100|[silent]
|upkeep
|turn|25
|
|t:|1661483037
|move|p2a: Landorus|U-turn|p1a: Ferrothorn
|-damage|p1a: Ferrothorn|84/100
|-damage|p2a: Landorus|50/100|[from] ability: Iron Barbs|[of] p1a: Ferrothorn
|
|t:|1661483050
|switch|p2a: Tornadus|Tornadus-Therian, M|81/100|[from]move: U-turn
|move|p1a: Ferrothorn|Leech Seed|p2a: Tornadus
|-start|p2a: Tornadus|move: Leech Seed
|
|-heal|p1a: Ferrothorn|90/100|[from] item: Leftovers
|-damage|p2a: Tornadus|68/100|[from] Leech Seed|[of] p1a: Ferrothorn
|-heal|p1a: Ferrothorn|100/100|[silent]
|upkeep
|turn|26
|
|t:|1661483052
|move|p2a: Tornadus|U-turn|p1a: Ferrothorn
|-damage|p1a: Ferrothorn|91/100
|-damage|p2a: Tornadus|56/100|[from] ability: Iron Barbs|[of] p1a: Ferrothorn
|
|t:|1661483055
|switch|p2a: Landorus|Landorus-Therian, M|50/100|[from]move: U-turn
|-ability|p2a: Landorus|Intimidate|boost
|-unboost|p1a: Ferrothorn|atk|1
|move|p1a: Ferrothorn|Knock Off|p2a: Landorus
|-damage|p2a: Landorus|42/100
|
|-heal|p1a: Ferrothorn|98/100|[from] item: Leftovers
|upkeep
|turn|27
|
|t:|1661483057
|move|p2a: Landorus|U-turn|p1a: Ferrothorn
|-damage|p1a: Ferrothorn|84/100
|-damage|p2a: Landorus|30/100|[from] ability: Iron Barbs|[of] p1a: Ferrothorn
|
|t:|1661483058
|switch|p2a: Tornadus|Tornadus-Therian, M|89/100|[from]move: U-turn
|move|p1a: Ferrothorn|Leech Seed|p2a: Tornadus
|-start|p2a: Tornadus|move: Leech Seed
|
|-heal|p1a: Ferrothorn|91/100|[from] item: Leftovers
|-damage|p2a: Tornadus|77/100|[from] Leech Seed|[of] p1a: Ferrothorn
|-heal|p1a: Ferrothorn|100/100|[silent]
|upkeep
|turn|28
|
|t:|1661483061
|switch|p1a: Clefable|Clefable, F|100/100
|-damage|p1a: Clefable|88/100|[from] Stealth Rock
|move|p2a: Tornadus|Heat Wave|p1a: Clefable
|-damage|p1a: Clefable|66/100
|
|-heal|p1a: Clefable|73/100|[from] item: Leftovers
|-damage|p2a: Tornadus|64/100|[from] Leech Seed|[of] p1a: Clefable
|-heal|p1a: Clefable|84/100|[silent]
|upkeep
|turn|29
|
|t:|1661483063
|move|p2a: Tornadus|U-turn|p1a: Clefable
|-resisted|p1a: Clefable
|-damage|p1a: Clefable|78/100
|
|t:|1661483065
|switch|p2a: Melmetal|Melmetal|35/100|[from]move: U-turn
|move|p1a: Clefable|Teleport|p1a: Clefable
|
|t:|1661483068
|switch|p1a: Urshifu|Urshifu-Rapid-Strike, F|100/100|[from]move: Teleport
|-damage|p1a: Urshifu|94/100|[from] Stealth Rock
|
|upkeep
|turn|30
|
|t:|1661483070
|switch|p2a: Tornadus|Tornadus-Therian, M|97/100
|move|p1a: Urshifu|Surging Strikes|p2a: Tornadus
|-crit|p2a: Tornadus
|-damage|p2a: Tornadus|67/100
|-crit|p2a: Tornadus
|-damage|p2a: Tornadus|37/100
|-crit|p2a: Tornadus
|-damage|p2a: Tornadus|7/100
|-hitcount|p2a: Tornadus|3
|
|upkeep
|turn|31
|
|t:|1661483073
|switch|p1a: Ferrothorn|Ferrothorn, F|100/100
|-damage|p1a: Ferrothorn|94/100|[from] Stealth Rock
|move|p2a: Tornadus|Heat Wave|p1a: Ferrothorn
|-supereffective|p1a: Ferrothorn
|-damage|p1a: Ferrothorn|19/100
|
|-heal|p1a: Ferrothorn|25/100|[from] item: Leftovers
|upkeep
|turn|32
|
|t:|1661483079
|move|p2a: Tornadus|Heat Wave|p1a: Ferrothorn
|-supereffective|p1a: Ferrothorn
|-damage|p1a: Ferrothorn|0 fnt
|faint|p1a: Ferrothorn
|
|upkeep
|
|t:|1661483081
|switch|p1a: Weavile|Weavile, F|100/100
|-damage|p1a: Weavile|76/100|[from] Stealth Rock
|-ability|p1a: Weavile|Pressure
|turn|33
|
|t:|1661483091
|move|p1a: Weavile|Knock Off|p2a: Tornadus
|-damage|p2a: Tornadus|0 fnt
|-enditem|p2a: Tornadus|Heavy-Duty Boots|[from] move: Knock Off|[of] p1a: Weavile
|faint|p2a: Tornadus
|
|upkeep
|
|t:|1661483092
|switch|p2a: Tapu Lele|Tapu Lele|100/100
|-fieldstart|move: Psychic Terrain|[from] ability: Psychic Surge|[of] p2a: Tapu Lele
|turn|34
|
|t:|1661483095
|switch|p1a: Slowbro|Slowbro, M|74/100
|move|p2a: Tapu Lele|Moonblast|p1a: Slowbro
|-damage|p1a: Slowbro|27/100
|
|upkeep
|turn|35
|
|t:|1661483114
|switch|p1a: Weavile|Weavile, F|76/100
|-damage|p1a: Weavile|51/100|[from] Stealth Rock
|-ability|p1a: Weavile|Pressure
|move|p2a: Tapu Lele|Moonblast|p1a: Weavile
|-supereffective|p1a: Weavile
|-damage|p1a: Weavile|0 fnt
|faint|p1a: Weavile
|
|upkeep
|
|t:|1661483115
|switch|p1a: Clefable|Clefable, F|78/100
|-damage|p1a: Clefable|66/100|[from] Stealth Rock
|turn|36
|
|t:|1661483121
|move|p2a: Tapu Lele|Moonblast|p1a: Clefable
|-damage|p1a: Clefable|13/100
|move|p1a: Clefable|Wish|p1a: Clefable
|
|-heal|p1a: Clefable|19/100|[from] item: Leftovers
|upkeep
|turn|37
|
|t:|1661483123
|switch|p2a: Melmetal|Melmetal|35/100
|move|p1a: Clefable|Protect||[still]
|-fail|p1a: Clefable
|
|-heal|p1a: Clefable|69/100|[from] move: Wish|[wisher] Clefable
|-heal|p1a: Clefable|75/100|[from] item: Leftovers
|upkeep
|turn|38
|
|t:|1661483128
|switch|p1a: Landorus|Landorus-Therian, M|43/100
|-damage|p1a: Landorus|31/100|[from] Stealth Rock
|-ability|p1a: Landorus|Intimidate|boost
|-unboost|p2a: Melmetal|atk|1
|switch|p2a: Tapu Lele|Tapu Lele|100/100
|
|-heal|p1a: Landorus|37/100|[from] item: Leftovers
|-fieldend|move: Psychic Terrain
|upkeep
|turn|39
|
|t:|1661483131
|move|p2a: Tapu Lele|Moonblast|p1a: Landorus
|-damage|p1a: Landorus|0 fnt
|faint|p1a: Landorus
|
|upkeep
|
|t:|1661483134
|switch|p1a: Clefable|Clefable, F|75/100
|-damage|p1a: Clefable|63/100|[from] Stealth Rock
|turn|40
|
|t:|1661483136
|move|p2a: Tapu Lele|Moonblast|p1a: Clefable
|-damage|p1a: Clefable|10/100
|move|p1a: Clefable|Wish|p1a: Clefable
|
|-heal|p1a: Clefable|16/100|[from] item: Leftovers
|upkeep
|turn|41
|
|t:|1661483140
|move|p2a: Tapu Lele|Moonblast|p1a: Clefable
|-damage|p1a: Clefable|0 fnt
|faint|p1a: Clefable
|
|upkeep
|
|t:|1661483143
|switch|p1a: Slowbro|Slowbro, M|60/100
|turn|42
|
|t:|1661483144
|move|p2a: Tapu Lele|Moonblast|p1a: Slowbro
|-damage|p1a: Slowbro|11/100
|move|p1a: Slowbro|Slack Off|p1a: Slowbro
|-heal|p1a: Slowbro|61/100
|
|upkeep
|turn|43
|
|t:|1661483147
|move|p2a: Tapu Lele|Moonblast|p1a: Slowbro
|-damage|p1a: Slowbro|8/100
|-unboost|p1a: Slowbro|spa|1
|move|p1a: Slowbro|Slack Off|p1a: Slowbro
|-heal|p1a: Slowbro|58/100
|
|upkeep
|turn|44
|
|t:|1661483149
|move|p2a: Tapu Lele|Moonblast|p1a: Slowbro
|-damage|p1a: Slowbro|5/100
|-unboost|p1a: Slowbro|spa|1
|move|p1a: Slowbro|Slack Off|p1a: Slowbro
|-heal|p1a: Slowbro|55/100
|
|upkeep
|turn|45
|
|t:|1661483151
|move|p2a: Tapu Lele|Moonblast|p1a: Slowbro
|-damage|p1a: Slowbro|1/100
|move|p1a: Slowbro|Slack Off|p1a: Slowbro
|-heal|p1a: Slowbro|51/100
|
|upkeep
|turn|46
|
|t:|1661483153
|move|p2a: Tapu Lele|Moonblast|p1a: Slowbro
|-damage|p1a: Slowbro|0 fnt
|faint|p1a: Slowbro
|
|upkeep
|
|t:|1661483161
|switch|p1a: Urshifu|Urshifu-Rapid-Strike, F|94/100
|-damage|p1a: Urshifu|88/100|[from] Stealth Rock
|turn|47
|
|t:|1661483162
|move|p2a: Tapu Lele|Moonblast|p1a: Urshifu
|-supereffective|p1a: Urshifu
|-damage|p1a: Urshifu|0 fnt
|faint|p1a: Urshifu
|
|win|LT94JE Fuse
|raw|Darkman64's rating: 1615 &rarr; <strong>1604</strong><br />(-11 for losing)
|raw|LT94JE Fuse's rating: 1787 &rarr; <strong>1798</strong><br />(+11 for winning)
|c|☆Darkman64|gg
|l|☆Darkman64
|c|☆LT94JE Fuse|Gg
