|raw|<div class="broadcast-blue"><strong>This battle is required to be public due to a player having a name starting with 'lt83aq'.</div>
|j|☆LT83AQ rrm
|j|☆Lenape
|t:|1626817424
|gametype|singles
|player|p1|LT83AQ rrm|lady|1717
|player|p2|Lenape|101|1760
|teamsize|p1|6
|teamsize|p2|6
|gen|8
|tier|[Gen 8] OU
|rated|
|rule|Sleep Clause Mod: Limit one foe put to sleep
|rule|Species Clause: Limit one of each Pokémon
|rule|OHKO Clause: OHKO moves are banned
|rule|Evasion Moves Clause: Evasion moves are banned
|rule|Endless Battle Clause: Forcing endless battles is banned
|rule|HP Percentage Mod: HP is shown in percentages
|rule|Dynamax Clause: You cannot dynamax
|clearpoke
|poke|p1|Tapu Lele|
|poke|p1|Blissey, F|
|poke|p1|Urshifu-*, F|
|poke|p1|Landorus-Therian, M|
|poke|p1|Heatran, M|
|poke|p1|Slowbro, M|
|poke|p2|Rotom-Heat|
|poke|p2|Corviknight, M|
|poke|p2|Sylveon, F|
|poke|p2|Rhyperior, M|
|poke|p2|Toxapex, F|
|poke|p2|Umbreon, M|
|teampreview
|
|t:|1626817438
|start
|switch|p1a: Urshifu|Urshifu-Rapid-Strike, F|100/100
|switch|p2a: Rotom|Rotom-Heat|100/100
|turn|1
|inactive|Battle timer is ON: inactive players will automatically lose when time's up. (requested by Lenape)
|j| LGBTQ Tini
|j| Pikablu007
|
|t:|1626817451
|move|p1a: Urshifu|U-turn|p2a: Rotom
|-resisted|p2a: Rotom
|-damage|p2a: Rotom|90/100
|
|t:|1626817455
|switch|p1a: Blissey|Blissey, F|100/100|[from]move: U-turn
|move|p2a: Rotom|Trick|p1a: Blissey
|-activate|p2a: Rotom|move: Trick|[of] p1a: Blissey
|-item|p1a: Blissey|Choice Scarf|[from] move: Trick
|-item|p2a: Rotom|Heavy-Duty Boots|[from] move: Trick
|
|upkeep
|turn|2
|
|t:|1626817463
|move|p2a: Rotom|Will-O-Wisp|p1a: Blissey
|-status|p1a: Blissey|brn
|move|p1a: Blissey|Teleport|p1a: Blissey
|
|t:|1626817468
|switch|p1a: Tapu Lele|Tapu Lele|100/100|[from]move: Teleport
|-fieldstart|move: Psychic Terrain|[from] ability: Psychic Surge|[of] p1a: Tapu Lele
|
|upkeep
|turn|3
|
|t:|1626817473
|switch|p2a: Corviknight|Corviknight, M|100/100
|-ability|p2a: Corviknight|Pressure
|move|p1a: Tapu Lele|Psychic|p2a: Corviknight
|-resisted|p2a: Corviknight
|-crit|p2a: Corviknight
|-damage|p2a: Corviknight|29/100
|
|upkeep
|turn|4
|
|t:|1626817489
|switch|p1a: Urshifu|Urshifu-Rapid-Strike, F|100/100
|switch|p2a: Umbreon|Umbreon, M|100/100
|
|upkeep
|turn|5
|
|t:|1626817494
|switch|p2a: Toxapex|Toxapex, F|100/100
|move|p1a: Urshifu|U-turn|p2a: Toxapex
|-resisted|p2a: Toxapex
|-damage|p2a: Toxapex|93/100
|
|t:|1626817499
|switch|p1a: Slowbro|Slowbro, M|100/100|[from]move: U-turn
|
|-heal|p2a: Toxapex|99/100|[from] item: Black Sludge
|upkeep
|turn|6
|
|t:|1626817501
|move|p2a: Toxapex|Toxic|p1a: Slowbro
|-status|p1a: Slowbro|tox
|move|p1a: Slowbro|Future Sight|p2a: Toxapex
|-start|p1a: Slowbro|move: Future Sight
|
|-heal|p2a: Toxapex|100/100|[from] item: Black Sludge
|-damage|p1a: Slowbro|94/100 tox|[from] psn
|-fieldend|move: Psychic Terrain
|upkeep
|turn|7
|
|t:|1626817507
|switch|p2a: Sylveon|Sylveon, F|100/100
|move|p1a: Slowbro|Teleport|p1a: Slowbro
|
|t:|1626817513
|switch|p1a: Heatran|Heatran, M|100/100|[from]move: Teleport
|
|upkeep
|turn|8
|
|t:|1626817516
|move|p2a: Sylveon|Protect|p2a: Sylveon
|-singleturn|p2a: Sylveon|Protect
|move|p1a: Heatran|Stealth Rock|p2a: Sylveon
|-sidestart|p2: Lenape|move: Stealth Rock
|
|-end|p2a: Sylveon|move: Future Sight
|-damage|p2a: Sylveon|79/100
|-heal|p2a: Sylveon|85/100|[from] item: Leftovers
|upkeep
|turn|9
|
|t:|1626817519
|switch|p2a: Rhyperior|Rhyperior, M|100/100
|-damage|p2a: Rhyperior|94/100|[from] Stealth Rock
|move|p1a: Heatran|Magma Storm|p2a: Rhyperior
|-resisted|p2a: Rhyperior
|-crit|p2a: Rhyperior
|-damage|p2a: Rhyperior|69/100
|-activate|p2a: Rhyperior|move: Magma Storm|[of] p1a: Heatran
|
|-heal|p2a: Rhyperior|75/100|[from] item: Leftovers
|-damage|p2a: Rhyperior|63/100|[from] move: Magma Storm|[partiallytrapped]
|upkeep
|turn|10
|c|☆Lenape|Man
|j| 3MuchSwag
|l| 3MuchSwag
|c|☆Lenape|Crits all over the place for you
|
|t:|1626817542
|switch|p1a: Landorus|Landorus-Therian, M|100/100
|-ability|p1a: Landorus|Intimidate|boost
|-unboost|p2a: Rhyperior|atk|1
|move|p2a: Rhyperior|Stealth Rock|p1a: Landorus
|-sidestart|p1: LT83AQ rrm|move: Stealth Rock
|
|-heal|p2a: Rhyperior|69/100|[from] item: Leftovers
|-end|p2a: Rhyperior|Magma Storm|[partiallytrapped]|[silent]
|upkeep
|turn|11
|c|☆Lenape|As if you needed the help with that copy paste future site spam
|
|t:|1626817555
|switch|p2a: Toxapex|Toxapex, F|100/100
|-damage|p2a: Toxapex|88/100|[from] Stealth Rock
|move|p1a: Landorus|Knock Off|p2a: Toxapex
|-damage|p2a: Toxapex|68/100
|-enditem|p2a: Toxapex|Black Sludge|[from] move: Knock Off|[of] p1a: Landorus
|
|upkeep
|turn|12
|
|t:|1626817571
|move|p1a: Landorus|Earthquake|p2a: Toxapex
|-supereffective|p2a: Toxapex
|-damage|p2a: Toxapex|12/100
|move|p2a: Toxapex|Scald|p1a: Landorus
|-supereffective|p1a: Landorus
|-damage|p1a: Landorus|63/100
|
|-heal|p1a: Landorus|69/100|[from] item: Leftovers
|upkeep
|turn|13
|
|t:|1626817574
|move|p2a: Toxapex|Baneful Bunker|p2a: Toxapex
|-singleturn|p2a: Toxapex|move: Protect
|move|p1a: Landorus|Knock Off|p2a: Toxapex
|-activate|p2a: Toxapex|move: Protect
|-status|p1a: Landorus|psn
|
|-heal|p1a: Landorus|75/100 psn|[from] item: Leftovers
|-damage|p1a: Landorus|63/100 psn|[from] psn
|upkeep
|turn|14
|
|t:|1626817577
|switch|p2a: Rotom|Rotom-Heat|90/100
|move|p1a: Landorus|Knock Off|p2a: Rotom
|-damage|p2a: Rotom|64/100
|-enditem|p2a: Rotom|Heavy-Duty Boots|[from] move: Knock Off|[of] p1a: Landorus
|
|-heal|p1a: Landorus|69/100 psn|[from] item: Leftovers
|-damage|p1a: Landorus|56/100 psn|[from] psn
|upkeep
|turn|15
|
|t:|1626817583
|move|p2a: Rotom|Defog|p1a: Landorus
|-unboost|p1a: Landorus|evasion|1
|-sideend|p1: LT83AQ rrm|Stealth Rock|[from] move: Defog|[of] p2a: Rotom
|-sideend|p2: Lenape|Stealth Rock|[from] move: Defog|[of] p2a: Rotom
|move|p1a: Landorus|U-turn|p2a: Rotom
|-resisted|p2a: Rotom
|-damage|p2a: Rotom|54/100
|c| Pikablu007|We need an in innovator to bring some spice into this meta
|c| Pikablu007|Or a ban on a min
|c| Pikablu007|Mon*
|c| LGBTQ Tini|you are 30 gxe
|c| LGBTQ Tini|shut up
|c| Pikablu007|Elo shaming...
|inactive|LT83AQ rrm has 120 seconds left.
|
|t:|1626817615
|switch|p1a: Tapu Lele|Tapu Lele|100/100|[from]move: U-turn
|-fieldstart|move: Psychic Terrain|[from] ability: Psychic Surge|[of] p1a: Tapu Lele
|
|upkeep
|turn|16
|inactive|LT83AQ rrm has 120 seconds left.
|c|☆Lenape|That dude doesnt even have any battles
|c| LGBTQ Tini|noob
|inactive|Lenape has 120 seconds left.
|c|☆Lenape|Imagine elo shaming someone when Tini doesnt even have any battles
|c| Pikablu007|Yeah
|
|t:|1626817663
|switch|p2a: Sylveon|Sylveon, F|85/100
|move|p1a: Tapu Lele|Moonblast|p2a: Sylveon
|-damage|p2a: Sylveon|44/100
|
|-heal|p2a: Sylveon|50/100|[from] item: Leftovers
|upkeep
|turn|17
|l|☆LT83AQ rrm
|inactive|LT83AQ rrm disconnected and has a minute to reconnect!
|player|p1|
|c| Pikablu007|My low gxe kinda comes from experimenting a bit too much
|c|☆Lenape|^^^^
|c|☆Lenape|This
|inactive|LT83AQ rrm has 30 seconds to reconnect!
|c|☆Lenape|He aint not copy paste sheep
|c| LGBTQ Tini|30 gxe
|c| LGBTQ Tini|is inexcusagble
|inactive|LT83AQ rrm has 20 seconds to reconnect!
|c|☆Lenape|0GXE is pure shame
|inactive|LT83AQ rrm has 15 seconds to reconnect!
|inactive|LT83AQ rrm has 10 seconds to reconnect!
|n| boyboiboyboi|lgbtqtini
|inactive|LT83AQ rrm has 5 seconds to reconnect!
|j|☆LT83AQ rrm
|inactive|LT83AQ rrm reconnected and has 75 seconds left.
|player|p1|LT83AQ rrm|lady
|c|☆Lenape|Dont even have the confidence to attemt a battle
|
|t:|1626817721
|move|p1a: Tapu Lele|Moonblast|p2a: Sylveon
|-damage|p2a: Sylveon|9/100
|move|p2a: Sylveon|Wish|p2a: Sylveon
|
|-heal|p2a: Sylveon|15/100|[from] item: Leftovers
|upkeep
|turn|18
|c| boyboiboyboi|now what
|c| boyboiboyboi|im 73 gxe
|inactive|LT83AQ rrm has 60 seconds left.
|c| boyboiboyboi|im a pro gamer
|
|t:|1626817746
|move|p2a: Sylveon|Protect|p2a: Sylveon
|-singleturn|p2a: Sylveon|Protect
|move|p1a: Tapu Lele|Moonblast|p2a: Sylveon
|-activate|p2a: Sylveon|move: Protect
|
|-heal|p2a: Sylveon|65/100|[from] move: Wish|[wisher] Sylveon
|-heal|p2a: Sylveon|71/100|[from] item: Leftovers
|upkeep
|turn|19
|c|☆Lenape|AT 1500's
|c|☆Lenape|LMAO
|c| Pikablu007|Elo shaming is not cool regardless
|c|☆Lenape|Holy shit you are joke
|c|☆Lenape|Boy boy
|inactive|Lenape has 120 seconds left.
|c|☆Lenape|Im dying
|c|☆Lenape|Barely breaking 1500 claiming you are pro gamer
|c|☆Lenape|Holy fuck
|c|☆Lenape|HAHAHAHA
|c| boyboiboyboi|ur not even 80 gxe
|c| boyboiboyboi|ur so bad
|inactive|Lenape has 90 seconds left.
|c| Pikablu007|He likes to experiment
|c|☆Lenape|79.4 at 1760
|c| Pikablu007|And not follow meta trends
|inactive|Lenape has 60 seconds left.
|c|☆Lenape|Im so much hgher than you boyboy
|c|☆Lenape|And you are telling me im bad
|c|☆Lenape|You are a clown
|inactive|Lenape has 30 seconds left.
|c| Pikablu007|I applaud those creative enough to actually try to innovate
|inactive|Lenape has 20 seconds left.
|c|☆Lenape|^
|c|☆Lenape|^
|c|☆Lenape|^
|inactive|Lenape has 15 seconds left.
|
|t:|1626817872
|switch|p1a: Heatran|Heatran, M|100/100
|move|p2a: Sylveon|Wish|p2a: Sylveon
|
|-heal|p2a: Sylveon|77/100|[from] item: Leftovers
|-fieldend|move: Psychic Terrain
|upkeep
|turn|20
|inactive|Lenape has 25 seconds left this turn.
|c| boyboiboyboi|using noob mons
|inactive|Lenape has 20 seconds left.
|c|☆Lenape|GTFO dude
|inactive|Lenape has 15 seconds left.
|inactive|Lenape has 10 seconds left.
|
|t:|1626817892
|switch|p2a: Rotom|Rotom-Heat|54/100
|move|p1a: Heatran|Magma Storm|p2a: Rotom
|-resisted|p2a: Rotom
|-damage|p2a: Rotom|33/100
|-activate|p2a: Rotom|move: Magma Storm|[of] p1a: Heatran
|
|-heal|p2a: Rotom|98/100|[from] move: Wish|[wisher] Sylveon
|-damage|p2a: Rotom|85/100|[from] move: Magma Storm|[partiallytrapped]
|upkeep
|turn|21
|inactive|Lenape has 20 seconds left this turn.
|inactive|Lenape has 15 seconds left.
|c| boyboiboyboi|u gna lose
|inactive|Lenape has 10 seconds left.
|c|☆Lenape|Achieve something that even shows up on the ladder before you go around shaming people
|inactive|Lenape has 5 seconds left.
|-message|Lenape lost due to inactivity.
|
|win|LT83AQ rrm
|raw|LT83AQ rrm's rating: 1716 &rarr; <strong>1739</strong><br />(+23 for winning)
|raw|Lenape's rating: 1760 &rarr; <strong>1737</strong><br />(-23 for losing)
|c| boyboiboyboi|u lose
|c|☆Lenape|I know i was having more fun bashing the fuck out of you
|c|☆Lenape|LOL
|c| Pikablu007|Haha
|l|☆LT83AQ rrm
|c| Pikablu007|Lebape wanna try to innovate together
||Ladder isn't responding, score probably updated but might not have (Request timeout).
|c| Pikablu007|Lenape*
|c|☆Lenape|Perhaps
|c| Pikablu007|Ignore the haters
|c|☆Lenape|Im off and on throughout the day
|c|☆Lenape|I actually gtg but maybe we can catch up some other time
|c| Pikablu007|Ok
|c| Pikablu007|Cya later then
|c|☆Lenape|cya
|l| Pikablu007
|l|☆Lenape
|j| Pikablu007
