|j|☆Lllaser
|j|☆ultimategoogolplex
|t:|1668053755
|gametype|singles
|player|p1|Lllaser|marley|1625
|player|p2|ultimategoogolplex|265|1696
|teamsize|p1|6
|teamsize|p2|6
|gen|8
|tier|[Gen 8] OU
|rated|
|rule|Sleep Clause Mod: Limit one foe put to sleep
|rule|Species Clause: Limit one of each Pokémon
|rule|OHKO Clause: OHKO moves are banned
|rule|Evasion Items Clause: Evasion items are banned
|rule|Evasion Moves Clause: Evasion moves are banned
|rule|Endless Battle Clause: Forcing endless battles is banned
|rule|HP Percentage Mod: HP is shown in percentages
|rule|Dynamax Clause: You cannot dynamax
|clearpoke
|poke|p1|Pelipper, F|
|poke|p1|Barraskewda, F|
|poke|p1|Zapdos|
|poke|p1|Melmetal|
|poke|p1|Landorus-Therian, M|
|poke|p1|Tapu Fini|
|poke|p2|Weavile, F|
|poke|p2|Volcanion|
|poke|p2|Zapdos|
|poke|p2|Landorus-Therian, M|
|poke|p2|Kartana|
|poke|p2|Melmetal|
|teampreview
|inactive|Battle timer is ON: inactive players will automatically lose when time's up. (requested by ultimategoogolplex)
|
|t:|1668053768
|start
|switch|p1a: Landorus|Landorus-Therian, M|100/100
|switch|p2a: Volcanion|Volcanion|100/100
|-ability|p1a: Landorus|Intimidate|boost
|-unboost|p2a: Volcanion|atk|1
|turn|1
|
|t:|1668053775
|switch|p2a: Zapdos|Zapdos|100/100
|move|p1a: Landorus|Earthquake|p2a: Zapdos
|-immune|p2a: Zapdos
|
|upkeep
|turn|2
|
|t:|1668053789
|switch|p1a: Zapdos|Zapdos|100/100
|move|p2a: Zapdos|Heat Wave|p1a: Zapdos
|-damage|p1a: Zapdos|70/100
|
|upkeep
|turn|3
|j| 1145141919810oh
|
|t:|1668053798
|switch|p2a: Melmetal|Melmetal|100/100
|move|p1a: Zapdos|Roost|p1a: Zapdos
|-heal|p1a: Zapdos|100/100
|-singleturn|p1a: Zapdos|move: Roost
|
|upkeep
|turn|4
|
|t:|1668053804
|move|p1a: Zapdos|Volt Switch|p2a: Melmetal
|-damage|p2a: Melmetal|83/100
|
|t:|1668053810
|switch|p1a: Melmetal|Melmetal|100/100|[from]move: Volt Switch
|move|p2a: Melmetal|Thunder Punch|p1a: Melmetal
|-damage|p1a: Melmetal|80/100
|-status|p1a: Melmetal|par
|
|upkeep
|turn|5
|
|t:|1668053819
|move|p2a: Melmetal|Earthquake|p1a: Melmetal
|-supereffective|p1a: Melmetal
|-damage|p1a: Melmetal|34/100 par
|move|p1a: Melmetal|Thunder Wave|p2a: Melmetal
|-status|p2a: Melmetal|par
|
|upkeep
|turn|6
|
|t:|1668053826
|switch|p1a: Landorus|Landorus-Therian, M|100/100
|-ability|p1a: Landorus|Intimidate|boost
|-unboost|p2a: Melmetal|atk|1
|switch|p2a: Landorus|Landorus-Therian, M|100/100
|-ability|p2a: Landorus|Intimidate|boost
|-unboost|p1a: Landorus|atk|1
|
|upkeep
|turn|7
|
|t:|1668053840
|move|p1a: Landorus|U-turn|p2a: Landorus
|-resisted|p2a: Landorus
|-damage|p2a: Landorus|91/100
|
|t:|1668053843
|switch|p1a: Pelipper|Pelipper, F|100/100|[from]move: U-turn
|-weather|RainDance|[from] ability: Drizzle|[of] p1a: Pelipper
|move|p2a: Landorus|Toxic|p1a: Pelipper
|-status|p1a: Pelipper|tox
|
|-weather|RainDance|[upkeep]
|-heal|p2a: Landorus|97/100|[from] item: Leftovers
|-damage|p1a: Pelipper|94/100 tox|[from] psn
|upkeep
|turn|8
|
|t:|1668053853
|switch|p2a: Volcanion|Volcanion|100/100
|move|p1a: Pelipper|U-turn|p2a: Volcanion
|-resisted|p2a: Volcanion
|-damage|p2a: Volcanion|97/100
|
|t:|1668053858
|switch|p1a: Zapdos|Zapdos|100/100|[from]move: U-turn
|
|-weather|RainDance|[upkeep]
|upkeep
|turn|9
|
|t:|1668053865
|switch|p2a: Melmetal|Melmetal|83/100 par
|move|p1a: Zapdos|Thunder|p2a: Melmetal
|-damage|p2a: Melmetal|55/100 par
|
|-weather|RainDance|[upkeep]
|upkeep
|turn|10
|
|t:|1668053871
|move|p1a: Zapdos|Volt Switch|p2a: Melmetal
|-damage|p2a: Melmetal|36/100 par
|
|t:|1668053881
|switch|p1a: Melmetal|Melmetal|34/100 par|[from]move: Volt Switch
|cant|p2a: Melmetal|par
|
|-weather|RainDance|[upkeep]
|upkeep
|turn|11
|
|t:|1668053894
|switch|p2a: Landorus|Landorus-Therian, M|97/100
|-ability|p2a: Landorus|Intimidate|boost
|-unboost|p1a: Melmetal|atk|1
|move|p1a: Melmetal|Double Iron Bash|p2a: Landorus
|-damage|p2a: Landorus|74/100
|-crit|p2a: Landorus
|-damage|p2a: Landorus|22/100
|-hitcount|p2a: Landorus|2
|
|-weather|none
|-heal|p2a: Landorus|28/100|[from] item: Leftovers
|upkeep
|turn|12
|
|t:|1668053905
|move|p2a: Landorus|U-turn|p1a: Melmetal
|-resisted|p1a: Melmetal
|-damage|p1a: Melmetal|27/100 par
|
|t:|1668053908
|switch|p2a: Volcanion|Volcanion|97/100|[from]move: U-turn
|move|p1a: Melmetal|Double Iron Bash|p2a: Volcanion
|-resisted|p2a: Volcanion
|-damage|p2a: Volcanion|90/100
|-resisted|p2a: Volcanion
|-damage|p2a: Volcanion|83/100
|-hitcount|p2a: Volcanion|2
|
|upkeep
|turn|13
|j| PANDA EXPRESS HR
|l| PANDA EXPRESS HR
|
|t:|1668053916
|switch|p1a: Tapu Fini|Tapu Fini|100/100
|-fieldstart|move: Misty Terrain|[from] ability: Misty Surge|[of] p1a: Tapu Fini
|move|p2a: Volcanion|Steam Eruption|p1a: Tapu Fini
|-resisted|p1a: Tapu Fini
|-damage|p1a: Tapu Fini|69/100
|
|-heal|p1a: Tapu Fini|75/100|[from] item: Leftovers
|upkeep
|turn|14
|
|t:|1668053928
|move|p2a: Volcanion|Steam Eruption|p1a: Tapu Fini
|-resisted|p1a: Tapu Fini
|-damage|p1a: Tapu Fini|44/100
|move|p1a: Tapu Fini|Moonblast|p2a: Volcanion
|-resisted|p2a: Volcanion
|-damage|p2a: Volcanion|54/100
|-unboost|p2a: Volcanion|spa|1
|
|-heal|p1a: Tapu Fini|50/100|[from] item: Leftovers
|upkeep
|turn|15
|
|t:|1668053943
|switch|p2a: Melmetal|Melmetal|36/100 par
|switch|p1a: Melmetal|Melmetal|27/100 par
|
|upkeep
|turn|16
|
|t:|1668053964
|cant|p1a: Melmetal|par
|move|p2a: Melmetal|Earthquake|p1a: Melmetal
|-supereffective|p1a: Melmetal
|-damage|p1a: Melmetal|0 fnt
|faint|p1a: Melmetal
|
|upkeep
|
|t:|1668053970
|switch|p1a: Pelipper|Pelipper, F|94/100 tox
|-weather|RainDance|[from] ability: Drizzle|[of] p1a: Pelipper
|turn|17
|
|t:|1668053975
|move|p1a: Pelipper|U-turn|p2a: Melmetal
|-resisted|p2a: Melmetal
|-damage|p2a: Melmetal|33/100 par
|
|t:|1668053979
|switch|p1a: Landorus|Landorus-Therian, M|100/100|[from]move: U-turn
|-ability|p1a: Landorus|Intimidate|boost
|-unboost|p2a: Melmetal|atk|1
|move|p2a: Melmetal|Double Iron Bash|p1a: Landorus
|-damage|p1a: Landorus|70/100
|-damage|p1a: Landorus|39/100
|-hitcount|p1a: Landorus|2
|
|-weather|RainDance|[upkeep]
|-fieldend|Misty Terrain
|upkeep
|turn|18
|
|t:|1668053992
|switch|p2a: Kartana|Kartana|100/100
|move|p1a: Landorus|Earthquake|p2a: Kartana
|-damage|p2a: Kartana|16/100
|
|-weather|RainDance|[upkeep]
|upkeep
|turn|19
|
|t:|1668054006
|switch|p1a: Tapu Fini|Tapu Fini|50/100
|-fieldstart|move: Misty Terrain|[from] ability: Misty Surge|[of] p1a: Tapu Fini
|move|p2a: Kartana|Knock Off|p1a: Tapu Fini
|-resisted|p1a: Tapu Fini
|-damage|p1a: Tapu Fini|32/100
|-enditem|p1a: Tapu Fini|Leftovers|[from] move: Knock Off|[of] p2a: Kartana
|
|-weather|RainDance|[upkeep]
|upkeep
|turn|20
|
|t:|1668054018
|switch|p2a: Volcanion|Volcanion|54/100
|move|p1a: Tapu Fini|Moonblast|p2a: Volcanion
|-resisted|p2a: Volcanion
|-damage|p2a: Volcanion|26/100
|
|-weather|RainDance|[upkeep]
|upkeep
|turn|21
|
|t:|1668054024
|move|p2a: Volcanion|Steam Eruption|p1a: Tapu Fini
|-resisted|p1a: Tapu Fini
|-damage|p1a: Tapu Fini|0 fnt
|faint|p1a: Tapu Fini
|
|-weather|none
|upkeep
|
|t:|1668054032
|switch|p1a: Pelipper|Pelipper, F|94/100 tox
|-weather|RainDance|[from] ability: Drizzle|[of] p1a: Pelipper
|turn|22
|
|t:|1668054036
|move|p2a: Volcanion|Steam Eruption|p1a: Pelipper
|-resisted|p1a: Pelipper
|-damage|p1a: Pelipper|0 fnt
|faint|p1a: Pelipper
|
|-weather|RainDance|[upkeep]
|upkeep
|
|t:|1668054043
|switch|p1a: Barraskewda|Barraskewda, F|100/100
|turn|23
|
|t:|1668054047
|switch|p2a: Zapdos|Zapdos|100/100
|move|p1a: Barraskewda|Close Combat|p2a: Zapdos
|-resisted|p2a: Zapdos
|-damage|p2a: Zapdos|75/100
|-unboost|p1a: Barraskewda|def|1
|-unboost|p1a: Barraskewda|spd|1
|
|-weather|RainDance|[upkeep]
|-fieldend|Misty Terrain
|upkeep
|turn|24
|
|t:|1668054056
|switch|p1a: Landorus|Landorus-Therian, M|39/100
|-ability|p1a: Landorus|Intimidate|boost
|-unboost|p2a: Zapdos|atk|1
|switch|p2a: Weavile|Weavile, F|100/100
|-ability|p2a: Weavile|Pressure
|
|-weather|RainDance|[upkeep]
|upkeep
|turn|25
|
|t:|1668054069
|move|p2a: Weavile|Triple Axel|p1a: Landorus
|-supereffective|p1a: Landorus
|-damage|p1a: Landorus|0 fnt
|faint|p1a: Landorus
|-hitcount|p1: Landorus|1
|
|-weather|RainDance|[upkeep]
|upkeep
|
|t:|1668054074
|switch|p1a: Barraskewda|Barraskewda, F|100/100
|turn|26
|
|t:|1668054077
|switch|p2a: Landorus|Landorus-Therian, M|28/100
|-ability|p2a: Landorus|Intimidate|boost
|-unboost|p1a: Barraskewda|atk|1
|move|p1a: Barraskewda|Flip Turn|p2a: Landorus
|-supereffective|p2a: Landorus
|-damage|p2a: Landorus|0 fnt
|faint|p2a: Landorus
|
|t:|1668054085
|switch|p1a: Zapdos|Zapdos|100/100|[from]move: Flip Turn
|
|-weather|none
|upkeep
|
|t:|1668054088
|switch|p2a: Weavile|Weavile, F|100/100
|-ability|p2a: Weavile|Pressure
|turn|27
|
|t:|1668054094
|move|p2a: Weavile|Knock Off|p1a: Zapdos
|-damage|p1a: Zapdos|12/100
|-enditem|p1a: Zapdos|Heavy-Duty Boots|[from] move: Knock Off|[of] p2a: Weavile
|move|p1a: Zapdos|Volt Switch|p2a: Weavile
|-damage|p2a: Weavile|49/100
|
|t:|1668054099
|switch|p1a: Barraskewda|Barraskewda, F|100/100|[from]move: Volt Switch
|
|upkeep
|turn|28
|
|t:|1668054106
|switch|p2a: Melmetal|Melmetal|33/100 par
|move|p1a: Barraskewda|Close Combat|p2a: Melmetal
|-supereffective|p2a: Melmetal
|-damage|p2a: Melmetal|0 fnt
|-unboost|p1a: Barraskewda|def|1
|-unboost|p1a: Barraskewda|spd|1
|faint|p2a: Melmetal
|
|upkeep
|
|t:|1668054109
|switch|p2a: Zapdos|Zapdos|75/100
|turn|29
|
|t:|1668054121
|move|p1a: Barraskewda|Close Combat|p2a: Zapdos
|-resisted|p2a: Zapdos
|-damage|p2a: Zapdos|50/100
|-unboost|p1a: Barraskewda|def|1
|-unboost|p1a: Barraskewda|spd|1
|move|p2a: Zapdos|Volt Switch|p1a: Barraskewda
|-supereffective|p1a: Barraskewda
|-damage|p1a: Barraskewda|0 fnt
|faint|p1a: Barraskewda
|
|t:|1668054127
|switch|p2a: Kartana|Kartana|16/100|[from]move: Volt Switch
|
|upkeep
|
|t:|1668054132
|switch|p1a: Zapdos|Zapdos|12/100
|turn|30
|
|t:|1668054137
|move|p2a: Kartana|Smart Strike|p1a: Zapdos
|-resisted|p1a: Zapdos
|-damage|p1a: Zapdos|0 fnt
|-status|p2a: Kartana|par|[from] ability: Static|[of] p1a: Zapdos
|faint|p1a: Zapdos
|
|win|ultimategoogolplex
|raw|Lllaser's rating: 1625 &rarr; <strong>1609</strong><br />(-16 for losing)
|raw|ultimategoogolplex's rating: 1696 &rarr; <strong>1712</strong><br />(+16 for winning)
|c|☆Lllaser|gg
|c|☆ultimategoogolplex|gg
|l|☆Lllaser
