|j|☆Ferrothornail草钢甲
|j|‽hypervortexreturns
|t:|1662789055
|gametype|singles
|player|p1|Ferrothornail草钢甲|169|1708
|player|p2|hypervortexreturns|2|1868
|teamsize|p1|6
|teamsize|p2|6
|gen|8
|tier|[Gen 8] OU
|rated|
|rule|Sleep Clause Mod: Limit one foe put to sleep
|rule|Species Clause: Limit one of each Pokémon
|rule|OHKO Clause: OHKO moves are banned
|rule|Evasion Items Clause: Evasion items are banned
|rule|Evasion Moves Clause: Evasion moves are banned
|rule|Endless Battle Clause: Forcing endless battles is banned
|rule|HP Percentage Mod: HP is shown in percentages
|rule|Dynamax Clause: You cannot dynamax
|clearpoke
|poke|p1|Hatterene, F|
|poke|p1|Porygon2|
|poke|p1|Cresselia, F|
|poke|p1|Marowak-Alola, M|
|poke|p1|Crawdaunt, M|
|poke|p1|Melmetal|
|poke|p2|Hydreigon, M|
|poke|p2|Excadrill, M|
|poke|p2|Azumarill, M|
|poke|p2|Corviknight, M|
|poke|p2|Zapdos|
|poke|p2|Tangrowth, F|
|teampreview
|
|t:|1662789091
|start
|switch|p1a: Hatterene|Hatterene, F|100/100
|switch|p2a: Excadrill|Excadrill, M|100/100
|-ability|p2a: Excadrill|Mold Breaker
|turn|1
|
|t:|1662789099
|move|p2a: Excadrill|Iron Head|p1a: Hatterene
|-supereffective|p1a: Hatterene
|-damage|p1a: Hatterene|11/100
|move|p1a: Hatterene|Trick Room|p1a: Hatterene
|-fieldstart|move: Trick Room|[of] p1a: Hatterene
|
|upkeep
|turn|2
|j| kulm
|
|t:|1662789115
|move|p1a: Hatterene|Healing Wish|p1a: Hatterene
|faint|p1a: Hatterene
|move|p2a: Excadrill|Stealth Rock|p1: Hatterene
|-sidestart|p1: Ferrothornail草钢甲|move: Stealth Rock
|
|upkeep
|inactive|Battle timer is ON: inactive players will automatically lose when time's up. (requested by hypervortexreturns)
|
|t:|1662789125
|switch|p1a: Crawdaunt|Crawdaunt, M|100/100
|-damage|p1a: Crawdaunt|88/100|[from] Stealth Rock
|turn|3
|
|t:|1662789138
|move|p1a: Crawdaunt|Swords Dance|p1a: Crawdaunt
|-boost|p1a: Crawdaunt|atk|2
|move|p2a: Excadrill|Earthquake|p1a: Crawdaunt
|-damage|p1a: Crawdaunt|28/100
|
|upkeep
|turn|4
|inactive|hypervortexreturns has 120 seconds left.
|j| sleepdrawirnig
|
|t:|1662789184
|move|p1a: Crawdaunt|Knock Off|p2a: Excadrill
|-damage|p2a: Excadrill|0 fnt
|-enditem|p2a: Excadrill|Leftovers|[from] move: Knock Off|[of] p1a: Crawdaunt
|faint|p2a: Excadrill
|-damage|p1a: Crawdaunt|18/100|[from] item: Life Orb
|
|upkeep
|inactive|hypervortexreturns has 90 seconds left.
|j| LT_Alt1
|l| kulm
|inactive|hypervortexreturns has 60 seconds left.
|
|t:|1662789247
|switch|p2a: Azumarill|Azumarill, M|100/100
|turn|5
|l| sleepdrawirnig
|
|t:|1662789252
|move|p2a: Azumarill|Aqua Jet|p1a: Crawdaunt
|-resisted|p1a: Crawdaunt
|-damage|p1a: Crawdaunt|2/100
|move|p1a: Crawdaunt|Knock Off|p2a: Azumarill
|-resisted|p2a: Azumarill
|-damage|p2a: Azumarill|0 fnt
|-enditem|p2a: Azumarill|Sitrus Berry|[from] move: Knock Off|[of] p1a: Crawdaunt
|faint|p2a: Azumarill
|-damage|p1a: Crawdaunt|0 fnt|[from] item: Life Orb
|faint|p1a: Crawdaunt
|
|-fieldend|move: Trick Room
|upkeep
|inactive|hypervortexreturns has 60 seconds left.
|
|t:|1662789264
|switch|p2a: Corviknight|Corviknight, M|100/100
|switch|p1a: Porygon2|Porygon2|100/100
|-ability|p2a: Corviknight|Pressure
|-damage|p1a: Porygon2|88/100|[from] Stealth Rock
|-ability|p1a: Porygon2|Download|boost
|-boost|p1a: Porygon2|atk|1
|turn|6
|
|t:|1662789273
|move|p2a: Corviknight|Taunt|p1a: Porygon2
|-start|p1a: Porygon2|move: Taunt
|cant|p1a: Porygon2|move: Taunt|Trick Room
|
|upkeep
|turn|7
|
|t:|1662789287
|move|p2a: Corviknight|Brave Bird|p1a: Porygon2
|-damage|p1a: Porygon2|65/100
|-damage|p2a: Corviknight|93/100|[from] Recoil
|move|p1a: Porygon2|Ice Beam|p2a: Corviknight
|-damage|p2a: Corviknight|78/100
|
|-heal|p2a: Corviknight|84/100|[from] item: Leftovers
|upkeep
|turn|8
|j| Bad Players
|
|t:|1662789302
|move|p2a: Corviknight|Brave Bird|p1a: Porygon2
|-damage|p1a: Porygon2|42/100
|-damage|p2a: Corviknight|77/100|[from] Recoil
|move|p1a: Porygon2|Thunderbolt|p2a: Corviknight
|-supereffective|p2a: Corviknight
|-damage|p2a: Corviknight|47/100
|-status|p2a: Corviknight|par
|
|-heal|p2a: Corviknight|53/100 par|[from] item: Leftovers
|-end|p1a: Porygon2|move: Taunt
|upkeep
|turn|9
|
|t:|1662789313
|switch|p1a: Marowak|Marowak-Alola, M|100/100
|-damage|p1a: Marowak|76/100|[from] Stealth Rock
|move|p2a: Corviknight|Taunt|p1a: Marowak
|-start|p1a: Marowak|move: Taunt
|
|-heal|p2a: Corviknight|59/100 par|[from] item: Leftovers
|upkeep
|turn|10
|inactive|hypervortexreturns has 60 seconds left.
|
|t:|1662789330
|switch|p2a: Hydreigon|Hydreigon, M|100/100
|move|p1a: Marowak|Low Kick|p2a: Hydreigon
|-supereffective|p2a: Hydreigon
|-damage|p2a: Hydreigon|0 fnt
|faint|p2a: Hydreigon
|
|upkeep
|inactive|hypervortexreturns has 60 seconds left.
|
|t:|1662789341
|switch|p2a: Tangrowth|Tangrowth, F|100/100
|turn|11
|
|t:|1662789350
|switch|p1a: Porygon2|Porygon2|42/100
|-heal|p1a: Porygon2|100/100|[from] move: Healing Wish
|-damage|p1a: Porygon2|88/100|[from] Stealth Rock
|-ability|p1a: Porygon2|Download|boost
|-boost|p1a: Porygon2|spa|1
|move|p2a: Tangrowth|Knock Off|p1a: Porygon2
|-damage|p1a: Porygon2|73/100
|-enditem|p1a: Porygon2|Eviolite|[from] move: Knock Off|[of] p2a: Tangrowth
|
|upkeep
|turn|12
|
|t:|1662789364
|move|p2a: Tangrowth|Sleep Powder|p1a: Porygon2
|-status|p1a: Porygon2|slp|[from] move: Sleep Powder
|cant|p1a: Porygon2|slp
|
|upkeep
|turn|13
|inactive|Ferrothornail草钢甲 has 120 seconds left.
|j| wuminKenken
|
|t:|1662789395
|switch|p1a: Cresselia|Cresselia, F|100/100
|-damage|p1a: Cresselia|88/100|[from] Stealth Rock
|move|p2a: Tangrowth|Focus Blast|p1a: Cresselia
|-resisted|p1a: Cresselia
|-damage|p1a: Cresselia|79/100
|
|upkeep
|turn|14
|
|t:|1662789408
|move|p2a: Tangrowth|Knock Off|p1a: Cresselia
|-supereffective|p1a: Cresselia
|-damage|p1a: Cresselia|59/100
|-enditem|p1a: Cresselia|Mental Herb|[from] move: Knock Off|[of] p2a: Tangrowth
|move|p1a: Cresselia|Trick Room|p1a: Cresselia
|-fieldstart|move: Trick Room|[of] p1a: Cresselia
|
|upkeep
|turn|15
|
|t:|1662789423
|move|p2a: Tangrowth|Knock Off|p1a: Cresselia
|-supereffective|p1a: Cresselia
|-damage|p1a: Cresselia|44/100
|move|p1a: Cresselia|Lunar Dance|p1a: Cresselia
|faint|p1a: Cresselia
|
|upkeep
|
|t:|1662789426
|switch|p1a: Marowak|Marowak-Alola, M|76/100
|-heal|p1a: Marowak|100/100|[from] move: Lunar Dance
|-damage|p1a: Marowak|76/100|[from] Stealth Rock
|turn|16
|inactive|hypervortexreturns has 60 seconds left.
|
|t:|1662789449
|move|p1a: Marowak|Flare Blitz|p2a: Tangrowth
|-supereffective|p2a: Tangrowth
|-damage|p2a: Tangrowth|0 fnt
|-damage|p1a: Marowak|59/100|[from] item: Rocky Helmet|[of] p2a: Tangrowth
|faint|p2a: Tangrowth
|
|upkeep
|inactive|hypervortexreturns has 60 seconds left.
|
|t:|1662789460
|switch|p2a: Zapdos|Zapdos|100/100
|turn|17
|
|t:|1662789464
|move|p1a: Marowak|Flare Blitz|p2a: Zapdos
|-damage|p2a: Zapdos|0 fnt
|faint|p2a: Zapdos
|
|upkeep
|l| LT_Alt1
|
|t:|1662789470
|switch|p2a: Corviknight|Corviknight, M|59/100 par
|-ability|p2a: Corviknight|Pressure
|turn|18
|j| LT_Alt1
|
|t:|1662789475
|move|p1a: Marowak|Flare Blitz|p2a: Corviknight
|-supereffective|p2a: Corviknight
|-damage|p2a: Corviknight|0 fnt
|faint|p2a: Corviknight
|
|win|Ferrothornail草钢甲
|raw|Ferrothornail草钢甲's rating: 1708 &rarr; <strong>1737</strong><br />(+29 for winning)
|raw|hypervortexreturns's rating: 1868 &rarr; <strong>1839</strong><br />(-29 for losing)
|l| LT_Alt1
|l|‽hypervortexreturns
