|j|☆TrivagoGuy
|j|☆ldailey19
|t:|1644228497
|gametype|singles
|player|p1|TrivagoGuy|ruinmaniac|1563
|player|p2|ldailey19|lance|1651
|teamsize|p1|6
|teamsize|p2|6
|gen|8
|tier|[Gen 8] OU
|rated|
|rule|Sleep Clause Mod: Limit one foe put to sleep
|rule|Species Clause: Limit one of each Pokémon
|rule|OHKO Clause: OHKO moves are banned
|rule|Evasion Moves Clause: Evasion moves are banned
|rule|Endless Battle Clause: Forcing endless battles is banned
|rule|HP Percentage Mod: HP is shown in percentages
|rule|Dynamax Clause: You cannot dynamax
|clearpoke
|poke|p1|Golisopod, F|
|poke|p1|Rillaboom, F|
|poke|p1|Latios, M|
|poke|p1|Gengar, M|
|poke|p1|Excadrill, F|
|poke|p1|Tyranitar, F|
|poke|p2|Magnezone|
|poke|p2|Weavile, F|
|poke|p2|Urshifu-*, F|
|poke|p2|Heatran, F|
|poke|p2|Landorus-Therian, M|
|poke|p2|Dragapult, M|
|teampreview
|inactive|Battle timer is ON: inactive players will automatically lose when time's up. (requested by ldailey19)
|
|t:|1644228513
|start
|switch|p1a: Golisopod|Golisopod, F|100/100
|switch|p2a: Landorus|Landorus-Therian, M|100/100
|-ability|p2a: Landorus|Intimidate|boost
|-unboost|p1a: Golisopod|atk|1
|turn|1
|
|t:|1644228522
|switch|p1a: Latios|Latios, M|100/100
|move|p2a: Landorus|Stealth Rock|p1a: Latios
|-sidestart|p1: TrivagoGuy|move: Stealth Rock
|
|upkeep
|turn|2
|
|t:|1644228535
|switch|p2a: Magnezone|Magnezone, shiny|100/100
|move|p1a: Latios|Ice Beam|p2a: Magnezone
|-resisted|p2a: Magnezone
|-damage|p2a: Magnezone|90/100
|
|upkeep
|turn|3
|
|t:|1644228545
|switch|p1a: Excadrill|Excadrill, F|100/100
|-damage|p1a: Excadrill|97/100|[from] Stealth Rock
|-ability|p1a: Excadrill|Mold Breaker
|move|p2a: Magnezone|Flash Cannon|p1a: Excadrill
|-resisted|p1a: Excadrill
|-damage|p1a: Excadrill|61/100
|
|upkeep
|turn|4
|
|t:|1644228553
|switch|p2a: Landorus|Landorus-Therian, M|100/100
|-ability|p2a: Landorus|Intimidate|boost
|-unboost|p1a: Excadrill|atk|1
|move|p1a: Excadrill|Rapid Spin|p2a: Landorus
|-damage|p2a: Landorus|92/100
|-boost|p1a: Excadrill|spe|1
|-damage|p1a: Excadrill|44/100|[from] item: Rocky Helmet|[of] p2a: Landorus
|-sideend|p1: TrivagoGuy|Stealth Rock|[from] move: Rapid Spin|[of] p1a: Excadrill
|
|upkeep
|turn|5
|
|t:|1644228563
|move|p1a: Excadrill|Iron Head|p2a: Landorus
|-damage|p2a: Landorus|72/100
|-damage|p1a: Excadrill|28/100|[from] item: Rocky Helmet|[of] p2a: Landorus
|move|p2a: Landorus|Knock Off|p1a: Excadrill
|-damage|p1a: Excadrill|0 fnt
|-enditem|p1a: Excadrill|Expert Belt|[from] move: Knock Off|[of] p2a: Landorus
|faint|p1a: Excadrill
|
|upkeep
|
|t:|1644228571
|switch|p1a: Latios|Latios, M|100/100
|turn|6
|
|t:|1644228577
|switch|p2a: Magnezone|Magnezone, shiny|90/100
|move|p1a: Latios|Mystical Fire|p2a: Magnezone
|-supereffective|p2a: Magnezone
|-damage|p2a: Magnezone|50/100
|-unboost|p2a: Magnezone|spa|1
|
|upkeep
|turn|7
|
|t:|1644228593
|move|p1a: Latios|Mystical Fire|p2a: Magnezone
|-supereffective|p2a: Magnezone
|-damage|p2a: Magnezone|15/100
|-unboost|p2a: Magnezone|spa|1
|move|p2a: Magnezone|Volt Switch|p1a: Latios
|-resisted|p1a: Latios
|-damage|p1a: Latios|87/100
|
|t:|1644228605
|switch|p2a: Dragapult|Dragapult, M, shiny|100/100|[from]move: Volt Switch
|
|upkeep
|turn|8
|
|t:|1644228614
|switch|p1a: Tyranitar|Tyranitar, F|100/100
|-weather|Sandstorm|[from] ability: Sand Stream|[of] p1a: Tyranitar
|move|p2a: Dragapult|Dragon Darts|p1a: Tyranitar
|-damage|p1a: Tyranitar|81/100
|-anim|p2a: Dragapult|Dragon Darts|p1a: Tyranitar
|-damage|p1a: Tyranitar|62/100
|
|-weather|Sandstorm|[upkeep]
|-damage|p2a: Dragapult|95/100|[from] Sandstorm
|upkeep
|turn|9
|
|t:|1644228625
|move|p2a: Dragapult|U-turn|p1a: Tyranitar
|-supereffective|p1a: Tyranitar
|-damage|p1a: Tyranitar|25/100
|
|t:|1644228630
|switch|p2a: Magnezone|Magnezone, shiny|15/100|[from]move: U-turn
|move|p1a: Tyranitar|Ice Beam|p2a: Magnezone
|-resisted|p2a: Magnezone
|-damage|p2a: Magnezone|8/100
|
|-weather|Sandstorm|[upkeep]
|upkeep
|turn|10
|
|t:|1644228638
|move|p1a: Tyranitar|Crunch|p2a: Magnezone
|-damage|p2a: Magnezone|0 fnt
|faint|p2a: Magnezone
|
|-weather|Sandstorm|[upkeep]
|upkeep
|
|t:|1644228651
|switch|p2a: Dragapult|Dragapult, M, shiny|95/100
|turn|11
|
|t:|1644228656
|move|p2a: Dragapult|U-turn|p1a: Tyranitar
|-supereffective|p1a: Tyranitar
|-damage|p1a: Tyranitar|0 fnt
|faint|p1a: Tyranitar
|
|t:|1644228676
|switch|p2a: Weavile|Weavile, F|100/100|[from]move: U-turn
|-ability|p2a: Weavile|Pressure
|
|-weather|Sandstorm|[upkeep]
|-damage|p2a: Weavile|94/100|[from] Sandstorm
|upkeep
|
|t:|1644228686
|switch|p1a: Golisopod|Golisopod, F|100/100
|turn|12
|
|t:|1644228690
|move|p1a: Golisopod|First Impression|p2a: Weavile
|-supereffective|p2a: Weavile
|-damage|p2a: Weavile|0 fnt
|faint|p2a: Weavile
|
|-weather|none
|upkeep
|
|t:|1644228698
|switch|p2a: Landorus|Landorus-Therian, M|72/100
|-ability|p2a: Landorus|Intimidate|boost
|-unboost|p1a: Golisopod|atk|1
|turn|13
|
|t:|1644228715
|switch|p1a: Rillaboom|Rillaboom, F|100/100
|-fieldstart|move: Grassy Terrain|[from] ability: Grassy Surge|[of] p1a: Rillaboom
|move|p2a: Landorus|Knock Off|p1a: Rillaboom
|-damage|p1a: Rillaboom|64/100
|-enditem|p1a: Rillaboom|Life Orb|[from] move: Knock Off|[of] p2a: Landorus
|
|-heal|p1a: Rillaboom|70/100|[from] Grassy Terrain
|upkeep
|turn|14
|
|t:|1644228725
|move|p1a: Rillaboom|Bulk Up|p1a: Rillaboom
|-boost|p1a: Rillaboom|atk|1
|-boost|p1a: Rillaboom|def|1
|move|p2a: Landorus|Stealth Rock|p1a: Rillaboom
|-sidestart|p1: TrivagoGuy|move: Stealth Rock
|
|-heal|p1a: Rillaboom|76/100|[from] Grassy Terrain
|upkeep
|turn|15
|
|t:|1644228736
|move|p1a: Rillaboom|Grassy Glide|p2a: Landorus
|-damage|p2a: Landorus|26/100
|-damage|p1a: Rillaboom|60/100|[from] item: Rocky Helmet|[of] p2a: Landorus
|move|p2a: Landorus|Knock Off|p1a: Rillaboom
|-damage|p1a: Rillaboom|44/100
|
|-heal|p1a: Rillaboom|50/100|[from] Grassy Terrain
|upkeep
|turn|16
|
|t:|1644228748
|move|p1a: Rillaboom|Grassy Glide|p2a: Landorus
|-damage|p2a: Landorus|0 fnt
|-damage|p1a: Rillaboom|34/100|[from] item: Rocky Helmet|[of] p2a: Landorus
|faint|p2a: Landorus
|
|-heal|p1a: Rillaboom|40/100|[from] Grassy Terrain
|upkeep
|
|t:|1644228762
|switch|p2a: Dragapult|Dragapult, M, shiny|95/100
|turn|17
|
|t:|1644228767
|move|p1a: Rillaboom|Grassy Glide|p2a: Dragapult
|-resisted|p2a: Dragapult
|-damage|p2a: Dragapult|49/100
|move|p2a: Dragapult|U-turn|p1a: Rillaboom
|-supereffective|p1a: Rillaboom
|-damage|p1a: Rillaboom|6/100
|
|t:|1644228783
|switch|p2a: Heatran|Heatran, F, shiny|100/100|[from]move: U-turn
|-item|p2a: Heatran|Air Balloon
|
|-heal|p1a: Rillaboom|12/100|[from] Grassy Terrain
|-fieldend|move: Grassy Terrain
|upkeep
|turn|18
|
|t:|1644228792
|move|p1a: Rillaboom|Hammer Arm|p2a: Heatran
|-supereffective|p2a: Heatran
|-damage|p2a: Heatran|15/100
|-unboost|p1a: Rillaboom|spe|1
|-enditem|p2a: Heatran|Air Balloon
|move|p2a: Heatran|Flamethrower|p1a: Rillaboom
|-supereffective|p1a: Rillaboom
|-damage|p1a: Rillaboom|0 fnt
|faint|p1a: Rillaboom
|
|upkeep
|
|t:|1644228800
|switch|p1a: Gengar|Gengar, M|100/100
|-damage|p1a: Gengar|88/100|[from] Stealth Rock
|turn|19
|
|t:|1644228805
|move|p1a: Gengar|Shadow Ball|p2a: Heatran
|-crit|p2a: Heatran
|-damage|p2a: Heatran|0 fnt
|faint|p2a: Heatran
|
|upkeep
|
|t:|1644228813
|switch|p2a: Dragapult|Dragapult, M, shiny|49/100
|turn|20
|
|t:|1644228819
|switch|p1a: Golisopod|Golisopod, F|100/100
|-damage|p1a: Golisopod|76/100|[from] Stealth Rock
|move|p2a: Dragapult|Phantom Force||[still]
|-prepare|p2a: Dragapult|Phantom Force
|
|upkeep
|turn|21
|
|t:|1644228826
|move|p2a: Dragapult|Phantom Force|p1a: Golisopod|[from]lockedmove
|-damage|p1a: Golisopod|43/100
|-activate|p1a: Golisopod|ability: Emergency Exit
|
|t:|1644228831
|switch|p1a: Latios|Latios, M|87/100
|-damage|p1a: Latios|74/100|[from] Stealth Rock
|
|upkeep
|turn|22
|
|t:|1644228837
|move|p1a: Latios|Draco Meteor|p2a: Dragapult
|-supereffective|p2a: Dragapult
|-damage|p2a: Dragapult|0 fnt
|-unboost|p1a: Latios|spa|2
|faint|p2a: Dragapult
|
|upkeep
|
|t:|1644228844
|switch|p2a: Urshifu|Urshifu-Rapid-Strike, F|100/100
|turn|23
|
|t:|1644228848
|switch|p1a: Golisopod|Golisopod, F|43/100
|-damage|p1a: Golisopod|18/100|[from] Stealth Rock
|move|p2a: Urshifu|Surging Strikes|p1a: Golisopod
|-resisted|p1a: Golisopod
|-crit|p1a: Golisopod
|-damage|p1a: Golisopod|12/100
|-resisted|p1a: Golisopod
|-crit|p1a: Golisopod
|-damage|p1a: Golisopod|5/100
|-resisted|p1a: Golisopod
|-crit|p1a: Golisopod
|-damage|p1a: Golisopod|0 fnt
|faint|p1a: Golisopod
|-hitcount|p1: Golisopod|3
|
|upkeep
|j| pollopollopo
|
|t:|1644228858
|switch|p1a: Gengar|Gengar, M|88/100
|-damage|p1a: Gengar|76/100|[from] Stealth Rock
|turn|24
|
|t:|1644228868
|move|p1a: Gengar|Dazzling Gleam|p2a: Urshifu
|-supereffective|p2a: Urshifu
|-enditem|p2a: Urshifu|Focus Sash
|-damage|p2a: Urshifu|1/100
|move|p2a: Urshifu|Surging Strikes|p1a: Gengar
|-crit|p1a: Gengar
|-damage|p1a: Gengar|35/100
|-start|p2a: Urshifu|Disable|Surging Strikes|[from] ability: Cursed Body|[of] p1a: Gengar
|-crit|p1a: Gengar
|-damage|p1a: Gengar|0 fnt
|faint|p1a: Gengar
|-hitcount|p1: Gengar|2
|
|upkeep
|
|t:|1644228875
|switch|p1a: Latios|Latios, M|74/100
|-damage|p1a: Latios|62/100|[from] Stealth Rock
|turn|25
|
|t:|1644228882
|move|p1a: Latios|Ice Beam|p2a: Urshifu
|-resisted|p2a: Urshifu
|-damage|p2a: Urshifu|0 fnt
|faint|p2a: Urshifu
|
|win|TrivagoGuy
|raw|TrivagoGuy's rating: 1563 &rarr; <strong>1588</strong><br />(+25 for winning)
|raw|ldailey19's rating: 1651 &rarr; <strong>1626</strong><br />(-25 for losing)
|c|☆TrivagoGuy|gg
