|j|☆LizzyPark
|j|☆minimax_ai
|t:|1665065619
|gametype|singles
|player|p1|LizzyPark|doctor|1609
|player|p2|minimax_ai|lusamine-nihilego|1638
|teamsize|p1|6
|teamsize|p2|6
|gen|8
|tier|[Gen 8] OU
|rated|
|rule|Sleep Clause Mod: Limit one foe put to sleep
|rule|Species Clause: Limit one of each Pokémon
|rule|OHKO Clause: OHKO moves are banned
|rule|Evasion Items Clause: Evasion items are banned
|rule|Evasion Moves Clause: Evasion moves are banned
|rule|Endless Battle Clause: Forcing endless battles is banned
|rule|HP Percentage Mod: HP is shown in percentages
|rule|Dynamax Clause: You cannot dynamax
|clearpoke
|poke|p1|Weavile, M|
|poke|p1|Kartana|
|poke|p1|Zeraora|
|poke|p1|Rillaboom, F|
|poke|p1|Landorus-Therian, M|
|poke|p1|Melmetal|
|poke|p2|Rotom-Wash|
|poke|p2|Weavile, F|
|poke|p2|Landorus-Therian, M|
|poke|p2|Heatran, M|
|poke|p2|Tangrowth, F|
|poke|p2|Melmetal|
|teampreview
|
|t:|1665065621
|start
|switch|p1a: Weavile|Weavile, M|100/100
|switch|p2a: Heatran|Heatran, M|100/100
|-item|p2a: Heatran|Air Balloon
|turn|1
|c|☆minimax_ai|hf
|inactive|Battle timer is ON: inactive players will automatically lose when time's up. (requested by LizzyPark)
|inactive|minimax_ai also wants the timer to be on.
|c|☆LizzyPark|u2
|
|t:|1665065629
|switch|p2a: landorustherian|Landorus-Therian, M|100/100
|-ability|p2a: landorustherian|Intimidate|boost
|-unboost|p1a: Weavile|atk|1
|move|p1a: Weavile|Beat Up|p2a: landorustherian
|-damage|p2a: landorustherian|94/100
|-damage|p2a: landorustherian|85/100
|-damage|p2a: landorustherian|79/100
|-damage|p2a: landorustherian|73/100
|-damage|p2a: landorustherian|66/100
|-damage|p2a: landorustherian|59/100
|-hitcount|p2a: landorustherian|6
|
|-heal|p2a: landorustherian|65/100|[from] item: Leftovers
|upkeep
|turn|2
|
|t:|1665065631
|switch|p2a: Heatran|Heatran, M|100/100
|-item|p2a: Heatran|Air Balloon
|move|p1a: Weavile|Swords Dance|p1a: Weavile
|-boost|p1a: Weavile|atk|2
|
|upkeep
|turn|3
|
|t:|1665065633
|move|p1a: Weavile|Beat Up|p2a: Heatran
|-damage|p2a: Heatran|86/100
|-enditem|p2a: Heatran|Air Balloon
|-damage|p2a: Heatran|67/100
|-damage|p2a: Heatran|55/100
|-damage|p2a: Heatran|42/100
|-damage|p2a: Heatran|26/100
|-crit|p2a: Heatran
|-damage|p2a: Heatran|4/100
|-hitcount|p2a: Heatran|6
|move|p2a: Heatran|Eruption|p1a: Weavile
|-supereffective|p1a: Weavile
|-damage|p1a: Weavile|92/100
|
|upkeep
|turn|4
|
|t:|1665065644
|switch|p2a: Melmetal|Melmetal|100/100
|move|p1a: Weavile|Beat Up|p2a: Melmetal
|-damage|p2a: Melmetal|93/100
|-damage|p2a: Melmetal|83/100
|-damage|p2a: Melmetal|75/100
|-damage|p2a: Melmetal|67/100
|-damage|p2a: Melmetal|58/100
|-damage|p2a: Melmetal|50/100
|-hitcount|p2a: Melmetal|6
|
|upkeep
|turn|5
|
|t:|1665065647
|move|p1a: Weavile|Beat Up|p2a: Melmetal
|-damage|p2a: Melmetal|41/100
|-damage|p2a: Melmetal|30/100
|-damage|p2a: Melmetal|22/100
|-damage|p2a: Melmetal|15/100
|-damage|p2a: Melmetal|5/100
|-damage|p2a: Melmetal|0 fnt
|faint|p2a: Melmetal
|-hitcount|p2: Melmetal|6
|
|upkeep
|
|t:|1665065647
|switch|p2a: Tangrowth|Tangrowth, F|100/100
|turn|6
|
|t:|1665065655
|move|p1a: Weavile|Icicle Crash|p2a: Tangrowth|[miss]
|-miss|p1a: Weavile|p2a: Tangrowth
|move|p2a: Tangrowth|Focus Blast|p1a: Weavile|[miss]
|-miss|p2a: Tangrowth|p1a: Weavile
|
|upkeep
|turn|7
|
|t:|1665065657
|move|p1a: Weavile|Icicle Crash|p2a: Tangrowth
|-supereffective|p2a: Tangrowth
|-damage|p2a: Tangrowth|29/100
|cant|p2a: Tangrowth|flinch
|
|upkeep
|turn|8
|
|t:|1665065661
|switch|p2a: rotomwash|Rotom-Wash|100/100
|move|p1a: Weavile|Beat Up|p2a: rotomwash
|-damage|p2a: rotomwash|85/100
|-crit|p2a: rotomwash
|-damage|p2a: rotomwash|53/100
|-damage|p2a: rotomwash|40/100
|-damage|p2a: rotomwash|25/100
|-damage|p2a: rotomwash|7/100
|-crit|p2a: rotomwash
|-damage|p2a: rotomwash|0 fnt
|faint|p2a: rotomwash
|-hitcount|p2: rotomwash|6
|
|upkeep
|
|t:|1665065662
|switch|p2a: Weavile|Weavile, F|100/100
|-ability|p2a: Weavile|Pressure
|turn|9
|
|t:|1665065668
|switch|p1a: Broken|Landorus-Therian, M|100/100
|-ability|p1a: Broken|Intimidate|boost
|-unboost|p2a: Weavile|atk|1
|move|p2a: Weavile|Low Kick|p1a: Broken
|-resisted|p1a: Broken
|-damage|p1a: Broken|86/100
|-enditem|p1a: Broken|Eject Button
|
|t:|1665065673
|switch|p1a: Spice Girl|Kartana|100/100
|
|upkeep
|turn|10
|
|t:|1665065678
|switch|p2a: Tangrowth|Tangrowth, F|62/100
|move|p1a: Spice Girl|Sacred Sword|p2a: Tangrowth
|-damage|p2a: Tangrowth|43/100
|-damage|p1a: Spice Girl|84/100|[from] item: Rocky Helmet|[of] p2a: Tangrowth
|
|upkeep
|turn|11
|
|t:|1665065681
|switch|p1a: Weavile|Weavile, M|92/100
|switch|p2a: landorustherian|Landorus-Therian, M|65/100
|-ability|p2a: landorustherian|Intimidate|boost
|-unboost|p1a: Weavile|atk|1
|
|-heal|p2a: landorustherian|71/100|[from] item: Leftovers
|upkeep
|turn|12
|
|t:|1665065684
|switch|p2a: Tangrowth|Tangrowth, F|76/100
|move|p1a: Weavile|Icicle Crash|p2a: Tangrowth
|-supereffective|p2a: Tangrowth
|-damage|p2a: Tangrowth|43/100
|
|upkeep
|turn|13
|
|t:|1665065689
|switch|p1a: Broken|Landorus-Therian, M|86/100
|-ability|p1a: Broken|Intimidate|boost
|-unboost|p2a: Tangrowth|atk|1
|move|p2a: Tangrowth|Giga Drain|p1a: Broken
|-damage|p1a: Broken|51/100
|-heal|p2a: Tangrowth|57/100|[from] drain|[of] p1a: Broken
|
|upkeep
|turn|14
|
|t:|1665065691
|switch|p2a: landorustherian|Landorus-Therian, M|71/100
|-ability|p2a: landorustherian|Intimidate|boost
|-unboost|p1a: Broken|atk|1
|move|p1a: Broken|Stealth Rock|p2a: landorustherian
|-sidestart|p2: minimax_ai|move: Stealth Rock
|
|-heal|p2a: landorustherian|77/100|[from] item: Leftovers
|upkeep
|turn|15
|
|t:|1665065694
|move|p1a: Broken|Swords Dance|p1a: Broken
|-boost|p1a: Broken|atk|2
|move|p2a: landorustherian|Defog|p1a: Broken
|-unboost|p1a: Broken|evasion|1
|-sideend|p2: minimax_ai|Stealth Rock|[from] move: Defog|[of] p2a: landorustherian
|
|-heal|p2a: landorustherian|83/100|[from] item: Leftovers
|upkeep
|turn|16
|
|t:|1665065699
|switch|p2a: Tangrowth|Tangrowth, F|90/100
|move|p1a: Broken|Stealth Rock|p2a: Tangrowth
|-sidestart|p2: minimax_ai|move: Stealth Rock
|
|upkeep
|turn|17
|
|t:|1665065701
|move|p1a: Broken|Swords Dance|p1a: Broken
|-boost|p1a: Broken|atk|2
|move|p2a: Tangrowth|Sleep Powder|p1a: Broken
|-status|p1a: Broken|slp|[from] move: Sleep Powder
|
|upkeep
|turn|18
|
|t:|1665065704
|cant|p1a: Broken|slp
|move|p2a: Tangrowth|Giga Drain|p1a: Broken
|-damage|p1a: Broken|14/100 slp
|-heal|p2a: Tangrowth|100/100|[from] drain|[of] p1a: Broken
|
|upkeep
|turn|19
|
|t:|1665065707
|cant|p1a: Broken|slp
|move|p2a: Tangrowth|Knock Off|p1a: Broken
|-damage|p1a: Broken|0 fnt
|faint|p1a: Broken
|
|upkeep
|
|t:|1665065714
|switch|p1a: Broken 2|Melmetal|100/100
|turn|20
|
|t:|1665065716
|move|p1a: Broken 2|Thunder Wave|p2a: Tangrowth
|-status|p2a: Tangrowth|par
|move|p2a: Tangrowth|Focus Blast|p1a: Broken 2
|-supereffective|p1a: Broken 2
|-damage|p1a: Broken 2|37/100
|-unboost|p1a: Broken 2|spd|1
|-enditem|p1a: Broken 2|Eject Button
|
|t:|1665065726
|switch|p1a: Weavile|Weavile, M|92/100
|
|upkeep
|turn|21
|
|t:|1665065727
|move|p1a: Weavile|Icicle Crash|p2a: Tangrowth
|-supereffective|p2a: Tangrowth
|-damage|p2a: Tangrowth|55/100 par
|cant|p2a: Tangrowth|flinch
|
|upkeep
|turn|22
|
|t:|1665065731
|move|p1a: Weavile|Icicle Crash|p2a: Tangrowth
|-supereffective|p2a: Tangrowth
|-damage|p2a: Tangrowth|3/100 par
|cant|p2a: Tangrowth|flinch
|
|upkeep
|turn|23
|
|t:|1665065736
|move|p1a: Weavile|Beat Up|p2a: Tangrowth
|-damage|p2a: Tangrowth|0 fnt
|faint|p2a: Tangrowth
|-hitcount|p2: Tangrowth|1
|
|upkeep
|
|t:|1665065736
|switch|p2a: Weavile|Weavile, F|100/100
|-damage|p2a: Weavile|76/100|[from] Stealth Rock
|-ability|p2a: Weavile|Pressure
|turn|24
|
|t:|1665065738
|move|p2a: Weavile|Knock Off|p1a: Weavile
|-resisted|p1a: Weavile
|-damage|p1a: Weavile|29/100
|-enditem|p1a: Weavile|Focus Sash|[from] move: Knock Off|[of] p2a: Weavile
|-enditem|p2a: Weavile|Choice Band|[silent]|[from] ability: Pickpocket|[of] p2a: Weavile
|-item|p1a: Weavile|Choice Band|[from] ability: Pickpocket|[of] p2a: Weavile
|move|p1a: Weavile|Beat Up|p2a: Weavile
|-resisted|p2a: Weavile
|-damage|p2a: Weavile|62/100
|-resisted|p2a: Weavile
|-damage|p2a: Weavile|49/100
|-resisted|p2a: Weavile
|-damage|p2a: Weavile|39/100
|-resisted|p2a: Weavile
|-damage|p2a: Weavile|27/100
|-resisted|p2a: Weavile
|-damage|p2a: Weavile|12/100
|-hitcount|p2a: Weavile|5
|
|upkeep
|turn|25
|
|t:|1665065755
|switch|p1a: Broken 2|Melmetal|37/100
|move|p2a: Weavile|Knock Off|p1a: Broken 2
|-damage|p1a: Broken 2|17/100
|
|upkeep
|turn|26
|
|t:|1665065757
|move|p2a: Weavile|Knock Off|p1a: Broken 2
|-damage|p1a: Broken 2|0 fnt
|faint|p1a: Broken 2
|
|upkeep
|
|t:|1665065760
|switch|p1a: Spice Girl|Kartana|84/100
|turn|27
|j| lolka8971
|
|t:|1665065768
|move|p2a: Weavile|Ice Shard|p1a: Spice Girl
|-damage|p1a: Spice Girl|61/100
|move|p1a: Spice Girl|Knock Off|p2a: Weavile
|-resisted|p2a: Weavile
|-damage|p2a: Weavile|0 fnt
|faint|p2a: Weavile
|-ability|p1a: Spice Girl|Beast Boost|boost
|-boost|p1a: Spice Girl|atk|1
|
|upkeep
|
|t:|1665065768
|switch|p2a: landorustherian|Landorus-Therian, M|83/100
|-damage|p2a: landorustherian|71/100|[from] Stealth Rock
|-ability|p2a: landorustherian|Intimidate|boost
|-unboost|p1a: Spice Girl|atk|1
|turn|28
|
|t:|1665065770
|move|p1a: Spice Girl|Knock Off|p2a: landorustherian
|-damage|p2a: landorustherian|27/100
|-enditem|p2a: landorustherian|Leftovers|[from] move: Knock Off|[of] p1a: Spice Girl
|move|p2a: landorustherian|Earthquake|p1a: Spice Girl
|-damage|p1a: Spice Girl|9/100
|
|upkeep
|turn|29
|
|t:|1665065772
|switch|p2a: Heatran|Heatran, M|4/100
|-damage|p2a: Heatran|0 fnt|[from] Stealth Rock
|faint|p2a: Heatran
|move|p1a: Spice Girl|Knock Off|p2: Heatran|[notarget]
|-fail|p1a: Spice Girl
|
|upkeep
|
|t:|1665065772
|switch|p2a: landorustherian|Landorus-Therian, M|27/100
|-damage|p2a: landorustherian|15/100|[from] Stealth Rock
|-ability|p2a: landorustherian|Intimidate|boost
|-unboost|p1a: Spice Girl|atk|1
|turn|30
|
|t:|1665065774
|move|p1a: Spice Girl|Knock Off|p2a: landorustherian
|-damage|p2a: landorustherian|0 fnt
|faint|p2a: landorustherian
|
|win|LizzyPark
|raw|LizzyPark's rating: 1609 &rarr; <strong>1631</strong><br />(+22 for winning)
|raw|minimax_ai's rating: 1638 &rarr; <strong>1616</strong><br />(-22 for losing)
|c|☆minimax_ai|gg
|c|☆LizzyPark|gg
|l|☆minimax_ai
||Ladder isn't responding, score probably updated but might not have (Request timeout).
