|j|☆Contorted Lies
|j|☆Bee vs Tea
|t:|1606092613
|player|p1|Contorted Lies|265|1868
|player|p2|Bee vs Tea|266|1738
|teamsize|p1|6
|teamsize|p2|6
|gametype|singles
|gen|8
|tier|[Gen 8] OU
|rated|
|clearpoke
|poke|p1|Pheromosa|
|poke|p1|Tapu Lele|
|poke|p1|Heatran, F|
|poke|p1|Tapu Fini|
|poke|p1|Landorus-Therian, M|
|poke|p1|Kartana|
|poke|p2|Swampert, M|
|poke|p2|Toxapex, M|
|poke|p2|Melmetal|
|poke|p2|Regieleki|
|poke|p2|Hydreigon, M|
|poke|p2|Zapdos-Galar|
|rule|Sleep Clause Mod: Limit one foe put to sleep
|rule|Species Clause: Limit one of each Pokémon
|rule|OHKO Clause: OHKO moves are banned
|rule|Evasion Moves Clause: Evasion moves are banned
|rule|Endless Battle Clause: Forcing endless battles is banned
|rule|HP Percentage Mod: HP is shown in percentages
|rule|Dynamax Clause: You cannot dynamax
|teampreview
|inactive|Battle timer is ON: inactive players will automatically lose when time's up. (requested by Bee vs Tea)
|j| latiozazul2
|
|t:|1606092624
|start
|switch|p1a: Tapu Lele|Tapu Lele|100/100
|switch|p2a: Swampert|Swampert, M|100/100
|-fieldstart|move: Psychic Terrain|[from] ability: Psychic Surge|[of] p1a: Tapu Lele
|turn|1
|
|t:|1606092630
|move|p1a: Tapu Lele|Psychic|p2a: Swampert
|-damage|p2a: Swampert|31/100
|move|p2a: Swampert|Flip Turn|p1a: Tapu Lele
|-damage|p1a: Tapu Lele|68/100
|
|t:|1606092634
|switch|p2a: Melmetal|Melmetal|100/100|[from]move: Flip Turn
|
|upkeep
|turn|2
|
|t:|1606092644
|switch|p1a: Landorus|Landorus-Therian, M|100/100
|-ability|p1a: Landorus|Intimidate|boost
|-unboost|p2a: Melmetal|atk|1
|move|p2a: Melmetal|Double Iron Bash|p1a: Landorus
|-damage|p1a: Landorus|53/100
|-damage|p1a: Landorus|6/100
|-hitcount|p1a: Landorus|2
|
|upkeep
|turn|3
|
|t:|1606092651
|switch|p2a: Zapdos|Zapdos-Galar|100/100
|move|p1a: Landorus|U-turn|p2a: Zapdos
|-resisted|p2a: Zapdos
|-damage|p2a: Zapdos|93/100
|
|t:|1606092659
|switch|p1a: Pheromosa|Pheromosa|100/100|[from]move: U-turn
|
|-heal|p2a: Zapdos|99/100|[from] item: Leftovers
|upkeep
|turn|4
|
|t:|1606092665
|switch|p1a: Tapu Lele|Tapu Lele|68/100
|switch|p2a: Toxapex|Toxapex, M|100/100
|
|upkeep
|turn|5
|j| SemiProHawk707
|j| yessica95
|j| Teslataters
|
|t:|1606092670
|switch|p2a: Hydreigon|Hydreigon, M|100/100
|move|p1a: Tapu Lele|Psychic|p2a: Hydreigon
|-immune|p2a: Hydreigon
|
|-fieldend|move: Psychic Terrain
|upkeep
|turn|6
|
|t:|1606092673
|switch|p1a: Heatran|Heatran, F|100/100
|move|p2a: Hydreigon|U-turn|p1a: Heatran
|-resisted|p1a: Heatran
|-crit|p1a: Heatran
|-damage|p1a: Heatran|96/100
|
|t:|1606092676
|switch|p2a: Swampert|Swampert, M|31/100|[from]move: U-turn
|
|-heal|p1a: Heatran|100/100|[from] item: Leftovers
|-heal|p2a: Swampert|37/100|[from] item: Leftovers
|upkeep
|turn|7
|
|t:|1606092679
|switch|p1a: Landorus|Landorus-Therian, M|6/100
|-ability|p1a: Landorus|Intimidate|boost
|-unboost|p2a: Swampert|atk|1
|move|p2a: Swampert|Stealth Rock|p1a: Landorus
|-sidestart|p1: Contorted Lies|move: Stealth Rock
|
|-heal|p2a: Swampert|43/100|[from] item: Leftovers
|upkeep
|turn|8
|
|t:|1606092681
|move|p1a: Landorus|Stealth Rock|p2a: Swampert
|-sidestart|p2: Bee vs Tea|move: Stealth Rock
|move|p2a: Swampert|Flip Turn|p1a: Landorus
|-supereffective|p1a: Landorus
|-damage|p1a: Landorus|0 fnt
|faint|p1a: Landorus
|
|t:|1606092684
|switch|p2a: Regieleki|Regieleki|100/100|[from]move: Flip Turn
|-damage|p2a: Regieleki|88/100|[from] Stealth Rock
|
|upkeep
|
|t:|1606092698
|switch|p1a: Kartana|Kartana|100/100
|-damage|p1a: Kartana|94/100|[from] Stealth Rock
|turn|9
|
|t:|1606092701
|move|p2a: Regieleki|Volt Switch|p1a: Kartana
|-resisted|p1a: Kartana
|-damage|p1a: Kartana|0 fnt
|faint|p1a: Kartana
|
|t:|1606092706
|switch|p2a: Hydreigon|Hydreigon, M|100/100|[from]move: Volt Switch
|-damage|p2a: Hydreigon|88/100|[from] Stealth Rock
|
|upkeep
|j| AnimaticLunatic
|l| AnimaticLunatic
|
|t:|1606092715
|switch|p1a: Heatran|Heatran, F|100/100
|-damage|p1a: Heatran|88/100|[from] Stealth Rock
|turn|10
|
|t:|1606092719
|move|p1a: Heatran|Protect|p1a: Heatran
|-singleturn|p1a: Heatran|Protect
|move|p2a: Hydreigon|U-turn|p1a: Heatran
|-activate|p1a: Heatran|move: Protect
|
|-heal|p1a: Heatran|94/100|[from] item: Leftovers
|upkeep
|turn|11
|l| latiozazul2
|
|t:|1606092723
|move|p2a: Hydreigon|U-turn|p1a: Heatran
|-resisted|p1a: Heatran
|-damage|p1a: Heatran|91/100
|
|t:|1606092725
|switch|p2a: Swampert|Swampert, M|43/100|[from]move: U-turn
|-damage|p2a: Swampert|37/100|[from] Stealth Rock
|move|p1a: Heatran|Magma Storm|p2a: Swampert
|-resisted|p2a: Swampert
|-damage|p2a: Swampert|19/100
|-activate|p2a: Swampert|move: Magma Storm|[of] p1a: Heatran
|
|-heal|p1a: Heatran|97/100|[from] item: Leftovers
|-heal|p2a: Swampert|25/100|[from] item: Leftovers
|-damage|p2a: Swampert|13/100|[from] move: Magma Storm|[partiallytrapped]
|upkeep
|turn|12
|
|t:|1606092729
|move|p1a: Heatran|Earth Power|p2a: Swampert
|-damage|p2a: Swampert|0 fnt
|faint|p2a: Swampert
|
|-heal|p1a: Heatran|100/100|[from] item: Leftovers
|upkeep
|
|t:|1606092733
|switch|p2a: Zapdos|Zapdos-Galar|99/100
|-damage|p2a: Zapdos|87/100|[from] Stealth Rock
|turn|13
|
|t:|1606092736
|switch|p1a: Tapu Fini|Tapu Fini|100/100
|-damage|p1a: Tapu Fini|88/100|[from] Stealth Rock
|-fieldstart|move: Misty Terrain|[from] ability: Misty Surge|[of] p1a: Tapu Fini
|move|p2a: Zapdos|Stomping Tantrum|p1a: Tapu Fini
|-damage|p1a: Tapu Fini|68/100
|
|-heal|p2a: Zapdos|93/100|[from] item: Leftovers
|-heal|p1a: Tapu Fini|74/100|[from] item: Leftovers
|upkeep
|turn|14
|
|t:|1606092742
|switch|p2a: Melmetal|Melmetal|100/100
|-damage|p2a: Melmetal|94/100|[from] Stealth Rock
|move|p1a: Tapu Fini|Moonblast|p2a: Melmetal
|-resisted|p2a: Melmetal
|-damage|p2a: Melmetal|77/100
|-unboost|p2a: Melmetal|spa|1
|
|-heal|p1a: Tapu Fini|80/100|[from] item: Leftovers
|upkeep
|turn|15
|
|t:|1606092747
|move|p1a: Tapu Fini|Nature's Madness|p2a: Melmetal
|-damage|p2a: Melmetal|39/100
|move|p2a: Melmetal|Earthquake|p1a: Tapu Fini
|-damage|p1a: Tapu Fini|40/100
|
|-heal|p1a: Tapu Fini|46/100|[from] item: Leftovers
|upkeep
|turn|16
|
|t:|1606092753
|move|p1a: Tapu Fini|Whirlpool|p2a: Melmetal
|-damage|p2a: Melmetal|25/100
|-activate|p2a: Melmetal|move: Whirlpool|[of] p1a: Tapu Fini
|move|p2a: Melmetal|Earthquake|p1a: Tapu Fini
|-damage|p1a: Tapu Fini|6/100
|
|-heal|p1a: Tapu Fini|12/100|[from] item: Leftovers
|-damage|p2a: Melmetal|13/100|[from] move: Whirlpool|[partiallytrapped]
|upkeep
|turn|17
|
|t:|1606092759
|move|p1a: Tapu Fini|Moonblast|p2a: Melmetal
|-resisted|p2a: Melmetal
|-crit|p2a: Melmetal
|-damage|p2a: Melmetal|0 fnt
|faint|p2a: Melmetal
|
|-heal|p1a: Tapu Fini|18/100|[from] item: Leftovers
|-fieldend|Misty Terrain
|upkeep
|
|t:|1606092760
|switch|p2a: Regieleki|Regieleki|88/100
|-damage|p2a: Regieleki|76/100|[from] Stealth Rock
|turn|18
|
|t:|1606092764
|move|p2a: Regieleki|Volt Switch|p1a: Tapu Fini
|-supereffective|p1a: Tapu Fini
|-damage|p1a: Tapu Fini|0 fnt
|faint|p1a: Tapu Fini
|j| oophyte
|
|t:|1606092772
|switch|p2a: Hydreigon|Hydreigon, M|88/100|[from]move: Volt Switch
|-damage|p2a: Hydreigon|76/100|[from] Stealth Rock
|
|upkeep
|
|t:|1606092776
|switch|p1a: Heatran|Heatran, F|100/100
|-damage|p1a: Heatran|88/100|[from] Stealth Rock
|turn|19
|
|t:|1606092783
|move|p2a: Hydreigon|Dark Pulse|p1a: Heatran
|-damage|p1a: Heatran|61/100
|move|p1a: Heatran|Magma Storm|p2a: Hydreigon
|-resisted|p2a: Hydreigon
|-damage|p2a: Hydreigon|49/100
|-activate|p2a: Hydreigon|move: Magma Storm|[of] p1a: Heatran
|
|-heal|p1a: Heatran|68/100|[from] item: Leftovers
|-damage|p2a: Hydreigon|37/100|[from] move: Magma Storm|[partiallytrapped]
|upkeep
|turn|20
|
|t:|1606092787
|move|p1a: Heatran|Protect|p1a: Heatran
|-singleturn|p1a: Heatran|Protect
|move|p2a: Hydreigon|Dark Pulse|p1a: Heatran
|-activate|p1a: Heatran|move: Protect
|
|-heal|p1a: Heatran|74/100|[from] item: Leftovers
|-damage|p2a: Hydreigon|24/100|[from] move: Magma Storm|[partiallytrapped]
|upkeep
|turn|21
|j| Vessev
|
|t:|1606092797
|move|p1a: Heatran|Protect|p1a: Heatran
|-singleturn|p1a: Heatran|Protect
|move|p2a: Hydreigon|Dark Pulse|p1a: Heatran
|-activate|p1a: Heatran|move: Protect
|
|-heal|p1a: Heatran|80/100|[from] item: Leftovers
|-damage|p2a: Hydreigon|12/100|[from] move: Magma Storm|[partiallytrapped]
|upkeep
|turn|22
|
|t:|1606092803
|move|p1a: Heatran|Protect||[still]
|-fail|p1a: Heatran
|move|p2a: Hydreigon|Dark Pulse|p1a: Heatran
|-damage|p1a: Heatran|52/100
|
|-heal|p1a: Heatran|59/100|[from] item: Leftovers
|-damage|p2a: Hydreigon|0 fnt|[from] move: Magma Storm|[partiallytrapped]
|faint|p2a: Hydreigon
|upkeep
|c|☆Bee vs Tea|the triple?
|
|t:|1606092815
|switch|p2a: Zapdos|Zapdos-Galar|93/100
|-damage|p2a: Zapdos|81/100|[from] Stealth Rock
|turn|23
|
|t:|1606092823
|switch|p1a: Tapu Lele|Tapu Lele|68/100
|-damage|p1a: Tapu Lele|56/100|[from] Stealth Rock
|-fieldstart|move: Psychic Terrain|[from] ability: Psychic Surge|[of] p1a: Tapu Lele
|move|p2a: Zapdos|Stomping Tantrum|p1a: Tapu Lele
|-damage|p1a: Tapu Lele|17/100
|
|-heal|p2a: Zapdos|87/100|[from] item: Leftovers
|upkeep
|turn|24
|
|t:|1606092832
|switch|p2a: Toxapex|Toxapex, M|100/100
|-damage|p2a: Toxapex|88/100|[from] Stealth Rock
|move|p1a: Tapu Lele|Psychic|p2a: Toxapex
|-supereffective|p2a: Toxapex
|-damage|p2a: Toxapex|0 fnt
|faint|p2a: Toxapex
|
|upkeep
|
|t:|1606092834
|switch|p2a: Regieleki|Regieleki|76/100
|-damage|p2a: Regieleki|63/100|[from] Stealth Rock
|turn|25
|
|t:|1606092840
|move|p2a: Regieleki|Thunderbolt|p1a: Tapu Lele
|-damage|p1a: Tapu Lele|0 fnt
|faint|p1a: Tapu Lele
|
|upkeep
|
|t:|1606092843
|switch|p1a: Heatran|Heatran, F|59/100
|-damage|p1a: Heatran|46/100|[from] Stealth Rock
|turn|26
|
|t:|1606092845
|switch|p2a: Zapdos|Zapdos-Galar|87/100
|-damage|p2a: Zapdos|75/100|[from] Stealth Rock
|move|p1a: Heatran|Protect||[still]
|-fail|p1a: Heatran
|
|-heal|p2a: Zapdos|81/100|[from] item: Leftovers
|-heal|p1a: Heatran|52/100|[from] item: Leftovers
|upkeep
|turn|27
|
|t:|1606092852
|move|p1a: Heatran|Protect|p1a: Heatran
|-singleturn|p1a: Heatran|Protect
|move|p2a: Zapdos|Brave Bird|p1a: Heatran
|-activate|p1a: Heatran|move: Protect
|
|-heal|p2a: Zapdos|87/100|[from] item: Leftovers
|-heal|p1a: Heatran|59/100|[from] item: Leftovers
|-fieldend|move: Psychic Terrain
|upkeep
|turn|28
|
|t:|1606092855
|switch|p1a: Pheromosa|Pheromosa|100/100
|-damage|p1a: Pheromosa|88/100|[from] Stealth Rock
|move|p2a: Zapdos|Thunderous Kick|p1a: Pheromosa
|-resisted|p1a: Pheromosa
|-damage|p1a: Pheromosa|28/100
|-unboost|p1a: Pheromosa|def|1
|
|-heal|p2a: Zapdos|93/100|[from] item: Leftovers
|upkeep
|turn|29
|
|t:|1606092861
|move|p1a: Pheromosa|Ice Beam|p2a: Zapdos
|-supereffective|p2a: Zapdos
|-damage|p2a: Zapdos|0 fnt
|-damage|p1a: Pheromosa|19/100|[from] item: Life Orb
|faint|p2a: Zapdos
|-ability|p1a: Pheromosa|Beast Boost|boost
|-boost|p1a: Pheromosa|spa|1
|
|upkeep
|
|t:|1606092863
|switch|p2a: Regieleki|Regieleki|63/100
|-damage|p2a: Regieleki|51/100|[from] Stealth Rock
|turn|30
|
|t:|1606092865
|move|p2a: Regieleki|Thunderbolt|p1a: Pheromosa
|-crit|p1a: Pheromosa
|-damage|p1a: Pheromosa|0 fnt
|faint|p1a: Pheromosa
|
|upkeep
|
|t:|1606092866
|switch|p1a: Heatran|Heatran, F|59/100
|-damage|p1a: Heatran|46/100|[from] Stealth Rock
|turn|31
|
|t:|1606092869
|move|p1a: Heatran|Protect|p1a: Heatran
|-singleturn|p1a: Heatran|Protect
|move|p2a: Regieleki|Thunderbolt|p1a: Heatran
|-activate|p1a: Heatran|move: Protect
|
|-heal|p1a: Heatran|52/100|[from] item: Leftovers
|upkeep
|turn|32
|c|☆Bee vs Tea|cmon bitch boy
|
|t:|1606092874
|move|p2a: Regieleki|Thunderbolt|p1a: Heatran
|-damage|p1a: Heatran|1/100
|move|p1a: Heatran|Earth Power|p2a: Regieleki
|-supereffective|p2a: Regieleki
|-damage|p2a: Regieleki|0 fnt
|faint|p2a: Regieleki
|
|win|Contorted Lies
|c|☆Bee vs Tea|wow
|l|☆Bee vs Tea
|l|☆Contorted Lies
||Ladder (probably) updated, but score could not be retrieved (Request timeout).
