|raw|<div class="broadcast-blue"><strong>This battle is required to be public due to a player having a name starting with 'lt81yl'.</div>
|j|☆BestixL
|j|☆LT81YL Storm
|t:|1625610491
|gametype|singles
|player|p1|BestixL|liza|1933
|player|p2|LT81YL Storm|bruno|1928
|teamsize|p1|6
|teamsize|p2|6
|gen|8
|tier|[Gen 8] OU
|rated|
|rule|Sleep Clause Mod: Limit one foe put to sleep
|rule|Species Clause: Limit one of each Pokémon
|rule|OHKO Clause: OHKO moves are banned
|rule|Evasion Moves Clause: Evasion moves are banned
|rule|Endless Battle Clause: Forcing endless battles is banned
|rule|HP Percentage Mod: HP is shown in percentages
|rule|Dynamax Clause: You cannot dynamax
|clearpoke
|poke|p1|Weavile, F|
|poke|p1|Heatran, M|
|poke|p1|Tornadus-Therian, M|
|poke|p1|Toxapex, M|
|poke|p1|Tapu Koko|
|poke|p1|Kartana|
|poke|p2|Kyurem|
|poke|p2|Melmetal|
|poke|p2|Tapu Fini|
|poke|p2|Landorus-Therian, M|
|poke|p2|Toxtricity, M|
|poke|p2|Dragonite, M|
|teampreview
|j| LT81YL slainey
|inactive|Battle timer is ON: inactive players will automatically lose when time's up. (requested by BestixL)
|j| jukzfjf
|j| Skyrio
|j| btgfd
|j| stunnagirl
|j| bbears_poke
|j| LT81YL Empo
|j| hodoku
|j| OU make me yawn
|j| Private Koek
|j| yuygytf
|j| Down the line
|
|t:|1625610520
|start
|switch|p1a: the reaper|Heatran, M|100/100
|switch|p2a: Enten|Landorus-Therian, M, shiny|100/100
|-ability|p2a: Enten|Intimidate|boost
|-unboost|p1a: the reaper|atk|1
|turn|1
|
|t:|1625610523
|switch|p1a: no space|Tornadus-Therian, M|100/100
|move|p2a: Enten|Earthquake|p1a: no space
|-immune|p1a: no space
|
|upkeep
|turn|2
|j| Miwa Kasumi
|
|t:|1625610526
|switch|p2a: Fate|Melmetal, shiny|100/100
|move|p1a: no space|Toxic|p2a: Fate
|-immune|p2a: Fate
|
|upkeep
|turn|3
|
|t:|1625610531
|move|p1a: no space|U-turn|p2a: Fate
|-resisted|p2a: Fate
|-damage|p2a: Fate|96/100
|
|t:|1625610533
|switch|p1a: just friends|Toxapex, M|100/100|[from]move: U-turn
|move|p2a: Fate|Double Iron Bash|p1a: just friends
|-resisted|p1a: just friends
|-damage|p1a: just friends|87/100
|-resisted|p1a: just friends
|-damage|p1a: just friends|74/100
|-hitcount|p1a: just friends|2
|
|upkeep
|turn|4
|j| satan saves xmas
|
|t:|1625610541
|move|p2a: Fate|Double Iron Bash|p1a: just friends
|-resisted|p1a: just friends
|-damage|p1a: just friends|62/100
|-resisted|p1a: just friends
|-damage|p1a: just friends|49/100
|-hitcount|p1a: just friends|2
|move|p1a: just friends|Knock Off|p2a: Fate
|-damage|p2a: Fate|87/100
|-enditem|p2a: Fate|Protective Pads|[from] move: Knock Off|[of] p1a: just friends
|
|upkeep
|turn|5
|j| sulare
|j| Lunarr
|j| benJAMIN536
|j| croo
|
|t:|1625610556
|move|p2a: Fate|Earthquake|p1a: just friends
|-supereffective|p1a: just friends
|-damage|p1a: just friends|4/100
|move|p1a: just friends|Recover|p1a: just friends
|-heal|p1a: just friends|54/100
|
|upkeep
|turn|6
|
|t:|1625610560
|move|p2a: Fate|Earthquake|p1a: just friends
|-supereffective|p1a: just friends
|-damage|p1a: just friends|4/100
|move|p1a: just friends|Recover|p1a: just friends
|-heal|p1a: just friends|55/100
|
|upkeep
|turn|7
|j| Amigento1958
|j| regnite ◕‿◕
|
|t:|1625610563
|switch|p1a: no space|Tornadus-Therian, M|100/100
|move|p2a: Fate|Earthquake|p1a: no space
|-immune|p1a: no space
|
|upkeep
|turn|8
|j| Savatini
|
|t:|1625610568
|move|p1a: no space|Heat Wave|p2a: Fate
|-supereffective|p2a: Fate
|-damage|p2a: Fate|35/100
|move|p2a: Fate|Thunder Punch|p1a: no space
|-supereffective|p1a: no space
|-damage|p1a: no space|25/100
|
|upkeep
|turn|9
|l| Savatini
|j| field of stars
|
|t:|1625610576
|move|p1a: no space|Heat Wave|p2a: Fate
|-supereffective|p2a: Fate
|-damage|p2a: Fate|0 fnt
|faint|p2a: Fate
|
|upkeep
|
|t:|1625610582
|switch|p2a: Kyotaro|Toxtricity, M, shiny|100/100
|turn|10
|j| burgerCute
|j| LT81YL Papi'
|
|t:|1625610589
|move|p1a: no space|U-turn|p2a: Kyotaro
|-resisted|p2a: Kyotaro
|-damage|p2a: Kyotaro|89/100
|l| LT81YL Papi'
|
|t:|1625610591
|switch|p1a: just friends|Toxapex, M|88/100|[from]move: U-turn
|move|p2a: Kyotaro|Volt Switch|p1a: just friends
|-supereffective|p1a: just friends
|-damage|p1a: just friends|0 fnt
|faint|p1a: just friends
|
|t:|1625610597
|switch|p2a: Kuken|Kyurem, shiny|100/100|[from]move: Volt Switch
|-ability|p2a: Kuken|Pressure
|
|upkeep
|c| benJAMIN536|oof
|j| Waylaid
|j| vipersniper96
|
|t:|1625610614
|switch|p1a: Itsuki|Weavile, F|100/100
|-ability|p1a: Itsuki|Pressure
|turn|11
|
|t:|1625610619
|move|p1a: Itsuki|Swords Dance|p1a: Itsuki
|-boost|p1a: Itsuki|atk|2
|move|p2a: Kuken|Focus Blast|p1a: Itsuki|[miss]
|-miss|p2a: Kuken|p1a: Itsuki
|
|upkeep
|turn|12
|
|t:|1625610623
|move|p1a: Itsuki|Low Kick|p2a: Kuken
|-supereffective|p2a: Kuken
|-damage|p2a: Kuken|0 fnt
|faint|p2a: Kuken
|
|upkeep
|
|t:|1625610626
|switch|p2a: Raven|Tapu Fini, shiny|100/100
|-fieldstart|move: Misty Terrain|[from] ability: Misty Surge|[of] p2a: Raven
|turn|13
|
|t:|1625610631
|switch|p1a: no space|Tornadus-Therian, M|58/100
|move|p2a: Raven|Moonblast|p1a: no space
|-damage|p1a: no space|18/100
|
|upkeep
|turn|14
|
|t:|1625610636
|switch|p2a: Enten|Landorus-Therian, M, shiny|100/100
|-ability|p2a: Enten|Intimidate|boost
|-unboost|p1a: no space|atk|1
|switch|p1a: the reaper|Heatran, M|100/100
|
|upkeep
|turn|15
|j| K3NIX0190
|
|t:|1625610646
|switch|p1a: no space|Tornadus-Therian, M|51/100
|move|p2a: Enten|Knock Off|p1a: no space
|-damage|p1a: no space|12/100
|-enditem|p1a: no space|Heavy-Duty Boots|[from] move: Knock Off|[of] p2a: Enten
|
|upkeep
|turn|16
|
|t:|1625610649
|move|p2a: Enten|Knock Off|p1a: no space
|-damage|p1a: no space|0 fnt
|faint|p1a: no space
|
|upkeep
|
|t:|1625610653
|switch|p1a: the reaper|Heatran, M|100/100
|turn|17
|
|t:|1625610661
|switch|p2a: Kyotaro|Toxtricity, M, shiny|89/100
|move|p1a: the reaper|Stealth Rock|p2a: Kyotaro
|-sidestart|p2: LT81YL Storm|move: Stealth Rock
|
|-fieldend|Misty Terrain
|upkeep
|turn|18
|
|t:|1625610667
|move|p2a: Kyotaro|Overdrive|p1a: the reaper
|-damage|p1a: the reaper|48/100
|move|p1a: the reaper|Magma Storm|p2a: Kyotaro|[miss]
|-miss|p1a: the reaper|p2a: Kyotaro
|
|-heal|p1a: the reaper|55/100|[from] item: Leftovers
|upkeep
|turn|19
|
|t:|1625610669
|move|p2a: Kyotaro|Overdrive|p1a: the reaper
|-damage|p1a: the reaper|5/100
|move|p1a: the reaper|Earth Power|p2a: Kyotaro
|-supereffective|p2a: Kyotaro
|-damage|p2a: Kyotaro|0 fnt
|faint|p2a: Kyotaro
|
|-heal|p1a: the reaper|12/100|[from] item: Leftovers
|upkeep
|j| Lord_Enz
|
|t:|1625610678
|switch|p2a: Enten|Landorus-Therian, M, shiny|100/100
|-damage|p2a: Enten|88/100|[from] Stealth Rock
|-ability|p2a: Enten|Intimidate|boost
|-unboost|p1a: the reaper|atk|1
|turn|20
|
|t:|1625610682
|move|p2a: Enten|Earthquake|p1a: the reaper
|-supereffective|p1a: the reaper
|-damage|p1a: the reaper|0 fnt
|faint|p1a: the reaper
|
|upkeep
|j| LT81YL balo
|
|t:|1625610684
|switch|p1a: Yotsuba no chikara|Kartana|100/100
|turn|21
|
|t:|1625610688
|switch|p2a: Leviathan|Dragonite, M, shiny|100/100
|move|p1a: Yotsuba no chikara|Knock Off|p2a: Leviathan
|-damage|p2a: Leviathan|80/100
|-enditem|p2a: Leviathan|Heavy-Duty Boots|[from] move: Knock Off|[of] p1a: Yotsuba no chikara
|
|upkeep
|turn|22
|
|t:|1625610698
|switch|p1a: Itsuki|Weavile, F|100/100
|-ability|p1a: Itsuki|Pressure
|move|p2a: Leviathan|Dragon Dance|p2a: Leviathan
|-boost|p2a: Leviathan|atk|1
|-boost|p2a: Leviathan|spe|1
|
|upkeep
|turn|23
|
|t:|1625610702
|switch|p2a: Raven|Tapu Fini, shiny|100/100
|-damage|p2a: Raven|88/100|[from] Stealth Rock
|-fieldstart|move: Misty Terrain|[from] ability: Misty Surge|[of] p2a: Raven
|move|p1a: Itsuki|Ice Shard|p2a: Raven
|-resisted|p2a: Raven
|-damage|p2a: Raven|77/100
|
|upkeep
|turn|24
|
|t:|1625610712
|switch|p1a: Yotsuba no chikara|Kartana|100/100
|move|p2a: Raven|Moonblast|p1a: Yotsuba no chikara
|-resisted|p1a: Yotsuba no chikara
|-damage|p1a: Yotsuba no chikara|36/100
|-unboost|p1a: Yotsuba no chikara|spa|1
|
|upkeep
|turn|25
|
|t:|1625610717
|move|p1a: Yotsuba no chikara|Leaf Blade|p2a: Raven
|-supereffective|p2a: Raven
|-crit|p2a: Raven
|-damage|p2a: Raven|0 fnt
|faint|p2a: Raven
|-ability|p1a: Yotsuba no chikara|Beast Boost|boost
|-boost|p1a: Yotsuba no chikara|atk|1
|
|upkeep
|
|t:|1625610721
|switch|p2a: Leviathan|Dragonite, M, shiny|80/100
|-damage|p2a: Leviathan|55/100|[from] Stealth Rock
|turn|26
|j| LT81YL Veritas
|j| at titude adjuster
|j| luckshere
|
|t:|1625610733
|switch|p1a: 2 soon|Tapu Koko|100/100
|-fieldstart|move: Electric Terrain|[from] ability: Electric Surge|[of] p1a: 2 soon
|move|p2a: Leviathan|Roost|p2a: Leviathan
|-heal|p2a: Leviathan|100/100
|-singleturn|p2a: Leviathan|move: Roost
|
|upkeep
|turn|27
|
|t:|1625610739
|move|p1a: 2 soon|Dazzling Gleam|p2a: Leviathan
|-supereffective|p2a: Leviathan
|-damage|p2a: Leviathan|70/100
|move|p2a: Leviathan|Dragon Dance|p2a: Leviathan
|-boost|p2a: Leviathan|atk|1
|-boost|p2a: Leviathan|spe|1
|
|upkeep
|turn|28
|j| lt81yl raizen
|
|t:|1625610744
|move|p2a: Leviathan|Roost|p2a: Leviathan
|-heal|p2a: Leviathan|100/100
|-singleturn|p2a: Leviathan|move: Roost
|move|p1a: 2 soon|Dazzling Gleam|p2a: Leviathan
|-supereffective|p2a: Leviathan
|-damage|p2a: Leviathan|71/100
|
|upkeep
|turn|29
|
|t:|1625610749
|move|p2a: Leviathan|Roost|p2a: Leviathan
|-heal|p2a: Leviathan|100/100
|-singleturn|p2a: Leviathan|move: Roost
|move|p1a: 2 soon|Dazzling Gleam|p2a: Leviathan
|-supereffective|p2a: Leviathan
|-damage|p2a: Leviathan|71/100
|
|upkeep
|turn|30
|
|t:|1625610753
|move|p2a: Leviathan|Roost|p2a: Leviathan
|-heal|p2a: Leviathan|100/100
|-singleturn|p2a: Leviathan|move: Roost
|move|p1a: 2 soon|Dazzling Gleam|p2a: Leviathan
|-supereffective|p2a: Leviathan
|-damage|p2a: Leviathan|71/100
|
|-fieldend|move: Electric Terrain
|upkeep
|turn|31
|
|t:|1625610755
|move|p2a: Leviathan|Roost|p2a: Leviathan
|-heal|p2a: Leviathan|100/100
|-singleturn|p2a: Leviathan|move: Roost
|move|p1a: 2 soon|Dazzling Gleam|p2a: Leviathan
|-supereffective|p2a: Leviathan
|-damage|p2a: Leviathan|72/100
|
|upkeep
|turn|32
|
|t:|1625610761
|move|p2a: Leviathan|Dragon Dance|p2a: Leviathan
|-boost|p2a: Leviathan|atk|1
|-boost|p2a: Leviathan|spe|1
|move|p1a: 2 soon|Dazzling Gleam|p2a: Leviathan
|-supereffective|p2a: Leviathan
|-damage|p2a: Leviathan|7/100
|
|upkeep
|turn|33
|c|☆BestixL|gg and sorry
|
|t:|1625610766
|move|p2a: Leviathan|Dual Wingbeat|p1a: 2 soon
|-resisted|p1a: 2 soon
|-damage|p1a: 2 soon|74/100
|-resisted|p1a: 2 soon
|-damage|p1a: 2 soon|48/100
|-hitcount|p1a: 2 soon|2
|move|p1a: 2 soon|Dazzling Gleam|p2a: Leviathan
|-supereffective|p2a: Leviathan
|-damage|p2a: Leviathan|0 fnt
|faint|p2a: Leviathan
|
|upkeep
|
|t:|1625610769
|switch|p2a: Enten|Landorus-Therian, M, shiny|88/100
|-damage|p2a: Enten|76/100|[from] Stealth Rock
|-ability|p2a: Enten|Intimidate|boost
|-unboost|p1a: 2 soon|atk|1
|turn|34
|
|t:|1625610770
|move|p2a: Enten|Earthquake|p1a: 2 soon
|-supereffective|p1a: 2 soon
|-damage|p1a: 2 soon|0 fnt
|faint|p1a: 2 soon
|
|upkeep
|
|t:|1625610772
|switch|p1a: Itsuki|Weavile, F|100/100
|-ability|p1a: Itsuki|Pressure
|turn|35
|j| LT81YL Kibo
|c|☆LT81YL Storm|Gg
|l| yuygytf
|l| LT81YL Kibo
|c|☆LT81YL Storm|Its whatever
|l| vipersniper96
|c|☆LT81YL Storm|Used to it lol
|
|t:|1625610792
|move|p1a: Itsuki|Ice Shard|p2a: Enten
|-supereffective|p2a: Enten
|-damage|p2a: Enten|0 fnt
|faint|p2a: Enten
|
|win|BestixL
|raw|BestixL's rating: 1933 &rarr; <strong>1954</strong><br />(+21 for winning)
|raw|LT81YL Storm's rating: 1946 &rarr; <strong>1925</strong><br />(-21 for losing)
|l| benJAMIN536
|l|☆LT81YL Storm
|l| Lord_Enz
|l| bbears_poke
|j| Rhymeee
|l| jukzfjf
|l| Private Koek
|l| stunnagirl
|l| satan saves xmas
|l| sulare
|j| mustardmansreturn
|l| Amigento1958
|l| LT81YL Veritas
|l| luckshere
|l| Rhymeee
|l| croo
|l| Down the line
||Ladder isn't responding, score probably updated but might not have (Request timeout).
