|j|☆GorLeon
|j|☆Thedebatablereaper
|t:|1665599983
|gametype|singles
|player|p1|GorLeon|dragontamer|1592
|player|p2|Thedebatablereaper|102|1556
|teamsize|p1|6
|teamsize|p2|6
|gen|8
|tier|[Gen 8] OU
|rated|
|rule|Sleep Clause Mod: Limit one foe put to sleep
|rule|Species Clause: Limit one of each Pokémon
|rule|OHKO Clause: OHKO moves are banned
|rule|Evasion Items Clause: Evasion items are banned
|rule|Evasion Moves Clause: Evasion moves are banned
|rule|Endless Battle Clause: Forcing endless battles is banned
|rule|HP Percentage Mod: HP is shown in percentages
|rule|Dynamax Clause: You cannot dynamax
|clearpoke
|poke|p1|Tangrowth, F|
|poke|p1|Heatran, M|
|poke|p1|Landorus-Therian, M|
|poke|p1|Rotom-Wash|
|poke|p1|Weavile, M|
|poke|p1|Tapu Fini|
|poke|p2|Tapu Lele|
|poke|p2|Volcarona, M|
|poke|p2|Sharpedo, M|
|poke|p2|Rillaboom, F|
|poke|p2|Landorus-Therian, M|
|poke|p2|Kartana|
|teampreview
|inactive|Battle timer is ON: inactive players will automatically lose when time's up. (requested by GorLeon)
|c|☆GorLeon|gl hf
|
|t:|1665599995
|start
|switch|p1a: Tapu Fini|Tapu Fini|100/100
|switch|p2a: Tapu Lele|Tapu Lele|100/100
|-fieldstart|move: Misty Terrain|[from] ability: Misty Surge|[of] p1a: Tapu Fini
|-fieldstart|move: Psychic Terrain|[from] ability: Psychic Surge|[of] p2a: Tapu Lele
|turn|1
|
|t:|1665600009
|move|p1a: Tapu Fini|Trick|p2a: Tapu Lele
|-activate|p1a: Tapu Fini|move: Trick|[of] p2a: Tapu Lele
|-item|p2a: Tapu Lele|Choice Scarf|[from] move: Trick
|-item|p1a: Tapu Fini|Choice Specs|[from] move: Trick
|move|p2a: Tapu Lele|Psychic|p1a: Tapu Fini
|-damage|p1a: Tapu Fini|52/100
|
|upkeep
|turn|2
|
|t:|1665600023
|switch|p1a: Rotom|Rotom-Wash|100/100
|move|p2a: Tapu Lele|Psychic|p1a: Rotom
|-damage|p1a: Rotom|51/100
|
|-heal|p1a: Rotom|57/100|[from] item: Leftovers
|upkeep
|turn|3
|
|t:|1665600030
|switch|p1a: Weavile|Weavile, M|100/100
|-ability|p1a: Weavile|Pressure
|move|p2a: Tapu Lele|Psychic|p1a: Weavile
|-immune|p1a: Weavile
|
|upkeep
|turn|4
|
|t:|1665600037
|switch|p2a: Volcarona|Volcarona, M|100/100
|move|p1a: Weavile|Knock Off|p2a: Volcarona
|-damage|p2a: Volcarona|30/100
|-enditem|p2a: Volcarona|Heavy-Duty Boots|[from] move: Knock Off|[of] p1a: Weavile
|
|upkeep
|turn|5
|
|t:|1665600048
|switch|p1a: Landorus|Landorus-Therian, M|100/100
|-ability|p1a: Landorus|Intimidate|boost
|-unboost|p2a: Volcarona|atk|1
|move|p2a: Volcarona|Roost|p2a: Volcarona
|-heal|p2a: Volcarona|80/100
|-singleturn|p2a: Volcarona|move: Roost
|
|-fieldend|move: Psychic Terrain
|upkeep
|turn|6
|
|t:|1665600057
|switch|p2a: Landorus|Landorus-Therian, M|100/100
|-ability|p2a: Landorus|Intimidate|boost
|-unboost|p1a: Landorus|atk|1
|move|p1a: Landorus|Stealth Rock|p2a: Landorus
|-sidestart|p2: Thedebatablereaper|move: Stealth Rock
|
|upkeep
|turn|7
|
|t:|1665600063
|move|p2a: Landorus|Stealth Rock|p1a: Landorus
|-sidestart|p1: GorLeon|move: Stealth Rock
|move|p1a: Landorus|Knock Off|p2a: Landorus
|-damage|p2a: Landorus|85/100
|-enditem|p2a: Landorus|Leftovers|[from] move: Knock Off|[of] p1a: Landorus
|
|upkeep
|turn|8
|
|t:|1665600069
|move|p2a: Landorus|Toxic|p1a: Landorus
|-status|p1a: Landorus|tox
|move|p1a: Landorus|U-turn|p2a: Landorus
|-resisted|p2a: Landorus
|-damage|p2a: Landorus|80/100
|
|t:|1665600077
|switch|p1a: Rotom|Rotom-Wash|57/100|[from]move: U-turn
|-damage|p1a: Rotom|45/100|[from] Stealth Rock
|
|-heal|p1a: Rotom|51/100|[from] item: Leftovers
|upkeep
|turn|9
|
|t:|1665600088
|move|p2a: Landorus|U-turn|p1a: Rotom
|-damage|p1a: Rotom|29/100
|
|t:|1665600091
|switch|p2a: Tapu Lele|Tapu Lele|100/100|[from]move: U-turn
|-damage|p2a: Tapu Lele|88/100|[from] Stealth Rock
|-fieldstart|move: Psychic Terrain|[from] ability: Psychic Surge|[of] p2a: Tapu Lele
|move|p1a: Rotom|Hydro Pump|p2a: Tapu Lele|[miss]
|-miss|p1a: Rotom|p2a: Tapu Lele
|
|-heal|p1a: Rotom|35/100|[from] item: Leftovers
|upkeep
|turn|10
|
|t:|1665600104
|switch|p1a: Tapu Fini|Tapu Fini|52/100
|-damage|p1a: Tapu Fini|40/100|[from] Stealth Rock
|-fieldstart|move: Misty Terrain|[from] ability: Misty Surge|[of] p1a: Tapu Fini
|move|p2a: Tapu Lele|Focus Blast|p1a: Tapu Fini
|-resisted|p1a: Tapu Fini
|-damage|p1a: Tapu Fini|24/100
|
|upkeep
|turn|11
|
|t:|1665600114
|switch|p2a: Volcarona|Volcarona, M|80/100
|-damage|p2a: Volcarona|30/100|[from] Stealth Rock
|move|p1a: Tapu Fini|Scald|p2a: Volcarona
|-supereffective|p2a: Volcarona
|-damage|p2a: Volcarona|0 fnt
|faint|p2a: Volcarona
|
|upkeep
|
|t:|1665600131
|switch|p2a: Tapu Lele|Tapu Lele|88/100
|-damage|p2a: Tapu Lele|76/100|[from] Stealth Rock
|-fieldstart|move: Psychic Terrain|[from] ability: Psychic Surge|[of] p2a: Tapu Lele
|turn|12
|
|t:|1665600143
|switch|p1a: Landorus|Landorus-Therian, M|100/100 tox
|-damage|p1a: Landorus|88/100 tox|[from] Stealth Rock
|-ability|p1a: Landorus|Intimidate|boost
|-unboost|p2a: Tapu Lele|atk|1
|move|p2a: Tapu Lele|Moonblast|p1a: Landorus
|-damage|p1a: Landorus|50/100 tox
|
|-heal|p1a: Landorus|56/100 tox|[from] item: Leftovers
|-damage|p1a: Landorus|50/100 tox|[from] psn
|upkeep
|turn|13
|
|t:|1665600162
|switch|p2a: Landorus|Landorus-Therian, M|80/100
|-damage|p2a: Landorus|68/100|[from] Stealth Rock
|-ability|p2a: Landorus|Intimidate|boost
|-unboost|p1a: Landorus|atk|1
|move|p1a: Landorus|U-turn|p2a: Landorus
|-resisted|p2a: Landorus
|-damage|p2a: Landorus|61/100
|
|t:|1665600167
|switch|p1a: Tapu Fini|Tapu Fini|24/100|[from]move: U-turn
|-damage|p1a: Tapu Fini|12/100|[from] Stealth Rock
|-fieldstart|move: Misty Terrain|[from] ability: Misty Surge|[of] p1a: Tapu Fini
|
|upkeep
|turn|14
|
|t:|1665600175
|switch|p2a: Rillaboom|Rillaboom, F|100/100
|-damage|p2a: Rillaboom|88/100|[from] Stealth Rock
|-fieldstart|move: Grassy Terrain|[from] ability: Grassy Surge|[of] p2a: Rillaboom
|move|p1a: Tapu Fini|Scald|p2a: Rillaboom
|-resisted|p2a: Rillaboom
|-damage|p2a: Rillaboom|73/100
|-status|p2a: Rillaboom|brn
|
|-heal|p1a: Tapu Fini|18/100|[from] Grassy Terrain
|-heal|p2a: Rillaboom|79/100 brn|[from] Grassy Terrain
|-damage|p2a: Rillaboom|73/100 brn|[from] brn
|upkeep
|turn|15
|
|t:|1665600189
|switch|p1a: Tangrowth|Tangrowth, F|100/100
|-damage|p1a: Tangrowth|88/100|[from] Stealth Rock
|move|p2a: Rillaboom|Knock Off|p1a: Tangrowth
|-damage|p1a: Tangrowth|79/100
|-damage|p2a: Rillaboom|57/100 brn|[from] item: Rocky Helmet|[of] p1a: Tangrowth
|-enditem|p1a: Tangrowth|Rocky Helmet|[from] move: Knock Off|[of] p2a: Rillaboom
|
|-heal|p2a: Rillaboom|63/100 brn|[from] Grassy Terrain
|-heal|p1a: Tangrowth|85/100|[from] Grassy Terrain
|-damage|p2a: Rillaboom|57/100 brn|[from] brn
|upkeep
|turn|16
|
|t:|1665600205
|switch|p2a: Landorus|Landorus-Therian, M|61/100
|-damage|p2a: Landorus|49/100|[from] Stealth Rock
|-ability|p2a: Landorus|Intimidate|boost
|-unboost|p1a: Tangrowth|atk|1
|move|p1a: Tangrowth|Knock Off|p2a: Landorus
|-damage|p2a: Landorus|42/100
|
|-heal|p1a: Tangrowth|92/100|[from] Grassy Terrain
|upkeep
|turn|17
|
|t:|1665600214
|move|p2a: Landorus|Toxic|p1a: Tangrowth
|-status|p1a: Tangrowth|tox
|move|p1a: Tangrowth|Giga Drain|p2a: Landorus
|-damage|p2a: Landorus|5/100
|-heal|p1a: Tangrowth|100/100 tox|[from] drain|[of] p2a: Landorus
|
|-damage|p1a: Tangrowth|94/100 tox|[from] psn
|upkeep
|turn|18
|
|t:|1665600223
|move|p2a: Landorus|U-turn|p1a: Tangrowth
|-supereffective|p1a: Tangrowth
|-damage|p1a: Tangrowth|70/100 tox
|
|t:|1665600226
|switch|p2a: Rillaboom|Rillaboom, F|57/100 brn|[from]move: U-turn
|-damage|p2a: Rillaboom|45/100 brn|[from] Stealth Rock
|move|p1a: Tangrowth|Knock Off|p2a: Rillaboom
|-damage|p2a: Rillaboom|30/100 brn
|-enditem|p2a: Rillaboom|Assault Vest|[from] move: Knock Off|[of] p1a: Tangrowth
|
|-heal|p2a: Rillaboom|36/100 brn|[from] Grassy Terrain
|-heal|p1a: Tangrowth|76/100 tox|[from] Grassy Terrain
|-damage|p1a: Tangrowth|64/100 tox|[from] psn
|-damage|p2a: Rillaboom|30/100 brn|[from] brn
|-fieldend|move: Grassy Terrain
|upkeep
|turn|19
|
|t:|1665600237
|switch|p1a: Tapu Fini|Tapu Fini|18/100
|-damage|p1a: Tapu Fini|6/100|[from] Stealth Rock
|-fieldstart|move: Misty Terrain|[from] ability: Misty Surge|[of] p1a: Tapu Fini
|move|p2a: Rillaboom|Acrobatics|p1a: Tapu Fini
|-damage|p1a: Tapu Fini|0 fnt
|faint|p1a: Tapu Fini
|
|-damage|p2a: Rillaboom|24/100 brn|[from] brn
|upkeep
|
|t:|1665600253
|switch|p1a: Tangrowth|Tangrowth, F|97/100 tox
|-damage|p1a: Tangrowth|85/100 tox|[from] Stealth Rock
|turn|20
|
|t:|1665600257
|move|p2a: Rillaboom|Acrobatics|p1a: Tangrowth
|-supereffective|p1a: Tangrowth
|-damage|p1a: Tangrowth|65/100 tox
|move|p1a: Tangrowth|Sludge Bomb|p2a: Rillaboom
|-supereffective|p2a: Rillaboom
|-damage|p2a: Rillaboom|0 fnt
|faint|p2a: Rillaboom
|
|-damage|p1a: Tangrowth|59/100 tox|[from] psn
|upkeep
|
|t:|1665600267
|switch|p2a: Sharpedo|Sharpedo, M|100/100
|-damage|p2a: Sharpedo|88/100|[from] Stealth Rock
|turn|21
|
|t:|1665600272
|move|p2a: Sharpedo|Dark Pulse|p1a: Tangrowth
|-damage|p1a: Tangrowth|0 fnt
|faint|p1a: Tangrowth
|-damage|p2a: Sharpedo|78/100|[from] item: Life Orb
|
|-ability|p2a: Sharpedo|Speed Boost|boost
|-boost|p2a: Sharpedo|spe|1
|upkeep
|inactive|GorLeon has 120 seconds left.
|
|t:|1665600305
|switch|p1a: Rotom|Rotom-Wash|35/100
|-damage|p1a: Rotom|23/100|[from] Stealth Rock
|turn|22
|
|t:|1665600310
|move|p2a: Sharpedo|Dark Pulse|p1a: Rotom
|-damage|p1a: Rotom|0 fnt
|faint|p1a: Rotom
|-damage|p2a: Sharpedo|68/100|[from] item: Life Orb
|
|-ability|p2a: Sharpedo|Speed Boost|boost
|-boost|p2a: Sharpedo|spe|1
|upkeep
|
|t:|1665600320
|switch|p1a: Landorus|Landorus-Therian, M|50/100 tox
|-damage|p1a: Landorus|37/100 tox|[from] Stealth Rock
|-ability|p1a: Landorus|Intimidate|boost
|-unboost|p2a: Sharpedo|atk|1
|turn|23
|
|t:|1665600325
|move|p2a: Sharpedo|Dark Pulse|p1a: Landorus
|-damage|p1a: Landorus|3/100 tox
|-damage|p2a: Sharpedo|58/100|[from] item: Life Orb
|move|p1a: Landorus|U-turn|p2a: Sharpedo
|-supereffective|p2a: Sharpedo
|-damage|p2a: Sharpedo|0 fnt
|faint|p2a: Sharpedo
|
|t:|1665600331
|switch|p1a: Heatran|Heatran, M|100/100|[from]move: U-turn
|-damage|p1a: Heatran|88/100|[from] Stealth Rock
|
|-fieldend|Misty Terrain
|upkeep
|
|t:|1665600336
|switch|p2a: Kartana|Kartana|100/100
|-damage|p2a: Kartana|94/100|[from] Stealth Rock
|turn|24
|
|t:|1665600341
|switch|p1a: Landorus|Landorus-Therian, M|3/100 tox
|-damage|p1a: Landorus|0 fnt|[from] Stealth Rock
|faint|p1a: Landorus
|move|p2a: Kartana|Sacred Sword|p1: Landorus|[notarget]
|-fail|p2a: Kartana
|
|upkeep
|
|t:|1665600353
|switch|p1a: Weavile|Weavile, M|100/100
|-damage|p1a: Weavile|76/100|[from] Stealth Rock
|-ability|p1a: Weavile|Pressure
|turn|25
|
|t:|1665600359
|move|p1a: Weavile|Triple Axel|p2a: Kartana
|-damage|p2a: Kartana|78/100
|-damage|p2a: Kartana|46/100
|-damage|p2a: Kartana|0 fnt
|faint|p2a: Kartana
|-hitcount|p2: Kartana|3
|
|upkeep
|
|t:|1665600366
|switch|p2a: Tapu Lele|Tapu Lele|76/100
|-damage|p2a: Tapu Lele|63/100|[from] Stealth Rock
|-fieldstart|move: Psychic Terrain|[from] ability: Psychic Surge|[of] p2a: Tapu Lele
|turn|26
|
|t:|1665600371
|move|p2a: Tapu Lele|Psychic|p1a: Weavile
|-immune|p1a: Weavile
|move|p1a: Weavile|Triple Axel|p2a: Tapu Lele
|-damage|p2a: Tapu Lele|38/100
|-hitcount|p2a: Tapu Lele|1
|
|upkeep
|turn|27
|-message|Thedebatablereaper forfeited.
|
|win|GorLeon
|raw|GorLeon's rating: 1592 &rarr; <strong>1610</strong><br />(+18 for winning)
|raw|Thedebatablereaper's rating: 1556 &rarr; <strong>1538</strong><br />(-18 for losing)
|l|☆Thedebatablereaper
