|html|<div class="broadcast-blue"><strong>[Gen 8] OU is currently suspecting Melmetal! For information on how to participate check out the <a href="https://www.smogon.com/forums/threads/np-ss-ou-suspect-process-round-12-monster-mash.3709234/">suspect thread</a>.</strong></div>
|j|☆minimax_ai
|j|☆Down$pook
|t:|1666194546
|gametype|singles
|player|p1|minimax_ai|lusamine-nihilego|1635
|player|p2|Down$pook|teamrocket|1611
|teamsize|p1|6
|teamsize|p2|6
|gen|8
|tier|[Gen 8] OU
|rated|
|rule|Sleep Clause Mod: Limit one foe put to sleep
|rule|Species Clause: Limit one of each Pokémon
|rule|OHKO Clause: OHKO moves are banned
|rule|Evasion Items Clause: Evasion items are banned
|rule|Evasion Moves Clause: Evasion moves are banned
|rule|Endless Battle Clause: Forcing endless battles is banned
|rule|HP Percentage Mod: HP is shown in percentages
|rule|Dynamax Clause: You cannot dynamax
|clearpoke
|poke|p1|Rotom-Wash|
|poke|p1|Weavile, M|
|poke|p1|Landorus-Therian, M|
|poke|p1|Heatran, M|
|poke|p1|Tangrowth, F|
|poke|p1|Melmetal|
|poke|p2|Poipole|
|poke|p2|Magnezone|
|poke|p2|Clefable, F|
|poke|p2|Tornadus-Therian, M|
|poke|p2|Mamoswine, F|
|poke|p2|Toxapex, F|
|teampreview
|c|☆minimax_ai|hf
|inactive|Battle timer is ON: inactive players will automatically lose when time's up. (requested by minimax_ai)
|
|t:|1666194563
|start
|switch|p1a: Melmetal|Melmetal|100/100
|switch|p2a: Puri-Puri Prisoner|Clefable, F|100/100
|turn|1
|
|t:|1666194569
|switch|p2a: Vaccine Man|Toxapex, F, shiny|100/100
|move|p1a: Melmetal|Double Iron Bash|p2a: Vaccine Man
|-resisted|p2a: Vaccine Man
|-damage|p2a: Vaccine Man|87/100
|-resisted|p2a: Vaccine Man
|-damage|p2a: Vaccine Man|71/100
|-hitcount|p2a: Vaccine Man|2
|
|upkeep
|turn|2
|
|t:|1666194573
|move|p1a: Melmetal|Earthquake|p2a: Vaccine Man
|-supereffective|p2a: Vaccine Man
|-damage|p2a: Vaccine Man|12/100
|move|p2a: Vaccine Man|Recover|p2a: Vaccine Man
|-heal|p2a: Vaccine Man|62/100
|
|upkeep
|turn|3
|
|t:|1666194575
|switch|p2a: Lord Boros|Magnezone, shiny|100/100
|-item|p2a: Lord Boros|Air Balloon
|move|p1a: Melmetal|Earthquake|p2a: Lord Boros
|-immune|p2a: Lord Boros
|
|upkeep
|turn|4
|
|t:|1666194578
|move|p2a: Lord Boros|Iron Defense|p2a: Lord Boros
|-boost|p2a: Lord Boros|def|2
|move|p1a: Melmetal|Ice Punch|p2a: Lord Boros
|-resisted|p2a: Lord Boros
|-damage|p2a: Lord Boros|93/100
|-enditem|p2a: Lord Boros|Air Balloon
|
|upkeep
|turn|5
|
|t:|1666194579
|move|p2a: Lord Boros|Magnet Rise|p2a: Lord Boros
|-start|p2a: Lord Boros|Magnet Rise
|move|p1a: Melmetal|Earthquake|p2a: Lord Boros
|-immune|p2a: Lord Boros
|
|upkeep
|turn|6
|
|t:|1666194581
|move|p2a: Lord Boros|Iron Defense|p2a: Lord Boros
|-boost|p2a: Lord Boros|def|2
|move|p1a: Melmetal|Ice Punch|p2a: Lord Boros
|-resisted|p2a: Lord Boros
|-damage|p2a: Lord Boros|89/100
|
|upkeep
|turn|7
|
|t:|1666194582
|move|p2a: Lord Boros|Iron Defense|p2a: Lord Boros
|-boost|p2a: Lord Boros|def|2
|move|p1a: Melmetal|Ice Punch|p2a: Lord Boros
|-resisted|p2a: Lord Boros
|-damage|p2a: Lord Boros|85/100
|
|upkeep
|turn|8
|
|t:|1666194583
|move|p2a: Lord Boros|Body Press|p1a: Melmetal
|-supereffective|p1a: Melmetal
|-damage|p1a: Melmetal|0 fnt
|faint|p1a: Melmetal
|
|upkeep
|
|t:|1666194583
|switch|p1a: Heatran|Heatran, M|100/100
|-item|p1a: Heatran|Air Balloon
|turn|9
|
|t:|1666194588
|move|p1a: Heatran|Eruption|p2a: Lord Boros
|-supereffective|p2a: Lord Boros
|-damage|p2a: Lord Boros|0 fnt
|faint|p2a: Lord Boros
|
|upkeep
|
|t:|1666194593
|switch|p2a: Tatsumaki|Tornadus-Therian, M|100/100
|turn|10
|
|t:|1666194595
|move|p2a: Tatsumaki|U-turn|p1a: Heatran
|-resisted|p1a: Heatran
|-damage|p1a: Heatran|97/100
|-enditem|p1a: Heatran|Air Balloon
|
|t:|1666194596
|switch|p2a: Vaccine Man|Toxapex, F, shiny|95/100|[from]move: U-turn
|move|p1a: Heatran|Magma Storm|p2a: Vaccine Man|[miss]
|-miss|p1a: Heatran|p2a: Vaccine Man
|
|upkeep
|turn|11
|
|t:|1666194598
|move|p1a: Heatran|Magma Storm|p2a: Vaccine Man
|-resisted|p2a: Vaccine Man
|-damage|p2a: Vaccine Man|76/100
|-activate|p2a: Vaccine Man|move: Magma Storm|[of] p1a: Heatran
|move|p2a: Vaccine Man|Scald|p1a: Heatran
|-supereffective|p1a: Heatran
|-damage|p1a: Heatran|66/100
|
|-damage|p2a: Vaccine Man|64/100|[from] move: Magma Storm|[partiallytrapped]
|upkeep
|turn|12
|
|t:|1666194601
|move|p1a: Heatran|Magma Storm|p2a: Vaccine Man
|-resisted|p2a: Vaccine Man
|-crit|p2a: Vaccine Man
|-damage|p2a: Vaccine Man|38/100
|move|p2a: Vaccine Man|Recover|p2a: Vaccine Man
|-heal|p2a: Vaccine Man|88/100
|
|-damage|p2a: Vaccine Man|75/100|[from] move: Magma Storm|[partiallytrapped]
|upkeep
|turn|13
|
|t:|1666194602
|move|p1a: Heatran|Magma Storm|p2a: Vaccine Man|[miss]
|-miss|p1a: Heatran|p2a: Vaccine Man
|move|p2a: Vaccine Man|Recover|p2a: Vaccine Man
|-heal|p2a: Vaccine Man|100/100
|
|-damage|p2a: Vaccine Man|88/100|[from] move: Magma Storm|[partiallytrapped]
|upkeep
|turn|14
|
|t:|1666194604
|move|p1a: Heatran|Magma Storm|p2a: Vaccine Man
|-resisted|p2a: Vaccine Man
|-damage|p2a: Vaccine Man|69/100
|move|p2a: Vaccine Man|Scald|p1a: Heatran
|-supereffective|p1a: Heatran
|-damage|p1a: Heatran|33/100
|
|-damage|p2a: Vaccine Man|57/100|[from] move: Magma Storm|[partiallytrapped]
|upkeep
|turn|15
|
|t:|1666194609
|move|p1a: Heatran|Earth Power|p2a: Vaccine Man
|-supereffective|p2a: Vaccine Man
|-damage|p2a: Vaccine Man|13/100
|move|p2a: Vaccine Man|Recover|p2a: Vaccine Man
|-heal|p2a: Vaccine Man|63/100
|
|-end|p2a: Vaccine Man|Magma Storm|[partiallytrapped]
|upkeep
|turn|16
|
|t:|1666194612
|move|p1a: Heatran|Earth Power|p2a: Vaccine Man
|-supereffective|p2a: Vaccine Man
|-damage|p2a: Vaccine Man|23/100
|move|p2a: Vaccine Man|Recover|p2a: Vaccine Man
|-heal|p2a: Vaccine Man|73/100
|
|upkeep
|turn|17
|
|t:|1666194618
|move|p1a: Heatran|Earth Power|p2a: Vaccine Man
|-supereffective|p2a: Vaccine Man
|-damage|p2a: Vaccine Man|32/100
|move|p2a: Vaccine Man|Recover|p2a: Vaccine Man
|-heal|p2a: Vaccine Man|82/100
|
|upkeep
|turn|18
|
|t:|1666194622
|switch|p1a: rotomwash|Rotom-Wash|100/100
|move|p2a: Vaccine Man|Scald|p1a: rotomwash
|-resisted|p1a: rotomwash
|-damage|p1a: rotomwash|92/100
|
|-heal|p1a: rotomwash|99/100|[from] item: Leftovers
|upkeep
|turn|19
|
|t:|1666194624
|move|p1a: rotomwash|Thunderbolt|p2a: Vaccine Man
|-supereffective|p2a: Vaccine Man
|-damage|p2a: Vaccine Man|32/100
|-status|p2a: Vaccine Man|par
|move|p2a: Vaccine Man|Toxic|p1a: rotomwash
|-status|p1a: rotomwash|tox
|
|-heal|p1a: rotomwash|100/100 tox|[from] item: Leftovers
|-damage|p1a: rotomwash|94/100 tox|[from] psn
|upkeep
|turn|20
|
|t:|1666194627
|switch|p2a: Puri-Puri Prisoner|Clefable, F|100/100
|move|p1a: rotomwash|Nasty Plot|p1a: rotomwash
|-boost|p1a: rotomwash|spa|2
|
|-heal|p1a: rotomwash|100/100 tox|[from] item: Leftovers
|-damage|p1a: rotomwash|88/100 tox|[from] psn
|upkeep
|turn|21
|
|t:|1666194631
|move|p1a: rotomwash|Hydro Pump|p2a: Puri-Puri Prisoner
|-damage|p2a: Puri-Puri Prisoner|20/100
|move|p2a: Puri-Puri Prisoner|Stealth Rock|p1a: rotomwash
|-sidestart|p1: minimax_ai|move: Stealth Rock
|
|-heal|p1a: rotomwash|94/100 tox|[from] item: Leftovers
|-damage|p1a: rotomwash|75/100 tox|[from] psn
|upkeep
|turn|22
|
|t:|1666194635
|switch|p2a: Vaccine Man|Toxapex, F, shiny|66/100 par
|move|p1a: rotomwash|Hydro Pump|p2a: Vaccine Man
|-resisted|p2a: Vaccine Man
|-damage|p2a: Vaccine Man|38/100 par
|
|-heal|p1a: rotomwash|82/100 tox|[from] item: Leftovers
|-damage|p1a: rotomwash|57/100 tox|[from] psn
|upkeep
|turn|23
|
|t:|1666194638
|switch|p1a: Weavile|Weavile, M|100/100
|-damage|p1a: Weavile|76/100|[from] Stealth Rock
|-ability|p1a: Weavile|Pressure
|move|p2a: Vaccine Man|Haze|p2a: Vaccine Man
|-clearallboost
|
|upkeep
|turn|24
|
|t:|1666194658
|switch|p2a: Puri-Puri Prisoner|Clefable, F|20/100
|move|p1a: Weavile|Knock Off|p2a: Puri-Puri Prisoner
|-resisted|p2a: Puri-Puri Prisoner
|-damage|p2a: Puri-Puri Prisoner|0 fnt
|-damage|p1a: Weavile|59/100|[from] item: Rocky Helmet|[of] p2a: Puri-Puri Prisoner
|-enditem|p2a: Puri-Puri Prisoner|Rocky Helmet|[from] move: Knock Off|[of] p1a: Weavile
|faint|p2a: Puri-Puri Prisoner
|
|upkeep
|
|t:|1666194663
|switch|p2a: Tatsumaki|Tornadus-Therian, M|100/100
|turn|25
|
|t:|1666194665
|move|p1a: Weavile|Knock Off|p2a: Tatsumaki
|-damage|p2a: Tatsumaki|24/100
|-enditem|p2a: Tatsumaki|Heavy-Duty Boots|[from] move: Knock Off|[of] p1a: Weavile
|move|p2a: Tatsumaki|U-turn|p1a: Weavile
|-supereffective|p1a: Weavile
|-damage|p1a: Weavile|7/100
|
|t:|1666194668
|switch|p2a: Pig God|Mamoswine, F|100/100|[from]move: U-turn
|
|upkeep
|turn|26
|
|t:|1666194671
|move|p2a: Pig God|Ice Shard|p1a: Weavile
|-resisted|p1a: Weavile
|-crit|p1a: Weavile
|-damage|p1a: Weavile|0 fnt
|faint|p1a: Weavile
|
|upkeep
|
|t:|1666194671
|switch|p1a: rotomwash|Rotom-Wash|57/100 tox
|-damage|p1a: rotomwash|44/100 tox|[from] Stealth Rock
|turn|27
|
|t:|1666194674
|switch|p2a: Vaccine Man|Toxapex, F, shiny|72/100 par
|move|p1a: rotomwash|Hydro Pump|p2a: Vaccine Man
|-resisted|p2a: Vaccine Man
|-damage|p2a: Vaccine Man|57/100 par
|
|-heal|p1a: rotomwash|50/100 tox|[from] item: Leftovers
|-damage|p1a: rotomwash|44/100 tox|[from] psn
|upkeep
|turn|28
|
|t:|1666194677
|move|p1a: rotomwash|Nasty Plot|p1a: rotomwash
|-boost|p1a: rotomwash|spa|2
|move|p2a: Vaccine Man|Recover|p2a: Vaccine Man
|-heal|p2a: Vaccine Man|100/100 par
|
|-heal|p1a: rotomwash|50/100 tox|[from] item: Leftovers
|-damage|p1a: rotomwash|38/100 tox|[from] psn
|upkeep
|turn|29
|
|t:|1666194680
|move|p1a: rotomwash|Thunderbolt|p2a: Vaccine Man
|-supereffective|p2a: Vaccine Man
|-damage|p2a: Vaccine Man|7/100 par
|move|p2a: Vaccine Man|Haze|p2a: Vaccine Man
|-clearallboost
|
|-heal|p1a: rotomwash|44/100 tox|[from] item: Leftovers
|-damage|p1a: rotomwash|25/100 tox|[from] psn
|upkeep
|turn|30
|inactive|Down$pook has 120 seconds left.
|
|t:|1666194715
|switch|p2a: Geryuganshoop|Poipole|100/100
|move|p1a: rotomwash|Hydro Pump|p2a: Geryuganshoop
|-damage|p2a: Geryuganshoop|51/100
|
|-heal|p1a: rotomwash|32/100 tox|[from] item: Leftovers
|-damage|p1a: rotomwash|7/100 tox|[from] psn
|upkeep
|turn|31
|inactive|Down$pook has 120 seconds left.
|
|t:|1666194722
|move|p1a: rotomwash|Hydro Pump|p2a: Geryuganshoop
|-damage|p2a: Geryuganshoop|0 fnt
|faint|p2a: Geryuganshoop
|
|-heal|p1a: rotomwash|13/100 tox|[from] item: Leftovers
|-damage|p1a: rotomwash|0 fnt|[from] psn
|faint|p1a: rotomwash
|upkeep
|inactive|Down$pook has 120 seconds left.
|
|t:|1666194733
|switch|p1a: Tangrowth|Tangrowth, F|100/100
|switch|p2a: Pig God|Mamoswine, F|100/100
|-damage|p1a: Tangrowth|88/100|[from] Stealth Rock
|turn|32
|
|t:|1666194735
|switch|p2a: Tatsumaki|Tornadus-Therian, M|57/100
|move|p1a: Tangrowth|Giga Drain|p2a: Tatsumaki
|-resisted|p2a: Tatsumaki
|-damage|p2a: Tatsumaki|41/100
|-heal|p1a: Tangrowth|95/100|[from] drain|[of] p2a: Tatsumaki
|
|upkeep
|turn|33
|
|t:|1666194740
|switch|p1a: landorustherian|Landorus-Therian, M|100/100
|-damage|p1a: landorustherian|88/100|[from] Stealth Rock
|-ability|p1a: landorustherian|Intimidate|boost
|-unboost|p2a: Tatsumaki|atk|1
|move|p2a: Tatsumaki|Hurricane|p1a: landorustherian|[miss]
|-miss|p2a: Tatsumaki|p1a: landorustherian
|
|-heal|p1a: landorustherian|94/100|[from] item: Leftovers
|upkeep
|turn|34
|
|t:|1666194746
|move|p2a: Tatsumaki|Knock Off|p1a: landorustherian
|-damage|p1a: landorustherian|82/100
|-enditem|p1a: landorustherian|Leftovers|[from] move: Knock Off|[of] p2a: Tatsumaki
|move|p1a: landorustherian|Earthquake|p2a: Tatsumaki
|-immune|p2a: Tatsumaki
|
|upkeep
|turn|35
|
|t:|1666194753
|move|p2a: Tatsumaki|U-turn|p1a: landorustherian
|-resisted|p1a: landorustherian
|-damage|p1a: landorustherian|78/100
|
|t:|1666194755
|switch|p2a: Vaccine Man|Toxapex, F, shiny|40/100 par|[from]move: U-turn
|move|p1a: landorustherian|Earthquake|p2a: Vaccine Man
|-supereffective|p2a: Vaccine Man
|-damage|p2a: Vaccine Man|0 fnt
|faint|p2a: Vaccine Man
|
|upkeep
|
|t:|1666194757
|switch|p2a: Pig God|Mamoswine, F|100/100
|turn|36
|
|t:|1666194761
|switch|p1a: Heatran|Heatran, M|33/100
|-damage|p1a: Heatran|21/100|[from] Stealth Rock
|move|p2a: Pig God|Ice Shard|p1a: Heatran
|-resisted|p1a: Heatran
|-damage|p1a: Heatran|14/100
|
|upkeep
|turn|37
|
|t:|1666194768
|move|p1a: Heatran|Magma Storm|p2a: Pig God
|-supereffective|p2a: Pig God
|-damage|p2a: Pig God|26/100
|-activate|p2a: Pig God|move: Magma Storm|[of] p1a: Heatran
|move|p2a: Pig God|Earthquake|p1a: Heatran
|-supereffective|p1a: Heatran
|-damage|p1a: Heatran|0 fnt
|faint|p1a: Heatran
|
|-end|p2a: Pig God|Magma Storm|[partiallytrapped]|[silent]
|upkeep
|
|t:|1666194768
|switch|p1a: Tangrowth|Tangrowth, F|100/100
|-damage|p1a: Tangrowth|88/100|[from] Stealth Rock
|turn|38
|
|t:|1666194772
|switch|p2a: Tatsumaki|Tornadus-Therian, M|75/100
|move|p1a: Tangrowth|Giga Drain|p2a: Tatsumaki
|-resisted|p2a: Tatsumaki
|-damage|p2a: Tatsumaki|61/100
|-heal|p1a: Tangrowth|94/100|[from] drain|[of] p2a: Tatsumaki
|
|upkeep
|turn|39
|
|t:|1666194777
|switch|p1a: landorustherian|Landorus-Therian, M|78/100
|-damage|p1a: landorustherian|65/100|[from] Stealth Rock
|-ability|p1a: landorustherian|Intimidate|boost
|-unboost|p2a: Tatsumaki|atk|1
|move|p2a: Tatsumaki|Hurricane|p1a: landorustherian|[miss]
|-miss|p2a: Tatsumaki|p1a: landorustherian
|
|upkeep
|turn|40
|
|t:|1666194781
|move|p2a: Tatsumaki|Hurricane|p1a: landorustherian
|-crit|p1a: landorustherian
|-damage|p1a: landorustherian|21/100
|move|p1a: landorustherian|Earthquake|p2a: Tatsumaki
|-immune|p2a: Tatsumaki
|
|upkeep
|turn|41
|
|t:|1666194786
|move|p2a: Tatsumaki|Hurricane|p1a: landorustherian
|-damage|p1a: landorustherian|0 fnt
|faint|p1a: landorustherian
|
|upkeep
|
|t:|1666194786
|switch|p1a: Tangrowth|Tangrowth, F|100/100
|-damage|p1a: Tangrowth|88/100|[from] Stealth Rock
|turn|42
|
|t:|1666194789
|move|p2a: Tatsumaki|Hurricane|p1a: Tangrowth
|-supereffective|p1a: Tangrowth
|-damage|p1a: Tangrowth|0 fnt
|faint|p1a: Tangrowth
|
|win|Down$pook
|raw|minimax_ai's rating: 1635 &rarr; <strong>1614</strong><br />(-21 for losing)
|raw|Down$pook's rating: 1611 &rarr; <strong>1632</strong><br />(+21 for winning)
|c|☆minimax_ai|gg
