|j|‽george malone
|j|☆ChandosH
|t:|1667361248
|gametype|singles
|player|p1|george malone|266|1814
|player|p2|ChandosH|n-masters|1812
|teamsize|p1|6
|teamsize|p2|6
|gen|8
|tier|[Gen 8] OU
|rated|
|rule|Sleep Clause Mod: Limit one foe put to sleep
|rule|Species Clause: Limit one of each Pokémon
|rule|OHKO Clause: OHKO moves are banned
|rule|Evasion Items Clause: Evasion items are banned
|rule|Evasion Moves Clause: Evasion moves are banned
|rule|Endless Battle Clause: Forcing endless battles is banned
|rule|HP Percentage Mod: HP is shown in percentages
|rule|Dynamax Clause: You cannot dynamax
|clearpoke
|poke|p1|Clefable, M|
|poke|p1|Ferrothorn, M|
|poke|p1|Zeraora|
|poke|p1|Slowking, M|
|poke|p1|Victini|
|poke|p1|Mandibuzz, F|
|poke|p2|Toxapex, F|
|poke|p2|Skarmory, F|
|poke|p2|Clefable, F|
|poke|p2|Tapu Koko|
|poke|p2|Hippowdon, F|
|poke|p2|Reuniclus, F|
|teampreview
|inactive|Battle timer is ON: inactive players will automatically lose when time's up. (requested by george malone)
|j| Noob 0_o
|
|t:|1667361274
|start
|switch|p1a: Clefable|Clefable, M, shiny|100/100
|switch|p2a: Skarmory|Skarmory, F|100/100
|turn|1
|j| Tegalik
|
|t:|1667361285
|switch|p2a: Toxapex|Toxapex, F|100/100
|move|p1a: Clefable|Flamethrower|p2a: Toxapex
|-resisted|p2a: Toxapex
|-damage|p2a: Toxapex|92/100
|
|upkeep
|turn|2
|
|t:|1667361292
|move|p1a: Clefable|Stealth Rock|p2a: Toxapex
|-sidestart|p2: ChandosH|move: Stealth Rock
|move|p2a: Toxapex|Knock Off|p1a: Clefable
|-resisted|p1a: Clefable
|-damage|p1a: Clefable|95/100
|-damage|p2a: Toxapex|75/100|[from] item: Rocky Helmet|[of] p1a: Clefable
|-enditem|p1a: Clefable|Rocky Helmet|[from] move: Knock Off|[of] p2a: Toxapex
|
|upkeep
|turn|3
|
|t:|1667361302
|move|p1a: Clefable|Moonblast|p2a: Toxapex
|-resisted|p2a: Toxapex
|-damage|p2a: Toxapex|62/100
|move|p2a: Toxapex|Scald|p1a: Clefable
|-damage|p1a: Clefable|80/100
|
|upkeep
|turn|4
|
|t:|1667361310
|move|p1a: Clefable|Moonblast|p2a: Toxapex
|-resisted|p2a: Toxapex
|-damage|p2a: Toxapex|49/100
|move|p2a: Toxapex|Recover|p2a: Toxapex
|-heal|p2a: Toxapex|99/100
|
|upkeep
|turn|5
|
|t:|1667361316
|move|p1a: Clefable|Flamethrower|p2a: Toxapex
|-resisted|p2a: Toxapex
|-damage|p2a: Toxapex|91/100
|move|p2a: Toxapex|Knock Off|p1a: Clefable
|-resisted|p1a: Clefable
|-damage|p1a: Clefable|76/100
|
|upkeep
|turn|6
|
|t:|1667361331
|switch|p2a: Hippowdon|Hippowdon, F|100/100
|-damage|p2a: Hippowdon|94/100|[from] Stealth Rock
|-weather|Sandstorm|[from] ability: Sand Stream|[of] p2a: Hippowdon
|move|p1a: Clefable|Flamethrower|p2a: Hippowdon
|-damage|p2a: Hippowdon|81/100
|
|-weather|Sandstorm|[upkeep]
|-heal|p2a: Hippowdon|87/100|[from] item: Leftovers
|upkeep
|turn|7
|
|t:|1667361337
|switch|p1a: Ferrothorn|Ferrothorn, M, shiny|100/100
|move|p2a: Hippowdon|Stealth Rock|p1a: Ferrothorn
|-sidestart|p1: george malone|move: Stealth Rock
|
|-weather|Sandstorm|[upkeep]
|-heal|p2a: Hippowdon|93/100|[from] item: Leftovers
|upkeep
|turn|8
|
|t:|1667361347
|switch|p2a: Skarmory|Skarmory, F|100/100
|-damage|p2a: Skarmory|88/100|[from] Stealth Rock
|move|p1a: Ferrothorn|Spikes|p2a: Skarmory
|-sidestart|p2: ChandosH|Spikes
|
|-weather|Sandstorm|[upkeep]
|upkeep
|turn|9
|
|t:|1667361353
|move|p2a: Skarmory|Spikes|p1a: Ferrothorn
|-sidestart|p1: george malone|Spikes
|move|p1a: Ferrothorn|Leech Seed|p2a: Skarmory
|-start|p2a: Skarmory|move: Leech Seed
|
|-weather|Sandstorm|[upkeep]
|-damage|p2a: Skarmory|76/100|[from] Leech Seed|[of] p1a: Ferrothorn
|upkeep
|turn|10
|
|t:|1667361359
|move|p2a: Skarmory|Iron Defense|p2a: Skarmory
|-boost|p2a: Skarmory|def|2
|move|p1a: Ferrothorn|Spikes|p2a: Skarmory
|-sidestart|p2: ChandosH|Spikes
|
|-weather|none
|-damage|p2a: Skarmory|64/100|[from] Leech Seed|[of] p1a: Ferrothorn
|upkeep
|turn|11
|
|t:|1667361373
|switch|p1a: Clefable|Clefable, M, shiny|76/100
|move|p2a: Skarmory|Roost|p2a: Skarmory
|-heal|p2a: Skarmory|100/100
|-singleturn|p2a: Skarmory|move: Roost
|
|-damage|p2a: Skarmory|88/100|[from] Leech Seed|[of] p1a: Clefable
|-heal|p1a: Clefable|87/100|[silent]
|upkeep
|turn|12
|
|t:|1667361381
|switch|p2a: Hippowdon|Hippowdon, F|93/100
|-damage|p2a: Hippowdon|87/100|[from] Stealth Rock
|-damage|p2a: Hippowdon|70/100|[from] Spikes
|-weather|Sandstorm|[from] ability: Sand Stream|[of] p2a: Hippowdon
|move|p1a: Clefable|Flamethrower|p2a: Hippowdon
|-damage|p2a: Hippowdon|57/100
|
|-weather|Sandstorm|[upkeep]
|-heal|p2a: Hippowdon|63/100|[from] item: Leftovers
|upkeep
|turn|13
|
|t:|1667361387
|switch|p1a: Ferrothorn|Ferrothorn, M, shiny|100/100
|-damage|p1a: Ferrothorn|95/100|[from] Stealth Rock
|-damage|p1a: Ferrothorn|82/100|[from] Spikes
|move|p2a: Hippowdon|Slack Off|p2a: Hippowdon
|-heal|p2a: Hippowdon|100/100
|
|-weather|Sandstorm|[upkeep]
|upkeep
|turn|14
|j| atlas tales
|
|t:|1667361407
|switch|p2a: Clefable|Clefable, F|100/100
|move|p1a: Ferrothorn|Leech Seed|p2a: Clefable
|-start|p2a: Clefable|move: Leech Seed
|
|-weather|Sandstorm|[upkeep]
|upkeep
|turn|15
|inactive|ChandosH has 120 seconds left.
|j| westcottike
|
|t:|1667361433
|switch|p1a: Clefable|Clefable, M, shiny|87/100
|move|p2a: Clefable|Calm Mind|p2a: Clefable
|-boost|p2a: Clefable|spa|1
|-boost|p2a: Clefable|spd|1
|
|-weather|Sandstorm|[upkeep]
|upkeep
|turn|16
|inactive|ChandosH has 120 seconds left.
|
|t:|1667361444
|move|p2a: Clefable|Moonblast|p1a: Clefable
|-damage|p1a: Clefable|46/100
|move|p1a: Clefable|Moonblast|p2a: Clefable
|-damage|p2a: Clefable|81/100
|
|-weather|none
|-heal|p2a: Clefable|88/100|[from] item: Leftovers
|upkeep
|turn|17
|inactive|ChandosH has 120 seconds left.
|
|t:|1667361453
|move|p2a: Clefable|Calm Mind|p2a: Clefable
|-boost|p2a: Clefable|spa|1
|-boost|p2a: Clefable|spd|1
|move|p1a: Clefable|Soft-Boiled|p1a: Clefable
|-heal|p1a: Clefable|96/100
|
|-heal|p2a: Clefable|94/100|[from] item: Leftovers
|upkeep
|turn|18
|
|t:|1667361462
|switch|p1a: Slowking|Slowking, M, shiny|100/100
|move|p2a: Clefable|Moonblast|p1a: Slowking
|-damage|p1a: Slowking|65/100
|
|-heal|p2a: Clefable|99/100|[from] item: Leftovers
|upkeep
|turn|19
|
|t:|1667361469
|move|p2a: Clefable|Moonblast|p1a: Slowking
|-damage|p1a: Slowking|30/100
|-unboost|p1a: Slowking|spa|1
|move|p1a: Slowking|Slack Off|p1a: Slowking
|-heal|p1a: Slowking|80/100
|
|-heal|p2a: Clefable|100/100|[from] item: Leftovers
|upkeep
|turn|20
|
|t:|1667361478
|move|p2a: Clefable|Moonblast|p1a: Slowking
|-damage|p1a: Slowking|44/100
|-unboost|p1a: Slowking|spa|1
|move|p1a: Slowking|Future Sight|p2a: Clefable
|-start|p1a: Slowking|move: Future Sight
|
|upkeep
|turn|21
|
|t:|1667361488
|move|p2a: Clefable|Moonblast|p1a: Slowking
|-damage|p1a: Slowking|6/100
|move|p1a: Slowking|Slack Off|p1a: Slowking
|-heal|p1a: Slowking|56/100
|
|upkeep
|turn|22
|
|t:|1667361494
|move|p2a: Clefable|Calm Mind|p2a: Clefable
|-boost|p2a: Clefable|spa|1
|-boost|p2a: Clefable|spd|1
|move|p1a: Slowking|Teleport|p1a: Slowking
|
|t:|1667361496
|switch|p1a: Victini|Victini|100/100|[from]move: Teleport
|-damage|p1a: Victini|76/100|[from] Stealth Rock
|-damage|p1a: Victini|63/100|[from] Spikes
|
|-end|p2a: Clefable|move: Future Sight
|-damage|p2a: Clefable|85/100
|-heal|p2a: Clefable|91/100|[from] item: Leftovers
|upkeep
|turn|23
|
|t:|1667361513
|switch|p2a: Toxapex|Toxapex, F|100/100
|-damage|p2a: Toxapex|88/100|[from] Stealth Rock
|-damage|p2a: Toxapex|72/100|[from] Spikes
|move|p1a: Victini|V-create|p2a: Toxapex
|-resisted|p2a: Toxapex
|-damage|p2a: Toxapex|38/100
|-unboost|p1a: Victini|spe|1
|-unboost|p1a: Victini|def|1
|-unboost|p1a: Victini|spd|1
|-damage|p1a: Victini|47/100|[from] item: Rocky Helmet|[of] p2a: Toxapex
|
|upkeep
|turn|24
|
|t:|1667361525
|switch|p1a: Mandibuzz|Mandibuzz, F, shiny|100/100
|move|p2a: Toxapex|Recover|p2a: Toxapex
|-heal|p2a: Toxapex|88/100
|
|upkeep
|turn|25
|
|t:|1667361531
|move|p1a: Mandibuzz|Defog|p2a: Toxapex
|-unboost|p2a: Toxapex|evasion|1
|-sideend|p2: ChandosH|Spikes|[from] move: Defog|[of] p1a: Mandibuzz
|-sideend|p2: ChandosH|Stealth Rock|[from] move: Defog|[of] p1a: Mandibuzz
|-sideend|p1: george malone|Spikes|[from] move: Defog|[of] p1a: Mandibuzz
|-sideend|p1: george malone|Stealth Rock|[from] move: Defog|[of] p1a: Mandibuzz
|move|p2a: Toxapex|Knock Off|p1a: Mandibuzz
|-resisted|p1a: Mandibuzz
|-damage|p1a: Mandibuzz|96/100
|-enditem|p1a: Mandibuzz|Heavy-Duty Boots|[from] move: Knock Off|[of] p2a: Toxapex
|
|upkeep
|turn|26
|l| atlas tales
|j| Pokemon Perfection
|
|t:|1667361554
|switch|p2a: Clefable|Clefable, F|91/100
|move|p1a: Mandibuzz|U-turn|p2a: Clefable
|-resisted|p2a: Clefable
|-damage|p2a: Clefable|86/100
|
|t:|1667361561
|switch|p1a: Victini|Victini|47/100|[from]move: U-turn
|
|-heal|p2a: Clefable|92/100|[from] item: Leftovers
|upkeep
|turn|27
|
|t:|1667361572
|switch|p2a: Hippowdon|Hippowdon, F|100/100
|-weather|Sandstorm|[from] ability: Sand Stream|[of] p2a: Hippowdon
|move|p1a: Victini|Trick|p2a: Hippowdon
|-activate|p1a: Victini|move: Trick|[of] p2a: Hippowdon
|-item|p2a: Hippowdon|Choice Band|[from] move: Trick
|-item|p1a: Victini|Leftovers|[from] move: Trick
|
|-weather|Sandstorm|[upkeep]
|-damage|p1a: Victini|41/100|[from] Sandstorm
|-heal|p1a: Victini|47/100|[from] item: Leftovers
|upkeep
|turn|28
|
|t:|1667361580
|move|p1a: Victini|U-turn|p2a: Hippowdon
|-damage|p2a: Hippowdon|85/100
|
|t:|1667361582
|switch|p1a: Ferrothorn|Ferrothorn, M, shiny|82/100|[from]move: U-turn
|move|p2a: Hippowdon|Stealth Rock|p1a: Ferrothorn
|-sidestart|p1: george malone|move: Stealth Rock
|
|-weather|Sandstorm|[upkeep]
|upkeep
|turn|29
|
|t:|1667361592
|switch|p2a: Clefable|Clefable, F|92/100
|move|p1a: Ferrothorn|Gyro Ball|p2a: Clefable
|-supereffective|p2a: Clefable
|-damage|p2a: Clefable|34/100
|
|-weather|Sandstorm|[upkeep]
|-heal|p2a: Clefable|40/100|[from] item: Leftovers
|upkeep
|turn|30
|
|t:|1667361598
|move|p2a: Clefable|Soft-Boiled|p2a: Clefable
|-heal|p2a: Clefable|90/100
|move|p1a: Ferrothorn|Gyro Ball|p2a: Clefable
|-supereffective|p2a: Clefable
|-damage|p2a: Clefable|38/100
|
|-weather|Sandstorm|[upkeep]
|-heal|p2a: Clefable|44/100|[from] item: Leftovers
|upkeep
|turn|31
|
|t:|1667361605
|switch|p1a: Clefable|Clefable, M, shiny|96/100
|move|p2a: Clefable|Soft-Boiled|p2a: Clefable
|-heal|p2a: Clefable|94/100
|
|-weather|none
|-heal|p2a: Clefable|100/100|[from] item: Leftovers
|upkeep
|turn|32
|
|t:|1667361609
|move|p2a: Clefable|Calm Mind|p2a: Clefable
|-boost|p2a: Clefable|spa|1
|-boost|p2a: Clefable|spd|1
|move|p1a: Clefable|Moonblast|p2a: Clefable
|-damage|p2a: Clefable|80/100
|
|-heal|p2a: Clefable|86/100|[from] item: Leftovers
|upkeep
|turn|33
|
|t:|1667361616
|move|p2a: Clefable|Calm Mind|p2a: Clefable
|-boost|p2a: Clefable|spa|1
|-boost|p2a: Clefable|spd|1
|move|p1a: Clefable|Moonblast|p2a: Clefable
|-damage|p2a: Clefable|72/100
|
|-heal|p2a: Clefable|78/100|[from] item: Leftovers
|upkeep
|turn|34
|-message|george malone forfeited.
|
|win|ChandosH
|raw|george malone's rating: 1814 &rarr; <strong>1794</strong><br />(-20 for losing)
|raw|ChandosH's rating: 1812 &rarr; <strong>1832</strong><br />(+20 for winning)
|l|‽george malone
