|j|☆Umyboyblue
|j|☆Shootingwolf
|t:|1605148362
|player|p1|Umyboyblue|blue|1780
|player|p2|Shootingwolf|102|1737
|teamsize|p1|6
|teamsize|p2|6
|gametype|singles
|gen|8
|tier|[Gen 8] OU
|rated|
|clearpoke
|poke|p1|Urshifu-*, M|
|poke|p1|Landorus-Therian, M|
|poke|p1|Dragonite, M|
|poke|p1|Latios, M|
|poke|p1|Heatran, F|
|poke|p1|Cinderace, F|
|poke|p2|Mandibuzz, F|
|poke|p2|Pheromosa|
|poke|p2|Tapu Fini|
|poke|p2|Kyurem-Black|
|poke|p2|Landorus-Therian, M|
|poke|p2|Spectrier|
|rule|Sleep Clause Mod: Limit one foe put to sleep
|rule|Species Clause: Limit one of each Pokémon
|rule|OHKO Clause: OHKO moves are banned
|rule|Evasion Moves Clause: Evasion moves are banned
|rule|Endless Battle Clause: Forcing endless battles is banned
|rule|HP Percentage Mod: HP is shown in percentages
|rule|Dynamax Clause: You cannot dynamax
|teampreview
|inactive|Battle timer is ON: inactive players will automatically lose when time's up. (requested by Umyboyblue)
|
|t:|1605148374
|start
|switch|p1a: Landorus|Landorus-Therian, M|100/100
|switch|p2a: Pheromosa|Pheromosa|100/100
|-ability|p1a: Landorus|Intimidate|boost
|-unboost|p2a: Pheromosa|atk|1
|turn|1
|
|t:|1605148381
|move|p2a: Pheromosa|U-turn|p1a: Landorus
|-resisted|p1a: Landorus
|-damage|p1a: Landorus|85/100
|
|t:|1605148385
|switch|p2a: Landorus|Landorus-Therian, M|100/100|[from]move: U-turn
|-ability|p2a: Landorus|Intimidate|boost
|-unboost|p1a: Landorus|atk|1
|move|p1a: Landorus|U-turn|p2a: Landorus
|-resisted|p2a: Landorus
|-damage|p2a: Landorus|95/100
|-damage|p1a: Landorus|68/100|[from] item: Rocky Helmet|[of] p2a: Landorus
|j| TBJL
|j| 3Fraken
|
|t:|1605148388
|switch|p1a: Latios|Latios, M|100/100|[from]move: U-turn
|
|upkeep
|turn|2
|j| Blaziken951
|
|t:|1605148396
|switch|p2a: Tapu Fini|Tapu Fini|100/100
|-fieldstart|move: Misty Terrain|[from] ability: Misty Surge|[of] p2a: Tapu Fini
|move|p1a: Latios|Future Sight|p2a: Tapu Fini
|-start|p1a: Latios|move: Future Sight
|
|upkeep
|turn|3
|
|t:|1605148402
|switch|p1a: Landorus|Landorus-Therian, M|68/100
|-ability|p1a: Landorus|Intimidate|boost
|-unboost|p2a: Tapu Fini|atk|1
|move|p2a: Tapu Fini|Nature's Madness|p1a: Landorus
|-damage|p1a: Landorus|34/100
|
|upkeep
|turn|4
|
|t:|1605148406
|move|p1a: Landorus|Knock Off|p2a: Tapu Fini
|-resisted|p2a: Tapu Fini
|-damage|p2a: Tapu Fini|88/100
|-enditem|p2a: Tapu Fini|Leftovers|[from] move: Knock Off|[of] p1a: Landorus
|move|p2a: Tapu Fini|Surf|p1a: Landorus
|-supereffective|p1a: Landorus
|-damage|p1a: Landorus|0 fnt
|faint|p1a: Landorus
|
|-end|p2a: Tapu Fini|move: Future Sight
|-damage|p2a: Tapu Fini|34/100
|upkeep
|
|t:|1605148412
|switch|p1a: Cinderace|Cinderace, F|100/100
|turn|5
|
|t:|1605148415
|switch|p2a: Landorus|Landorus-Therian, M|95/100
|-ability|p2a: Landorus|Intimidate|boost
|-unboost|p1a: Cinderace|atk|1
|move|p1a: Cinderace|Pyro Ball|p2a: Landorus
|-damage|p2a: Landorus|63/100
|
|upkeep
|turn|6
|
|t:|1605148423
|switch|p1a: Latios|Latios, M|100/100
|move|p2a: Landorus|Toxic|p1a: Latios
|-status|p1a: Latios|tox
|
|-damage|p1a: Latios|95/100 tox|[from] psn
|-fieldend|Misty Terrain
|upkeep
|turn|7
|
|t:|1605148429
|switch|p2a: Tapu Fini|Tapu Fini|34/100
|-fieldstart|move: Misty Terrain|[from] ability: Misty Surge|[of] p2a: Tapu Fini
|move|p1a: Latios|Draco Meteor|p2a: Tapu Fini
|-immune|p2a: Tapu Fini
|
|-damage|p1a: Latios|83/100 tox|[from] psn
|upkeep
|turn|8
|
|t:|1605148435
|switch|p1a: Cinderace|Cinderace, F|100/100
|move|p2a: Tapu Fini|Nature's Madness|p1a: Cinderace
|-damage|p1a: Cinderace|51/100
|
|upkeep
|turn|9
|
|t:|1605148440
|switch|p2a: Landorus|Landorus-Therian, M|63/100
|-ability|p2a: Landorus|Intimidate|boost
|-unboost|p1a: Cinderace|atk|1
|move|p1a: Cinderace|Gunk Shot|p2a: Landorus|[miss]
|-start|p1a: Cinderace|typechange|Poison|[from] ability: Libero
|-miss|p1a: Cinderace|p2a: Landorus
|
|upkeep
|turn|10
|
|t:|1605148443
|switch|p1a: Latios|Latios, M|83/100 tox
|move|p2a: Landorus|U-turn|p1a: Latios
|-supereffective|p1a: Latios
|-damage|p1a: Latios|26/100 tox
|
|t:|1605148451
|switch|p2a: Pheromosa|Pheromosa|100/100|[from]move: U-turn
|
|-damage|p1a: Latios|20/100 tox|[from] psn
|upkeep
|turn|11
|
|t:|1605148455
|move|p2a: Pheromosa|U-turn|p1a: Latios
|-supereffective|p1a: Latios
|-damage|p1a: Latios|0 fnt
|faint|p1a: Latios
|-ability|p2a: Pheromosa|Beast Boost|boost
|-boost|p2a: Pheromosa|atk|1
|j| adasdasdaa1
|j| Anoxx17
|
|t:|1605148478
|switch|p2a: Tapu Fini|Tapu Fini|34/100|[from]move: U-turn
|
|-fieldend|Misty Terrain
|upkeep
|j| adfhadfhaf
|inactive|Umyboyblue has 120 seconds left.
|
|t:|1605148529
|switch|p1a: Dragonite|Dragonite, M|100/100
|turn|12
|
|t:|1605148538
|switch|p2a: Landorus|Landorus-Therian, M|63/100
|-ability|p2a: Landorus|Intimidate|boost
|-unboost|p1a: Dragonite|atk|1
|move|p1a: Dragonite|Dragon Dance|p1a: Dragonite
|-boost|p1a: Dragonite|atk|1
|-boost|p1a: Dragonite|spe|1
|
|upkeep
|turn|13
|
|t:|1605148541
|move|p1a: Dragonite|Dragon Dance|p1a: Dragonite
|-boost|p1a: Dragonite|atk|1
|-boost|p1a: Dragonite|spe|1
|move|p2a: Landorus|Toxic|p1a: Dragonite
|-status|p1a: Dragonite|tox
|
|-damage|p1a: Dragonite|94/100 tox|[from] psn
|upkeep
|turn|14
|
|t:|1605148544
|move|p1a: Dragonite|Dragon Dance|p1a: Dragonite
|-boost|p1a: Dragonite|atk|1
|-boost|p1a: Dragonite|spe|1
|move|p2a: Landorus|U-turn|p1a: Dragonite
|-resisted|p1a: Dragonite
|-damage|p1a: Dragonite|82/100 tox
|
|t:|1605148551
|switch|p2a: Mandibuzz|Mandibuzz, F|100/100|[from]move: U-turn
|
|-damage|p1a: Dragonite|70/100 tox|[from] psn
|upkeep
|turn|15
|
|t:|1605148554
|move|p1a: Dragonite|Dual Wingbeat|p2a: Mandibuzz
|-damage|p2a: Mandibuzz|63/100
|-damage|p2a: Mandibuzz|26/100
|-hitcount|p2a: Mandibuzz|2
|move|p2a: Mandibuzz|Foul Play|p1a: Dragonite
|-damage|p1a: Dragonite|0 fnt
|faint|p1a: Dragonite
|
|upkeep
|
|t:|1605148559
|switch|p1a: Urshifu|Urshifu, M|100/100
|turn|16
|
|t:|1605148566
|move|p1a: Urshifu|Wicked Blow|p2a: Mandibuzz
|-resisted|p2a: Mandibuzz
|-crit|p2a: Mandibuzz
|-damage|p2a: Mandibuzz|0 fnt
|faint|p2a: Mandibuzz
|
|upkeep
|
|t:|1605148572
|switch|p2a: Pheromosa|Pheromosa|100/100
|turn|17
|
|t:|1605148574
|move|p2a: Pheromosa|Close Combat|p1a: Urshifu
|-supereffective|p1a: Urshifu
|-damage|p1a: Urshifu|0 fnt
|-unboost|p2a: Pheromosa|def|1
|-unboost|p2a: Pheromosa|spd|1
|faint|p1a: Urshifu
|-ability|p2a: Pheromosa|Beast Boost|boost
|-boost|p2a: Pheromosa|atk|1
|
|upkeep
|
|t:|1605148578
|switch|p1a: Cinderace|Cinderace, F|51/100
|turn|18
|
|t:|1605148583
|switch|p2a: Landorus|Landorus-Therian, M|63/100
|-ability|p2a: Landorus|Intimidate|boost
|-unboost|p1a: Cinderace|atk|1
|move|p1a: Cinderace|Pyro Ball|p2a: Landorus
|-damage|p2a: Landorus|32/100
|
|upkeep
|turn|19
|-message|Umyboyblue forfeited.
|
|win|Shootingwolf
|l|☆Umyboyblue
|l| adasdasdaa1
|l| Blaziken951
||Ladder (probably) updated, but score could not be retrieved (Request timeout).
