|j|☆premmalhotra
|j|☆Chickpiee
|t:|1606035095
|player|p1|premmalhotra|ghetsis-gen5bw|
|player|p2|Chickpiee|caitlin|
|teamsize|p1|6
|teamsize|p2|6
|gametype|singles
|gen|8
|tier|[Gen 8] OU
|clearpoke
|poke|p1|Volcarona, M|
|poke|p1|Excadrill, M|
|poke|p1|Blaziken, F|
|poke|p1|Araquanid, M|
|poke|p1|Melmetal|
|poke|p1|Spectrier|
|poke|p2|Slowbro, F|
|poke|p2|Mandibuzz, F|
|poke|p2|Urshifu-*, M|
|poke|p2|Cinderace, F|
|poke|p2|Clefable, F|
|poke|p2|Nidoking, M|
|rule|Sleep Clause Mod: Limit one foe put to sleep
|rule|Species Clause: Limit one of each Pokémon
|rule|OHKO Clause: OHKO moves are banned
|rule|Evasion Moves Clause: Evasion moves are banned
|rule|Endless Battle Clause: Forcing endless battles is banned
|rule|HP Percentage Mod: HP is shown in percentages
|rule|Dynamax Clause: You cannot dynamax
|teampreview
|inactive|Battle timer is ON: inactive players will automatically lose when time's up. (requested by premmalhotra)
|
|t:|1606035108
|start
|switch|p1a: Aragog|Araquanid, M|100/100
|switch|p2a: Clefable|Clefable, F|100/100
|turn|1
|j| Sister Girlfriend
|
|t:|1606035117
|move|p2a: Clefable|Trick|p1a: Aragog
|-activate|p2a: Clefable|move: Trick|[of] p1a: Aragog
|-item|p1a: Aragog|Choice Scarf|[from] move: Trick
|-item|p2a: Clefable|Leftovers|[from] move: Trick
|move|p1a: Aragog|Toxic|p2a: Clefable
|-status|p2a: Clefable|tox
|
|upkeep
|turn|2
|
|t:|1606035131
|switch|p1a: Neville|Excadrill, M, shiny|100/100
|-ability|p1a: Neville|Mold Breaker
|switch|p2a: Slowbro|Slowbro, F|100/100
|
|upkeep
|turn|3
|
|t:|1606035137
|switch|p1a: Aragog|Araquanid, M|100/100
|move|p2a: Slowbro|Scald|p1a: Aragog
|-resisted|p1a: Aragog
|-damage|p1a: Aragog|90/100
|
|upkeep
|turn|4
|
|t:|1606035141
|move|p1a: Aragog|Sticky Web|p2a: Slowbro
|-sidestart|p2: Chickpiee|move: Sticky Web
|move|p2a: Slowbro|Future Sight|p1a: Aragog
|-start|p2a: Slowbro|move: Future Sight
|
|upkeep
|turn|5
|
|t:|1606035147
|move|p1a: Aragog|Sticky Web||[still]
|-fail|p1a: Aragog
|move|p2a: Slowbro|Teleport|p2a: Slowbro
|
|t:|1606035153
|switch|p2a: Urshifu|Urshifu, M|100/100|[from]move: Teleport
|-activate|p2a: Urshifu|move: Sticky Web
|-unboost|p2a: Urshifu|spe|1
|
|upkeep
|turn|6
|
|t:|1606035161
|switch|p1a: Neville|Excadrill, M, shiny|100/100
|-ability|p1a: Neville|Mold Breaker
|move|p2a: Urshifu|Wicked Blow|p1a: Neville
|-crit|p1a: Neville
|-damage|p1a: Neville|0 fnt
|faint|p1a: Neville
|
|-hint|Future Sight did not hit because the target is the user.
|upkeep
|
|t:|1606035164
|switch|p1a: Goblet|Blaziken, F|100/100
|turn|7
|
|t:|1606035177
|switch|p2a: Slowbro|Slowbro, F|100/100
|-activate|p2a: Slowbro|move: Sticky Web
|-unboost|p2a: Slowbro|spe|1
|move|p1a: Goblet|Swords Dance|p1a: Goblet
|-boost|p1a: Goblet|atk|2
|
|-ability|p1a: Goblet|Speed Boost|boost
|-boost|p1a: Goblet|spe|1
|upkeep
|turn|8
|
|t:|1606035182
|move|p1a: Goblet|Thunder Punch|p2a: Slowbro
|-supereffective|p2a: Slowbro
|-damage|p2a: Slowbro|45/100
|-damage|p1a: Goblet|84/100|[from] item: Rocky Helmet|[of] p2a: Slowbro
|move|p2a: Slowbro|Scald|p1a: Goblet
|-supereffective|p1a: Goblet
|-damage|p1a: Goblet|4/100
|
|-heal|p1a: Goblet|10/100|[from] item: Leftovers
|-ability|p1a: Goblet|Speed Boost|boost
|-boost|p1a: Goblet|spe|1
|upkeep
|turn|9
|
|t:|1606035198
|switch|p2a: Clefable|Clefable, F|100/100 tox
|-activate|p2a: Clefable|move: Sticky Web
|-unboost|p2a: Clefable|spe|1
|move|p1a: Goblet|Thunder Punch|p2a: Clefable
|-damage|p2a: Clefable|62/100 tox
|
|-heal|p1a: Goblet|16/100|[from] item: Leftovers
|-heal|p2a: Clefable|69/100 tox|[from] item: Leftovers
|-ability|p1a: Goblet|Speed Boost|boost
|-boost|p1a: Goblet|spe|1
|upkeep
|turn|10
|
|t:|1606035204
|move|p1a: Goblet|Flare Blitz|p2a: Clefable
|-crit|p2a: Clefable
|-damage|p2a: Clefable|0 fnt
|-damage|p1a: Goblet|0 fnt|[from] Recoil
|faint|p2a: Clefable
|faint|p1a: Goblet
|
|upkeep
|
|t:|1606035217
|switch|p1a: Aragog|Araquanid, M|90/100
|switch|p2a: Cinderace|Cinderace, F|100/100
|turn|11
|
|t:|1606035226
|move|p2a: Cinderace|U-turn|p1a: Aragog
|-start|p2a: Cinderace|typechange|Bug|[from] ability: Libero
|-damage|p1a: Aragog|59/100
|
|t:|1606035235
|switch|p2a: Slowbro|Slowbro, F|78/100|[from]move: U-turn
|-activate|p2a: Slowbro|move: Sticky Web
|-unboost|p2a: Slowbro|spe|1
|move|p1a: Aragog|Sticky Web||[still]
|-fail|p1a: Aragog
|
|upkeep
|turn|12
|c|☆Chickpiee|do you have any idea what you doing?
|c|☆Chickpiee|Sticky webs can't be stacked
|inactive|Chickpiee has 270 seconds left.
|
|t:|1606035267
|switch|p1a: Melmetal|Melmetal|100/100
|move|p2a: Slowbro|Future Sight|p1a: Melmetal
|-start|p2a: Slowbro|move: Future Sight
|
|upkeep
|turn|13
|c|☆premmalhotra|I'm a noob
|
|t:|1606035280
|move|p1a: Melmetal|Thunder Wave|p2a: Slowbro
|-status|p2a: Slowbro|par
|move|p2a: Slowbro|Teleport|p2a: Slowbro
|
|t:|1606035287
|switch|p2a: Nidoking|Nidoking, M|100/100|[from]move: Teleport
|-activate|p2a: Nidoking|move: Sticky Web
|-unboost|p2a: Nidoking|spe|1
|
|upkeep
|turn|14
|
|t:|1606035292
|switch|p1a: Aragog|Araquanid, M|59/100
|move|p2a: Nidoking|Earth Power|p1a: Aragog
|-resisted|p1a: Aragog
|-damage|p1a: Aragog|38/100
|
|-end|p1a: Aragog|move: Future Sight
|-damage|p1a: Aragog|5/100
|upkeep
|turn|15
|
|t:|1606035303
|move|p2a: Nidoking|Earth Power|p1a: Aragog
|-resisted|p1a: Aragog
|-damage|p1a: Aragog|0 fnt
|faint|p1a: Aragog
|
|upkeep
|
|t:|1606035313
|switch|p1a: Seamus|Volcarona, M, shiny|100/100
|turn|16
|j| Ron 50
|
|t:|1606035321
|switch|p2a: Mandibuzz|Mandibuzz, F|100/100
|move|p1a: Seamus|Quiver Dance|p1a: Seamus
|-boost|p1a: Seamus|spa|1
|-boost|p1a: Seamus|spd|1
|-boost|p1a: Seamus|spe|1
|
|upkeep
|turn|17
|
|t:|1606035327
|move|p1a: Seamus|Fiery Dance|p2a: Mandibuzz
|-damage|p2a: Mandibuzz|58/100
|move|p2a: Mandibuzz|Toxic|p1a: Seamus
|-status|p1a: Seamus|tox
|
|-damage|p1a: Seamus|94/100 tox|[from] psn
|upkeep
|turn|18
|
|t:|1606035335
|move|p1a: Seamus|Quiver Dance|p1a: Seamus
|-boost|p1a: Seamus|spa|1
|-boost|p1a: Seamus|spd|1
|-boost|p1a: Seamus|spe|1
|move|p2a: Mandibuzz|Roost|p2a: Mandibuzz
|-heal|p2a: Mandibuzz|100/100
|-singleturn|p2a: Mandibuzz|move: Roost
|
|-damage|p1a: Seamus|82/100 tox|[from] psn
|upkeep
|turn|19
|
|t:|1606035339
|move|p1a: Seamus|Fiery Dance|p2a: Mandibuzz
|-damage|p2a: Mandibuzz|44/100
|move|p2a: Mandibuzz|Roost|p2a: Mandibuzz
|-heal|p2a: Mandibuzz|94/100
|-singleturn|p2a: Mandibuzz|move: Roost
|
|-damage|p1a: Seamus|64/100 tox|[from] psn
|upkeep
|turn|20
|c| Ron 50|prem
|
|t:|1606035345
|move|p1a: Seamus|Fiery Dance|p2a: Mandibuzz
|-damage|p2a: Mandibuzz|41/100
|-boost|p1a: Seamus|spa|1
|move|p2a: Mandibuzz|Roost|p2a: Mandibuzz
|-heal|p2a: Mandibuzz|91/100
|-singleturn|p2a: Mandibuzz|move: Roost
|
|-damage|p1a: Seamus|39/100 tox|[from] psn
|upkeep
|turn|21
|
|t:|1606035348
|move|p1a: Seamus|Fiery Dance|p2a: Mandibuzz
|-damage|p2a: Mandibuzz|28/100
|move|p2a: Mandibuzz|Roost|p2a: Mandibuzz
|-heal|p2a: Mandibuzz|78/100
|-singleturn|p2a: Mandibuzz|move: Roost
|
|-damage|p1a: Seamus|9/100 tox|[from] psn
|upkeep
|turn|22
|c| Ron 50|why stack web?
|
|t:|1606035353
|move|p1a: Seamus|Fiery Dance|p2a: Mandibuzz
|-damage|p2a: Mandibuzz|8/100
|-boost|p1a: Seamus|spa|1
|move|p2a: Mandibuzz|Roost|p2a: Mandibuzz
|-heal|p2a: Mandibuzz|58/100
|-singleturn|p2a: Mandibuzz|move: Roost
|
|-damage|p1a: Seamus|0 fnt|[from] psn
|faint|p1a: Seamus
|upkeep
|
|t:|1606035357
|switch|p1a: Melmetal|Melmetal|100/100
|turn|23
|
|t:|1606035361
|switch|p2a: Slowbro|Slowbro, F|100/100 par
|-activate|p2a: Slowbro|move: Sticky Web
|-unboost|p2a: Slowbro|spe|1
|move|p1a: Melmetal|Thunder Wave|p2a: Slowbro
|-fail|p2a: Slowbro|par
|
|upkeep
|turn|24
|
|t:|1606035368
|move|p1a: Melmetal|Double Iron Bash|p2a: Slowbro
|-resisted|p2a: Slowbro
|-damage|p2a: Slowbro|86/100 par
|-damage|p1a: Melmetal|84/100|[from] item: Rocky Helmet|[of] p2a: Slowbro
|-resisted|p2a: Slowbro
|-damage|p2a: Slowbro|74/100 par
|-damage|p1a: Melmetal|68/100|[from] item: Rocky Helmet|[of] p2a: Slowbro
|-hitcount|p2a: Slowbro|2
|move|p2a: Slowbro|Teleport|p2a: Slowbro
|
|t:|1606035377
|switch|p2a: Nidoking|Nidoking, M|100/100|[from]move: Teleport
|-activate|p2a: Nidoking|move: Sticky Web
|-unboost|p2a: Nidoking|spe|1
|
|-heal|p1a: Melmetal|74/100|[from] item: Leftovers
|upkeep
|turn|25
|
|t:|1606035380
|move|p2a: Nidoking|Earth Power|p1a: Melmetal
|-supereffective|p1a: Melmetal
|-damage|p1a: Melmetal|0 fnt
|faint|p1a: Melmetal
|
|upkeep
|
|t:|1606035382
|switch|p1a: Spectrier|Spectrier|100/100
|turn|26
|
|t:|1606035388
|move|p1a: Spectrier|Nasty Plot|p1a: Spectrier
|-boost|p1a: Spectrier|spa|2
|move|p2a: Nidoking|Earth Power|p1a: Spectrier
|-damage|p1a: Spectrier|34/100
|
|-heal|p1a: Spectrier|40/100|[from] item: Leftovers
|upkeep
|turn|27
|
|t:|1606035399
|move|p1a: Spectrier|Shadow Ball|p2a: Nidoking
|-damage|p2a: Nidoking|0 fnt
|faint|p2a: Nidoking
|-ability|p1a: Spectrier|Grim Neigh|boost
|-boost|p1a: Spectrier|spa|1
|
|-heal|p1a: Spectrier|47/100|[from] item: Leftovers
|upkeep
|
|t:|1606035402
|switch|p2a: Mandibuzz|Mandibuzz, F|58/100
|turn|28
|
|t:|1606035410
|move|p1a: Spectrier|Shadow Ball|p2a: Mandibuzz
|-resisted|p2a: Mandibuzz
|-crit|p2a: Mandibuzz
|-damage|p2a: Mandibuzz|9/100
|move|p2a: Mandibuzz|Knock Off|p1a: Spectrier
|-supereffective|p1a: Spectrier
|-damage|p1a: Spectrier|0 fnt
|-enditem|p1a: Spectrier|Leftovers|[from] move: Knock Off|[of] p2a: Mandibuzz
|faint|p1a: Spectrier
|
|win|Chickpiee
|c|☆Chickpiee|gg
