|raw|<div class="broadcast-blue"><strong>This battle is required to be public due to a player having a name starting with 'btlt200'.</div>
|j|☆BTLT200$ FLEXMAN
|j|☆Seigneur-Fou
|t:|1668179381
|gametype|singles
|player|p1|BTLT200$ FLEXMAN|baker|1725
|player|p2|Seigneur-Fou|266|1741
|teamsize|p1|6
|teamsize|p2|6
|gen|8
|tier|[Gen 8] OU
|rated|
|rule|Sleep Clause Mod: Limit one foe put to sleep
|rule|Species Clause: Limit one of each Pokémon
|rule|OHKO Clause: OHKO moves are banned
|rule|Evasion Items Clause: Evasion items are banned
|rule|Evasion Moves Clause: Evasion moves are banned
|rule|Endless Battle Clause: Forcing endless battles is banned
|rule|HP Percentage Mod: HP is shown in percentages
|rule|Dynamax Clause: You cannot dynamax
|clearpoke
|poke|p1|Dragapult, F|
|poke|p1|Urshifu-*, M|
|poke|p1|Tapu Lele|
|poke|p1|Landorus-Therian, M|
|poke|p1|Zapdos|
|poke|p1|Melmetal|
|poke|p2|Garchomp, M|
|poke|p2|Clefable, M|
|poke|p2|Aegislash, M|
|poke|p2|Slowking-Galar, F|
|poke|p2|Melmetal|
|poke|p2|Heatran, M|
|teampreview
|inactive|Battle timer is ON: inactive players will automatically lose when time's up. (requested by Seigneur-Fou)
|j| Zenadark
|l| Zenadark
|j| yyZnerF
|j| CanUrepeat
|
|t:|1668179397
|start
|switch|p1a: Landorus|Landorus-Therian, M|100/100
|switch|p2a: Garchomp|Garchomp, M|100/100
|-ability|p1a: Landorus|Intimidate|boost
|-unboost|p2a: Garchomp|atk|1
|turn|1
|
|t:|1668179405
|move|p2a: Garchomp|Toxic|p1a: Landorus
|-status|p1a: Landorus|tox
|move|p1a: Landorus|Knock Off|p2a: Garchomp
|-damage|p2a: Garchomp|81/100
|-damage|p1a: Landorus|88/100 tox|[from] ability: Rough Skin|[of] p2a: Garchomp
|-damage|p1a: Landorus|72/100 tox|[from] item: Rocky Helmet|[of] p2a: Garchomp
|-enditem|p2a: Garchomp|Rocky Helmet|[from] move: Knock Off|[of] p1a: Landorus
|
|-heal|p1a: Landorus|78/100 tox|[from] item: Leftovers
|-damage|p1a: Landorus|72/100 tox|[from] psn
|upkeep
|turn|2
|j| BABORAFAC
|
|t:|1668179415
|move|p2a: Garchomp|Stealth Rock|p1a: Landorus
|-sidestart|p1: BTLT200$ FLEXMAN|move: Stealth Rock
|move|p1a: Landorus|Stealth Rock|p2a: Garchomp
|-sidestart|p2: Seigneur-Fou|move: Stealth Rock
|
|-heal|p1a: Landorus|78/100 tox|[from] item: Leftovers
|-damage|p1a: Landorus|66/100 tox|[from] psn
|upkeep
|turn|3
|
|t:|1668179429
|switch|p1a: Urshifu|Urshifu-Rapid-Strike, M|100/100
|-damage|p1a: Urshifu|94/100|[from] Stealth Rock
|move|p2a: Garchomp|Dragon Tail|p1a: Urshifu
|-damage|p1a: Urshifu|78/100
|drag|p1a: Dragapult|Dragapult, F|100/100
|-damage|p1a: Dragapult|88/100|[from] Stealth Rock
|
|upkeep
|turn|4
|
|t:|1668179440
|switch|p1a: Urshifu|Urshifu-Rapid-Strike, M|78/100
|-damage|p1a: Urshifu|71/100|[from] Stealth Rock
|switch|p2a: Slowking|Slowking-Galar, F|100/100
|-damage|p2a: Slowking|88/100|[from] Stealth Rock
|
|upkeep
|turn|5
|
|t:|1668179448
|move|p1a: Urshifu|Surging Strikes|p2a: Slowking
|-crit|p2a: Slowking
|-damage|p2a: Slowking|58/100
|-crit|p2a: Slowking
|-damage|p2a: Slowking|27/100
|-crit|p2a: Slowking
|-damage|p2a: Slowking|0 fnt
|faint|p2a: Slowking
|-hitcount|p2: Slowking|3
|
|upkeep
|
|t:|1668179457
|switch|p2a: Clefable|Clefable, M|100/100
|turn|6
|
|t:|1668179461
|switch|p1a: Melmetal|Melmetal|100/100
|-damage|p1a: Melmetal|94/100|[from] Stealth Rock
|move|p2a: Clefable|Thunder Wave|p1a: Melmetal
|-status|p1a: Melmetal|par
|
|-heal|p1a: Melmetal|100/100 par|[from] item: Leftovers
|upkeep
|turn|7
|
|t:|1668179478
|switch|p2a: Garchomp|Garchomp, M|81/100
|-damage|p2a: Garchomp|75/100|[from] Stealth Rock
|move|p1a: Melmetal|Double Iron Bash|p2a: Garchomp
|-damage|p2a: Garchomp|51/100
|-damage|p1a: Melmetal|88/100 par|[from] ability: Rough Skin|[of] p2a: Garchomp
|-damage|p2a: Garchomp|23/100
|-damage|p1a: Melmetal|76/100 par|[from] ability: Rough Skin|[of] p2a: Garchomp
|-hitcount|p2a: Garchomp|2
|
|-heal|p1a: Melmetal|82/100 par|[from] item: Leftovers
|upkeep
|turn|8
|
|t:|1668179490
|switch|p2a: Clefable|Clefable, M|100/100
|move|p1a: Melmetal|Earthquake|p2a: Clefable
|-damage|p2a: Clefable|68/100
|
|-heal|p2a: Clefable|74/100|[from] item: Leftovers
|-heal|p1a: Melmetal|88/100 par|[from] item: Leftovers
|upkeep
|turn|9
|inactive|Seigneur-Fou has 120 seconds left.
|
|t:|1668179517
|switch|p2a: Melmetal|Melmetal|100/100
|-damage|p2a: Melmetal|94/100|[from] Stealth Rock
|cant|p1a: Melmetal|par
|
|-heal|p1a: Melmetal|94/100 par|[from] item: Leftovers
|upkeep
|turn|10
|inactive|Seigneur-Fou has 120 seconds left.
|
|t:|1668179534
|switch|p1a: Zapdos|Zapdos|100/100
|move|p2a: Melmetal|Double Iron Bash|p1a: Zapdos
|-resisted|p1a: Zapdos
|-damage|p1a: Zapdos|60/100
|-status|p2a: Melmetal|par|[from] ability: Static|[of] p1a: Zapdos
|-resisted|p1a: Zapdos
|-damage|p1a: Zapdos|21/100
|-hitcount|p1a: Zapdos|2
|
|upkeep
|turn|11
|j| BTLT200$ brrr
|inactive|Seigneur-Fou has 120 seconds left.
|
|t:|1668179542
|move|p1a: Zapdos|Heat Wave|p2a: Melmetal
|-supereffective|p2a: Melmetal
|-damage|p2a: Melmetal|34/100 par
|move|p2a: Melmetal|Double Iron Bash|p1a: Zapdos
|-resisted|p1a: Zapdos
|-damage|p1a: Zapdos|0 fnt
|faint|p1a: Zapdos
|-hitcount|p1: Zapdos|1
|
|upkeep
|
|t:|1668179549
|switch|p1a: Urshifu|Urshifu-Rapid-Strike, M|71/100
|-damage|p1a: Urshifu|65/100|[from] Stealth Rock
|turn|12
|
|t:|1668179554
|move|p1a: Urshifu|Surging Strikes|p2a: Melmetal
|-crit|p2a: Melmetal
|-damage|p2a: Melmetal|19/100 par
|-crit|p2a: Melmetal
|-damage|p2a: Melmetal|2/100 par
|-crit|p2a: Melmetal
|-damage|p2a: Melmetal|0 fnt
|faint|p2a: Melmetal
|-hitcount|p2: Melmetal|3
|
|upkeep
|
|t:|1668179562
|switch|p2a: Aegislash|Aegislash, M|100/100
|-damage|p2a: Aegislash|94/100|[from] Stealth Rock
|turn|13
|
|t:|1668179568
|switch|p1a: Landorus|Landorus-Therian, M|66/100 tox
|-damage|p1a: Landorus|53/100 tox|[from] Stealth Rock
|-ability|p1a: Landorus|Intimidate|boost
|-unboost|p2a: Aegislash|atk|1
|-formechange|p2a: Aegislash|Aegislash-Blade||[from] ability: Stance Change
|move|p2a: Aegislash|Shadow Ball|p1a: Landorus
|-damage|p1a: Landorus|0 fnt
|faint|p1a: Landorus
|
|upkeep
|
|t:|1668179574
|switch|p1a: Urshifu|Urshifu-Rapid-Strike, M|65/100
|-damage|p1a: Urshifu|59/100|[from] Stealth Rock
|turn|14
|
|t:|1668179581
|switch|p2a: Garchomp|Garchomp, M|23/100
|-damage|p2a: Garchomp|16/100|[from] Stealth Rock
|move|p1a: Urshifu|Surging Strikes|p2a: Garchomp
|-crit|p2a: Garchomp
|-damage|p2a: Garchomp|0 fnt
|-damage|p1a: Urshifu|47/100|[from] ability: Rough Skin|[of] p2a: Garchomp
|faint|p2a: Garchomp
|-hitcount|p2: Garchomp|1
|
|upkeep
|
|t:|1668179591
|switch|p2a: Aegislash|Aegislash, M|94/100
|-damage|p2a: Aegislash|88/100|[from] Stealth Rock
|turn|15
|
|t:|1668179595
|switch|p1a: Tapu Lele|Tapu Lele|100/100
|-damage|p1a: Tapu Lele|88/100|[from] Stealth Rock
|-fieldstart|move: Psychic Terrain|[from] ability: Psychic Surge|[of] p1a: Tapu Lele
|-formechange|p2a: Aegislash|Aegislash-Blade||[from] ability: Stance Change
|move|p2a: Aegislash|Shadow Ball|p1a: Tapu Lele
|-supereffective|p1a: Tapu Lele
|-damage|p1a: Tapu Lele|0 fnt
|faint|p1a: Tapu Lele
|
|upkeep
|j| HereForFrens
|
|t:|1668179603
|switch|p1a: Dragapult|Dragapult, F|88/100
|-damage|p1a: Dragapult|76/100|[from] Stealth Rock
|turn|16
|
|t:|1668179612
|move|p1a: Dragapult|Shadow Ball|p2a: Aegislash
|-supereffective|p2a: Aegislash
|-damage|p2a: Aegislash|0 fnt
|faint|p2a: Aegislash
|
|upkeep
|l| HereForFrens
|
|t:|1668179619
|switch|p2a: Clefable|Clefable, M|74/100
|turn|17
|
|t:|1668179623
|move|p1a: Dragapult|Shadow Ball|p2a: Clefable
|-damage|p2a: Clefable|21/100
|move|p2a: Clefable|Wish|p2a: Clefable
|
|-heal|p2a: Clefable|27/100|[from] item: Leftovers
|upkeep
|turn|18
|
|t:|1668179629
|switch|p2a: Heatran|Heatran, M|100/100
|-damage|p2a: Heatran|88/100|[from] Stealth Rock
|-item|p2a: Heatran|Air Balloon
|move|p1a: Dragapult|Shadow Ball|p2a: Heatran
|-damage|p2a: Heatran|27/100
|-enditem|p2a: Heatran|Air Balloon
|
|-heal|p2a: Heatran|88/100|[from] move: Wish|[wisher] Clefable
|upkeep
|turn|19
|j| toxilord
|
|t:|1668179640
|move|p1a: Dragapult|Shadow Ball|p2a: Heatran
|-damage|p2a: Heatran|34/100
|move|p2a: Heatran|Lava Plume|p1a: Dragapult
|-resisted|p1a: Dragapult
|-damage|p1a: Dragapult|47/100
|
|-fieldend|move: Psychic Terrain
|upkeep
|turn|20
|-message|Seigneur-Fou forfeited.
|
|win|BTLT200$ FLEXMAN
|raw|BTLT200$ FLEXMAN's rating: 1725 &rarr; <strong>1746</strong><br />(+21 for winning)
|raw|Seigneur-Fou's rating: 1741 &rarr; <strong>1720</strong><br />(-21 for losing)
|l|☆Seigneur-Fou
|l|☆BTLT200$ FLEXMAN
|l| CanUrepeat
|l| toxilord
