|j|☆UnLucky Luoro
|j|☆Tirkys
|t:|1606052069
|player|p1|UnLucky Luoro|ryuki|1336
|player|p2|Tirkys|hilda-dueldisk|1320
|teamsize|p1|6
|teamsize|p2|6
|gametype|singles
|gen|8
|tier|[Gen 8] OU
|rated|
|clearpoke
|poke|p1|Lycanroc-Dusk, F|
|poke|p1|Golisopod, F|
|poke|p1|Kommo-o, F|
|poke|p1|Tornadus-Therian, M|
|poke|p1|Magearna|
|poke|p1|Diggersby, M|
|poke|p2|Mienshao, F|
|poke|p2|Quagsire, M|
|poke|p2|Mantyke, M|
|poke|p2|Volcarona, M|
|poke|p2|Xatu, F|
|poke|p2|Bronzong|
|rule|Sleep Clause Mod: Limit one foe put to sleep
|rule|Species Clause: Limit one of each Pokémon
|rule|OHKO Clause: OHKO moves are banned
|rule|Evasion Moves Clause: Evasion moves are banned
|rule|Endless Battle Clause: Forcing endless battles is banned
|rule|HP Percentage Mod: HP is shown in percentages
|rule|Dynamax Clause: You cannot dynamax
|teampreview
|inactive|Battle timer is ON: inactive players will automatically lose when time's up. (requested by Tirkys)
|inactive|UnLucky Luoro has 120 seconds left.
|inactive|UnLucky Luoro has 90 seconds left.
|
|t:|1606052144
|start
|switch|p1a: Diggersby|Diggersby, M|100/100
|switch|p2a: Mienshao|Mienshao, F|100/100
|turn|1
|
|t:|1606052149
|switch|p1a: Kommo-o|Kommo-o, F|100/100
|move|p2a: Mienshao|Fake Out|p1a: Kommo-o
|-crit|p1a: Kommo-o
|-damage|p1a: Kommo-o|87/100
|
|-heal|p1a: Kommo-o|93/100|[from] item: Leftovers
|upkeep
|turn|2
|
|t:|1606052156
|move|p2a: Mienshao|Knock Off|p1a: Kommo-o
|-resisted|p1a: Kommo-o
|-damage|p1a: Kommo-o|83/100
|-enditem|p1a: Kommo-o|Leftovers|[from] move: Knock Off|[of] p2a: Mienshao
|move|p1a: Kommo-o|Stealth Rock|p2a: Mienshao
|-sidestart|p2: Tirkys|move: Stealth Rock
|
|upkeep
|turn|3
|
|t:|1606052173
|move|p2a: Mienshao|Power-Up Punch|p1a: Kommo-o
|-damage|p1a: Kommo-o|71/100
|-boost|p2a: Mienshao|atk|1
|move|p1a: Kommo-o|Dragon Tail|p2a: Mienshao|[miss]
|-miss|p1a: Kommo-o|p2a: Mienshao
|
|upkeep
|turn|4
|inactive|UnLucky Luoro has 120 seconds left.
|
|t:|1606052223
|move|p2a: Mienshao|Power-Up Punch|p1a: Kommo-o
|-damage|p1a: Kommo-o|52/100
|-boost|p2a: Mienshao|atk|1
|move|p1a: Kommo-o|Dragon Tail|p2a: Mienshao
|-crit|p2a: Mienshao
|-damage|p2a: Mienshao|34/100
|drag|p2a: Quagsire|Quagsire, M|100/100
|-damage|p2a: Quagsire|94/100|[from] Stealth Rock
|
|-heal|p2a: Quagsire|100/100|[from] item: Leftovers
|upkeep
|turn|5
|
|t:|1606052232
|switch|p1a: Tornadus|Tornadus-Therian, M|100/100
|move|p2a: Quagsire|Scald|p1a: Tornadus
|-damage|p1a: Tornadus|80/100
|
|upkeep
|turn|6
|
|t:|1606052237
|switch|p2a: Mantyke|Mantyke, M|100/100
|-damage|p2a: Mantyke|76/100|[from] Stealth Rock
|move|p1a: Tornadus|U-turn|p2a: Mantyke
|-resisted|p2a: Mantyke
|-damage|p2a: Mantyke|66/100
|
|t:|1606052242
|switch|p1a: Lycanroc|Lycanroc-Dusk, F|100/100|[from]move: U-turn
|
|upkeep
|turn|7
|
|t:|1606052254
|switch|p2a: Quagsire|Quagsire, M|100/100
|-damage|p2a: Quagsire|94/100|[from] Stealth Rock
|move|p1a: Lycanroc|Accelerock|p2a: Quagsire
|-resisted|p2a: Quagsire
|-damage|p2a: Quagsire|81/100
|
|-heal|p2a: Quagsire|87/100|[from] item: Leftovers
|upkeep
|turn|8
|
|t:|1606052260
|switch|p1a: Tornadus|Tornadus-Therian, M|100/100
|move|p2a: Quagsire|Scald|p1a: Tornadus
|-damage|p1a: Tornadus|82/100
|
|-heal|p2a: Quagsire|93/100|[from] item: Leftovers
|upkeep
|turn|9
|
|t:|1606052266
|switch|p2a: Volcarona|Volcarona, M|100/100
|-damage|p2a: Volcarona|50/100|[from] Stealth Rock
|move|p1a: Tornadus|U-turn|p2a: Volcarona
|-resisted|p2a: Volcarona
|-damage|p2a: Volcarona|44/100
|
|t:|1606052271
|switch|p1a: Lycanroc|Lycanroc-Dusk, F|100/100|[from]move: U-turn
|
|-heal|p2a: Volcarona|50/100|[from] item: Leftovers
|upkeep
|turn|10
|
|t:|1606052275
|switch|p2a: Quagsire|Quagsire, M|93/100
|-damage|p2a: Quagsire|87/100|[from] Stealth Rock
|move|p1a: Lycanroc|Accelerock|p2a: Quagsire
|-resisted|p2a: Quagsire
|-damage|p2a: Quagsire|73/100
|
|-heal|p2a: Quagsire|79/100|[from] item: Leftovers
|upkeep
|turn|11
|
|t:|1606052278
|switch|p1a: Tornadus|Tornadus-Therian, M|100/100
|move|p2a: Quagsire|Scald|p1a: Tornadus
|-damage|p1a: Tornadus|80/100
|
|-heal|p2a: Quagsire|86/100|[from] item: Leftovers
|upkeep
|turn|12
|
|t:|1606052294
|move|p1a: Tornadus|Hurricane|p2a: Quagsire|[miss]
|-miss|p1a: Tornadus|p2a: Quagsire
|move|p2a: Quagsire|Scald|p1a: Tornadus
|-damage|p1a: Tornadus|59/100
|
|-heal|p2a: Quagsire|92/100|[from] item: Leftovers
|upkeep
|turn|13
|
|t:|1606052298
|switch|p2a: Volcarona|Volcarona, M|50/100
|-damage|p2a: Volcarona|0 fnt|[from] Stealth Rock
|faint|p2a: Volcarona
|move|p1a: Tornadus|U-turn|p2: Volcarona|[notarget]
|-fail|p1a: Tornadus
|
|upkeep
|
|t:|1606052301
|switch|p2a: Mantyke|Mantyke, M|66/100
|-damage|p2a: Mantyke|41/100|[from] Stealth Rock
|turn|14
|
|t:|1606052303
|move|p1a: Tornadus|U-turn|p2a: Mantyke
|-resisted|p2a: Mantyke
|-damage|p2a: Mantyke|31/100
|
|t:|1606052307
|switch|p1a: Magearna|Magearna|100/100|[from]move: U-turn
|move|p2a: Mantyke|Toxic|p1a: Magearna
|-immune|p1a: Magearna
|
|upkeep
|turn|15
|
|t:|1606052311
|switch|p2a: Bronzong|Bronzong|100/100
|-damage|p2a: Bronzong|94/100|[from] Stealth Rock
|move|p1a: Magearna|Volt Switch|p2a: Bronzong
|-damage|p2a: Bronzong|81/100
|
|t:|1606052324
|switch|p1a: Diggersby|Diggersby, M|100/100|[from]move: Volt Switch
|
|upkeep
|turn|16
|
|t:|1606052329
|switch|p2a: Quagsire|Quagsire, M|92/100
|-damage|p2a: Quagsire|86/100|[from] Stealth Rock
|move|p1a: Diggersby|U-turn|p2a: Quagsire
|-damage|p2a: Quagsire|65/100
|inactive|UnLucky Luoro has 120 seconds left.
|
|t:|1606052366
|switch|p1a: Tornadus|Tornadus-Therian, M|92/100|[from]move: U-turn
|
|-heal|p2a: Quagsire|71/100|[from] item: Leftovers
|upkeep
|turn|17
|
|t:|1606052375
|move|p1a: Tornadus|Hurricane|p2a: Quagsire|[miss]
|-miss|p1a: Tornadus|p2a: Quagsire
|move|p2a: Quagsire|Stockpile|p2a: Quagsire
|-start|p2a: Quagsire|stockpile1
|-boost|p2a: Quagsire|def|1
|-boost|p2a: Quagsire|spd|1
|
|-heal|p2a: Quagsire|77/100|[from] item: Leftovers
|upkeep
|turn|18
|
|t:|1606052378
|move|p1a: Tornadus|Hurricane|p2a: Quagsire
|-damage|p2a: Quagsire|46/100
|move|p2a: Quagsire|Stockpile|p2a: Quagsire
|-start|p2a: Quagsire|stockpile2
|-boost|p2a: Quagsire|def|1
|-boost|p2a: Quagsire|spd|1
|
|-heal|p2a: Quagsire|52/100|[from] item: Leftovers
|upkeep
|turn|19
|
|t:|1606052383
|move|p1a: Tornadus|Hurricane|p2a: Quagsire
|-damage|p2a: Quagsire|25/100
|move|p2a: Quagsire|Recover|p2a: Quagsire
|-heal|p2a: Quagsire|75/100
|
|-heal|p2a: Quagsire|81/100|[from] item: Leftovers
|upkeep
|turn|20
|
|t:|1606052387
|move|p1a: Tornadus|Hurricane|p2a: Quagsire
|-damage|p2a: Quagsire|54/100
|move|p2a: Quagsire|Stockpile|p2a: Quagsire
|-start|p2a: Quagsire|stockpile3
|-boost|p2a: Quagsire|def|1
|-boost|p2a: Quagsire|spd|1
|
|-heal|p2a: Quagsire|60/100|[from] item: Leftovers
|upkeep
|turn|21
|
|t:|1606052402
|move|p1a: Tornadus|U-turn|p2a: Quagsire
|-damage|p2a: Quagsire|56/100
|
|t:|1606052405
|switch|p1a: Golisopod|Golisopod, F|100/100|[from]move: U-turn
|move|p2a: Quagsire|Recover|p2a: Quagsire
|-heal|p2a: Quagsire|100/100
|
|upkeep
|turn|22
|
|t:|1606052423
|move|p1a: Golisopod|First Impression|p2a: Quagsire
|-damage|p2a: Quagsire|87/100
|move|p2a: Quagsire|Scald|p1a: Golisopod
|-resisted|p1a: Golisopod
|-damage|p1a: Golisopod|90/100
|
|-heal|p2a: Quagsire|93/100|[from] item: Leftovers
|upkeep
|turn|23
|
|t:|1606052439
|move|p1a: Golisopod|Leech Life|p2a: Quagsire
|-damage|p2a: Quagsire|81/100
|-heal|p1a: Golisopod|97/100|[from] drain|[of] p2a: Quagsire
|move|p2a: Quagsire|Scald|p1a: Golisopod
|-resisted|p1a: Golisopod
|-damage|p1a: Golisopod|87/100
|
|-heal|p2a: Quagsire|87/100|[from] item: Leftovers
|upkeep
|turn|24
|
|t:|1606052463
|switch|p1a: Magearna|Magearna|100/100
|move|p2a: Quagsire|Scald|p1a: Magearna
|-damage|p1a: Magearna|92/100
|
|-heal|p2a: Quagsire|93/100|[from] item: Leftovers
|upkeep
|turn|25
|
|t:|1606052467
|move|p1a: Magearna|Ice Beam|p2a: Quagsire
|-damage|p2a: Quagsire|80/100
|move|p2a: Quagsire|Scald|p1a: Magearna
|-damage|p1a: Magearna|84/100
|
|-heal|p2a: Quagsire|86/100|[from] item: Leftovers
|upkeep
|turn|26
|
|t:|1606052472
|move|p1a: Magearna|Draining Kiss|p2a: Quagsire
|-damage|p2a: Quagsire|76/100
|-heal|p1a: Magearna|92/100|[from] drain|[of] p2a: Quagsire
|move|p2a: Quagsire|Scald|p1a: Magearna
|-damage|p1a: Magearna|83/100
|
|-heal|p2a: Quagsire|82/100|[from] item: Leftovers
|upkeep
|turn|27
|
|t:|1606052477
|move|p1a: Magearna|Draining Kiss|p2a: Quagsire
|-damage|p2a: Quagsire|72/100
|-heal|p1a: Magearna|91/100|[from] drain|[of] p2a: Quagsire
|move|p2a: Quagsire|Scald|p1a: Magearna
|-damage|p1a: Magearna|82/100
|
|-heal|p2a: Quagsire|78/100|[from] item: Leftovers
|upkeep
|turn|28
|inactive|Tirkys has 120 seconds left.
|
|t:|1606052516
|switch|p1a: Golisopod|Golisopod, F|87/100
|move|p2a: Quagsire|Scald|p1a: Golisopod
|-resisted|p1a: Golisopod
|-damage|p1a: Golisopod|77/100
|
|-heal|p2a: Quagsire|85/100|[from] item: Leftovers
|upkeep
|turn|29
|
|t:|1606052526
|move|p1a: Golisopod|Knock Off|p2a: Quagsire
|-damage|p2a: Quagsire|74/100
|-enditem|p2a: Quagsire|Leftovers|[from] move: Knock Off|[of] p1a: Golisopod
|move|p2a: Quagsire|Scald|p1a: Golisopod
|-resisted|p1a: Golisopod
|-damage|p1a: Golisopod|67/100
|
|upkeep
|turn|30
|inactive|Tirkys has 120 seconds left.
|
|t:|1606052545
|switch|p1a: Tornadus|Tornadus-Therian, M|100/100
|move|p2a: Quagsire|Scald|p1a: Tornadus
|-damage|p1a: Tornadus|82/100
|-status|p1a: Tornadus|brn
|
|-damage|p1a: Tornadus|76/100 brn|[from] brn
|upkeep
|turn|31
|
|t:|1606052549
|move|p1a: Tornadus|Defog|p2a: Quagsire
|-unboost|p2a: Quagsire|evasion|1
|-sideend|p2: Tirkys|Stealth Rock|[from] move: Defog|[of] p1a: Tornadus
|move|p2a: Quagsire|Recover|p2a: Quagsire
|-heal|p2a: Quagsire|100/100
|
|-damage|p1a: Tornadus|70/100 brn|[from] brn
|upkeep
|turn|32
|
|t:|1606052551
|move|p1a: Tornadus|Defog|p2a: Quagsire
|-unboost|p2a: Quagsire|evasion|1
|move|p2a: Quagsire|Scald|p1a: Tornadus
|-damage|p1a: Tornadus|48/100 brn
|
|-damage|p1a: Tornadus|42/100 brn|[from] brn
|upkeep
|turn|33
|
|t:|1606052555
|move|p1a: Tornadus|Hurricane|p2a: Quagsire
|-damage|p2a: Quagsire|78/100
|move|p2a: Quagsire|Scald|p1a: Tornadus
|-damage|p1a: Tornadus|23/100 brn
|
|-damage|p1a: Tornadus|17/100 brn|[from] brn
|upkeep
|turn|34
|
|t:|1606052559
|move|p1a: Tornadus|U-turn|p2a: Quagsire
|-damage|p2a: Quagsire|76/100
|
|t:|1606052562
|switch|p1a: Magearna|Magearna|82/100|[from]move: U-turn
|move|p2a: Quagsire|Scald|p1a: Magearna
|-damage|p1a: Magearna|73/100
|-status|p1a: Magearna|brn
|
|-damage|p1a: Magearna|67/100 brn|[from] brn
|upkeep
|turn|35
|
|t:|1606052568
|move|p1a: Magearna|Draining Kiss|p2a: Quagsire
|-damage|p2a: Quagsire|65/100
|-heal|p1a: Magearna|76/100 brn|[from] drain|[of] p2a: Quagsire
|move|p2a: Quagsire|Scald|p1a: Magearna
|-crit|p1a: Magearna
|-damage|p1a: Magearna|64/100 brn
|
|-damage|p1a: Magearna|58/100 brn|[from] brn
|upkeep
|turn|36
|
|t:|1606052571
|move|p1a: Magearna|Draining Kiss|p2a: Quagsire
|-damage|p2a: Quagsire|55/100
|-heal|p1a: Magearna|66/100 brn|[from] drain|[of] p2a: Quagsire
|move|p2a: Quagsire|Recover|p2a: Quagsire
|-heal|p2a: Quagsire|100/100
|
|-damage|p1a: Magearna|59/100 brn|[from] brn
|upkeep
|turn|37
|
|t:|1606052577
|switch|p2a: Mantyke|Mantyke, M|31/100
|move|p1a: Magearna|Draining Kiss|p2a: Mantyke
|-damage|p2a: Mantyke|20/100
|-heal|p1a: Magearna|67/100 brn|[from] drain|[of] p2a: Mantyke
|
|-damage|p1a: Magearna|61/100 brn|[from] brn
|upkeep
|turn|38
|
|t:|1606052582
|move|p1a: Magearna|Volt Switch|p2a: Mantyke
|-supereffective|p2a: Mantyke
|-damage|p2a: Mantyke|0 fnt
|faint|p2a: Mantyke
|-ability|p1a: Magearna|Soul-Heart|boost
|-boost|p1a: Magearna|spa|1
|
|t:|1606052588
|switch|p1a: Diggersby|Diggersby, M|100/100|[from]move: Volt Switch
|
|upkeep
|
|t:|1606052607
|switch|p2a: Mienshao|Mienshao, F|67/100
|turn|39
|
|t:|1606052612
|switch|p1a: Kommo-o|Kommo-o, F|52/100
|move|p2a: Mienshao|Power-Up Punch|p1a: Kommo-o
|-damage|p1a: Kommo-o|40/100
|-boost|p2a: Mienshao|atk|1
|
|upkeep
|turn|40
|
|t:|1606052622
|move|p2a: Mienshao|U-turn|p1a: Kommo-o
|-resisted|p1a: Kommo-o
|-damage|p1a: Kommo-o|29/100
|
|t:|1606052624
|switch|p2a: Xatu|Xatu, F|100/100|[from]move: U-turn
|move|p1a: Kommo-o|Dragon Tail|p2a: Xatu
|-damage|p2a: Xatu|71/100
|drag|p2a: Bronzong|Bronzong|81/100
|
|upkeep
|turn|41
|
|t:|1606052629
|switch|p2a: Xatu|Xatu, F|71/100
|move|p1a: Kommo-o|Stealth Rock|p2a: Xatu
|move|p2a: Xatu|Stealth Rock|p1a: Kommo-o|[from]ability: Magic Bounce
|-sidestart|p1: UnLucky Luoro|move: Stealth Rock
|
|-heal|p2a: Xatu|77/100|[from] item: Leftovers
|upkeep
|turn|42
|
|t:|1606052632
|move|p2a: Xatu|Stored Power|p1a: Kommo-o
|-supereffective|p1a: Kommo-o
|-damage|p1a: Kommo-o|16/100
|move|p1a: Kommo-o|Dragon Tail|p2a: Xatu
|-damage|p2a: Xatu|47/100
|drag|p2a: Mienshao|Mienshao, F|99/100
|
|upkeep
|turn|43
|
|t:|1606052644
|move|p2a: Mienshao|Fake Out|p1a: Kommo-o
|-damage|p1a: Kommo-o|8/100
|cant|p1a: Kommo-o|flinch
|
|upkeep
|turn|44
|
|t:|1606052655
|move|p2a: Mienshao|Power-Up Punch|p1a: Kommo-o
|-damage|p1a: Kommo-o|0 fnt
|-boost|p2a: Mienshao|atk|1
|faint|p1a: Kommo-o
|
|upkeep
|
|t:|1606052659
|switch|p1a: Diggersby|Diggersby, M|100/100
|-damage|p1a: Diggersby|94/100|[from] Stealth Rock
|turn|45
|
|t:|1606052663
|move|p1a: Diggersby|Earthquake|p2a: Mienshao
|-crit|p2a: Mienshao
|-damage|p2a: Mienshao|0 fnt
|faint|p2a: Mienshao
|
|upkeep
|
|t:|1606052665
|switch|p2a: Quagsire|Quagsire, M|100/100
|turn|46
|
|t:|1606052669
|switch|p1a: Tornadus|Tornadus-Therian, M|50/100 brn
|move|p2a: Quagsire|Stockpile|p2a: Quagsire
|-start|p2a: Quagsire|stockpile1
|-boost|p2a: Quagsire|def|1
|-boost|p2a: Quagsire|spd|1
|
|-damage|p1a: Tornadus|44/100 brn|[from] brn
|upkeep
|turn|47
|
|t:|1606052673
|move|p1a: Tornadus|Defog|p2a: Quagsire
|-unboost|p2a: Quagsire|evasion|1
|-sideend|p1: UnLucky Luoro|Stealth Rock|[from] move: Defog|[of] p1a: Tornadus
|move|p2a: Quagsire|Stockpile|p2a: Quagsire
|-start|p2a: Quagsire|stockpile2
|-boost|p2a: Quagsire|def|1
|-boost|p2a: Quagsire|spd|1
|
|-damage|p1a: Tornadus|38/100 brn|[from] brn
|upkeep
|turn|48
|
|t:|1606052677
|move|p1a: Tornadus|Hurricane|p2a: Quagsire
|-damage|p2a: Quagsire|77/100
|-start|p2a: Quagsire|confusion
|-activate|p2a: Quagsire|confusion
|move|p2a: Quagsire|Stockpile|p2a: Quagsire
|-start|p2a: Quagsire|stockpile3
|-boost|p2a: Quagsire|def|1
|-boost|p2a: Quagsire|spd|1
|
|-damage|p1a: Tornadus|32/100 brn|[from] brn
|upkeep
|turn|49
|
|t:|1606052683
|move|p1a: Tornadus|U-turn|p2a: Quagsire
|-damage|p2a: Quagsire|75/100
|
|t:|1606052685
|switch|p1a: Magearna|Magearna|61/100 brn|[from]move: U-turn
|-activate|p2a: Quagsire|confusion
|move|p2a: Quagsire|Rest|p2a: Quagsire
|-status|p2a: Quagsire|slp|[from] move: Rest
|-heal|p2a: Quagsire|100/100 slp|[silent]
|
|-damage|p1a: Magearna|54/100 brn|[from] brn
|upkeep
|turn|50
|
|t:|1606052693
|move|p1a: Magearna|Draining Kiss|p2a: Quagsire
|-damage|p2a: Quagsire|89/100 slp
|-heal|p1a: Magearna|64/100 brn|[from] drain|[of] p2a: Quagsire
|cant|p2a: Quagsire|slp
|
|-damage|p1a: Magearna|58/100 brn|[from] brn
|upkeep
|turn|51
|
|t:|1606052708
|move|p1a: Magearna|Draining Kiss|p2a: Quagsire
|-damage|p2a: Quagsire|78/100 slp
|-heal|p1a: Magearna|67/100 brn|[from] drain|[of] p2a: Quagsire
|cant|p2a: Quagsire|slp
|
|-damage|p1a: Magearna|61/100 brn|[from] brn
|upkeep
|turn|52
|
|t:|1606052711
|move|p1a: Magearna|Draining Kiss|p2a: Quagsire
|-damage|p2a: Quagsire|66/100 slp
|-heal|p1a: Magearna|70/100 brn|[from] drain|[of] p2a: Quagsire
|-curestatus|p2a: Quagsire|slp|[msg]
|-end|p2a: Quagsire|confusion
|move|p2a: Quagsire|Rest|p2a: Quagsire
|-status|p2a: Quagsire|slp|[from] move: Rest
|-heal|p2a: Quagsire|100/100 slp|[silent]
|
|-damage|p1a: Magearna|64/100 brn|[from] brn
|upkeep
|turn|53
|
|t:|1606052714
|move|p1a: Magearna|Draining Kiss|p2a: Quagsire
|-damage|p2a: Quagsire|91/100 slp
|-heal|p1a: Magearna|72/100 brn|[from] drain|[of] p2a: Quagsire
|cant|p2a: Quagsire|slp
|
|-damage|p1a: Magearna|66/100 brn|[from] brn
|upkeep
|turn|54
|inactive|Tirkys has 120 seconds left.
|
|t:|1606052762
|switch|p1a: Diggersby|Diggersby, M|94/100
|cant|p2a: Quagsire|slp
|
|upkeep
|turn|55
|
|t:|1606052774
|switch|p1a: Tornadus|Tornadus-Therian, M|65/100 brn
|-curestatus|p2a: Quagsire|slp|[msg]
|move|p2a: Quagsire|Scald|p1a: Tornadus
|-damage|p1a: Tornadus|45/100 brn
|
|-damage|p1a: Tornadus|39/100 brn|[from] brn
|upkeep
|turn|56
|inactive|Tirkys has 120 seconds left.
|
|t:|1606052781
|move|p1a: Tornadus|U-turn|p2a: Quagsire
|-damage|p2a: Quagsire|89/100
|l|☆UnLucky Luoro
|inactive|UnLucky Luoro disconnected and has a minute to reconnect!
|player|p1|
|j|☆UnLucky Luoro
|inactive|UnLucky Luoro reconnected and has 130 seconds left.
|player|p1|UnLucky Luoro|ryuki
|inactive|UnLucky Luoro has 120 seconds left.
|
|t:|1606052825
|switch|p1a: Magearna|Magearna|66/100 brn|[from]move: U-turn
|move|p2a: Quagsire|Scald|p1a: Magearna
|-damage|p1a: Magearna|57/100 brn
|
|-damage|p1a: Magearna|51/100 brn|[from] brn
|upkeep
|turn|57
|
|t:|1606052833
|move|p1a: Magearna|Draining Kiss|p2a: Quagsire
|-damage|p2a: Quagsire|77/100
|-heal|p1a: Magearna|60/100 brn|[from] drain|[of] p2a: Quagsire
|move|p2a: Quagsire|Rest|p2a: Quagsire
|-status|p2a: Quagsire|slp|[from] move: Rest
|-heal|p2a: Quagsire|100/100 slp|[silent]
|
|-damage|p1a: Magearna|54/100 brn|[from] brn
|upkeep
|turn|58
|
|t:|1606052839
|switch|p1a: Diggersby|Diggersby, M|94/100
|cant|p2a: Quagsire|slp
|
|upkeep
|turn|59
|
|t:|1606052849
|move|p1a: Diggersby|Earthquake|p2a: Quagsire
|-damage|p2a: Quagsire|82/100 slp
|cant|p2a: Quagsire|slp
|
|upkeep
|turn|60
|
|t:|1606052855
|switch|p1a: Tornadus|Tornadus-Therian, M|72/100 brn
|-curestatus|p2a: Quagsire|slp|[msg]
|move|p2a: Quagsire|Recover|p2a: Quagsire
|-heal|p2a: Quagsire|100/100
|
|-damage|p1a: Tornadus|66/100 brn|[from] brn
|upkeep
|turn|61
|
|t:|1606052862
|move|p1a: Tornadus|U-turn|p2a: Quagsire
|-damage|p2a: Quagsire|98/100
|
|t:|1606052866
|switch|p1a: Magearna|Magearna|54/100 brn|[from]move: U-turn
|move|p2a: Quagsire|Stockpile||[still]
|-fail|p2a: Quagsire
|
|-damage|p1a: Magearna|48/100 brn|[from] brn
|upkeep
|turn|62
|
|t:|1606052873
|move|p1a: Magearna|Ice Beam|p2a: Quagsire
|-damage|p2a: Quagsire|86/100
|move|p2a: Quagsire|Rest|p2a: Quagsire
|-status|p2a: Quagsire|slp|[from] move: Rest
|-heal|p2a: Quagsire|100/100 slp|[silent]
|
|-damage|p1a: Magearna|42/100 brn|[from] brn
|upkeep
|turn|63
|
|t:|1606052889
|switch|p1a: Diggersby|Diggersby, M|94/100
|cant|p2a: Quagsire|slp
|
|upkeep
|turn|64
|
|t:|1606052896
|move|p1a: Diggersby|Earthquake|p2a: Quagsire
|-damage|p2a: Quagsire|83/100 slp
|cant|p2a: Quagsire|slp
|
|upkeep
|turn|65
|
|t:|1606052901
|switch|p1a: Tornadus|Tornadus-Therian, M|99/100 brn
|-curestatus|p2a: Quagsire|slp|[msg]
|move|p2a: Quagsire|Stockpile||[still]
|-fail|p2a: Quagsire
|
|-damage|p1a: Tornadus|93/100 brn|[from] brn
|upkeep
|turn|66
|
|t:|1606052907
|move|p1a: Tornadus|U-turn|p2a: Quagsire
|-damage|p2a: Quagsire|81/100
|
|t:|1606052910
|switch|p1a: Magearna|Magearna|42/100 brn|[from]move: U-turn
|move|p2a: Quagsire|Scald|p1a: Magearna
|-damage|p1a: Magearna|33/100 brn
|
|-damage|p1a: Magearna|27/100 brn|[from] brn
|upkeep
|turn|67
|inactive|Tirkys has 120 seconds left.
|
|t:|1606052952
|move|p1a: Magearna|Draining Kiss|p2a: Quagsire
|-damage|p2a: Quagsire|70/100
|-heal|p1a: Magearna|36/100 brn|[from] drain|[of] p2a: Quagsire
|move|p2a: Quagsire|Scald|p1a: Magearna
|-damage|p1a: Magearna|27/100 brn
|
|-damage|p1a: Magearna|21/100 brn|[from] brn
|upkeep
|turn|68
|
|t:|1606052959
|move|p1a: Magearna|Draining Kiss|p2a: Quagsire
|-damage|p2a: Quagsire|58/100
|-heal|p1a: Magearna|30/100 brn|[from] drain|[of] p2a: Quagsire
|move|p2a: Quagsire|Scald|p1a: Magearna
|-damage|p1a: Magearna|21/100 brn
|
|-damage|p1a: Magearna|15/100 brn|[from] brn
|upkeep
|turn|69
|
|t:|1606052964
|move|p1a: Magearna|Draining Kiss|p2a: Quagsire
|-damage|p2a: Quagsire|48/100
|-heal|p1a: Magearna|23/100 brn|[from] drain|[of] p2a: Quagsire
|move|p2a: Quagsire|Recover|p2a: Quagsire
|-heal|p2a: Quagsire|98/100
|
|-damage|p1a: Magearna|17/100 brn|[from] brn
|upkeep
|turn|70
|
|t:|1606052975
|move|p1a: Magearna|Ice Beam|p2a: Quagsire
|-damage|p2a: Quagsire|87/100
|move|p2a: Quagsire|Rest|p2a: Quagsire
|-status|p2a: Quagsire|slp|[from] move: Rest
|-heal|p2a: Quagsire|100/100 slp|[silent]
|
|-damage|p1a: Magearna|11/100 brn|[from] brn
|upkeep
|turn|71
|
|t:|1606052995
|switch|p1a: Diggersby|Diggersby, M|94/100
|cant|p2a: Quagsire|slp
|
|upkeep
|turn|72
|
|t:|1606053003
|move|p1a: Diggersby|Earthquake|p2a: Quagsire
|-damage|p2a: Quagsire|83/100 slp
|cant|p2a: Quagsire|slp
|
|upkeep
|turn|73
|
|t:|1606053007
|switch|p1a: Tornadus|Tornadus-Therian, M|100/100 brn
|-curestatus|p2a: Quagsire|slp|[msg]
|move|p2a: Quagsire|Stockpile||[still]
|-fail|p2a: Quagsire
|
|-damage|p1a: Tornadus|94/100 brn|[from] brn
|upkeep
|turn|74
|
|t:|1606053015
|switch|p2a: Bronzong|Bronzong|81/100
|move|p1a: Tornadus|Hurricane|p2a: Bronzong
|-resisted|p2a: Bronzong
|-damage|p2a: Bronzong|68/100
|-start|p2a: Bronzong|confusion
|
|-damage|p1a: Tornadus|88/100 brn|[from] brn
|upkeep
|turn|75
|
|t:|1606053019
|move|p1a: Tornadus|Heat Wave|p2a: Bronzong
|-supereffective|p2a: Bronzong
|-damage|p2a: Bronzong|52/100
|-activate|p2a: Bronzong|confusion
|move|p2a: Bronzong|Stealth Rock|p1a: Tornadus
|-sidestart|p1: UnLucky Luoro|move: Stealth Rock
|
|-damage|p1a: Tornadus|82/100 brn|[from] brn
|upkeep
|turn|76
|
|t:|1606053036
|move|p1a: Tornadus|Defog|p2a: Bronzong
|-unboost|p2a: Bronzong|evasion|1
|-sideend|p1: UnLucky Luoro|Stealth Rock|[from] move: Defog|[of] p1a: Tornadus
|-end|p2a: Bronzong|confusion
|move|p2a: Bronzong|Light Screen|p2a: Bronzong
|-sidestart|p2: Tirkys|move: Light Screen
|
|-damage|p1a: Tornadus|76/100 brn|[from] brn
|upkeep
|turn|77
|
|t:|1606053040
|move|p1a: Tornadus|Defog|p2a: Bronzong
|-unboost|p2a: Bronzong|evasion|1
|-sideend|p2: Tirkys|move: Light Screen
|move|p2a: Bronzong|Stealth Rock|p1a: Tornadus
|-sidestart|p1: UnLucky Luoro|move: Stealth Rock
|
|-damage|p1a: Tornadus|70/100 brn|[from] brn
|upkeep
|turn|78
|
|t:|1606053044
|switch|p1a: Lycanroc|Lycanroc-Dusk, F|100/100
|-damage|p1a: Lycanroc|88/100|[from] Stealth Rock
|move|p2a: Bronzong|Stealth Rock||[still]
|-fail|p2a: Bronzong
|
|upkeep
|turn|79
|
|t:|1606053050
|switch|p2a: Quagsire|Quagsire, M|83/100
|move|p1a: Lycanroc|Crunch|p2a: Quagsire
|-damage|p2a: Quagsire|47/100
|
|upkeep
|turn|80
|
|t:|1606053055
|switch|p1a: Tornadus|Tornadus-Therian, M|100/100 brn
|move|p2a: Quagsire|Recover|p2a: Quagsire
|-heal|p2a: Quagsire|97/100
|
|-damage|p1a: Tornadus|94/100 brn|[from] brn
|upkeep
|turn|81
|
|t:|1606053059
|switch|p2a: Bronzong|Bronzong|52/100
|move|p1a: Tornadus|Defog|p2a: Bronzong
|-unboost|p2a: Bronzong|evasion|1
|-sideend|p1: UnLucky Luoro|Stealth Rock|[from] move: Defog|[of] p1a: Tornadus
|
|-damage|p1a: Tornadus|88/100 brn|[from] brn
|upkeep
|turn|82
|
|t:|1606053061
|move|p1a: Tornadus|U-turn|p2a: Bronzong
|-damage|p2a: Bronzong|46/100
|
|t:|1606053065
|switch|p1a: Golisopod|Golisopod, F|67/100|[from]move: U-turn
|move|p2a: Bronzong|Stealth Rock|p1a: Golisopod
|-sidestart|p1: UnLucky Luoro|move: Stealth Rock
|
|upkeep
|turn|83
|
|t:|1606053070
|switch|p2a: Quagsire|Quagsire, M|97/100
|move|p1a: Golisopod|Liquidation|p2a: Quagsire
|-damage|p2a: Quagsire|62/100
|
|upkeep
|turn|84
|
|t:|1606053074
|move|p1a: Golisopod|Liquidation|p2a: Quagsire
|-damage|p2a: Quagsire|31/100
|move|p2a: Quagsire|Recover|p2a: Quagsire
|-heal|p2a: Quagsire|81/100
|
|upkeep
|turn|85
|
|t:|1606053078
|move|p1a: Golisopod|Liquidation|p2a: Quagsire
|-damage|p2a: Quagsire|51/100
|-unboost|p2a: Quagsire|def|1
|move|p2a: Quagsire|Stockpile|p2a: Quagsire
|-start|p2a: Quagsire|stockpile1
|-boost|p2a: Quagsire|def|1
|-boost|p2a: Quagsire|spd|1
|
|upkeep
|turn|86
|
|t:|1606053103
|move|p1a: Golisopod|Liquidation|p2a: Quagsire
|-damage|p2a: Quagsire|15/100
|move|p2a: Quagsire|Recover|p2a: Quagsire
|-heal|p2a: Quagsire|65/100
|
|upkeep
|turn|87
|
|t:|1606053112
|move|p1a: Golisopod|Leech Life|p2a: Quagsire
|-damage|p2a: Quagsire|33/100
|-heal|p1a: Golisopod|86/100|[from] drain|[of] p2a: Quagsire
|move|p2a: Quagsire|Recover|p2a: Quagsire
|-heal|p2a: Quagsire|83/100
|
|upkeep
|turn|88
|
|t:|1606053117
|move|p1a: Golisopod|Leech Life|p2a: Quagsire
|-damage|p2a: Quagsire|54/100
|-heal|p1a: Golisopod|100/100|[from] drain|[of] p2a: Quagsire
|move|p2a: Quagsire|Stockpile|p2a: Quagsire
|-start|p2a: Quagsire|stockpile2
|-boost|p2a: Quagsire|def|1
|-boost|p2a: Quagsire|spd|1
|
|upkeep
|turn|89
|inactive|Tirkys has 120 seconds left.
|
|t:|1606053144
|move|p1a: Golisopod|Liquidation|p2a: Quagsire
|-damage|p2a: Quagsire|33/100
|move|p2a: Quagsire|Recover|p2a: Quagsire
|-heal|p2a: Quagsire|83/100
|
|upkeep
|turn|90
|
|t:|1606053151
|move|p1a: Golisopod|Leech Life|p2a: Quagsire
|-damage|p2a: Quagsire|64/100
|move|p2a: Quagsire|Stockpile|p2a: Quagsire
|-start|p2a: Quagsire|stockpile3
|-boost|p2a: Quagsire|def|1
|-boost|p2a: Quagsire|spd|1
|
|upkeep
|turn|91
|
|t:|1606053154
|move|p1a: Golisopod|Liquidation|p2a: Quagsire
|-damage|p2a: Quagsire|47/100
|move|p2a: Quagsire|Recover|p2a: Quagsire
|-heal|p2a: Quagsire|97/100
|
|upkeep
|turn|92
|
|t:|1606053159
|move|p1a: Golisopod|Liquidation|p2a: Quagsire
|-damage|p2a: Quagsire|80/100
|-unboost|p2a: Quagsire|def|1
|move|p2a: Quagsire|Rest|p2a: Quagsire
|-status|p2a: Quagsire|slp|[from] move: Rest
|-heal|p2a: Quagsire|100/100 slp|[silent]
|
|upkeep
|turn|93
|
|t:|1606053163
|switch|p1a: Diggersby|Diggersby, M|94/100
|-damage|p1a: Diggersby|88/100|[from] Stealth Rock
|cant|p2a: Quagsire|slp
|
|upkeep
|turn|94
|
|t:|1606053167
|move|p1a: Diggersby|Earthquake|p2a: Quagsire
|-damage|p2a: Quagsire|73/100 slp
|cant|p2a: Quagsire|slp
|
|upkeep
|turn|95
|
|t:|1606053174
|switch|p1a: Tornadus|Tornadus-Therian, M|100/100 brn
|-curestatus|p2a: Quagsire|slp|[msg]
|move|p2a: Quagsire|Rest|p2a: Quagsire
|-status|p2a: Quagsire|slp|[from] move: Rest
|-heal|p2a: Quagsire|100/100 slp|[silent]
|
|-damage|p1a: Tornadus|94/100 brn|[from] brn
|upkeep
|turn|96
|
|t:|1606053179
|move|p1a: Tornadus|Defog|p2a: Quagsire
|-unboost|p2a: Quagsire|evasion|1
|-sideend|p1: UnLucky Luoro|Stealth Rock|[from] move: Defog|[of] p1a: Tornadus
|cant|p2a: Quagsire|slp
|
|-damage|p1a: Tornadus|88/100 brn|[from] brn
|upkeep
|turn|97
|
|t:|1606053183
|move|p1a: Tornadus|U-turn|p2a: Quagsire
|-damage|p2a: Quagsire|97/100 slp
|
|t:|1606053186
|switch|p1a: Diggersby|Diggersby, M|88/100|[from]move: U-turn
|cant|p2a: Quagsire|slp
|
|upkeep
|turn|98
|
|t:|1606053190
|move|p1a: Diggersby|U-turn|p2a: Quagsire
|-damage|p2a: Quagsire|83/100 slp
|
|t:|1606053192
|switch|p1a: Tornadus|Tornadus-Therian, M|100/100 brn|[from]move: U-turn
|-curestatus|p2a: Quagsire|slp|[msg]
|move|p2a: Quagsire|Stockpile||[still]
|-fail|p2a: Quagsire
|
|-damage|p1a: Tornadus|94/100 brn|[from] brn
|upkeep
|turn|99
|inactive|UnLucky Luoro has 120 seconds left.
|
|t:|1606053228
|switch|p2a: Bronzong|Bronzong|46/100
|move|p1a: Tornadus|Hurricane|p2a: Bronzong
|-resisted|p2a: Bronzong
|-damage|p2a: Bronzong|32/100
|
|-damage|p1a: Tornadus|88/100 brn|[from] brn
|upkeep
|turn|100
|
|t:|1606053238
|move|p1a: Tornadus|U-turn|p2a: Bronzong
|-crit|p2a: Bronzong
|-damage|p2a: Bronzong|23/100
|
|t:|1606053243
|switch|p1a: Lycanroc|Lycanroc-Dusk, F|88/100|[from]move: U-turn
|move|p2a: Bronzong|Stealth Rock|p1a: Lycanroc
|-sidestart|p1: UnLucky Luoro|move: Stealth Rock
|
|upkeep
|turn|101
|
|t:|1606053247
|switch|p2a: Quagsire|Quagsire, M|83/100
|move|p1a: Lycanroc|Crunch|p2a: Quagsire
|-damage|p2a: Quagsire|47/100
|
|upkeep
|turn|102
|
|t:|1606053254
|move|p1a: Lycanroc|Crunch|p2a: Quagsire
|-damage|p2a: Quagsire|14/100
|move|p2a: Quagsire|Recover|p2a: Quagsire
|-heal|p2a: Quagsire|64/100
|
|upkeep
|turn|103
|
|t:|1606053259
|switch|p1a: Magearna|Magearna|11/100 brn
|-damage|p1a: Magearna|5/100 brn|[from] Stealth Rock
|move|p2a: Quagsire|Recover|p2a: Quagsire
|-heal|p2a: Quagsire|100/100
|
|-damage|p1a: Magearna|0 fnt|[from] brn
|faint|p1a: Magearna
|upkeep
|
|t:|1606053264
|switch|p1a: Tornadus|Tornadus-Therian, M|100/100 brn
|turn|104
|
|t:|1606053270
|switch|p2a: Bronzong|Bronzong|23/100
|move|p1a: Tornadus|Defog|p2a: Bronzong
|-unboost|p2a: Bronzong|evasion|1
|-sideend|p1: UnLucky Luoro|Stealth Rock|[from] move: Defog|[of] p1a: Tornadus
|
|-damage|p1a: Tornadus|94/100 brn|[from] brn
|upkeep
|turn|105
|
|t:|1606053274
|move|p1a: Tornadus|Heat Wave|p2a: Bronzong
|-supereffective|p2a: Bronzong
|-damage|p2a: Bronzong|7/100
|move|p2a: Bronzong|Rest|p2a: Bronzong
|-status|p2a: Bronzong|slp|[from] move: Rest
|-heal|p2a: Bronzong|100/100 slp|[silent]
|
|-damage|p1a: Tornadus|88/100 brn|[from] brn
|upkeep
|turn|106
|
|t:|1606053279
|move|p1a: Tornadus|U-turn|p2a: Bronzong
|-damage|p2a: Bronzong|94/100 slp
|
|t:|1606053281
|switch|p1a: Lycanroc|Lycanroc-Dusk, F|88/100|[from]move: U-turn
|cant|p2a: Bronzong|slp
|
|upkeep
|turn|107
|
|t:|1606053284
|switch|p2a: Quagsire|Quagsire, M|100/100
|move|p1a: Lycanroc|Crunch|p2a: Quagsire
|-damage|p2a: Quagsire|64/100
|-unboost|p2a: Quagsire|def|1
|
|upkeep
|turn|108
|
|t:|1606053290
|switch|p2a: Xatu|Xatu, F|47/100
|move|p1a: Lycanroc|Crunch|p2a: Xatu
|-supereffective|p2a: Xatu
|-damage|p2a: Xatu|0 fnt
|faint|p2a: Xatu
|
|upkeep
|
|t:|1606053293
|switch|p2a: Quagsire|Quagsire, M|64/100
|turn|109
|
|t:|1606053296
|switch|p1a: Tornadus|Tornadus-Therian, M|100/100 brn
|move|p2a: Quagsire|Recover|p2a: Quagsire
|-heal|p2a: Quagsire|100/100
|
|-damage|p1a: Tornadus|94/100 brn|[from] brn
|upkeep
|turn|110
|
|t:|1606053304
|move|p1a: Tornadus|Defog|p2a: Quagsire
|-unboost|p2a: Quagsire|evasion|1
|move|p2a: Quagsire|Stockpile|p2a: Quagsire
|-start|p2a: Quagsire|stockpile1
|-boost|p2a: Quagsire|def|1
|-boost|p2a: Quagsire|spd|1
|
|-damage|p1a: Tornadus|88/100 brn|[from] brn
|upkeep
|turn|111
|
|t:|1606053308
|move|p1a: Tornadus|Defog|p2a: Quagsire
|-unboost|p2a: Quagsire|evasion|1
|move|p2a: Quagsire|Stockpile|p2a: Quagsire
|-start|p2a: Quagsire|stockpile2
|-boost|p2a: Quagsire|def|1
|-boost|p2a: Quagsire|spd|1
|
|-damage|p1a: Tornadus|82/100 brn|[from] brn
|upkeep
|turn|112
|
|t:|1606053313
|move|p1a: Tornadus|Hurricane|p2a: Quagsire
|-damage|p2a: Quagsire|75/100
|-start|p2a: Quagsire|confusion
|-activate|p2a: Quagsire|confusion
|-damage|p2a: Quagsire|73/100|[from] confusion
|
|-damage|p1a: Tornadus|76/100 brn|[from] brn
|upkeep
|turn|113
|
|t:|1606053321
|move|p1a: Tornadus|Hurricane|p2a: Quagsire
|-damage|p2a: Quagsire|46/100
|-end|p2a: Quagsire|confusion
|move|p2a: Quagsire|Rest|p2a: Quagsire
|-status|p2a: Quagsire|slp|[from] move: Rest
|-heal|p2a: Quagsire|100/100 slp|[silent]
|
|-damage|p1a: Tornadus|70/100 brn|[from] brn
|upkeep
|turn|114
|
|t:|1606053329
|switch|p1a: Diggersby|Diggersby, M|88/100
|cant|p2a: Quagsire|slp
|
|upkeep
|turn|115
|
|t:|1606053332
|move|p1a: Diggersby|Earthquake|p2a: Quagsire
|-damage|p2a: Quagsire|78/100 slp
|cant|p2a: Quagsire|slp
|
|upkeep
|turn|116
|
|t:|1606053341
|switch|p1a: Tornadus|Tornadus-Therian, M|100/100 brn
|-curestatus|p2a: Quagsire|slp|[msg]
|move|p2a: Quagsire|Recover|p2a: Quagsire
|-heal|p2a: Quagsire|100/100
|
|-damage|p1a: Tornadus|94/100 brn|[from] brn
|upkeep
|turn|117
|
|t:|1606053349
|move|p1a: Tornadus|U-turn|p2a: Quagsire
|-damage|p2a: Quagsire|98/100
|
|t:|1606053352
|switch|p1a: Golisopod|Golisopod, F|100/100|[from]move: U-turn
|move|p2a: Quagsire|Stockpile|p2a: Quagsire
|-start|p2a: Quagsire|stockpile3
|-boost|p2a: Quagsire|def|1
|-boost|p2a: Quagsire|spd|1
|
|upkeep
|turn|118
|
|t:|1606053357
|move|p1a: Golisopod|First Impression|p2a: Quagsire
|-damage|p2a: Quagsire|83/100
|move|p2a: Quagsire|Rest|p2a: Quagsire
|-status|p2a: Quagsire|slp|[from] move: Rest
|-heal|p2a: Quagsire|100/100 slp|[silent]
|
|upkeep
|turn|119
|
|t:|1606053361
|switch|p1a: Diggersby|Diggersby, M|88/100
|cant|p2a: Quagsire|slp
|
|upkeep
|turn|120
|
|t:|1606053363
|move|p1a: Diggersby|Earthquake|p2a: Quagsire
|-damage|p2a: Quagsire|83/100 slp
|cant|p2a: Quagsire|slp
|
|upkeep
|turn|121
|
|t:|1606053367
|switch|p1a: Tornadus|Tornadus-Therian, M|100/100 brn
|-curestatus|p2a: Quagsire|slp|[msg]
|move|p2a: Quagsire|Rest|p2a: Quagsire
|-status|p2a: Quagsire|slp|[from] move: Rest
|-heal|p2a: Quagsire|100/100 slp|[silent]
|
|-damage|p1a: Tornadus|94/100 brn|[from] brn
|upkeep
|turn|122
|
|t:|1606053370
|move|p1a: Tornadus|U-turn|p2a: Quagsire
|-damage|p2a: Quagsire|98/100 slp
|
|t:|1606053385
|switch|p1a: Diggersby|Diggersby, M|88/100|[from]move: U-turn
|cant|p2a: Quagsire|slp
|
|upkeep
|turn|123
|
|t:|1606053389
|move|p1a: Diggersby|Earthquake|p2a: Quagsire
|-damage|p2a: Quagsire|79/100 slp
|cant|p2a: Quagsire|slp
|
|upkeep
|turn|124
|
|t:|1606053392
|move|p1a: Diggersby|Earthquake|p2a: Quagsire
|-damage|p2a: Quagsire|63/100 slp
|-curestatus|p2a: Quagsire|slp|[msg]
|move|p2a: Quagsire|Rest|p2a: Quagsire
|-status|p2a: Quagsire|slp|[from] move: Rest
|-heal|p2a: Quagsire|100/100 slp|[silent]
|
|upkeep
|turn|125
|
|t:|1606053401
|switch|p1a: Golisopod|Golisopod, F|100/100
|cant|p2a: Quagsire|slp
|
|upkeep
|turn|126
|
|t:|1606053404
|move|p1a: Golisopod|Liquidation|p2a: Quagsire
|-damage|p2a: Quagsire|88/100 slp
|cant|p2a: Quagsire|slp
|
|upkeep
|turn|127
|
|t:|1606053412
|move|p1a: Golisopod|Knock Off|p2a: Quagsire
|-damage|p2a: Quagsire|80/100 slp
|-curestatus|p2a: Quagsire|slp|[msg]
|move|p2a: Quagsire|Rest|p2a: Quagsire
|-status|p2a: Quagsire|slp|[from] move: Rest
|-heal|p2a: Quagsire|100/100 slp|[silent]
|
|upkeep
|turn|128
|
|t:|1606053415
|move|p1a: Golisopod|Knock Off|p2a: Quagsire
|-damage|p2a: Quagsire|93/100 slp
|cant|p2a: Quagsire|slp
|
|upkeep
|turn|129
|
|t:|1606053418
|move|p1a: Golisopod|Knock Off|p2a: Quagsire
|-damage|p2a: Quagsire|87/100 slp
|cant|p2a: Quagsire|slp
|
|upkeep
|turn|130
|
|t:|1606053422
|move|p1a: Golisopod|Knock Off|p2a: Quagsire
|-damage|p2a: Quagsire|79/100 slp
|-curestatus|p2a: Quagsire|slp|[msg]
|move|p2a: Quagsire|Rest|p2a: Quagsire
|-status|p2a: Quagsire|slp|[from] move: Rest
|-heal|p2a: Quagsire|100/100 slp|[silent]
|
|upkeep
|turn|131
|
|t:|1606053427
|move|p1a: Golisopod|First Impression||[still]
|-fail|p1a: Golisopod
|-hint|First Impression only works on your first turn out.
|cant|p2a: Quagsire|slp
|
|upkeep
|turn|132
|
|t:|1606053433
|move|p1a: Golisopod|Knock Off|p2a: Quagsire
|-damage|p2a: Quagsire|94/100 slp
|cant|p2a: Quagsire|slp
|
|upkeep
|turn|133
|
|t:|1606053441
|move|p1a: Golisopod|Liquidation|p2a: Quagsire
|-damage|p2a: Quagsire|80/100 slp
|-curestatus|p2a: Quagsire|slp|[msg]
|move|p2a: Quagsire|Stockpile||[still]
|-fail|p2a: Quagsire
|
|upkeep
|turn|134
|
|t:|1606053448
|move|p1a: Golisopod|Leech Life|p2a: Quagsire
|-damage|p2a: Quagsire|67/100
|move|p2a: Quagsire|Stockpile||[still]
|-fail|p2a: Quagsire
|
|upkeep
|turn|135
|
|t:|1606053451
|move|p1a: Golisopod|Leech Life|p2a: Quagsire
|-damage|p2a: Quagsire|56/100
|move|p2a: Quagsire|Stockpile||[still]
|-fail|p2a: Quagsire
|
|upkeep
|turn|136
|
|t:|1606053455
|move|p1a: Golisopod|Liquidation|p2a: Quagsire
|-damage|p2a: Quagsire|41/100
|-unboost|p2a: Quagsire|def|1
|move|p2a: Quagsire|Stockpile||[still]
|-fail|p2a: Quagsire
|
|upkeep
|turn|137
|
|t:|1606053460
|move|p1a: Golisopod|Liquidation|p2a: Quagsire
|-damage|p2a: Quagsire|25/100
|move|p2a: Quagsire|Rest|p2a: Quagsire
|-status|p2a: Quagsire|slp|[from] move: Rest
|-heal|p2a: Quagsire|100/100 slp|[silent]
|
|upkeep
|turn|138
|
|t:|1606053467
|move|p1a: Golisopod|First Impression||[still]
|-fail|p1a: Golisopod
|-hint|First Impression only works on your first turn out.
|cant|p2a: Quagsire|slp
|
|upkeep
|turn|139
|
|t:|1606053469
|move|p1a: Golisopod|First Impression||[still]
|-fail|p1a: Golisopod
|-hint|First Impression only works on your first turn out.
|cant|p2a: Quagsire|slp
|
|upkeep
|turn|140
|
|t:|1606053471
|move|p1a: Golisopod|First Impression||[still]
|-fail|p1a: Golisopod
|-hint|First Impression only works on your first turn out.
|-curestatus|p2a: Quagsire|slp|[msg]
|move|p2a: Quagsire|Stockpile||[still]
|-fail|p2a: Quagsire
|
|upkeep
|turn|141
|
|t:|1606053477
|move|p1a: Golisopod|Knock Off|p2a: Quagsire
|-damage|p2a: Quagsire|91/100
|move|p2a: Quagsire|Stockpile||[still]
|-fail|p2a: Quagsire
|
|upkeep
|turn|142
|
|t:|1606053479
|move|p1a: Golisopod|Knock Off|p2a: Quagsire
|-damage|p2a: Quagsire|83/100
|move|p2a: Quagsire|Stockpile||[still]
|-fail|p2a: Quagsire
|
|upkeep
|turn|143
|
|t:|1606053481
|move|p1a: Golisopod|Knock Off|p2a: Quagsire
|-damage|p2a: Quagsire|75/100
|move|p2a: Quagsire|Stockpile||[still]
|-fail|p2a: Quagsire
|
|upkeep
|turn|144
|
|t:|1606053485
|move|p1a: Golisopod|Knock Off|p2a: Quagsire
|-damage|p2a: Quagsire|67/100
|move|p2a: Quagsire|Stockpile||[still]
|-fail|p2a: Quagsire
|
|upkeep
|turn|145
|
|t:|1606053487
|move|p1a: Golisopod|Knock Off|p2a: Quagsire
|-damage|p2a: Quagsire|58/100
|move|p2a: Quagsire|Scald|p1a: Golisopod
|-resisted|p1a: Golisopod
|-damage|p1a: Golisopod|90/100
|-status|p1a: Golisopod|brn
|
|-damage|p1a: Golisopod|84/100 brn|[from] brn
|upkeep
|turn|146
|
|t:|1606053494
|move|p1a: Golisopod|Knock Off|p2a: Quagsire
|-damage|p2a: Quagsire|54/100
|move|p2a: Quagsire|Stockpile||[still]
|-fail|p2a: Quagsire
|
|-damage|p1a: Golisopod|78/100 brn|[from] brn
|upkeep
|turn|147
|
|t:|1606053499
|switch|p2a: Bronzong|Bronzong|94/100 slp
|move|p1a: Golisopod|Knock Off|p2a: Bronzong
|-supereffective|p2a: Bronzong
|-damage|p2a: Bronzong|64/100 slp
|-enditem|p2a: Bronzong|Toxic Orb|[from] move: Knock Off|[of] p1a: Golisopod
|
|-damage|p1a: Golisopod|71/100 brn|[from] brn
|upkeep
|turn|148
|
|t:|1606053503
|switch|p1a: Lycanroc|Lycanroc-Dusk, F|88/100
|cant|p2a: Bronzong|slp
|
|upkeep
|turn|149
|
|t:|1606053506
|switch|p2a: Quagsire|Quagsire, M|54/100
|move|p1a: Lycanroc|Crunch|p2a: Quagsire
|-damage|p2a: Quagsire|22/100
|-unboost|p2a: Quagsire|def|1
|
|upkeep
|turn|150
|
|t:|1606053510
|move|p1a: Lycanroc|Crunch|p2a: Quagsire
|-damage|p2a: Quagsire|0 fnt
|faint|p2a: Quagsire
|
|upkeep
|
|t:|1606053512
|switch|p2a: Bronzong|Bronzong|64/100 slp
|turn|151
|-message|Tirkys forfeited.
|
|win|UnLucky Luoro
|l|☆Tirkys
|raw|UnLucky Luoro's rating: 1336 &rarr; <strong>1356</strong><br />(+20 for winning)
|raw|Tirkys's rating: 1337 &rarr; <strong>1317</strong><br />(-20 for losing)
