|j|☆ty-tyui↻
|j|☆Hajra fi sebbat
|t:|1666992677
|gametype|singles
|player|p1|ty-tyui↻|surfer|1633
|player|p2|Hajra fi sebbat|266|1623
|teamsize|p1|6
|teamsize|p2|6
|gen|8
|tier|[Gen 8] OU
|rated|
|rule|Sleep Clause Mod: Limit one foe put to sleep
|rule|Species Clause: Limit one of each Pokémon
|rule|OHKO Clause: OHKO moves are banned
|rule|Evasion Items Clause: Evasion items are banned
|rule|Evasion Moves Clause: Evasion moves are banned
|rule|Endless Battle Clause: Forcing endless battles is banned
|rule|HP Percentage Mod: HP is shown in percentages
|rule|Dynamax Clause: You cannot dynamax
|clearpoke
|poke|p1|Mienshao, F|
|poke|p1|Ninetales-Alola, M|
|poke|p1|Blacephalon|
|poke|p1|Landorus-Therian, M|
|poke|p1|Corviknight, M|
|poke|p1|Rotom-Wash|
|poke|p2|Gengar, M|
|poke|p2|Zeraora|
|poke|p2|Urshifu-*, M|
|poke|p2|Corviknight, M|
|poke|p2|Tapu Lele|
|poke|p2|Dragonite, M|
|teampreview
|
|t:|1666992690
|start
|switch|p1a: Landorus|Landorus-Therian, M|100/100
|switch|p2a: STAR PLATINUM|Urshifu-Rapid-Strike, M|100/100
|-ability|p1a: Landorus|Intimidate|boost
|-unboost|p2a: STAR PLATINUM|atk|1
|turn|1
|
|t:|1666992694
|switch|p1a: Corviknight|Corviknight, M|100/100
|-ability|p1a: Corviknight|Pressure
|move|p2a: STAR PLATINUM|Surging Strikes|p1a: Corviknight
|-crit|p1a: Corviknight
|-damage|p1a: Corviknight|79/100
|-damage|p2a: STAR PLATINUM|84/100|[from] item: Rocky Helmet|[of] p1a: Corviknight
|-crit|p1a: Corviknight
|-damage|p1a: Corviknight|57/100
|-damage|p2a: STAR PLATINUM|68/100|[from] item: Rocky Helmet|[of] p1a: Corviknight
|-crit|p1a: Corviknight
|-damage|p1a: Corviknight|36/100
|-damage|p2a: STAR PLATINUM|51/100|[from] item: Rocky Helmet|[of] p1a: Corviknight
|-hitcount|p1a: Corviknight|3
|
|upkeep
|turn|2
|
|t:|1666992699
|switch|p1a: Rotom|Rotom-Wash|100/100
|move|p2a: STAR PLATINUM|Surging Strikes|p1a: Rotom
|-resisted|p1a: Rotom
|-crit|p1a: Rotom
|-damage|p1a: Rotom|86/100
|-resisted|p1a: Rotom
|-crit|p1a: Rotom
|-damage|p1a: Rotom|70/100
|-resisted|p1a: Rotom
|-crit|p1a: Rotom
|-damage|p1a: Rotom|54/100
|-hitcount|p1a: Rotom|3
|
|-heal|p1a: Rotom|60/100|[from] item: Leftovers
|upkeep
|turn|3
|
|t:|1666992704
|switch|p2a: Test|Dragonite, M|100/100
|move|p1a: Rotom|Hydro Pump|p2a: Test
|-resisted|p2a: Test
|-damage|p2a: Test|94/100
|
|-heal|p1a: Rotom|66/100|[from] item: Leftovers
|upkeep
|turn|4
|
|t:|1666992713
|switch|p2a: NOTORIOUS BIG|Tapu Lele|100/100
|-fieldstart|move: Psychic Terrain|[from] ability: Psychic Surge|[of] p2a: NOTORIOUS BIG
|move|p1a: Rotom|Thunder Wave|p2a: NOTORIOUS BIG
|-status|p2a: NOTORIOUS BIG|par
|
|-heal|p1a: Rotom|73/100|[from] item: Leftovers
|upkeep
|turn|5
|
|t:|1666992719
|cant|p2a: NOTORIOUS BIG|par
|move|p1a: Rotom|Volt Switch|p2a: NOTORIOUS BIG
|-damage|p2a: NOTORIOUS BIG|73/100 par
|
|t:|1666992721
|switch|p1a: Corviknight|Corviknight, M|36/100|[from]move: Volt Switch
|-ability|p1a: Corviknight|Pressure
|
|upkeep
|turn|6
|
|t:|1666992725
|switch|p2a: PURPLE HAZE|Gengar, M|100/100
|move|p1a: Corviknight|Roost|p1a: Corviknight
|-heal|p1a: Corviknight|86/100
|-singleturn|p1a: Corviknight|move: Roost
|
|upkeep
|turn|7
|
|t:|1666992732
|switch|p1a: Landorus|Landorus-Therian, M|100/100
|-ability|p1a: Landorus|Intimidate|boost
|-unboost|p2a: PURPLE HAZE|atk|1
|move|p2a: PURPLE HAZE|Shadow Ball|p1a: Landorus
|-damage|p1a: Landorus|53/100
|-unboost|p1a: Landorus|spd|1
|
|-heal|p1a: Landorus|59/100|[from] item: Leftovers
|upkeep
|turn|8
|
|t:|1666992744
|move|p2a: PURPLE HAZE|Shadow Ball|p1a: Landorus
|-damage|p1a: Landorus|0 fnt
|faint|p1a: Landorus
|
|-fieldend|move: Psychic Terrain
|upkeep
|
|t:|1666992746
|switch|p1a: Blacephalon|Blacephalon, shiny|100/100
|turn|9
|
|t:|1666992750
|switch|p2a: Test|Dragonite, M|94/100
|move|p1a: Blacephalon|Shadow Ball|p2a: Test
|-damage|p2a: Test|63/100
|-unboost|p2a: Test|spd|1
|
|upkeep
|turn|10
|
|t:|1666992756
|switch|p1a: Corviknight|Corviknight, M|86/100
|-ability|p1a: Corviknight|Pressure
|move|p2a: Test|Earthquake|p1a: Corviknight
|-immune|p1a: Corviknight
|
|upkeep
|turn|11
|
|t:|1666992760
|move|p2a: Test|Roost|p2a: Test
|-heal|p2a: Test|100/100
|-singleturn|p2a: Test|move: Roost
|move|p1a: Corviknight|U-turn|p2a: Test
|-damage|p2a: Test|94/100
|
|t:|1666992762
|switch|p1a: Ninetales|Ninetales-Alola, M|100/100|[from]move: U-turn
|-weather|Hail|[from] ability: Snow Warning|[of] p1a: Ninetales
|
|-weather|Hail|[upkeep]
|-damage|p2a: Test|88/100|[from] Hail
|upkeep
|turn|12
|inactive|Battle timer is ON: inactive players will automatically lose when time's up. (requested by ty-tyui↻)
|
|t:|1666992772
|move|p1a: Ninetales|Blizzard|p2a: Test
|-supereffective|p2a: Test
|-damage|p2a: Test|0 fnt
|faint|p2a: Test
|
|-weather|Hail|[upkeep]
|upkeep
|
|t:|1666992774
|switch|p2a: PURPLE HAZE|Gengar, M|100/100
|turn|13
|
|t:|1666992779
|move|p2a: PURPLE HAZE|Sludge Wave|p1a: Ninetales
|-supereffective|p1a: Ninetales
|-damage|p1a: Ninetales|0 fnt
|faint|p1a: Ninetales
|
|-weather|Hail|[upkeep]
|-damage|p2a: PURPLE HAZE|94/100|[from] Hail
|upkeep
|
|t:|1666992785
|switch|p1a: Blacephalon|Blacephalon, shiny|100/100
|turn|14
|
|t:|1666992791
|switch|p2a: NOTORIOUS BIG|Tapu Lele|73/100 par
|-fieldstart|move: Psychic Terrain|[from] ability: Psychic Surge|[of] p2a: NOTORIOUS BIG
|move|p1a: Blacephalon|Flamethrower|p2a: NOTORIOUS BIG
|-damage|p2a: NOTORIOUS BIG|18/100 par
|
|-weather|Hail|[upkeep]
|-damage|p1a: Blacephalon|94/100|[from] Hail
|-damage|p2a: NOTORIOUS BIG|12/100 par|[from] Hail
|upkeep
|turn|15
|
|t:|1666992794
|move|p1a: Blacephalon|Flamethrower|p2a: NOTORIOUS BIG
|-damage|p2a: NOTORIOUS BIG|0 fnt
|faint|p2a: NOTORIOUS BIG
|-ability|p1a: Blacephalon|Beast Boost|boost
|-boost|p1a: Blacephalon|spa|1
|
|-weather|none
|upkeep
|
|t:|1666992798
|switch|p2a: STAR PLATINUM|Urshifu-Rapid-Strike, M|51/100
|turn|16
|
|t:|1666992811
|move|p1a: Blacephalon|Flamethrower|p2a: STAR PLATINUM
|-resisted|p2a: STAR PLATINUM
|-damage|p2a: STAR PLATINUM|0 fnt
|faint|p2a: STAR PLATINUM
|-ability|p1a: Blacephalon|Beast Boost|boost
|-boost|p1a: Blacephalon|spa|1
|
|upkeep
|
|t:|1666992815
|switch|p2a: ZERAWAAARUDO|Zeraora|100/100
|turn|17
|c|☆ty-tyui↻|gg
|
|t:|1666992819
|move|p1a: Blacephalon|Flamethrower|p2a: ZERAWAAARUDO
|-damage|p2a: ZERAWAAARUDO|0 fnt
|faint|p2a: ZERAWAAARUDO
|-ability|p1a: Blacephalon|Beast Boost|boost
|-boost|p1a: Blacephalon|spa|1
|
|upkeep
|-message|Hajra fi sebbat forfeited.
|
|win|ty-tyui↻
|raw|ty-tyui↻'s rating: 1633 &rarr; <strong>1652</strong><br />(+19 for winning)
|raw|Hajra fi sebbat's rating: 1623 &rarr; <strong>1604</strong><br />(-19 for losing)
|l|☆Hajra fi sebbat
