|raw|<div class="broadcast-blue"><strong>This battle is required to be public due to a player having a name starting with 'lt91bb'.</div>
|j|☆LT91BB Dasmer
|j|☆Bloody Busybody
|t:|1659001083
|gametype|singles
|player|p1|LT91BB Dasmer|rei|1826
|player|p2|Bloody Busybody|bugcatcher|1786
|teamsize|p1|6
|teamsize|p2|6
|gen|8
|tier|[Gen 8] OU
|rated|
|rule|Sleep Clause Mod: Limit one foe put to sleep
|rule|Species Clause: Limit one of each Pokémon
|rule|OHKO Clause: OHKO moves are banned
|rule|Evasion Moves Clause: Evasion moves are banned
|rule|Endless Battle Clause: Forcing endless battles is banned
|rule|HP Percentage Mod: HP is shown in percentages
|rule|Dynamax Clause: You cannot dynamax
|clearpoke
|poke|p1|Garchomp, F|
|poke|p1|Volcarona, F|
|poke|p1|Kartana|
|poke|p1|Dragonite, F|
|poke|p1|Heatran, F|
|poke|p1|Tapu Fini|
|poke|p2|Volcanion|
|poke|p2|Corviknight, F|
|poke|p2|Mamoswine, F|
|poke|p2|Blissey, F|
|poke|p2|Rillaboom, F|
|poke|p2|Hydreigon, F|
|teampreview
|inactive|Battle timer is ON: inactive players will automatically lose when time's up. (requested by Bloody Busybody)
|j| LT91BB ironwater
|
|t:|1659001103
|start
|switch|p1a: Tapu Fini|Tapu Fini|100/100
|switch|p2a: Volcanion|Volcanion|100/100
|-fieldstart|move: Misty Terrain|[from] ability: Misty Surge|[of] p1a: Tapu Fini
|turn|1
|j| Arnaud Senju vgc
|
|t:|1659001132
|move|p1a: Tapu Fini|Moonblast|p2a: Volcanion
|-resisted|p2a: Volcanion
|-damage|p2a: Volcanion|86/100
|move|p2a: Volcanion|Sludge Wave|p1a: Tapu Fini
|-supereffective|p1a: Tapu Fini
|-damage|p1a: Tapu Fini|8/100
|
|upkeep
|turn|2
|j|+Dragonillis
|l| Arnaud Senju vgc
|
|t:|1659001155
|switch|p1a: Garchomp|Garchomp, F|100/100
|switch|p2a: Rillaboom|Rillaboom, F|100/100
|-fieldstart|move: Grassy Terrain|[from] ability: Grassy Surge|[of] p2a: Rillaboom
|
|upkeep
|turn|3
|
|t:|1659001158
|move|p1a: Garchomp|Stealth Rock|p2a: Rillaboom
|-sidestart|p2: Bloody Busybody|move: Stealth Rock
|move|p2a: Rillaboom|U-turn|p1a: Garchomp
|-damage|p1a: Garchomp|60/100
|-damage|p2a: Rillaboom|88/100|[from] ability: Rough Skin|[of] p1a: Garchomp
|
|t:|1659001161
|switch|p2a: Corviknight|Corviknight, F|100/100|[from]move: U-turn
|-damage|p2a: Corviknight|88/100|[from] Stealth Rock
|-ability|p2a: Corviknight|Pressure
|
|-heal|p1a: Garchomp|66/100|[from] Grassy Terrain
|upkeep
|turn|4
|
|t:|1659001163
|move|p1a: Garchomp|Fire Blast|p2a: Corviknight|[miss]
|-miss|p1a: Garchomp|p2a: Corviknight
|move|p2a: Corviknight|Defog|p1a: Garchomp
|-unboost|p1a: Garchomp|evasion|1
|-sideend|p2: Bloody Busybody|Stealth Rock|[from] move: Defog|[of] p2a: Corviknight
|-fieldend|move: Grassy Terrain
|
|upkeep
|turn|5
|
|t:|1659001170
|switch|p2a: Mamoswine|Mamoswine, F|100/100
|move|p1a: Garchomp|Stealth Rock|p2a: Mamoswine
|-sidestart|p2: Bloody Busybody|move: Stealth Rock
|
|upkeep
|turn|6
|
|t:|1659001175
|switch|p1a: Volcarona|Volcarona, F|100/100
|move|p2a: Mamoswine|Icicle Crash|p1a: Volcarona|[miss]
|-miss|p2a: Mamoswine|p1a: Volcarona
|
|upkeep
|turn|7
|
|t:|1659001181
|switch|p2a: Blissey|Blissey, F|100/100
|move|p1a: Volcarona|Fire Blast|p2a: Blissey
|-damage|p2a: Blissey|77/100
|
|upkeep
|turn|8
|inactive|Bloody Busybody has 120 seconds left.
|l| LT91BB ironwater
|
|t:|1659001234
|switch|p1a: Garchomp|Garchomp, F|66/100
|move|p2a: Blissey|Seismic Toss|p1a: Garchomp
|-damage|p1a: Garchomp|38/100
|-damage|p2a: Blissey|65/100|[from] ability: Rough Skin|[of] p1a: Garchomp
|
|upkeep
|turn|9
|
|t:|1659001240
|move|p1a: Garchomp|Earthquake|p2a: Blissey
|-damage|p2a: Blissey|19/100
|-damage|p1a: Garchomp|28/100|[from] item: Life Orb
|move|p2a: Blissey|Soft-Boiled|p2a: Blissey
|-heal|p2a: Blissey|69/100
|
|upkeep
|turn|10
|
|t:|1659001245
|switch|p1a: Kartana|Kartana|100/100
|move|p2a: Blissey|Seismic Toss|p1a: Kartana
|-damage|p1a: Kartana|62/100
|
|upkeep
|turn|11
|
|t:|1659001248
|switch|p2a: Corviknight|Corviknight, F|88/100
|-damage|p2a: Corviknight|76/100|[from] Stealth Rock
|-ability|p2a: Corviknight|Pressure
|move|p1a: Kartana|Knock Off|p2a: Corviknight
|-damage|p2a: Corviknight|49/100
|-damage|p1a: Kartana|45/100|[from] item: Rocky Helmet|[of] p2a: Corviknight
|-enditem|p2a: Corviknight|Rocky Helmet|[from] move: Knock Off|[of] p1a: Kartana
|
|upkeep
|turn|12
|
|t:|1659001254
|move|p1a: Kartana|Swords Dance|p1a: Kartana
|-boost|p1a: Kartana|atk|2
|move|p2a: Corviknight|Roost|p2a: Corviknight
|-heal|p2a: Corviknight|99/100
|-singleturn|p2a: Corviknight|move: Roost
|
|upkeep
|turn|13
|j| supahotnicememe
|
|t:|1659001268
|move|p1a: Kartana|Sacred Sword|p2a: Corviknight
|-damage|p2a: Corviknight|50/100
|move|p2a: Corviknight|Defog|p1a: Kartana
|-unboost|p1a: Kartana|evasion|1
|-sideend|p2: Bloody Busybody|Stealth Rock|[from] move: Defog|[of] p2a: Corviknight
|
|upkeep
|turn|14
|
|t:|1659001272
|move|p1a: Kartana|Sacred Sword|p2a: Corviknight
|-damage|p2a: Corviknight|7/100
|move|p2a: Corviknight|Roost|p2a: Corviknight
|-heal|p2a: Corviknight|57/100
|-singleturn|p2a: Corviknight|move: Roost
|
|upkeep
|turn|15
|
|t:|1659001275
|move|p1a: Kartana|Sacred Sword|p2a: Corviknight
|-damage|p2a: Corviknight|11/100
|move|p2a: Corviknight|Roost|p2a: Corviknight
|-heal|p2a: Corviknight|61/100
|-singleturn|p2a: Corviknight|move: Roost
|
|upkeep
|turn|16
|
|t:|1659001280
|switch|p1a: Garchomp|Garchomp, F|28/100
|move|p2a: Corviknight|Roost|p2a: Corviknight
|-heal|p2a: Corviknight|100/100
|-singleturn|p2a: Corviknight|move: Roost
|
|upkeep
|turn|17
|
|t:|1659001287
|switch|p2a: Hydreigon|Hydreigon, F|100/100
|move|p1a: Garchomp|Stealth Rock|p2a: Hydreigon
|-sidestart|p2: Bloody Busybody|move: Stealth Rock
|
|upkeep
|turn|18
|
|t:|1659001291
|switch|p1a: Heatran|Heatran, F|100/100
|move|p2a: Hydreigon|Dark Pulse|p1a: Heatran
|-damage|p1a: Heatran|67/100
|-damage|p2a: Hydreigon|91/100|[from] item: Life Orb
|
|-heal|p1a: Heatran|73/100|[from] item: Leftovers
|upkeep
|turn|19
|
|t:|1659001295
|switch|p1a: Dragonite|Dragonite, F|100/100
|move|p2a: Hydreigon|Nasty Plot|p2a: Hydreigon
|-boost|p2a: Hydreigon|spa|2
|
|upkeep
|turn|20
|
|t:|1659001315
|switch|p1a: Tapu Fini|Tapu Fini|8/100
|-fieldstart|move: Misty Terrain|[from] ability: Misty Surge|[of] p1a: Tapu Fini
|move|p2a: Hydreigon|Draco Meteor|p1a: Tapu Fini
|-immune|p1a: Tapu Fini
|
|upkeep
|turn|21
|
|t:|1659001319
|move|p1a: Tapu Fini|Moonblast|p2a: Hydreigon
|-supereffective|p2a: Hydreigon
|-damage|p2a: Hydreigon|0 fnt
|faint|p2a: Hydreigon
|
|upkeep
|j| LT91BB stareal
|
|t:|1659001322
|switch|p2a: Corviknight|Corviknight, F|100/100
|-damage|p2a: Corviknight|88/100|[from] Stealth Rock
|-ability|p2a: Corviknight|Pressure
|turn|22
|l| LT91BB stareal
|
|t:|1659001325
|switch|p1a: Garchomp|Garchomp, F|28/100
|move|p2a: Corviknight|Body Press|p1a: Garchomp
|-damage|p1a: Garchomp|4/100
|-damage|p2a: Corviknight|76/100|[from] ability: Rough Skin|[of] p1a: Garchomp
|
|upkeep
|turn|23
|
|t:|1659001328
|move|p1a: Garchomp|Fire Blast|p2a: Corviknight
|-supereffective|p2a: Corviknight
|-damage|p2a: Corviknight|7/100
|-damage|p1a: Garchomp|0 fnt|[from] item: Life Orb
|faint|p1a: Garchomp
|move|p2a: Corviknight|Defog|p1: Garchomp|[notarget]
|-fail|p2a: Corviknight
|
|upkeep
|
|t:|1659001332
|switch|p1a: Kartana|Kartana|45/100
|turn|24
|
|t:|1659001340
|move|p1a: Kartana|Knock Off|p2a: Corviknight
|-damage|p2a: Corviknight|0 fnt
|faint|p2a: Corviknight
|-ability|p1a: Kartana|Beast Boost|boost
|-boost|p1a: Kartana|atk|1
|
|-fieldend|Misty Terrain
|upkeep
|
|t:|1659001346
|switch|p2a: Rillaboom|Rillaboom, F|88/100
|-damage|p2a: Rillaboom|76/100|[from] Stealth Rock
|-fieldstart|move: Grassy Terrain|[from] ability: Grassy Surge|[of] p2a: Rillaboom
|turn|25
|
|t:|1659001351
|move|p1a: Kartana|Knock Off|p2a: Rillaboom
|-damage|p2a: Rillaboom|3/100
|-enditem|p2a: Rillaboom|Choice Band|[from] move: Knock Off|[of] p1a: Kartana
|move|p2a: Rillaboom|Knock Off|p1a: Kartana
|-damage|p1a: Kartana|7/100
|-enditem|p1a: Kartana|Chople Berry|[from] move: Knock Off|[of] p2a: Rillaboom
|
|-heal|p1a: Kartana|13/100|[from] Grassy Terrain
|-heal|p2a: Rillaboom|9/100|[from] Grassy Terrain
|upkeep
|turn|26
|
|t:|1659001354
|move|p2a: Rillaboom|Grassy Glide|p1a: Kartana
|-resisted|p1a: Kartana
|-damage|p1a: Kartana|0 fnt
|faint|p1a: Kartana
|
|-heal|p2a: Rillaboom|15/100|[from] Grassy Terrain
|upkeep
|
|t:|1659001361
|switch|p1a: Tapu Fini|Tapu Fini|8/100
|-fieldstart|move: Misty Terrain|[from] ability: Misty Surge|[of] p1a: Tapu Fini
|turn|27
|j| Venositile
|
|t:|1659001367
|move|p1a: Tapu Fini|Trick|p2a: Rillaboom
|-activate|p1a: Tapu Fini|move: Trick|[of] p2a: Rillaboom
|-item|p2a: Rillaboom|Choice Scarf|[from] move: Trick
|-enditem|p1a: Tapu Fini|Choice Scarf|[silent]|[from] move: Trick
|move|p2a: Rillaboom|U-turn|p1a: Tapu Fini
|-resisted|p1a: Tapu Fini
|-damage|p1a: Tapu Fini|0 fnt
|faint|p1a: Tapu Fini
|
|t:|1659001378
|switch|p2a: Volcanion|Volcanion|86/100|[from]move: U-turn
|-damage|p2a: Volcanion|61/100|[from] Stealth Rock
|
|upkeep
|j| LT91BB RL
|
|t:|1659001382
|switch|p1a: Dragonite|Dragonite, F|100/100
|turn|28
|
|t:|1659001384
|move|p1a: Dragonite|Earthquake|p2a: Volcanion
|-supereffective|p2a: Volcanion
|-damage|p2a: Volcanion|7/100
|move|p2a: Volcanion|Steam Eruption|p1a: Dragonite
|-resisted|p1a: Dragonite
|-damage|p1a: Dragonite|79/100
|
|upkeep
|turn|29
|
|t:|1659001387
|switch|p2a: Rillaboom|Rillaboom, F|15/100
|-damage|p2a: Rillaboom|3/100|[from] Stealth Rock
|-fieldstart|move: Grassy Terrain|[from] ability: Grassy Surge|[of] p2a: Rillaboom
|move|p1a: Dragonite|Earthquake|p2a: Rillaboom
|-resisted|p2a: Rillaboom
|-damage|p2a: Rillaboom|0 fnt
|faint|p2a: Rillaboom
|
|upkeep
|
|t:|1659001389
|switch|p2a: Mamoswine|Mamoswine, F|100/100
|-damage|p2a: Mamoswine|88/100|[from] Stealth Rock
|turn|30
|
|t:|1659001400
|switch|p1a: Volcarona|Volcarona, F|100/100
|move|p2a: Mamoswine|Icicle Crash|p1a: Volcarona|[miss]
|-miss|p2a: Mamoswine|p1a: Volcarona
|
|-heal|p2a: Mamoswine|94/100|[from] Grassy Terrain
|upkeep
|turn|31
|
|t:|1659001407
|switch|p2a: Blissey|Blissey, F|69/100
|move|p1a: Volcarona|Fire Blast|p2a: Blissey
|-damage|p2a: Blissey|49/100
|
|-heal|p2a: Blissey|55/100|[from] Grassy Terrain
|upkeep
|turn|32
|
|t:|1659001411
|switch|p1a: Heatran|Heatran, F|73/100
|move|p2a: Blissey|Soft-Boiled|p2a: Blissey
|-heal|p2a: Blissey|100/100
|
|-heal|p1a: Heatran|79/100|[from] Grassy Terrain
|-heal|p1a: Heatran|85/100|[from] item: Leftovers
|upkeep
|turn|33
|
|t:|1659001415
|move|p1a: Heatran|Magma Storm|p2a: Blissey|[miss]
|-miss|p1a: Heatran|p2a: Blissey
|move|p2a: Blissey|Teleport|p2a: Blissey
|
|t:|1659001417
|switch|p2a: Mamoswine|Mamoswine, F|94/100|[from]move: Teleport
|-damage|p2a: Mamoswine|82/100|[from] Stealth Rock
|
|-heal|p2a: Mamoswine|88/100|[from] Grassy Terrain
|-heal|p1a: Heatran|92/100|[from] Grassy Terrain
|-heal|p1a: Heatran|98/100|[from] item: Leftovers
|-fieldend|move: Grassy Terrain
|upkeep
|turn|34
|
|t:|1659001424
|switch|p1a: Dragonite|Dragonite, F|79/100
|move|p2a: Mamoswine|High Horsepower|p1a: Dragonite
|-immune|p1a: Dragonite
|
|upkeep
|turn|35
|
|t:|1659001427
|switch|p1a: Volcarona|Volcarona, F|100/100
|move|p2a: Mamoswine|High Horsepower|p1a: Volcarona|[miss]
|-miss|p2a: Mamoswine|p1a: Volcarona
|
|upkeep
|turn|36
|
|t:|1659001431
|switch|p1a: Heatran|Heatran, F|98/100
|switch|p2a: Blissey|Blissey, F|100/100
|
|-heal|p1a: Heatran|100/100|[from] item: Leftovers
|upkeep
|turn|37
|
|t:|1659001436
|switch|p2a: Volcanion|Volcanion|7/100
|-damage|p2a: Volcanion|0 fnt|[from] Stealth Rock
|faint|p2a: Volcanion
|move|p1a: Heatran|Taunt|p2: Volcanion|[notarget]
|-fail|p1a: Heatran
|
|upkeep
|
|t:|1659001438
|switch|p2a: Mamoswine|Mamoswine, F|88/100
|-damage|p2a: Mamoswine|75/100|[from] Stealth Rock
|turn|38
|
|t:|1659001442
|switch|p1a: Dragonite|Dragonite, F|79/100
|move|p2a: Mamoswine|High Horsepower|p1a: Dragonite
|-immune|p1a: Dragonite
|
|upkeep
|turn|39
|
|t:|1659001445
|move|p2a: Mamoswine|Icicle Crash|p1a: Dragonite
|-supereffective|p1a: Dragonite
|-damage|p1a: Dragonite|0 fnt
|faint|p1a: Dragonite
|
|upkeep
|
|t:|1659001447
|switch|p1a: Volcarona|Volcarona, F|100/100
|turn|40
|
|t:|1659001450
|switch|p1a: Heatran|Heatran, F|100/100
|switch|p2a: Blissey|Blissey, F|100/100
|
|upkeep
|turn|41
|
|t:|1659001454
|switch|p2a: Mamoswine|Mamoswine, F|75/100
|-damage|p2a: Mamoswine|63/100|[from] Stealth Rock
|move|p1a: Heatran|Taunt|p2a: Mamoswine
|-start|p2a: Mamoswine|move: Taunt
|
|upkeep
|turn|42
|
|t:|1659001457
|switch|p1a: Volcarona|Volcarona, F|100/100
|move|p2a: Mamoswine|High Horsepower|p1a: Volcarona
|-damage|p1a: Volcarona|24/100
|
|upkeep
|turn|43
|
|t:|1659001460
|switch|p1a: Heatran|Heatran, F|100/100
|switch|p2a: Blissey|Blissey, F|100/100
|
|upkeep
|turn|44
|
|t:|1659001465
|move|p1a: Heatran|Taunt|p2a: Blissey
|-start|p2a: Blissey|move: Taunt
|cant|p2a: Blissey|move: Taunt|Teleport
|
|upkeep
|turn|45
|
|t:|1659001470
|switch|p2a: Mamoswine|Mamoswine, F|63/100
|-damage|p2a: Mamoswine|50/100|[from] Stealth Rock
|move|p1a: Heatran|Magma Storm|p2a: Mamoswine
|-supereffective|p2a: Mamoswine
|-damage|p2a: Mamoswine|0 fnt
|faint|p2a: Mamoswine
|
|upkeep
|
|t:|1659001472
|switch|p2a: Blissey|Blissey, F|100/100
|turn|46
|
|t:|1659001473
|move|p1a: Heatran|Magma Storm|p2a: Blissey
|-damage|p2a: Blissey|84/100
|-activate|p2a: Blissey|move: Magma Storm|[of] p1a: Heatran
|move|p2a: Blissey|Seismic Toss|p1a: Heatran
|-damage|p1a: Heatran|75/100
|
|-heal|p1a: Heatran|81/100|[from] item: Leftovers
|-damage|p2a: Blissey|72/100|[from] move: Magma Storm|[partiallytrapped]
|upkeep
|turn|47
|
|t:|1659001476
|move|p1a: Heatran|Heavy Slam|p2a: Blissey
|-damage|p2a: Blissey|41/100
|move|p2a: Blissey|Seismic Toss|p1a: Heatran
|-damage|p1a: Heatran|55/100
|
|-heal|p1a: Heatran|61/100|[from] item: Leftovers
|-damage|p2a: Blissey|28/100|[from] move: Magma Storm|[partiallytrapped]
|upkeep
|turn|48
|
|t:|1659001478
|move|p1a: Heatran|Taunt|p2a: Blissey
|-start|p2a: Blissey|move: Taunt
|move|p2a: Blissey|Seismic Toss|p1a: Heatran
|-damage|p1a: Heatran|35/100
|
|-heal|p1a: Heatran|41/100|[from] item: Leftovers
|-damage|p2a: Blissey|16/100|[from] move: Magma Storm|[partiallytrapped]
|upkeep
|turn|49
|
|t:|1659001480
|move|p1a: Heatran|Heavy Slam|p2a: Blissey
|-damage|p2a: Blissey|0 fnt
|faint|p2a: Blissey
|
|win|LT91BB Dasmer
|raw|LT91BB Dasmer's rating: 1826 &rarr; <strong>1844</strong><br />(+18 for winning)
|raw|Bloody Busybody's rating: 1786 &rarr; <strong>1768</strong><br />(-18 for losing)
|l|☆Bloody Busybody
|l|☆LT91BB Dasmer
|l| supahotnicememe
|l| LT91BB RL
|j|☆LT91BB Dasmer
|player|p1|LT91BB Dasmer|rei
|l|☆LT91BB Dasmer
|player|p1|
|l| Venositile
