|j|‽dmt dreams
|j|☆psh mobile
|inactive|Battle timer is ON: inactive players will automatically lose when time's up.
|t:|1663252971
|gametype|singles
|player|p1|dmt dreams|cynthia-gen4|
|player|p2|psh mobile|170|
|teamsize|p1|6
|teamsize|p2|6
|gen|8
|tier|[Gen 8] OU
|rated|Tournament battle
|rule|Sleep Clause Mod: Limit one foe put to sleep
|rule|Species Clause: Limit one of each Pokémon
|rule|OHKO Clause: OHKO moves are banned
|rule|Evasion Items Clause: Evasion items are banned
|rule|Evasion Moves Clause: Evasion moves are banned
|rule|Endless Battle Clause: Forcing endless battles is banned
|rule|HP Percentage Mod: HP is shown in percentages
|rule|Dynamax Clause: You cannot dynamax
|clearpoke
|poke|p1|Kartana|
|poke|p1|Magnezone|
|poke|p1|Tornadus-Therian, M|
|poke|p1|Weavile, F|
|poke|p1|Toxapex, M|
|poke|p1|Garchomp, M|
|poke|p2|Weavile, F|
|poke|p2|Dragapult, F|
|poke|p2|Landorus-Therian, M|
|poke|p2|Heatran, F|
|poke|p2|Corviknight, F|
|poke|p2|Tapu Lele|
|teampreview
|
|t:|1663253000
|start
|switch|p1a: Tornadus|Tornadus-Therian, M|100/100
|switch|p2a: Tapu Lele|Tapu Lele|100/100
|-fieldstart|move: Psychic Terrain|[from] ability: Psychic Surge|[of] p2a: Tapu Lele
|turn|1
|
|t:|1663253004
|move|p2a: Tapu Lele|Psyshock|p1a: Tornadus
|-damage|p1a: Tornadus|38/100
|move|p1a: Tornadus|Hurricane|p2a: Tapu Lele
|-damage|p2a: Tapu Lele|54/100
|
|upkeep
|turn|2
|j| bokwon
|l| bokwon
|
|t:|1663253026
|switch|p2a: Heatran|Heatran, F|100/100
|switch|p1a: Weavile|Weavile, F|100/100
|-ability|p1a: Weavile|Pressure
|
|upkeep
|turn|3
|
|t:|1663253031
|switch|p1a: Garchomp|Garchomp, M|100/100
|move|p2a: Heatran|Magma Storm|p1a: Garchomp
|-resisted|p1a: Garchomp
|-damage|p1a: Garchomp|86/100
|-activate|p1a: Garchomp|move: Magma Storm|[of] p2a: Heatran
|
|-heal|p1a: Garchomp|93/100|[from] item: Leftovers
|-damage|p1a: Garchomp|80/100|[from] move: Magma Storm|[partiallytrapped]
|upkeep
|turn|4
|
|t:|1663253038
|move|p1a: Garchomp|Stealth Rock|p2a: Heatran
|-sidestart|p2: psh mobile|move: Stealth Rock
|move|p2a: Heatran|Toxic|p1a: Garchomp
|-status|p1a: Garchomp|tox
|
|-heal|p1a: Garchomp|86/100 tox|[from] item: Leftovers
|-damage|p1a: Garchomp|80/100 tox|[from] psn
|-damage|p1a: Garchomp|68/100 tox|[from] move: Magma Storm|[partiallytrapped]
|upkeep
|turn|5
|
|t:|1663253040
|switch|p2a: Corviknight|Corviknight, F|100/100
|-damage|p2a: Corviknight|88/100|[from] Stealth Rock
|-ability|p2a: Corviknight|Pressure
|move|p1a: Garchomp|Earthquake|p2a: Corviknight
|-immune|p2a: Corviknight
|
|-heal|p1a: Garchomp|74/100 tox|[from] item: Leftovers
|-heal|p2a: Corviknight|94/100|[from] item: Leftovers
|-damage|p1a: Garchomp|62/100 tox|[from] psn
|-end|p1a: Garchomp|Magma Storm|[partiallytrapped]|[silent]
|-fieldend|move: Psychic Terrain
|upkeep
|turn|6
|
|t:|1663253043
|switch|p1a: Magnezone|Magnezone|100/100
|move|p2a: Corviknight|Defog|p1a: Magnezone
|-unboost|p1a: Magnezone|evasion|1
|-sideend|p2: psh mobile|Stealth Rock|[from] move: Defog|[of] p2a: Corviknight
|
|-heal|p2a: Corviknight|100/100|[from] item: Leftovers
|upkeep
|turn|7
|
|t:|1663253045
|move|p1a: Magnezone|Thunderbolt|p2a: Corviknight
|-supereffective|p2a: Corviknight
|-damage|p2a: Corviknight|3/100
|move|p2a: Corviknight|U-turn|p1a: Magnezone
|-resisted|p1a: Magnezone
|-damage|p1a: Magnezone|94/100
|
|t:|1663253048
|switch|p2a: Landorus|Landorus-Therian, M|100/100|[from]move: U-turn
|-ability|p2a: Landorus|Intimidate|boost
|-unboost|p1a: Magnezone|atk|1
|
|-heal|p1a: Magnezone|99/100|[from] item: Leftovers
|upkeep
|turn|8
|
|t:|1663253051
|move|p2a: Landorus|Stealth Rock|p1a: Magnezone
|-sidestart|p1: dmt dreams|move: Stealth Rock
|move|p1a: Magnezone|Toxic|p2a: Landorus|[miss]
|-miss|p1a: Magnezone|p2a: Landorus
|
|-heal|p1a: Magnezone|100/100|[from] item: Leftovers
|upkeep
|turn|9
|
|t:|1663253055
|switch|p1a: Tornadus|Tornadus-Therian, M|71/100
|move|p2a: Landorus|Earthquake|p1a: Tornadus
|-immune|p1a: Tornadus
|
|upkeep
|turn|10
|
|t:|1663253058
|move|p1a: Tornadus|Hurricane|p2a: Landorus
|-damage|p2a: Landorus|54/100
|move|p2a: Landorus|U-turn|p1a: Tornadus
|-resisted|p1a: Tornadus
|-damage|p1a: Tornadus|58/100
|j| TheWelshCorgi
|l| TheWelshCorgi
|
|t:|1663253061
|switch|p2a: Weavile|Weavile, F, shiny|100/100|[from]move: U-turn
|-ability|p2a: Weavile|Pressure
|
|upkeep
|turn|11
|
|t:|1663253068
|switch|p2a: Heatran|Heatran, F|100/100
|switch|p1a: Toxapex|Toxapex, M|100/100
|-damage|p1a: Toxapex|88/100|[from] Stealth Rock
|
|-heal|p1a: Toxapex|94/100|[from] item: Black Sludge
|upkeep
|turn|12
|
|t:|1663253071
|switch|p1a: Garchomp|Garchomp, M|62/100 tox
|-damage|p1a: Garchomp|56/100 tox|[from] Stealth Rock
|move|p2a: Heatran|Magma Storm|p1a: Garchomp
|-resisted|p1a: Garchomp
|-damage|p1a: Garchomp|41/100 tox
|-activate|p1a: Garchomp|move: Magma Storm|[of] p2a: Heatran
|
|-heal|p1a: Garchomp|48/100 tox|[from] item: Leftovers
|-damage|p1a: Garchomp|41/100 tox|[from] psn
|-damage|p1a: Garchomp|29/100 tox|[from] move: Magma Storm|[partiallytrapped]
|upkeep
|turn|13
|
|t:|1663253084
|switch|p2a: Corviknight|Corviknight, F|3/100
|-ability|p2a: Corviknight|Pressure
|move|p1a: Garchomp|Stealth Rock|p2a: Corviknight
|-sidestart|p2: psh mobile|move: Stealth Rock
|
|-heal|p1a: Garchomp|35/100 tox|[from] item: Leftovers
|-heal|p2a: Corviknight|9/100|[from] item: Leftovers
|-damage|p1a: Garchomp|23/100 tox|[from] psn
|-end|p1a: Garchomp|Magma Storm|[partiallytrapped]|[silent]
|upkeep
|turn|14
|
|t:|1663253094
|switch|p1a: Magnezone|Magnezone|100/100
|-damage|p1a: Magnezone|94/100|[from] Stealth Rock
|move|p2a: Corviknight|Roost|p2a: Corviknight
|-heal|p2a: Corviknight|59/100
|-singleturn|p2a: Corviknight|move: Roost
|
|-heal|p1a: Magnezone|100/100|[from] item: Leftovers
|-heal|p2a: Corviknight|65/100|[from] item: Leftovers
|upkeep
|turn|15
|
|t:|1663253101
|move|p1a: Magnezone|Thunderbolt|p2a: Corviknight
|-supereffective|p2a: Corviknight
|-damage|p2a: Corviknight|0 fnt
|faint|p2a: Corviknight
|
|upkeep
|
|t:|1663253105
|switch|p2a: Heatran|Heatran, F|100/100
|-damage|p2a: Heatran|88/100|[from] Stealth Rock
|turn|16
|
|t:|1663253113
|switch|p1a: Garchomp|Garchomp, M|23/100 tox
|-damage|p1a: Garchomp|17/100 tox|[from] Stealth Rock
|move|p2a: Heatran|Magma Storm|p1a: Garchomp
|-resisted|p1a: Garchomp
|-damage|p1a: Garchomp|0 fnt
|faint|p1a: Garchomp
|
|-heal|p2a: Heatran|94/100|[from] item: Leftovers
|upkeep
|
|t:|1663253119
|switch|p1a: Kartana|Kartana|100/100
|-damage|p1a: Kartana|94/100|[from] Stealth Rock
|turn|17
|
|t:|1663253122
|move|p1a: Kartana|Sacred Sword|p2a: Heatran
|-supereffective|p2a: Heatran
|-damage|p2a: Heatran|28/100
|move|p2a: Heatran|Magma Storm|p1a: Kartana
|-supereffective|p1a: Kartana
|-damage|p1a: Kartana|0 fnt
|faint|p1a: Kartana
|
|-heal|p2a: Heatran|35/100|[from] item: Leftovers
|upkeep
|
|t:|1663253124
|switch|p1a: Weavile|Weavile, F|100/100
|-ability|p1a: Weavile|Pressure
|turn|18
|
|t:|1663253127
|move|p1a: Weavile|Knock Off|p2a: Heatran
|-damage|p2a: Heatran|0 fnt
|-enditem|p2a: Heatran|Leftovers|[from] move: Knock Off|[of] p1a: Weavile
|faint|p2a: Heatran
|
|upkeep
|
|t:|1663253132
|switch|p2a: Tapu Lele|Tapu Lele|54/100
|-damage|p2a: Tapu Lele|42/100|[from] Stealth Rock
|-fieldstart|move: Psychic Terrain|[from] ability: Psychic Surge|[of] p2a: Tapu Lele
|turn|19
|
|t:|1663253138
|switch|p1a: Tornadus|Tornadus-Therian, M|91/100
|move|p2a: Tapu Lele|Psyshock|p1a: Tornadus
|-crit|p1a: Tornadus
|-damage|p1a: Tornadus|5/100
|
|upkeep
|turn|20
|
|t:|1663253149
|move|p2a: Tapu Lele|Psyshock|p1a: Tornadus
|-damage|p1a: Tornadus|0 fnt
|faint|p1a: Tornadus
|
|upkeep
|
|t:|1663253151
|switch|p1a: Weavile|Weavile, F|100/100
|-ability|p1a: Weavile|Pressure
|turn|21
|
|t:|1663253164
|switch|p2a: Weavile|Weavile, F, shiny|100/100
|-ability|p2a: Weavile|Pressure
|move|p1a: Weavile|Triple Axel|p2a: Weavile
|-resisted|p2a: Weavile
|-damage|p2a: Weavile|92/100
|-resisted|p2a: Weavile
|-damage|p2a: Weavile|72/100
|-hitcount|p2a: Weavile|2
|
|upkeep
|turn|22
|
|t:|1663253168
|switch|p1a: Toxapex|Toxapex, M|100/100
|-damage|p1a: Toxapex|88/100|[from] Stealth Rock
|move|p2a: Weavile|Knock Off|p1a: Toxapex
|-damage|p1a: Toxapex|55/100
|-enditem|p1a: Toxapex|Black Sludge|[from] move: Knock Off|[of] p2a: Weavile
|
|upkeep
|turn|23
|
|t:|1663253188
|move|p2a: Weavile|Swords Dance|p2a: Weavile
|-boost|p2a: Weavile|atk|2
|move|p1a: Toxapex|Scald|p2a: Weavile
|-damage|p2a: Weavile|49/100
|
|-fieldend|move: Psychic Terrain
|upkeep
|turn|24
|j| Van Pyro
|
|t:|1663253195
|move|p1a: Toxapex|Baneful Bunker|p1a: Toxapex
|-singleturn|p1a: Toxapex|move: Protect
|move|p2a: Weavile|Knock Off|p1a: Toxapex
|-activate|p1a: Toxapex|move: Protect
|-status|p2a: Weavile|psn
|
|-damage|p2a: Weavile|36/100 psn|[from] psn
|upkeep
|turn|25
|
|t:|1663253198
|move|p2a: Weavile|Swords Dance|p2a: Weavile
|-boost|p2a: Weavile|atk|2
|move|p1a: Toxapex|Recover|p1a: Toxapex
|-heal|p1a: Toxapex|100/100
|
|-damage|p2a: Weavile|24/100 psn|[from] psn
|upkeep
|turn|26
|
|t:|1663253204
|move|p1a: Toxapex|Baneful Bunker|p1a: Toxapex
|-singleturn|p1a: Toxapex|move: Protect
|move|p2a: Weavile|Knock Off|p1a: Toxapex
|-activate|p1a: Toxapex|move: Protect
|
|-damage|p2a: Weavile|11/100 psn|[from] psn
|upkeep
|turn|27
|
|t:|1663253207
|move|p2a: Weavile|Knock Off|p1a: Toxapex
|-damage|p1a: Toxapex|36/100
|move|p1a: Toxapex|Recover|p1a: Toxapex
|-heal|p1a: Toxapex|86/100
|
|-damage|p2a: Weavile|0 fnt|[from] psn
|faint|p2a: Weavile
|upkeep
|j| The art of
|
|t:|1663253214
|switch|p2a: Dragapult|Dragapult, F, shiny|100/100
|-damage|p2a: Dragapult|88/100|[from] Stealth Rock
|turn|28
|
|t:|1663253219
|move|p1a: Toxapex|Baneful Bunker|p1a: Toxapex
|-singleturn|p1a: Toxapex|move: Protect
|move|p2a: Dragapult|Thunderbolt|p1a: Toxapex
|-activate|p1a: Toxapex|move: Protect
|
|upkeep
|turn|29
|
|t:|1663253221
|switch|p1a: Magnezone|Magnezone|100/100
|-damage|p1a: Magnezone|94/100|[from] Stealth Rock
|move|p2a: Dragapult|Thunderbolt|p1a: Magnezone
|-resisted|p1a: Magnezone
|-damage|p1a: Magnezone|80/100
|
|-heal|p1a: Magnezone|86/100|[from] item: Leftovers
|upkeep
|turn|30
|
|t:|1663253225
|switch|p1a: Toxapex|Toxapex, M|100/100
|-damage|p1a: Toxapex|88/100|[from] Stealth Rock
|move|p2a: Dragapult|Fire Blast|p1a: Toxapex
|-resisted|p1a: Toxapex
|-damage|p1a: Toxapex|75/100
|
|upkeep
|turn|31
|
|t:|1663253230
|move|p2a: Dragapult|Thunderbolt|p1a: Toxapex
|-supereffective|p1a: Toxapex
|-damage|p1a: Toxapex|27/100
|move|p1a: Toxapex|Knock Off|p2a: Dragapult
|-supereffective|p2a: Dragapult
|-damage|p2a: Dragapult|50/100
|-enditem|p2a: Dragapult|Expert Belt|[from] move: Knock Off|[of] p1a: Toxapex
|
|upkeep
|turn|32
|
|t:|1663253239
|switch|p1a: Weavile|Weavile, F|100/100
|-ability|p1a: Weavile|Pressure
|move|p2a: Dragapult|Thunderbolt|p1a: Weavile
|-damage|p1a: Weavile|63/100
|
|upkeep
|turn|33
|
|t:|1663253244
|move|p1a: Weavile|Ice Shard|p2a: Dragapult
|-supereffective|p2a: Dragapult
|-damage|p2a: Dragapult|0 fnt
|faint|p2a: Dragapult
|
|upkeep
|
|t:|1663253247
|switch|p2a: Tapu Lele|Tapu Lele|42/100
|-damage|p2a: Tapu Lele|29/100|[from] Stealth Rock
|-fieldstart|move: Psychic Terrain|[from] ability: Psychic Surge|[of] p2a: Tapu Lele
|turn|34
|
|t:|1663253252
|switch|p2a: Landorus|Landorus-Therian, M|54/100
|-damage|p2a: Landorus|42/100|[from] Stealth Rock
|-ability|p2a: Landorus|Intimidate|boost
|-unboost|p1a: Weavile|atk|1
|switch|p1a: Toxapex|Toxapex, M|61/100
|-damage|p1a: Toxapex|48/100|[from] Stealth Rock
|
|-heal|p2a: Landorus|48/100|[from] item: Leftovers
|upkeep
|turn|35
|
|t:|1663253258
|switch|p1a: Magnezone|Magnezone|86/100
|-damage|p1a: Magnezone|80/100|[from] Stealth Rock
|move|p2a: Landorus|Earthquake|p1a: Magnezone
|-supereffective|p1a: Magnezone
|-damage|p1a: Magnezone|0 fnt
|faint|p1a: Magnezone
|
|-heal|p2a: Landorus|54/100|[from] item: Leftovers
|upkeep
|
|t:|1663253259
|switch|p1a: Weavile|Weavile, F|63/100
|-ability|p1a: Weavile|Pressure
|turn|36
|
|t:|1663253266
|move|p1a: Weavile|Triple Axel|p2a: Landorus
|-supereffective|p2a: Landorus
|-damage|p2a: Landorus|21/100
|-supereffective|p2a: Landorus
|-damage|p2a: Landorus|0 fnt
|faint|p2a: Landorus
|-hitcount|p2: Landorus|2
|
|upkeep
|
|t:|1663253268
|switch|p2a: Tapu Lele|Tapu Lele|29/100
|-damage|p2a: Tapu Lele|17/100|[from] Stealth Rock
|turn|37
|
|t:|1663253274
|move|p2a: Tapu Lele|Moonblast|p1a: Weavile
|-supereffective|p1a: Weavile
|-damage|p1a: Weavile|0 fnt
|faint|p1a: Weavile
|
|upkeep
|
|t:|1663253276
|switch|p1a: Toxapex|Toxapex, M|81/100
|-damage|p1a: Toxapex|69/100|[from] Stealth Rock
|turn|38
|
|t:|1663253280
|move|p2a: Tapu Lele|Moonblast|p1a: Toxapex
|-resisted|p1a: Toxapex
|-damage|p1a: Toxapex|49/100
|move|p1a: Toxapex|Recover|p1a: Toxapex
|-heal|p1a: Toxapex|99/100
|
|-fieldend|move: Psychic Terrain
|upkeep
|turn|39
|
|t:|1663253283
|move|p1a: Toxapex|Baneful Bunker|p1a: Toxapex
|-singleturn|p1a: Toxapex|move: Protect
|move|p2a: Tapu Lele|Moonblast|p1a: Toxapex
|-activate|p1a: Toxapex|move: Protect
|
|upkeep
|turn|40
|
|t:|1663253286
|move|p2a: Tapu Lele|Moonblast|p1a: Toxapex
|-resisted|p1a: Toxapex
|-damage|p1a: Toxapex|80/100
|move|p1a: Toxapex|Recover|p1a: Toxapex
|-heal|p1a: Toxapex|100/100
|
|upkeep
|turn|41
|
|t:|1663253288
|move|p1a: Toxapex|Baneful Bunker|p1a: Toxapex
|-singleturn|p1a: Toxapex|move: Protect
|move|p2a: Tapu Lele|Moonblast|p1a: Toxapex
|-activate|p1a: Toxapex|move: Protect
|
|upkeep
|turn|42
|
|t:|1663253291
|move|p2a: Tapu Lele|Moonblast|p1a: Toxapex
|-resisted|p1a: Toxapex
|-damage|p1a: Toxapex|81/100
|move|p1a: Toxapex|Recover|p1a: Toxapex
|-heal|p1a: Toxapex|100/100
|
|upkeep
|turn|43
|
|t:|1663253293
|move|p1a: Toxapex|Baneful Bunker|p1a: Toxapex
|-singleturn|p1a: Toxapex|move: Protect
|move|p2a: Tapu Lele|Moonblast|p1a: Toxapex
|-activate|p1a: Toxapex|move: Protect
|
|upkeep
|turn|44
|
|t:|1663253295
|move|p2a: Tapu Lele|Moonblast|p1a: Toxapex
|-resisted|p1a: Toxapex
|-crit|p1a: Toxapex
|-damage|p1a: Toxapex|70/100
|move|p1a: Toxapex|Recover|p1a: Toxapex
|-heal|p1a: Toxapex|100/100
|
|upkeep
|turn|45
|
|t:|1663253298
|move|p1a: Toxapex|Baneful Bunker|p1a: Toxapex
|-singleturn|p1a: Toxapex|move: Protect
|move|p2a: Tapu Lele|Moonblast|p1a: Toxapex
|-activate|p1a: Toxapex|move: Protect
|
|upkeep
|turn|46
|
|t:|1663253299
|move|p2a: Tapu Lele|Moonblast|p1a: Toxapex
|-resisted|p1a: Toxapex
|-damage|p1a: Toxapex|80/100
|-unboost|p1a: Toxapex|spa|1
|move|p1a: Toxapex|Recover|p1a: Toxapex
|-heal|p1a: Toxapex|100/100
|
|upkeep
|turn|47
|
|t:|1663253302
|move|p1a: Toxapex|Baneful Bunker|p1a: Toxapex
|-singleturn|p1a: Toxapex|move: Protect
|move|p2a: Tapu Lele|Moonblast|p1a: Toxapex
|-activate|p1a: Toxapex|move: Protect
|
|upkeep
|turn|48
|
|t:|1663253304
|move|p2a: Tapu Lele|Moonblast|p1a: Toxapex
|-resisted|p1a: Toxapex
|-damage|p1a: Toxapex|81/100
|move|p1a: Toxapex|Recover|p1a: Toxapex
|-heal|p1a: Toxapex|100/100
|
|upkeep
|turn|49
|l| Van Pyro
|
|t:|1663253308
|move|p1a: Toxapex|Baneful Bunker|p1a: Toxapex
|-singleturn|p1a: Toxapex|move: Protect
|move|p2a: Tapu Lele|Moonblast|p1a: Toxapex
|-activate|p1a: Toxapex|move: Protect
|
|upkeep
|turn|50
|inactive|psh mobile has 120 seconds left.
|
|t:|1663253357
|move|p2a: Tapu Lele|Moonblast|p1a: Toxapex
|-resisted|p1a: Toxapex
|-damage|p1a: Toxapex|83/100
|move|p1a: Toxapex|Recover|p1a: Toxapex
|-heal|p1a: Toxapex|100/100
|
|upkeep
|turn|51
|inactive|psh mobile has 90 seconds left.
|inactive|psh mobile has 60 seconds left.
|l| The art of
|
|t:|1663253436
|move|p2a: Tapu Lele|Moonblast|p1a: Toxapex
|-resisted|p1a: Toxapex
|-damage|p1a: Toxapex|80/100
|move|p1a: Toxapex|Scald|p2a: Tapu Lele
|-crit|p2a: Tapu Lele
|-damage|p2a: Tapu Lele|0 fnt
|faint|p2a: Tapu Lele
|
|win|dmt dreams
|n|‽dmt dreams|dmtdreams
|n|☆psh mobile|pshmobile
|l|☆psh mobile
