|j|☆Fastpitchkiller
|j|☆Levi41_
|t:|1647460078
|gametype|singles
|player|p1|Fastpitchkiller|102|1739
|player|p2|Levi41_|mars|1770
|teamsize|p1|6
|teamsize|p2|6
|gen|8
|tier|[Gen 8] OU
|rated|
|rule|Sleep Clause Mod: Limit one foe put to sleep
|rule|Species Clause: Limit one of each Pokémon
|rule|OHKO Clause: OHKO moves are banned
|rule|Evasion Moves Clause: Evasion moves are banned
|rule|Endless Battle Clause: Forcing endless battles is banned
|rule|HP Percentage Mod: HP is shown in percentages
|rule|Dynamax Clause: You cannot dynamax
|clearpoke
|poke|p1|Blaziken, M|
|poke|p1|Slowbro, F|
|poke|p1|Tyranitar, F|
|poke|p1|Corviknight, M|
|poke|p1|Landorus-Therian, M|
|poke|p1|Tapu Koko|
|poke|p2|Tapu Fini|
|poke|p2|Magnezone|
|poke|p2|Tapu Lele|
|poke|p2|Kartana|
|poke|p2|Hawlucha, F|
|poke|p2|Landorus-Therian, M|
|teampreview
|
|t:|1647460092
|start
|switch|p1a: Slowgatell|Slowbro, F|100/100
|switch|p2a: Tapu Lele|Tapu Lele|100/100
|-fieldstart|move: Psychic Terrain|[from] ability: Psychic Surge|[of] p2a: Tapu Lele
|turn|1
|
|t:|1647460099
|move|p2a: Tapu Lele|Moonblast|p1a: Slowgatell
|-damage|p1a: Slowgatell|25/100
|-unboost|p1a: Slowgatell|spa|1
|move|p1a: Slowgatell|Toxic|p2a: Tapu Lele
|-status|p2a: Tapu Lele|tox
|
|-damage|p2a: Tapu Lele|94/100 tox|[from] psn
|upkeep
|turn|2
|
|t:|1647460109
|switch|p2a: Magnezone|Magnezone|100/100
|switch|p1a: Corvikstall|Corviknight, M|100/100
|-ability|p1a: Corvikstall|Pressure
|
|upkeep
|turn|3
|
|t:|1647460116
|move|p2a: Magnezone|Thunderbolt|p1a: Corvikstall
|-supereffective|p1a: Corvikstall
|-damage|p1a: Corvikstall|36/100
|move|p1a: Corvikstall|U-turn|p2a: Magnezone
|-resisted|p2a: Magnezone
|-damage|p2a: Magnezone|95/100
|-damage|p1a: Corvikstall|19/100|[from] item: Rocky Helmet|[of] p2a: Magnezone
|
|t:|1647460123
|switch|p1a: Enamorousito|Landorus-Therian, M|100/100|[from]move: U-turn
|-ability|p1a: Enamorousito|Intimidate|boost
|-unboost|p2a: Magnezone|atk|1
|
|upkeep
|turn|4
|
|t:|1647460129
|switch|p2a: Landorus|Landorus-Therian, M|100/100
|-ability|p2a: Landorus|Intimidate|boost
|-unboost|p1a: Enamorousito|atk|1
|move|p1a: Enamorousito|Substitute|p1a: Enamorousito
|-start|p1a: Enamorousito|Substitute
|-damage|p1a: Enamorousito|76/100
|
|-heal|p1a: Enamorousito|82/100|[from] item: Leftovers
|upkeep
|turn|5
|
|t:|1647460138
|switch|p2a: Tapu Fini|Tapu Fini|100/100
|-fieldstart|move: Misty Terrain|[from] ability: Misty Surge|[of] p2a: Tapu Fini
|move|p1a: Enamorousito|Swords Dance|p1a: Enamorousito
|-boost|p1a: Enamorousito|atk|2
|
|-heal|p1a: Enamorousito|88/100|[from] item: Leftovers
|upkeep
|turn|6
|
|t:|1647460148
|move|p2a: Tapu Fini|Surf|p1a: Enamorousito
|-supereffective|p1a: Enamorousito
|-end|p1a: Enamorousito|Substitute
|move|p1a: Enamorousito|Earthquake|p2a: Tapu Fini
|-damage|p2a: Tapu Fini|15/100
|
|-heal|p1a: Enamorousito|94/100|[from] item: Leftovers
|upkeep
|turn|7
|
|t:|1647460157
|switch|p1a: GODzilla|Tyranitar, F|100/100
|-weather|Sandstorm|[from] ability: Sand Stream|[of] p1a: GODzilla
|move|p2a: Tapu Fini|Surf|p1a: GODzilla
|-supereffective|p1a: GODzilla
|-damage|p1a: GODzilla|70/100
|
|-weather|Sandstorm|[upkeep]
|-damage|p2a: Tapu Fini|8/100|[from] Sandstorm
|-heal|p1a: GODzilla|76/100|[from] item: Leftovers
|upkeep
|turn|8
|
|t:|1647460169
|move|p2a: Tapu Fini|Surf|p1a: GODzilla
|-supereffective|p1a: GODzilla
|-damage|p1a: GODzilla|44/100
|move|p1a: GODzilla|Stealth Rock|p2a: Tapu Fini
|-sidestart|p2: Levi41_|move: Stealth Rock
|
|-weather|Sandstorm|[upkeep]
|-damage|p2a: Tapu Fini|2/100|[from] Sandstorm
|-heal|p1a: GODzilla|50/100|[from] item: Leftovers
|upkeep
|turn|9
|
|t:|1647460179
|switch|p1a: Slowgatell|Slowbro, F|58/100
|move|p2a: Tapu Fini|Surf|p1a: Slowgatell
|-resisted|p1a: Slowgatell
|-damage|p1a: Slowgatell|39/100
|
|-weather|Sandstorm|[upkeep]
|-damage|p2a: Tapu Fini|0 fnt|[from] Sandstorm
|-damage|p1a: Slowgatell|33/100|[from] Sandstorm
|faint|p2a: Tapu Fini
|-fieldend|Misty Terrain
|upkeep
|
|t:|1647460180
|switch|p2a: uubl gaming|Hawlucha, F|100/100
|-damage|p2a: uubl gaming|88/100|[from] Stealth Rock
|turn|10
|-message|Levi41_ forfeited.
|
|win|Fastpitchkiller
|raw|Fastpitchkiller's rating: 1739 &rarr; <strong>1761</strong><br />(+22 for winning)
|raw|Levi41_'s rating: 1770 &rarr; <strong>1748</strong><br />(-22 for losing)
|l|☆Levi41_
||Ladder isn't responding, score probably updated but might not have (Request timeout).
