|html|<div class="broadcast-blue"><strong>[Gen 8] OU is currently suspecting Melmetal! For information on how to participate check out the <a href="https://www.smogon.com/forums/threads/np-ss-ou-suspect-process-round-12-monster-mash.3709234/">suspect thread</a>.</strong></div>
|j|☆minimax_ai
|j|☆samohi0
|t:|1665949924
|gametype|singles
|player|p1|minimax_ai|lusamine-nihilego|1578
|player|p2|samohi0|101|1617
|teamsize|p1|6
|teamsize|p2|6
|gen|8
|tier|[Gen 8] OU
|rated|
|rule|Sleep Clause Mod: Limit one foe put to sleep
|rule|Species Clause: Limit one of each Pokémon
|rule|OHKO Clause: OHKO moves are banned
|rule|Evasion Items Clause: Evasion items are banned
|rule|Evasion Moves Clause: Evasion moves are banned
|rule|Endless Battle Clause: Forcing endless battles is banned
|rule|HP Percentage Mod: HP is shown in percentages
|rule|Dynamax Clause: You cannot dynamax
|clearpoke
|poke|p1|Rotom-Wash|
|poke|p1|Weavile, M|
|poke|p1|Landorus-Therian, M|
|poke|p1|Heatran, M|
|poke|p1|Tangrowth, M|
|poke|p1|Melmetal|
|poke|p2|Heatran, F|
|poke|p2|Dragapult, F|
|poke|p2|Toxapex, M|
|poke|p2|Hydreigon, F|
|poke|p2|Landorus-Therian, M|
|poke|p2|Rillaboom, M|
|teampreview
|c|☆minimax_ai|hf
|inactive|Battle timer is ON: inactive players will automatically lose when time's up. (requested by minimax_ai)
|
|t:|1665949928
|start
|switch|p1a: landorustherian|Landorus-Therian, M|100/100
|switch|p2a: Dragapult|Dragapult, F, shiny|100/100
|-ability|p1a: landorustherian|Intimidate|boost
|-unboost|p2a: Dragapult|atk|1
|turn|1
|
|t:|1665949935
|move|p2a: Dragapult|U-turn|p1a: landorustherian
|-resisted|p1a: landorustherian
|-damage|p1a: landorustherian|95/100
|
|t:|1665949938
|switch|p2a: Landorus|Landorus-Therian, M, shiny|100/100|[from]move: U-turn
|-ability|p2a: Landorus|Intimidate|boost
|-unboost|p1a: landorustherian|atk|1
|move|p1a: landorustherian|Toxic|p2a: Landorus
|-status|p2a: Landorus|tox
|
|-heal|p1a: landorustherian|100/100|[from] item: Leftovers
|-damage|p2a: Landorus|94/100 tox|[from] psn
|upkeep
|turn|2
|
|t:|1665949940
|switch|p1a: Heatran|Heatran, M|100/100
|-item|p1a: Heatran|Air Balloon
|move|p2a: Landorus|Toxic|p1a: Heatran
|-immune|p1a: Heatran
|
|-heal|p2a: Landorus|100/100 tox|[from] item: Leftovers
|-damage|p2a: Landorus|88/100 tox|[from] psn
|upkeep
|turn|3
|
|t:|1665949942
|move|p1a: Heatran|Stealth Rock|p2a: Landorus
|-sidestart|p2: samohi0|move: Stealth Rock
|move|p2a: Landorus|U-turn|p1a: Heatran
|-resisted|p1a: Heatran
|-damage|p1a: Heatran|95/100
|-enditem|p1a: Heatran|Air Balloon
|
|t:|1665949945
|switch|p2a: Hydreigon|Hydreigon, F|100/100|[from]move: U-turn
|-damage|p2a: Hydreigon|88/100|[from] Stealth Rock
|
|upkeep
|turn|4
|
|t:|1665949951
|switch|p1a: Melmetal|Melmetal|100/100
|move|p2a: Hydreigon|Earth Power|p1a: Melmetal
|-supereffective|p1a: Melmetal
|-damage|p1a: Melmetal|50/100
|-damage|p2a: Hydreigon|78/100|[from] item: Life Orb
|
|upkeep
|turn|5
|
|t:|1665949953
|move|p2a: Hydreigon|Earth Power|p1a: Melmetal
|-supereffective|p1a: Melmetal
|-damage|p1a: Melmetal|1/100
|-damage|p2a: Hydreigon|68/100|[from] item: Life Orb
|move|p1a: Melmetal|Ice Punch|p2a: Hydreigon
|-supereffective|p2a: Hydreigon
|-damage|p2a: Hydreigon|0 fnt
|faint|p2a: Hydreigon
|
|upkeep
|
|t:|1665949957
|switch|p2a: Dragapult|Dragapult, F, shiny|100/100
|-damage|p2a: Dragapult|88/100|[from] Stealth Rock
|turn|6
|
|t:|1665949958
|switch|p1a: landorustherian|Landorus-Therian, M|100/100
|-ability|p1a: landorustherian|Intimidate|boost
|-unboost|p2a: Dragapult|atk|1
|move|p2a: Dragapult|Shadow Ball|p1a: landorustherian
|-damage|p1a: landorustherian|61/100
|
|-heal|p1a: landorustherian|67/100|[from] item: Leftovers
|upkeep
|turn|7
|
|t:|1665949960
|switch|p1a: Weavile|Weavile, M|100/100
|-ability|p1a: Weavile|Pressure
|move|p2a: Dragapult|Shadow Ball|p1a: Weavile
|-resisted|p1a: Weavile
|-crit|p1a: Weavile
|-damage|p1a: Weavile|39/100
|
|upkeep
|turn|8
|
|t:|1665949962
|switch|p2a: Toxapex|Toxapex, M|100/100
|-damage|p2a: Toxapex|88/100|[from] Stealth Rock
|move|p1a: Weavile|Knock Off|p2a: Toxapex
|-damage|p2a: Toxapex|49/100
|-damage|p1a: Weavile|22/100|[from] item: Rocky Helmet|[of] p2a: Toxapex
|-enditem|p2a: Toxapex|Rocky Helmet|[from] move: Knock Off|[of] p1a: Weavile
|
|upkeep
|turn|9
|
|t:|1665949966
|move|p1a: Weavile|Knock Off|p2a: Toxapex
|-damage|p2a: Toxapex|22/100
|move|p2a: Toxapex|Knock Off|p1a: Weavile
|-resisted|p1a: Weavile
|-crit|p1a: Weavile
|-damage|p1a: Weavile|3/100
|-enditem|p1a: Weavile|Choice Band|[from] move: Knock Off|[of] p2a: Toxapex
|
|upkeep
|turn|10
|
|t:|1665949970
|switch|p1a: rotomwash|Rotom-Wash|100/100
|move|p2a: Toxapex|Recover|p2a: Toxapex
|-heal|p2a: Toxapex|72/100
|
|upkeep
|turn|11
|
|t:|1665949972
|move|p1a: rotomwash|Thunderbolt|p2a: Toxapex
|-supereffective|p2a: Toxapex
|-damage|p2a: Toxapex|18/100
|move|p2a: Toxapex|Recover|p2a: Toxapex
|-heal|p2a: Toxapex|68/100
|
|upkeep
|turn|12
|
|t:|1665949975
|switch|p2a: Landorus|Landorus-Therian, M, shiny|88/100 tox
|-damage|p2a: Landorus|76/100 tox|[from] Stealth Rock
|-ability|p2a: Landorus|Intimidate|boost
|-unboost|p1a: rotomwash|atk|1
|move|p1a: rotomwash|Thunderbolt|p2a: Landorus
|-immune|p2a: Landorus
|
|-heal|p2a: Landorus|82/100 tox|[from] item: Leftovers
|-damage|p2a: Landorus|76/100 tox|[from] psn
|upkeep
|turn|13
|
|t:|1665949976
|move|p1a: rotomwash|Hydro Pump|p2a: Landorus
|-supereffective|p2a: Landorus
|-damage|p2a: Landorus|9/100 tox
|move|p2a: Landorus|U-turn|p1a: rotomwash
|-damage|p1a: rotomwash|78/100
|
|t:|1665949979
|switch|p2a: Dragapult|Dragapult, F, shiny|88/100|[from]move: U-turn
|-damage|p2a: Dragapult|76/100|[from] Stealth Rock
|
|-heal|p1a: rotomwash|84/100|[from] item: Leftovers
|upkeep
|turn|14
|
|t:|1665949981
|switch|p1a: Melmetal|Melmetal|1/100
|move|p2a: Dragapult|Shadow Ball|p1a: Melmetal
|-damage|p1a: Melmetal|0 fnt
|faint|p1a: Melmetal
|
|upkeep
|
|t:|1665949981
|switch|p1a: landorustherian|Landorus-Therian, M|67/100
|-ability|p1a: landorustherian|Intimidate|boost
|-unboost|p2a: Dragapult|atk|1
|turn|15
|
|t:|1665949982
|move|p2a: Dragapult|Shadow Ball|p1a: landorustherian
|-damage|p1a: landorustherian|22/100
|move|p1a: landorustherian|Earthquake|p2a: Dragapult
|-damage|p2a: Dragapult|10/100
|
|-heal|p1a: landorustherian|28/100|[from] item: Leftovers
|upkeep
|turn|16
|
|t:|1665949987
|switch|p1a: Weavile|Weavile, M|3/100
|-ability|p1a: Weavile|Pressure
|move|p2a: Dragapult|Shadow Ball|p1a: Weavile
|-resisted|p1a: Weavile
|-damage|p1a: Weavile|0 fnt
|faint|p1a: Weavile
|
|upkeep
|
|t:|1665949987
|switch|p1a: Heatran|Heatran, M|95/100
|turn|17
|
|t:|1665949988
|move|p2a: Dragapult|Shadow Ball|p1a: Heatran
|-damage|p1a: Heatran|33/100
|move|p1a: Heatran|Earth Power|p2a: Dragapult
|-damage|p2a: Dragapult|0 fnt
|faint|p2a: Dragapult
|
|upkeep
|
|t:|1665949993
|switch|p2a: Heatran|Heatran, F, shiny|100/100
|-damage|p2a: Heatran|88/100|[from] Stealth Rock
|turn|18
|
|t:|1665949997
|switch|p1a: rotomwash|Rotom-Wash|84/100
|move|p2a: Heatran|Earth Power|p1a: rotomwash
|-immune|p1a: rotomwash|[from] ability: Levitate
|
|-heal|p1a: rotomwash|91/100|[from] item: Leftovers
|-heal|p2a: Heatran|94/100|[from] item: Leftovers
|upkeep
|turn|19
|
|t:|1665949999
|move|p1a: rotomwash|Hydro Pump|p2a: Heatran
|-supereffective|p2a: Heatran
|-damage|p2a: Heatran|39/100
|move|p2a: Heatran|Magma Storm|p1a: rotomwash
|-resisted|p1a: rotomwash
|-damage|p1a: rotomwash|67/100
|-activate|p1a: rotomwash|move: Magma Storm|[of] p2a: Heatran
|
|-heal|p1a: rotomwash|73/100|[from] item: Leftovers
|-heal|p2a: Heatran|46/100|[from] item: Leftovers
|-damage|p1a: rotomwash|60/100|[from] move: Magma Storm|[partiallytrapped]
|upkeep
|turn|20
|
|t:|1665950003
|move|p1a: rotomwash|Hydro Pump|p2a: Heatran
|-supereffective|p2a: Heatran
|-damage|p2a: Heatran|0 fnt
|faint|p2a: Heatran
|
|-heal|p1a: rotomwash|67/100|[from] item: Leftovers
|-end|p1a: rotomwash|Magma Storm|[partiallytrapped]|[silent]
|upkeep
|
|t:|1665950004
|switch|p2a: Rillaboom|Rillaboom, M, shiny|100/100
|-damage|p2a: Rillaboom|88/100|[from] Stealth Rock
|-fieldstart|move: Grassy Terrain|[from] ability: Grassy Surge|[of] p2a: Rillaboom
|turn|21
|
|t:|1665950006
|switch|p1a: Tangrowth|Tangrowth, M|100/100
|move|p2a: Rillaboom|Swords Dance|p2a: Rillaboom
|-boost|p2a: Rillaboom|atk|2
|
|-heal|p2a: Rillaboom|94/100|[from] Grassy Terrain
|upkeep
|turn|22
|
|t:|1665950008
|move|p2a: Rillaboom|Swords Dance|p2a: Rillaboom
|-boost|p2a: Rillaboom|atk|2
|move|p1a: Tangrowth|Knock Off|p2a: Rillaboom
|-damage|p2a: Rillaboom|75/100
|-enditem|p2a: Rillaboom|Life Orb|[from] move: Knock Off|[of] p1a: Tangrowth
|
|-heal|p2a: Rillaboom|81/100|[from] Grassy Terrain
|upkeep
|turn|23
|
|t:|1665950012
|move|p2a: Rillaboom|Knock Off|p1a: Tangrowth
|-damage|p1a: Tangrowth|49/100
|-damage|p2a: Rillaboom|64/100|[from] item: Rocky Helmet|[of] p1a: Tangrowth
|-enditem|p1a: Tangrowth|Rocky Helmet|[from] move: Knock Off|[of] p2a: Rillaboom
|move|p1a: Tangrowth|Giga Drain|p2a: Rillaboom
|-resisted|p2a: Rillaboom
|-damage|p2a: Rillaboom|45/100
|-heal|p1a: Tangrowth|58/100|[from] drain|[of] p2a: Rillaboom
|
|-heal|p2a: Rillaboom|51/100|[from] Grassy Terrain
|-heal|p1a: Tangrowth|65/100|[from] Grassy Terrain
|upkeep
|turn|24
|
|t:|1665950017
|switch|p1a: landorustherian|Landorus-Therian, M|28/100
|-ability|p1a: landorustherian|Intimidate|boost
|-unboost|p2a: Rillaboom|atk|1
|move|p2a: Rillaboom|Superpower|p1a: landorustherian
|-resisted|p1a: landorustherian
|-damage|p1a: landorustherian|0 fnt
|-unboost|p2a: Rillaboom|atk|1
|-unboost|p2a: Rillaboom|def|1
|faint|p1a: landorustherian
|
|-heal|p2a: Rillaboom|57/100|[from] Grassy Terrain
|upkeep
|
|t:|1665950017
|switch|p1a: Heatran|Heatran, M|33/100
|turn|25
|
|t:|1665950019
|move|p1a: Heatran|Magma Storm|p2a: Rillaboom|[miss]
|-miss|p1a: Heatran|p2a: Rillaboom
|move|p2a: Rillaboom|Superpower|p1a: Heatran
|-supereffective|p1a: Heatran
|-damage|p1a: Heatran|0 fnt
|-unboost|p2a: Rillaboom|atk|1
|-unboost|p2a: Rillaboom|def|1
|faint|p1a: Heatran
|
|-heal|p2a: Rillaboom|63/100|[from] Grassy Terrain
|-fieldend|move: Grassy Terrain
|upkeep
|
|t:|1665950019
|switch|p1a: Tangrowth|Tangrowth, M|98/100
|turn|26
|
|t:|1665950023
|switch|p2a: Toxapex|Toxapex, M|100/100
|-damage|p2a: Toxapex|88/100|[from] Stealth Rock
|move|p1a: Tangrowth|Giga Drain|p2a: Toxapex
|-damage|p2a: Toxapex|64/100
|-heal|p1a: Tangrowth|100/100|[from] drain|[of] p2a: Toxapex
|
|upkeep
|turn|27
|
|t:|1665950025
|move|p1a: Tangrowth|Sleep Powder|p2a: Toxapex
|-status|p2a: Toxapex|slp|[from] move: Sleep Powder
|cant|p2a: Toxapex|slp
|
|upkeep
|turn|28
|
|t:|1665950027
|switch|p2a: Landorus|Landorus-Therian, M, shiny|9/100 tox
|-damage|p2a: Landorus|0 fnt|[from] Stealth Rock
|faint|p2a: Landorus
|move|p1a: Tangrowth|Giga Drain|p2: Landorus|[notarget]
|-fail|p1a: Tangrowth
|
|upkeep
|
|t:|1665950028
|switch|p2a: Rillaboom|Rillaboom, M, shiny|63/100
|-damage|p2a: Rillaboom|51/100|[from] Stealth Rock
|-fieldstart|move: Grassy Terrain|[from] ability: Grassy Surge|[of] p2a: Rillaboom
|turn|29
|
|t:|1665950029
|move|p2a: Rillaboom|Swords Dance|p2a: Rillaboom
|-boost|p2a: Rillaboom|atk|2
|move|p1a: Tangrowth|Giga Drain|p2a: Rillaboom
|-resisted|p2a: Rillaboom
|-damage|p2a: Rillaboom|29/100
|
|-heal|p2a: Rillaboom|35/100|[from] Grassy Terrain
|upkeep
|turn|30
|
|t:|1665950033
|move|p2a: Rillaboom|Swords Dance|p2a: Rillaboom
|-boost|p2a: Rillaboom|atk|2
|move|p1a: Tangrowth|Giga Drain|p2a: Rillaboom
|-resisted|p2a: Rillaboom
|-damage|p2a: Rillaboom|13/100
|
|-heal|p2a: Rillaboom|20/100|[from] Grassy Terrain
|upkeep
|turn|31
|
|t:|1665950034
|move|p2a: Rillaboom|Superpower|p1a: Tangrowth
|-damage|p1a: Tangrowth|30/100
|-unboost|p2a: Rillaboom|atk|1
|-unboost|p2a: Rillaboom|def|1
|move|p1a: Tangrowth|Giga Drain|p2a: Rillaboom
|-resisted|p2a: Rillaboom
|-damage|p2a: Rillaboom|1/100
|-heal|p1a: Tangrowth|39/100|[from] drain|[of] p2a: Rillaboom
|
|-heal|p2a: Rillaboom|7/100|[from] Grassy Terrain
|-heal|p1a: Tangrowth|46/100|[from] Grassy Terrain
|upkeep
|turn|32
|
|t:|1665950037
|switch|p1a: rotomwash|Rotom-Wash|67/100
|move|p2a: Rillaboom|Superpower|p1a: rotomwash
|-damage|p1a: rotomwash|0 fnt
|-unboost|p2a: Rillaboom|atk|1
|-unboost|p2a: Rillaboom|def|1
|faint|p1a: rotomwash
|
|-heal|p2a: Rillaboom|13/100|[from] Grassy Terrain
|upkeep
|
|t:|1665950037
|switch|p1a: Tangrowth|Tangrowth, M|79/100
|turn|33
|
|t:|1665950041
|move|p2a: Rillaboom|Superpower|p1a: Tangrowth
|-damage|p1a: Tangrowth|30/100
|-unboost|p2a: Rillaboom|atk|1
|-unboost|p2a: Rillaboom|def|1
|move|p1a: Tangrowth|Giga Drain|p2a: Rillaboom
|-resisted|p2a: Rillaboom
|-damage|p2a: Rillaboom|0 fnt
|-heal|p1a: Tangrowth|36/100|[from] drain|[of] p2a: Rillaboom
|faint|p2a: Rillaboom
|
|-heal|p1a: Tangrowth|42/100|[from] Grassy Terrain
|-fieldend|move: Grassy Terrain
|upkeep
|
|t:|1665950043
|switch|p2a: Toxapex|Toxapex, M|98/100 slp
|-damage|p2a: Toxapex|85/100 slp|[from] Stealth Rock
|turn|34
|
|t:|1665950044
|move|p1a: Tangrowth|Giga Drain|p2a: Toxapex
|-damage|p2a: Toxapex|63/100 slp
|-heal|p1a: Tangrowth|50/100|[from] drain|[of] p2a: Toxapex
|cant|p2a: Toxapex|slp
|
|upkeep
|turn|35
|
|t:|1665950046
|move|p1a: Tangrowth|Giga Drain|p2a: Toxapex
|-damage|p2a: Toxapex|38/100 slp
|-heal|p1a: Tangrowth|60/100|[from] drain|[of] p2a: Toxapex
|-curestatus|p2a: Toxapex|slp|[msg]
|move|p2a: Toxapex|Poison Jab|p1a: Tangrowth
|-supereffective|p1a: Tangrowth
|-damage|p1a: Tangrowth|39/100
|
|upkeep
|turn|36
|
|t:|1665950049
|move|p1a: Tangrowth|Sleep Powder|p2a: Toxapex
|-status|p2a: Toxapex|slp|[from] move: Sleep Powder
|cant|p2a: Toxapex|slp
|
|upkeep
|turn|37
|
|t:|1665950050
|move|p1a: Tangrowth|Giga Drain|p2a: Toxapex
|-damage|p2a: Toxapex|14/100 slp
|-heal|p1a: Tangrowth|49/100|[from] drain|[of] p2a: Toxapex
|cant|p2a: Toxapex|slp
|
|upkeep
|turn|38
|
|t:|1665950051
|move|p1a: Tangrowth|Giga Drain|p2a: Toxapex
|-damage|p2a: Toxapex|0 fnt
|-heal|p1a: Tangrowth|53/100|[from] drain|[of] p2a: Toxapex
|faint|p2a: Toxapex
|
|win|minimax_ai
|raw|minimax_ai's rating: 1578 &rarr; <strong>1600</strong><br />(+22 for winning)
|raw|samohi0's rating: 1617 &rarr; <strong>1595</strong><br />(-22 for losing)
|c|☆minimax_ai|gg
