|html|<div class="broadcast-blue"><strong>[Gen 8] OU is currently suspecting Melmetal! For information on how to participate check out the <a href="https://www.smogon.com/forums/threads/np-ss-ou-suspect-process-round-12-monster-mash.3709234/">suspect thread</a>.</strong></div>
|j|☆Raimei Hakkei 2
|j|☆ChandosH
|t:|1666803134
|gametype|singles
|player|p1|Raimei Hakkei 2|265|1671
|player|p2|ChandosH|n-masters|1676
|teamsize|p1|6
|teamsize|p2|6
|gen|8
|tier|[Gen 8] OU
|rated|
|rule|Sleep Clause Mod: Limit one foe put to sleep
|rule|Species Clause: Limit one of each Pokémon
|rule|OHKO Clause: OHKO moves are banned
|rule|Evasion Items Clause: Evasion items are banned
|rule|Evasion Moves Clause: Evasion moves are banned
|rule|Endless Battle Clause: Forcing endless battles is banned
|rule|HP Percentage Mod: HP is shown in percentages
|rule|Dynamax Clause: You cannot dynamax
|clearpoke
|poke|p1|Landorus-Therian, M|
|poke|p1|Kartana|
|poke|p1|Dragonite, M|
|poke|p1|Tyrantrum, F|
|poke|p1|Aegislash, M|
|poke|p1|Chansey, F|
|poke|p2|Toxapex, M|
|poke|p2|Skarmory, M|
|poke|p2|Clefable, F|
|poke|p2|Tapu Koko|
|poke|p2|Hippowdon, M|
|poke|p2|Reuniclus, M|
|teampreview
|inactive|Battle timer is ON: inactive players will automatically lose when time's up. (requested by Raimei Hakkei 2)
|inactive|ChandosH has 120 seconds left.
|
|t:|1666803170
|start
|switch|p1a: Death Destroyer|Aegislash, M|100/100
|switch|p2a: Skarmory|Skarmory, M|100/100
|turn|1
|
|t:|1666803176
|switch|p2a: Toxapex|Toxapex, M|100/100
|-formechange|p1a: Death Destroyer|Aegislash-Blade||[from] ability: Stance Change
|move|p1a: Death Destroyer|Shadow Ball|p2a: Toxapex
|-damage|p2a: Toxapex|52/100
|
|upkeep
|turn|2
|inactive|ChandosH has 120 seconds left.
|
|t:|1666803211
|switch|p1a: Chansey|Chansey, F|100/100
|switch|p2a: Hippowdon|Hippowdon, M|100/100
|-weather|Sandstorm|[from] ability: Sand Stream|[of] p2a: Hippowdon
|
|-weather|Sandstorm|[upkeep]
|-damage|p1a: Chansey|94/100|[from] Sandstorm
|upkeep
|turn|3
|
|t:|1666803218
|switch|p2a: Skarmory|Skarmory, M|100/100
|move|p1a: Chansey|Toxic|p2a: Skarmory
|-immune|p2a: Skarmory
|
|-weather|Sandstorm|[upkeep]
|-damage|p1a: Chansey|88/100|[from] Sandstorm
|upkeep
|turn|4
|
|t:|1666803223
|switch|p1a: Death Destroyer|Aegislash, M|100/100
|move|p2a: Skarmory|Spikes|p1a: Death Destroyer
|-sidestart|p1: Raimei Hakkei 2|Spikes
|
|-weather|Sandstorm|[upkeep]
|upkeep
|turn|5
|
|t:|1666803228
|switch|p2a: Hippowdon|Hippowdon, M|100/100
|-formechange|p1a: Death Destroyer|Aegislash-Blade||[from] ability: Stance Change
|move|p1a: Death Destroyer|Shadow Ball|p2a: Hippowdon
|-damage|p2a: Hippowdon|58/100
|
|-weather|Sandstorm|[upkeep]
|-heal|p2a: Hippowdon|64/100|[from] item: Leftovers
|upkeep
|turn|6
|
|t:|1666803238
|switch|p1a: Raging Drunk|Landorus-Therian, M|100/100
|-ability|p1a: Raging Drunk|Intimidate|boost
|-unboost|p2a: Hippowdon|atk|1
|move|p2a: Hippowdon|Slack Off|p2a: Hippowdon
|-heal|p2a: Hippowdon|100/100
|
|-weather|none
|upkeep
|turn|7
|
|t:|1666803244
|move|p1a: Raging Drunk|Stealth Rock|p2a: Hippowdon
|-sidestart|p2: ChandosH|move: Stealth Rock
|move|p2a: Hippowdon|Toxic|p1a: Raging Drunk
|-status|p1a: Raging Drunk|tox
|-enditem|p1a: Raging Drunk|Lum Berry|[eat]
|-curestatus|p1a: Raging Drunk|tox|[msg]
|
|upkeep
|turn|8
|
|t:|1666803251
|switch|p2a: Skarmory|Skarmory, M|100/100
|-damage|p2a: Skarmory|88/100|[from] Stealth Rock
|move|p1a: Raging Drunk|Knock Off|p2a: Skarmory
|-damage|p2a: Skarmory|70/100
|-damage|p1a: Raging Drunk|84/100|[from] item: Rocky Helmet|[of] p2a: Skarmory
|-enditem|p2a: Skarmory|Rocky Helmet|[from] move: Knock Off|[of] p1a: Raging Drunk
|
|upkeep
|turn|9
|
|t:|1666803262
|switch|p1a: Chansey|Chansey, F|88/100
|-damage|p1a: Chansey|75/100|[from] Spikes
|move|p2a: Skarmory|Spikes|p1a: Chansey
|-sidestart|p1: Raimei Hakkei 2|Spikes
|
|upkeep
|turn|10
|
|t:|1666803267
|switch|p1a: Death Destroyer|Aegislash, M|100/100
|-damage|p1a: Death Destroyer|84/100|[from] Spikes
|move|p2a: Skarmory|Spikes|p1a: Death Destroyer
|-sidestart|p1: Raimei Hakkei 2|Spikes
|
|upkeep
|turn|11
|
|t:|1666803273
|switch|p2a: Hippowdon|Hippowdon, M|100/100
|-damage|p2a: Hippowdon|94/100|[from] Stealth Rock
|-weather|Sandstorm|[from] ability: Sand Stream|[of] p2a: Hippowdon
|-formechange|p1a: Death Destroyer|Aegislash-Blade||[from] ability: Stance Change
|move|p1a: Death Destroyer|Shadow Ball|p2a: Hippowdon
|-damage|p2a: Hippowdon|50/100
|
|-weather|Sandstorm|[upkeep]
|-heal|p2a: Hippowdon|56/100|[from] item: Leftovers
|upkeep
|turn|12
|
|t:|1666803278
|switch|p1a: Raging Drunk|Landorus-Therian, M|84/100
|-ability|p1a: Raging Drunk|Intimidate|boost
|-unboost|p2a: Hippowdon|atk|1
|move|p2a: Hippowdon|Slack Off|p2a: Hippowdon
|-heal|p2a: Hippowdon|100/100
|
|-weather|Sandstorm|[upkeep]
|upkeep
|turn|13
|j| testingteams888
|
|t:|1666803285
|switch|p2a: Skarmory|Skarmory, M|70/100
|-damage|p2a: Skarmory|57/100|[from] Stealth Rock
|move|p1a: Raging Drunk|Knock Off|p2a: Skarmory
|-damage|p2a: Skarmory|44/100
|
|-weather|Sandstorm|[upkeep]
|upkeep
|turn|14
|
|t:|1666803298
|switch|p1a: Chansey|Chansey, F|75/100
|-damage|p1a: Chansey|50/100|[from] Spikes
|move|p2a: Skarmory|Roost|p2a: Skarmory
|-heal|p2a: Skarmory|94/100
|-singleturn|p2a: Skarmory|move: Roost
|
|-weather|Sandstorm|[upkeep]
|-damage|p1a: Chansey|44/100|[from] Sandstorm
|upkeep
|turn|15
|
|t:|1666803306
|move|p2a: Skarmory|Body Press|p1a: Chansey
|-supereffective|p1a: Chansey
|-damage|p1a: Chansey|6/100
|move|p1a: Chansey|Soft-Boiled|p1a: Chansey
|-heal|p1a: Chansey|56/100
|
|-weather|none
|upkeep
|turn|16
|inactive|ChandosH has 120 seconds left.
|
|t:|1666803343
|move|p1a: Chansey|Soft-Boiled|p1a: Chansey
|-heal|p1a: Chansey|100/100
|move|p2a: Skarmory|Whirlwind|p1a: Chansey
|drag|p1a: Raging Drunk|Landorus-Therian, M|84/100
|-ability|p1a: Raging Drunk|Intimidate|boost
|-unboost|p2a: Skarmory|atk|1
|
|upkeep
|turn|17
|inactive|ChandosH has 120 seconds left.
|
|t:|1666803354
|move|p1a: Raging Drunk|Knock Off|p2a: Skarmory
|-damage|p2a: Skarmory|81/100
|move|p2a: Skarmory|Whirlwind|p1a: Raging Drunk
|drag|p1a: Chansey|Chansey, F|100/100
|-damage|p1a: Chansey|75/100|[from] Spikes
|
|upkeep
|turn|18
|
|t:|1666803363
|move|p2a: Skarmory|Body Press|p1a: Chansey
|-supereffective|p1a: Chansey
|-damage|p1a: Chansey|35/100
|move|p1a: Chansey|Soft-Boiled|p1a: Chansey
|-heal|p1a: Chansey|85/100
|
|upkeep
|turn|19
|
|t:|1666803374
|switch|p2a: Toxapex|Toxapex, M|85/100
|-damage|p2a: Toxapex|73/100|[from] Stealth Rock
|move|p1a: Chansey|Seismic Toss|p2a: Toxapex
|-damage|p2a: Toxapex|40/100
|-damage|p1a: Chansey|68/100|[from] item: Rocky Helmet|[of] p2a: Toxapex
|
|upkeep
|turn|20
|
|t:|1666803380
|move|p2a: Toxapex|Recover|p2a: Toxapex
|-heal|p2a: Toxapex|90/100
|move|p1a: Chansey|Teleport|p1a: Chansey
|
|t:|1666803384
|switch|p1a: Raging Drunk|Landorus-Therian, M|84/100|[from]move: Teleport
|-ability|p1a: Raging Drunk|Intimidate|boost
|-unboost|p2a: Toxapex|atk|1
|
|upkeep
|turn|21
|
|t:|1666803399
|switch|p1a: Death Destroyer|Aegislash, M|84/100
|-damage|p1a: Death Destroyer|59/100|[from] Spikes
|switch|p2a: Skarmory|Skarmory, M|81/100
|-damage|p2a: Skarmory|69/100|[from] Stealth Rock
|
|upkeep
|turn|22
|
|t:|1666803405
|switch|p2a: Hippowdon|Hippowdon, M|100/100
|-damage|p2a: Hippowdon|94/100|[from] Stealth Rock
|-weather|Sandstorm|[from] ability: Sand Stream|[of] p2a: Hippowdon
|-formechange|p1a: Death Destroyer|Aegislash-Blade||[from] ability: Stance Change
|move|p1a: Death Destroyer|Shadow Ball|p2a: Hippowdon
|-damage|p2a: Hippowdon|55/100
|
|-weather|Sandstorm|[upkeep]
|-heal|p2a: Hippowdon|61/100|[from] item: Leftovers
|upkeep
|turn|23
|
|t:|1666803412
|move|p1a: Death Destroyer|Shadow Ball|p2a: Hippowdon
|-damage|p2a: Hippowdon|21/100
|move|p2a: Hippowdon|Stealth Rock|p1a: Death Destroyer
|-sidestart|p1: Raimei Hakkei 2|move: Stealth Rock
|
|-weather|Sandstorm|[upkeep]
|-heal|p2a: Hippowdon|27/100|[from] item: Leftovers
|upkeep
|turn|24
|inactive|ChandosH has 120 seconds left.
|
|t:|1666803449
|move|p1a: Death Destroyer|Shadow Ball|p2a: Hippowdon
|-damage|p2a: Hippowdon|0 fnt
|faint|p2a: Hippowdon
|
|-weather|Sandstorm|[upkeep]
|upkeep
|
|t:|1666803470
|switch|p2a: Toxapex|Toxapex, M|100/100
|-damage|p2a: Toxapex|88/100|[from] Stealth Rock
|turn|25
|
|t:|1666803475
|-formechange|p1a: Death Destroyer|Aegislash||[from] ability: Stance Change
|move|p1a: Death Destroyer|King's Shield|p1a: Death Destroyer
|-singleturn|p1a: Death Destroyer|Protect
|move|p2a: Toxapex|Knock Off|p1a: Death Destroyer
|-activate|p1a: Death Destroyer|move: Protect
|-unboost|p2a: Toxapex|atk|1
|
|-weather|Sandstorm|[upkeep]
|-damage|p2a: Toxapex|82/100|[from] Sandstorm
|upkeep
|turn|26
|
|t:|1666803489
|switch|p1a: Chansey|Chansey, F|68/100
|-damage|p1a: Chansey|43/100|[from] Spikes
|-damage|p1a: Chansey|31/100|[from] Stealth Rock
|move|p2a: Toxapex|Scald|p1a: Chansey
|-damage|p1a: Chansey|26/100
|-status|p1a: Chansey|brn
|
|-weather|none
|-damage|p1a: Chansey|19/100 brn|[from] brn
|upkeep
|turn|27
|
|t:|1666803495
|move|p1a: Chansey|Soft-Boiled|p1a: Chansey
|-heal|p1a: Chansey|69/100 brn
|move|p2a: Toxapex|Knock Off|p1a: Chansey
|-damage|p1a: Chansey|64/100 brn
|-enditem|p1a: Chansey|Eviolite|[from] move: Knock Off|[of] p2a: Toxapex
|
|-damage|p1a: Chansey|57/100 brn|[from] brn
|upkeep
|turn|28
|
|t:|1666803516
|switch|p2a: Clefable|Clefable, F|100/100
|move|p1a: Chansey|Soft-Boiled|p1a: Chansey
|-heal|p1a: Chansey|100/100 brn
|
|-damage|p1a: Chansey|94/100 brn|[from] brn
|upkeep
|turn|29
|
|t:|1666803526
|move|p2a: Clefable|Calm Mind|p2a: Clefable
|-boost|p2a: Clefable|spa|1
|-boost|p2a: Clefable|spd|1
|move|p1a: Chansey|Seismic Toss|p2a: Clefable
|-damage|p2a: Clefable|75/100
|
|-heal|p2a: Clefable|81/100|[from] item: Leftovers
|-damage|p1a: Chansey|88/100 brn|[from] brn
|upkeep
|turn|30
|
|t:|1666803530
|move|p2a: Clefable|Calm Mind|p2a: Clefable
|-boost|p2a: Clefable|spa|1
|-boost|p2a: Clefable|spd|1
|move|p1a: Chansey|Teleport|p1a: Chansey
|
|t:|1666803533
|-curestatus|p1a: Chansey|brn|[from] ability: Natural Cure
|switch|p1a: Horai Hakke|Tyrantrum, F|100/100|[from]move: Teleport
|-damage|p1a: Horai Hakke|76/100|[from] Spikes
|-damage|p1a: Horai Hakke|63/100|[from] Stealth Rock
|
|-heal|p2a: Clefable|87/100|[from] item: Leftovers
|upkeep
|turn|31
|j| Sorcier Anguilion
|inactive|ChandosH has 120 seconds left.
|c|☆ChandosH|i kinda had a feeling i should keep my hippo lol
|inactive|ChandosH has 90 seconds left.
|c|☆Raimei Hakkei 2|maybe
|
|t:|1666803594
|move|p1a: Horai Hakke|Head Smash|p2a: Clefable
|-damage|p2a: Clefable|0 fnt
|faint|p2a: Clefable
|
|upkeep
|
|t:|1666803599
|switch|p2a: Tapu Koko|Tapu Koko|100/100
|-fieldstart|move: Electric Terrain|[from] ability: Electric Surge|[of] p2a: Tapu Koko
|turn|32
|
|t:|1666803605
|switch|p1a: Chansey|Chansey, F|88/100
|-damage|p1a: Chansey|63/100|[from] Spikes
|-damage|p1a: Chansey|50/100|[from] Stealth Rock
|move|p2a: Tapu Koko|Dazzling Gleam|p1a: Chansey
|-damage|p1a: Chansey|35/100
|
|upkeep
|turn|33
|
|t:|1666803613
|move|p2a: Tapu Koko|Volt Switch|p1a: Chansey
|-damage|p1a: Chansey|16/100
|
|t:|1666803618
|switch|p2a: Skarmory|Skarmory, M|69/100|[from]move: Volt Switch
|-damage|p2a: Skarmory|57/100|[from] Stealth Rock
|move|p1a: Chansey|Soft-Boiled|p1a: Chansey
|-heal|p1a: Chansey|66/100
|
|upkeep
|turn|34
|
|t:|1666803622
|move|p2a: Skarmory|Roost|p2a: Skarmory
|-heal|p2a: Skarmory|100/100
|-singleturn|p2a: Skarmory|move: Roost
|move|p1a: Chansey|Soft-Boiled|p1a: Chansey
|-heal|p1a: Chansey|100/100
|
|upkeep
|turn|35
|
|t:|1666803627
|move|p2a: Skarmory|Whirlwind|p1a: Chansey
|drag|p1a: Thieving Drunk|Dragonite, M|100/100
|
|upkeep
|turn|36
|
|t:|1666803635
|move|p1a: Thieving Drunk|Dragon Dance|p1a: Thieving Drunk
|-boost|p1a: Thieving Drunk|atk|1
|-boost|p1a: Thieving Drunk|spe|1
|move|p2a: Skarmory|Whirlwind|p1a: Thieving Drunk
|drag|p1a: Raging Drunk|Landorus-Therian, M|84/100
|-damage|p1a: Raging Drunk|72/100|[from] Stealth Rock
|-ability|p1a: Raging Drunk|Intimidate|boost
|-unboost|p2a: Skarmory|atk|1
|
|-fieldend|move: Electric Terrain
|upkeep
|turn|37
|
|t:|1666803640
|move|p1a: Raging Drunk|Knock Off|p2a: Skarmory
|-damage|p2a: Skarmory|89/100
|move|p2a: Skarmory|Whirlwind|p1a: Raging Drunk
|drag|p1a: Thieving Drunk|Dragonite, M|100/100
|
|upkeep
|turn|38
|l| testingteams888
|
|t:|1666803649
|move|p1a: Thieving Drunk|Dual Wingbeat|p2a: Skarmory
|-resisted|p2a: Skarmory
|-damage|p2a: Skarmory|82/100
|-resisted|p2a: Skarmory
|-damage|p2a: Skarmory|76/100
|-hitcount|p2a: Skarmory|2
|move|p2a: Skarmory|Whirlwind|p1a: Thieving Drunk
|drag|p1a: Raging Drunk|Landorus-Therian, M|72/100
|-damage|p1a: Raging Drunk|59/100|[from] Stealth Rock
|-ability|p1a: Raging Drunk|Intimidate|boost
|-unboost|p2a: Skarmory|atk|1
|
|upkeep
|turn|39
|
|t:|1666803653
|move|p1a: Raging Drunk|Knock Off|p2a: Skarmory
|-damage|p2a: Skarmory|64/100
|move|p2a: Skarmory|Roost|p2a: Skarmory
|-heal|p2a: Skarmory|100/100
|-singleturn|p2a: Skarmory|move: Roost
|
|upkeep
|turn|40
|
|t:|1666803657
|move|p1a: Raging Drunk|Knock Off|p2a: Skarmory
|-damage|p2a: Skarmory|88/100
|move|p2a: Skarmory|Whirlwind|p1a: Raging Drunk
|drag|p1a: Kartana|Kartana|100/100
|-damage|p1a: Kartana|76/100|[from] Spikes
|-damage|p1a: Kartana|70/100|[from] Stealth Rock
|
|upkeep
|turn|41
|
|t:|1666803665
|move|p1a: Kartana|Swords Dance|p1a: Kartana
|-boost|p1a: Kartana|atk|2
|move|p2a: Skarmory|Whirlwind|p1a: Kartana
|drag|p1a: Chansey|Chansey, F|100/100
|-damage|p1a: Chansey|75/100|[from] Spikes
|-damage|p1a: Chansey|63/100|[from] Stealth Rock
|
|upkeep
|turn|42
|
|t:|1666803673
|switch|p1a: Raging Drunk|Landorus-Therian, M|59/100
|-damage|p1a: Raging Drunk|47/100|[from] Stealth Rock
|-ability|p1a: Raging Drunk|Intimidate|boost
|-unboost|p2a: Skarmory|atk|1
|move|p2a: Skarmory|Body Press|p1a: Raging Drunk
|-resisted|p1a: Raging Drunk
|-damage|p1a: Raging Drunk|35/100
|
|upkeep
|turn|43
|
|t:|1666803679
|move|p1a: Raging Drunk|Knock Off|p2a: Skarmory
|-damage|p2a: Skarmory|75/100
|move|p2a: Skarmory|Whirlwind|p1a: Raging Drunk
|drag|p1a: Horai Hakke|Tyrantrum, F|63/100
|-damage|p1a: Horai Hakke|38/100|[from] Spikes
|-damage|p1a: Horai Hakke|26/100|[from] Stealth Rock
|
|upkeep
|turn|44
|
|t:|1666803693
|move|p1a: Horai Hakke|Head Smash|p2a: Skarmory
|-damage|p2a: Skarmory|0 fnt
|faint|p2a: Skarmory
|
|upkeep
|c|☆Raimei Hakkei 2|shit is strong
|c|☆ChandosH|yeah
|c|☆Raimei Hakkei 2|I love this mon
|inactive|ChandosH has 120 seconds left.
|c|☆Raimei Hakkei 2|literally destroyers everything except melemtal and ground types
|c|☆ChandosH|that has to be adamant lol
|c|☆Raimei Hakkei 2|yus
|inactive|ChandosH has 90 seconds left.
|
|t:|1666803750
|switch|p2a: Tapu Koko|Tapu Koko|100/100
|-fieldstart|move: Electric Terrain|[from] ability: Electric Surge|[of] p2a: Tapu Koko
|turn|45
|
|t:|1666803757
|move|p2a: Tapu Koko|Dazzling Gleam|p1a: Horai Hakke
|-supereffective|p1a: Horai Hakke
|-damage|p1a: Horai Hakke|0 fnt
|faint|p1a: Horai Hakke
|
|upkeep
|
|t:|1666803780
|switch|p1a: Raging Drunk|Landorus-Therian, M|35/100
|-damage|p1a: Raging Drunk|23/100|[from] Stealth Rock
|-ability|p1a: Raging Drunk|Intimidate|boost
|-unboost|p2a: Tapu Koko|atk|1
|turn|46
|inactive|ChandosH has 90 seconds left.
|c|☆Raimei Hakkei 2|I wonder if my lando could live this
|
|t:|1666803815
|move|p2a: Tapu Koko|Dazzling Gleam|p1a: Raging Drunk
|-damage|p1a: Raging Drunk|0 fnt
|faint|p1a: Raging Drunk
|
|upkeep
|c|☆Raimei Hakkei 2|should have calc'd it lol
|
|t:|1666803825
|switch|p1a: Chansey|Chansey, F|63/100
|-damage|p1a: Chansey|38/100|[from] Spikes
|-damage|p1a: Chansey|25/100|[from] Stealth Rock
|turn|47
|inactive|ChandosH has 90 seconds left.
|c|☆ChandosH|i calc's it lol
|
|t:|1666803838
|move|p2a: Tapu Koko|Thunderbolt|p1a: Chansey
|-damage|p1a: Chansey|1/100
|move|p1a: Chansey|Soft-Boiled|p1a: Chansey
|-heal|p1a: Chansey|51/100
|
|upkeep
|turn|48
|c|☆ChandosH|oof
|inactive|ChandosH has 90 seconds left.
|
|t:|1666803847
|move|p2a: Tapu Koko|Volt Switch|p1a: Chansey
|-damage|p1a: Chansey|35/100
|c|☆Raimei Hakkei 2|lol
|inactive|ChandosH has 90 seconds left.
|
|t:|1666803853
|switch|p2a: Reuniclus|Reuniclus, M|100/100|[from]move: Volt Switch
|move|p1a: Chansey|Soft-Boiled|p1a: Chansey
|-heal|p1a: Chansey|85/100
|
|upkeep
|turn|49
|inactive|ChandosH has 90 seconds left.
|
|t:|1666803863
|move|p2a: Reuniclus|Calm Mind|p2a: Reuniclus
|-boost|p2a: Reuniclus|spa|1
|-boost|p2a: Reuniclus|spd|1
|move|p1a: Chansey|Teleport|p1a: Chansey
|
|t:|1666803866
|switch|p1a: Kartana|Kartana|70/100|[from]move: Teleport
|-damage|p1a: Kartana|45/100|[from] Spikes
|-damage|p1a: Kartana|39/100|[from] Stealth Rock
|
|-fieldend|move: Electric Terrain
|upkeep
|turn|50
|inactive|ChandosH has 90 seconds left.
|
|t:|1666803896
|switch|p2a: Tapu Koko|Tapu Koko|100/100
|-fieldstart|move: Electric Terrain|[from] ability: Electric Surge|[of] p2a: Tapu Koko
|move|p1a: Kartana|Knock Off|p2a: Tapu Koko
|-resisted|p2a: Tapu Koko
|-damage|p2a: Tapu Koko|69/100
|-enditem|p2a: Tapu Koko|Heavy-Duty Boots|[from] move: Knock Off|[of] p1a: Kartana
|
|upkeep
|turn|51
|
|t:|1666803905
|switch|p1a: Chansey|Chansey, F|85/100
|-damage|p1a: Chansey|60/100|[from] Spikes
|-damage|p1a: Chansey|47/100|[from] Stealth Rock
|move|p2a: Tapu Koko|Volt Switch|p1a: Chansey
|-damage|p1a: Chansey|28/100
|
|t:|1666803910
|switch|p2a: Reuniclus|Reuniclus, M|100/100|[from]move: Volt Switch
|
|upkeep
|turn|52
|
|t:|1666803914
|move|p2a: Reuniclus|Psyshock|p1a: Chansey
|-damage|p1a: Chansey|0 fnt
|faint|p1a: Chansey
|
|upkeep
|
|t:|1666803921
|switch|p1a: Kartana|Kartana|39/100
|-damage|p1a: Kartana|14/100|[from] Spikes
|-damage|p1a: Kartana|8/100|[from] Stealth Rock
|turn|53
|
|t:|1666803932
|move|p1a: Kartana|Leaf Blade|p2a: Reuniclus
|-damage|p2a: Reuniclus|56/100
|move|p2a: Reuniclus|Psyshock|p1a: Kartana
|-resisted|p1a: Kartana
|-damage|p1a: Kartana|0 fnt
|faint|p1a: Kartana
|
|-heal|p2a: Reuniclus|62/100|[from] item: Leftovers
|upkeep
|
|t:|1666803942
|switch|p1a: Death Destroyer|Aegislash, M|59/100
|-damage|p1a: Death Destroyer|34/100|[from] Spikes
|-damage|p1a: Death Destroyer|28/100|[from] Stealth Rock
|turn|54
|
|t:|1666803949
|-formechange|p1a: Death Destroyer|Aegislash-Blade||[from] ability: Stance Change
|move|p1a: Death Destroyer|Shadow Ball|p2a: Reuniclus
|-supereffective|p2a: Reuniclus
|-damage|p2a: Reuniclus|0 fnt
|faint|p2a: Reuniclus
|
|-fieldend|move: Electric Terrain
|upkeep
|
|t:|1666803954
|switch|p2a: Tapu Koko|Tapu Koko|69/100
|-damage|p2a: Tapu Koko|56/100|[from] Stealth Rock
|-fieldstart|move: Electric Terrain|[from] ability: Electric Surge|[of] p2a: Tapu Koko
|turn|55
|
|t:|1666803961
|-formechange|p1a: Death Destroyer|Aegislash||[from] ability: Stance Change
|move|p1a: Death Destroyer|King's Shield|p1a: Death Destroyer
|-singleturn|p1a: Death Destroyer|Protect
|move|p2a: Tapu Koko|Thunderbolt|p1a: Death Destroyer
|-activate|p1a: Death Destroyer|move: Protect
|
|upkeep
|turn|56
|
|t:|1666803966
|-formechange|p1a: Death Destroyer|Aegislash-Blade||[from] ability: Stance Change
|move|p1a: Death Destroyer|Shadow Sneak|p2a: Tapu Koko
|-damage|p2a: Tapu Koko|22/100
|move|p2a: Tapu Koko|Thunderbolt|p1a: Death Destroyer
|-damage|p1a: Death Destroyer|0 fnt
|faint|p1a: Death Destroyer
|
|upkeep
|
|t:|1666803970
|switch|p1a: Thieving Drunk|Dragonite, M|100/100
|turn|57
|
|t:|1666803977
|move|p2a: Tapu Koko|Volt Switch|p1a: Thieving Drunk
|-damage|p1a: Thieving Drunk|79/100
|
|t:|1666803980
|switch|p2a: Toxapex|Toxapex, M|100/100|[from]move: Volt Switch
|-damage|p2a: Toxapex|88/100|[from] Stealth Rock
|move|p1a: Thieving Drunk|Dragon Dance|p1a: Thieving Drunk
|-boost|p1a: Thieving Drunk|atk|1
|-boost|p1a: Thieving Drunk|spe|1
|
|upkeep
|turn|58
|
|t:|1666803985
|move|p1a: Thieving Drunk|Earthquake|p2a: Toxapex
|-supereffective|p2a: Toxapex
|-damage|p2a: Toxapex|24/100
|move|p2a: Toxapex|Haze|p2a: Toxapex
|-clearallboost
|
|upkeep
|turn|59
|
|t:|1666804001
|move|p1a: Thieving Drunk|Roost|p1a: Thieving Drunk
|-heal|p1a: Thieving Drunk|100/100
|-singleturn|p1a: Thieving Drunk|move: Roost
|move|p2a: Toxapex|Scald|p1a: Thieving Drunk
|-resisted|p1a: Thieving Drunk
|-damage|p1a: Thieving Drunk|96/100
|
|-fieldend|move: Electric Terrain
|upkeep
|turn|60
|
|t:|1666804006
|move|p1a: Thieving Drunk|Earthquake|p2a: Toxapex
|-supereffective|p2a: Toxapex
|-damage|p2a: Toxapex|0 fnt
|faint|p2a: Toxapex
|
|upkeep
|
|t:|1666804011
|switch|p2a: Tapu Koko|Tapu Koko|22/100
|-damage|p2a: Tapu Koko|10/100|[from] Stealth Rock
|-fieldstart|move: Electric Terrain|[from] ability: Electric Surge|[of] p2a: Tapu Koko
|turn|61
|
|t:|1666804016
|move|p2a: Tapu Koko|Dazzling Gleam|p1a: Thieving Drunk
|-supereffective|p1a: Thieving Drunk
|-damage|p1a: Thieving Drunk|22/100
|move|p1a: Thieving Drunk|Earthquake|p2a: Tapu Koko
|-supereffective|p2a: Tapu Koko
|-damage|p2a: Tapu Koko|0 fnt
|faint|p2a: Tapu Koko
|
|win|Raimei Hakkei 2
|raw|Raimei Hakkei 2's rating: 1671 &rarr; <strong>1691</strong><br />(+20 for winning)
|raw|ChandosH's rating: 1676 &rarr; <strong>1656</strong><br />(-20 for losing)
|c|☆Raimei Hakkei 2|gg wp
|c|☆ChandosH|gg
|l|☆Raimei Hakkei 2
|l| Sorcier Anguilion
|l|☆ChandosH
