|j|☆i lost noob again
|j|☆POLYKlNG
|t:|1642340351
|gametype|singles
|player|p1|i lost noob again|misty-gen1|1671
|player|p2|POLYKlNG|hilbert|1650
|teamsize|p1|6
|teamsize|p2|6
|gen|8
|tier|[Gen 8] OU
|rated|
|rule|Sleep Clause Mod: Limit one foe put to sleep
|rule|Species Clause: Limit one of each Pokémon
|rule|OHKO Clause: OHKO moves are banned
|rule|Evasion Moves Clause: Evasion moves are banned
|rule|Endless Battle Clause: Forcing endless battles is banned
|rule|HP Percentage Mod: HP is shown in percentages
|rule|Dynamax Clause: You cannot dynamax
|clearpoke
|poke|p1|Pelipper, F|
|poke|p1|Seismitoad, M|
|poke|p1|Crawdaunt, F|
|poke|p1|Blissey, F|
|poke|p1|Amoonguss, F|
|poke|p1|Tyranitar, F|
|poke|p2|Tapu Fini|
|poke|p2|Mamoswine, F|
|poke|p2|Magnezone|
|poke|p2|Dragonite, F|
|poke|p2|Heatran, F|
|poke|p2|Kartana|
|teampreview
|inactive|Battle timer is ON: inactive players will automatically lose when time's up. (requested by POLYKlNG)
|inactive|POLYKlNG has 120 seconds left.
|
|t:|1642340384
|start
|switch|p1a: Pelipper|Pelipper, F|100/100
|switch|p2a: Mamoswine|Mamoswine, F|100/100
|-weather|RainDance|[from] ability: Drizzle|[of] p1a: Pelipper
|turn|1
|
|t:|1642340405
|switch|p2a: Tapu Fini|Tapu Fini|100/100
|-fieldstart|move: Misty Terrain|[from] ability: Misty Surge|[of] p2a: Tapu Fini
|move|p1a: Pelipper|Surf|p2a: Tapu Fini
|-resisted|p2a: Tapu Fini
|-damage|p2a: Tapu Fini|71/100
|
|-weather|RainDance|[upkeep]
|upkeep
|turn|2
|
|t:|1642340425
|switch|p1a: Blissey|Blissey, F|100/100
|move|p2a: Tapu Fini|Knock Off|p1a: Blissey
|-damage|p1a: Blissey|85/100
|-enditem|p1a: Blissey|Heavy-Duty Boots|[from] move: Knock Off|[of] p2a: Tapu Fini
|
|-weather|RainDance|[upkeep]
|upkeep
|turn|3
|
|t:|1642340430
|move|p2a: Tapu Fini|Hydro Pump|p1a: Blissey
|-damage|p1a: Blissey|62/100
|move|p1a: Blissey|Seismic Toss|p2a: Tapu Fini
|-damage|p2a: Tapu Fini|35/100
|
|-weather|RainDance|[upkeep]
|upkeep
|turn|4
|
|t:|1642340434
|switch|p2a: Heatran|Heatran, F|100/100
|move|p1a: Blissey|Stealth Rock|p2a: Heatran
|-sidestart|p2: POLYKlNG|move: Stealth Rock
|
|-weather|RainDance|[upkeep]
|upkeep
|turn|5
|
|t:|1642340437
|switch|p1a: Seismitoad|Seismitoad, M|100/100
|move|p2a: Heatran|Stealth Rock|p1a: Seismitoad
|-sidestart|p1: i lost noob again|move: Stealth Rock
|
|-weather|RainDance|[upkeep]
|-fieldend|Misty Terrain
|upkeep
|turn|6
|
|t:|1642340466
|move|p1a: Seismitoad|Weather Ball|p2a: Heatran
|-supereffective|p2a: Heatran
|-damage|p2a: Heatran|0 fnt
|faint|p2a: Heatran
|
|-weather|RainDance|[upkeep]
|upkeep
|inactive|POLYKlNG has 120 seconds left.
|
|t:|1642340496
|switch|p2a: Tapu Fini|Tapu Fini|35/100
|-damage|p2a: Tapu Fini|23/100|[from] Stealth Rock
|-fieldstart|move: Misty Terrain|[from] ability: Misty Surge|[of] p2a: Tapu Fini
|turn|7
|
|t:|1642340514
|switch|p2a: Dragonite|Dragonite, F|100/100
|move|p1a: Seismitoad|Weather Ball|p2a: Dragonite
|-resisted|p2a: Dragonite
|-damage|p2a: Dragonite|77/100
|
|-weather|RainDance|[upkeep]
|upkeep
|turn|8
|
|t:|1642340518
|switch|p1a: Tyranitar|Tyranitar, F|100/100
|-damage|p1a: Tyranitar|88/100|[from] Stealth Rock
|-weather|Sandstorm|[from] ability: Sand Stream|[of] p1a: Tyranitar
|switch|p2a: Tapu Fini|Tapu Fini|23/100
|-damage|p2a: Tapu Fini|10/100|[from] Stealth Rock
|
|-weather|Sandstorm|[upkeep]
|-damage|p2a: Tapu Fini|4/100|[from] Sandstorm
|upkeep
|turn|9
|inactive|POLYKlNG has 120 seconds left.
|
|t:|1642340527
|switch|p1a: Blissey|Blissey, F|62/100
|-damage|p1a: Blissey|50/100|[from] Stealth Rock
|move|p2a: Tapu Fini|Moonblast|p1a: Blissey
|-damage|p1a: Blissey|36/100
|
|-weather|Sandstorm|[upkeep]
|-damage|p2a: Tapu Fini|0 fnt|[from] Sandstorm
|-damage|p1a: Blissey|30/100|[from] Sandstorm
|faint|p2a: Tapu Fini
|upkeep
|inactive|POLYKlNG has 120 seconds left.
|
|t:|1642340541
|switch|p2a: Dragonite|Dragonite, F|77/100
|turn|10
|
|t:|1642340549
|switch|p1a: Pelipper|Pelipper, F|100/100
|-damage|p1a: Pelipper|76/100|[from] Stealth Rock
|-weather|RainDance|[from] ability: Drizzle|[of] p1a: Pelipper
|move|p2a: Dragonite|Earthquake|p1a: Pelipper
|-immune|p1a: Pelipper
|
|-weather|RainDance|[upkeep]
|upkeep
|turn|11
|
|t:|1642340554
|switch|p1a: Seismitoad|Seismitoad, M|100/100
|-damage|p1a: Seismitoad|95/100|[from] Stealth Rock
|move|p2a: Dragonite|Dragon Dance|p2a: Dragonite
|-boost|p2a: Dragonite|atk|1
|-boost|p2a: Dragonite|spe|1
|
|-weather|RainDance|[upkeep]
|-fieldend|Misty Terrain
|upkeep
|turn|12
|
|t:|1642340564
|move|p1a: Seismitoad|Icy Wind|p2a: Dragonite
|-supereffective|p2a: Dragonite
|-damage|p2a: Dragonite|0 fnt
|faint|p2a: Dragonite
|
|-weather|RainDance|[upkeep]
|upkeep
|
|t:|1642340567
|switch|p2a: Kartana|Kartana|100/100
|-damage|p2a: Kartana|94/100|[from] Stealth Rock
|turn|13
|
|t:|1642340573
|switch|p1a: Amoonguss|Amoonguss, F|100/100
|-damage|p1a: Amoonguss|88/100|[from] Stealth Rock
|move|p2a: Kartana|Knock Off|p1a: Amoonguss
|-damage|p1a: Amoonguss|59/100
|-damage|p2a: Kartana|78/100|[from] item: Rocky Helmet|[of] p1a: Amoonguss
|-enditem|p1a: Amoonguss|Rocky Helmet|[from] move: Knock Off|[of] p2a: Kartana
|
|-weather|RainDance|[upkeep]
|upkeep
|turn|14
|
|t:|1642340578
|switch|p2a: Magnezone|Magnezone, shiny|100/100
|-damage|p2a: Magnezone|94/100|[from] Stealth Rock
|-item|p2a: Magnezone|Air Balloon
|move|p1a: Amoonguss|Spore|p2a: Magnezone
|-status|p2a: Magnezone|slp|[from] move: Spore
|
|-weather|RainDance|[upkeep]
|upkeep
|turn|15
|
|t:|1642340584
|switch|p2a: Kartana|Kartana|78/100
|-damage|p2a: Kartana|72/100|[from] Stealth Rock
|switch|p1a: Seismitoad|Seismitoad, M|95/100
|-damage|p1a: Seismitoad|89/100|[from] Stealth Rock
|
|-weather|RainDance|[upkeep]
|upkeep
|turn|16
|
|t:|1642340588
|switch|p1a: Amoonguss|Amoonguss, F|92/100
|-damage|p1a: Amoonguss|79/100|[from] Stealth Rock
|move|p2a: Kartana|Leaf Blade|p1a: Amoonguss
|-resisted|p1a: Amoonguss
|-damage|p1a: Amoonguss|69/100
|
|-weather|RainDance|[upkeep]
|upkeep
|turn|17
|
|t:|1642340591
|switch|p2a: Magnezone|Magnezone, shiny|94/100 slp
|-damage|p2a: Magnezone|88/100 slp|[from] Stealth Rock
|-item|p2a: Magnezone|Air Balloon
|move|p1a: Amoonguss|Foul Play|p2a: Magnezone
|-damage|p2a: Magnezone|80/100 slp
|-enditem|p2a: Magnezone|Air Balloon
|
|-weather|none
|upkeep
|turn|18
|
|t:|1642340600
|switch|p2a: Mamoswine|Mamoswine, F|100/100
|-damage|p2a: Mamoswine|88/100|[from] Stealth Rock
|move|p1a: Amoonguss|Foul Play|p2a: Mamoswine
|-damage|p2a: Mamoswine|48/100
|
|-heal|p2a: Mamoswine|54/100|[from] item: Leftovers
|upkeep
|turn|19
|
|t:|1642340604
|switch|p1a: Crawdaunt|Crawdaunt, F|100/100
|-damage|p1a: Crawdaunt|88/100|[from] Stealth Rock
|move|p2a: Mamoswine|Icicle Crash|p1a: Crawdaunt
|-resisted|p1a: Crawdaunt
|-damage|p1a: Crawdaunt|53/100
|
|-heal|p2a: Mamoswine|60/100|[from] item: Leftovers
|upkeep
|turn|20
|
|t:|1642340616
|switch|p2a: Magnezone|Magnezone, shiny|80/100 slp
|-damage|p2a: Magnezone|73/100 slp|[from] Stealth Rock
|move|p1a: Crawdaunt|Aqua Jet|p2a: Magnezone
|-damage|p2a: Magnezone|39/100 slp
|
|upkeep
|turn|21
|
|t:|1642340620
|switch|p1a: Seismitoad|Seismitoad, M|89/100
|-damage|p1a: Seismitoad|83/100|[from] Stealth Rock
|cant|p2a: Magnezone|slp
|
|upkeep
|turn|22
|
|t:|1642340624
|move|p1a: Seismitoad|Earth Power|p2a: Magnezone
|-supereffective|p2a: Magnezone
|-damage|p2a: Magnezone|0 fnt
|faint|p2a: Magnezone
|
|upkeep
|
|t:|1642340631
|switch|p2a: Kartana|Kartana|72/100
|-damage|p2a: Kartana|65/100|[from] Stealth Rock
|turn|23
|
|t:|1642340634
|switch|p2a: Mamoswine|Mamoswine, F|60/100
|-damage|p2a: Mamoswine|48/100|[from] Stealth Rock
|switch|p1a: Amoonguss|Amoonguss, F|100/100
|-damage|p1a: Amoonguss|88/100|[from] Stealth Rock
|
|-heal|p2a: Mamoswine|54/100|[from] item: Leftovers
|upkeep
|turn|24
|
|t:|1642340636
|switch|p1a: Pelipper|Pelipper, F|76/100
|-damage|p1a: Pelipper|51/100|[from] Stealth Rock
|-weather|RainDance|[from] ability: Drizzle|[of] p1a: Pelipper
|move|p2a: Mamoswine|Icicle Crash|p1a: Pelipper
|-damage|p1a: Pelipper|0 fnt
|faint|p1a: Pelipper
|
|-weather|RainDance|[upkeep]
|-heal|p2a: Mamoswine|60/100|[from] item: Leftovers
|upkeep
|
|t:|1642340640
|switch|p1a: Seismitoad|Seismitoad, M|83/100
|-damage|p1a: Seismitoad|77/100|[from] Stealth Rock
|turn|25
|
|t:|1642340644
|move|p2a: Mamoswine|Ice Shard|p1a: Seismitoad
|-damage|p1a: Seismitoad|48/100
|move|p1a: Seismitoad|Weather Ball|p2a: Mamoswine
|-supereffective|p2a: Mamoswine
|-damage|p2a: Mamoswine|0 fnt
|faint|p2a: Mamoswine
|
|-weather|RainDance|[upkeep]
|upkeep
|
|t:|1642340646
|switch|p2a: Kartana|Kartana|65/100
|-damage|p2a: Kartana|59/100|[from] Stealth Rock
|turn|26
|
|t:|1642340652
|switch|p1a: Amoonguss|Amoonguss, F|100/100
|-damage|p1a: Amoonguss|88/100|[from] Stealth Rock
|move|p2a: Kartana|Smart Strike|p1a: Amoonguss
|-damage|p1a: Amoonguss|57/100
|
|-weather|RainDance|[upkeep]
|upkeep
|turn|27
|
|t:|1642340655
|move|p2a: Kartana|Smart Strike|p1a: Amoonguss
|-damage|p1a: Amoonguss|22/100
|move|p1a: Amoonguss|Foul Play|p2a: Kartana
|-damage|p2a: Kartana|18/100
|
|-weather|RainDance|[upkeep]
|upkeep
|turn|28
|
|t:|1642340658
|move|p2a: Kartana|Smart Strike|p1a: Amoonguss
|-damage|p1a: Amoonguss|0 fnt
|faint|p1a: Amoonguss
|-ability|p2a: Kartana|Beast Boost|boost
|-boost|p2a: Kartana|atk|1
|
|-weather|RainDance|[upkeep]
|upkeep
|c|☆POLYKlNG|gg
|
|t:|1642340662
|switch|p1a: Crawdaunt|Crawdaunt, F|53/100
|-damage|p1a: Crawdaunt|41/100|[from] Stealth Rock
|turn|29
|
|t:|1642340664
|move|p1a: Crawdaunt|Aqua Jet|p2a: Kartana
|-resisted|p2a: Kartana
|-damage|p2a: Kartana|0 fnt
|faint|p2a: Kartana
|
|win|i lost noob again
|raw|i lost noob again's rating: 1671 &rarr; <strong>1690</strong><br />(+19 for winning)
|raw|POLYKlNG's rating: 1650 &rarr; <strong>1631</strong><br />(-19 for losing)
|l|☆POLYKlNG
