|j|☆JoJo Reference #10
|j|☆yung_iznamakin
|t:|1648168351
|gametype|singles
|player|p1|JoJo Reference #10|red-gen2|1485
|player|p2|yung_iznamakin|ninjaboy|1482
|teamsize|p1|6
|teamsize|p2|6
|gen|8
|tier|[Gen 8] OU
|rated|
|rule|Sleep Clause Mod: Limit one foe put to sleep
|rule|Species Clause: Limit one of each Pokémon
|rule|OHKO Clause: OHKO moves are banned
|rule|Evasion Moves Clause: Evasion moves are banned
|rule|Endless Battle Clause: Forcing endless battles is banned
|rule|HP Percentage Mod: HP is shown in percentages
|rule|Dynamax Clause: You cannot dynamax
|clearpoke
|poke|p1|Tapu Koko|
|poke|p1|Clawitzer, M|
|poke|p1|Regieleki|
|poke|p1|Zapdos-Galar|
|poke|p1|Slowking, M|
|poke|p1|Heatran, F|
|poke|p2|Slowbro, M|
|poke|p2|Clefable, M|
|poke|p2|Kommo-o, M|
|poke|p2|Zapdos|
|poke|p2|Weavile, M|
|poke|p2|Volcarona, M|
|teampreview
|
|t:|1648168360
|start
|switch|p1a: Tapu Koko|Tapu Koko|100/100
|switch|p2a: Zapdos|Zapdos|100/100
|-fieldstart|move: Electric Terrain|[from] ability: Electric Surge|[of] p1a: Tapu Koko
|-ability|p2a: Zapdos|Pressure
|turn|1
|
|t:|1648168369
|move|p1a: Tapu Koko|Thunderbolt|p2a: Zapdos
|-damage|p2a: Zapdos|50/100
|move|p2a: Zapdos|U-turn|p1a: Tapu Koko
|-resisted|p1a: Tapu Koko
|-damage|p1a: Tapu Koko|92/100
|inactive|Battle timer is ON: inactive players will automatically lose when time's up. (requested by yung_iznamakin)
|
|t:|1648168374
|switch|p2a: Volcarona|Volcarona, M|100/100|[from]move: U-turn
|
|upkeep
|turn|2
|
|t:|1648168378
|switch|p2a: Kommo-o|Kommo-o, M|100/100
|move|p1a: Tapu Koko|Volt Switch|p2a: Kommo-o
|-resisted|p2a: Kommo-o
|-damage|p2a: Kommo-o|85/100
|
|t:|1648168382
|switch|p1a: Zapdos|Zapdos-Galar|100/100|[from]move: Volt Switch
|
|-heal|p2a: Kommo-o|91/100|[from] item: Leftovers
|upkeep
|turn|3
|
|t:|1648168389
|move|p2a: Kommo-o|Protect|p2a: Kommo-o
|-singleturn|p2a: Kommo-o|Protect
|move|p1a: Zapdos|U-turn|p2a: Kommo-o
|-activate|p2a: Kommo-o|move: Protect
|
|-heal|p2a: Kommo-o|97/100|[from] item: Leftovers
|upkeep
|turn|4
|
|t:|1648168397
|move|p1a: Zapdos|U-turn|p2a: Kommo-o
|-resisted|p2a: Kommo-o
|-crit|p2a: Kommo-o
|-damage|p2a: Kommo-o|81/100
|
|t:|1648168400
|switch|p1a: Slowking|Slowking, M|100/100|[from]move: U-turn
|move|p2a: Kommo-o|Stealth Rock|p1a: Slowking
|-sidestart|p1: JoJo Reference #10|move: Stealth Rock
|
|-heal|p2a: Kommo-o|87/100|[from] item: Leftovers
|upkeep
|turn|5
|
|t:|1648168406
|move|p2a: Kommo-o|Toxic|p1a: Slowking
|-status|p1a: Slowking|tox
|move|p1a: Slowking|Future Sight|p2a: Kommo-o
|-start|p1a: Slowking|move: Future Sight
|
|-heal|p2a: Kommo-o|93/100|[from] item: Leftovers
|-damage|p1a: Slowking|94/100 tox|[from] psn
|upkeep
|turn|6
|
|t:|1648168413
|switch|p2a: Slowbro|Slowbro, M|100/100
|move|p1a: Slowking|Teleport|p1a: Slowking
|
|t:|1648168416
|switch|p1a: Clawitzer|Clawitzer, M|100/100|[from]move: Teleport
|-damage|p1a: Clawitzer|88/100|[from] Stealth Rock
|
|upkeep
|turn|7
|
|t:|1648168421
|move|p1a: Clawitzer|Terrain Pulse|p2a: Slowbro
|-supereffective|p2a: Slowbro
|-damage|p2a: Slowbro|0 fnt
|faint|p2a: Slowbro
|
|-hint|Future Sight did not hit because the target is fainted.
|upkeep
|
|t:|1648168427
|switch|p2a: Weavile|Weavile, M|100/100
|-ability|p2a: Weavile|Pressure
|turn|8
|
|t:|1648168436
|switch|p1a: Zapdos|Zapdos-Galar|100/100
|-damage|p1a: Zapdos|88/100|[from] Stealth Rock
|move|p2a: Weavile|Knock Off|p1a: Zapdos
|-resisted|p1a: Zapdos
|-damage|p1a: Zapdos|46/100
|-enditem|p1a: Zapdos|Choice Band|[from] move: Knock Off|[of] p2a: Weavile
|
|-fieldend|move: Electric Terrain
|upkeep
|turn|9
|
|t:|1648168444
|switch|p2a: Zapdos|Zapdos|50/100
|-ability|p2a: Zapdos|Pressure
|move|p1a: Zapdos|Brave Bird|p2a: Zapdos
|-resisted|p2a: Zapdos
|-damage|p2a: Zapdos|27/100
|-damage|p1a: Zapdos|37/100|[from] Recoil
|
|upkeep
|turn|10
|
|t:|1648168455
|move|p1a: Zapdos|U-turn|p2a: Zapdos
|-resisted|p2a: Zapdos
|-damage|p2a: Zapdos|19/100
|
|t:|1648168457
|switch|p1a: Tapu Koko|Tapu Koko|92/100|[from]move: U-turn
|-damage|p1a: Tapu Koko|80/100|[from] Stealth Rock
|-fieldstart|move: Electric Terrain|[from] ability: Electric Surge|[of] p1a: Tapu Koko
|move|p2a: Zapdos|Roost|p2a: Zapdos
|-heal|p2a: Zapdos|69/100
|-singleturn|p2a: Zapdos|move: Roost
|
|upkeep
|turn|11
|
|t:|1648168466
|move|p1a: Tapu Koko|Thunderbolt|p2a: Zapdos
|-damage|p2a: Zapdos|23/100
|move|p2a: Zapdos|Roost|p2a: Zapdos
|-heal|p2a: Zapdos|74/100
|-singleturn|p2a: Zapdos|move: Roost
|
|upkeep
|turn|12
|
|t:|1648168473
|switch|p2a: Clefable|Clefable, M|100/100
|move|p1a: Tapu Koko|Volt Switch|p2a: Clefable
|-damage|p2a: Clefable|74/100
|
|t:|1648168475
|switch|p1a: Regieleki|Regieleki|100/100|[from]move: Volt Switch
|
|-heal|p2a: Clefable|80/100|[from] item: Leftovers
|upkeep
|turn|13
|
|t:|1648168482
|move|p2a: Clefable|Protect|p2a: Clefable
|-singleturn|p2a: Clefable|Protect
|move|p1a: Regieleki|Rising Voltage|p2a: Clefable
|-activate|p2a: Clefable|move: Protect
|
|-heal|p2a: Clefable|86/100|[from] item: Leftovers
|upkeep
|turn|14
|
|t:|1648168490
|move|p1a: Regieleki|Rising Voltage|p2a: Clefable
|-damage|p2a: Clefable|6/100
|move|p2a: Clefable|Thunder Wave|p1a: Regieleki
|-immune|p1a: Regieleki
|
|-heal|p2a: Clefable|12/100|[from] item: Leftovers
|upkeep
|turn|15
|-message|yung_iznamakin forfeited.
|
|win|JoJo Reference #10
|raw|JoJo Reference #10's rating: 1485 &rarr; <strong>1505</strong><br />(+20 for winning)
|raw|yung_iznamakin's rating: 1482 &rarr; <strong>1462</strong><br />(-20 for losing)
|l|☆yung_iznamakin
