|j|☆Qinglan
|j|☆yung_iznamakin
|t:|1650086642
|gametype|singles
|player|p1|Qinglan|cynthia|1509
|player|p2|yung_iznamakin|brendan-gen3|1578
|teamsize|p1|6
|teamsize|p2|6
|gen|8
|tier|[Gen 8] OU
|rated|
|rule|Sleep Clause Mod: Limit one foe put to sleep
|rule|Species Clause: Limit one of each Pokémon
|rule|OHKO Clause: OHKO moves are banned
|rule|Evasion Moves Clause: Evasion moves are banned
|rule|Endless Battle Clause: Forcing endless battles is banned
|rule|HP Percentage Mod: HP is shown in percentages
|rule|Dynamax Clause: You cannot dynamax
|clearpoke
|poke|p1|Heatran, M|
|poke|p1|Landorus-Therian, M|
|poke|p1|Weavile, M|
|poke|p1|Tapu Fini|
|poke|p1|Ferrothorn, M|
|poke|p1|Tornadus-Therian, M|
|poke|p2|Tapu Lele|
|poke|p2|Hawlucha, M|
|poke|p2|Nidoking, M|
|poke|p2|Mandibuzz, F|
|poke|p2|Toxapex, M|
|poke|p2|Landorus-Therian, M|
|teampreview
|inactive|Battle timer is ON: inactive players will automatically lose when time's up. (requested by yung_iznamakin)
|
|t:|1650086674
|start
|switch|p1a: Weavile|Weavile, M|100/100
|switch|p2a: Nidoking|Nidoking, M|100/100
|-ability|p1a: Weavile|Pressure
|turn|1
|
|t:|1650086693
|switch|p2a: Toxapex|Toxapex, M, shiny|100/100
|move|p1a: Weavile|Icicle Crash|p2a: Toxapex
|-resisted|p2a: Toxapex
|-damage|p2a: Toxapex|88/100
|-enditem|p2a: Toxapex|Eject Button
|
|t:|1650086700
|switch|p2a: Tapu Lele|Tapu Lele, shiny|100/100
|-fieldstart|move: Psychic Terrain|[from] ability: Psychic Surge|[of] p2a: Tapu Lele
|
|upkeep
|turn|2
|j| Imaketerribleplays
|
|t:|1650086706
|switch|p2a: Hawlucha|Hawlucha, M, shiny|100/100
|-enditem|p2a: Hawlucha|Psychic Seed
|-boost|p2a: Hawlucha|spd|1|[from] item: Psychic Seed
|switch|p1a: Tornadus|Tornadus-Therian, M|100/100
|
|upkeep
|turn|3
|
|t:|1650086713
|move|p2a: Hawlucha|Swords Dance|p2a: Hawlucha
|-boost|p2a: Hawlucha|atk|2
|move|p1a: Tornadus|Hurricane|p2a: Hawlucha
|-supereffective|p2a: Hawlucha
|-damage|p2a: Hawlucha|13/100
|
|upkeep
|turn|4
|j| Ctannn
|
|t:|1650086724
|switch|p1a: Ferrothorn|Ferrothorn, M|100/100
|move|p2a: Hawlucha|Stone Edge|p1a: Ferrothorn|[miss]
|-miss|p2a: Hawlucha|p1a: Ferrothorn
|
|upkeep
|turn|5
|j| ItJustSamX
|
|t:|1650086736
|switch|p1a: Landorus|Landorus-Therian, M|100/100
|-ability|p1a: Landorus|Intimidate|boost
|-unboost|p2a: Hawlucha|atk|1
|move|p2a: Hawlucha|Close Combat|p1a: Landorus
|-resisted|p1a: Landorus
|-damage|p1a: Landorus|68/100
|-unboost|p2a: Hawlucha|def|1
|-unboost|p2a: Hawlucha|spd|1
|
|-heal|p1a: Landorus|74/100|[from] item: Leftovers
|-fieldend|move: Psychic Terrain
|upkeep
|turn|6
|
|t:|1650086748
|move|p2a: Hawlucha|Close Combat|p1a: Landorus
|-resisted|p1a: Landorus
|-damage|p1a: Landorus|44/100
|-unboost|p2a: Hawlucha|def|1
|-unboost|p2a: Hawlucha|spd|1
|move|p1a: Landorus|U-turn|p2a: Hawlucha
|-resisted|p2a: Hawlucha
|-damage|p2a: Hawlucha|0 fnt
|faint|p2a: Hawlucha
|inactive|Qinglan has 120 seconds left.
|
|t:|1650086773
|switch|p1a: Tornadus|Tornadus-Therian, M|100/100|[from]move: U-turn
|
|upkeep
|j| Alejndro Sosa
|
|t:|1650086778
|switch|p2a: Nidoking|Nidoking, M|100/100
|turn|7
|l| Imaketerribleplays
|
|t:|1650086782
|move|p1a: Tornadus|Knock Off|p2a: Nidoking
|-damage|p2a: Nidoking|70/100
|-enditem|p2a: Nidoking|Life Orb|[from] move: Knock Off|[of] p1a: Tornadus
|move|p2a: Nidoking|Ice Beam|p1a: Tornadus
|-supereffective|p1a: Tornadus
|-damage|p1a: Tornadus|37/100
|
|upkeep
|turn|8
|
|t:|1650086789
|move|p1a: Tornadus|U-turn|p2a: Nidoking
|-resisted|p2a: Nidoking
|-damage|p2a: Nidoking|61/100
|
|t:|1650086798
|switch|p1a: Ferrothorn|Ferrothorn, M|100/100|[from]move: U-turn
|move|p2a: Nidoking|Earth Power|p1a: Ferrothorn
|-damage|p1a: Ferrothorn|61/100
|
|upkeep
|turn|9
|
|t:|1650086809
|switch|p1a: Heatran|Heatran, M|100/100
|-item|p1a: Heatran|Air Balloon
|move|p2a: Nidoking|Flamethrower|p1a: Heatran
|-start|p1a: Heatran|ability: Flash Fire
|
|upkeep
|turn|10
|
|t:|1650086817
|switch|p2a: Landorus|Landorus-Therian, M, shiny|100/100
|-ability|p2a: Landorus|Intimidate|boost
|-unboost|p1a: Heatran|atk|1
|move|p1a: Heatran|Magma Storm|p2a: Landorus
|-damage|p2a: Landorus|39/100
|-activate|p2a: Landorus|move: Magma Storm|[of] p1a: Heatran
|
|-heal|p2a: Landorus|45/100|[from] item: Leftovers
|-damage|p2a: Landorus|33/100|[from] move: Magma Storm|[partiallytrapped]
|upkeep
|turn|11
|j| Valckyrion
|
|t:|1650086828
|move|p1a: Heatran|Eruption|p2a: Landorus
|-damage|p2a: Landorus|0 fnt
|faint|p2a: Landorus
|
|upkeep
|
|t:|1650086835
|switch|p2a: Mandibuzz|Mandibuzz, F, shiny|100/100
|turn|12
|
|t:|1650086839
|move|p1a: Heatran|Eruption|p2a: Mandibuzz
|-damage|p2a: Mandibuzz|19/100
|move|p2a: Mandibuzz|U-turn|p1a: Heatran
|-resisted|p1a: Heatran
|-damage|p1a: Heatran|98/100
|-enditem|p1a: Heatran|Air Balloon
|
|t:|1650086845
|switch|p2a: Nidoking|Nidoking, M|61/100|[from]move: U-turn
|
|upkeep
|turn|13
|
|t:|1650086857
|move|p2a: Nidoking|Ice Beam|p1a: Heatran
|-resisted|p1a: Heatran
|-damage|p1a: Heatran|90/100
|move|p1a: Heatran|Earth Power|p2a: Nidoking
|-supereffective|p2a: Nidoking
|-damage|p2a: Nidoking|0 fnt
|faint|p2a: Nidoking
|
|upkeep
|-message|yung_iznamakin forfeited.
|
|win|Qinglan
|raw|Qinglan's rating: 1509 &rarr; <strong>1533</strong><br />(+24 for winning)
|raw|yung_iznamakin's rating: 1578 &rarr; <strong>1554</strong><br />(-24 for losing)
|l|☆yung_iznamakin
|l| Ctannn
