|j|☆jiexiuqi
|j|☆wuilan jie
|t:|1655647638
|gametype|singles
|player|p1|jiexiuqi|1|1599
|player|p2|wuilan jie|red|1675
|teamsize|p1|6
|teamsize|p2|6
|gen|8
|tier|[Gen 8] OU
|rated|
|rule|Sleep Clause Mod: Limit one foe put to sleep
|rule|Species Clause: Limit one of each Pokémon
|rule|OHKO Clause: OHKO moves are banned
|rule|Evasion Moves Clause: Evasion moves are banned
|rule|Endless Battle Clause: Forcing endless battles is banned
|rule|HP Percentage Mod: HP is shown in percentages
|rule|Dynamax Clause: You cannot dynamax
|clearpoke
|poke|p1|Toxapex, M|
|poke|p1|Landorus-Therian, M|
|poke|p1|Nidoking, M|
|poke|p1|Rillaboom, M|
|poke|p1|Tyranitar, M|
|poke|p1|Urshifu-*, F|
|poke|p2|Kartana|
|poke|p2|Dragapult, M|
|poke|p2|Swampert, F|
|poke|p2|Bisharp, M|
|poke|p2|Victini|
|poke|p2|Tornadus-Therian, M|
|teampreview
|
|t:|1655647656
|start
|switch|p1a: Rillaboom|Rillaboom, M|100/100
|switch|p2a: Dragapult|Dragapult, M|100/100
|-fieldstart|move: Grassy Terrain|[from] ability: Grassy Surge|[of] p1a: Rillaboom
|turn|1
|
|t:|1655647669
|move|p1a: Rillaboom|Grassy Glide|p2a: Dragapult
|-resisted|p2a: Dragapult
|-damage|p2a: Dragapult|51/100
|move|p2a: Dragapult|Dragon Darts|p1a: Rillaboom
|-damage|p1a: Rillaboom|62/100
|-anim|p2a: Dragapult|Dragon Darts|p1a: Rillaboom
|-damage|p1a: Rillaboom|21/100
|-damage|p2a: Dragapult|42/100|[from] item: Life Orb
|
|-heal|p2a: Dragapult|48/100|[from] Grassy Terrain
|-heal|p1a: Rillaboom|27/100|[from] Grassy Terrain
|upkeep
|turn|2
|
|t:|1655647688
|switch|p1a: Landorus|Landorus-Therian, M|100/100
|-ability|p1a: Landorus|Intimidate|boost
|-fail|p2a: Dragapult|unboost|[from] ability: Clear Body|[of] p2a: Dragapult
|move|p2a: Dragapult|Sucker Punch||[still]
|-fail|p2a: Dragapult
|
|-heal|p2a: Dragapult|53/100|[from] Grassy Terrain
|upkeep
|turn|3
|
|t:|1655647698
|switch|p2a: Tornadus|Tornadus-Therian, M|100/100
|move|p1a: Landorus|Knock Off|p2a: Tornadus
|-damage|p2a: Tornadus|67/100
|-enditem|p2a: Tornadus|Heavy-Duty Boots|[from] move: Knock Off|[of] p1a: Landorus
|
|upkeep
|turn|4
|
|t:|1655647706
|switch|p1a: Tyranitar|Tyranitar, M|100/100
|-weather|Sandstorm|[from] ability: Sand Stream|[of] p1a: Tyranitar
|move|p2a: Tornadus|Knock Off|p1a: Tyranitar
|-resisted|p1a: Tyranitar
|-damage|p1a: Tyranitar|93/100
|-enditem|p1a: Tyranitar|Assault Vest|[from] move: Knock Off|[of] p2a: Tornadus
|
|-weather|Sandstorm|[upkeep]
|-damage|p2a: Tornadus|61/100|[from] Sandstorm
|-heal|p1a: Tyranitar|99/100|[from] Grassy Terrain
|upkeep
|turn|5
|
|t:|1655647713
|switch|p1a: Toxapex|Toxapex, M|100/100
|move|p2a: Tornadus|U-turn|p1a: Toxapex
|-resisted|p1a: Toxapex
|-damage|p1a: Toxapex|96/100
|-damage|p2a: Tornadus|44/100|[from] item: Rocky Helmet|[of] p1a: Toxapex
|
|t:|1655647721
|switch|p2a: Kartana|Kartana|100/100|[from]move: U-turn
|
|-weather|Sandstorm|[upkeep]
|-damage|p1a: Toxapex|90/100|[from] Sandstorm
|-heal|p1a: Toxapex|96/100|[from] Grassy Terrain
|-fieldend|move: Grassy Terrain
|upkeep
|turn|6
|
|t:|1655647729
|move|p2a: Kartana|Knock Off|p1a: Toxapex
|-damage|p1a: Toxapex|56/100
|-damage|p2a: Kartana|84/100|[from] item: Rocky Helmet|[of] p1a: Toxapex
|-enditem|p1a: Toxapex|Rocky Helmet|[from] move: Knock Off|[of] p2a: Kartana
|move|p1a: Toxapex|Knock Off|p2a: Kartana
|-damage|p2a: Kartana|68/100
|-enditem|p2a: Kartana|Choice Band|[from] move: Knock Off|[of] p1a: Toxapex
|
|-weather|Sandstorm|[upkeep]
|-damage|p1a: Toxapex|50/100|[from] Sandstorm
|upkeep
|turn|7
|
|t:|1655647739
|move|p2a: Kartana|Leaf Blade|p1a: Toxapex
|-damage|p1a: Toxapex|11/100
|move|p1a: Toxapex|Recover|p1a: Toxapex
|-heal|p1a: Toxapex|61/100
|
|-weather|Sandstorm|[upkeep]
|-damage|p1a: Toxapex|55/100|[from] Sandstorm
|upkeep
|turn|8
|
|t:|1655647754
|switch|p2a: Swampert|Swampert, F|100/100
|move|p1a: Toxapex|Recover|p1a: Toxapex
|-heal|p1a: Toxapex|100/100
|
|-weather|none
|upkeep
|turn|9
|
|t:|1655647759
|move|p2a: Swampert|Stealth Rock|p1a: Toxapex
|-sidestart|p1: jiexiuqi|move: Stealth Rock
|move|p1a: Toxapex|Knock Off|p2a: Swampert
|-damage|p2a: Swampert|87/100
|-enditem|p2a: Swampert|Leftovers|[from] move: Knock Off|[of] p1a: Toxapex
|
|upkeep
|turn|10
|
|t:|1655647766
|move|p2a: Swampert|Yawn|p1a: Toxapex
|-start|p1a: Toxapex|move: Yawn|[of] p2a: Swampert
|move|p1a: Toxapex|Scald|p2a: Swampert
|-damage|p2a: Swampert|78/100
|
|upkeep
|turn|11
|
|t:|1655647780
|switch|p1a: Urshifu|Urshifu-Rapid-Strike, F|100/100
|-damage|p1a: Urshifu|94/100|[from] Stealth Rock
|move|p2a: Swampert|Flip Turn|p1a: Urshifu
|-resisted|p1a: Urshifu
|-damage|p1a: Urshifu|83/100
|
|t:|1655647792
|switch|p2a: Tornadus|Tornadus-Therian, M|78/100|[from]move: Flip Turn
|
|upkeep
|turn|12
|
|t:|1655647801
|switch|p1a: Landorus|Landorus-Therian, M|100/100
|-damage|p1a: Landorus|88/100|[from] Stealth Rock
|-ability|p1a: Landorus|Intimidate|boost
|-unboost|p2a: Tornadus|atk|1
|move|p2a: Tornadus|Hurricane|p1a: Landorus|[miss]
|-miss|p2a: Tornadus|p1a: Landorus
|
|-heal|p1a: Landorus|94/100|[from] item: Leftovers
|upkeep
|turn|13
|
|t:|1655647810
|move|p2a: Tornadus|U-turn|p1a: Landorus
|-resisted|p1a: Landorus
|-damage|p1a: Landorus|91/100
|
|t:|1655647824
|switch|p2a: Swampert|Swampert, F|78/100|[from]move: U-turn
|move|p1a: Landorus|Stealth Rock|p2a: Swampert
|-sidestart|p2: wuilan jie|move: Stealth Rock
|
|-heal|p1a: Landorus|97/100|[from] item: Leftovers
|upkeep
|turn|14
|
|t:|1655647832
|move|p1a: Landorus|U-turn|p2a: Swampert
|-damage|p2a: Swampert|58/100
|
|t:|1655647852
|switch|p1a: Toxapex|Toxapex, M|100/100|[from]move: U-turn
|-damage|p1a: Toxapex|88/100|[from] Stealth Rock
|move|p2a: Swampert|Flip Turn|p1a: Toxapex
|-resisted|p1a: Toxapex
|-damage|p1a: Toxapex|81/100
|
|t:|1655647863
|switch|p2a: Victini|Victini|100/100|[from]move: Flip Turn
|
|upkeep
|turn|15
|
|t:|1655647872
|move|p1a: Toxapex|Baneful Bunker|p1a: Toxapex
|-singleturn|p1a: Toxapex|move: Protect
|move|p2a: Victini|Bolt Strike|p1a: Toxapex
|-activate|p1a: Toxapex|move: Protect
|-status|p2a: Victini|psn
|
|-damage|p2a: Victini|88/100 psn|[from] psn
|upkeep
|turn|16
|
|t:|1655647892
|switch|p1a: Tyranitar|Tyranitar, M|99/100
|-damage|p1a: Tyranitar|86/100|[from] Stealth Rock
|-weather|Sandstorm|[from] ability: Sand Stream|[of] p1a: Tyranitar
|move|p2a: Victini|Glaciate|p1a: Tyranitar
|-damage|p1a: Tyranitar|80/100
|-unboost|p1a: Tyranitar|spe|1
|
|-weather|Sandstorm|[upkeep]
|-damage|p2a: Victini|82/100 psn|[from] Sandstorm
|-damage|p2a: Victini|70/100 psn|[from] psn
|upkeep
|turn|17
|
|t:|1655647909
|move|p2a: Victini|U-turn|p1a: Tyranitar
|-supereffective|p1a: Tyranitar
|-damage|p1a: Tyranitar|45/100
|
|t:|1655647915
|switch|p2a: Swampert|Swampert, F|58/100|[from]move: U-turn
|-damage|p2a: Swampert|52/100|[from] Stealth Rock
|move|p1a: Tyranitar|Fire Blast|p2a: Swampert
|-resisted|p2a: Swampert
|-damage|p2a: Swampert|43/100
|
|-weather|Sandstorm|[upkeep]
|upkeep
|turn|18
|
|t:|1655647930
|switch|p1a: Landorus|Landorus-Therian, M|97/100
|-damage|p1a: Landorus|84/100|[from] Stealth Rock
|-ability|p1a: Landorus|Intimidate|boost
|-unboost|p2a: Swampert|atk|1
|move|p2a: Swampert|Flip Turn|p1a: Landorus
|-supereffective|p1a: Landorus
|-damage|p1a: Landorus|62/100
|
|t:|1655647939
|switch|p2a: Dragapult|Dragapult, M|53/100|[from]move: Flip Turn
|-damage|p2a: Dragapult|41/100|[from] Stealth Rock
|
|-weather|Sandstorm|[upkeep]
|-damage|p2a: Dragapult|35/100|[from] Sandstorm
|-heal|p1a: Landorus|68/100|[from] item: Leftovers
|upkeep
|turn|19
|
|t:|1655647955
|switch|p1a: Toxapex|Toxapex, M|100/100
|-damage|p1a: Toxapex|88/100|[from] Stealth Rock
|move|p2a: Dragapult|Dragon Darts|p1a: Toxapex
|-damage|p1a: Toxapex|65/100
|-anim|p2a: Dragapult|Dragon Darts|p1a: Toxapex
|-crit|p1a: Toxapex
|-damage|p1a: Toxapex|34/100
|-damage|p2a: Dragapult|25/100|[from] item: Life Orb
|
|-weather|Sandstorm|[upkeep]
|-damage|p2a: Dragapult|19/100|[from] Sandstorm
|-damage|p1a: Toxapex|28/100|[from] Sandstorm
|upkeep
|turn|20
|j| BoosStom9
|j| Lotus
|
|t:|1655647970
|move|p1a: Toxapex|Baneful Bunker|p1a: Toxapex
|-singleturn|p1a: Toxapex|move: Protect
|move|p2a: Dragapult|Dragon Dance|p2a: Dragapult
|-boost|p2a: Dragapult|atk|1
|-boost|p2a: Dragapult|spe|1
|
|-weather|none
|upkeep
|turn|21
|
|t:|1655647981
|switch|p1a: Landorus|Landorus-Therian, M|68/100
|-damage|p1a: Landorus|56/100|[from] Stealth Rock
|-ability|p1a: Landorus|Intimidate|boost
|-fail|p2a: Dragapult|unboost|[from] ability: Clear Body|[of] p2a: Dragapult
|move|p2a: Dragapult|Dragon Darts|p1a: Landorus
|-damage|p1a: Landorus|19/100
|-anim|p2a: Dragapult|Dragon Darts|p1a: Landorus
|-damage|p1a: Landorus|0 fnt
|faint|p1a: Landorus
|-damage|p2a: Dragapult|10/100|[from] item: Life Orb
|
|upkeep
|
|t:|1655647996
|switch|p1a: Urshifu|Urshifu-Rapid-Strike, F|83/100
|-damage|p1a: Urshifu|77/100|[from] Stealth Rock
|turn|22
|
|t:|1655648000
|move|p1a: Urshifu|Aqua Jet|p2a: Dragapult
|-resisted|p2a: Dragapult
|-damage|p2a: Dragapult|0 fnt
|faint|p2a: Dragapult
|
|upkeep
|
|t:|1655648006
|switch|p2a: Bisharp|Bisharp, M|100/100
|-damage|p2a: Bisharp|95/100|[from] Stealth Rock
|turn|23
|inactive|Battle timer is ON: inactive players will automatically lose when time's up. (requested by wuilan jie)
|
|t:|1655648023
|switch|p1a: Toxapex|Toxapex, M|61/100
|-damage|p1a: Toxapex|49/100|[from] Stealth Rock
|move|p2a: Bisharp|Knock Off|p1a: Toxapex
|-damage|p1a: Toxapex|22/100
|
|upkeep
|turn|24
|inactive|jiexiuqi has 120 seconds left.
|
|t:|1655648060
|move|p2a: Bisharp|Knock Off|p1a: Toxapex
|-damage|p1a: Toxapex|0 fnt
|faint|p1a: Toxapex
|
|upkeep
|
|t:|1655648065
|switch|p1a: Nidoking|Nidoking, M|100/100
|-damage|p1a: Nidoking|95/100|[from] Stealth Rock
|turn|25
|inactive|jiexiuqi has 120 seconds left.
|
|t:|1655648072
|switch|p2a: Tornadus|Tornadus-Therian, M|100/100
|-damage|p2a: Tornadus|76/100|[from] Stealth Rock
|move|p1a: Nidoking|Flamethrower|p2a: Tornadus
|-damage|p2a: Tornadus|36/100
|
|upkeep
|turn|26
|
|t:|1655648082
|move|p2a: Tornadus|Knock Off|p1a: Nidoking
|-damage|p1a: Nidoking|69/100
|-enditem|p1a: Nidoking|Life Orb|[from] move: Knock Off|[of] p2a: Tornadus
|move|p1a: Nidoking|Ice Beam|p2a: Tornadus
|-supereffective|p2a: Tornadus
|-damage|p2a: Tornadus|0 fnt
|faint|p2a: Tornadus
|
|upkeep
|
|t:|1655648090
|switch|p2a: Kartana|Kartana|68/100
|-damage|p2a: Kartana|62/100|[from] Stealth Rock
|turn|27
|l| BoosStom9
|
|t:|1655648105
|switch|p1a: Tyranitar|Tyranitar, M|45/100
|-damage|p1a: Tyranitar|33/100|[from] Stealth Rock
|-weather|Sandstorm|[from] ability: Sand Stream|[of] p1a: Tyranitar
|move|p2a: Kartana|Leaf Blade|p1a: Tyranitar
|-supereffective|p1a: Tyranitar
|-damage|p1a: Tyranitar|0 fnt
|faint|p1a: Tyranitar
|-ability|p2a: Kartana|Beast Boost|boost
|-boost|p2a: Kartana|atk|1
|
|-weather|Sandstorm|[upkeep]
|upkeep
|
|t:|1655648109
|switch|p1a: Urshifu|Urshifu-Rapid-Strike, F|77/100
|-damage|p1a: Urshifu|71/100|[from] Stealth Rock
|turn|28
|
|t:|1655648116
|switch|p2a: Swampert|Swampert, F|43/100
|-damage|p2a: Swampert|37/100|[from] Stealth Rock
|move|p1a: Urshifu|Close Combat|p2a: Swampert
|-damage|p2a: Swampert|0 fnt
|-unboost|p1a: Urshifu|def|1
|-unboost|p1a: Urshifu|spd|1
|faint|p2a: Swampert
|
|-weather|Sandstorm|[upkeep]
|-damage|p1a: Urshifu|64/100|[from] Sandstorm
|upkeep
|
|t:|1655648124
|switch|p2a: Victini|Victini|70/100 psn
|turn|29
|
|t:|1655648143
|switch|p1a: Nidoking|Nidoking, M|69/100
|-damage|p1a: Nidoking|63/100|[from] Stealth Rock
|move|p2a: Victini|U-turn|p1a: Nidoking
|-resisted|p1a: Nidoking
|-damage|p1a: Nidoking|48/100
|
|t:|1655648152
|switch|p2a: Kartana|Kartana|62/100|[from]move: U-turn
|-damage|p2a: Kartana|56/100|[from] Stealth Rock
|
|-weather|Sandstorm|[upkeep]
|upkeep
|turn|30
|
|t:|1655648167
|move|p2a: Kartana|Leaf Blade|p1a: Nidoking
|-damage|p1a: Nidoking|0 fnt
|faint|p1a: Nidoking
|-ability|p2a: Kartana|Beast Boost|boost
|-boost|p2a: Kartana|atk|1
|
|-weather|Sandstorm|[upkeep]
|upkeep
|
|t:|1655648171
|switch|p1a: Urshifu|Urshifu-Rapid-Strike, F|64/100
|-damage|p1a: Urshifu|58/100|[from] Stealth Rock
|turn|31
|
|t:|1655648183
|move|p1a: Urshifu|Surging Strikes|p2a: Kartana
|-resisted|p2a: Kartana
|-crit|p2a: Kartana
|-damage|p2a: Kartana|46/100
|-resisted|p2a: Kartana
|-crit|p2a: Kartana
|-damage|p2a: Kartana|34/100
|-resisted|p2a: Kartana
|-crit|p2a: Kartana
|-damage|p2a: Kartana|23/100
|-hitcount|p2a: Kartana|3
|move|p2a: Kartana|Leaf Blade|p1a: Urshifu
|-supereffective|p1a: Urshifu
|-damage|p1a: Urshifu|0 fnt
|faint|p1a: Urshifu
|-ability|p2a: Kartana|Beast Boost|boost
|-boost|p2a: Kartana|atk|1
|
|-weather|none
|upkeep
|-message|jiexiuqi forfeited.
|
|win|wuilan jie
|raw|jiexiuqi's rating: 1599 &rarr; <strong>1583</strong><br />(-16 for losing)
|raw|wuilan jie's rating: 1675 &rarr; <strong>1691</strong><br />(+16 for winning)
|l|☆jiexiuqi
