|j|☆Chikami
|j|☆aquy
|t:|1651879529
|gametype|singles
|player|p1|Chikami|nate|1664
|player|p2|aquy|shauntal|1739
|teamsize|p1|6
|teamsize|p2|6
|gen|8
|tier|[Gen 8] OU
|rated|
|rule|Sleep Clause Mod: Limit one foe put to sleep
|rule|Species Clause: Limit one of each Pokémon
|rule|OHKO Clause: OHKO moves are banned
|rule|Evasion Moves Clause: Evasion moves are banned
|rule|Endless Battle Clause: Forcing endless battles is banned
|rule|HP Percentage Mod: HP is shown in percentages
|rule|Dynamax Clause: You cannot dynamax
|clearpoke
|poke|p1|Garchomp, M|
|poke|p1|Zapdos-Galar|
|poke|p1|Clefable, M|
|poke|p1|Rillaboom, F|
|poke|p1|Skarmory, M|
|poke|p1|Kartana|
|poke|p2|Aegislash, M|
|poke|p2|Omastar, M|
|poke|p2|Landorus-Therian, M|
|poke|p2|Ninetales-Alola, M|
|poke|p2|Moltres-Galar|
|poke|p2|Dragapult, M|
|teampreview
|inactive|Battle timer is ON: inactive players will automatically lose when time's up. (requested by aquy)
|j| BabyPigsAreLaughin
|
|t:|1651879553
|start
|switch|p1a: Kartana|Kartana|100/100
|switch|p2a: Frozen Soul|Ninetales-Alola, M, shiny|100/100
|-weather|Hail|[from] ability: Snow Warning|[of] p2a: Frozen Soul
|turn|1
|
|t:|1651879563
|switch|p2a: Achilles|Aegislash, M, shiny|100/100
|move|p1a: Kartana|Smart Strike|p2a: Achilles
|-resisted|p2a: Achilles
|-damage|p2a: Achilles|84/100
|
|-weather|Hail|[upkeep]
|-damage|p1a: Kartana|94/100|[from] Hail
|-damage|p2a: Achilles|77/100|[from] Hail
|upkeep
|turn|2
|
|t:|1651879577
|switch|p1a: Clefable|Clefable, M|100/100
|switch|p2a: Burning Darkness|Moltres-Galar, shiny|100/100
|
|-weather|Hail|[upkeep]
|-damage|p2a: Burning Darkness|94/100|[from] Hail
|-damage|p1a: Clefable|94/100|[from] Hail
|upkeep
|turn|3
|
|t:|1651879593
|switch|p2a: Frozen Soul|Ninetales-Alola, M, shiny|100/100
|move|p1a: Clefable|Knock Off|p2a: Frozen Soul
|-resisted|p2a: Frozen Soul
|-crit|p2a: Frozen Soul
|-damage|p2a: Frozen Soul|86/100
|-enditem|p2a: Frozen Soul|Light Clay|[from] move: Knock Off|[of] p1a: Clefable
|
|-weather|Hail|[upkeep]
|-damage|p1a: Clefable|88/100|[from] Hail
|upkeep
|turn|4
|
|t:|1651879600
|move|p2a: Frozen Soul|Aurora Veil|p2a: Frozen Soul
|-sidestart|p2: aquy|move: Aurora Veil
|move|p1a: Clefable|Flamethrower|p2a: Frozen Soul
|-supereffective|p2a: Frozen Soul
|-damage|p2a: Frozen Soul|67/100
|
|-weather|Hail|[upkeep]
|-damage|p1a: Clefable|82/100|[from] Hail
|upkeep
|turn|5
|
|t:|1651879612
|switch|p2a: Leviathan|Dragapult, M, shiny|100/100
|move|p1a: Clefable|Soft-Boiled|p1a: Clefable
|-heal|p1a: Clefable|100/100
|
|-weather|none
|upkeep
|turn|6
|
|t:|1651879623
|switch|p1a: Skarmory|Skarmory, M|100/100
|move|p2a: Leviathan|Dragon Dance|p2a: Leviathan
|-boost|p2a: Leviathan|atk|1
|-boost|p2a: Leviathan|spe|1
|
|upkeep
|turn|7
|j| Phillips
|
|t:|1651879629
|move|p2a: Leviathan|Flamethrower|p1a: Skarmory
|-supereffective|p1a: Skarmory
|-damage|p1a: Skarmory|44/100
|move|p1a: Skarmory|Whirlwind|p2a: Leviathan
|drag|p2a: Lord Helix|Omastar, M, shiny|100/100
|
|upkeep
|turn|8
|
|t:|1651879639
|switch|p1a: Rillaboom|Rillaboom, F|100/100
|-fieldstart|move: Grassy Terrain|[from] ability: Grassy Surge|[of] p1a: Rillaboom
|move|p2a: Lord Helix|Shell Smash|p2a: Lord Helix
|-unboost|p2a: Lord Helix|def|1
|-unboost|p2a: Lord Helix|spd|1
|-boost|p2a: Lord Helix|atk|2
|-boost|p2a: Lord Helix|spa|2
|-boost|p2a: Lord Helix|spe|2
|
|-sideend|p2: aquy|move: Aurora Veil
|upkeep
|turn|9
|
|t:|1651879645
|switch|p2a: Burning Darkness|Moltres-Galar, shiny|94/100
|move|p1a: Rillaboom|Grassy Glide|p2a: Burning Darkness
|-resisted|p2a: Burning Darkness
|-damage|p2a: Burning Darkness|61/100
|-damage|p1a: Rillaboom|91/100|[from] item: Life Orb
|
|-heal|p1a: Rillaboom|97/100|[from] Grassy Terrain
|upkeep
|turn|10
|
|t:|1651879653
|switch|p1a: Clefable|Clefable, M|100/100
|move|p2a: Burning Darkness|Agility|p2a: Burning Darkness
|-boost|p2a: Burning Darkness|spe|2
|
|upkeep
|turn|11
|j| servaos☭
|
|t:|1651879662
|switch|p2a: Achilles|Aegislash, M, shiny|77/100
|move|p1a: Clefable|Knock Off|p2a: Achilles
|-supereffective|p2a: Achilles
|-damage|p2a: Achilles|54/100
|-enditem|p2a: Achilles|Weakness Policy
|-boost|p2a: Achilles|atk|2|[from] item: Weakness Policy
|-boost|p2a: Achilles|spa|2|[from] item: Weakness Policy
|
|-heal|p2a: Achilles|61/100|[from] Grassy Terrain
|upkeep
|turn|12
|
|t:|1651879671
|-formechange|p2a: Achilles|Aegislash-Blade||[from] ability: Stance Change
|move|p2a: Achilles|Shadow Claw|p1a: Clefable
|-damage|p1a: Clefable|51/100
|move|p1a: Clefable|Flamethrower|p2a: Achilles
|-supereffective|p2a: Achilles
|-damage|p2a: Achilles|0 fnt
|faint|p2a: Achilles
|
|-heal|p1a: Clefable|57/100|[from] Grassy Terrain
|-fieldend|move: Grassy Terrain
|upkeep
|
|t:|1651879677
|switch|p2a: Enten|Landorus-Therian, M, shiny|100/100
|-ability|p2a: Enten|Intimidate|boost
|-unboost|p1a: Clefable|atk|1
|turn|13
|
|t:|1651879683
|switch|p1a: Garchomp|Garchomp, M|100/100
|move|p2a: Enten|Stealth Rock|p1a: Garchomp
|-sidestart|p1: Chikami|move: Stealth Rock
|
|upkeep
|turn|14
|
|t:|1651879687
|move|p2a: Enten|Explosion|p1a: Garchomp
|-damage|p1a: Garchomp|36/100
|faint|p2a: Enten
|move|p1a: Garchomp|Stealth Rock|p2: Enten
|-sidestart|p2: aquy|move: Stealth Rock
|
|upkeep
|
|t:|1651879693
|switch|p2a: Frozen Soul|Ninetales-Alola, M, shiny|67/100
|-damage|p2a: Frozen Soul|42/100|[from] Stealth Rock
|-weather|Hail|[from] ability: Snow Warning|[of] p2a: Frozen Soul
|turn|15
|
|t:|1651879700
|switch|p1a: Clefable|Clefable, M|57/100
|move|p2a: Frozen Soul|Aurora Veil|p2a: Frozen Soul
|-sidestart|p2: aquy|move: Aurora Veil
|
|-weather|Hail|[upkeep]
|-damage|p1a: Clefable|51/100|[from] Hail
|upkeep
|turn|16
|
|t:|1651879705
|switch|p2a: Leviathan|Dragapult, M, shiny|100/100
|-damage|p2a: Leviathan|88/100|[from] Stealth Rock
|move|p1a: Clefable|Soft-Boiled|p1a: Clefable
|-heal|p1a: Clefable|100/100
|
|-weather|Hail|[upkeep]
|-damage|p2a: Leviathan|82/100|[from] Hail
|-damage|p1a: Clefable|94/100|[from] Hail
|upkeep
|turn|17
|
|t:|1651879729
|move|p2a: Leviathan|Phantom Force||[still]
|-prepare|p2a: Leviathan|Phantom Force
|move|p1a: Clefable|Knock Off|p2a: Leviathan|[miss]
|-miss|p1a: Clefable|p2a: Leviathan
|
|-weather|Hail|[upkeep]
|-damage|p2a: Leviathan|76/100|[from] Hail
|-damage|p1a: Clefable|88/100|[from] Hail
|upkeep
|turn|18
|
|t:|1651879732
|move|p2a: Leviathan|Phantom Force|p1a: Clefable|[from]lockedmove
|-damage|p1a: Clefable|35/100
|move|p1a: Clefable|Knock Off|p2a: Leviathan
|-supereffective|p2a: Leviathan
|-damage|p2a: Leviathan|56/100
|-enditem|p2a: Leviathan|Weakness Policy
|-boost|p2a: Leviathan|atk|2|[from] item: Weakness Policy
|-boost|p2a: Leviathan|spa|2|[from] item: Weakness Policy
|
|-weather|Hail|[upkeep]
|-damage|p2a: Leviathan|50/100|[from] Hail
|-damage|p1a: Clefable|29/100|[from] Hail
|upkeep
|turn|19
|
|t:|1651879739
|move|p2a: Leviathan|Phantom Force||[still]
|-prepare|p2a: Leviathan|Phantom Force
|move|p1a: Clefable|Soft-Boiled|p1a: Clefable
|-heal|p1a: Clefable|79/100
|
|-weather|none
|-sideend|p2: aquy|move: Aurora Veil
|upkeep
|turn|20
|
|t:|1651879746
|move|p2a: Leviathan|Phantom Force|p1a: Clefable|[from]lockedmove
|-damage|p1a: Clefable|24/100
|move|p1a: Clefable|Soft-Boiled|p1a: Clefable
|-heal|p1a: Clefable|74/100
|
|upkeep
|turn|21
|
|t:|1651879752
|move|p2a: Leviathan|Phantom Force||[still]
|-prepare|p2a: Leviathan|Phantom Force
|move|p1a: Clefable|Soft-Boiled|p1a: Clefable
|-heal|p1a: Clefable|100/100
|
|upkeep
|turn|22
|
|t:|1651879756
|move|p2a: Leviathan|Phantom Force|p1a: Clefable|[from]lockedmove
|-damage|p1a: Clefable|49/100
|move|p1a: Clefable|Knock Off|p2a: Leviathan
|-supereffective|p2a: Leviathan
|-damage|p2a: Leviathan|24/100
|
|upkeep
|turn|23
|
|t:|1651879762
|move|p2a: Leviathan|Flamethrower|p1a: Clefable
|-damage|p1a: Clefable|35/100
|move|p1a: Clefable|Soft-Boiled|p1a: Clefable
|-heal|p1a: Clefable|85/100
|
|upkeep
|turn|24
|
|t:|1651879767
|move|p2a: Leviathan|Phantom Force||[still]
|-prepare|p2a: Leviathan|Phantom Force
|move|p1a: Clefable|Soft-Boiled|p1a: Clefable
|-heal|p1a: Clefable|100/100
|
|upkeep
|turn|25
|
|t:|1651879770
|move|p2a: Leviathan|Phantom Force|p1a: Clefable|[from]lockedmove
|-damage|p1a: Clefable|48/100
|move|p1a: Clefable|Knock Off|p2a: Leviathan
|-supereffective|p2a: Leviathan
|-damage|p2a: Leviathan|0 fnt
|faint|p2a: Leviathan
|
|upkeep
|
|t:|1651879783
|switch|p2a: Frozen Soul|Ninetales-Alola, M, shiny|42/100
|-damage|p2a: Frozen Soul|17/100|[from] Stealth Rock
|-weather|Hail|[from] ability: Snow Warning|[of] p2a: Frozen Soul
|turn|26
|
|t:|1651879787
|move|p2a: Frozen Soul|Aurora Veil|p2a: Frozen Soul
|-sidestart|p2: aquy|move: Aurora Veil
|move|p1a: Clefable|Soft-Boiled|p1a: Clefable
|-heal|p1a: Clefable|98/100
|
|-weather|Hail|[upkeep]
|-damage|p1a: Clefable|92/100|[from] Hail
|upkeep
|turn|27
|
|t:|1651879795
|move|p2a: Frozen Soul|Encore|p1a: Clefable
|-start|p1a: Clefable|Encore
|move|p1a: Clefable|Soft-Boiled|p1a: Clefable
|-heal|p1a: Clefable|100/100
|
|-weather|Hail|[upkeep]
|-damage|p1a: Clefable|94/100|[from] Hail
|upkeep
|turn|28
|
|t:|1651879805
|switch|p2a: Burning Darkness|Moltres-Galar, shiny|61/100
|switch|p1a: Skarmory|Skarmory, M|44/100
|-damage|p1a: Skarmory|32/100|[from] Stealth Rock
|
|-weather|Hail|[upkeep]
|-damage|p2a: Burning Darkness|55/100|[from] Hail
|-damage|p1a: Skarmory|26/100|[from] Hail
|upkeep
|turn|29
|
|t:|1651879815
|move|p2a: Burning Darkness|Nasty Plot|p2a: Burning Darkness
|-boost|p2a: Burning Darkness|spa|2
|move|p1a: Skarmory|Whirlwind|p2a: Burning Darkness
|drag|p2a: Lord Helix|Omastar, M, shiny|100/100
|-damage|p2a: Lord Helix|88/100|[from] Stealth Rock
|
|-weather|Hail|[upkeep]
|-damage|p2a: Lord Helix|82/100|[from] Hail
|-damage|p1a: Skarmory|20/100|[from] Hail
|upkeep
|turn|30
|
|t:|1651879826
|move|p2a: Lord Helix|Shell Smash|p2a: Lord Helix
|-unboost|p2a: Lord Helix|def|1
|-unboost|p2a: Lord Helix|spd|1
|-boost|p2a: Lord Helix|atk|2
|-boost|p2a: Lord Helix|spa|2
|-boost|p2a: Lord Helix|spe|2
|move|p1a: Skarmory|Body Press|p2a: Lord Helix
|-supereffective|p2a: Lord Helix
|-damage|p2a: Lord Helix|35/100
|-ability|p2a: Lord Helix|Weak Armor|boost
|-unboost|p2a: Lord Helix|def|1
|-boost|p2a: Lord Helix|spe|2
|
|-weather|none
|-sideend|p2: aquy|move: Aurora Veil
|upkeep
|turn|31
|c| BabyPigsAreLaughin|Is this about to be a 6-0?
|
|t:|1651879831
|move|p2a: Lord Helix|Meteor Beam||[still]
|-prepare|p2a: Lord Helix|Meteor Beam
|-boost|p2a: Lord Helix|spa|1
|-enditem|p2a: Lord Helix|Power Herb
|-anim|p2a: Lord Helix|Meteor Beam|p1a: Skarmory
|-damage|p1a: Skarmory|0 fnt
|faint|p1a: Skarmory
|
|upkeep
|
|t:|1651879834
|switch|p1a: Rillaboom|Rillaboom, F|97/100
|-damage|p1a: Rillaboom|84/100|[from] Stealth Rock
|-fieldstart|move: Grassy Terrain|[from] ability: Grassy Surge|[of] p1a: Rillaboom
|turn|32
|
|t:|1651879837
|switch|p2a: Frozen Soul|Ninetales-Alola, M, shiny|17/100
|-damage|p2a: Frozen Soul|0 fnt|[from] Stealth Rock
|faint|p2a: Frozen Soul
|move|p1a: Rillaboom|Grassy Glide|p2: Frozen Soul|[notarget]
|-fail|p1a: Rillaboom
|
|-heal|p1a: Rillaboom|91/100|[from] Grassy Terrain
|upkeep
|
|t:|1651879839
|switch|p2a: Burning Darkness|Moltres-Galar, shiny|55/100
|turn|33
|
|t:|1651879843
|switch|p1a: Clefable|Clefable, M|94/100
|move|p2a: Burning Darkness|Hurricane|p1a: Clefable
|-crit|p1a: Clefable
|-damage|p1a: Clefable|39/100
|-start|p1a: Clefable|confusion
|
|-heal|p1a: Clefable|45/100|[from] Grassy Terrain
|upkeep
|turn|34
|j| DA COME UP ©
|c|☆aquy|is that magic guard clef
|inactive|aquy has 120 seconds left.
|
|t:|1651879876
|move|p2a: Burning Darkness|Nasty Plot|p2a: Burning Darkness
|-boost|p2a: Burning Darkness|spa|2
|-activate|p1a: Clefable|confusion
|move|p1a: Clefable|Soft-Boiled|p1a: Clefable
|-heal|p1a: Clefable|95/100
|
|-heal|p1a: Clefable|100/100|[from] Grassy Terrain
|upkeep
|turn|35
|
|t:|1651879888
|move|p2a: Burning Darkness|Agility|p2a: Burning Darkness
|-boost|p2a: Burning Darkness|spe|2
|-activate|p1a: Clefable|confusion
|-damage|p1a: Clefable|93/100|[from] confusion
|
|-heal|p1a: Clefable|99/100|[from] Grassy Terrain
|upkeep
|turn|36
|
|t:|1651879898
|move|p2a: Burning Darkness|Hurricane|p1a: Clefable|[miss]
|-miss|p2a: Burning Darkness|p1a: Clefable
|-end|p1a: Clefable|confusion
|move|p1a: Clefable|Knock Off|p2a: Burning Darkness
|-resisted|p2a: Burning Darkness
|-damage|p2a: Burning Darkness|48/100
|-enditem|p2a: Burning Darkness|Heavy-Duty Boots|[from] move: Knock Off|[of] p1a: Clefable
|-ability|p2a: Burning Darkness|Berserk|boost
|-boost|p2a: Burning Darkness|spa|1
|
|-heal|p1a: Clefable|100/100|[from] Grassy Terrain
|-fieldend|move: Grassy Terrain
|upkeep
|turn|37
|j| Nesnot
|
|t:|1651879906
|move|p2a: Burning Darkness|Hurricane|p1a: Clefable
|-damage|p1a: Clefable|65/100
|move|p1a: Clefable|Flamethrower|p2a: Burning Darkness
|-damage|p2a: Burning Darkness|32/100
|
|upkeep
|turn|38
|
|t:|1651879914
|move|p2a: Burning Darkness|Hurricane|p1a: Clefable
|-damage|p1a: Clefable|28/100
|-start|p1a: Clefable|confusion
|-activate|p1a: Clefable|confusion
|-damage|p1a: Clefable|22/100|[from] confusion
|
|upkeep
|turn|39
|c| Nesnot|Plot twist. It runs 0 Moonblast?
|
|t:|1651879928
|move|p2a: Burning Darkness|Hurricane|p1a: Clefable
|-damage|p1a: Clefable|0 fnt
|faint|p1a: Clefable
|
|upkeep
|j| MangoWatermelon$
|
|t:|1651879932
|switch|p1a: Rillaboom|Rillaboom, F|91/100
|-damage|p1a: Rillaboom|78/100|[from] Stealth Rock
|-fieldstart|move: Grassy Terrain|[from] ability: Grassy Surge|[of] p1a: Rillaboom
|turn|40
|
|t:|1651879937
|move|p1a: Rillaboom|Grassy Glide|p2a: Burning Darkness
|-resisted|p2a: Burning Darkness
|-damage|p2a: Burning Darkness|0 fnt
|faint|p2a: Burning Darkness
|-damage|p1a: Rillaboom|68/100|[from] item: Life Orb
|
|-heal|p1a: Rillaboom|74/100|[from] Grassy Terrain
|upkeep
|l| Nesnot
|c|☆aquy|how are u not taking rocks damage
|inactive|aquy has 120 seconds left.
|c|☆aquy|how
|c|☆Chikami|Cheating
|c| MangoWatermelon$|lmfao
|c|☆Chikami|(Boots)
|inactive|aquy has 90 seconds left.
|c| BabyPigsAreLaughin|Time stall?
|c| BabyPigsAreLaughin|Rage quit?
|j|@Rage
|inactive|aquy has 60 seconds left.
|c|☆aquy|ur so weird
|inactive|aquy has 30 seconds left.
|c| BabyPigsAreLaughin|That salt, though.
|c|☆aquy|can i get my points for the win rage
|inactive|aquy has 20 seconds left.
|inactive|aquy has 15 seconds left.
|c| BabyPigsAreLaughin|He pussied out.
|
|t:|1651880076
|switch|p2a: Lord Helix|Omastar, M, shiny|35/100
|-damage|p2a: Lord Helix|23/100|[from] Stealth Rock
|turn|41
|inactive|aquy has 25 seconds left this turn.
|inactive|aquy has 20 seconds left.
|inactive|aquy has 15 seconds left.
|c|☆aquy|he has magic guard and unawre
|c|@Rage|don't stall the timer
|inactive|aquy has 10 seconds left.
|
|t:|1651880094
|move|p1a: Rillaboom|Grassy Glide|p2a: Lord Helix
|-supereffective|p2a: Lord Helix
|-damage|p2a: Lord Helix|0 fnt
|faint|p2a: Lord Helix
|-damage|p1a: Rillaboom|64/100|[from] item: Life Orb
|
|win|Chikami
|inactive|aquy has 15 seconds left this turn.
|raw|Chikami's rating: 1664 &rarr; <strong>1688</strong><br />(+24 for winning)
|raw|aquy's rating: 1739 &rarr; <strong>1715</strong><br />(-24 for losing)
|c| servaos☭|spectators throwing peanuts
|c| MangoWatermelon$|gg
|c|☆aquy|rage hes cheating
|c|☆Chikami|Gg
|c|☆Chikami|Lol
|c| MangoWatermelon$|this is going on someones youtube channel
|c|☆aquy|ur so weird
|c| MangoWatermelon$|"salty noob doesnt know boots exist
|l| MangoWatermelon$
|j| MangoWatermelon$
|l|☆aquy
||Ladder isn't responding, score probably updated but might not have (Request timeout).
|l|☆Chikami
|l| servaos☭
|j|☆aquy
|player|p2|aquy|shauntal
|l|☆aquy
|player|p2|
|l| MangoWatermelon$
|j| Haunted Diamond
|l| Haunted Diamond
|j| Slowpoke/Wooper
|l| Slowpoke/Wooper
|j|☆aquy
|player|p2|aquy|shauntal
|l| BabyPigsAreLaughin
|l| Phillips
|l|@Rage
