|j|☆8balljacketguy
|j|☆hexthul
|t:|1654312986
|gametype|singles
|player|p1|8balljacketguy|red|1424
|player|p2|hexthul|2|1516
|teamsize|p1|6
|teamsize|p2|6
|gen|8
|tier|[Gen 8] OU
|rated|
|rule|Sleep Clause Mod: Limit one foe put to sleep
|rule|Species Clause: Limit one of each Pokémon
|rule|OHKO Clause: OHKO moves are banned
|rule|Evasion Moves Clause: Evasion moves are banned
|rule|Endless Battle Clause: Forcing endless battles is banned
|rule|HP Percentage Mod: HP is shown in percentages
|rule|Dynamax Clause: You cannot dynamax
|clearpoke
|poke|p1|Tyranitar, F|
|poke|p1|Nidoking, M|
|poke|p1|Tangrowth, F|
|poke|p1|Tapu Fini|
|poke|p1|Corviknight, F|
|poke|p1|Slowking-Galar, F|
|poke|p2|Victini|
|poke|p2|Tapu Lele|
|poke|p2|Melmetal|
|poke|p2|Kartana|
|poke|p2|Landorus-Therian, M|
|poke|p2|Dragapult, F|
|teampreview
|inactive|Battle timer is ON: inactive players will automatically lose when time's up. (requested by hexthul)
|
|t:|1654312997
|start
|switch|p1a: Tapu Fini|Tapu Fini|100/100
|switch|p2a: Tapu Lele|Tapu Lele|100/100
|-fieldstart|move: Misty Terrain|[from] ability: Misty Surge|[of] p1a: Tapu Fini
|-fieldstart|move: Psychic Terrain|[from] ability: Psychic Surge|[of] p2a: Tapu Lele
|turn|1
|
|t:|1654313004
|switch|p1a: Corviknight|Corviknight, F|100/100
|-ability|p1a: Corviknight|Pressure
|move|p2a: Tapu Lele|Psyshock|p1a: Corviknight
|-resisted|p1a: Corviknight
|-damage|p1a: Corviknight|73/100
|
|upkeep
|turn|2
|
|t:|1654313009
|switch|p2a: Dragapult|Dragapult, F|100/100
|move|p1a: Corviknight|Roost|p1a: Corviknight
|-heal|p1a: Corviknight|100/100
|-singleturn|p1a: Corviknight|move: Roost
|
|upkeep
|turn|3
|
|t:|1654313013
|switch|p1a: Tapu Fini|Tapu Fini|100/100
|-fieldstart|move: Misty Terrain|[from] ability: Misty Surge|[of] p1a: Tapu Fini
|move|p2a: Dragapult|U-turn|p1a: Tapu Fini
|-resisted|p1a: Tapu Fini
|-damage|p1a: Tapu Fini|92/100
|
|t:|1654313016
|switch|p2a: Tapu Lele|Tapu Lele|100/100|[from]move: U-turn
|-fieldstart|move: Psychic Terrain|[from] ability: Psychic Surge|[of] p2a: Tapu Lele
|
|upkeep
|turn|4
|
|t:|1654313020
|move|p1a: Tapu Fini|Moonblast|p2a: Tapu Lele
|-damage|p2a: Tapu Lele|56/100
|-unboost|p2a: Tapu Lele|spa|1
|move|p2a: Tapu Lele|Moonblast|p1a: Tapu Fini
|-damage|p1a: Tapu Fini|42/100
|
|upkeep
|turn|5
|
|t:|1654313026
|switch|p1a: Nidoking|Nidoking, M, shiny|100/100
|switch|p2a: Melmetal|Melmetal|100/100
|
|upkeep
|turn|6
|
|t:|1654313029
|move|p1a: Nidoking|Ice Beam|p2a: Melmetal
|-resisted|p2a: Melmetal
|-damage|p2a: Melmetal|91/100
|move|p2a: Melmetal|Double Iron Bash|p1a: Nidoking
|-crit|p1a: Nidoking
|-damage|p1a: Nidoking|29/100
|-damage|p1a: Nidoking|0 fnt
|faint|p1a: Nidoking
|-hitcount|p1: Nidoking|2
|
|upkeep
|-message|8balljacketguy forfeited.
|
|win|hexthul
|raw|8balljacketguy's rating: 1424 &rarr; <strong>1409</strong><br />(-15 for losing)
|raw|hexthul's rating: 1516 &rarr; <strong>1531</strong><br />(+15 for winning)
|l|☆8balljacketguy
