|j|☆Commando 55
|j|☆LT74PF ZESTI
|t:|1599055902
|player|p1|Commando 55|iris-gen5bw2|1819
|player|p2|LT74PF ZESTI|dancer|1788
|teamsize|p1|6
|teamsize|p2|6
|gametype|singles
|gen|8
|tier|[Gen 8] OU
|rated|
|clearpoke
|poke|p1|Lucario, F|
|poke|p1|Gengar, M|
|poke|p1|Corviknight, M|
|poke|p1|Clefable, M|
|poke|p1|Urshifu-*, M|
|poke|p1|Gastrodon-East, M|
|poke|p2|Ditto|
|poke|p2|Rillaboom, F|
|poke|p2|Mew|
|poke|p2|Toxtricity, M|
|poke|p2|Magnezone|
|poke|p2|Zarude|
|rule|Sleep Clause Mod: Limit one foe put to sleep
|rule|Species Clause: Limit one of each Pokémon
|rule|OHKO Clause: OHKO moves are banned
|rule|Evasion Moves Clause: Evasion moves are banned
|rule|Endless Battle Clause: Forcing endless battles is banned
|rule|HP Percentage Mod: HP is shown in percentages
|rule|Dynamax Clause: You cannot dynamax
|teampreview
|inactive|Battle timer is ON: inactive players will automatically lose when time's up. (requested by Commando 55)
|j| Reverend BC
|inactive|LT74PF ZESTI has 120 seconds left.
|
|t:|1599055943
|start
|switch|p1a: Urshifu|Urshifu, M|100/100
|switch|p2a: Mew|Mew|100/100
|turn|1
|
|t:|1599055949
|switch|p2a: Magnezone|Magnezone|100/100
|-item|p2a: Magnezone|Air Balloon
|move|p1a: Urshifu|Wicked Blow|p2a: Magnezone
|-crit|p2a: Magnezone
|-damage|p2a: Magnezone|31/100
|-enditem|p2a: Magnezone|Air Balloon
|-damage|p1a: Urshifu|91/100|[from] item: Life Orb
|
|upkeep
|turn|2
|
|t:|1599055953
|move|p1a: Urshifu|Wicked Blow|p2a: Magnezone
|-crit|p2a: Magnezone
|-damage|p2a: Magnezone|0 fnt
|-damage|p1a: Urshifu|81/100|[from] item: Life Orb
|faint|p2a: Magnezone
|
|upkeep
|
|t:|1599055960
|switch|p2a: Ditto|Ditto|100/100
|-transform|p2a: Ditto|p1a: Urshifu|[from] ability: Imposter
|turn|3
|
|t:|1599055966
|switch|p1a: Clefable|Clefable, M|100/100
|move|p2a: Ditto|Close Combat|p1a: Clefable
|-resisted|p1a: Clefable
|-damage|p1a: Clefable|73/100
|-unboost|p2a: Ditto|def|1
|-unboost|p2a: Ditto|spd|1
|
|-heal|p1a: Clefable|79/100|[from] item: Leftovers
|upkeep
|turn|4
|
|t:|1599055974
|switch|p2a: Mew|Mew|100/100
|move|p1a: Clefable|Teleport|p1a: Clefable
|
|t:|1599055978
|switch|p1a: Urshifu|Urshifu, M|81/100|[from]move: Teleport
|
|upkeep
|turn|5
|
|t:|1599055982
|move|p2a: Mew|Stealth Rock|p1a: Urshifu
|-sidestart|p1: Commando 55|move: Stealth Rock
|move|p1a: Urshifu|Wicked Blow|p2a: Mew
|-supereffective|p2a: Mew
|-crit|p2a: Mew
|-damage|p2a: Mew|0 fnt
|-damage|p1a: Urshifu|71/100|[from] item: Life Orb
|faint|p2a: Mew
|
|upkeep
|
|t:|1599055985
|switch|p2a: Rillaboom|Rillaboom, F|100/100
|-fieldstart|move: Grassy Terrain|[from] ability: Grassy Surge|[of] p2a: Rillaboom
|-enditem|p2a: Rillaboom|Grassy Seed
|-boost|p2a: Rillaboom|def|1|[from] item: Grassy Seed
|turn|6
|j| ShootingStarmie☯
|
|t:|1599055999
|move|p1a: Urshifu|Wicked Blow|p2a: Rillaboom
|-crit|p2a: Rillaboom
|-damage|p2a: Rillaboom|9/100
|-damage|p1a: Urshifu|61/100|[from] item: Life Orb
|move|p2a: Rillaboom|Swords Dance|p2a: Rillaboom
|-boost|p2a: Rillaboom|atk|2
|
|-heal|p1a: Urshifu|67/100|[from] Grassy Terrain
|-heal|p2a: Rillaboom|15/100|[from] Grassy Terrain
|upkeep
|turn|7
|j| up n coming
|
|t:|1599056010
|move|p1a: Urshifu|Sucker Punch||[still]
|-fail|p1a: Urshifu
|move|p2a: Rillaboom|Swords Dance|p2a: Rillaboom
|-boost|p2a: Rillaboom|atk|2
|
|-heal|p1a: Urshifu|73/100|[from] Grassy Terrain
|-heal|p2a: Rillaboom|21/100|[from] Grassy Terrain
|upkeep
|turn|8
|
|t:|1599056013
|move|p1a: Urshifu|Sucker Punch|p2a: Rillaboom
|-damage|p2a: Rillaboom|0 fnt
|-damage|p1a: Urshifu|63/100|[from] item: Life Orb
|faint|p2a: Rillaboom
|
|-heal|p1a: Urshifu|69/100|[from] Grassy Terrain
|upkeep
|
|t:|1599056018
|switch|p2a: Ditto|Ditto|100/100
|-transform|p2a: Ditto|p1a: Urshifu|[from] ability: Imposter
|turn|9
|
|t:|1599056022
|switch|p1a: Clefable|Clefable, M|79/100
|move|p2a: Ditto|Close Combat|p1a: Clefable
|-resisted|p1a: Clefable
|-damage|p1a: Clefable|50/100
|-unboost|p2a: Ditto|def|1
|-unboost|p2a: Ditto|spd|1
|
|-heal|p1a: Clefable|57/100|[from] item: Leftovers
|-heal|p1a: Clefable|63/100|[from] Grassy Terrain
|upkeep
|turn|10
|j| gomikyuシ
|
|t:|1599056039
|switch|p2a: Toxtricity|Toxtricity, M|100/100
|move|p1a: Clefable|Teleport|p1a: Clefable
|
|t:|1599056041
|switch|p1a: Urshifu|Urshifu, M|69/100|[from]move: Teleport
|-damage|p1a: Urshifu|63/100|[from] Stealth Rock
|
|-heal|p1a: Urshifu|69/100|[from] Grassy Terrain
|-fieldend|move: Grassy Terrain
|upkeep
|turn|11
|
|t:|1599056047
|move|p1a: Urshifu|Wicked Blow|p2a: Toxtricity
|-crit|p2a: Toxtricity
|-damage|p2a: Toxtricity|0 fnt
|-damage|p1a: Urshifu|59/100|[from] item: Life Orb
|faint|p2a: Toxtricity
|
|upkeep
|
|t:|1599056050
|switch|p2a: Zarude|Zarude|100/100
|turn|12
|
|t:|1599056052
|move|p2a: Zarude|Power Whip|p1a: Urshifu
|-damage|p1a: Urshifu|4/100
|move|p1a: Urshifu|Close Combat|p2a: Zarude
|-supereffective|p2a: Zarude
|-damage|p2a: Zarude|0 fnt
|-unboost|p1a: Urshifu|def|1
|-unboost|p1a: Urshifu|spd|1
|-damage|p1a: Urshifu|0 fnt|[from] item: Life Orb
|faint|p2a: Zarude
|faint|p1a: Urshifu
|
|upkeep
|j| LT74pfsiac
|-message|LT74PF ZESTI forfeited.
|
|win|Commando 55
|l|☆LT74PF ZESTI
|l| up n coming
||Ladder (probably) updated, but score could not be retrieved (Request timeout).
