|j|☆ezwz
|j|☆dunoks
|t:|1605455783
|player|p1|ezwz|youngster-gen4|
|player|p2|dunoks|101|
|teamsize|p1|6
|teamsize|p2|6
|gametype|singles
|gen|8
|tier|[Gen 8] OU
|rated|Tournament battle
|clearpoke
|poke|p1|Swampert, M|
|poke|p1|Ferrothorn, M|
|poke|p1|Cinderace, M|
|poke|p1|Dragapult, M|
|poke|p1|Weezing-Galar, F|
|poke|p1|Mandibuzz, F|
|poke|p2|Buzzwole|
|poke|p2|Tyranitar, M|
|poke|p2|Jirachi|
|poke|p2|Zapdos|
|poke|p2|Garchomp, F|
|poke|p2|Tapu Fini|
|rule|Sleep Clause Mod: Limit one foe put to sleep
|rule|Species Clause: Limit one of each Pokémon
|rule|OHKO Clause: OHKO moves are banned
|rule|Evasion Moves Clause: Evasion moves are banned
|rule|Endless Battle Clause: Forcing endless battles is banned
|rule|HP Percentage Mod: HP is shown in percentages
|rule|Dynamax Clause: You cannot dynamax
|teampreview
|j| jmoore15
|j| cesles
|c|☆dunoks|hf
|j| hipster garbage
|j|+ru→by@!
|c|☆ezwz|hf
|c| jmoore15|whoever loses has to give up their soul
|j| Zombini62
|j| AyuubS
|j| bruno1989
|j| PortugalTheDude
|j| Moirath Zenafel
|
|t:|1605455830
|start
|switch|p1a: Swampert|Swampert, M|100/100
|switch|p2a: Zapdos|Zapdos|100/100
|turn|1
|inactive|Battle timer is ON: inactive players will automatically lose when time's up. (requested by dunoks)
|
|t:|1605455834
|switch|p2a: Tapu Fini|Tapu Fini|100/100
|-fieldstart|move: Misty Terrain|[from] ability: Misty Surge|[of] p2a: Tapu Fini
|move|p1a: Swampert|Toxic|p2a: Tapu Fini
|-activate|p2a: Tapu Fini|move: Misty Terrain
|
|upkeep
|turn|2
|
|t:|1605455843
|switch|p1a: Ferrothorn|Ferrothorn, M|100/100
|move|p2a: Tapu Fini|Taunt|p1a: Ferrothorn
|-start|p1a: Ferrothorn|move: Taunt
|
|upkeep
|turn|3
|
|t:|1605455850
|switch|p2a: Zapdos|Zapdos|100/100
|move|p1a: Ferrothorn|Knock Off|p2a: Zapdos
|-damage|p2a: Zapdos|84/100
|-enditem|p2a: Zapdos|Heavy-Duty Boots|[from] move: Knock Off|[of] p1a: Ferrothorn
|
|upkeep
|turn|4
|
|t:|1605455856
|switch|p1a: Swampert|Swampert, M|100/100
|move|p2a: Zapdos|Hurricane|p1a: Swampert
|-damage|p1a: Swampert|60/100
|
|-heal|p1a: Swampert|66/100|[from] item: Leftovers
|upkeep
|turn|5
|
|t:|1605455862
|move|p2a: Zapdos|Hurricane|p1a: Swampert
|-damage|p1a: Swampert|26/100
|move|p1a: Swampert|Toxic|p2a: Zapdos
|-status|p2a: Zapdos|tox
|
|-heal|p1a: Swampert|32/100|[from] item: Leftovers
|-damage|p2a: Zapdos|78/100 tox|[from] psn
|-fieldend|Misty Terrain
|upkeep
|turn|6
|
|t:|1605455869
|switch|p1a: Ferrothorn|Ferrothorn, M|100/100
|move|p2a: Zapdos|Hurricane|p1a: Ferrothorn
|-damage|p1a: Ferrothorn|71/100
|
|-heal|p1a: Ferrothorn|77/100|[from] item: Leftovers
|-damage|p2a: Zapdos|66/100 tox|[from] psn
|upkeep
|turn|7
|l| Zombini62
|
|t:|1605455877
|switch|p2a: Tapu Fini|Tapu Fini|100/100
|-fieldstart|move: Misty Terrain|[from] ability: Misty Surge|[of] p2a: Tapu Fini
|move|p1a: Ferrothorn|Spikes|p2a: Tapu Fini
|-sidestart|p2: dunoks|Spikes
|
|-heal|p1a: Ferrothorn|84/100|[from] item: Leftovers
|upkeep
|turn|8
|
|t:|1605455881
|move|p2a: Tapu Fini|Taunt|p1a: Ferrothorn
|-start|p1a: Ferrothorn|move: Taunt
|cant|p1a: Ferrothorn|move: Taunt|Leech Seed
|
|-heal|p1a: Ferrothorn|90/100|[from] item: Leftovers
|upkeep
|turn|9
|
|t:|1605455890
|switch|p2a: Zapdos|Zapdos|66/100 tox
|move|p1a: Ferrothorn|Knock Off|p2a: Zapdos
|-damage|p2a: Zapdos|53/100 tox
|
|-heal|p1a: Ferrothorn|96/100|[from] item: Leftovers
|-damage|p2a: Zapdos|47/100 tox|[from] psn
|upkeep
|turn|10
|j| internetharasser
|
|t:|1605455894
|move|p2a: Zapdos|Roost|p2a: Zapdos
|-heal|p2a: Zapdos|97/100 tox
|-singleturn|p2a: Zapdos|move: Roost
|move|p1a: Ferrothorn|Power Whip|p2a: Zapdos
|-damage|p2a: Zapdos|66/100 tox
|
|-heal|p1a: Ferrothorn|100/100|[from] item: Leftovers
|-damage|p2a: Zapdos|54/100 tox|[from] psn
|-end|p1a: Ferrothorn|move: Taunt
|upkeep
|turn|11
|
|t:|1605455898
|move|p2a: Zapdos|Volt Switch|p1a: Ferrothorn
|-resisted|p1a: Ferrothorn
|-damage|p1a: Ferrothorn|90/100
|
|t:|1605455921
|switch|p2a: Buzzwole|Buzzwole|100/100|[from]move: Volt Switch
|-damage|p2a: Buzzwole|88/100|[from] Spikes
|move|p1a: Ferrothorn|Leech Seed|p2a: Buzzwole
|-start|p2a: Buzzwole|move: Leech Seed
|
|-heal|p2a: Buzzwole|94/100|[from] item: Leftovers
|-heal|p1a: Ferrothorn|97/100|[from] item: Leftovers
|-damage|p2a: Buzzwole|82/100|[from] Leech Seed|[of] p1a: Ferrothorn
|-heal|p1a: Ferrothorn|100/100|[silent]
|-fieldend|Misty Terrain
|upkeep
|turn|12
|
|t:|1605455948
|switch|p2a: Tapu Fini|Tapu Fini|100/100
|-damage|p2a: Tapu Fini|88/100|[from] Spikes
|-fieldstart|move: Misty Terrain|[from] ability: Misty Surge|[of] p2a: Tapu Fini
|switch|p1a: Weezing|Weezing-Galar, F|100/100
|-ability|p1a: Weezing|Neutralizing Gas
|
|-heal|p2a: Tapu Fini|94/100|[from] item: Leftovers
|upkeep
|turn|13
|
|t:|1605455960
|switch|p1a: Ferrothorn|Ferrothorn, M|100/100
|move|p2a: Tapu Fini|Scald|p1a: Ferrothorn
|-resisted|p1a: Ferrothorn
|-damage|p1a: Ferrothorn|92/100
|
|-heal|p2a: Tapu Fini|100/100|[from] item: Leftovers
|-heal|p1a: Ferrothorn|98/100|[from] item: Leftovers
|upkeep
|turn|14
|
|t:|1605455965
|move|p2a: Tapu Fini|Taunt|p1a: Ferrothorn
|-start|p1a: Ferrothorn|move: Taunt
|move|p1a: Ferrothorn|Knock Off|p2a: Tapu Fini
|-resisted|p2a: Tapu Fini
|-damage|p2a: Tapu Fini|91/100
|-enditem|p2a: Tapu Fini|Leftovers|[from] move: Knock Off|[of] p1a: Ferrothorn
|
|-heal|p1a: Ferrothorn|100/100|[from] item: Leftovers
|upkeep
|turn|15
|j| Main nidoking
|
|t:|1605455975
|switch|p2a: Garchomp|Garchomp, F|100/100
|-damage|p2a: Garchomp|88/100|[from] Spikes
|move|p1a: Ferrothorn|Knock Off|p2a: Garchomp
|-damage|p2a: Garchomp|68/100
|-enditem|p2a: Garchomp|Life Orb|[from] move: Knock Off|[of] p1a: Ferrothorn
|
|upkeep
|turn|16
|j| JuiceSiphon
|c| jmoore15|dunoks you lost
|
|t:|1605456012
|switch|p1a: Mandibuzz|Mandibuzz, F|100/100
|move|p2a: Garchomp|Fire Fang|p1a: Mandibuzz
|-damage|p1a: Mandibuzz|88/100
|
|-fieldend|Misty Terrain
|upkeep
|turn|17
|j|@power
|l| cesles
|inactive|dunoks has 120 seconds left.
|j| Unban Zacian
|inactive|ezwz has 120 seconds left.
|
|t:|1605456064
|switch|p2a: Zapdos|Zapdos|54/100 tox
|move|p1a: Mandibuzz|Foul Play|p2a: Zapdos
|-damage|p2a: Zapdos|35/100 tox
|
|-damage|p2a: Zapdos|29/100 tox|[from] psn
|upkeep
|turn|18
|
|t:|1605456074
|switch|p1a: Ferrothorn|Ferrothorn, M|100/100
|move|p2a: Zapdos|Defog|p1a: Ferrothorn
|-unboost|p1a: Ferrothorn|evasion|1
|-sideend|p2: dunoks|Spikes|[from] move: Defog|[of] p2a: Zapdos
|
|-damage|p2a: Zapdos|17/100 tox|[from] psn
|upkeep
|turn|19
|
|t:|1605456081
|switch|p2a: Garchomp|Garchomp, F|68/100
|move|p1a: Ferrothorn|Spikes|p2a: Garchomp
|-sidestart|p2: dunoks|Spikes
|
|upkeep
|turn|20
|inactive|ezwz has 120 seconds left.
|inactive|dunoks has 120 seconds left.
|
|t:|1605456098
|switch|p2a: Tapu Fini|Tapu Fini|91/100
|-damage|p2a: Tapu Fini|79/100|[from] Spikes
|-fieldstart|move: Misty Terrain|[from] ability: Misty Surge|[of] p2a: Tapu Fini
|switch|p1a: Mandibuzz|Mandibuzz, F|88/100
|
|upkeep
|turn|21
|j| PLUSULTRACHAMPION
|j|@Disorient
|
|t:|1605456119
|switch|p1a: Ferrothorn|Ferrothorn, M|100/100
|move|p2a: Tapu Fini|Calm Mind|p2a: Tapu Fini
|-boost|p2a: Tapu Fini|spa|1
|-boost|p2a: Tapu Fini|spd|1
|
|upkeep
|turn|22
|
|t:|1605456123
|move|p2a: Tapu Fini|Taunt|p1a: Ferrothorn
|-start|p1a: Ferrothorn|move: Taunt
|move|p1a: Ferrothorn|Power Whip|p2a: Tapu Fini
|-supereffective|p2a: Tapu Fini
|-crit|p2a: Tapu Fini
|-damage|p2a: Tapu Fini|0 fnt
|faint|p2a: Tapu Fini
|
|upkeep
|j| igyhol
|c| igyhol|hi
|c| igyhol|uwu
|c|☆ezwz|hey x
|inactive|dunoks has 90 seconds left.
|
|t:|1605456167
|switch|p2a: Zapdos|Zapdos|17/100 tox
|turn|23
|
|t:|1605456172
|move|p2a: Zapdos|Defog|p1a: Ferrothorn
|-unboost|p1a: Ferrothorn|evasion|1
|-sideend|p2: dunoks|Spikes|[from] move: Defog|[of] p2a: Zapdos
|-fieldend|Misty Terrain
|move|p1a: Ferrothorn|Power Whip|p2a: Zapdos
|-resisted|p2a: Zapdos
|-damage|p2a: Zapdos|3/100 tox
|
|-damage|p2a: Zapdos|0 fnt|[from] psn
|faint|p2a: Zapdos
|upkeep
|
|t:|1605456174
|switch|p2a: Garchomp|Garchomp, F|68/100
|turn|24
|inactive|dunoks has 90 seconds left.
|
|t:|1605456182
|switch|p1a: Mandibuzz|Mandibuzz, F|88/100
|move|p2a: Garchomp|Swords Dance|p2a: Garchomp
|-boost|p2a: Garchomp|atk|2
|
|upkeep
|turn|25
|c| Unban Zacian|ferrothorn unleashed
|
|t:|1605456187
|switch|p1a: Swampert|Swampert, M|32/100
|move|p2a: Garchomp|Scale Shot|p1a: Swampert
|-damage|p1a: Swampert|17/100
|-crit|p1a: Swampert
|-damage|p1a: Swampert|0 fnt
|-hitcount|p1a: Swampert|2
|-unboost|p2a: Garchomp|def|1
|-boost|p2a: Garchomp|spe|1
|faint|p1a: Swampert
|
|upkeep
|j| LKBHUV
|
|t:|1605456193
|switch|p1a: Mandibuzz|Mandibuzz, F|88/100
|turn|26
|
|t:|1605456196
|move|p2a: Garchomp|Scale Shot|p1a: Mandibuzz
|-damage|p1a: Mandibuzz|73/100
|-damage|p1a: Mandibuzz|57/100
|-hitcount|p1a: Mandibuzz|2
|-unboost|p2a: Garchomp|def|1
|-boost|p2a: Garchomp|spe|1
|move|p1a: Mandibuzz|Foul Play|p2a: Garchomp
|-damage|p2a: Garchomp|0 fnt
|faint|p2a: Garchomp
|
|upkeep
|
|t:|1605456205
|switch|p2a: Tyranitar|Tyranitar, M|100/100
|-weather|Sandstorm|[from] ability: Sand Stream|[of] p2a: Tyranitar
|turn|27
|c|☆dunoks|gg
|inactive|dunoks has 120 seconds left.
|
|t:|1605456213
|move|p1a: Mandibuzz|U-turn|p2a: Tyranitar
|-supereffective|p2a: Tyranitar
|-damage|p2a: Tyranitar|82/100
|c|☆ezwz|gg
|
|t:|1605456225
|switch|p1a: Weezing|Weezing-Galar, F|100/100|[from]move: U-turn
|-ability|p1a: Weezing|Neutralizing Gas
|move|p2a: Tyranitar|Thunder Wave|p1a: Weezing
|-status|p1a: Weezing|par
|
|-weather|Sandstorm|[upkeep]
|-damage|p1a: Weezing|95/100 par|[from] Sandstorm
|-heal|p2a: Tyranitar|88/100|[from] item: Leftovers
|upkeep
|turn|28
|-message|dunoks forfeited.
|
|win|ezwz
|l|☆dunoks
|l| LKBHUV
|l| internetharasser
|l|☆ezwz
|l| PortugalTheDude
|l| igyhol
|l| Moirath Zenafel
|l| Unban Zacian
|j| sparking test
