|j|☆HOF69
|j|☆JoeyOwesMeMoney
|player|p1|HOF69|red|1729
|player|p2|JoeyOwesMeMoney|170|1800
|teamsize|p1|6
|teamsize|p2|6
|gametype|singles
|gen|8
|tier|[Gen 8] OU
|rated|
|html|<div class="broadcast-blue"><strong>OU is currently suspecting Dracovish! For information on how to participate check out the <a href="https://www.smogon.com/forums/threads/3664521/">suspect thread</a>.</strong></div>
|clearpoke
|poke|p1|Bisharp, M|
|poke|p1|Zeraora|
|poke|p1|Togekiss, M|
|poke|p1|Hatterene, F|
|poke|p1|Mew|
|poke|p1|Crawdaunt, M|
|poke|p2|Toxapex, M|
|poke|p2|Ferrothorn, M|
|poke|p2|Seismitoad, M|
|poke|p2|Tyranitar, M|
|poke|p2|Clefable, M|
|poke|p2|Corviknight, F|
|rule|Sleep Clause Mod: Limit one foe put to sleep
|rule|Species Clause: Limit one of each Pokémon
|rule|OHKO Clause: OHKO moves are banned
|rule|Evasion Moves Clause: Evasion moves are banned
|rule|Endless Battle Clause: Forcing endless battles is banned
|rule|HP Percentage Mod: HP is shown in percentages
|rule|Dynamax Clause: You cannot dynamax
|teampreview
|
|start
|switch|p1a: Togekiss|Togekiss, M|100/100
|switch|p2a: Seismitoad|Seismitoad, M|100/100
|turn|1
|j| king of spycrabs
|
|move|p1a: Togekiss|Air Slash|p2a: Seismitoad
|-damage|p2a: Seismitoad|65/100
|cant|p2a: Seismitoad|flinch
|
|-heal|p2a: Seismitoad|71/100|[from] item: Leftovers
|upkeep
|turn|2
|
|switch|p2a: Toxapex|Toxapex, M|100/100
|move|p1a: Togekiss|Air Slash|p2a: Toxapex
|-damage|p2a: Toxapex|72/100
|
|-heal|p2a: Toxapex|78/100|[from] item: Black Sludge
|upkeep
|turn|3
|
|switch|p1a: Hatterene|Hatterene, F|100/100
|move|p2a: Toxapex|Knock Off|p1a: Hatterene
|-crit|p1a: Hatterene
|-damage|p1a: Hatterene|74/100
|-enditem|p1a: Hatterene|Leftovers|[from] move: Knock Off|[of] p2a: Toxapex
|
|-heal|p2a: Toxapex|84/100|[from] item: Black Sludge
|upkeep
|turn|4
|
|move|p1a: Hatterene|Draining Kiss|p2a: Toxapex
|-resisted|p2a: Toxapex
|-crit|p2a: Toxapex
|-damage|p2a: Toxapex|67/100
|-heal|p1a: Hatterene|87/100|[from] drain|[of] p2a: Toxapex
|move|p2a: Toxapex|Poison Jab|p1a: Hatterene
|-supereffective|p1a: Hatterene
|-damage|p1a: Hatterene|43/100
|-status|p1a: Hatterene|psn
|
|-heal|p2a: Toxapex|73/100|[from] item: Black Sludge
|-damage|p1a: Hatterene|30/100 psn|[from] psn
|upkeep
|turn|5
|
|switch|p2a: Tyranitar|Tyranitar, M|100/100
|-weather|Sandstorm|[from] ability: Sand Stream|[of] p2a: Tyranitar
|move|p1a: Hatterene|Psyshock|p2a: Tyranitar
|-immune|p2a: Tyranitar
|
|-weather|Sandstorm|[upkeep]
|-damage|p1a: Hatterene|24/100 psn|[from] Sandstorm
|-damage|p1a: Hatterene|12/100 psn|[from] psn
|upkeep
|turn|6
|
|switch|p2a: Toxapex|Toxapex, M|100/100
|move|p1a: Hatterene|Draining Kiss|p2a: Toxapex
|-resisted|p2a: Toxapex
|-damage|p2a: Toxapex|89/100
|-heal|p1a: Hatterene|20/100 psn|[from] drain|[of] p2a: Toxapex
|
|-weather|Sandstorm|[upkeep]
|-damage|p1a: Hatterene|14/100 psn|[from] Sandstorm
|-damage|p2a: Toxapex|83/100|[from] Sandstorm
|-heal|p2a: Toxapex|89/100|[from] item: Black Sludge
|-damage|p1a: Hatterene|1/100 psn|[from] psn
|upkeep
|turn|7
|
|switch|p2a: Tyranitar|Tyranitar, M|100/100
|move|p1a: Hatterene|Psyshock|p2a: Tyranitar
|-immune|p2a: Tyranitar
|
|-weather|Sandstorm|[upkeep]
|-damage|p1a: Hatterene|0 fnt|[from] Sandstorm
|faint|p1a: Hatterene
|upkeep
|
|switch|p1a: Crawdaunt|Crawdaunt, M|100/100
|turn|8
|
|switch|p2a: Toxapex|Toxapex, M|100/100
|move|p1a: Crawdaunt|Swords Dance|p1a: Crawdaunt
|-boost|p1a: Crawdaunt|atk|2
|
|-weather|Sandstorm|[upkeep]
|-damage|p1a: Crawdaunt|95/100|[from] Sandstorm
|-damage|p2a: Toxapex|95/100|[from] Sandstorm
|-heal|p2a: Toxapex|100/100|[from] item: Black Sludge
|upkeep
|turn|9
|
|move|p1a: Crawdaunt|Knock Off|p2a: Toxapex
|-damage|p2a: Toxapex|0 fnt
|-enditem|p2a: Toxapex|Black Sludge|[from] move: Knock Off|[of] p1a: Crawdaunt
|-damage|p1a: Crawdaunt|85/100|[from] item: Life Orb
|faint|p2a: Toxapex
|
|-weather|none
|upkeep
|
|switch|p2a: Clefable|Clefable, M|100/100
|turn|10
|
|move|p1a: Crawdaunt|Liquidation|p2a: Clefable
|-damage|p2a: Clefable|44/100
|-damage|p1a: Crawdaunt|75/100|[from] item: Life Orb
|move|p2a: Clefable|Moonblast|p1a: Crawdaunt
|-supereffective|p1a: Crawdaunt
|-damage|p1a: Crawdaunt|0 fnt
|faint|p1a: Crawdaunt
|
|-heal|p2a: Clefable|50/100|[from] item: Leftovers
|upkeep
|j| HeavenStar
|
|switch|p1a: Bisharp|Bisharp, M|100/100
|turn|11
|
|switch|p2a: Corviknight|Corviknight, F|100/100
|-ability|p2a: Corviknight|Pressure
|move|p1a: Bisharp|Swords Dance|p1a: Bisharp
|-boost|p1a: Bisharp|atk|2
|
|upkeep
|turn|12
|
|move|p1a: Bisharp|Knock Off|p2a: Corviknight
|-damage|p2a: Corviknight|34/100
|-damage|p1a: Bisharp|84/100|[from] item: Rocky Helmet|[of] p2a: Corviknight
|-enditem|p2a: Corviknight|Rocky Helmet|[from] move: Knock Off|[of] p1a: Bisharp
|move|p2a: Corviknight|Body Press|p1a: Bisharp
|-supereffective|p1a: Bisharp
|-crit|p1a: Bisharp
|-damage|p1a: Bisharp|0 fnt
|faint|p1a: Bisharp
|
|upkeep
|l| king of spycrabs
|
|switch|p1a: Zeraora|Zeraora|100/100
|turn|13
|
|move|p1a: Zeraora|Close Combat|p2a: Corviknight
|-damage|p2a: Corviknight|12/100
|-unboost|p1a: Zeraora|def|1
|-unboost|p1a: Zeraora|spd|1
|move|p2a: Corviknight|Roost|p2a: Corviknight
|-heal|p2a: Corviknight|62/100
|-singleturn|p2a: Corviknight|move: Roost
|
|upkeep
|turn|14
|
|move|p1a: Zeraora|Plasma Fists|p2a: Corviknight
|-supereffective|p2a: Corviknight
|-damage|p2a: Corviknight|0 fnt
|-fieldactivate|move: Ion Deluge
|faint|p2a: Corviknight
|
|upkeep
|
|switch|p2a: Clefable|Clefable, M|50/100
|turn|15
|
|move|p2a: Clefable|Protect|p2a: Clefable
|-singleturn|p2a: Clefable|Protect
|move|p1a: Zeraora|Plasma Fists|p2a: Clefable
|-activate|p2a: Clefable|move: Protect
|
|-heal|p2a: Clefable|56/100|[from] item: Leftovers
|upkeep
|turn|16
|
|move|p1a: Zeraora|Knock Off|p2a: Clefable
|-resisted|p2a: Clefable
|-damage|p2a: Clefable|45/100
|-enditem|p2a: Clefable|Leftovers|[from] move: Knock Off|[of] p1a: Zeraora
|move|p2a: Clefable|Wish|p2a: Clefable
|
|upkeep
|turn|17
|
|switch|p1a: Togekiss|Togekiss, M|100/100
|move|p2a: Clefable|Protect||[still]
|-fail|p2a: Clefable
|
|-heal|p2a: Clefable|95/100|[from] move: Wish|[wisher] Clefable
|upkeep
|turn|18
|
|switch|p2a: Tyranitar|Tyranitar, M|100/100
|-weather|Sandstorm|[from] ability: Sand Stream|[of] p2a: Tyranitar
|move|p1a: Togekiss|Air Slash|p2a: Tyranitar
|-resisted|p2a: Tyranitar
|-damage|p2a: Tyranitar|95/100
|
|-weather|Sandstorm|[upkeep]
|-damage|p1a: Togekiss|94/100|[from] Sandstorm
|upkeep
|turn|19
|
|switch|p1a: Mew|Mew|100/100
|move|p2a: Tyranitar|Stone Edge|p1a: Mew
|-damage|p1a: Mew|56/100
|
|-weather|Sandstorm|[upkeep]
|-damage|p1a: Mew|49/100|[from] Sandstorm
|upkeep
|turn|20
|
|switch|p2a: Seismitoad|Seismitoad, M|71/100
|move|p1a: Mew|Aura Sphere|p2a: Seismitoad
|-damage|p2a: Seismitoad|46/100
|
|-weather|Sandstorm|[upkeep]
|-damage|p1a: Mew|43/100|[from] Sandstorm
|-heal|p2a: Seismitoad|52/100|[from] item: Leftovers
|upkeep
|turn|21
|
|move|p1a: Mew|Psychic|p2a: Seismitoad
|-damage|p2a: Seismitoad|11/100
|move|p2a: Seismitoad|Knock Off|p1a: Mew
|-supereffective|p1a: Mew
|-damage|p1a: Mew|0 fnt
|-enditem|p1a: Mew|Focus Sash|[from] move: Knock Off|[of] p2a: Seismitoad
|faint|p1a: Mew
|
|-weather|Sandstorm|[upkeep]
|-heal|p2a: Seismitoad|17/100|[from] item: Leftovers
|upkeep
|j| golisopd
|
|switch|p1a: Togekiss|Togekiss, M|94/100
|turn|22
|c| golisopd|CLEF AND PEX WILL ALWAYS WIN
|j| BigConns
|
|switch|p2a: Tyranitar|Tyranitar, M|95/100
|move|p1a: Togekiss|Dazzling Gleam|p2a: Tyranitar
|-supereffective|p2a: Tyranitar
|-damage|p2a: Tyranitar|74/100
|
|-weather|none
|upkeep
|turn|23
|
|switch|p2a: Seismitoad|Seismitoad, M|17/100
|move|p1a: Togekiss|Air Slash|p2a: Seismitoad
|-damage|p2a: Seismitoad|0 fnt
|faint|p2a: Seismitoad
|
|upkeep
|
|switch|p2a: Tyranitar|Tyranitar, M|74/100
|-weather|Sandstorm|[from] ability: Sand Stream|[of] p2a: Tyranitar
|turn|24
|
|move|p1a: Togekiss|Air Slash|p2a: Tyranitar
|-resisted|p2a: Tyranitar
|-damage|p2a: Tyranitar|69/100
|cant|p2a: Tyranitar|flinch
|
|-weather|Sandstorm|[upkeep]
|-damage|p1a: Togekiss|88/100|[from] Sandstorm
|upkeep
|turn|25
|j| jefo
|
|move|p1a: Togekiss|Air Slash|p2a: Tyranitar
|-resisted|p2a: Tyranitar
|-damage|p2a: Tyranitar|65/100
|move|p2a: Tyranitar|Stone Edge|p1a: Togekiss|[miss]
|-miss|p2a: Tyranitar|p1a: Togekiss
|
|-weather|Sandstorm|[upkeep]
|-damage|p1a: Togekiss|82/100|[from] Sandstorm
|upkeep
|turn|26
|
|move|p1a: Togekiss|Air Slash|p2a: Tyranitar
|-resisted|p2a: Tyranitar
|-damage|p2a: Tyranitar|59/100
|cant|p2a: Tyranitar|flinch
|
|-weather|Sandstorm|[upkeep]
|-damage|p1a: Togekiss|76/100|[from] Sandstorm
|upkeep
|turn|27
|
|move|p1a: Togekiss|Air Slash|p2a: Tyranitar
|-resisted|p2a: Tyranitar
|-damage|p2a: Tyranitar|54/100
|move|p2a: Tyranitar|Stone Edge|p1a: Togekiss
|-supereffective|p1a: Togekiss
|-damage|p1a: Togekiss|0 fnt
|faint|p1a: Togekiss
|
|-weather|Sandstorm|[upkeep]
|upkeep
|
|switch|p1a: Zeraora|Zeraora|100/100
|turn|28
|
|move|p1a: Zeraora|Close Combat|p2a: Tyranitar
|-supereffective|p2a: Tyranitar
|-damage|p2a: Tyranitar|0 fnt
|-unboost|p1a: Zeraora|def|1
|-unboost|p1a: Zeraora|spd|1
|faint|p2a: Tyranitar
|
|-weather|none
|upkeep
|
|switch|p2a: Ferrothorn|Ferrothorn, M|100/100
|turn|29
|
|move|p1a: Zeraora|Close Combat|p2a: Ferrothorn
|-supereffective|p2a: Ferrothorn
|-damage|p2a: Ferrothorn|37/100
|-unboost|p1a: Zeraora|def|1
|-unboost|p1a: Zeraora|spd|1
|-damage|p1a: Zeraora|88/100|[from] ability: Iron Barbs|[of] p2a: Ferrothorn
|move|p2a: Ferrothorn|Knock Off|p1a: Zeraora
|-damage|p1a: Zeraora|29/100
|-enditem|p1a: Zeraora|Expert Belt|[from] move: Knock Off|[of] p2a: Ferrothorn
|
|-heal|p2a: Ferrothorn|43/100|[from] item: Leftovers
|upkeep
|turn|30
|-message|HOF69 forfeited.
|
|win|JoeyOwesMeMoney
|l|☆HOF69
|raw|HOF69's rating: 1729 &rarr; <strong>1712</strong><br />(-17 for losing)
|raw|JoeyOwesMeMoney's rating: 1775 &rarr; <strong>1793</strong><br />(+18 for winning)
