|j|☆thounss
|j|☆Bearboi69
|player|p1|thounss|101|1653
|player|p2|Bearboi69|skyla|1546
|teamsize|p1|6
|teamsize|p2|6
|gametype|singles
|gen|8
|tier|[Gen 8] OU
|rated|
|clearpoke
|poke|p1|Aegislash, M|
|poke|p1|Corviknight, F|
|poke|p1|Rotom-Mow|
|poke|p1|Clefable, M|
|poke|p1|Seismitoad, F|
|poke|p1|Dragapult, F|
|poke|p2|Bewear, F|
|poke|p2|Sylveon, F|
|poke|p2|Corviknight, M|
|poke|p2|Dragapult, M|
|poke|p2|Seismitoad, M|
|poke|p2|Sirfetch'd, F|
|rule|Sleep Clause Mod: Limit one foe put to sleep
|rule|Species Clause: Limit one of each Pokémon
|rule|OHKO Clause: OHKO moves are banned
|rule|Evasion Moves Clause: Evasion moves are banned
|rule|Endless Battle Clause: Forcing endless battles is banned
|rule|HP Percentage Mod: HP is shown in percentages
|rule|Dynamax Clause: You cannot dynamax
|teampreview
|
|start
|switch|p1a: Dragapult|Dragapult, F|100/100
|switch|p2a: Dragapult|Dragapult, M|100/100
|turn|1
|
|switch|p1a: Clefable|Clefable, M|100/100
|move|p2a: Dragapult|U-turn|p1a: Clefable
|-resisted|p1a: Clefable
|-damage|p1a: Clefable|92/100
|
|switch|p2a: Sirfetch'd|Sirfetch'd, F|100/100|[from]move: U-turn
|
|-heal|p1a: Clefable|98/100|[from] item: Leftovers
|upkeep
|turn|2
|
|move|p1a: Clefable|Protect|p1a: Clefable
|-singleturn|p1a: Clefable|Protect
|move|p2a: Sirfetch'd|Poison Jab|p1a: Clefable
|-activate|p1a: Clefable|move: Protect
|
|-heal|p1a: Clefable|100/100|[from] item: Leftovers
|upkeep
|turn|3
|
|switch|p2a: Corviknight|Corviknight, M|100/100
|-ability|p2a: Corviknight|Pressure
|switch|p1a: Corviknight|Corviknight, F|100/100
|-ability|p1a: Corviknight|Pressure
|
|upkeep
|turn|4
|
|move|p1a: Corviknight|Body Press|p2a: Corviknight
|-damage|p2a: Corviknight|84/100
|move|p2a: Corviknight|U-turn|p1a: Corviknight
|-resisted|p1a: Corviknight
|-damage|p1a: Corviknight|98/100
|
|switch|p2a: Sirfetch'd|Sirfetch'd, F|100/100|[from]move: U-turn
|
|-heal|p1a: Corviknight|100/100|[from] item: Leftovers
|upkeep
|turn|5
|
|switch|p1a: Clefable|Clefable, M|100/100
|move|p2a: Sirfetch'd|Close Combat|p1a: Clefable
|-resisted|p1a: Clefable
|-damage|p1a: Clefable|53/100
|-unboost|p2a: Sirfetch'd|def|1
|-unboost|p2a: Sirfetch'd|spd|1
|
|-heal|p1a: Clefable|59/100|[from] item: Leftovers
|upkeep
|turn|6
|
|move|p2a: Sirfetch'd|Close Combat|p1a: Clefable
|-resisted|p1a: Clefable
|-damage|p1a: Clefable|15/100
|-unboost|p2a: Sirfetch'd|def|1
|-unboost|p2a: Sirfetch'd|spd|1
|move|p1a: Clefable|Wish|p1a: Clefable
|
|-heal|p1a: Clefable|21/100|[from] item: Leftovers
|upkeep
|turn|7
|
|switch|p2a: Corviknight|Corviknight, M|84/100
|-ability|p2a: Corviknight|Pressure
|move|p1a: Clefable|Protect||[still]
|-fail|p1a: Clefable
|
|-heal|p1a: Clefable|71/100|[from] move: Wish|[wisher] Clefable
|-heal|p1a: Clefable|77/100|[from] item: Leftovers
|upkeep
|turn|8
|
|move|p1a: Clefable|Protect|p1a: Clefable
|-singleturn|p1a: Clefable|Protect
|move|p2a: Corviknight|U-turn|p1a: Clefable
|-activate|p1a: Clefable|move: Protect
|
|-heal|p1a: Clefable|83/100|[from] item: Leftovers
|upkeep
|turn|9
|
|move|p2a: Corviknight|U-turn|p1a: Clefable
|-resisted|p1a: Clefable
|-damage|p1a: Clefable|77/100
|
|switch|p2a: Sylveon|Sylveon, F|100/100|[from]move: U-turn
|move|p1a: Clefable|Wish|p1a: Clefable
|
|-heal|p1a: Clefable|83/100|[from] item: Leftovers
|upkeep
|turn|10
|
|move|p1a: Clefable|Moonblast|p2a: Sylveon
|-damage|p2a: Sylveon|79/100
|move|p2a: Sylveon|Hyper Voice|p1a: Clefable
|-damage|p1a: Clefable|53/100
|
|-heal|p1a: Clefable|100/100|[from] move: Wish|[wisher] Clefable
|-heal|p2a: Sylveon|85/100|[from] item: Leftovers
|upkeep
|turn|11
|
|move|p1a: Clefable|Moonblast|p2a: Sylveon
|-damage|p2a: Sylveon|64/100
|-unboost|p2a: Sylveon|spa|1
|move|p2a: Sylveon|Mystical Fire|p1a: Clefable
|-damage|p1a: Clefable|91/100
|-unboost|p1a: Clefable|spa|1
|
|-heal|p1a: Clefable|97/100|[from] item: Leftovers
|-heal|p2a: Sylveon|71/100|[from] item: Leftovers
|upkeep
|turn|12
|
|switch|p1a: Aegislash|Aegislash, M|100/100
|move|p2a: Sylveon|Wish|p2a: Sylveon
|
|-heal|p2a: Sylveon|77/100|[from] item: Leftovers
|upkeep
|turn|13
|
|switch|p1a: Dragapult|Dragapult, F|100/100
|switch|p2a: Sasha|Bewear, F|100/100
|
|upkeep
|turn|14
|
|switch|p2a: Sylveon|Sylveon, F|77/100
|move|p1a: Dragapult|Fire Blast|p2a: Sylveon
|-damage|p2a: Sylveon|45/100
|
|-heal|p2a: Sylveon|51/100|[from] item: Leftovers
|upkeep
|turn|15
|
|switch|p1a: Aegislash|Aegislash, M|100/100
|move|p2a: Sylveon|Wish|p2a: Sylveon
|
|-heal|p2a: Sylveon|57/100|[from] item: Leftovers
|upkeep
|turn|16
|
|move|p2a: Sylveon|Protect|p2a: Sylveon
|-singleturn|p2a: Sylveon|Protect
|-formechange|p1a: Aegislash|Aegislash-Blade||[from] ability: Stance Change
|move|p1a: Aegislash|Iron Head|p2a: Sylveon
|-activate|p2a: Sylveon|move: Protect
|
|-heal|p2a: Sylveon|100/100|[from] move: Wish|[wisher] Sylveon
|upkeep
|turn|17
|
|switch|p1a: Rotom|Rotom-Mow|100/100
|switch|p2a: Seismitoad|Seismitoad, M|100/100
|
|upkeep
|turn|18
|
|switch|p2a: Sylveon|Sylveon, F|100/100
|move|p1a: Rotom|Substitute|p1a: Rotom
|-start|p1a: Rotom|Substitute
|-damage|p1a: Rotom|75/100
|
|-heal|p1a: Rotom|82/100|[from] item: Leftovers
|upkeep
|turn|19
|
|move|p1a: Rotom|Discharge|p2a: Sylveon
|-damage|p2a: Sylveon|83/100
|move|p2a: Sylveon|Hyper Voice|p1a: Rotom
|-damage|p1a: Rotom|38/100
|
|-heal|p1a: Rotom|44/100|[from] item: Leftovers
|-heal|p2a: Sylveon|90/100|[from] item: Leftovers
|upkeep
|turn|20
|
|switch|p1a: Aegislash|Aegislash, M|100/100
|move|p2a: Sylveon|Hyper Voice|p1a: Aegislash
|-resisted|p1a: Aegislash
|-damage|p1a: Aegislash|83/100
|
|-heal|p2a: Sylveon|96/100|[from] item: Leftovers
|upkeep
|turn|21
|
|switch|p2a: Sasha|Bewear, F|100/100
|-formechange|p1a: Aegislash|Aegislash-Blade||[from] ability: Stance Change
|move|p1a: Aegislash|Shadow Claw|p2a: Sasha
|-immune|p2a: Sasha
|
|upkeep
|turn|22
|
|switch|p1a: Clefable|Clefable, M|97/100
|move|p2a: Sasha|Bulk Up|p2a: Sasha
|-boost|p2a: Sasha|atk|1
|-boost|p2a: Sasha|def|1
|
|-heal|p1a: Clefable|100/100|[from] item: Leftovers
|upkeep
|turn|23
|
|switch|p2a: Sylveon|Sylveon, F|96/100
|switch|p1a: Dragapult|Dragapult, F|100/100
|
|-heal|p2a: Sylveon|100/100|[from] item: Leftovers
|upkeep
|turn|24
|
|switch|p1a: Clefable|Clefable, M|100/100
|move|p2a: Sylveon|Hyper Voice|p1a: Clefable
|-damage|p1a: Clefable|67/100
|
|-heal|p1a: Clefable|73/100|[from] item: Leftovers
|upkeep
|turn|25
|
|move|p2a: Sylveon|Mystical Fire|p1a: Clefable
|-damage|p1a: Clefable|58/100
|-unboost|p1a: Clefable|spa|1
|move|p1a: Clefable|Wish|p1a: Clefable
|
|-heal|p1a: Clefable|64/100|[from] item: Leftovers
|upkeep
|turn|26
|
|move|p2a: Sylveon|Hyper Voice|p1a: Clefable
|-damage|p1a: Clefable|35/100
|move|p1a: Clefable|Moonblast|p2a: Sylveon
|-damage|p2a: Sylveon|88/100
|-unboost|p2a: Sylveon|spa|1
|
|-heal|p1a: Clefable|85/100|[from] move: Wish|[wisher] Clefable
|-heal|p2a: Sylveon|94/100|[from] item: Leftovers
|-heal|p1a: Clefable|91/100|[from] item: Leftovers
|upkeep
|turn|27
|
|move|p1a: Clefable|Wish|p1a: Clefable
|move|p2a: Sylveon|Mystical Fire|p1a: Clefable
|-damage|p1a: Clefable|81/100
|-unboost|p1a: Clefable|spa|1
|
|-heal|p2a: Sylveon|99/100|[from] item: Leftovers
|-heal|p1a: Clefable|87/100|[from] item: Leftovers
|upkeep
|turn|28
|
|move|p2a: Sylveon|Hyper Voice|p1a: Clefable
|-damage|p1a: Clefable|64/100
|move|p1a: Clefable|Moonblast|p2a: Sylveon
|-damage|p2a: Sylveon|90/100
|-unboost|p2a: Sylveon|spa|1
|
|-heal|p1a: Clefable|100/100|[from] move: Wish|[wisher] Clefable
|-heal|p2a: Sylveon|96/100|[from] item: Leftovers
|upkeep
|turn|29
|
|move|p1a: Clefable|Wish|p1a: Clefable
|move|p2a: Sylveon|Mystical Fire|p1a: Clefable
|-crit|p1a: Clefable
|-damage|p1a: Clefable|78/100
|-unboost|p1a: Clefable|spa|1
|
|-heal|p2a: Sylveon|100/100|[from] item: Leftovers
|-heal|p1a: Clefable|85/100|[from] item: Leftovers
|upkeep
|turn|30
|
|switch|p1a: Rotom|Rotom-Mow|44/100
|move|p2a: Sylveon|Wish|p2a: Sylveon
|
|-heal|p1a: Rotom|100/100|[from] move: Wish|[wisher] Clefable
|upkeep
|turn|31
|
|switch|p1a: Clefable|Clefable, M|85/100
|switch|p2a: Dragapult|Dragapult, M|100/100
|
|-heal|p1a: Clefable|91/100|[from] item: Leftovers
|upkeep
|turn|32
|
|move|p1a: Clefable|Protect|p1a: Clefable
|-singleturn|p1a: Clefable|Protect
|move|p2a: Dragapult|U-turn|p1a: Clefable
|-activate|p1a: Clefable|move: Protect
|
|-heal|p1a: Clefable|97/100|[from] item: Leftovers
|upkeep
|turn|33
|
|move|p2a: Dragapult|U-turn|p1a: Clefable
|-resisted|p1a: Clefable
|-damage|p1a: Clefable|89/100
|
|switch|p2a: Sylveon|Sylveon, F|100/100|[from]move: U-turn
|move|p1a: Clefable|Wish|p1a: Clefable
|
|-heal|p1a: Clefable|95/100|[from] item: Leftovers
|upkeep
|turn|34
|
|switch|p1a: Aegislash|Aegislash, M|83/100
|move|p2a: Sylveon|Mystical Fire|p1a: Aegislash
|-supereffective|p1a: Aegislash
|-damage|p1a: Aegislash|52/100
|-unboost|p1a: Aegislash|spa|1
|
|-heal|p1a: Aegislash|100/100|[from] move: Wish|[wisher] Clefable
|upkeep
|turn|35
|
|switch|p2a: Sasha|Bewear, F|100/100
|-formechange|p1a: Aegislash|Aegislash-Blade||[from] ability: Stance Change
|move|p1a: Aegislash|Iron Head|p2a: Sasha
|-damage|p2a: Sasha|76/100
|
|-heal|p2a: Sasha|82/100|[from] item: Leftovers
|upkeep
|turn|36
|
|switch|p1a: Clefable|Clefable, M|95/100
|move|p2a: Sasha|Bulk Up|p2a: Sasha
|-boost|p2a: Sasha|atk|1
|-boost|p2a: Sasha|def|1
|
|-heal|p2a: Sasha|88/100|[from] item: Leftovers
|-heal|p1a: Clefable|100/100|[from] item: Leftovers
|upkeep
|turn|37
|
|switch|p2a: Sylveon|Sylveon, F|100/100
|move|p1a: Clefable|Moonblast|p2a: Sylveon
|-damage|p2a: Sylveon|79/100
|
|-heal|p2a: Sylveon|85/100|[from] item: Leftovers
|upkeep
|turn|38
|
|switch|p1a: Aegislash|Aegislash, M|100/100
|move|p2a: Sylveon|Wish|p2a: Sylveon
|
|-heal|p2a: Sylveon|91/100|[from] item: Leftovers
|upkeep
|turn|39
|
|switch|p2a: Sirfetch'd|Sirfetch'd, F|100/100
|-formechange|p1a: Aegislash|Aegislash-Blade||[from] ability: Stance Change
|move|p1a: Aegislash|Close Combat|p2a: Sirfetch'd
|-damage|p2a: Sirfetch'd|5/100
|-unboost|p1a: Aegislash|def|1
|-unboost|p1a: Aegislash|spd|1
|
|-heal|p2a: Sirfetch'd|76/100|[from] move: Wish|[wisher] Sylveon
|upkeep
|turn|40
|
|switch|p1a: Clefable|Clefable, M|100/100
|move|p2a: Sirfetch'd|Close Combat|p1a: Clefable
|-resisted|p1a: Clefable
|-damage|p1a: Clefable|54/100
|-unboost|p2a: Sirfetch'd|def|1
|-unboost|p2a: Sirfetch'd|spd|1
|
|-heal|p1a: Clefable|60/100|[from] item: Leftovers
|upkeep
|turn|41
|
|switch|p2a: Sylveon|Sylveon, F|91/100
|move|p1a: Clefable|Wish|p1a: Clefable
|
|-heal|p1a: Clefable|66/100|[from] item: Leftovers
|-heal|p2a: Sylveon|97/100|[from] item: Leftovers
|upkeep
|turn|42
|
|move|p1a: Clefable|Moonblast|p2a: Sylveon
|-damage|p2a: Sylveon|76/100
|move|p2a: Sylveon|Wish|p2a: Sylveon
|
|-heal|p1a: Clefable|100/100|[from] move: Wish|[wisher] Clefable
|-heal|p2a: Sylveon|82/100|[from] item: Leftovers
|upkeep
|turn|43
|
|move|p1a: Clefable|Moonblast|p2a: Sylveon
|-damage|p2a: Sylveon|61/100
|move|p2a: Sylveon|Mystical Fire|p1a: Clefable
|-damage|p1a: Clefable|86/100
|-unboost|p1a: Clefable|spa|1
|
|-heal|p2a: Sylveon|100/100|[from] move: Wish|[wisher] Sylveon
|-heal|p1a: Clefable|92/100|[from] item: Leftovers
|upkeep
|turn|44
|
|switch|p1a: Aegislash|Aegislash, M|100/100
|move|p2a: Sylveon|Wish|p2a: Sylveon
|
|upkeep
|turn|45
|
|switch|p2a: Sasha|Bewear, F|88/100
|-formechange|p1a: Aegislash|Aegislash-Blade||[from] ability: Stance Change
|move|p1a: Aegislash|Iron Head|p2a: Sasha
|-damage|p2a: Sasha|64/100
|
|-heal|p2a: Sasha|100/100|[from] move: Wish|[wisher] Sylveon
|upkeep
|turn|46
|
|switch|p1a: Dragapult|Dragapult, F|100/100
|move|p2a: Sasha|Bulk Up|p2a: Sasha
|-boost|p2a: Sasha|atk|1
|-boost|p2a: Sasha|def|1
|
|upkeep
|turn|47
|
|switch|p2a: Sylveon|Sylveon, F|100/100
|move|p1a: Dragapult|Draco Meteor|p2a: Sylveon
|-immune|p2a: Sylveon
|
|upkeep
|turn|48
|
|switch|p1a: Corviknight|Corviknight, F|100/100
|-ability|p1a: Corviknight|Pressure
|switch|p2a: Sirfetch'd|Sirfetch'd, F|76/100
|
|upkeep
|turn|49
|
|move|p2a: Sirfetch'd|Close Combat|p1a: Corviknight
|-damage|p1a: Corviknight|38/100
|-unboost|p2a: Sirfetch'd|def|1
|-unboost|p2a: Sirfetch'd|spd|1
|move|p1a: Corviknight|Roost|p1a: Corviknight
|-heal|p1a: Corviknight|88/100
|-singleturn|p1a: Corviknight|move: Roost
|
|-heal|p1a: Corviknight|94/100|[from] item: Leftovers
|upkeep
|turn|50
|
|switch|p2a: Seismitoad|Seismitoad, M|100/100
|move|p1a: Corviknight|Iron Head|p2a: Seismitoad
|-resisted|p2a: Seismitoad
|-damage|p2a: Seismitoad|92/100
|
|-heal|p2a: Seismitoad|98/100|[from] item: Leftovers
|-heal|p1a: Corviknight|100/100|[from] item: Leftovers
|upkeep
|turn|51
|
|switch|p1a: Rotom|Rotom-Mow|100/100
|move|p2a: Seismitoad|Stealth Rock|p1a: Rotom
|-sidestart|p1: thounss|move: Stealth Rock
|
|-heal|p2a: Seismitoad|100/100|[from] item: Leftovers
|upkeep
|turn|52
|
|switch|p2a: Sylveon|Sylveon, F|100/100
|move|p1a: Rotom|Discharge|p2a: Sylveon
|-damage|p2a: Sylveon|84/100
|-status|p2a: Sylveon|par
|
|-heal|p2a: Sylveon|90/100 par|[from] item: Leftovers
|upkeep
|turn|53
|
|switch|p1a: Corviknight|Corviknight, F|100/100
|-damage|p1a: Corviknight|88/100|[from] Stealth Rock
|-ability|p1a: Corviknight|Pressure
|move|p2a: Sylveon|Mystical Fire|p1a: Corviknight
|-supereffective|p1a: Corviknight
|-damage|p1a: Corviknight|57/100
|-unboost|p1a: Corviknight|spa|1
|
|-heal|p1a: Corviknight|63/100|[from] item: Leftovers
|-heal|p2a: Sylveon|96/100 par|[from] item: Leftovers
|upkeep
|turn|54
|
|switch|p2a: Dragapult|Dragapult, M|100/100
|move|p1a: Corviknight|Defog|p2a: Dragapult
|-unboost|p2a: Dragapult|evasion|1
|-sideend|p1: thounss|Stealth Rock|[from] move: Defog|[of] p1a: Corviknight
|
|-heal|p1a: Corviknight|69/100|[from] item: Leftovers
|upkeep
|turn|55
|
|switch|p1a: Clefable|Clefable, M|92/100
|move|p2a: Dragapult|Shadow Ball|p1a: Clefable
|-damage|p1a: Clefable|54/100
|
|-heal|p1a: Clefable|60/100|[from] item: Leftovers
|upkeep
|turn|56
|
|move|p2a: Dragapult|Shadow Ball|p1a: Clefable
|-crit|p1a: Clefable
|-damage|p1a: Clefable|0 fnt
|faint|p1a: Clefable
|
|upkeep
|
|switch|p1a: Dragapult|Dragapult, F|100/100
|turn|57
|
|move|p2a: Dragapult|Shadow Ball|p1a: Dragapult
|-supereffective|p1a: Dragapult
|-damage|p1a: Dragapult|0 fnt
|faint|p1a: Dragapult
|
|upkeep
|c|☆thounss|man you are so fucking lucky
|
|switch|p1a: Aegislash|Aegislash, M|100/100
|turn|58
|c|☆Bearboi69|Ikr
|
|switch|p2a: Sasha|Bewear, F|100/100
|-formechange|p1a: Aegislash|Aegislash-Blade||[from] ability: Stance Change
|move|p1a: Aegislash|Shadow Sneak|p2a: Sasha
|-immune|p2a: Sasha
|
|upkeep
|turn|59
|c|☆thounss|yeah that's why you are so bad because you risk those things
|
|switch|p1a: Seismitoad|Seismitoad, F|100/100
|move|p2a: Sasha|Substitute|p2a: Sasha
|-start|p2a: Sasha|Substitute
|-damage|p2a: Sasha|76/100
|
|-heal|p2a: Sasha|82/100|[from] item: Leftovers
|upkeep
|turn|60
|c|☆Bearboi69|Risk what
|c|☆thounss|a tie
|
|move|p1a: Seismitoad|Scald|p2a: Sasha
|-end|p2a: Sasha|Substitute
|move|p2a: Sasha|Drain Punch|p1a: Seismitoad
|-damage|p1a: Seismitoad|80/100
|-heal|p2a: Sasha|91/100|[from] drain|[of] p1a: Seismitoad
|
|-heal|p1a: Seismitoad|86/100|[from] item: Leftovers
|-heal|p2a: Sasha|98/100|[from] item: Leftovers
|upkeep
|turn|61
|c|☆thounss|idiot
|
|switch|p2a: Seismitoad|Seismitoad, M|100/100
|move|p1a: Seismitoad|Toxic|p2a: Seismitoad
|-status|p2a: Seismitoad|tox
|
|-heal|p1a: Seismitoad|92/100|[from] item: Leftovers
|-damage|p2a: Seismitoad|94/100 tox|[from] psn
|upkeep
|turn|62
|c|☆Bearboi69|Oh
|c|☆Bearboi69|Yeah well what is a battle without a little danged
|c|☆Bearboi69|Danger*
|c|☆thounss|lmao
|
|move|p2a: Seismitoad|Stealth Rock|p1a: Seismitoad
|-sidestart|p1: thounss|move: Stealth Rock
|move|p1a: Seismitoad|Stealth Rock|p2a: Seismitoad
|-sidestart|p2: Bearboi69|move: Stealth Rock
|
|-heal|p2a: Seismitoad|100/100 tox|[from] item: Leftovers
|-heal|p1a: Seismitoad|98/100|[from] item: Leftovers
|-damage|p2a: Seismitoad|88/100 tox|[from] psn
|upkeep
|turn|63
|
|switch|p1a: Corviknight|Corviknight, F|69/100
|-damage|p1a: Corviknight|57/100|[from] Stealth Rock
|-ability|p1a: Corviknight|Pressure
|move|p2a: Seismitoad|Toxic|p1a: Corviknight
|-immune|p1a: Corviknight
|
|-heal|p2a: Seismitoad|94/100 tox|[from] item: Leftovers
|-heal|p1a: Corviknight|63/100|[from] item: Leftovers
|-damage|p2a: Seismitoad|76/100 tox|[from] psn
|upkeep
|turn|64
|
|switch|p2a: Corviknight|Corviknight, M|84/100
|-ability|p2a: Corviknight|Pressure
|move|p1a: Corviknight|Roost|p1a: Corviknight
|-heal|p1a: Corviknight|100/100
|-singleturn|p1a: Corviknight|move: Roost
|
|upkeep
|turn|65
|
|move|p1a: Corviknight|Body Press|p2a: Corviknight
|-damage|p2a: Corviknight|70/100
|move|p2a: Corviknight|U-turn|p1a: Corviknight
|-resisted|p1a: Corviknight
|-damage|p1a: Corviknight|98/100
|
|switch|p2a: Sirfetch'd|Sirfetch'd, F|76/100|[from]move: U-turn
|-damage|p2a: Sirfetch'd|70/100|[from] Stealth Rock
|
|-heal|p1a: Corviknight|100/100|[from] item: Leftovers
|upkeep
|turn|66
|
|move|p2a: Sirfetch'd|Close Combat|p1a: Corviknight
|-damage|p1a: Corviknight|28/100
|-unboost|p2a: Sirfetch'd|def|1
|-unboost|p2a: Sirfetch'd|spd|1
|move|p1a: Corviknight|Iron Head|p2a: Sirfetch'd
|-damage|p2a: Sirfetch'd|22/100
|
|-heal|p1a: Corviknight|34/100|[from] item: Leftovers
|upkeep
|turn|67
|
|switch|p1a: Seismitoad|Seismitoad, F|98/100
|-damage|p1a: Seismitoad|92/100|[from] Stealth Rock
|move|p2a: Sirfetch'd|Close Combat|p1a: Seismitoad
|-damage|p1a: Seismitoad|29/100
|-unboost|p2a: Sirfetch'd|def|1
|-unboost|p2a: Sirfetch'd|spd|1
|
|-heal|p1a: Seismitoad|35/100|[from] item: Leftovers
|upkeep
|turn|68
|
|-activate|p2a: Sirfetch'd|move: Struggle
|move|p2a: Sirfetch'd|Struggle|p1a: Seismitoad
|-damage|p1a: Seismitoad|14/100
|-damage|p2a: Sirfetch'd|0 fnt|[from] recoil
|faint|p2a: Sirfetch'd
|move|p1a: Seismitoad|Scald|p2: Sirfetch'd|[notarget]
|-fail|p1a: Seismitoad
|
|-heal|p1a: Seismitoad|20/100|[from] item: Leftovers
|upkeep
|
|switch|p2a: Dragapult|Dragapult, M|100/100
|-damage|p2a: Dragapult|88/100|[from] Stealth Rock
|turn|69
|
|move|p2a: Dragapult|Shadow Ball|p1a: Seismitoad
|-damage|p1a: Seismitoad|0 fnt
|faint|p1a: Seismitoad
|
|upkeep
|
|switch|p1a: Aegislash|Aegislash, M|100/100
|-damage|p1a: Aegislash|94/100|[from] Stealth Rock
|turn|70
|
|switch|p1a: Rotom|Rotom-Mow|100/100
|-damage|p1a: Rotom|88/100|[from] Stealth Rock
|move|p2a: Dragapult|Shadow Ball|p1a: Rotom
|-damage|p1a: Rotom|36/100
|
|-heal|p1a: Rotom|42/100|[from] item: Leftovers
|upkeep
|turn|71
|
|switch|p1a: Corviknight|Corviknight, F|34/100
|-damage|p1a: Corviknight|21/100|[from] Stealth Rock
|-ability|p1a: Corviknight|Pressure
|move|p2a: Dragapult|Shadow Ball|p1a: Corviknight
|-damage|p1a: Corviknight|0 fnt
|faint|p1a: Corviknight
|
|upkeep
|
|switch|p1a: Aegislash|Aegislash, M|94/100
|-damage|p1a: Aegislash|88/100|[from] Stealth Rock
|turn|72
|
|switch|p2a: Sasha|Bewear, F|98/100
|-damage|p2a: Sasha|91/100|[from] Stealth Rock
|-formechange|p1a: Aegislash|Aegislash-Blade||[from] ability: Stance Change
|move|p1a: Aegislash|Shadow Sneak|p2a: Sasha
|-immune|p2a: Sasha
|
|-heal|p2a: Sasha|98/100|[from] item: Leftovers
|upkeep
|turn|73
|
|switch|p1a: Rotom|Rotom-Mow|42/100
|-damage|p1a: Rotom|29/100|[from] Stealth Rock
|move|p2a: Sasha|Darkest Lariat|p1a: Rotom
|-damage|p1a: Rotom|5/100
|
|-heal|p1a: Rotom|12/100|[from] item: Leftovers
|-heal|p2a: Sasha|100/100|[from] item: Leftovers
|upkeep
|turn|74
|-message|thounss forfeited.
|
|win|Bearboi69
|l|☆thounss
|c|☆Bearboi69|Gg
