|j|‽OilyBootySpex
|j|☆early_human
|player|p1|OilyBootySpex|li|1441
|player|p2|early_human|266|1396
|teamsize|p1|6
|teamsize|p2|6
|gametype|singles
|gen|8
|tier|[Gen 8] OU
|rated|
|clearpoke
|poke|p1|Dragapult, M|
|poke|p1|Raichu-Alola, M|
|poke|p1|Pincurchin, M|
|poke|p1|Bisharp, M|
|poke|p1|Seismitoad, M|
|poke|p1|Togekiss, F|
|poke|p2|Weezing-Galar, F|
|poke|p2|Dragapult, M|
|poke|p2|Toxapex, F|
|poke|p2|Magnezone|
|poke|p2|Mandibuzz, F|
|poke|p2|Amoonguss, F|
|rule|Sleep Clause Mod: Limit one foe put to sleep
|rule|Species Clause: Limit one of each Pokémon
|rule|OHKO Clause: OHKO moves are banned
|rule|Evasion Moves Clause: Evasion moves are banned
|rule|Endless Battle Clause: Forcing endless battles is banned
|rule|HP Percentage Mod: HP is shown in percentages
|rule|Dynamax Clause: You cannot dynamax
|teampreview
|inactive|Battle timer is ON: inactive players will automatically lose when time's up. (requested by early_human)
|
|start
|switch|p1a: Seismitoad|Seismitoad, M|100/100
|switch|p2a: Toxapex|Toxapex, F|100/100
|turn|1
|
|move|p1a: Seismitoad|Stealth Rock|p2a: Toxapex
|-sidestart|p2: early_human|move: Stealth Rock
|move|p2a: Toxapex|Toxic Spikes|p1a: Seismitoad
|-sidestart|p1: OilyBootySpex|move: Toxic Spikes
|
|upkeep
|turn|2
|
|switch|p1a: Togekiss|Togekiss, F|100/100
|move|p2a: Toxapex|Toxic Spikes|p1a: Togekiss
|-sidestart|p1: OilyBootySpex|move: Toxic Spikes
|
|upkeep
|turn|3
|
|switch|p2a: Magnezone|Magnezone|100/100
|-damage|p2a: Magnezone|94/100|[from] Stealth Rock
|move|p1a: Togekiss|Flamethrower|p2a: Magnezone
|-supereffective|p2a: Magnezone
|-damage|p2a: Magnezone|30/100
|
|upkeep
|turn|4
|
|switch|p2a: Mandibuzz|Mandibuzz, F|100/100
|move|p1a: Togekiss|Flamethrower|p2a: Mandibuzz
|-damage|p2a: Mandibuzz|83/100
|
|upkeep
|turn|5
|
|move|p1a: Togekiss|Thunder Wave|p2a: Mandibuzz
|-status|p2a: Mandibuzz|par
|move|p2a: Mandibuzz|U-turn|p1a: Togekiss
|-resisted|p1a: Togekiss
|-damage|p1a: Togekiss|98/100
|
|switch|p2a: Weezing|Weezing-Galar, F|100/100|[from]move: U-turn
|-ability|p2a: Weezing|Neutralizing Gas
|-damage|p2a: Weezing|88/100|[from] Stealth Rock
|
|-heal|p2a: Weezing|94/100|[from] item: Leftovers
|upkeep
|turn|6
|
|switch|p1a: Bisharp|Bisharp, M|100/100
|move|p2a: Weezing|Will-O-Wisp|p1a: Bisharp
|-status|p1a: Bisharp|brn
|
|-heal|p2a: Weezing|99/100|[from] item: Leftovers
|-damage|p1a: Bisharp|95/100 brn|[from] brn
|upkeep
|turn|7
|
|move|p2a: Weezing|Strange Steam|p1a: Bisharp
|-damage|p1a: Bisharp|51/100 brn
|move|p1a: Bisharp|Swords Dance|p1a: Bisharp
|-boost|p1a: Bisharp|atk|2
|
|-heal|p2a: Weezing|100/100|[from] item: Leftovers
|-damage|p1a: Bisharp|45/100 brn|[from] brn
|upkeep
|turn|8
|
|move|p2a: Weezing|Strange Steam|p1a: Bisharp
|-damage|p1a: Bisharp|4/100 brn
|-start|p1a: Bisharp|confusion
|-activate|p1a: Bisharp|confusion
|-damage|p1a: Bisharp|0 fnt|[from] confusion
|faint|p1a: Bisharp
|
|upkeep
|
|switch|p1a: Togekiss|Togekiss, F|98/100
|turn|9
|
|move|p1a: Togekiss|Air Slash|p2a: Weezing
|-damage|p2a: Weezing|61/100
|move|p2a: Weezing|Will-O-Wisp|p1a: Togekiss
|-status|p1a: Togekiss|brn
|
|-heal|p2a: Weezing|67/100|[from] item: Leftovers
|-damage|p1a: Togekiss|92/100 brn|[from] brn
|upkeep
|turn|10
|
|switch|p2a: Toxapex|Toxapex, F|100/100
|-damage|p2a: Toxapex|88/100|[from] Stealth Rock
|move|p1a: Togekiss|Thunder Wave|p2a: Toxapex
|-status|p2a: Toxapex|par
|
|-heal|p2a: Toxapex|94/100 par|[from] item: Black Sludge
|-damage|p1a: Togekiss|86/100 brn|[from] brn
|upkeep
|turn|11
|
|move|p1a: Togekiss|Air Slash|p2a: Toxapex
|-damage|p2a: Toxapex|70/100 par
|cant|p2a: Toxapex|par
|
|-heal|p2a: Toxapex|76/100 par|[from] item: Black Sludge
|-damage|p1a: Togekiss|79/100 brn|[from] brn
|upkeep
|turn|12
|
|move|p1a: Togekiss|Air Slash|p2a: Toxapex
|-crit|p2a: Toxapex
|-damage|p2a: Toxapex|38/100 par
|cant|p2a: Toxapex|par
|
|-heal|p2a: Toxapex|44/100 par|[from] item: Black Sludge
|-damage|p1a: Togekiss|73/100 brn|[from] brn
|upkeep
|turn|13
|
|move|p1a: Togekiss|Air Slash|p2a: Toxapex|[miss]
|-miss|p1a: Togekiss|p2a: Toxapex
|move|p2a: Toxapex|Recover|p2a: Toxapex
|-heal|p2a: Toxapex|94/100 par
|
|-heal|p2a: Toxapex|100/100 par|[from] item: Black Sludge
|-damage|p1a: Togekiss|67/100 brn|[from] brn
|upkeep
|turn|14
|
|switch|p2a: Magnezone|Magnezone|30/100
|-damage|p2a: Magnezone|24/100|[from] Stealth Rock
|move|p1a: Togekiss|Air Slash|p2a: Magnezone
|-resisted|p2a: Magnezone
|-damage|p2a: Magnezone|14/100
|
|-damage|p1a: Togekiss|61/100 brn|[from] brn
|upkeep
|turn|15
|
|move|p1a: Togekiss|Flamethrower|p2a: Magnezone
|-supereffective|p2a: Magnezone
|-damage|p2a: Magnezone|0 fnt
|faint|p2a: Magnezone
|
|-damage|p1a: Togekiss|54/100 brn|[from] brn
|upkeep
|
|switch|p2a: Dragapult|Dragapult, M|100/100
|-damage|p2a: Dragapult|88/100|[from] Stealth Rock
|turn|16
|
|switch|p1a: Seismitoad|Seismitoad, M|100/100
|-status|p1a: Seismitoad|tox
|move|p2a: Dragapult|Hex|p1a: Seismitoad
|-damage|p1a: Seismitoad|15/100 tox
|
|-heal|p1a: Seismitoad|21/100 tox|[from] item: Leftovers
|-damage|p1a: Seismitoad|15/100 tox|[from] psn
|upkeep
|turn|17
|
|move|p2a: Dragapult|Hex|p1a: Seismitoad
|-damage|p1a: Seismitoad|0 fnt
|faint|p1a: Seismitoad
|
|upkeep
|
|switch|p1a: Dragapult|Dragapult, M|100/100
|-status|p1a: Dragapult|tox
|turn|18
|
|switch|p2a: Weezing|Weezing-Galar, F|67/100
|-ability|p2a: Weezing|Neutralizing Gas
|-damage|p2a: Weezing|54/100|[from] Stealth Rock
|move|p1a: Dragapult|Draco Meteor|p2a: Weezing
|-immune|p2a: Weezing
|
|-heal|p2a: Weezing|60/100|[from] item: Leftovers
|-damage|p1a: Dragapult|95/100 tox|[from] psn
|upkeep
|turn|19
|
|switch|p1a: Togekiss|Togekiss, F|54/100 brn
|switch|p2a: Dragapult|Dragapult, M|88/100
|-damage|p2a: Dragapult|76/100|[from] Stealth Rock
|
|-damage|p1a: Togekiss|48/100 brn|[from] brn
|upkeep
|turn|20
|
|move|p2a: Dragapult|Hex|p1a: Togekiss
|-damage|p1a: Togekiss|0 fnt
|faint|p1a: Togekiss
|
|upkeep
|
|switch|p1a: Pincurchin|Pincurchin, M|100/100
|-status|p1a: Pincurchin|tox
|-fieldstart|move: Electric Terrain|[from] ability: Electric Surge|[of] p1a: Pincurchin
|turn|21
|
|move|p1a: Pincurchin|Sucker Punch|p2a: Dragapult
|-supereffective|p2a: Dragapult
|-damage|p2a: Dragapult|15/100
|move|p2a: Dragapult|Hex|p1a: Pincurchin
|-damage|p1a: Pincurchin|0 fnt
|faint|p1a: Pincurchin
|
|upkeep
|
|switch|p1a: Raichu|Raichu-Alola, M|100/100
|-status|p1a: Raichu|tox
|turn|22
|
|switch|p2a: Mandibuzz|Mandibuzz, F|83/100 par
|move|p1a: Raichu|Psychic|p2a: Mandibuzz
|-immune|p2a: Mandibuzz
|
|-damage|p1a: Raichu|94/100 tox|[from] psn
|upkeep
|turn|23
|
|move|p1a: Raichu|Rising Voltage|p2a: Mandibuzz
|-supereffective|p2a: Mandibuzz
|-damage|p2a: Mandibuzz|0 fnt
|-damage|p1a: Raichu|84/100 tox|[from] item: Life Orb
|faint|p2a: Mandibuzz
|
|-damage|p1a: Raichu|72/100 tox|[from] psn
|upkeep
|
|switch|p2a: Toxapex|Toxapex, F|100/100 par
|-damage|p2a: Toxapex|88/100 par|[from] Stealth Rock
|turn|24
|
|move|p1a: Raichu|Nasty Plot|p1a: Raichu
|-boost|p1a: Raichu|spa|2
|move|p2a: Toxapex|Recover|p2a: Toxapex
|-heal|p2a: Toxapex|100/100 par
|
|-damage|p1a: Raichu|54/100 tox|[from] psn
|upkeep
|turn|25
|
|move|p1a: Raichu|Psychic|p2a: Toxapex
|-supereffective|p2a: Toxapex
|-damage|p2a: Toxapex|0 fnt
|-damage|p1a: Raichu|44/100 tox|[from] item: Life Orb
|faint|p2a: Toxapex
|
|-damage|p1a: Raichu|19/100 tox|[from] psn
|upkeep
|-message|early_human forfeited.
|
|win|OilyBootySpex
|l|☆early_human
