|j|☆iopkj09
|j|‽minimax_ai
|t:|1667649959
|gametype|singles
|player|p1|iopkj09|nate|1516
|player|p2|minimax_ai|169|1615
|teamsize|p1|6
|teamsize|p2|6
|gen|8
|tier|[Gen 8] OU
|rated|
|rule|Sleep Clause Mod: Limit one foe put to sleep
|rule|Species Clause: Limit one of each Pokémon
|rule|OHKO Clause: OHKO moves are banned
|rule|Evasion Items Clause: Evasion items are banned
|rule|Evasion Moves Clause: Evasion moves are banned
|rule|Endless Battle Clause: Forcing endless battles is banned
|rule|HP Percentage Mod: HP is shown in percentages
|rule|Dynamax Clause: You cannot dynamax
|clearpoke
|poke|p1|Garchomp, M|
|poke|p1|Rillaboom, M|
|poke|p1|Weavile, F|
|poke|p1|Alakazam, M|
|poke|p1|Comfey, F|
|poke|p1|Zapdos|
|poke|p2|Rotom-Wash|
|poke|p2|Weavile, M|
|poke|p2|Landorus-Therian, M|
|poke|p2|Heatran, M|
|poke|p2|Tangrowth, M|
|poke|p2|Melmetal|
|teampreview
|inactive|Battle timer is ON: inactive players will automatically lose when time's up. (requested by iopkj09)
|inactive|minimax_ai also wants the timer to be on.
|
|t:|1667649973
|start
|switch|p1a: Comfey|Comfey, F|100/100
|switch|p2a: Melmetal|Melmetal|100/100
|turn|1
|
|t:|1667649975
|move|p1a: Comfey|Worry Seed|p2a: Melmetal
|-endability|p2a: Melmetal|Iron Fist|[from] move: Worry Seed
|-ability|p2a: Melmetal|Insomnia|[from] move: Worry Seed
|move|p2a: Melmetal|Double Iron Bash|p1a: Comfey
|-supereffective|p1a: Comfey
|-damage|p1a: Comfey|22/100
|-supereffective|p1a: Comfey
|-damage|p1a: Comfey|0 fnt
|faint|p1a: Comfey
|-hitcount|p1: Comfey|2
|
|upkeep
|
|t:|1667649984
|switch|p1a: Zapdos|Zapdos, shiny|100/100
|turn|2
|
|t:|1667649986
|move|p1a: Zapdos|Heat Wave|p2a: Melmetal
|-supereffective|p2a: Melmetal
|-damage|p2a: Melmetal|66/100
|move|p2a: Melmetal|Ice Punch|p1a: Zapdos
|-supereffective|p1a: Zapdos
|-damage|p1a: Zapdos|27/100
|
|upkeep
|turn|3
|
|t:|1667649997
|move|p1a: Zapdos|Heat Wave|p2a: Melmetal
|-supereffective|p2a: Melmetal
|-damage|p2a: Melmetal|34/100
|move|p2a: Melmetal|Ice Punch|p1a: Zapdos
|-supereffective|p1a: Zapdos
|-damage|p1a: Zapdos|0 fnt
|faint|p1a: Zapdos
|
|upkeep
|
|t:|1667650001
|switch|p1a: Alakazam|Alakazam, M|100/100
|turn|4
|
|t:|1667650005
|move|p1a: Alakazam|Focus Blast|p2a: Melmetal
|-supereffective|p2a: Melmetal
|-damage|p2a: Melmetal|0 fnt
|faint|p2a: Melmetal
|
|upkeep
|
|t:|1667650005
|switch|p2a: Weavile|Weavile, M|100/100
|-ability|p2a: Weavile|Pressure
|turn|5
|
|t:|1667650009
|move|p2a: Weavile|Knock Off|p1a: Alakazam
|-supereffective|p1a: Alakazam
|-damage|p1a: Alakazam|0 fnt
|-enditem|p1a: Alakazam|Life Orb|[from] move: Knock Off|[of] p2a: Weavile
|faint|p1a: Alakazam
|
|upkeep
|
|t:|1667650013
|switch|p1a: Weavile|Weavile, F|100/100
|-ability|p1a: Weavile|Pressure
|turn|6
|
|t:|1667650015
|switch|p2a: Landorus|Landorus-Therian, M|100/100
|-ability|p2a: Landorus|Intimidate|boost
|-unboost|p1a: Weavile|atk|1
|move|p1a: Weavile|Swords Dance|p1a: Weavile
|-boost|p1a: Weavile|atk|2
|
|upkeep
|turn|7
|
|t:|1667650017
|move|p1a: Weavile|Ice Shard|p2a: Landorus
|-supereffective|p2a: Landorus
|-crit|p2a: Landorus
|-damage|p2a: Landorus|0 fnt
|faint|p2a: Landorus
|
|upkeep
|
|t:|1667650017
|switch|p2a: Weavile|Weavile, M|100/100
|-ability|p2a: Weavile|Pressure
|turn|8
|
|t:|1667650019
|move|p2a: Weavile|Low Kick|p1a: Weavile
|-supereffective|p1a: Weavile
|-enditem|p1a: Weavile|Focus Sash
|-damage|p1a: Weavile|1/100
|move|p1a: Weavile|Low Kick|p2a: Weavile
|-supereffective|p2a: Weavile
|-damage|p2a: Weavile|0 fnt
|faint|p2a: Weavile
|
|upkeep
|
|t:|1667650019
|switch|p2a: Tangrowth|Tangrowth, M|100/100
|turn|9
|
|t:|1667650022
|move|p1a: Weavile|Ice Shard|p2a: Tangrowth
|-supereffective|p2a: Tangrowth
|-damage|p2a: Tangrowth|72/100
|move|p2a: Tangrowth|Giga Drain|p1a: Weavile
|-damage|p1a: Weavile|0 fnt
|-heal|p2a: Tangrowth|72/100|[from] drain|[of] p1a: Weavile
|faint|p1a: Weavile
|
|upkeep
|
|t:|1667650025
|switch|p1a: Garchomp|Garchomp, M, shiny|100/100
|turn|10
|
|t:|1667650028
|move|p1a: Garchomp|Flamethrower|p2a: Tangrowth
|-supereffective|p2a: Tangrowth
|-damage|p2a: Tangrowth|19/100
|move|p2a: Tangrowth|Sleep Powder|p1a: Garchomp|[miss]
|-miss|p2a: Tangrowth|p1a: Garchomp
|
|upkeep
|turn|11
|
|t:|1667650031
|switch|p1a: Rillaboom|Rillaboom, M|100/100
|-fieldstart|move: Grassy Terrain|[from] ability: Grassy Surge|[of] p1a: Rillaboom
|switch|p2a: Heatran|Heatran, M|100/100
|-item|p2a: Heatran|Air Balloon
|
|upkeep
|turn|12
|
|t:|1667650033
|switch|p2a: Tangrowth|Tangrowth, M|52/100
|move|p1a: Rillaboom|Superpower|p2a: Tangrowth
|-damage|p2a: Tangrowth|24/100
|-unboost|p1a: Rillaboom|atk|1
|-unboost|p1a: Rillaboom|def|1
|-damage|p1a: Rillaboom|84/100|[from] item: Rocky Helmet|[of] p2a: Tangrowth
|-damage|p1a: Rillaboom|74/100|[from] item: Life Orb
|
|-heal|p1a: Rillaboom|80/100|[from] Grassy Terrain
|-heal|p2a: Tangrowth|30/100|[from] Grassy Terrain
|upkeep
|turn|13
|
|t:|1667650035
|move|p1a: Rillaboom|Superpower|p2a: Tangrowth
|-damage|p2a: Tangrowth|10/100
|-unboost|p1a: Rillaboom|atk|1
|-unboost|p1a: Rillaboom|def|1
|-damage|p1a: Rillaboom|63/100|[from] item: Rocky Helmet|[of] p2a: Tangrowth
|-damage|p1a: Rillaboom|53/100|[from] item: Life Orb
|move|p2a: Tangrowth|Knock Off|p1a: Rillaboom
|-damage|p1a: Rillaboom|5/100
|-enditem|p1a: Rillaboom|Life Orb|[from] move: Knock Off|[of] p2a: Tangrowth
|
|-heal|p1a: Rillaboom|11/100|[from] Grassy Terrain
|-heal|p2a: Tangrowth|16/100|[from] Grassy Terrain
|upkeep
|turn|14
|
|t:|1667650038
|move|p1a: Rillaboom|Superpower|p2a: Tangrowth
|-damage|p2a: Tangrowth|6/100
|-unboost|p1a: Rillaboom|atk|1
|-unboost|p1a: Rillaboom|def|1
|-damage|p1a: Rillaboom|0 fnt|[from] item: Rocky Helmet|[of] p2a: Tangrowth
|faint|p1a: Rillaboom
|move|p2a: Tangrowth|Giga Drain|p1: Rillaboom|[notarget]
|-fail|p2a: Tangrowth
|
|-heal|p2a: Tangrowth|13/100|[from] Grassy Terrain
|upkeep
|
|t:|1667650041
|switch|p1a: Garchomp|Garchomp, M, shiny|100/100
|turn|15
|
|t:|1667650043
|switch|p2a: Heatran|Heatran, M|100/100
|-item|p2a: Heatran|Air Balloon
|move|p1a: Garchomp|Outrage|p2a: Heatran
|-resisted|p2a: Heatran
|-damage|p2a: Heatran|71/100
|-enditem|p2a: Heatran|Air Balloon
|
|-heal|p2a: Heatran|77/100|[from] Grassy Terrain
|-fieldend|move: Grassy Terrain
|upkeep
|turn|16
|-message|iopkj09 forfeited.
|
|win|minimax_ai
|raw|iopkj09's rating: 1516 &rarr; <strong>1502</strong><br />(-14 for losing)
|raw|minimax_ai's rating: 1615 &rarr; <strong>1629</strong><br />(+14 for winning)
|l|☆iopkj09
