|j|☆El Stefano
|j|☆Ladmaw
|t:|1667319077
|gametype|singles
|player|p1|El Stefano|101|1767
|player|p2|Ladmaw|lucas|1750
|teamsize|p1|6
|teamsize|p2|6
|gen|8
|tier|[Gen 8] OU
|rated|
|rule|Sleep Clause Mod: Limit one foe put to sleep
|rule|Species Clause: Limit one of each Pokémon
|rule|OHKO Clause: OHKO moves are banned
|rule|Evasion Items Clause: Evasion items are banned
|rule|Evasion Moves Clause: Evasion moves are banned
|rule|Endless Battle Clause: Forcing endless battles is banned
|rule|HP Percentage Mod: HP is shown in percentages
|rule|Dynamax Clause: You cannot dynamax
|clearpoke
|poke|p1|Reuniclus, M|
|poke|p1|Umbreon, F|
|poke|p1|Quagsire, F|
|poke|p1|Dragonite, M|
|poke|p1|Toxapex, F|
|poke|p1|Tornadus-Therian, M|
|poke|p2|Kartana|
|poke|p2|Blacephalon|
|poke|p2|Landorus-Therian, M|
|poke|p2|Slowbro, F|
|poke|p2|Zapdos|
|poke|p2|Tyranitar, F|
|teampreview
|inactive|Battle timer is ON: inactive players will automatically lose when time's up. (requested by Ladmaw)
|
|t:|1667319089
|start
|switch|p1a: Toxapex|Toxapex, F|100/100
|switch|p2a: Zapdos|Zapdos|100/100
|turn|1
|
|t:|1667319094
|switch|p1a: Reuniclus|Reuniclus, M|100/100
|move|p2a: Zapdos|Volt Switch|p1a: Reuniclus
|-damage|p1a: Reuniclus|88/100
|
|t:|1667319102
|switch|p2a: Tyranitar|Tyranitar, F|100/100|[from]move: Volt Switch
|-weather|Sandstorm|[from] ability: Sand Stream|[of] p2a: Tyranitar
|
|-weather|Sandstorm|[upkeep]
|-damage|p1a: Reuniclus|82/100|[from] Sandstorm
|upkeep
|turn|2
|
|t:|1667319105
|switch|p1a: Toxapex|Toxapex, F|100/100
|move|p2a: Tyranitar|Stone Edge|p1a: Toxapex
|-damage|p1a: Toxapex|43/100
|
|-weather|Sandstorm|[upkeep]
|-damage|p1a: Toxapex|37/100|[from] Sandstorm
|upkeep
|turn|3
|
|t:|1667319112
|switch|p2a: Kartana|Kartana|100/100
|switch|p1a: Quagsire|Quagsire, F|100/100
|
|-weather|Sandstorm|[upkeep]
|upkeep
|turn|4
|
|t:|1667319120
|switch|p1a: Tornadus|Tornadus-Therian, M|100/100
|move|p2a: Kartana|Knock Off|p1a: Tornadus
|-damage|p1a: Tornadus|57/100
|-enditem|p1a: Tornadus|Heavy-Duty Boots|[from] move: Knock Off|[of] p2a: Kartana
|
|-weather|Sandstorm|[upkeep]
|-damage|p1a: Tornadus|51/100|[from] Sandstorm
|upkeep
|turn|5
|
|t:|1667319125
|switch|p2a: Slowbro|Slowbro, F|100/100
|switch|p1a: Toxapex|Toxapex, F|70/100
|
|-weather|none
|upkeep
|turn|6
|
|t:|1667319130
|move|p1a: Toxapex|Toxic|p2a: Slowbro
|-status|p2a: Slowbro|tox
|move|p2a: Slowbro|Teleport|p2a: Slowbro
|
|t:|1667319133
|switch|p2a: Landorus|Landorus-Therian, M|100/100|[from]move: Teleport
|-ability|p2a: Landorus|Intimidate|boost
|-unboost|p1a: Toxapex|atk|1
|
|upkeep
|turn|7
|
|t:|1667319140
|switch|p1a: Tornadus|Tornadus-Therian, M|84/100
|move|p2a: Landorus|Stealth Rock|p1a: Tornadus
|-sidestart|p1: El Stefano|move: Stealth Rock
|
|upkeep
|turn|8
|
|t:|1667319145
|switch|p2a: Tyranitar|Tyranitar, F|100/100
|-weather|Sandstorm|[from] ability: Sand Stream|[of] p2a: Tyranitar
|move|p1a: Tornadus|Taunt|p2a: Tyranitar
|-start|p2a: Tyranitar|move: Taunt
|
|-weather|Sandstorm|[upkeep]
|-damage|p1a: Tornadus|78/100|[from] Sandstorm
|upkeep
|turn|9
|j| anarc0
|
|t:|1667319151
|switch|p1a: Quagsire|Quagsire, F|100/100
|-damage|p1a: Quagsire|94/100|[from] Stealth Rock
|move|p2a: Tyranitar|Stone Edge|p1a: Quagsire
|-resisted|p1a: Quagsire
|-damage|p1a: Quagsire|64/100
|
|-weather|Sandstorm|[upkeep]
|-heal|p1a: Quagsire|70/100|[from] item: Leftovers
|upkeep
|turn|10
|
|t:|1667319162
|switch|p2a: Slowbro|Slowbro, F|100/100 tox
|move|p1a: Quagsire|Toxic|p2a: Slowbro
|-fail|p2a: Slowbro|tox
|
|-weather|Sandstorm|[upkeep]
|-damage|p2a: Slowbro|94/100 tox|[from] Sandstorm
|-heal|p1a: Quagsire|76/100|[from] item: Leftovers
|-damage|p2a: Slowbro|88/100 tox|[from] psn
|upkeep
|turn|11
|
|t:|1667319166
|move|p1a: Quagsire|Recover|p1a: Quagsire
|-heal|p1a: Quagsire|100/100
|move|p2a: Slowbro|Teleport|p2a: Slowbro
|j| 2(H2O)-Alt
|
|t:|1667319168
|switch|p2a: Kartana|Kartana|100/100|[from]move: Teleport
|
|-weather|Sandstorm|[upkeep]
|upkeep
|turn|12
|
|t:|1667319176
|switch|p1a: Toxapex|Toxapex, F|100/100
|-damage|p1a: Toxapex|88/100|[from] Stealth Rock
|move|p2a: Kartana|Leaf Blade|p1a: Toxapex
|-damage|p1a: Toxapex|53/100
|-damage|p2a: Kartana|84/100|[from] item: Rocky Helmet|[of] p1a: Toxapex
|
|-weather|none
|upkeep
|turn|13
|j| xiezhouqun1
|
|t:|1667319189
|switch|p2a: Slowbro|Slowbro, F|100/100 tox
|switch|p1a: Tornadus|Tornadus-Therian, M|100/100
|-damage|p1a: Tornadus|76/100|[from] Stealth Rock
|
|-damage|p2a: Slowbro|94/100 tox|[from] psn
|upkeep
|turn|14
|j| user1_ou
|
|t:|1667319194
|move|p1a: Tornadus|Taunt|p2a: Slowbro
|-start|p2a: Slowbro|move: Taunt
|move|p2a: Slowbro|Ice Beam|p1a: Tornadus
|-supereffective|p1a: Tornadus
|-damage|p1a: Tornadus|31/100
|
|-damage|p2a: Slowbro|82/100 tox|[from] psn
|upkeep
|turn|15
|
|t:|1667319201
|switch|p1a: Reuniclus|Reuniclus, M|100/100
|-damage|p1a: Reuniclus|88/100|[from] Stealth Rock
|move|p2a: Slowbro|Ice Beam|p1a: Reuniclus
|-damage|p1a: Reuniclus|78/100
|
|-damage|p2a: Slowbro|64/100 tox|[from] psn
|upkeep
|turn|16
|
|t:|1667319207
|switch|p2a: Blacephalon|Blacephalon|100/100
|move|p1a: Reuniclus|Knock Off|p2a: Blacephalon
|-supereffective|p2a: Blacephalon
|-damage|p2a: Blacephalon|31/100
|-enditem|p2a: Blacephalon|Choice Specs|[from] move: Knock Off|[of] p1a: Reuniclus
|
|upkeep
|turn|17
|
|t:|1667319217
|move|p2a: Blacephalon|Shadow Ball|p1a: Reuniclus
|-supereffective|p1a: Reuniclus
|-damage|p1a: Reuniclus|34/100
|move|p1a: Reuniclus|Psyshock|p2a: Blacephalon
|-damage|p2a: Blacephalon|0 fnt
|faint|p2a: Blacephalon
|
|upkeep
|
|t:|1667319223
|switch|p2a: Tyranitar|Tyranitar, F|100/100
|-weather|Sandstorm|[from] ability: Sand Stream|[of] p2a: Tyranitar
|turn|18
|
|t:|1667319230
|switch|p1a: Quagsire|Quagsire, F|100/100
|-damage|p1a: Quagsire|94/100|[from] Stealth Rock
|move|p2a: Tyranitar|Crunch|p1a: Quagsire
|-damage|p1a: Quagsire|48/100
|
|-weather|Sandstorm|[upkeep]
|-heal|p1a: Quagsire|54/100|[from] item: Leftovers
|upkeep
|turn|19
|
|t:|1667319242
|move|p2a: Tyranitar|Crunch|p1a: Quagsire
|-damage|p1a: Quagsire|9/100
|move|p1a: Quagsire|Recover|p1a: Quagsire
|-heal|p1a: Quagsire|59/100
|
|-weather|Sandstorm|[upkeep]
|-heal|p1a: Quagsire|65/100|[from] item: Leftovers
|upkeep
|turn|20
|
|t:|1667319251
|move|p2a: Tyranitar|Crunch|p1a: Quagsire
|-damage|p1a: Quagsire|18/100
|-unboost|p1a: Quagsire|def|1
|move|p1a: Quagsire|Recover|p1a: Quagsire
|-heal|p1a: Quagsire|68/100
|
|-weather|Sandstorm|[upkeep]
|-heal|p1a: Quagsire|74/100|[from] item: Leftovers
|upkeep
|turn|21
|
|t:|1667319261
|switch|p1a: Toxapex|Toxapex, F|86/100
|-damage|p1a: Toxapex|74/100|[from] Stealth Rock
|move|p2a: Tyranitar|Crunch|p1a: Toxapex
|-damage|p1a: Toxapex|35/100
|-damage|p2a: Tyranitar|84/100|[from] item: Rocky Helmet|[of] p1a: Toxapex
|
|-weather|Sandstorm|[upkeep]
|-damage|p1a: Toxapex|29/100|[from] Sandstorm
|upkeep
|turn|22
|l| anarc0
|
|t:|1667319273
|switch|p1a: Umbreon|Umbreon, F|100/100
|-damage|p1a: Umbreon|88/100|[from] Stealth Rock
|move|p2a: Tyranitar|Crunch|p1a: Umbreon
|-resisted|p1a: Umbreon
|-damage|p1a: Umbreon|68/100
|
|-weather|none
|-heal|p1a: Umbreon|74/100|[from] item: Leftovers
|upkeep
|turn|23
|
|t:|1667319280
|switch|p2a: Slowbro|Slowbro, F|97/100 tox
|switch|p1a: Toxapex|Toxapex, F|62/100
|-damage|p1a: Toxapex|50/100|[from] Stealth Rock
|
|-damage|p2a: Slowbro|91/100 tox|[from] psn
|upkeep
|turn|24
|
|t:|1667319293
|move|p1a: Toxapex|Toxic Spikes|p2a: Slowbro
|-sidestart|p2: Ladmaw|move: Toxic Spikes
|move|p2a: Slowbro|Teleport|p2a: Slowbro
|
|t:|1667319296
|switch|p2a: Zapdos|Zapdos|100/100|[from]move: Teleport
|
|upkeep
|turn|25
|
|t:|1667319302
|switch|p1a: Reuniclus|Reuniclus, M|68/100
|-damage|p1a: Reuniclus|55/100|[from] Stealth Rock
|move|p2a: Zapdos|Defog|p1a: Reuniclus
|-unboost|p1a: Reuniclus|evasion|1
|-sideend|p1: El Stefano|Stealth Rock|[from] move: Defog|[of] p2a: Zapdos
|-sideend|p2: Ladmaw|Toxic Spikes|[from] move: Defog|[of] p2a: Zapdos
|
|upkeep
|turn|26
|
|t:|1667319311
|move|p2a: Zapdos|Volt Switch|p1a: Reuniclus
|-damage|p1a: Reuniclus|41/100
|
|t:|1667319314
|switch|p2a: Slowbro|Slowbro, F|100/100 tox|[from]move: Volt Switch
|move|p1a: Reuniclus|Future Sight|p2a: Slowbro
|-start|p1a: Reuniclus|move: Future Sight
|
|-damage|p2a: Slowbro|94/100 tox|[from] psn
|upkeep
|turn|27
|
|t:|1667319330
|switch|p1a: Toxapex|Toxapex, F|83/100
|move|p2a: Slowbro|Teleport|p2a: Slowbro
|
|t:|1667319334
|switch|p2a: Tyranitar|Tyranitar, F|84/100|[from]move: Teleport
|-weather|Sandstorm|[from] ability: Sand Stream|[of] p2a: Tyranitar
|
|-weather|Sandstorm|[upkeep]
|-damage|p1a: Toxapex|76/100|[from] Sandstorm
|upkeep
|turn|28
|
|t:|1667319339
|move|p2a: Tyranitar|Stone Edge|p1a: Toxapex|[miss]
|-miss|p2a: Tyranitar|p1a: Toxapex
|move|p1a: Toxapex|Toxic|p2a: Tyranitar
|-status|p2a: Tyranitar|tox
|
|-weather|Sandstorm|[upkeep]
|-damage|p1a: Toxapex|70/100|[from] Sandstorm
|-end|p2a: Tyranitar|move: Future Sight
|-immune|p2a: Tyranitar
|-damage|p2a: Tyranitar|78/100 tox|[from] psn
|upkeep
|turn|29
|
|t:|1667319344
|switch|p1a: Quagsire|Quagsire, F|74/100
|move|p2a: Tyranitar|Stone Edge|p1a: Quagsire
|-resisted|p1a: Quagsire
|-damage|p1a: Quagsire|44/100
|
|-weather|Sandstorm|[upkeep]
|-heal|p1a: Quagsire|50/100|[from] item: Leftovers
|-damage|p2a: Tyranitar|66/100 tox|[from] psn
|upkeep
|turn|30
|-message|Ladmaw forfeited.
|
|win|El Stefano
|raw|El Stefano's rating: 1767 &rarr; <strong>1786</strong><br />(+19 for winning)
|raw|Ladmaw's rating: 1750 &rarr; <strong>1731</strong><br />(-19 for losing)
|l|☆Ladmaw
|l| 2(H2O)-Alt
||Ladder isn't responding, score probably updated but might not have (Request timeout).
