|j|☆CherN0ble
|j|☆LT_Alt1
|t:|1663828272
|gametype|singles
|player|p1|CherN0ble|steven|1664
|player|p2|LT_Alt1|1|1675
|teamsize|p1|6
|teamsize|p2|6
|gen|8
|tier|[Gen 8] OU
|rated|
|rule|Sleep Clause Mod: Limit one foe put to sleep
|rule|Species Clause: Limit one of each Pokémon
|rule|OHKO Clause: OHKO moves are banned
|rule|Evasion Items Clause: Evasion items are banned
|rule|Evasion Moves Clause: Evasion moves are banned
|rule|Endless Battle Clause: Forcing endless battles is banned
|rule|HP Percentage Mod: HP is shown in percentages
|rule|Dynamax Clause: You cannot dynamax
|clearpoke
|poke|p1|Pelipper, F|
|poke|p1|Seismitoad, M|
|poke|p1|Barraskewda, M|
|poke|p1|Crawdaunt, M|
|poke|p1|Ferrothorn, M|
|poke|p1|Tapu Lele|
|poke|p2|Alakazam, M|
|poke|p2|Chansey, F|
|poke|p2|Zapdos|
|poke|p2|Clefable, M|
|poke|p2|Slowbro, M|
|poke|p2|Rhydon, M|
|teampreview
|
|t:|1663828274
|start
|switch|p1a: Pelipper|Pelipper, F|100/100
|switch|p2a: Zapdos|Zapdos|100/100
|-weather|RainDance|[from] ability: Drizzle|[of] p1a: Pelipper
|turn|1
|
|t:|1663828281
|switch|p1a: Seismitoad|Seismitoad, M|100/100
|move|p2a: Zapdos|Hurricane|p1a: Seismitoad
|-damage|p1a: Seismitoad|41/100
|-start|p1a: Seismitoad|confusion
|
|-weather|RainDance|[upkeep]
|upkeep
|turn|2
|
|t:|1663828295
|switch|p2a: Chansey|Chansey, F|100/100
|-activate|p1a: Seismitoad|confusion
|move|p1a: Seismitoad|Stealth Rock|p2a: Chansey
|-sidestart|p2: LT_Alt1|move: Stealth Rock
|
|-weather|RainDance|[upkeep]
|upkeep
|turn|3
|
|t:|1663828303
|-activate|p1a: Seismitoad|confusion
|move|p1a: Seismitoad|Knock Off|p2a: Chansey
|-crit|p2a: Chansey
|-damage|p2a: Chansey|63/100
|-enditem|p2a: Chansey|Eviolite|[from] move: Knock Off|[of] p1a: Seismitoad
|-damage|p1a: Seismitoad|31/100|[from] item: Life Orb
|move|p2a: Chansey|Reflect|p2a: Chansey
|-sidestart|p2: LT_Alt1|Reflect
|
|-weather|RainDance|[upkeep]
|upkeep
|turn|4
|j| midsummer page
|
|t:|1663828314
|switch|p1a: Tapu Lele|Tapu Lele|100/100
|-fieldstart|move: Psychic Terrain|[from] ability: Psychic Surge|[of] p1a: Tapu Lele
|move|p2a: Chansey|Teleport|p2a: Chansey
|
|t:|1663828319
|switch|p2a: Clefable|Clefable, M|100/100|[from]move: Teleport
|
|-weather|RainDance|[upkeep]
|upkeep
|turn|5
|
|t:|1663828327
|move|p1a: Tapu Lele|Psychic|p2a: Clefable
|-damage|p2a: Clefable|20/100
|move|p2a: Clefable|Thunder|p1a: Tapu Lele
|-damage|p1a: Tapu Lele|65/100
|
|-weather|RainDance|[upkeep]
|upkeep
|turn|6
|
|t:|1663828335
|move|p1a: Tapu Lele|Psychic|p2a: Clefable
|-damage|p2a: Clefable|0 fnt
|faint|p2a: Clefable
|
|-weather|RainDance|[upkeep]
|upkeep
|
|t:|1663828339
|switch|p2a: Alakazam|Alakazam, M|100/100
|turn|7
|
|t:|1663828344
|switch|p1a: Seismitoad|Seismitoad, M|31/100
|move|p2a: Alakazam|Shadow Ball|p1a: Seismitoad
|-damage|p1a: Seismitoad|0 fnt
|faint|p1a: Seismitoad
|
|-weather|RainDance|[upkeep]
|-sideend|p2: LT_Alt1|Reflect
|upkeep
|
|t:|1663828346
|switch|p1a: Barraskewda|Barraskewda, M|100/100
|turn|8
|
|t:|1663828356
|switch|p2a: Chansey|Chansey, F|63/100
|-damage|p2a: Chansey|50/100|[from] Stealth Rock
|move|p1a: Barraskewda|Flip Turn|p2a: Chansey
|-damage|p2a: Chansey|0 fnt
|faint|p2a: Chansey
|-damage|p1a: Barraskewda|91/100|[from] item: Life Orb
|
|t:|1663828360
|switch|p1a: Ferrothorn|Ferrothorn, M|100/100|[from]move: Flip Turn
|
|-weather|none
|-fieldend|move: Psychic Terrain
|upkeep
|l| midsummer page
|
|t:|1663828367
|switch|p2a: Rhydon|Rhydon, M|100/100
|-damage|p2a: Rhydon|94/100|[from] Stealth Rock
|turn|9
|
|t:|1663828372
|switch|p1a: Pelipper|Pelipper, F|100/100
|-weather|RainDance|[from] ability: Drizzle|[of] p1a: Pelipper
|move|p2a: Rhydon|Stealth Rock|p1a: Pelipper
|-sidestart|p1: CherN0ble|move: Stealth Rock
|
|-weather|RainDance|[upkeep]
|upkeep
|turn|10
|
|t:|1663828378
|move|p1a: Pelipper|U-turn|p2a: Rhydon
|-damage|p2a: Rhydon|90/100
|
|t:|1663828380
|switch|p1a: Ferrothorn|Ferrothorn, M|100/100|[from]move: U-turn
|-damage|p1a: Ferrothorn|94/100|[from] Stealth Rock
|move|p2a: Rhydon|Stone Edge|p1a: Ferrothorn
|-resisted|p1a: Ferrothorn
|-damage|p1a: Ferrothorn|78/100
|
|-weather|RainDance|[upkeep]
|-heal|p1a: Ferrothorn|84/100|[from] item: Leftovers
|upkeep
|turn|11
|
|t:|1663828389
|move|p2a: Rhydon|Earthquake|p1a: Ferrothorn
|-damage|p1a: Ferrothorn|53/100
|move|p1a: Ferrothorn|Leech Seed|p2a: Rhydon|[miss]
|-miss|p1a: Ferrothorn|p2a: Rhydon
|
|-weather|RainDance|[upkeep]
|-heal|p1a: Ferrothorn|60/100|[from] item: Leftovers
|upkeep
|turn|12
|
|t:|1663828400
|move|p1a: Ferrothorn|Protect|p1a: Ferrothorn
|-singleturn|p1a: Ferrothorn|Protect
|move|p2a: Rhydon|Earthquake|p1a: Ferrothorn
|-activate|p1a: Ferrothorn|move: Protect
|
|-weather|RainDance|[upkeep]
|-heal|p1a: Ferrothorn|66/100|[from] item: Leftovers
|upkeep
|turn|13
|
|t:|1663828408
|switch|p2a: Alakazam|Alakazam, M|100/100
|move|p1a: Ferrothorn|Leech Seed|p2a: Alakazam
|-start|p2a: Alakazam|move: Leech Seed
|
|-weather|RainDance|[upkeep]
|-heal|p1a: Ferrothorn|72/100|[from] item: Leftovers
|upkeep
|turn|14
|
|t:|1663828415
|move|p2a: Alakazam|Encore|p1a: Ferrothorn
|-start|p1a: Ferrothorn|Encore
|move|p1a: Ferrothorn|Leech Seed||[still]
|-fail|p1a: Ferrothorn
|
|-weather|RainDance|[upkeep]
|-heal|p1a: Ferrothorn|78/100|[from] item: Leftovers
|upkeep
|turn|15
|
|t:|1663828422
|move|p2a: Alakazam|Dazzling Gleam|p1a: Ferrothorn
|-resisted|p1a: Ferrothorn
|-damage|p1a: Ferrothorn|64/100
|move|p1a: Ferrothorn|Leech Seed||[still]
|-fail|p1a: Ferrothorn
|
|-weather|RainDance|[upkeep]
|-heal|p1a: Ferrothorn|70/100|[from] item: Leftovers
|upkeep
|turn|16
|
|t:|1663828429
|move|p2a: Alakazam|Shadow Ball|p1a: Ferrothorn
|-damage|p1a: Ferrothorn|36/100
|move|p1a: Ferrothorn|Leech Seed||[still]
|-fail|p1a: Ferrothorn
|
|-weather|none
|-heal|p1a: Ferrothorn|42/100|[from] item: Leftovers
|-end|p1a: Ferrothorn|Encore
|upkeep
|turn|17
|
|t:|1663828437
|switch|p1a: Pelipper|Pelipper, F|100/100
|-damage|p1a: Pelipper|76/100|[from] Stealth Rock
|-weather|RainDance|[from] ability: Drizzle|[of] p1a: Pelipper
|move|p2a: Alakazam|Encore||[still]
|-fail|p2a: Alakazam
|
|-weather|RainDance|[upkeep]
|upkeep
|turn|18
|
|t:|1663828445
|move|p2a: Alakazam|Dazzling Gleam|p1a: Pelipper
|-damage|p1a: Pelipper|27/100
|move|p1a: Pelipper|U-turn|p2a: Alakazam
|-supereffective|p2a: Alakazam
|-damage|p2a: Alakazam|60/100
|
|t:|1663828447
|switch|p1a: Barraskewda|Barraskewda, M|91/100|[from]move: U-turn
|-damage|p1a: Barraskewda|78/100|[from] Stealth Rock
|
|-weather|RainDance|[upkeep]
|upkeep
|turn|19
|
|t:|1663828458
|switch|p2a: Rhydon|Rhydon, M|90/100
|-damage|p2a: Rhydon|84/100|[from] Stealth Rock
|move|p1a: Barraskewda|Flip Turn|p2a: Rhydon
|-supereffective|p2a: Rhydon
|-damage|p2a: Rhydon|0 fnt
|faint|p2a: Rhydon
|-damage|p1a: Barraskewda|69/100|[from] item: Life Orb
|
|t:|1663828465
|switch|p1a: Ferrothorn|Ferrothorn, M|42/100|[from]move: Flip Turn
|-damage|p1a: Ferrothorn|36/100|[from] Stealth Rock
|
|-weather|RainDance|[upkeep]
|-heal|p1a: Ferrothorn|42/100|[from] item: Leftovers
|upkeep
|
|t:|1663828472
|switch|p2a: Zapdos|Zapdos|100/100
|turn|20
|
|t:|1663828475
|move|p2a: Zapdos|Hurricane|p1a: Ferrothorn
|-damage|p1a: Ferrothorn|1/100
|-start|p1a: Ferrothorn|confusion
|-activate|p1a: Ferrothorn|confusion
|-damage|p1a: Ferrothorn|0 fnt|[from] confusion
|faint|p1a: Ferrothorn
|
|-weather|RainDance|[upkeep]
|upkeep
|j| Mel0nL0rd
|
|t:|1663828485
|switch|p1a: Tapu Lele|Tapu Lele|65/100
|-damage|p1a: Tapu Lele|52/100|[from] Stealth Rock
|-fieldstart|move: Psychic Terrain|[from] ability: Psychic Surge|[of] p1a: Tapu Lele
|turn|21
|j| TwoTreesWaiting
|inactive|Battle timer is ON: inactive players will automatically lose when time's up. (requested by CherN0ble)
|
|t:|1663828517
|move|p1a: Tapu Lele|Psychic|p2a: Zapdos
|-damage|p2a: Zapdos|18/100
|move|p2a: Zapdos|Light Screen|p2a: Zapdos
|-sidestart|p2: LT_Alt1|move: Light Screen
|
|-weather|RainDance|[upkeep]
|upkeep
|turn|22
|
|t:|1663828523
|switch|p2a: Alakazam|Alakazam, M|60/100
|move|p1a: Tapu Lele|Psychic|p2a: Alakazam
|-resisted|p2a: Alakazam
|-damage|p2a: Alakazam|28/100
|
|-weather|RainDance|[upkeep]
|upkeep
|turn|23
|
|t:|1663828531
|move|p2a: Alakazam|Dazzling Gleam|p1a: Tapu Lele
|-damage|p1a: Tapu Lele|15/100
|move|p1a: Tapu Lele|Psychic|p2a: Alakazam
|-resisted|p2a: Alakazam
|-damage|p2a: Alakazam|0 fnt
|faint|p2a: Alakazam
|
|-weather|RainDance|[upkeep]
|upkeep
|-message|LT_Alt1 forfeited.
|
|win|CherN0ble
|raw|CherN0ble's rating: 1664 &rarr; <strong>1685</strong><br />(+21 for winning)
|raw|LT_Alt1's rating: 1675 &rarr; <strong>1654</strong><br />(-21 for losing)
|l|☆LT_Alt1
|l| Mel0nL0rd
|l| TwoTreesWaiting
