|j|☆Kwaga
|j|☆2(H2O)-Alt
|t:|1653539082
|gametype|singles
|player|p1|Kwaga|palmer|1581
|player|p2|2(H2O)-Alt|viola|1696
|teamsize|p1|6
|teamsize|p2|6
|gen|8
|tier|[Gen 8] OU
|rated|
|rule|Sleep Clause Mod: Limit one foe put to sleep
|rule|Species Clause: Limit one of each Pokémon
|rule|OHKO Clause: OHKO moves are banned
|rule|Evasion Moves Clause: Evasion moves are banned
|rule|Endless Battle Clause: Forcing endless battles is banned
|rule|HP Percentage Mod: HP is shown in percentages
|rule|Dynamax Clause: You cannot dynamax
|clearpoke
|poke|p1|Urshifu-*, M|
|poke|p1|Tapu Lele|
|poke|p1|Zapdos|
|poke|p1|Toxapex, M|
|poke|p1|Melmetal|
|poke|p1|Landorus-Therian, M|
|poke|p2|Pelipper, M|
|poke|p2|Ludicolo, M|
|poke|p2|Barraskewda, F|
|poke|p2|Ferrothorn, M|
|poke|p2|Garchomp, M|
|poke|p2|Zapdos|
|teampreview
|
|t:|1653539100
|start
|switch|p1a: Zapdos|Zapdos|100/100
|switch|p2a: Zapdos|Zapdos|100/100
|turn|1
|inactive|Battle timer is ON: inactive players will automatically lose when time's up. (requested by 2(H2O)-Alt)
|
|t:|1653539108
|switch|p1a: Landorus|Landorus-Therian, M|100/100
|-ability|p1a: Landorus|Intimidate|boost
|-unboost|p2a: Zapdos|atk|1
|move|p2a: Zapdos|Volt Switch|p1a: Landorus
|-immune|p1a: Landorus
|
|upkeep
|turn|2
|
|t:|1653539113
|switch|p2a: Pelipper|Pelipper, M|100/100
|-weather|RainDance|[from] ability: Drizzle|[of] p2a: Pelipper
|move|p1a: Landorus|Stealth Rock|p2a: Pelipper
|-sidestart|p2: 2(H2O)-Alt|move: Stealth Rock
|
|-weather|RainDance|[upkeep]
|upkeep
|turn|3
|
|t:|1653539116
|switch|p1a: Toxapex|Toxapex, M|100/100
|move|p2a: Pelipper|U-turn|p1a: Toxapex
|-resisted|p1a: Toxapex
|-damage|p1a: Toxapex|97/100
|-enditem|p1a: Toxapex|Eject Button
|
|t:|1653539131
|switch|p1a: Zapdos|Zapdos|100/100
|
|-weather|RainDance|[upkeep]
|upkeep
|turn|4
|
|t:|1653539134
|switch|p2a: Zapdos|Zapdos|100/100
|move|p1a: Zapdos|Volt Switch|p2a: Zapdos
|-damage|p2a: Zapdos|71/100
|
|t:|1653539140
|switch|p1a: Tapu Lele|Tapu Lele|100/100|[from]move: Volt Switch
|-fieldstart|move: Psychic Terrain|[from] ability: Psychic Surge|[of] p1a: Tapu Lele
|
|-weather|RainDance|[upkeep]
|upkeep
|turn|5
|
|t:|1653539145
|switch|p2a: Ferrothorn|Ferrothorn, M|100/100
|-damage|p2a: Ferrothorn|94/100|[from] Stealth Rock
|move|p1a: Tapu Lele|Moonblast|p2a: Ferrothorn
|-resisted|p2a: Ferrothorn
|-damage|p2a: Ferrothorn|70/100
|
|-weather|RainDance|[upkeep]
|-heal|p2a: Ferrothorn|77/100|[from] item: Leftovers
|upkeep
|turn|6
|
|t:|1653539156
|switch|p1a: Toxapex|Toxapex, M|100/100
|move|p2a: Ferrothorn|Leech Seed|p1a: Toxapex
|-start|p1a: Toxapex|move: Leech Seed
|
|-weather|RainDance|[upkeep]
|-heal|p2a: Ferrothorn|83/100|[from] item: Leftovers
|-damage|p1a: Toxapex|88/100|[from] Leech Seed|[of] p2a: Ferrothorn
|-heal|p2a: Ferrothorn|94/100|[silent]
|upkeep
|turn|7
|
|t:|1653539159
|move|p1a: Toxapex|Scald|p2a: Ferrothorn
|-resisted|p2a: Ferrothorn
|-crit|p2a: Ferrothorn
|-damage|p2a: Ferrothorn|77/100
|move|p2a: Ferrothorn|Thunder Wave|p1a: Toxapex
|-status|p1a: Toxapex|par
|
|-weather|RainDance|[upkeep]
|-heal|p2a: Ferrothorn|83/100|[from] item: Leftovers
|-damage|p1a: Toxapex|75/100 par|[from] Leech Seed|[of] p2a: Ferrothorn
|-heal|p2a: Ferrothorn|94/100|[silent]
|upkeep
|turn|8
|
|t:|1653539161
|move|p2a: Ferrothorn|Spikes|p1a: Toxapex
|-sidestart|p1: Kwaga|Spikes
|move|p1a: Toxapex|Scald|p2a: Ferrothorn
|-resisted|p2a: Ferrothorn
|-damage|p2a: Ferrothorn|83/100
|
|-weather|RainDance|[upkeep]
|-heal|p2a: Ferrothorn|90/100|[from] item: Leftovers
|-damage|p1a: Toxapex|63/100 par|[from] Leech Seed|[of] p2a: Ferrothorn
|-heal|p2a: Ferrothorn|100/100|[silent]
|-fieldend|move: Psychic Terrain
|upkeep
|turn|9
|
|t:|1653539165
|switch|p1a: Zapdos|Zapdos|100/100
|move|p2a: Ferrothorn|Spikes|p1a: Zapdos
|-sidestart|p1: Kwaga|Spikes
|
|-weather|none
|upkeep
|turn|10
|
|t:|1653539173
|switch|p1a: Landorus|Landorus-Therian, M|100/100
|-ability|p1a: Landorus|Intimidate|boost
|-unboost|p2a: Ferrothorn|atk|1
|move|p2a: Ferrothorn|Knock Off|p1a: Landorus
|-damage|p1a: Landorus|86/100
|-enditem|p1a: Landorus|Leftovers|[from] move: Knock Off|[of] p2a: Ferrothorn
|
|upkeep
|turn|11
|
|t:|1653539175
|move|p1a: Landorus|Swords Dance|p1a: Landorus
|-boost|p1a: Landorus|atk|2
|move|p2a: Ferrothorn|Leech Seed|p1a: Landorus
|-start|p1a: Landorus|move: Leech Seed
|
|-damage|p1a: Landorus|74/100|[from] Leech Seed|[of] p2a: Ferrothorn
|upkeep
|turn|12
|
|t:|1653539180
|switch|p2a: Zapdos|Zapdos|71/100
|move|p1a: Landorus|Swords Dance|p1a: Landorus
|-boost|p1a: Landorus|atk|2
|
|-damage|p1a: Landorus|62/100|[from] Leech Seed|[of] p2a: Zapdos
|-heal|p2a: Zapdos|82/100|[silent]
|upkeep
|turn|13
|
|t:|1653539191
|switch|p2a: Garchomp|Garchomp, M|100/100
|-damage|p2a: Garchomp|94/100|[from] Stealth Rock
|move|p1a: Landorus|Stone Edge|p2a: Garchomp
|-resisted|p2a: Garchomp
|-damage|p2a: Garchomp|44/100
|
|-heal|p2a: Garchomp|50/100|[from] item: Leftovers
|-damage|p1a: Landorus|49/100|[from] Leech Seed|[of] p2a: Garchomp
|-heal|p2a: Garchomp|60/100|[silent]
|upkeep
|turn|14
|
|t:|1653539196
|move|p2a: Garchomp|Stealth Rock|p1a: Landorus
|-sidestart|p1: Kwaga|move: Stealth Rock
|move|p1a: Landorus|Stone Edge|p2a: Garchomp
|-resisted|p2a: Garchomp
|-damage|p2a: Garchomp|11/100
|
|-heal|p2a: Garchomp|18/100|[from] item: Leftovers
|-damage|p1a: Landorus|37/100|[from] Leech Seed|[of] p2a: Garchomp
|-heal|p2a: Garchomp|27/100|[silent]
|upkeep
|turn|15
|
|t:|1653539200
|move|p2a: Garchomp|Fire Blast|p1a: Landorus
|-damage|p1a: Landorus|11/100
|move|p1a: Landorus|Stone Edge|p2a: Garchomp
|-resisted|p2a: Garchomp
|-damage|p2a: Garchomp|0 fnt
|faint|p2a: Garchomp
|
|upkeep
|
|t:|1653539204
|switch|p2a: Barraskewda|Barraskewda, F|100/100
|-damage|p2a: Barraskewda|88/100|[from] Stealth Rock
|turn|16
|
|t:|1653539208
|move|p2a: Barraskewda|Flip Turn|p1a: Landorus
|-supereffective|p1a: Landorus
|-damage|p1a: Landorus|0 fnt
|faint|p1a: Landorus
|
|t:|1653539210
|switch|p2a: Pelipper|Pelipper, M|100/100|[from]move: Flip Turn
|-damage|p2a: Pelipper|76/100|[from] Stealth Rock
|-weather|RainDance|[from] ability: Drizzle|[of] p2a: Pelipper
|
|-weather|RainDance|[upkeep]
|upkeep
|
|t:|1653539212
|switch|p1a: Zapdos|Zapdos|100/100
|turn|17
|
|t:|1653539222
|switch|p2a: Zapdos|Zapdos|82/100
|move|p1a: Zapdos|Defog|p2a: Zapdos
|-unboost|p2a: Zapdos|evasion|1
|-sideend|p2: 2(H2O)-Alt|Stealth Rock|[from] move: Defog|[of] p1a: Zapdos
|-sideend|p1: Kwaga|Spikes|[from] move: Defog|[of] p1a: Zapdos
|-sideend|p1: Kwaga|Stealth Rock|[from] move: Defog|[of] p1a: Zapdos
|
|-weather|RainDance|[upkeep]
|upkeep
|turn|18
|
|t:|1653539227
|switch|p1a: Melmetal|Melmetal|100/100
|move|p2a: Zapdos|Volt Switch|p1a: Melmetal
|-damage|p1a: Melmetal|82/100
|
|t:|1653539230
|switch|p2a: Barraskewda|Barraskewda, F|88/100|[from]move: Volt Switch
|
|-weather|RainDance|[upkeep]
|upkeep
|turn|19
|
|t:|1653539234
|switch|p1a: Toxapex|Toxapex, M|96/100 par
|move|p2a: Barraskewda|Flip Turn|p1a: Toxapex
|-resisted|p1a: Toxapex
|-damage|p1a: Toxapex|65/100 par
|
|t:|1653539237
|switch|p2a: Ludicolo|Ludicolo, M|100/100|[from]move: Flip Turn
|
|-weather|RainDance|[upkeep]
|upkeep
|turn|20
|
|t:|1653539244
|move|p2a: Ludicolo|Energy Ball|p1a: Toxapex
|-crit|p1a: Toxapex
|-damage|p1a: Toxapex|7/100 par
|move|p1a: Toxapex|Poison Jab|p2a: Ludicolo
|-supereffective|p2a: Ludicolo
|-damage|p2a: Ludicolo|40/100
|
|-weather|RainDance|[upkeep]
|upkeep
|turn|21
|
|t:|1653539250
|switch|p2a: Barraskewda|Barraskewda, F|88/100
|switch|p1a: Urshifu|Urshifu-Rapid-Strike, M|100/100
|
|-weather|RainDance|[upkeep]
|upkeep
|turn|22
|
|t:|1653539258
|switch|p2a: Zapdos|Zapdos|82/100
|switch|p1a: Zapdos|Zapdos|100/100
|
|-weather|RainDance|[upkeep]
|upkeep
|turn|23
|
|t:|1653539265
|move|p1a: Zapdos|Volt Switch|p2a: Zapdos
|-damage|p2a: Zapdos|54/100
|j| Gaylarian
|
|t:|1653539267
|switch|p1a: Melmetal|Melmetal|82/100|[from]move: Volt Switch
|move|p2a: Zapdos|Volt Switch|p1a: Melmetal
|-damage|p1a: Melmetal|64/100
|
|t:|1653539272
|switch|p2a: Barraskewda|Barraskewda, F|88/100|[from]move: Volt Switch
|
|-weather|none
|upkeep
|turn|24
|
|t:|1653539283
|switch|p1a: Toxapex|Toxapex, M|40/100 par
|move|p2a: Barraskewda|Flip Turn|p1a: Toxapex
|-resisted|p1a: Toxapex
|-damage|p1a: Toxapex|22/100 par
|
|t:|1653539287
|switch|p2a: Zapdos|Zapdos|54/100|[from]move: Flip Turn
|
|upkeep
|turn|25
|
|t:|1653539292
|switch|p1a: Melmetal|Melmetal|64/100
|move|p2a: Zapdos|Volt Switch|p1a: Melmetal
|-damage|p1a: Melmetal|46/100
|
|t:|1653539296
|switch|p2a: Pelipper|Pelipper, M|76/100|[from]move: Volt Switch
|-weather|RainDance|[from] ability: Drizzle|[of] p2a: Pelipper
|
|-weather|RainDance|[upkeep]
|upkeep
|turn|26
|
|t:|1653539304
|move|p2a: Pelipper|U-turn|p1a: Melmetal
|-resisted|p1a: Melmetal
|-damage|p1a: Melmetal|44/100
|
|t:|1653539306
|switch|p2a: Ferrothorn|Ferrothorn, M|100/100|[from]move: U-turn
|move|p1a: Melmetal|Ice Punch|p2a: Ferrothorn
|-damage|p2a: Ferrothorn|83/100
|-damage|p1a: Melmetal|31/100|[from] ability: Iron Barbs|[of] p2a: Ferrothorn
|
|-weather|RainDance|[upkeep]
|-heal|p2a: Ferrothorn|89/100|[from] item: Leftovers
|upkeep
|turn|27
|
|t:|1653539310
|switch|p1a: Urshifu|Urshifu-Rapid-Strike, M|100/100
|move|p2a: Ferrothorn|Spikes|p1a: Urshifu
|-sidestart|p1: Kwaga|Spikes
|
|-weather|RainDance|[upkeep]
|-heal|p2a: Ferrothorn|95/100|[from] item: Leftovers
|upkeep
|turn|28
|
|t:|1653539316
|switch|p2a: Zapdos|Zapdos|54/100
|move|p1a: Urshifu|Close Combat|p2a: Zapdos
|-resisted|p2a: Zapdos
|-damage|p2a: Zapdos|23/100
|-unboost|p1a: Urshifu|def|1
|-unboost|p1a: Urshifu|spd|1
|
|-weather|RainDance|[upkeep]
|upkeep
|turn|29
|
|t:|1653539322
|move|p1a: Urshifu|Close Combat|p2a: Zapdos
|-resisted|p2a: Zapdos
|-damage|p2a: Zapdos|0 fnt
|-unboost|p1a: Urshifu|def|1
|-unboost|p1a: Urshifu|spd|1
|faint|p2a: Zapdos
|
|-weather|RainDance|[upkeep]
|upkeep
|
|t:|1653539325
|switch|p2a: Barraskewda|Barraskewda, F|88/100
|turn|30
|
|t:|1653539329
|switch|p1a: Melmetal|Melmetal|31/100
|-damage|p1a: Melmetal|19/100|[from] Spikes
|move|p2a: Barraskewda|Liquidation|p1a: Melmetal
|-damage|p1a: Melmetal|0 fnt
|faint|p1a: Melmetal
|
|-weather|RainDance|[upkeep]
|upkeep
|
|t:|1653539334
|switch|p1a: Zapdos|Zapdos|100/100
|turn|31
|
|t:|1653539340
|switch|p2a: Ferrothorn|Ferrothorn, M|95/100
|move|p1a: Zapdos|Volt Switch|p2a: Ferrothorn
|-resisted|p2a: Ferrothorn
|-damage|p2a: Ferrothorn|82/100
|
|t:|1653539349
|switch|p1a: Urshifu|Urshifu-Rapid-Strike, M|100/100|[from]move: Volt Switch
|-damage|p1a: Urshifu|88/100|[from] Spikes
|
|-weather|RainDance|[upkeep]
|-heal|p2a: Ferrothorn|89/100|[from] item: Leftovers
|upkeep
|turn|32
|
|t:|1653539353
|switch|p2a: Pelipper|Pelipper, M|76/100
|move|p1a: Urshifu|Close Combat|p2a: Pelipper
|-resisted|p2a: Pelipper
|-damage|p2a: Pelipper|53/100
|-unboost|p1a: Urshifu|def|1
|-unboost|p1a: Urshifu|spd|1
|
|-weather|none
|upkeep
|turn|33
|
|t:|1653539362
|move|p1a: Urshifu|U-turn|p2a: Pelipper
|-resisted|p2a: Pelipper
|-damage|p2a: Pelipper|44/100
|
|t:|1653539364
|switch|p1a: Zapdos|Zapdos|100/100|[from]move: U-turn
|move|p2a: Pelipper|Roost|p2a: Pelipper
|-heal|p2a: Pelipper|94/100
|-singleturn|p2a: Pelipper|move: Roost
|
|upkeep
|turn|34
|
|t:|1653539375
|switch|p2a: Ferrothorn|Ferrothorn, M|89/100
|move|p1a: Zapdos|Heat Wave|p2a: Ferrothorn
|-supereffective|p2a: Ferrothorn
|-damage|p2a: Ferrothorn|6/100
|
|-heal|p2a: Ferrothorn|12/100|[from] item: Leftovers
|upkeep
|turn|35
|
|t:|1653539380
|move|p1a: Zapdos|Volt Switch|p2a: Ferrothorn
|-resisted|p2a: Ferrothorn
|-damage|p2a: Ferrothorn|0 fnt
|faint|p2a: Ferrothorn
|
|t:|1653539386
|switch|p1a: Tapu Lele|Tapu Lele|100/100|[from]move: Volt Switch
|-damage|p1a: Tapu Lele|88/100|[from] Spikes
|-fieldstart|move: Psychic Terrain|[from] ability: Psychic Surge|[of] p1a: Tapu Lele
|
|upkeep
|
|t:|1653539389
|switch|p2a: Pelipper|Pelipper, M|94/100
|-weather|RainDance|[from] ability: Drizzle|[of] p2a: Pelipper
|turn|36
|
|t:|1653539392
|move|p1a: Tapu Lele|Future Sight|p2a: Pelipper
|-start|p1a: Tapu Lele|move: Future Sight
|move|p2a: Pelipper|U-turn|p1a: Tapu Lele
|-damage|p1a: Tapu Lele|76/100
|
|t:|1653539394
|switch|p2a: Barraskewda|Barraskewda, F|88/100|[from]move: U-turn
|
|-weather|RainDance|[upkeep]
|upkeep
|turn|37
|
|t:|1653539398
|switch|p1a: Toxapex|Toxapex, M|55/100 par
|-damage|p1a: Toxapex|43/100 par|[from] Spikes
|move|p2a: Barraskewda|Flip Turn|p1a: Toxapex
|-resisted|p1a: Toxapex
|-damage|p1a: Toxapex|14/100 par
|
|t:|1653539401
|switch|p2a: Pelipper|Pelipper, M|94/100|[from]move: Flip Turn
|
|-weather|RainDance|[upkeep]
|upkeep
|turn|38
|
|t:|1653539406
|switch|p1a: Zapdos|Zapdos|100/100
|move|p2a: Pelipper|U-turn|p1a: Zapdos
|-resisted|p1a: Zapdos
|-damage|p1a: Zapdos|98/100
|
|t:|1653539410
|switch|p2a: Ludicolo|Ludicolo, M|40/100|[from]move: U-turn
|
|-weather|RainDance|[upkeep]
|-end|p2a: Ludicolo|move: Future Sight
|-damage|p2a: Ludicolo|0 fnt
|faint|p2a: Ludicolo
|upkeep
|
|t:|1653539411
|switch|p2a: Barraskewda|Barraskewda, F|88/100
|turn|39
|
|t:|1653539413
|move|p2a: Barraskewda|Liquidation|p1a: Zapdos
|-damage|p1a: Zapdos|20/100
|move|p1a: Zapdos|Volt Switch|p2a: Barraskewda
|-supereffective|p2a: Barraskewda
|-damage|p2a: Barraskewda|0 fnt
|faint|p2a: Barraskewda
|
|t:|1653539417
|switch|p1a: Tapu Lele|Tapu Lele|76/100|[from]move: Volt Switch
|-damage|p1a: Tapu Lele|63/100|[from] Spikes
|
|-weather|RainDance|[upkeep]
|-fieldend|move: Psychic Terrain
|upkeep
|-message|2(H2O)-Alt forfeited.
|
|win|Kwaga
|raw|Kwaga's rating: 1581 &rarr; <strong>1607</strong><br />(+26 for winning)
|raw|2(H2O)-Alt's rating: 1696 &rarr; <strong>1670</strong><br />(-26 for losing)
|l|☆2(H2O)-Alt
