|raw|<div class="broadcast-blue"><strong>This battle is required to be public due to a player having a name starting with 'lt91bb'.</div>
|j|☆LT91BB Chai
|j|☆Shootingwolf
|t:|1658993860
|gametype|singles
|player|p1|LT91BB Chai|hiker-gen4|1614
|player|p2|Shootingwolf|erika|1601
|teamsize|p1|6
|teamsize|p2|6
|gen|8
|tier|[Gen 8] OU
|rated|
|rule|Sleep Clause Mod: Limit one foe put to sleep
|rule|Species Clause: Limit one of each Pokémon
|rule|OHKO Clause: OHKO moves are banned
|rule|Evasion Moves Clause: Evasion moves are banned
|rule|Endless Battle Clause: Forcing endless battles is banned
|rule|HP Percentage Mod: HP is shown in percentages
|rule|Dynamax Clause: You cannot dynamax
|clearpoke
|poke|p1|Landorus-Therian, M|
|poke|p1|Tapu Lele|
|poke|p1|Melmetal|
|poke|p1|Rotom-Wash|
|poke|p1|Buzzwole|
|poke|p1|Aegislash, F|
|poke|p2|Garchomp, M|
|poke|p2|Melmetal|
|poke|p2|Dragapult, M|
|poke|p2|Landorus-Therian, M|
|poke|p2|Crawdaunt, F|
|poke|p2|Clefable, M|
|teampreview
|
|t:|1658993872
|start
|switch|p1a: Landorus|Landorus-Therian, M|100/100
|switch|p2a: Landorus|Landorus-Therian, M|100/100
|-ability|p2a: Landorus|Intimidate|boost
|-unboost|p1a: Landorus|atk|1
|-ability|p1a: Landorus|Intimidate|boost
|-unboost|p2a: Landorus|atk|1
|turn|1
|
|t:|1658993895
|move|p2a: Landorus|Stealth Rock|p1a: Landorus
|-sidestart|p1: LT91BB Chai|move: Stealth Rock
|move|p1a: Landorus|Knock Off|p2a: Landorus
|-damage|p2a: Landorus|81/100
|-enditem|p2a: Landorus|Leftovers|[from] move: Knock Off|[of] p1a: Landorus
|
|upkeep
|turn|2
|
|t:|1658993900
|move|p2a: Landorus|U-turn|p1a: Landorus
|-resisted|p1a: Landorus
|-damage|p1a: Landorus|94/100
|
|t:|1658993929
|switch|p2a: Garchomp|Garchomp, M, shiny|100/100|[from]move: U-turn
|move|p1a: Landorus|Stealth Rock|p2a: Garchomp
|-sidestart|p2: Shootingwolf|move: Stealth Rock
|
|-heal|p1a: Landorus|99/100|[from] item: Leftovers
|upkeep
|turn|3
|
|t:|1658993934
|move|p2a: Garchomp|Scale Shot|p1a: Landorus
|-damage|p1a: Landorus|83/100
|-damage|p1a: Landorus|66/100
|-damage|p1a: Landorus|47/100
|-hitcount|p1a: Landorus|3
|-unboost|p2a: Garchomp|def|1
|-boost|p2a: Garchomp|spe|1
|-damage|p2a: Garchomp|91/100|[from] item: Life Orb
|move|p1a: Landorus|U-turn|p2a: Garchomp
|-damage|p2a: Garchomp|70/100
|-damage|p1a: Landorus|35/100|[from] ability: Rough Skin|[of] p2a: Garchomp
|
|t:|1658993974
|switch|p1a: Aegislash|Aegislash, F|100/100|[from]move: U-turn
|-damage|p1a: Aegislash|94/100|[from] Stealth Rock
|
|-heal|p1a: Aegislash|100/100|[from] item: Leftovers
|upkeep
|turn|4
|
|t:|1658993987
|switch|p1a: Landorus|Landorus-Therian, M|35/100
|-damage|p1a: Landorus|23/100|[from] Stealth Rock
|-ability|p1a: Landorus|Intimidate|boost
|-unboost|p2a: Garchomp|atk|1
|move|p2a: Garchomp|Earthquake|p1a: Landorus
|-immune|p1a: Landorus
|
|-heal|p1a: Landorus|29/100|[from] item: Leftovers
|upkeep
|turn|5
|
|t:|1658993997
|switch|p1a: Aegislash|Aegislash, F|100/100
|-damage|p1a: Aegislash|94/100|[from] Stealth Rock
|move|p2a: Garchomp|Swords Dance|p2a: Garchomp
|-boost|p2a: Garchomp|atk|2
|
|-heal|p1a: Aegislash|100/100|[from] item: Leftovers
|upkeep
|turn|6
|
|t:|1658994002
|switch|p1a: Landorus|Landorus-Therian, M|29/100
|-damage|p1a: Landorus|16/100|[from] Stealth Rock
|-ability|p1a: Landorus|Intimidate|boost
|-unboost|p2a: Garchomp|atk|1
|move|p2a: Garchomp|Earthquake|p1a: Landorus
|-immune|p1a: Landorus
|
|-heal|p1a: Landorus|22/100|[from] item: Leftovers
|upkeep
|turn|7
|
|t:|1658994005
|move|p2a: Garchomp|Fire Fang|p1a: Landorus
|-damage|p1a: Landorus|0 fnt
|faint|p1a: Landorus
|-damage|p2a: Garchomp|60/100|[from] item: Life Orb
|
|upkeep
|
|t:|1658994008
|switch|p1a: Buzzwole|Buzzwole|100/100
|-damage|p1a: Buzzwole|88/100|[from] Stealth Rock
|turn|8
|
|t:|1658994032
|switch|p2a: Clefable|Clefable, M|100/100
|-damage|p2a: Clefable|88/100|[from] Stealth Rock
|move|p1a: Buzzwole|Leech Life|p2a: Clefable
|-resisted|p2a: Clefable
|-damage|p2a: Clefable|71/100
|-heal|p1a: Buzzwole|98/100|[from] drain|[of] p2a: Clefable
|
|-heal|p2a: Clefable|77/100|[from] item: Leftovers
|upkeep
|turn|9
|
|t:|1658994048
|switch|p2a: Garchomp|Garchomp, M, shiny|60/100
|-damage|p2a: Garchomp|54/100|[from] Stealth Rock
|move|p1a: Buzzwole|Leech Life|p2a: Garchomp
|-damage|p2a: Garchomp|8/100
|-heal|p1a: Buzzwole|100/100|[from] drain|[of] p2a: Garchomp
|-damage|p1a: Buzzwole|88/100|[from] ability: Rough Skin|[of] p2a: Garchomp
|
|upkeep
|turn|10
|
|t:|1658994063
|switch|p2a: Landorus|Landorus-Therian, M|81/100
|-damage|p2a: Landorus|68/100|[from] Stealth Rock
|-ability|p2a: Landorus|Intimidate|boost
|-unboost|p1a: Buzzwole|atk|1
|move|p1a: Buzzwole|Leech Life|p2a: Landorus
|-resisted|p2a: Landorus
|-damage|p2a: Landorus|54/100
|-heal|p1a: Buzzwole|95/100|[from] drain|[of] p2a: Landorus
|
|upkeep
|turn|11
|
|t:|1658994069
|switch|p1a: Rotom|Rotom-Wash|100/100
|-damage|p1a: Rotom|88/100|[from] Stealth Rock
|switch|p2a: Garchomp|Garchomp, M, shiny|8/100
|-damage|p2a: Garchomp|2/100|[from] Stealth Rock
|
|-heal|p1a: Rotom|94/100|[from] item: Leftovers
|upkeep
|turn|12
|
|t:|1658994074
|switch|p1a: Aegislash|Aegislash, F|100/100
|-damage|p1a: Aegislash|94/100|[from] Stealth Rock
|move|p2a: Garchomp|Scale Shot|p1a: Aegislash
|-resisted|p1a: Aegislash
|-damage|p1a: Aegislash|88/100
|-resisted|p1a: Aegislash
|-damage|p1a: Aegislash|81/100
|-resisted|p1a: Aegislash
|-damage|p1a: Aegislash|74/100
|-resisted|p1a: Aegislash
|-damage|p1a: Aegislash|67/100
|-hitcount|p1a: Aegislash|4
|-unboost|p2a: Garchomp|def|1
|-boost|p2a: Garchomp|spe|1
|-damage|p2a: Garchomp|0 fnt|[from] item: Life Orb
|faint|p2a: Garchomp
|
|-heal|p1a: Aegislash|74/100|[from] item: Leftovers
|upkeep
|
|t:|1658994077
|switch|p2a: Crawdaunt|Crawdaunt, F|100/100
|-damage|p2a: Crawdaunt|88/100|[from] Stealth Rock
|turn|13
|
|t:|1658994083
|switch|p1a: Buzzwole|Buzzwole|95/100
|-damage|p1a: Buzzwole|83/100|[from] Stealth Rock
|move|p2a: Crawdaunt|Crabhammer|p1a: Buzzwole
|-crit|p1a: Buzzwole
|-damage|p1a: Buzzwole|0 fnt
|faint|p1a: Buzzwole
|
|upkeep
|
|t:|1658994088
|switch|p1a: Tapu Lele|Tapu Lele|100/100
|-damage|p1a: Tapu Lele|88/100|[from] Stealth Rock
|-fieldstart|move: Psychic Terrain|[from] ability: Psychic Surge|[of] p1a: Tapu Lele
|turn|14
|
|t:|1658994093
|switch|p2a: Melmetal|Melmetal|100/100
|-damage|p2a: Melmetal|94/100|[from] Stealth Rock
|move|p1a: Tapu Lele|Moonblast|p2a: Melmetal
|-resisted|p2a: Melmetal
|-damage|p2a: Melmetal|82/100
|-unboost|p2a: Melmetal|spa|1
|
|upkeep
|turn|15
|
|t:|1658994116
|switch|p1a: Melmetal|Melmetal|100/100
|-damage|p1a: Melmetal|94/100|[from] Stealth Rock
|switch|p2a: Crawdaunt|Crawdaunt, F|88/100
|-damage|p2a: Crawdaunt|76/100|[from] Stealth Rock
|
|-heal|p1a: Melmetal|100/100|[from] item: Leftovers
|upkeep
|turn|16
|
|t:|1658994136
|move|p2a: Crawdaunt|Knock Off|p1a: Melmetal
|-crit|p1a: Melmetal
|-damage|p1a: Melmetal|6/100
|-enditem|p1a: Melmetal|Leftovers|[from] move: Knock Off|[of] p2a: Crawdaunt
|move|p1a: Melmetal|Thunder Punch|p2a: Crawdaunt
|-supereffective|p2a: Crawdaunt
|-damage|p2a: Crawdaunt|0 fnt
|faint|p2a: Crawdaunt
|
|upkeep
|c|☆LT91BB Chai|man
|c|☆LT91BB Chai|leave me alone
|
|t:|1658994146
|switch|p2a: Dragapult|Dragapult, M|100/100
|-damage|p2a: Dragapult|88/100|[from] Stealth Rock
|turn|17
|
|t:|1658994150
|move|p2a: Dragapult|Shadow Ball|p1a: Melmetal
|-damage|p1a: Melmetal|0 fnt
|faint|p1a: Melmetal
|
|upkeep
|
|t:|1658994152
|switch|p1a: Tapu Lele|Tapu Lele|88/100
|-damage|p1a: Tapu Lele|76/100|[from] Stealth Rock
|turn|18
|
|t:|1658994182
|switch|p2a: Landorus|Landorus-Therian, M|54/100
|-damage|p2a: Landorus|42/100|[from] Stealth Rock
|-ability|p2a: Landorus|Intimidate|boost
|-unboost|p1a: Tapu Lele|atk|1
|move|p1a: Tapu Lele|Moonblast|p2a: Landorus
|-damage|p2a: Landorus|3/100
|
|-fieldend|move: Psychic Terrain
|upkeep
|turn|19
|
|t:|1658994193
|switch|p2a: Melmetal|Melmetal|82/100
|-damage|p2a: Melmetal|76/100|[from] Stealth Rock
|move|p1a: Tapu Lele|Moonblast|p2a: Melmetal
|-resisted|p2a: Melmetal
|-damage|p2a: Melmetal|63/100
|
|upkeep
|turn|20
|
|t:|1658994204
|switch|p1a: Rotom|Rotom-Wash|94/100
|-damage|p1a: Rotom|82/100|[from] Stealth Rock
|switch|p2a: Dragapult|Dragapult, M|88/100
|-damage|p2a: Dragapult|76/100|[from] Stealth Rock
|
|-heal|p1a: Rotom|88/100|[from] item: Leftovers
|upkeep
|turn|21
|
|t:|1658994210
|move|p2a: Dragapult|Draco Meteor|p1a: Rotom
|-damage|p1a: Rotom|1/100
|-unboost|p2a: Dragapult|spa|2
|move|p1a: Rotom|Volt Switch|p2a: Dragapult
|-resisted|p2a: Dragapult
|-damage|p2a: Dragapult|60/100
|
|t:|1658994228
|switch|p1a: Aegislash|Aegislash, F|74/100|[from]move: Volt Switch
|-damage|p1a: Aegislash|67/100|[from] Stealth Rock
|
|-heal|p1a: Aegislash|74/100|[from] item: Leftovers
|upkeep
|turn|22
|
|t:|1658994235
|switch|p2a: Landorus|Landorus-Therian, M|3/100
|-damage|p2a: Landorus|0 fnt|[from] Stealth Rock
|faint|p2a: Landorus
|-formechange|p1a: Aegislash|Aegislash-Blade||[from] ability: Stance Change
|move|p1a: Aegislash|Shadow Ball|p2: Landorus|[notarget]
|-fail|p1a: Aegislash
|
|-heal|p1a: Aegislash|80/100|[from] item: Leftovers
|upkeep
|
|t:|1658994241
|switch|p2a: Dragapult|Dragapult, M|60/100
|-damage|p2a: Dragapult|48/100|[from] Stealth Rock
|turn|23
|
|t:|1658994245
|-formechange|p1a: Aegislash|Aegislash||[from] ability: Stance Change
|move|p1a: Aegislash|King's Shield|p1a: Aegislash
|-singleturn|p1a: Aegislash|Protect
|move|p2a: Dragapult|Shadow Ball|p1a: Aegislash
|-activate|p1a: Aegislash|move: Protect
|
|-heal|p1a: Aegislash|86/100|[from] item: Leftovers
|upkeep
|turn|24
|
|t:|1658994262
|switch|p1a: Rotom|Rotom-Wash|1/100
|-damage|p1a: Rotom|0 fnt|[from] Stealth Rock
|faint|p1a: Rotom
|move|p2a: Dragapult|Shadow Ball|p1: Rotom|[notarget]
|-fail|p2a: Dragapult
|
|upkeep
|
|t:|1658994264
|switch|p1a: Tapu Lele|Tapu Lele|76/100
|-damage|p1a: Tapu Lele|63/100|[from] Stealth Rock
|-fieldstart|move: Psychic Terrain|[from] ability: Psychic Surge|[of] p1a: Tapu Lele
|turn|25
|
|t:|1658994271
|switch|p2a: Clefable|Clefable, M|77/100
|-damage|p2a: Clefable|65/100|[from] Stealth Rock
|move|p1a: Tapu Lele|Thunderbolt|p2a: Clefable
|-damage|p2a: Clefable|31/100
|
|-heal|p2a: Clefable|37/100|[from] item: Leftovers
|upkeep
|turn|26
|
|t:|1658994278
|switch|p1a: Aegislash|Aegislash, F|86/100
|-damage|p1a: Aegislash|80/100|[from] Stealth Rock
|move|p2a: Clefable|Soft-Boiled|p2a: Clefable
|-heal|p2a: Clefable|88/100
|
|-heal|p2a: Clefable|94/100|[from] item: Leftovers
|-heal|p1a: Aegislash|86/100|[from] item: Leftovers
|upkeep
|turn|27
|
|t:|1658994281
|move|p2a: Clefable|Flamethrower|p1a: Aegislash
|-supereffective|p1a: Aegislash
|-damage|p1a: Aegislash|61/100
|-formechange|p1a: Aegislash|Aegislash-Blade||[from] ability: Stance Change
|move|p1a: Aegislash|Iron Head|p2a: Clefable
|-supereffective|p2a: Clefable
|-damage|p2a: Clefable|31/100
|
|-heal|p2a: Clefable|37/100|[from] item: Leftovers
|-heal|p1a: Aegislash|67/100|[from] item: Leftovers
|upkeep
|turn|28
|
|t:|1658994290
|move|p2a: Clefable|Soft-Boiled|p2a: Clefable
|-heal|p2a: Clefable|87/100
|move|p1a: Aegislash|Iron Head|p2a: Clefable
|-supereffective|p2a: Clefable
|-damage|p2a: Clefable|30/100
|
|-heal|p2a: Clefable|36/100|[from] item: Leftovers
|-heal|p1a: Aegislash|73/100|[from] item: Leftovers
|upkeep
|turn|29
|
|t:|1658994293
|-formechange|p1a: Aegislash|Aegislash||[from] ability: Stance Change
|move|p1a: Aegislash|King's Shield|p1a: Aegislash
|-singleturn|p1a: Aegislash|Protect
|move|p2a: Clefable|Flamethrower|p1a: Aegislash
|-activate|p1a: Aegislash|move: Protect
|
|-heal|p2a: Clefable|42/100|[from] item: Leftovers
|-heal|p1a: Aegislash|79/100|[from] item: Leftovers
|-fieldend|move: Psychic Terrain
|upkeep
|turn|30
|
|t:|1658994296
|move|p2a: Clefable|Soft-Boiled|p2a: Clefable
|-heal|p2a: Clefable|93/100
|-formechange|p1a: Aegislash|Aegislash-Blade||[from] ability: Stance Change
|move|p1a: Aegislash|Iron Head|p2a: Clefable
|-supereffective|p2a: Clefable
|-damage|p2a: Clefable|31/100
|
|-heal|p2a: Clefable|37/100|[from] item: Leftovers
|-heal|p1a: Aegislash|85/100|[from] item: Leftovers
|upkeep
|turn|31
|
|t:|1658994299
|-formechange|p1a: Aegislash|Aegislash||[from] ability: Stance Change
|move|p1a: Aegislash|King's Shield|p1a: Aegislash
|-singleturn|p1a: Aegislash|Protect
|move|p2a: Clefable|Flamethrower|p1a: Aegislash
|-activate|p1a: Aegislash|move: Protect
|
|-heal|p2a: Clefable|43/100|[from] item: Leftovers
|-heal|p1a: Aegislash|92/100|[from] item: Leftovers
|upkeep
|turn|32
|
|t:|1658994301
|move|p2a: Clefable|Soft-Boiled|p2a: Clefable
|-heal|p2a: Clefable|93/100
|-formechange|p1a: Aegislash|Aegislash-Blade||[from] ability: Stance Change
|move|p1a: Aegislash|Iron Head|p2a: Clefable
|-supereffective|p2a: Clefable
|-damage|p2a: Clefable|34/100
|
|-heal|p2a: Clefable|40/100|[from] item: Leftovers
|-heal|p1a: Aegislash|98/100|[from] item: Leftovers
|upkeep
|turn|33
|
|t:|1658994304
|move|p2a: Clefable|Soft-Boiled|p2a: Clefable
|-heal|p2a: Clefable|90/100
|move|p1a: Aegislash|Iron Head|p2a: Clefable
|-supereffective|p2a: Clefable
|-damage|p2a: Clefable|27/100
|
|-heal|p2a: Clefable|33/100|[from] item: Leftovers
|-heal|p1a: Aegislash|100/100|[from] item: Leftovers
|upkeep
|turn|34
|
|t:|1658994307
|move|p2a: Clefable|Soft-Boiled|p2a: Clefable
|-heal|p2a: Clefable|83/100
|move|p1a: Aegislash|Iron Head|p2a: Clefable
|-supereffective|p2a: Clefable
|-damage|p2a: Clefable|28/100
|
|-heal|p2a: Clefable|34/100|[from] item: Leftovers
|upkeep
|turn|35
|
|t:|1658994309
|move|p2a: Clefable|Flamethrower|p1a: Aegislash
|-supereffective|p1a: Aegislash
|-damage|p1a: Aegislash|58/100
|move|p1a: Aegislash|Iron Head|p2a: Clefable
|-supereffective|p2a: Clefable
|-damage|p2a: Clefable|0 fnt
|faint|p2a: Clefable
|
|-heal|p1a: Aegislash|64/100|[from] item: Leftovers
|upkeep
|
|t:|1658994316
|switch|p2a: Dragapult|Dragapult, M|48/100
|-damage|p2a: Dragapult|35/100|[from] Stealth Rock
|turn|36
|
|t:|1658994319
|-formechange|p1a: Aegislash|Aegislash||[from] ability: Stance Change
|move|p1a: Aegislash|King's Shield|p1a: Aegislash
|-singleturn|p1a: Aegislash|Protect
|move|p2a: Dragapult|Shadow Ball|p1a: Aegislash
|-activate|p1a: Aegislash|move: Protect
|
|-heal|p1a: Aegislash|70/100|[from] item: Leftovers
|upkeep
|turn|37
|
|t:|1658994321
|move|p2a: Dragapult|Shadow Ball|p1a: Aegislash
|-supereffective|p1a: Aegislash
|-damage|p1a: Aegislash|3/100
|-formechange|p1a: Aegislash|Aegislash-Blade||[from] ability: Stance Change
|move|p1a: Aegislash|Shadow Ball|p2a: Dragapult
|-supereffective|p2a: Dragapult
|-damage|p2a: Dragapult|0 fnt
|faint|p2a: Dragapult
|
|-heal|p1a: Aegislash|9/100|[from] item: Leftovers
|upkeep
|
|t:|1658994325
|switch|p2a: Melmetal|Melmetal|63/100
|-damage|p2a: Melmetal|57/100|[from] Stealth Rock
|turn|38
|
|t:|1658994328
|-formechange|p1a: Aegislash|Aegislash||[from] ability: Stance Change
|move|p1a: Aegislash|King's Shield|p1a: Aegislash
|-singleturn|p1a: Aegislash|Protect
|move|p2a: Melmetal|Earthquake|p1a: Aegislash
|-activate|p1a: Aegislash|move: Protect
|
|-heal|p1a: Aegislash|15/100|[from] item: Leftovers
|upkeep
|turn|39
|
|t:|1658994333
|-formechange|p1a: Aegislash|Aegislash-Blade||[from] ability: Stance Change
|move|p1a: Aegislash|Shadow Ball|p2a: Melmetal
|-damage|p2a: Melmetal|40/100
|move|p2a: Melmetal|Earthquake|p1a: Aegislash
|-supereffective|p1a: Aegislash
|-damage|p1a: Aegislash|0 fnt
|faint|p1a: Aegislash
|
|upkeep
|
|t:|1658994335
|switch|p1a: Tapu Lele|Tapu Lele|63/100
|-damage|p1a: Tapu Lele|51/100|[from] Stealth Rock
|-fieldstart|move: Psychic Terrain|[from] ability: Psychic Surge|[of] p1a: Tapu Lele
|turn|40
|
|t:|1658994337
|move|p1a: Tapu Lele|Thunderbolt|p2a: Melmetal
|-damage|p2a: Melmetal|25/100
|move|p2a: Melmetal|Double Iron Bash|p1a: Tapu Lele
|-supereffective|p1a: Tapu Lele
|-damage|p1a: Tapu Lele|0 fnt
|faint|p1a: Tapu Lele
|-hitcount|p1: Tapu Lele|1
|
|win|Shootingwolf
|raw|LT91BB Chai's rating: 1645 &rarr; <strong>1623</strong><br />(-22 for losing)
|raw|Shootingwolf's rating: 1618 &rarr; <strong>1640</strong><br />(+22 for winning)
|l|☆LT91BB Chai
|l|☆Shootingwolf
|j|☆Shootingwolf
|player|p2|Shootingwolf|erika
