|j|☆attaquers
|j|☆Shotintheheart
|t:|1662253965
|gametype|singles
|player|p1|attaquers|169|1731
|player|p2|Shotintheheart|101|1725
|teamsize|p1|6
|teamsize|p2|6
|gen|8
|tier|[Gen 8] OU
|rated|
|rule|Sleep Clause Mod: Limit one foe put to sleep
|rule|Species Clause: Limit one of each Pokémon
|rule|OHKO Clause: OHKO moves are banned
|rule|Evasion Items Clause: Evasion items are banned
|rule|Evasion Moves Clause: Evasion moves are banned
|rule|Endless Battle Clause: Forcing endless battles is banned
|rule|HP Percentage Mod: HP is shown in percentages
|rule|Dynamax Clause: You cannot dynamax
|clearpoke
|poke|p1|Tapu Koko|
|poke|p1|Victini|
|poke|p1|Clefable, F|
|poke|p1|Ferrothorn, M|
|poke|p1|Landorus-Therian, M|
|poke|p1|Dragonite, F|
|poke|p2|Rillaboom, M|
|poke|p2|Zapdos|
|poke|p2|Obstagoon, M|
|poke|p2|Heatran, M|
|poke|p2|Tapu Fini|
|poke|p2|Swampert, F|
|teampreview
|j| Perspectieve
|j| mikatis
|inactive|Battle timer is ON: inactive players will automatically lose when time's up. (requested by attaquers)
|
|t:|1662253985
|start
|switch|p1a: Landorus|Landorus-Therian, M|100/100
|switch|p2a: Heatran|Heatran, M|100/100
|-ability|p1a: Landorus|Intimidate|boost
|-unboost|p2a: Heatran|atk|1
|turn|1
|j| KMTQ2
|
|t:|1662253995
|switch|p2a: Rillaboom|Rillaboom, M|100/100
|-fieldstart|move: Grassy Terrain|[from] ability: Grassy Surge|[of] p2a: Rillaboom
|move|p1a: Landorus|Stealth Rock|p2a: Rillaboom
|-sidestart|p2: Shotintheheart|move: Stealth Rock
|
|upkeep
|turn|2
|
|t:|1662254002
|move|p1a: Landorus|U-turn|p2a: Rillaboom
|-supereffective|p2a: Rillaboom
|-damage|p2a: Rillaboom|56/100
|
|t:|1662254007
|switch|p1a: Clefable|Clefable, F|100/100|[from]move: U-turn
|move|p2a: Rillaboom|Wood Hammer|p1a: Clefable
|-damage|p1a: Clefable|7/100
|-damage|p2a: Rillaboom|39/100|[from] item: Rocky Helmet|[of] p1a: Clefable
|-damage|p2a: Rillaboom|4/100|[from] Recoil
|
|-heal|p2a: Rillaboom|10/100|[from] Grassy Terrain
|-heal|p1a: Clefable|13/100|[from] Grassy Terrain
|upkeep
|turn|3
|
|t:|1662254018
|switch|p2a: Zapdos|Zapdos, shiny|100/100
|switch|p1a: Ferrothorn|Ferrothorn, M|100/100
|
|upkeep
|turn|4
|
|t:|1662254027
|switch|p1a: Victini|Victini|100/100
|move|p2a: Zapdos|Defog|p1a: Victini
|-unboost|p1a: Victini|evasion|1
|-sideend|p2: Shotintheheart|Stealth Rock|[from] move: Defog|[of] p2a: Zapdos
|-fieldend|move: Grassy Terrain
|
|upkeep
|turn|5
|
|t:|1662254037
|move|p1a: Victini|V-create|p2a: Zapdos
|-damage|p2a: Zapdos|45/100
|-unboost|p1a: Victini|spe|1
|-unboost|p1a: Victini|def|1
|-unboost|p1a: Victini|spd|1
|move|p2a: Zapdos|Volt Switch|p1a: Victini
|-crit|p1a: Victini
|-damage|p1a: Victini|36/100
|
|t:|1662254047
|switch|p2a: Swampert|Swampert, F|100/100|[from]move: Volt Switch
|
|upkeep
|turn|6
|l| Perspectieve
|j| guozi
|l| guozi
|
|t:|1662254065
|move|p1a: Victini|U-turn|p2a: Swampert
|-damage|p2a: Swampert|82/100
|
|t:|1662254070
|switch|p1a: Landorus|Landorus-Therian, M|100/100|[from]move: U-turn
|-ability|p1a: Landorus|Intimidate|boost
|-unboost|p2a: Swampert|atk|1
|move|p2a: Swampert|Yawn|p1a: Landorus
|-start|p1a: Landorus|move: Yawn|[of] p2a: Swampert
|
|-heal|p2a: Swampert|88/100|[from] item: Leftovers
|upkeep
|turn|7
|j| BabyPigsAreLaughin
|
|t:|1662254080
|move|p1a: Landorus|U-turn|p2a: Swampert
|-damage|p2a: Swampert|69/100
|j| Quagshi
|
|t:|1662254084
|switch|p1a: Ferrothorn|Ferrothorn, M|100/100|[from]move: U-turn
|move|p2a: Swampert|Stealth Rock|p1a: Ferrothorn
|-sidestart|p1: attaquers|move: Stealth Rock
|
|-heal|p2a: Swampert|75/100|[from] item: Leftovers
|upkeep
|turn|8
|
|t:|1662254091
|switch|p2a: Rillaboom|Rillaboom, M|10/100
|-fieldstart|move: Grassy Terrain|[from] ability: Grassy Surge|[of] p2a: Rillaboom
|move|p1a: Ferrothorn|Spikes|p2a: Rillaboom
|-sidestart|p2: Shotintheheart|Spikes
|
|-heal|p2a: Rillaboom|16/100|[from] Grassy Terrain
|upkeep
|turn|9
|
|t:|1662254101
|switch|p1a: Landorus|Landorus-Therian, M|100/100
|-damage|p1a: Landorus|88/100|[from] Stealth Rock
|-ability|p1a: Landorus|Intimidate|boost
|-unboost|p2a: Rillaboom|atk|1
|move|p2a: Rillaboom|Superpower|p1a: Landorus
|-resisted|p1a: Landorus
|-damage|p1a: Landorus|68/100
|-unboost|p2a: Rillaboom|atk|1
|-unboost|p2a: Rillaboom|def|1
|
|-heal|p1a: Landorus|74/100|[from] item: Leftovers
|-heal|p2a: Rillaboom|22/100|[from] Grassy Terrain
|upkeep
|turn|10
|
|t:|1662254112
|switch|p2a: Obstagoon|Obstagoon, M|100/100
|-damage|p2a: Obstagoon|88/100|[from] Spikes
|move|p1a: Landorus|Knock Off|p2a: Obstagoon
|-resisted|p2a: Obstagoon
|-damage|p2a: Obstagoon|73/100
|-enditem|p2a: Obstagoon|Flame Orb|[from] move: Knock Off|[of] p1a: Landorus
|
|-heal|p1a: Landorus|80/100|[from] item: Leftovers
|-heal|p2a: Obstagoon|79/100|[from] Grassy Terrain
|upkeep
|turn|11
|j| LT94JE PC
|
|t:|1662254127
|move|p2a: Obstagoon|Obstruct|p2a: Obstagoon
|-singleturn|p2a: Obstagoon|Protect
|move|p1a: Landorus|U-turn|p2a: Obstagoon
|-activate|p2a: Obstagoon|move: Protect
|-unboost|p1a: Landorus|def|2
|
|-heal|p1a: Landorus|86/100|[from] item: Leftovers
|-heal|p2a: Obstagoon|85/100|[from] Grassy Terrain
|upkeep
|turn|12
|
|t:|1662254135
|switch|p1a: Ferrothorn|Ferrothorn, M|100/100
|-damage|p1a: Ferrothorn|95/100|[from] Stealth Rock
|move|p2a: Obstagoon|Knock Off|p1a: Ferrothorn
|-damage|p1a: Ferrothorn|69/100
|-damage|p2a: Obstagoon|73/100|[from] ability: Iron Barbs|[of] p1a: Ferrothorn
|-enditem|p1a: Ferrothorn|Leftovers|[from] move: Knock Off|[of] p2a: Obstagoon
|
|-heal|p2a: Obstagoon|79/100|[from] Grassy Terrain
|-heal|p1a: Ferrothorn|75/100|[from] Grassy Terrain
|-fieldend|move: Grassy Terrain
|upkeep
|turn|13
|j| Tony00400
|
|t:|1662254151
|switch|p2a: Rillaboom|Rillaboom, M|22/100
|-damage|p2a: Rillaboom|10/100|[from] Spikes
|-fieldstart|move: Grassy Terrain|[from] ability: Grassy Surge|[of] p2a: Rillaboom
|move|p1a: Ferrothorn|Leech Seed|p2a: Rillaboom
|-immune|p2a: Rillaboom
|
|-heal|p2a: Rillaboom|16/100|[from] Grassy Terrain
|-heal|p1a: Ferrothorn|81/100|[from] Grassy Terrain
|upkeep
|turn|14
|
|t:|1662254161
|move|p2a: Rillaboom|U-turn|p1a: Ferrothorn
|-damage|p1a: Ferrothorn|58/100
|-damage|p2a: Rillaboom|4/100|[from] ability: Iron Barbs|[of] p1a: Ferrothorn
|
|t:|1662254170
|switch|p2a: Zapdos|Zapdos, shiny|45/100|[from]move: U-turn
|move|p1a: Ferrothorn|Spikes|p2a: Zapdos
|-sidestart|p2: Shotintheheart|Spikes
|
|-heal|p1a: Ferrothorn|64/100|[from] Grassy Terrain
|upkeep
|turn|15
|
|t:|1662254179
|move|p2a: Zapdos|Hurricane|p1a: Ferrothorn|[miss]
|-miss|p2a: Zapdos|p1a: Ferrothorn
|move|p1a: Ferrothorn|Knock Off|p2a: Zapdos
|-damage|p2a: Zapdos|29/100
|-enditem|p2a: Zapdos|Heavy-Duty Boots|[from] move: Knock Off|[of] p1a: Ferrothorn
|
|-heal|p1a: Ferrothorn|70/100|[from] Grassy Terrain
|upkeep
|turn|16
|
|t:|1662254187
|move|p2a: Zapdos|Defog|p1a: Ferrothorn
|-unboost|p1a: Ferrothorn|evasion|1
|-sideend|p1: attaquers|Stealth Rock|[from] move: Defog|[of] p2a: Zapdos
|-sideend|p2: Shotintheheart|Spikes|[from] move: Defog|[of] p2a: Zapdos
|-fieldend|move: Grassy Terrain
|move|p1a: Ferrothorn|Leech Seed|p2a: Zapdos
|-start|p2a: Zapdos|move: Leech Seed
|
|-damage|p2a: Zapdos|17/100|[from] Leech Seed|[of] p1a: Ferrothorn
|-heal|p1a: Ferrothorn|83/100|[silent]
|upkeep
|turn|17
|
|t:|1662254199
|switch|p1a: Clefable|Clefable, F|13/100
|move|p2a: Zapdos|Volt Switch|p1a: Clefable
|-damage|p1a: Clefable|0 fnt
|faint|p1a: Clefable
|
|t:|1662254213
|switch|p2a: Rillaboom|Rillaboom, M|4/100|[from]move: Volt Switch
|-fieldstart|move: Grassy Terrain|[from] ability: Grassy Surge|[of] p2a: Rillaboom
|
|-heal|p2a: Rillaboom|10/100|[from] Grassy Terrain
|upkeep
|
|t:|1662254219
|switch|p1a: Landorus|Landorus-Therian, M|86/100
|-ability|p1a: Landorus|Intimidate|boost
|-unboost|p2a: Rillaboom|atk|1
|turn|18
|
|t:|1662254225
|move|p1a: Landorus|U-turn|p2a: Rillaboom
|-supereffective|p2a: Rillaboom
|-damage|p2a: Rillaboom|0 fnt
|faint|p2a: Rillaboom
|
|t:|1662254230
|switch|p1a: Victini|Victini|36/100|[from]move: U-turn
|
|-heal|p1a: Victini|42/100|[from] Grassy Terrain
|upkeep
|
|t:|1662254235
|switch|p2a: Heatran|Heatran, M|100/100
|turn|19
|
|t:|1662254240
|move|p2a: Heatran|Earth Power|p1a: Victini
|-supereffective|p1a: Victini
|-damage|p1a: Victini|0 fnt
|faint|p1a: Victini
|
|upkeep
|
|t:|1662254248
|switch|p1a: Landorus|Landorus-Therian, M|86/100
|-ability|p1a: Landorus|Intimidate|boost
|-unboost|p2a: Heatran|atk|1
|turn|20
|
|t:|1662254253
|switch|p2a: Swampert|Swampert, F|75/100
|move|p1a: Landorus|Stealth Rock|p2a: Swampert
|-sidestart|p2: Shotintheheart|move: Stealth Rock
|
|-heal|p1a: Landorus|92/100|[from] item: Leftovers
|-heal|p2a: Swampert|81/100|[from] Grassy Terrain
|-heal|p2a: Swampert|88/100|[from] item: Leftovers
|upkeep
|turn|21
|j| Tibilicil
|
|t:|1662254270
|move|p1a: Landorus|Knock Off|p2a: Swampert
|-damage|p2a: Swampert|62/100
|-enditem|p2a: Swampert|Leftovers|[from] move: Knock Off|[of] p1a: Landorus
|move|p2a: Swampert|Stealth Rock|p1a: Landorus
|-sidestart|p1: attaquers|move: Stealth Rock
|
|-heal|p1a: Landorus|98/100|[from] item: Leftovers
|-heal|p2a: Swampert|68/100|[from] Grassy Terrain
|-fieldend|move: Grassy Terrain
|upkeep
|turn|22
|
|t:|1662254276
|move|p1a: Landorus|U-turn|p2a: Swampert
|-damage|p2a: Swampert|47/100
|
|t:|1662254279
|switch|p1a: Ferrothorn|Ferrothorn, M|83/100|[from]move: U-turn
|-damage|p1a: Ferrothorn|77/100|[from] Stealth Rock
|move|p2a: Swampert|Flip Turn|p1a: Ferrothorn
|-resisted|p1a: Ferrothorn
|-damage|p1a: Ferrothorn|71/100
|-damage|p2a: Swampert|35/100|[from] ability: Iron Barbs|[of] p1a: Ferrothorn
|
|t:|1662254291
|switch|p2a: Heatran|Heatran, M|100/100|[from]move: Flip Turn
|-damage|p2a: Heatran|88/100|[from] Stealth Rock
|
|upkeep
|turn|23
|
|t:|1662254297
|switch|p1a: Dragonite|Dragonite, F|100/100
|move|p2a: Heatran|Toxic|p1a: Dragonite
|-status|p1a: Dragonite|tox
|
|-damage|p1a: Dragonite|94/100 tox|[from] psn
|upkeep
|turn|24
|
|t:|1662254308
|switch|p2a: Tapu Fini|Tapu Fini|100/100
|-damage|p2a: Tapu Fini|88/100|[from] Stealth Rock
|-fieldstart|move: Misty Terrain|[from] ability: Misty Surge|[of] p2a: Tapu Fini
|switch|p1a: Ferrothorn|Ferrothorn, M|71/100
|-damage|p1a: Ferrothorn|65/100|[from] Stealth Rock
|
|-heal|p2a: Tapu Fini|94/100|[from] item: Leftovers
|upkeep
|turn|25
|
|t:|1662254314
|move|p2a: Tapu Fini|Taunt|p1a: Ferrothorn
|-start|p1a: Ferrothorn|move: Taunt
|move|p1a: Ferrothorn|Knock Off|p2a: Tapu Fini
|-resisted|p2a: Tapu Fini
|-damage|p2a: Tapu Fini|87/100
|-enditem|p2a: Tapu Fini|Leftovers|[from] move: Knock Off|[of] p1a: Ferrothorn
|
|upkeep
|turn|26
|
|t:|1662254321
|switch|p1a: Tapu Koko|Tapu Koko|100/100
|-fieldstart|move: Electric Terrain|[from] ability: Electric Surge|[of] p1a: Tapu Koko
|move|p2a: Tapu Fini|Calm Mind|p2a: Tapu Fini
|-boost|p2a: Tapu Fini|spa|1
|-boost|p2a: Tapu Fini|spd|1
|
|upkeep
|turn|27
|j| Jongruenwald
|
|t:|1662254325
|switch|p2a: Swampert|Swampert, F|35/100
|-damage|p2a: Swampert|29/100|[from] Stealth Rock
|move|p1a: Tapu Koko|Volt Switch|p2a: Swampert
|-immune|p2a: Swampert
|
|upkeep
|turn|28
|j| GoTo1342
|
|t:|1662254340
|switch|p1a: Ferrothorn|Ferrothorn, M|65/100
|-damage|p1a: Ferrothorn|59/100|[from] Stealth Rock
|move|p2a: Swampert|Flip Turn|p1a: Ferrothorn
|-resisted|p1a: Ferrothorn
|-damage|p1a: Ferrothorn|53/100
|-damage|p2a: Swampert|16/100|[from] ability: Iron Barbs|[of] p1a: Ferrothorn
|
|t:|1662254349
|switch|p2a: Heatran|Heatran, M|88/100|[from]move: Flip Turn
|-damage|p2a: Heatran|76/100|[from] Stealth Rock
|
|upkeep
|turn|29
|
|t:|1662254354
|switch|p1a: Dragonite|Dragonite, F|94/100 tox
|move|p2a: Heatran|Nature Power|p1a: Dragonite
|move|p2a: Heatran|Thunderbolt|p1a: Dragonite|[from]move: Nature Power
|-damage|p1a: Dragonite|65/100 tox
|
|-damage|p1a: Dragonite|59/100 tox|[from] psn
|upkeep
|turn|30
|
|t:|1662254372
|switch|p2a: Tapu Fini|Tapu Fini|87/100
|-damage|p2a: Tapu Fini|75/100|[from] Stealth Rock
|-fieldstart|move: Misty Terrain|[from] ability: Misty Surge|[of] p2a: Tapu Fini
|move|p1a: Dragonite|Roost|p1a: Dragonite
|-heal|p1a: Dragonite|100/100 tox
|-singleturn|p1a: Dragonite|move: Roost
|
|-damage|p1a: Dragonite|88/100 tox|[from] psn
|upkeep
|turn|31
|l| Tony00400
|
|t:|1662254379
|switch|p1a: Tapu Koko|Tapu Koko|100/100
|-fieldstart|move: Electric Terrain|[from] ability: Electric Surge|[of] p1a: Tapu Koko
|move|p2a: Tapu Fini|Calm Mind|p2a: Tapu Fini
|-boost|p2a: Tapu Fini|spa|1
|-boost|p2a: Tapu Fini|spd|1
|
|upkeep
|turn|32
|
|t:|1662254384
|move|p1a: Tapu Koko|Volt Switch|p2a: Tapu Fini
|-supereffective|p2a: Tapu Fini
|-damage|p2a: Tapu Fini|36/100
|
|t:|1662254389
|switch|p1a: Ferrothorn|Ferrothorn, M|53/100|[from]move: Volt Switch
|-damage|p1a: Ferrothorn|47/100|[from] Stealth Rock
|move|p2a: Tapu Fini|Draining Kiss|p1a: Ferrothorn
|-resisted|p1a: Ferrothorn
|-damage|p1a: Ferrothorn|38/100
|-heal|p2a: Tapu Fini|43/100|[from] drain|[of] p1a: Ferrothorn
|-damage|p2a: Tapu Fini|31/100|[from] ability: Iron Barbs|[of] p1a: Ferrothorn
|
|upkeep
|turn|33
|
|t:|1662254402
|move|p2a: Tapu Fini|Scald|p1a: Ferrothorn
|-resisted|p1a: Ferrothorn
|-damage|p1a: Ferrothorn|20/100
|-status|p1a: Ferrothorn|brn
|move|p1a: Ferrothorn|Body Press|p2a: Tapu Fini
|-resisted|p2a: Tapu Fini
|-damage|p2a: Tapu Fini|26/100
|
|-damage|p1a: Ferrothorn|14/100 brn|[from] brn
|upkeep
|turn|34
|
|t:|1662254414
|move|p2a: Tapu Fini|Scald|p1a: Ferrothorn
|-resisted|p1a: Ferrothorn
|-damage|p1a: Ferrothorn|0 fnt
|faint|p1a: Ferrothorn
|
|upkeep
|
|t:|1662254417
|switch|p1a: Tapu Koko|Tapu Koko|100/100
|turn|35
|
|t:|1662254420
|switch|p2a: Swampert|Swampert, F|16/100
|-damage|p2a: Swampert|10/100|[from] Stealth Rock
|move|p1a: Tapu Koko|Volt Switch|p2a: Swampert
|-immune|p2a: Swampert
|
|-fieldend|move: Electric Terrain
|upkeep
|turn|36
|j| T_Blizzy
|
|t:|1662254431
|move|p1a: Tapu Koko|Dazzling Gleam|p2a: Swampert
|-damage|p2a: Swampert|0 fnt
|faint|p2a: Swampert
|
|upkeep
|l| T_Blizzy
|
|t:|1662254446
|switch|p2a: Heatran|Heatran, M|76/100
|-damage|p2a: Heatran|63/100|[from] Stealth Rock
|turn|37
|
|t:|1662254450
|switch|p2a: Tapu Fini|Tapu Fini|26/100
|-damage|p2a: Tapu Fini|14/100|[from] Stealth Rock
|-fieldstart|move: Misty Terrain|[from] ability: Misty Surge|[of] p2a: Tapu Fini
|switch|p1a: Landorus|Landorus-Therian, M|98/100
|-damage|p1a: Landorus|86/100|[from] Stealth Rock
|-ability|p1a: Landorus|Intimidate|boost
|-unboost|p2a: Tapu Fini|atk|1
|
|-heal|p1a: Landorus|92/100|[from] item: Leftovers
|upkeep
|turn|38
|
|t:|1662254458
|move|p1a: Landorus|Earthquake|p2a: Tapu Fini
|-damage|p2a: Tapu Fini|0 fnt
|faint|p2a: Tapu Fini
|
|-heal|p1a: Landorus|98/100|[from] item: Leftovers
|upkeep
|
|t:|1662254466
|switch|p2a: Obstagoon|Obstagoon, M|79/100
|-damage|p2a: Obstagoon|66/100|[from] Stealth Rock
|turn|39
|j| Toxic Facade
|j| Noob 0_o
|
|t:|1662254477
|move|p1a: Landorus|Earthquake|p2a: Obstagoon
|-damage|p2a: Obstagoon|18/100
|move|p2a: Obstagoon|Knock Off|p1a: Landorus
|-damage|p1a: Landorus|56/100
|-enditem|p1a: Landorus|Leftovers|[from] move: Knock Off|[of] p2a: Obstagoon
|
|upkeep
|turn|40
|
|t:|1662254489
|move|p1a: Landorus|U-turn|p2a: Obstagoon
|-supereffective|p2a: Obstagoon
|-damage|p2a: Obstagoon|0 fnt
|faint|p2a: Obstagoon
|
|t:|1662254497
|switch|p1a: Dragonite|Dragonite, F|88/100 tox|[from]move: U-turn
|
|-damage|p1a: Dragonite|82/100 tox|[from] psn
|upkeep
|
|t:|1662254503
|switch|p2a: Heatran|Heatran, M|63/100
|-damage|p2a: Heatran|51/100|[from] Stealth Rock
|turn|41
|
|t:|1662254508
|move|p2a: Heatran|Nature Power|p1a: Dragonite
|move|p2a: Heatran|Moonblast|p1a: Dragonite|[from]move: Nature Power
|-supereffective|p1a: Dragonite
|-damage|p1a: Dragonite|39/100 tox
|move|p1a: Dragonite|Earthquake|p2a: Heatran
|-supereffective|p2a: Heatran
|-damage|p2a: Heatran|0 fnt
|faint|p2a: Heatran
|
|-damage|p1a: Dragonite|26/100 tox|[from] psn
|-fieldend|Misty Terrain
|upkeep
|c|☆attaquers|gg
|
|t:|1662254514
|switch|p2a: Zapdos|Zapdos, shiny|17/100
|-damage|p2a: Zapdos|0 fnt|[from] Stealth Rock
|faint|p2a: Zapdos
|
|win|attaquers
|raw|attaquers's rating: 1731 &rarr; <strong>1751</strong><br />(+20 for winning)
|raw|Shotintheheart's rating: 1725 &rarr; <strong>1705</strong><br />(-20 for losing)
|c|☆Shotintheheart|gg
|l|☆Shotintheheart
|l| Quagshi
|l|☆attaquers
|l| Jongruenwald
||Ladder isn't responding, score probably updated but might not have (Request timeout).
|l| Noob 0_o
|l| BabyPigsAreLaughin
|l| mikatis
