|j|☆afakedugong
|j|☆SkipTheDripBayless
|t:|1610988026
|player|p1|afakedugong|lucas|1861
|player|p2|SkipTheDripBayless|youngathletef|1905
|teamsize|p1|6
|teamsize|p2|6
|gametype|singles
|gen|8
|tier|[Gen 8] OU
|rated|
|clearpoke
|poke|p1|Corviknight, F|
|poke|p1|Toxapex, M|
|poke|p1|Hydreigon, F|
|poke|p1|Dragapult, M|
|poke|p1|Excadrill, M|
|poke|p1|Clefable, M|
|poke|p2|Garchomp, F|
|poke|p2|Umbreon, M|
|poke|p2|Corviknight, F|
|poke|p2|Tapu Fini|
|poke|p2|Ditto|
|poke|p2|Slowking-Galar, M|
|rule|Sleep Clause Mod: Limit one foe put to sleep
|rule|Species Clause: Limit one of each Pokémon
|rule|OHKO Clause: OHKO moves are banned
|rule|Evasion Moves Clause: Evasion moves are banned
|rule|Endless Battle Clause: Forcing endless battles is banned
|rule|HP Percentage Mod: HP is shown in percentages
|rule|Dynamax Clause: You cannot dynamax
|teampreview
|j| mncmt
|j| 0zorcNecropHADES
|inactive|Battle timer is ON: inactive players will automatically lose when time's up. (requested by SkipTheDripBayless)
|j| Chet Caker
|j| tapu moxo
|j| Malibou
|j| dhddhg
|j| VvvV1250
|
|t:|1610988056
|start
|switch|p1a: Clefable|Clefable, M|100/100
|switch|p2a: I LOOK LIKE A LICK|Garchomp, F|100/100
|turn|1
|j| AngryCold
|j| 654654m
|j| notyourbandurshi
|j| Lenape
|inactive|afakedugong has 120 seconds left.
|
|t:|1610988091
|switch|p2a: SLANGIN MAMI HEAT|Slowking-Galar, M|100/100
|move|p1a: Clefable|Moonblast|p2a: SLANGIN MAMI HEAT
|-resisted|p2a: SLANGIN MAMI HEAT
|-crit|p2a: SLANGIN MAMI HEAT
|-damage|p2a: SLANGIN MAMI HEAT|82/100
|-unboost|p2a: SLANGIN MAMI HEAT|spa|1
|
|-heal|p2a: SLANGIN MAMI HEAT|88/100|[from] item: Black Sludge
|upkeep
|turn|2
|inactive|afakedugong has 120 seconds left.
|
|t:|1610988102
|switch|p1a: Toxapex|Toxapex, M|100/100
|move|p2a: SLANGIN MAMI HEAT|Sludge Bomb|p1a: Toxapex
|-resisted|p1a: Toxapex
|-damage|p1a: Toxapex|91/100
|
|-heal|p2a: SLANGIN MAMI HEAT|94/100|[from] item: Black Sludge
|upkeep
|turn|3
|
|t:|1610988107
|move|p2a: SLANGIN MAMI HEAT|Nasty Plot|p2a: SLANGIN MAMI HEAT
|-boost|p2a: SLANGIN MAMI HEAT|spa|2
|move|p1a: Toxapex|Knock Off|p2a: SLANGIN MAMI HEAT
|-supereffective|p2a: SLANGIN MAMI HEAT
|-damage|p2a: SLANGIN MAMI HEAT|61/100
|-enditem|p2a: SLANGIN MAMI HEAT|Black Sludge|[from] move: Knock Off|[of] p1a: Toxapex
|
|upkeep
|turn|4
|
|t:|1610988117
|switch|p1a: Hydreigon|Hydreigon, F|100/100
|move|p2a: SLANGIN MAMI HEAT|Flamethrower|p1a: Hydreigon
|-resisted|p1a: Hydreigon
|-damage|p1a: Hydreigon|82/100
|
|-heal|p1a: Hydreigon|88/100|[from] item: Leftovers
|upkeep
|turn|5
|
|t:|1610988122
|switch|p2a: TOOK A RISK|Tapu Fini|100/100
|-fieldstart|move: Misty Terrain|[from] ability: Misty Surge|[of] p2a: TOOK A RISK
|move|p1a: Hydreigon|Dark Pulse|p2a: TOOK A RISK
|-resisted|p2a: TOOK A RISK
|-damage|p2a: TOOK A RISK|85/100
|
|-heal|p1a: Hydreigon|94/100|[from] item: Leftovers
|-heal|p2a: TOOK A RISK|91/100|[from] item: Leftovers
|upkeep
|turn|6
|inactive|afakedugong has 120 seconds left.
|
|t:|1610988155
|switch|p1a: Toxapex|Toxapex, M|100/100
|move|p2a: TOOK A RISK|Calm Mind|p2a: TOOK A RISK
|-boost|p2a: TOOK A RISK|spa|1
|-boost|p2a: TOOK A RISK|spd|1
|
|-heal|p2a: TOOK A RISK|98/100|[from] item: Leftovers
|upkeep
|turn|7
|
|t:|1610988160
|move|p2a: TOOK A RISK|Calm Mind|p2a: TOOK A RISK
|-boost|p2a: TOOK A RISK|spa|1
|-boost|p2a: TOOK A RISK|spd|1
|move|p1a: Toxapex|Knock Off|p2a: TOOK A RISK
|-resisted|p2a: TOOK A RISK
|-damage|p2a: TOOK A RISK|93/100
|-enditem|p2a: TOOK A RISK|Leftovers|[from] move: Knock Off|[of] p1a: Toxapex
|
|upkeep
|turn|8
|
|t:|1610988164
|switch|p1a: Clefable|Clefable, M|100/100
|move|p2a: TOOK A RISK|Taunt|p1a: Clefable
|-start|p1a: Clefable|move: Taunt
|
|upkeep
|turn|9
|
|t:|1610988169
|move|p2a: TOOK A RISK|Surf|p1a: Clefable
|-damage|p1a: Clefable|43/100
|move|p1a: Clefable|Thunder|p2a: TOOK A RISK
|-supereffective|p2a: TOOK A RISK
|-damage|p2a: TOOK A RISK|67/100
|
|-fieldend|Misty Terrain
|upkeep
|turn|10
|j| Ehtesham123
|j| EcoEcho
|inactive|afakedugong has 120 seconds left.
|
|t:|1610988201
|move|p2a: TOOK A RISK|Surf|p1a: Clefable
|-damage|p1a: Clefable|0 fnt
|faint|p1a: Clefable
|
|upkeep
|inactive|afakedugong has 120 seconds left.
|
|t:|1610988210
|switch|p1a: Excadrill|Excadrill, M|100/100
|-ability|p1a: Excadrill|Mold Breaker
|turn|11
|l| Malibou
|
|t:|1610988221
|switch|p2a: RAPPIN ALL CAP|Corviknight, F|100/100
|-ability|p2a: RAPPIN ALL CAP|Pressure
|move|p1a: Excadrill|Toxic|p2a: RAPPIN ALL CAP
|-immune|p2a: RAPPIN ALL CAP
|
|upkeep
|turn|12
|
|t:|1610988229
|switch|p1a: Corviknight|Corviknight, F|100/100
|-ability|p1a: Corviknight|Pressure
|move|p2a: RAPPIN ALL CAP|Taunt|p1a: Corviknight
|-start|p1a: Corviknight|move: Taunt
|
|upkeep
|turn|13
|
|t:|1610988249
|switch|p2a: I LOOK LIKE A LICK|Garchomp, F|100/100
|switch|p1a: Toxapex|Toxapex, M|100/100
|
|upkeep
|turn|14
|l| EcoEcho
|j| EcoEcho
|
|t:|1610988262
|switch|p2a: TOOK A RISK|Tapu Fini|67/100
|-fieldstart|move: Misty Terrain|[from] ability: Misty Surge|[of] p2a: TOOK A RISK
|move|p1a: Toxapex|Toxic Spikes|p2a: TOOK A RISK
|-sidestart|p2: SkipTheDripBayless|move: Toxic Spikes
|
|upkeep
|turn|15
|j| Danuine
|
|t:|1610988277
|switch|p1a: Corviknight|Corviknight, F|100/100
|-ability|p1a: Corviknight|Pressure
|move|p2a: TOOK A RISK|Calm Mind|p2a: TOOK A RISK
|-boost|p2a: TOOK A RISK|spa|1
|-boost|p2a: TOOK A RISK|spd|1
|
|upkeep
|turn|16
|
|t:|1610988295
|move|p2a: TOOK A RISK|Surf|p1a: Corviknight
|-damage|p1a: Corviknight|68/100
|move|p1a: Corviknight|Substitute|p1a: Corviknight
|-start|p1a: Corviknight|Substitute
|-damage|p1a: Corviknight|43/100
|
|-heal|p1a: Corviknight|49/100|[from] item: Leftovers
|upkeep
|turn|17
|
|t:|1610988301
|move|p2a: TOOK A RISK|Taunt|p1a: Corviknight
|-start|p1a: Corviknight|move: Taunt
|cant|p1a: Corviknight|move: Taunt|Roost
|
|-heal|p1a: Corviknight|56/100|[from] item: Leftovers
|upkeep
|turn|18
|
|t:|1610988304
|move|p2a: TOOK A RISK|Surf|p1a: Corviknight
|-end|p1a: Corviknight|Substitute
|move|p1a: Corviknight|Brave Bird|p2a: TOOK A RISK
|-damage|p2a: TOOK A RISK|43/100
|-damage|p1a: Corviknight|48/100|[from] Recoil
|
|-heal|p1a: Corviknight|55/100|[from] item: Leftovers
|-fieldend|Misty Terrain
|upkeep
|turn|19
|
|t:|1610988321
|move|p2a: TOOK A RISK|Surf|p1a: Corviknight
|-damage|p1a: Corviknight|24/100
|move|p1a: Corviknight|Brave Bird|p2a: TOOK A RISK
|-damage|p2a: TOOK A RISK|19/100
|-damage|p1a: Corviknight|17/100|[from] Recoil
|
|-heal|p1a: Corviknight|23/100|[from] item: Leftovers
|-end|p1a: Corviknight|move: Taunt
|upkeep
|turn|20
|l| 654654m
|
|t:|1610988332
|switch|p1a: Toxapex|Toxapex, M|100/100
|move|p2a: TOOK A RISK|Surf|p1a: Toxapex
|-resisted|p1a: Toxapex
|-damage|p1a: Toxapex|83/100
|
|upkeep
|turn|21
|
|t:|1610988337
|switch|p2a: SLANGIN MAMI HEAT|Slowking-Galar, M|94/100
|-sideend|p2: SkipTheDripBayless|move: Toxic Spikes|[of] p2a: SLANGIN MAMI HEAT
|move|p1a: Toxapex|Scald|p2a: SLANGIN MAMI HEAT
|-damage|p2a: SLANGIN MAMI HEAT|85/100
|
|upkeep
|turn|22
|
|t:|1610988342
|move|p2a: SLANGIN MAMI HEAT|Nasty Plot|p2a: SLANGIN MAMI HEAT
|-boost|p2a: SLANGIN MAMI HEAT|spa|2
|move|p1a: Toxapex|Toxic Spikes|p2a: SLANGIN MAMI HEAT
|-sidestart|p2: SkipTheDripBayless|move: Toxic Spikes
|
|upkeep
|turn|23
|
|t:|1610988352
|switch|p1a: Hydreigon|Hydreigon, F|94/100
|move|p2a: SLANGIN MAMI HEAT|Sludge Bomb|p1a: Hydreigon
|-damage|p1a: Hydreigon|28/100
|
|-heal|p1a: Hydreigon|34/100|[from] item: Leftovers
|upkeep
|turn|24
|
|t:|1610988358
|move|p1a: Hydreigon|Roost|p1a: Hydreigon
|-heal|p1a: Hydreigon|84/100
|-singleturn|p1a: Hydreigon|move: Roost
|move|p2a: SLANGIN MAMI HEAT|Sludge Bomb|p1a: Hydreigon
|-damage|p1a: Hydreigon|14/100
|
|-heal|p1a: Hydreigon|20/100|[from] item: Leftovers
|upkeep
|turn|25
|
|t:|1610988360
|move|p1a: Hydreigon|Dark Pulse|p2a: SLANGIN MAMI HEAT
|-supereffective|p2a: SLANGIN MAMI HEAT
|-damage|p2a: SLANGIN MAMI HEAT|43/100
|move|p2a: SLANGIN MAMI HEAT|Sludge Bomb|p1a: Hydreigon
|-damage|p1a: Hydreigon|0 fnt
|faint|p1a: Hydreigon
|
|upkeep
|inactive|afakedugong has 120 seconds left.
|l| Lenape
|
|t:|1610988400
|switch|p1a: Excadrill|Excadrill, M|100/100
|-ability|p1a: Excadrill|Mold Breaker
|turn|26
|
|t:|1610988404
|switch|p2a: RAPPIN ALL CAP|Corviknight, F|100/100
|-ability|p2a: RAPPIN ALL CAP|Pressure
|move|p1a: Excadrill|Stealth Rock|p2a: RAPPIN ALL CAP
|-sidestart|p2: SkipTheDripBayless|move: Stealth Rock
|
|upkeep
|turn|27
|
|t:|1610988408
|switch|p1a: Dragapult|Dragapult, M|100/100
|move|p2a: RAPPIN ALL CAP|Taunt|p1a: Dragapult
|-start|p1a: Dragapult|move: Taunt
|
|upkeep
|turn|28
|
|t:|1610988415
|switch|p2a: GOT A HUNDRED PACK|Umbreon, M, shiny|100/100
|-status|p2a: GOT A HUNDRED PACK|psn
|-damage|p2a: GOT A HUNDRED PACK|88/100 psn|[from] Stealth Rock
|move|p1a: Dragapult|U-turn|p2a: GOT A HUNDRED PACK
|-supereffective|p2a: GOT A HUNDRED PACK
|-damage|p2a: GOT A HUNDRED PACK|62/100 psn
|
|t:|1610988435
|switch|p1a: Corviknight|Corviknight, F|23/100|[from]move: U-turn
|-ability|p1a: Corviknight|Pressure
|
|-heal|p1a: Corviknight|29/100|[from] item: Leftovers
|-heal|p2a: GOT A HUNDRED PACK|68/100 psn|[from] item: Leftovers
|-damage|p2a: GOT A HUNDRED PACK|55/100 psn|[from] psn
|upkeep
|turn|29
|
|t:|1610988438
|switch|p2a: RAPPIN ALL CAP|Corviknight, F|100/100
|-damage|p2a: RAPPIN ALL CAP|88/100|[from] Stealth Rock
|-ability|p2a: RAPPIN ALL CAP|Pressure
|move|p1a: Corviknight|Roost|p1a: Corviknight
|-heal|p1a: Corviknight|79/100
|-singleturn|p1a: Corviknight|move: Roost
|
|-heal|p1a: Corviknight|86/100|[from] item: Leftovers
|-heal|p2a: RAPPIN ALL CAP|94/100|[from] item: Leftovers
|upkeep
|turn|30
|l| EcoEcho
|
|t:|1610988443
|switch|p1a: Toxapex|Toxapex, M|100/100
|move|p2a: RAPPIN ALL CAP|Defog|p1a: Toxapex
|-unboost|p1a: Toxapex|evasion|1
|-sideend|p2: SkipTheDripBayless|Toxic Spikes|[from] move: Defog|[of] p2a: RAPPIN ALL CAP
|-sideend|p2: SkipTheDripBayless|Stealth Rock|[from] move: Defog|[of] p2a: RAPPIN ALL CAP
|
|-heal|p2a: RAPPIN ALL CAP|100/100|[from] item: Leftovers
|upkeep
|turn|31
|
|t:|1610988449
|switch|p2a: GOT A HUNDRED PACK|Umbreon, M, shiny|55/100 psn
|move|p1a: Toxapex|Scald|p2a: GOT A HUNDRED PACK
|-damage|p2a: GOT A HUNDRED PACK|47/100 psn
|
|-heal|p2a: GOT A HUNDRED PACK|53/100 psn|[from] item: Leftovers
|-damage|p2a: GOT A HUNDRED PACK|40/100 psn|[from] psn
|upkeep
|turn|32
|
|t:|1610988453
|move|p2a: GOT A HUNDRED PACK|Wish|p2a: GOT A HUNDRED PACK
|move|p1a: Toxapex|Toxic Spikes|p2a: GOT A HUNDRED PACK
|-sidestart|p2: SkipTheDripBayless|move: Toxic Spikes
|
|-heal|p2a: GOT A HUNDRED PACK|46/100 psn|[from] item: Leftovers
|-damage|p2a: GOT A HUNDRED PACK|34/100 psn|[from] psn
|upkeep
|turn|33
|
|t:|1610988467
|move|p2a: GOT A HUNDRED PACK|Foul Play|p1a: Toxapex
|-damage|p1a: Toxapex|86/100
|-damage|p2a: GOT A HUNDRED PACK|18/100 psn|[from] item: Rocky Helmet|[of] p1a: Toxapex
|move|p1a: Toxapex|Scald|p2a: GOT A HUNDRED PACK
|-damage|p2a: GOT A HUNDRED PACK|9/100 psn
|
|-heal|p2a: GOT A HUNDRED PACK|59/100 psn|[from] move: Wish|[wisher] GOT A HUNDRED PACK
|-heal|p2a: GOT A HUNDRED PACK|65/100 psn|[from] item: Leftovers
|-damage|p2a: GOT A HUNDRED PACK|53/100 psn|[from] psn
|upkeep
|turn|34
|
|t:|1610988471
|switch|p1a: Corviknight|Corviknight, F|86/100
|-ability|p1a: Corviknight|Pressure
|move|p2a: GOT A HUNDRED PACK|Wish|p2a: GOT A HUNDRED PACK
|
|-heal|p1a: Corviknight|92/100|[from] item: Leftovers
|-heal|p2a: GOT A HUNDRED PACK|59/100 psn|[from] item: Leftovers
|-damage|p2a: GOT A HUNDRED PACK|46/100 psn|[from] psn
|upkeep
|turn|35
|
|t:|1610988482
|move|p1a: Corviknight|Bulk Up|p1a: Corviknight
|-boost|p1a: Corviknight|atk|1
|-boost|p1a: Corviknight|def|1
|move|p2a: GOT A HUNDRED PACK|Foul Play|p1a: Corviknight
|-damage|p1a: Corviknight|67/100
|
|-heal|p2a: GOT A HUNDRED PACK|96/100 psn|[from] move: Wish|[wisher] GOT A HUNDRED PACK
|-heal|p1a: Corviknight|73/100|[from] item: Leftovers
|-heal|p2a: GOT A HUNDRED PACK|100/100 psn|[from] item: Leftovers
|-damage|p2a: GOT A HUNDRED PACK|88/100 psn|[from] psn
|upkeep
|turn|36
|j| Malibou
|
|t:|1610988507
|switch|p2a: RAPPIN ALL CAP|Corviknight, F|100/100
|-ability|p2a: RAPPIN ALL CAP|Pressure
|move|p1a: Corviknight|Brave Bird|p2a: RAPPIN ALL CAP
|-resisted|p2a: RAPPIN ALL CAP
|-damage|p2a: RAPPIN ALL CAP|83/100
|-damage|p1a: Corviknight|68/100|[from] Recoil
|
|-heal|p1a: Corviknight|74/100|[from] item: Leftovers
|-heal|p2a: RAPPIN ALL CAP|89/100|[from] item: Leftovers
|upkeep
|turn|37
|j| Category Colossal
|j| Skoun❀
|l| Malibou
|
|t:|1610988520
|switch|p1a: Toxapex|Toxapex, M|100/100
|move|p2a: RAPPIN ALL CAP|Taunt|p1a: Toxapex
|-start|p1a: Toxapex|move: Taunt
|
|-heal|p2a: RAPPIN ALL CAP|95/100|[from] item: Leftovers
|upkeep
|turn|38
|
|t:|1610988525
|switch|p2a: SLANGIN MAMI HEAT|Slowking-Galar, M|77/100
|-sideend|p2: SkipTheDripBayless|move: Toxic Spikes|[of] p2a: SLANGIN MAMI HEAT
|move|p1a: Toxapex|Scald|p2a: SLANGIN MAMI HEAT
|-damage|p2a: SLANGIN MAMI HEAT|66/100
|-status|p2a: SLANGIN MAMI HEAT|brn
|
|-damage|p2a: SLANGIN MAMI HEAT|60/100 brn|[from] brn
|upkeep
|turn|39
|
|t:|1610988535
|switch|p1a: Dragapult|Dragapult, M|100/100
|move|p2a: SLANGIN MAMI HEAT|Psychic|p1a: Dragapult
|-damage|p1a: Dragapult|58/100
|
|-heal|p1a: Dragapult|64/100|[from] item: Leftovers
|-damage|p2a: SLANGIN MAMI HEAT|54/100 brn|[from] brn
|upkeep
|turn|40
|
|t:|1610988542
|switch|p2a: GOT A HUNDRED PACK|Umbreon, M, shiny|88/100 psn
|move|p1a: Dragapult|U-turn|p2a: GOT A HUNDRED PACK
|-supereffective|p2a: GOT A HUNDRED PACK
|-damage|p2a: GOT A HUNDRED PACK|61/100 psn
|
|t:|1610988555
|switch|p1a: Corviknight|Corviknight, F|74/100|[from]move: U-turn
|-ability|p1a: Corviknight|Pressure
|
|-heal|p1a: Corviknight|80/100|[from] item: Leftovers
|-heal|p2a: GOT A HUNDRED PACK|67/100 psn|[from] item: Leftovers
|-damage|p2a: GOT A HUNDRED PACK|55/100 psn|[from] psn
|upkeep
|turn|41
|
|t:|1610988560
|move|p1a: Corviknight|Bulk Up|p1a: Corviknight
|-boost|p1a: Corviknight|atk|1
|-boost|p1a: Corviknight|def|1
|move|p2a: GOT A HUNDRED PACK|Heal Bell|p2a: GOT A HUNDRED PACK
|-activate|p2a: GOT A HUNDRED PACK|move: Heal Bell
|-curestatus|p2a: GOT A HUNDRED PACK|psn|[msg]
|-curestatus|p2: SLANGIN MAMI HEAT|brn|[msg]
|
|-heal|p1a: Corviknight|86/100|[from] item: Leftovers
|-heal|p2a: GOT A HUNDRED PACK|61/100|[from] item: Leftovers
|upkeep
|turn|42
|
|t:|1610988568
|switch|p1a: Dragapult|Dragapult, M|64/100
|switch|p2a: RAPPIN ALL CAP|Corviknight, F|95/100
|-ability|p2a: RAPPIN ALL CAP|Pressure
|
|-heal|p1a: Dragapult|70/100|[from] item: Leftovers
|-heal|p2a: RAPPIN ALL CAP|100/100|[from] item: Leftovers
|upkeep
|turn|43
|
|t:|1610988578
|switch|p2a: SLANGIN MAMI HEAT|Slowking-Galar, M|87/100
|move|p1a: Dragapult|U-turn|p2a: SLANGIN MAMI HEAT
|-damage|p2a: SLANGIN MAMI HEAT|71/100
|j| Limited_Toolkit
|
|t:|1610988587
|switch|p1a: Excadrill|Excadrill, M|100/100|[from]move: U-turn
|-ability|p1a: Excadrill|Mold Breaker
|
|upkeep
|turn|44
|
|t:|1610988595
|switch|p2a: I LOOK LIKE A LICK|Garchomp, F|100/100
|move|p1a: Excadrill|Stealth Rock|p2a: I LOOK LIKE A LICK
|-sidestart|p2: SkipTheDripBayless|move: Stealth Rock
|
|upkeep
|turn|45
|
|t:|1610988602
|switch|p1a: Corviknight|Corviknight, F|86/100
|-ability|p1a: Corviknight|Pressure
|move|p2a: I LOOK LIKE A LICK|Swords Dance|p2a: I LOOK LIKE A LICK
|-boost|p2a: I LOOK LIKE A LICK|atk|2
|
|-heal|p1a: Corviknight|93/100|[from] item: Leftovers
|upkeep
|turn|46
|
|t:|1610988612
|move|p2a: I LOOK LIKE A LICK|Stone Edge|p1a: Corviknight|[miss]
|-miss|p2a: I LOOK LIKE A LICK|p1a: Corviknight
|move|p1a: Corviknight|Bulk Up|p1a: Corviknight
|-boost|p1a: Corviknight|atk|1
|-boost|p1a: Corviknight|def|1
|
|-heal|p1a: Corviknight|99/100|[from] item: Leftovers
|upkeep
|turn|47
|
|t:|1610988622
|switch|p2a: RAPPIN ALL CAP|Corviknight, F|100/100
|-damage|p2a: RAPPIN ALL CAP|88/100|[from] Stealth Rock
|-ability|p2a: RAPPIN ALL CAP|Pressure
|move|p1a: Corviknight|Brave Bird|p2a: RAPPIN ALL CAP
|-resisted|p2a: RAPPIN ALL CAP
|-damage|p2a: RAPPIN ALL CAP|71/100
|-damage|p1a: Corviknight|93/100|[from] Recoil
|
|-heal|p1a: Corviknight|99/100|[from] item: Leftovers
|-heal|p2a: RAPPIN ALL CAP|78/100|[from] item: Leftovers
|upkeep
|turn|48
|
|t:|1610988627
|switch|p1a: Toxapex|Toxapex, M|100/100
|move|p2a: RAPPIN ALL CAP|Defog|p1a: Toxapex
|-unboost|p1a: Toxapex|evasion|1
|-sideend|p2: SkipTheDripBayless|Stealth Rock|[from] move: Defog|[of] p2a: RAPPIN ALL CAP
|
|-heal|p2a: RAPPIN ALL CAP|84/100|[from] item: Leftovers
|upkeep
|turn|49
|
|t:|1610988630
|switch|p2a: GOT A HUNDRED PACK|Umbreon, M, shiny|61/100
|move|p1a: Toxapex|Knock Off|p2a: GOT A HUNDRED PACK
|-resisted|p2a: GOT A HUNDRED PACK
|-damage|p2a: GOT A HUNDRED PACK|55/100
|-enditem|p2a: GOT A HUNDRED PACK|Leftovers|[from] move: Knock Off|[of] p1a: Toxapex
|
|upkeep
|turn|50
|j| Stuffanime_12
|
|t:|1610988635
|move|p2a: GOT A HUNDRED PACK|Wish|p2a: GOT A HUNDRED PACK
|move|p1a: Toxapex|Toxic Spikes|p2a: GOT A HUNDRED PACK
|-sidestart|p2: SkipTheDripBayless|move: Toxic Spikes
|
|upkeep
|turn|51
|
|t:|1610988639
|switch|p2a: TOOK A RISK|Tapu Fini|19/100
|-status|p2a: TOOK A RISK|psn
|-fieldstart|move: Misty Terrain|[from] ability: Misty Surge|[of] p2a: TOOK A RISK
|move|p1a: Toxapex|Scald|p2a: TOOK A RISK
|-resisted|p2a: TOOK A RISK
|-damage|p2a: TOOK A RISK|13/100 psn
|
|-heal|p2a: TOOK A RISK|70/100 psn|[from] move: Wish|[wisher] GOT A HUNDRED PACK
|-damage|p2a: TOOK A RISK|58/100 psn|[from] psn
|upkeep
|turn|52
|c|☆afakedugong|gg
|-message|afakedugong forfeited.
|
|win|SkipTheDripBayless
|l|☆afakedugong
|l|☆SkipTheDripBayless
|l| Category Colossal
|l| Ehtesham123
|l| AngryCold
|l| mncmt
|l| Danuine
|c| 0zorcNecropHADES|ggs
||Ladder (probably) updated, but score could not be retrieved (Request timeout).
|c| 0zorcNecropHADES|pp staller
|c| tapu moxo|ggs
|c| tapu moxo|HAHAHAHAAHHA
|l| Skoun❀
|l| dhddhg
|l| tapu moxo
|l| 0zorcNecropHADES
|j| Skoun❀
|l| Skoun❀
|j| Skoun❀
