|raw|<div class="broadcast-blue"><strong>This battle is required to be public due to a player having a name starting with 'lt81yl'.</div>
|j|☆LT81YL John
|j|☆BestixL
|t:|1625498914
|gametype|singles
|player|p1|LT81YL John|sisandbro|1973
|player|p2|BestixL|flannery|1994
|teamsize|p1|6
|teamsize|p2|6
|gen|8
|tier|[Gen 8] OU
|rated|
|rule|Sleep Clause Mod: Limit one foe put to sleep
|rule|Species Clause: Limit one of each Pokémon
|rule|OHKO Clause: OHKO moves are banned
|rule|Evasion Moves Clause: Evasion moves are banned
|rule|Endless Battle Clause: Forcing endless battles is banned
|rule|HP Percentage Mod: HP is shown in percentages
|rule|Dynamax Clause: You cannot dynamax
|clearpoke
|poke|p1|Landorus-Therian, M|
|poke|p1|Ferrothorn, M|
|poke|p1|Clefable, F|
|poke|p1|Tornadus-Therian, M|
|poke|p1|Slowbro, M|
|poke|p1|Heatran, M|
|poke|p2|Skarmory, F|
|poke|p2|Hippowdon, M|
|poke|p2|Reuniclus, F|
|poke|p2|Toxapex, F|
|poke|p2|Tapu Koko|
|poke|p2|Buzzwole|
|teampreview
|j| LT81YL crying
|j| LT81YL POWER
|j| Daronne Pierrick
|j| Pidgey Gordito
|inactive|Battle timer is ON: inactive players will automatically lose when time's up. (requested by BestixL)
|j| Anique
|j| Kamisato
|j| nlttm12
|l| Pidgey Gordito
|j| LT81YL pj
|l| LT81YL pj
|inactive|BestixL has 120 seconds left.
|j| livin so zambian
|
|t:|1625498958
|start
|switch|p1a: Slowbro|Slowbro, M|100/100
|switch|p2a: wockstar|Tapu Koko|100/100
|-fieldstart|move: Electric Terrain|[from] ability: Electric Surge|[of] p2a: wockstar
|turn|1
|j| Celebiii32
|j| LT81YL Tace
|j| LegendaryC26
|j| Toxabelle
|
|t:|1625498970
|switch|p1a: Landorus|Landorus-Therian, M|100/100
|-ability|p1a: Landorus|Intimidate|boost
|-unboost|p2a: wockstar|atk|1
|move|p2a: wockstar|U-turn|p1a: Landorus
|-resisted|p1a: Landorus
|-damage|p1a: Landorus|97/100
|j| LT81YL el shepion
|j| dubbel
|l| LT81YL el shepion
|j| ssfdfsra
|j| LT81YL Yelo
|j|%Perish Song
|
|t:|1625498983
|switch|p2a: the reaper|Skarmory, F|100/100|[from]move: U-turn
|
|-heal|p1a: Landorus|100/100|[from] item: Leftovers
|upkeep
|turn|2
|
|t:|1625498991
|switch|p1a: Tornadus|Tornadus-Therian, M|100/100
|move|p2a: the reaper|Spikes|p1a: Tornadus
|-sidestart|p1: LT81YL John|Spikes
|
|upkeep
|turn|3
|j| cecilus
|j| Heracrossed Up
|
|t:|1625498996
|switch|p2a: just friends|Toxapex, F|100/100
|move|p1a: Tornadus|Knock Off|p2a: just friends
|-damage|p2a: just friends|86/100
|-enditem|p2a: just friends|Payapa Berry|[from] move: Knock Off|[of] p1a: Tornadus
|
|upkeep
|turn|4
|j| sexless
|
|t:|1625499010
|switch|p1a: Slowbro|Slowbro, M|100/100
|-damage|p1a: Slowbro|88/100|[from] Spikes
|move|p2a: just friends|Knock Off|p1a: Slowbro
|-supereffective|p1a: Slowbro
|-crit|p1a: Slowbro
|-damage|p1a: Slowbro|62/100
|-damage|p2a: just friends|70/100|[from] item: Rocky Helmet|[of] p1a: Slowbro
|-enditem|p1a: Slowbro|Rocky Helmet|[from] move: Knock Off|[of] p2a: just friends
|
|upkeep
|turn|5
|j| AMC TO THE MOOON
|
|t:|1625499017
|move|p2a: just friends|Toxic|p1a: Slowbro
|-status|p1a: Slowbro|tox
|move|p1a: Slowbro|Teleport|p1a: Slowbro
|
|t:|1625499020
|switch|p1a: Tornadus|Tornadus-Therian, M|100/100|[from]move: Teleport
|
|-fieldend|move: Electric Terrain
|upkeep
|turn|6
|
|t:|1625499022
|move|p1a: Tornadus|U-turn|p2a: just friends
|-resisted|p2a: just friends
|-damage|p2a: just friends|65/100
|
|t:|1625499023
|switch|p1a: Slowbro|Slowbro, M|95/100 tox|[from]move: U-turn
|-damage|p1a: Slowbro|83/100 tox|[from] Spikes
|move|p2a: just friends|Toxic|p1a: Slowbro
|-fail|p1a: Slowbro|tox
|
|-damage|p1a: Slowbro|77/100 tox|[from] psn
|upkeep
|turn|7
|
|t:|1625499032
|switch|p2a: wockstar|Tapu Koko|100/100
|-fieldstart|move: Electric Terrain|[from] ability: Electric Surge|[of] p2a: wockstar
|move|p1a: Slowbro|Future Sight|p2a: wockstar
|-start|p1a: Slowbro|move: Future Sight
|
|-damage|p1a: Slowbro|65/100 tox|[from] psn
|upkeep
|turn|8
|
|t:|1625499037
|switch|p1a: Landorus|Landorus-Therian, M|100/100
|-ability|p1a: Landorus|Intimidate|boost
|-unboost|p2a: wockstar|atk|1
|move|p2a: wockstar|U-turn|p1a: Landorus
|-resisted|p1a: Landorus
|-damage|p1a: Landorus|96/100
|j| LT81YL spooky
|j| Daniel Beuthner
|j| LT81YL hf
|
|t:|1625499049
|switch|p2a: the reaper|Skarmory, F|100/100|[from]move: U-turn
|
|-heal|p1a: Landorus|100/100|[from] item: Leftovers
|upkeep
|turn|9
|j| pradhaaan yt
|j| LT81YL Manolo
|
|t:|1625499055
|move|p1a: Landorus|Knock Off|p2a: the reaper
|-damage|p2a: the reaper|82/100
|-enditem|p2a: the reaper|Shed Shell|[from] move: Knock Off|[of] p1a: Landorus
|move|p2a: the reaper|Spikes|p1a: Landorus
|-sidestart|p1: LT81YL John|Spikes
|
|-end|p2a: the reaper|move: Future Sight
|-resisted|p2a: the reaper
|-damage|p2a: the reaper|54/100
|upkeep
|turn|10
|n| Spookyz|lt81ylspooky
|j| LT81YL SW
|
|t:|1625499063
|move|p1a: Landorus|U-turn|p2a: the reaper
|-resisted|p2a: the reaper
|-damage|p2a: the reaper|51/100
|
|t:|1625499065
|switch|p1a: Tornadus|Tornadus-Therian, M|100/100|[from]move: U-turn
|move|p2a: the reaper|Roost|p2a: the reaper
|-heal|p2a: the reaper|100/100
|-singleturn|p2a: the reaper|move: Roost
|
|upkeep
|turn|11
|j| Orion Blitzkrieg
|
|t:|1625499076
|switch|p2a: just friends|Toxapex, F|98/100
|move|p1a: Tornadus|Defog|p2a: just friends
|-unboost|p2a: just friends|evasion|1
|-sideend|p1: LT81YL John|Spikes|[from] move: Defog|[of] p1a: Tornadus
|-fieldend|move: Electric Terrain
|
|upkeep
|turn|12
|j| LT81YL LE FLEXMAN
|j| LT81YL Trunx
|
|t:|1625499087
|move|p1a: Tornadus|U-turn|p2a: just friends
|-resisted|p2a: just friends
|-damage|p2a: just friends|94/100
|j| hailarctozolt
|l| ssfdfsra
|j| ian_yo
|
|t:|1625499095
|switch|p1a: Slowbro|Slowbro, M|98/100 tox|[from]move: U-turn
|move|p2a: just friends|Knock Off|p1a: Slowbro
|-supereffective|p1a: Slowbro
|-damage|p1a: Slowbro|86/100 tox
|
|-damage|p1a: Slowbro|80/100 tox|[from] psn
|upkeep
|turn|13
|j| regnite ◕‿◕
|
|t:|1625499104
|switch|p2a: wockstar|Tapu Koko|100/100
|-fieldstart|move: Electric Terrain|[from] ability: Electric Surge|[of] p2a: wockstar
|move|p1a: Slowbro|Future Sight|p2a: wockstar
|-start|p1a: Slowbro|move: Future Sight
|
|-damage|p1a: Slowbro|68/100 tox|[from] psn
|upkeep
|turn|14
|j| Gva
|j| azeaza
|
|t:|1625499116
|switch|p1a: Ferrothorn|Ferrothorn, M|100/100
|move|p2a: wockstar|U-turn|p1a: Ferrothorn
|-damage|p1a: Ferrothorn|89/100
|-damage|p2a: wockstar|88/100|[from] ability: Iron Barbs|[of] p1a: Ferrothorn
|
|t:|1625499128
|switch|p2a: the reaper|Skarmory, F|100/100|[from]move: U-turn
|
|-heal|p1a: Ferrothorn|95/100|[from] item: Leftovers
|upkeep
|turn|15
|j| Acc.Testing Ly
|
|t:|1625499141
|switch|p1a: Clefable|Clefable, F|100/100
|move|p2a: the reaper|Spikes|p1a: Clefable
|-sidestart|p1: LT81YL John|Spikes
|
|-end|p2a: the reaper|move: Future Sight
|-resisted|p2a: the reaper
|-damage|p2a: the reaper|74/100
|upkeep
|turn|16
|l| AMC TO THE MOOON
|
|t:|1625499152
|switch|p2a: just friends|Toxapex, F|100/100
|move|p1a: Clefable|Thunder|p2a: just friends
|-supereffective|p2a: just friends
|-damage|p2a: just friends|39/100
|-status|p2a: just friends|par
|
|upkeep
|turn|17
|l| cecilus
|
|t:|1625499161
|switch|p2a: Itsuki|Reuniclus, F|100/100
|move|p1a: Clefable|Thunder|p2a: Itsuki
|-crit|p2a: Itsuki
|-damage|p2a: Itsuki|59/100
|-status|p2a: Itsuki|par
|
|-fieldend|move: Electric Terrain
|upkeep
|turn|18
|l| LT81YL Yelo
|
|t:|1625499168
|switch|p1a: Landorus|Landorus-Therian, M|100/100
|-ability|p1a: Landorus|Intimidate|boost
|-unboost|p2a: Itsuki|atk|1
|move|p2a: Itsuki|Recover|p2a: Itsuki
|-heal|p2a: Itsuki|100/100 par
|
|upkeep
|turn|19
|
|t:|1625499179
|switch|p2a: the reaper|Skarmory, F|74/100
|move|p1a: Landorus|U-turn|p2a: the reaper
|-resisted|p2a: the reaper
|-damage|p2a: the reaper|71/100
|
|t:|1625499181
|switch|p1a: Tornadus|Tornadus-Therian, M|100/100|[from]move: U-turn
|
|upkeep
|turn|20
|
|t:|1625499185
|switch|p2a: 2 soon|Hippowdon, M|100/100
|-weather|Sandstorm|[from] ability: Sand Stream|[of] p2a: 2 soon
|move|p1a: Tornadus|Defog|p2a: 2 soon
|-unboost|p2a: 2 soon|evasion|1
|-sideend|p1: LT81YL John|Spikes|[from] move: Defog|[of] p1a: Tornadus
|
|-weather|Sandstorm|[upkeep]
|-damage|p1a: Tornadus|94/100|[from] Sandstorm
|upkeep
|turn|21
|
|t:|1625499192
|move|p1a: Tornadus|Knock Off|p2a: 2 soon
|-damage|p2a: 2 soon|87/100
|-enditem|p2a: 2 soon|Heavy-Duty Boots|[from] move: Knock Off|[of] p1a: Tornadus
|move|p2a: 2 soon|Stealth Rock|p1a: Tornadus
|-sidestart|p1: LT81YL John|move: Stealth Rock
|
|-weather|Sandstorm|[upkeep]
|-damage|p1a: Tornadus|88/100|[from] Sandstorm
|upkeep
|turn|22
|j| LT81YL M
|
|t:|1625499196
|move|p1a: Tornadus|U-turn|p2a: 2 soon
|-damage|p2a: 2 soon|76/100
|
|t:|1625499197
|switch|p1a: Clefable|Clefable, F|100/100|[from]move: U-turn
|move|p2a: 2 soon|Slack Off|p2a: 2 soon
|-heal|p2a: 2 soon|100/100
|
|-weather|Sandstorm|[upkeep]
|upkeep
|turn|23
|l|%Perish Song
|
|t:|1625499206
|switch|p1a: Tornadus|Tornadus-Therian, M|100/100
|switch|p2a: Itsuki|Reuniclus, F|100/100 par
|
|-weather|Sandstorm|[upkeep]
|-damage|p1a: Tornadus|94/100|[from] Sandstorm
|upkeep
|turn|24
|j| jossimar8
|l| Celebiii32
|
|t:|1625499213
|switch|p2a: 2 soon|Hippowdon, M|100/100
|move|p1a: Tornadus|Knock Off|p2a: 2 soon
|-damage|p2a: 2 soon|91/100
|
|-weather|none
|upkeep
|turn|25
|l| regnite ◕‿◕
|
|t:|1625499219
|switch|p2a: just friends|Toxapex, F|72/100 par
|move|p1a: Tornadus|U-turn|p2a: just friends
|-resisted|p2a: just friends
|-damage|p2a: just friends|68/100 par
|j| Zoro666
|
|t:|1625499224
|switch|p1a: Slowbro|Slowbro, M|100/100 tox|[from]move: U-turn
|-damage|p1a: Slowbro|88/100 tox|[from] Stealth Rock
|
|-damage|p1a: Slowbro|82/100 tox|[from] psn
|upkeep
|turn|26
|
|t:|1625499231
|switch|p2a: wockstar|Tapu Koko|88/100
|-fieldstart|move: Electric Terrain|[from] ability: Electric Surge|[of] p2a: wockstar
|move|p1a: Slowbro|Scald|p2a: wockstar
|-damage|p2a: wockstar|43/100
|
|-damage|p1a: Slowbro|70/100 tox|[from] psn
|upkeep
|turn|27
|
|t:|1625499235
|switch|p1a: Landorus|Landorus-Therian, M|100/100
|-damage|p1a: Landorus|88/100|[from] Stealth Rock
|-ability|p1a: Landorus|Intimidate|boost
|-unboost|p2a: wockstar|atk|1
|move|p2a: wockstar|Roost|p2a: wockstar
|-heal|p2a: wockstar|93/100
|-singleturn|p2a: wockstar|move: Roost
|
|-heal|p1a: Landorus|94/100|[from] item: Leftovers
|upkeep
|turn|28
|
|t:|1625499241
|move|p2a: wockstar|U-turn|p1a: Landorus
|-resisted|p1a: Landorus
|-damage|p1a: Landorus|90/100
|
|t:|1625499247
|switch|p2a: Yotsuba|Buzzwole|100/100|[from]move: U-turn
|move|p1a: Landorus|Stealth Rock|p2a: Yotsuba
|-sidestart|p2: BestixL|move: Stealth Rock
|
|-heal|p1a: Landorus|96/100|[from] item: Leftovers
|upkeep
|turn|29
|j| Kostac
|
|t:|1625499251
|switch|p1a: Tornadus|Tornadus-Therian, M|100/100
|move|p2a: Yotsuba|Ice Punch|p1a: Tornadus
|-supereffective|p1a: Tornadus
|-damage|p1a: Tornadus|51/100
|
|upkeep
|turn|30
|l| Gva
|
|t:|1625499265
|switch|p2a: just friends|Toxapex, F|100/100 par
|-damage|p2a: just friends|88/100 par|[from] Stealth Rock
|move|p1a: Tornadus|U-turn|p2a: just friends
|-resisted|p2a: just friends
|-damage|p2a: just friends|83/100 par
|j| serene cut
|j| Sugar K Leonard
|
|t:|1625499275
|switch|p1a: Slowbro|Slowbro, M|100/100 tox|[from]move: U-turn
|-damage|p1a: Slowbro|88/100 tox|[from] Stealth Rock
|
|-damage|p1a: Slowbro|82/100 tox|[from] psn
|-fieldend|move: Electric Terrain
|upkeep
|turn|31
|l| jossimar8
|
|t:|1625499284
|switch|p2a: Itsuki|Reuniclus, F|100/100 par
|move|p1a: Slowbro|Future Sight|p2a: Itsuki
|-start|p1a: Slowbro|move: Future Sight
|
|-damage|p1a: Slowbro|70/100 tox|[from] psn
|upkeep
|turn|32
|j|%Perish Song
|
|t:|1625499291
|switch|p1a: Landorus|Landorus-Therian, M|96/100
|-damage|p1a: Landorus|84/100|[from] Stealth Rock
|-ability|p1a: Landorus|Intimidate|boost
|-unboost|p2a: Itsuki|atk|1
|move|p2a: Itsuki|Psyshock|p1a: Landorus
|-damage|p1a: Landorus|53/100
|
|-heal|p1a: Landorus|59/100|[from] item: Leftovers
|upkeep
|turn|33
|j| Plasmeek
|j| LT81YL Dasmer
|inactive|BestixL has 120 seconds left.
|j| faymon2
|l|%Perish Song
|j| burgerCute
|inactive|BestixL has 90 seconds left.
|j| Gva
|j| malibou
|l| Kamisato
|
|t:|1625499380
|switch|p2a: 2 soon|Hippowdon, M|91/100
|-damage|p2a: 2 soon|85/100|[from] Stealth Rock
|-weather|Sandstorm|[from] ability: Sand Stream|[of] p2a: 2 soon
|move|p1a: Landorus|Knock Off|p2a: 2 soon
|-damage|p2a: 2 soon|71/100
|
|-weather|Sandstorm|[upkeep]
|-end|p2a: 2 soon|move: Future Sight
|-damage|p2a: 2 soon|40/100
|-heal|p1a: Landorus|65/100|[from] item: Leftovers
|upkeep
|turn|34
|j| Lolillol
|
|t:|1625499385
|move|p1a: Landorus|U-turn|p2a: 2 soon
|-damage|p2a: 2 soon|23/100
|
|t:|1625499390
|switch|p1a: Tornadus|Tornadus-Therian, M|84/100|[from]move: U-turn
|move|p2a: 2 soon|Slack Off|p2a: 2 soon
|-heal|p2a: 2 soon|73/100
|
|-weather|Sandstorm|[upkeep]
|-damage|p1a: Tornadus|78/100|[from] Sandstorm
|upkeep
|turn|35
|
|t:|1625499398
|move|p1a: Tornadus|U-turn|p2a: 2 soon
|-damage|p2a: 2 soon|63/100
|
|t:|1625499400
|switch|p1a: Clefable|Clefable, F|100/100|[from]move: U-turn
|move|p2a: 2 soon|Slack Off|p2a: 2 soon
|-heal|p2a: 2 soon|100/100
|
|-weather|Sandstorm|[upkeep]
|upkeep
|turn|36
|inactive|BestixL has 90 seconds left.
|j| LT81YL keval
|l| Daniel Beuthner
|inactive|BestixL has 60 seconds left.
|
|t:|1625499443
|switch|p1a: Tornadus|Tornadus-Therian, M|100/100
|switch|p2a: Itsuki|Reuniclus, F|100/100 par
|
|-weather|Sandstorm|[upkeep]
|-damage|p1a: Tornadus|94/100|[from] Sandstorm
|upkeep
|turn|37
|
|t:|1625499448
|switch|p2a: just friends|Toxapex, F|100/100 par
|-damage|p2a: just friends|88/100 par|[from] Stealth Rock
|move|p1a: Tornadus|Knock Off|p2a: just friends
|-damage|p2a: just friends|79/100 par
|
|-weather|none
|upkeep
|turn|38
|
|t:|1625499461
|switch|p1a: Slowbro|Slowbro, M|100/100 tox
|-damage|p1a: Slowbro|88/100 tox|[from] Stealth Rock
|cant|p2a: just friends|par
|
|-damage|p1a: Slowbro|82/100 tox|[from] psn
|upkeep
|turn|39
|j| Double Down Expert
|j| union boss
|
|t:|1625499473
|switch|p2a: Itsuki|Reuniclus, F|100/100 par
|move|p1a: Slowbro|Scald|p2a: Itsuki
|-damage|p2a: Itsuki|82/100 par
|
|-damage|p1a: Slowbro|70/100 tox|[from] psn
|upkeep
|turn|40
|
|t:|1625499479
|switch|p1a: Ferrothorn|Ferrothorn, M|95/100
|-damage|p1a: Ferrothorn|89/100|[from] Stealth Rock
|move|p2a: Itsuki|Recover|p2a: Itsuki
|-heal|p2a: Itsuki|100/100 par
|
|-heal|p1a: Ferrothorn|95/100|[from] item: Leftovers
|upkeep
|turn|41
|l| LT81YL M
|l| LT81YL keval
|n| lt81yl spooky|spookyz
|
|t:|1625499486
|switch|p2a: just friends|Toxapex, F|100/100 par
|-damage|p2a: just friends|88/100 par|[from] Stealth Rock
|move|p1a: Ferrothorn|Knock Off|p2a: just friends
|-damage|p2a: just friends|79/100 par
|
|-heal|p1a: Ferrothorn|100/100|[from] item: Leftovers
|upkeep
|turn|42
|l| Zoro666
|j| Maxthekapo
|
|t:|1625499490
|switch|p1a: Slowbro|Slowbro, M|100/100 tox
|-damage|p1a: Slowbro|88/100 tox|[from] Stealth Rock
|move|p2a: just friends|Knock Off|p1a: Slowbro
|-supereffective|p1a: Slowbro
|-damage|p1a: Slowbro|75/100 tox
|
|-damage|p1a: Slowbro|69/100 tox|[from] psn
|upkeep
|turn|43
|j| Jesustice
|
|t:|1625499496
|switch|p2a: Itsuki|Reuniclus, F|100/100 par
|move|p1a: Slowbro|Teleport|p1a: Slowbro
|j| LT81YL Pheo'
|
|t:|1625499509
|switch|p1a: Ferrothorn|Ferrothorn, M|100/100|[from]move: Teleport
|-damage|p1a: Ferrothorn|95/100|[from] Stealth Rock
|
|-heal|p1a: Ferrothorn|100/100|[from] item: Leftovers
|upkeep
|turn|44
|c| azeaza|how does john deal with setup mons?
|inactive|BestixL has 120 seconds left.
|
|t:|1625499523
|switch|p2a: the reaper|Skarmory, F|71/100
|-damage|p2a: the reaper|59/100|[from] Stealth Rock
|move|p1a: Ferrothorn|Spikes|p2a: the reaper
|-sidestart|p2: BestixL|Spikes
|
|upkeep
|turn|45
|
|t:|1625499526
|switch|p1a: Heatran|Heatran, M|100/100
|-damage|p1a: Heatran|88/100|[from] Stealth Rock
|move|p2a: the reaper|Roost|p2a: the reaper
|-heal|p2a: the reaper|100/100
|-singleturn|p2a: the reaper|move: Roost
|
|-heal|p1a: Heatran|94/100|[from] item: Leftovers
|upkeep
|turn|46
|
|t:|1625499534
|switch|p2a: just friends|Toxapex, F|100/100 par
|-damage|p2a: just friends|88/100 par|[from] Spikes
|-damage|p2a: just friends|75/100 par|[from] Stealth Rock
|move|p1a: Heatran|Toxic||[still]
|-fail|p1a: Heatran
|
|-heal|p1a: Heatran|100/100|[from] item: Leftovers
|upkeep
|turn|47
|j| eebsofresh
|
|t:|1625499542
|move|p1a: Heatran|Magma Storm|p2a: just friends
|-resisted|p2a: just friends
|-damage|p2a: just friends|58/100 par
|-activate|p2a: just friends|move: Magma Storm|[of] p1a: Heatran
|move|p2a: just friends|Knock Off|p1a: Heatran
|-damage|p1a: Heatran|88/100
|-enditem|p1a: Heatran|Leftovers|[from] move: Knock Off|[of] p2a: just friends
|
|-damage|p2a: just friends|46/100 par|[from] move: Magma Storm|[partiallytrapped]
|upkeep
|turn|48
|j| LT81YL Mystical
|
|t:|1625499546
|move|p1a: Heatran|Earth Power|p2a: just friends
|-supereffective|p2a: just friends
|-damage|p2a: just friends|6/100 par
|move|p2a: just friends|Recover|p2a: just friends
|-heal|p2a: just friends|56/100 par
|
|-damage|p2a: just friends|44/100 par|[from] move: Magma Storm|[partiallytrapped]
|upkeep
|turn|49
|
|t:|1625499552
|move|p1a: Heatran|Taunt|p2a: just friends
|-start|p2a: just friends|move: Taunt
|cant|p2a: just friends|move: Taunt|Recover
|
|-damage|p2a: just friends|31/100 par|[from] move: Magma Storm|[partiallytrapped]
|upkeep
|turn|50
|
|t:|1625499554
|move|p1a: Heatran|Earth Power|p2a: just friends
|-supereffective|p2a: just friends
|-damage|p2a: just friends|0 fnt
|faint|p2a: just friends
|
|upkeep
|l| Gva
|l| LT81YL Mystical
|j| uhknbhkhjkjh
|inactive|BestixL has 120 seconds left.
|j|%Perish Song
|
|t:|1625499586
|switch|p2a: Yotsuba|Buzzwole|100/100
|turn|51
|j| Meister Bator
|
|t:|1625499596
|switch|p2a: wockstar|Tapu Koko|93/100
|-fieldstart|move: Electric Terrain|[from] ability: Electric Surge|[of] p2a: wockstar
|switch|p1a: Slowbro|Slowbro, M|100/100 tox
|-damage|p1a: Slowbro|88/100 tox|[from] Stealth Rock
|
|-damage|p1a: Slowbro|82/100 tox|[from] psn
|upkeep
|turn|52
|
|t:|1625499601
|switch|p1a: Ferrothorn|Ferrothorn, M|100/100
|-damage|p1a: Ferrothorn|95/100|[from] Stealth Rock
|move|p2a: wockstar|U-turn|p1a: Ferrothorn
|-damage|p1a: Ferrothorn|83/100
|-damage|p2a: wockstar|81/100|[from] ability: Iron Barbs|[of] p1a: Ferrothorn
|l| LegendaryC26
|
|t:|1625499607
|switch|p2a: the reaper|Skarmory, F|100/100|[from]move: U-turn
|-damage|p2a: the reaper|88/100|[from] Stealth Rock
|
|-heal|p1a: Ferrothorn|89/100|[from] item: Leftovers
|upkeep
|turn|53
|
|t:|1625499612
|switch|p1a: Tornadus|Tornadus-Therian, M|100/100
|move|p2a: the reaper|Spikes|p1a: Tornadus
|-sidestart|p1: LT81YL John|Spikes
|
|upkeep
|turn|54
|
|t:|1625499621
|switch|p2a: 2 soon|Hippowdon, M|100/100
|-damage|p2a: 2 soon|94/100|[from] Stealth Rock
|-damage|p2a: 2 soon|82/100|[from] Spikes
|-weather|Sandstorm|[from] ability: Sand Stream|[of] p2a: 2 soon
|move|p1a: Tornadus|Defog|p2a: 2 soon
|-unboost|p2a: 2 soon|evasion|1
|-sideend|p2: BestixL|Spikes|[from] move: Defog|[of] p1a: Tornadus
|-sideend|p2: BestixL|Stealth Rock|[from] move: Defog|[of] p1a: Tornadus
|-sideend|p1: LT81YL John|Spikes|[from] move: Defog|[of] p1a: Tornadus
|-sideend|p1: LT81YL John|Stealth Rock|[from] move: Defog|[of] p1a: Tornadus
|-fieldend|move: Electric Terrain
|
|-weather|Sandstorm|[upkeep]
|-damage|p1a: Tornadus|94/100|[from] Sandstorm
|upkeep
|turn|55
|l| Acc.Testing Ly
|
|t:|1625499630
|move|p1a: Tornadus|U-turn|p2a: 2 soon
|-damage|p2a: 2 soon|71/100
|
|t:|1625499635
|switch|p1a: Landorus|Landorus-Therian, M|65/100|[from]move: U-turn
|-ability|p1a: Landorus|Intimidate|boost
|-unboost|p2a: 2 soon|atk|1
|move|p2a: 2 soon|Stealth Rock|p1a: Landorus
|-sidestart|p1: LT81YL John|move: Stealth Rock
|
|-weather|Sandstorm|[upkeep]
|-heal|p1a: Landorus|71/100|[from] item: Leftovers
|upkeep
|turn|56
|
|t:|1625499641
|move|p1a: Landorus|U-turn|p2a: 2 soon
|-crit|p2a: 2 soon
|-damage|p2a: 2 soon|49/100
|
|t:|1625499643
|switch|p1a: Clefable|Clefable, F|100/100|[from]move: U-turn
|move|p2a: 2 soon|Toxic|p1a: Clefable
|-status|p1a: Clefable|tox
|
|-weather|Sandstorm|[upkeep]
|upkeep
|turn|57
|l| Toxabelle
|l| faymon2
|
|t:|1625499650
|switch|p1a: Tornadus|Tornadus-Therian, M|100/100
|switch|p2a: Itsuki|Reuniclus, F|100/100 par
|
|-weather|Sandstorm|[upkeep]
|-damage|p1a: Tornadus|94/100|[from] Sandstorm
|upkeep
|turn|58
|j| lT81yL Jack
|
|t:|1625499655
|switch|p2a: 2 soon|Hippowdon, M|49/100
|move|p1a: Tornadus|Knock Off|p2a: 2 soon
|-damage|p2a: 2 soon|41/100
|
|-weather|none
|upkeep
|turn|59
|j| MelcShake
|
|t:|1625499657
|move|p1a: Tornadus|Defog|p2a: 2 soon
|-unboost|p2a: 2 soon|evasion|1
|-sideend|p1: LT81YL John|Stealth Rock|[from] move: Defog|[of] p1a: Tornadus
|move|p2a: 2 soon|Slack Off|p2a: 2 soon
|-heal|p2a: 2 soon|91/100
|
|upkeep
|turn|60
|
|t:|1625499661
|move|p1a: Tornadus|U-turn|p2a: 2 soon
|-damage|p2a: 2 soon|80/100
|
|t:|1625499663
|switch|p1a: Ferrothorn|Ferrothorn, M|89/100|[from]move: U-turn
|move|p2a: 2 soon|Stealth Rock|p1a: Ferrothorn
|-sidestart|p1: LT81YL John|move: Stealth Rock
|
|-heal|p1a: Ferrothorn|95/100|[from] item: Leftovers
|upkeep
|turn|61
|l| LT81YL Manolo
|
|t:|1625499669
|move|p2a: 2 soon|Earthquake|p1a: Ferrothorn
|-damage|p1a: Ferrothorn|69/100
|move|p1a: Ferrothorn|Spikes|p2a: 2 soon
|-sidestart|p2: BestixL|Spikes
|
|-heal|p1a: Ferrothorn|75/100|[from] item: Leftovers
|upkeep
|turn|62
|
|t:|1625499672
|move|p2a: 2 soon|Earthquake|p1a: Ferrothorn
|-damage|p1a: Ferrothorn|48/100
|move|p1a: Ferrothorn|Leech Seed|p2a: 2 soon
|-start|p2a: 2 soon|move: Leech Seed
|
|-heal|p1a: Ferrothorn|54/100|[from] item: Leftovers
|-damage|p2a: 2 soon|68/100|[from] Leech Seed|[of] p1a: Ferrothorn
|-heal|p1a: Ferrothorn|69/100|[silent]
|upkeep
|turn|63
|
|t:|1625499680
|move|p2a: 2 soon|Slack Off|p2a: 2 soon
|-heal|p2a: 2 soon|100/100
|move|p1a: Ferrothorn|Spikes|p2a: 2 soon
|-sidestart|p2: BestixL|Spikes
|
|-heal|p1a: Ferrothorn|75/100|[from] item: Leftovers
|-damage|p2a: 2 soon|88/100|[from] Leech Seed|[of] p1a: Ferrothorn
|-heal|p1a: Ferrothorn|90/100|[silent]
|upkeep
|turn|64
|
|t:|1625499687
|switch|p2a: the reaper|Skarmory, F|88/100
|switch|p1a: Slowbro|Slowbro, M|100/100 tox
|-damage|p1a: Slowbro|88/100 tox|[from] Stealth Rock
|
|-damage|p1a: Slowbro|82/100 tox|[from] psn
|upkeep
|turn|65
|j| Toxabelle
|
|t:|1625499696
|switch|p2a: Itsuki|Reuniclus, F|100/100 par
|move|p1a: Slowbro|Scald|p2a: Itsuki
|-damage|p2a: Itsuki|82/100 par
|
|-damage|p1a: Slowbro|70/100 tox|[from] psn
|upkeep
|turn|66
|j| LT81YL Manolo
|
|t:|1625499704
|switch|p1a: Ferrothorn|Ferrothorn, M|90/100
|-damage|p1a: Ferrothorn|84/100|[from] Stealth Rock
|move|p2a: Itsuki|Recover|p2a: Itsuki
|-heal|p2a: Itsuki|100/100 par
|
|-heal|p1a: Ferrothorn|90/100|[from] item: Leftovers
|upkeep
|turn|67
|
|t:|1625499711
|switch|p2a: the reaper|Skarmory, F|88/100
|move|p1a: Ferrothorn|Knock Off|p2a: the reaper
|-damage|p2a: the reaper|80/100
|
|-heal|p1a: Ferrothorn|96/100|[from] item: Leftovers
|upkeep
|turn|68
|j| Skyrio
|
|t:|1625499717
|switch|p1a: Tornadus|Tornadus-Therian, M|100/100
|move|p2a: the reaper|Spikes|p1a: Tornadus
|-sidestart|p1: LT81YL John|Spikes
|
|upkeep
|turn|69
|j| aufken
|
|t:|1625499724
|switch|p2a: 2 soon|Hippowdon, M|88/100
|-damage|p2a: 2 soon|72/100|[from] Spikes
|-weather|Sandstorm|[from] ability: Sand Stream|[of] p2a: 2 soon
|move|p1a: Tornadus|Defog|p2a: 2 soon
|-unboost|p2a: 2 soon|evasion|1
|-sideend|p2: BestixL|Spikes|[from] move: Defog|[of] p1a: Tornadus
|-sideend|p1: LT81YL John|Spikes|[from] move: Defog|[of] p1a: Tornadus
|-sideend|p1: LT81YL John|Stealth Rock|[from] move: Defog|[of] p1a: Tornadus
|
|-weather|Sandstorm|[upkeep]
|-damage|p1a: Tornadus|94/100|[from] Sandstorm
|upkeep
|turn|70
|
|t:|1625499731
|move|p1a: Tornadus|U-turn|p2a: 2 soon
|-damage|p2a: 2 soon|61/100
|l| lT81yL Jack
|
|t:|1625499733
|switch|p1a: Clefable|Clefable, F|100/100 tox|[from]move: U-turn
|move|p2a: 2 soon|Toxic|p1a: Clefable
|-fail|p1a: Clefable|tox
|
|-weather|Sandstorm|[upkeep]
|upkeep
|turn|71
|
|t:|1625499738
|switch|p2a: Itsuki|Reuniclus, F|100/100 par
|move|p1a: Clefable|Moonblast|p2a: Itsuki
|-damage|p2a: Itsuki|75/100 par
|-unboost|p2a: Itsuki|spa|1
|
|-weather|Sandstorm|[upkeep]
|upkeep
|turn|72
|l| Meister Bator
|
|t:|1625499742
|switch|p1a: Ferrothorn|Ferrothorn, M|96/100
|move|p2a: Itsuki|Recover|p2a: Itsuki
|-heal|p2a: Itsuki|100/100 par
|
|-weather|Sandstorm|[upkeep]
|-heal|p1a: Ferrothorn|100/100|[from] item: Leftovers
|upkeep
|turn|73
|
|t:|1625499747
|switch|p2a: 2 soon|Hippowdon, M|61/100
|move|p1a: Ferrothorn|Spikes|p2a: 2 soon
|-sidestart|p2: BestixL|Spikes
|
|-weather|none
|upkeep
|turn|74
|
|t:|1625499753
|switch|p1a: Landorus|Landorus-Therian, M|71/100
|-ability|p1a: Landorus|Intimidate|boost
|-unboost|p2a: 2 soon|atk|1
|move|p2a: 2 soon|Stealth Rock|p1a: Landorus
|-sidestart|p1: LT81YL John|move: Stealth Rock
|
|-heal|p1a: Landorus|77/100|[from] item: Leftovers
|upkeep
|turn|75
|
|t:|1625499757
|move|p1a: Landorus|Stealth Rock|p2a: 2 soon
|-sidestart|p2: BestixL|move: Stealth Rock
|move|p2a: 2 soon|Slack Off|p2a: 2 soon
|-heal|p2a: 2 soon|100/100
|
|-heal|p1a: Landorus|83/100|[from] item: Leftovers
|upkeep
|turn|76
|
|t:|1625499762
|move|p1a: Landorus|U-turn|p2a: 2 soon
|-damage|p2a: 2 soon|85/100
|j| Meister Bator
|
|t:|1625499767
|switch|p1a: Slowbro|Slowbro, M|100/100 tox|[from]move: U-turn
|-damage|p1a: Slowbro|88/100 tox|[from] Stealth Rock
|move|p2a: 2 soon|Earthquake|p1a: Slowbro
|-crit|p1a: Slowbro
|-damage|p1a: Slowbro|57/100 tox
|
|-damage|p1a: Slowbro|51/100 tox|[from] psn
|upkeep
|turn|77
|
|t:|1625499773
|switch|p2a: wockstar|Tapu Koko|81/100
|-fieldstart|move: Electric Terrain|[from] ability: Electric Surge|[of] p2a: wockstar
|move|p1a: Slowbro|Teleport|p1a: Slowbro
|
|t:|1625499779
|switch|p1a: Ferrothorn|Ferrothorn, M|100/100|[from]move: Teleport
|-damage|p1a: Ferrothorn|95/100|[from] Stealth Rock
|
|-heal|p1a: Ferrothorn|100/100|[from] item: Leftovers
|upkeep
|turn|78
|
|t:|1625499785
|switch|p2a: the reaper|Skarmory, F|80/100
|-damage|p2a: the reaper|68/100|[from] Stealth Rock
|move|p1a: Ferrothorn|Spikes|p2a: the reaper
|-sidestart|p2: BestixL|Spikes
|
|upkeep
|turn|79
|
|t:|1625499787
|switch|p1a: Clefable|Clefable, F|100/100 tox
|move|p2a: the reaper|Spikes|p1a: Clefable
|-sidestart|p1: LT81YL John|Spikes
|
|upkeep
|turn|80
|
|t:|1625499796
|switch|p2a: Itsuki|Reuniclus, F|100/100 par
|move|p1a: Clefable|Moonblast|p2a: Itsuki
|-crit|p2a: Itsuki
|-damage|p2a: Itsuki|59/100 par
|
|upkeep
|turn|81
|
|t:|1625499805
|switch|p1a: Ferrothorn|Ferrothorn, M|100/100
|-damage|p1a: Ferrothorn|95/100|[from] Stealth Rock
|-damage|p1a: Ferrothorn|82/100|[from] Spikes
|move|p2a: Itsuki|Recover|p2a: Itsuki
|-heal|p2a: Itsuki|100/100 par
|
|-heal|p1a: Ferrothorn|88/100|[from] item: Leftovers
|-fieldend|move: Electric Terrain
|upkeep
|turn|82
|j| LT81YL pj
|j|+16bit
|
|t:|1625499821
|switch|p2a: 2 soon|Hippowdon, M|85/100
|-damage|p2a: 2 soon|68/100|[from] Spikes
|-damage|p2a: 2 soon|62/100|[from] Stealth Rock
|-weather|Sandstorm|[from] ability: Sand Stream|[of] p2a: 2 soon
|move|p1a: Ferrothorn|Knock Off|p2a: 2 soon
|-damage|p2a: 2 soon|51/100
|
|-weather|Sandstorm|[upkeep]
|-heal|p1a: Ferrothorn|94/100|[from] item: Leftovers
|upkeep
|turn|83
|
|t:|1625499830
|move|p2a: 2 soon|Slack Off|p2a: 2 soon
|-heal|p2a: 2 soon|100/100
|move|p1a: Ferrothorn|Iron Head|p2a: 2 soon
|-damage|p2a: 2 soon|82/100
|
|-weather|Sandstorm|[upkeep]
|-heal|p1a: Ferrothorn|99/100|[from] item: Leftovers
|upkeep
|turn|84
|l| LT81YL Manolo
|j| LT81YL stareal
|
|t:|1625499839
|move|p2a: 2 soon|Earthquake|p1a: Ferrothorn
|-damage|p1a: Ferrothorn|73/100
|move|p1a: Ferrothorn|Leech Seed|p2a: 2 soon
|-start|p2a: 2 soon|move: Leech Seed
|
|-weather|Sandstorm|[upkeep]
|-heal|p1a: Ferrothorn|79/100|[from] item: Leftovers
|-damage|p2a: 2 soon|69/100|[from] Leech Seed|[of] p1a: Ferrothorn
|-heal|p1a: Ferrothorn|94/100|[silent]
|upkeep
|turn|85
|
|t:|1625499844
|switch|p1a: Tornadus|Tornadus-Therian, M|100/100
|move|p2a: 2 soon|Slack Off|p2a: 2 soon
|-heal|p2a: 2 soon|100/100
|
|-weather|Sandstorm|[upkeep]
|-damage|p1a: Tornadus|94/100|[from] Sandstorm
|-damage|p2a: 2 soon|88/100|[from] Leech Seed|[of] p1a: Tornadus
|-heal|p1a: Tornadus|100/100|[silent]
|upkeep
|turn|86
|l| LT81YL LE FLEXMAN
|l| LT81YL Dasmer
|j| LT81YL LE FLEXMAN
|
|t:|1625499869
|move|p1a: Tornadus|Knock Off|p2a: 2 soon
|-damage|p2a: 2 soon|78/100
|move|p2a: 2 soon|Slack Off|p2a: 2 soon
|-heal|p2a: 2 soon|100/100
|
|-weather|none
|-damage|p2a: 2 soon|88/100|[from] Leech Seed|[of] p1a: Tornadus
|upkeep
|turn|87
|
|t:|1625499876
|move|p1a: Tornadus|U-turn|p2a: 2 soon
|-damage|p2a: 2 soon|79/100
|l| LT81YL hf
|
|t:|1625499878
|switch|p1a: Clefable|Clefable, F|100/100 tox|[from]move: U-turn
|move|p2a: 2 soon|Slack Off|p2a: 2 soon
|-heal|p2a: 2 soon|100/100
|
|-damage|p2a: 2 soon|88/100|[from] Leech Seed|[of] p1a: Clefable
|upkeep
|turn|88
|
|t:|1625499884
|switch|p1a: Landorus|Landorus-Therian, M|83/100
|-damage|p1a: Landorus|71/100|[from] Stealth Rock
|-ability|p1a: Landorus|Intimidate|boost
|-unboost|p2a: 2 soon|atk|1
|switch|p2a: Itsuki|Reuniclus, F|100/100 par
|
|-heal|p1a: Landorus|77/100|[from] item: Leftovers
|upkeep
|turn|89
|
|t:|1625499889
|switch|p2a: Yotsuba|Buzzwole|100/100
|move|p1a: Landorus|Knock Off|p2a: Yotsuba
|-resisted|p2a: Yotsuba
|-damage|p2a: Yotsuba|91/100
|-enditem|p2a: Yotsuba|Heavy-Duty Boots|[from] move: Knock Off|[of] p1a: Landorus
|
|-heal|p1a: Landorus|83/100|[from] item: Leftovers
|upkeep
|turn|90
|l| MelcShake
|
|t:|1625499898
|switch|p2a: wockstar|Tapu Koko|81/100
|-fieldstart|move: Electric Terrain|[from] ability: Electric Surge|[of] p2a: wockstar
|switch|p1a: Clefable|Clefable, F|100/100 tox
|
|upkeep
|turn|91
|j| catnblow
|
|t:|1625499902
|move|p2a: wockstar|U-turn|p1a: Clefable
|-resisted|p1a: Clefable
|-damage|p1a: Clefable|93/100 tox
|
|t:|1625499905
|switch|p2a: Itsuki|Reuniclus, F|100/100 par|[from]move: U-turn
|move|p1a: Clefable|Moonblast|p2a: Itsuki
|-damage|p2a: Itsuki|74/100 par
|
|upkeep
|turn|92
|l| LT81YL crying
|
|t:|1625499911
|switch|p1a: Landorus|Landorus-Therian, M|83/100
|-damage|p1a: Landorus|71/100|[from] Stealth Rock
|-ability|p1a: Landorus|Intimidate|boost
|-unboost|p2a: Itsuki|atk|1
|move|p2a: Itsuki|Recover|p2a: Itsuki
|-heal|p2a: Itsuki|100/100 par
|
|-heal|p1a: Landorus|77/100|[from] item: Leftovers
|upkeep
|turn|93
|
|t:|1625499920
|switch|p2a: Yotsuba|Buzzwole|91/100
|-damage|p2a: Yotsuba|74/100|[from] Spikes
|-damage|p2a: Yotsuba|62/100|[from] Stealth Rock
|move|p1a: Landorus|U-turn|p2a: Yotsuba
|-resisted|p2a: Yotsuba
|-damage|p2a: Yotsuba|55/100
|j| LT81YL crying
|
|t:|1625499923
|switch|p1a: Tornadus|Tornadus-Therian, M|100/100|[from]move: U-turn
|
|upkeep
|turn|94
|
|t:|1625499929
|switch|p2a: 2 soon|Hippowdon, M|88/100
|-damage|p2a: 2 soon|72/100|[from] Spikes
|-damage|p2a: 2 soon|65/100|[from] Stealth Rock
|-weather|Sandstorm|[from] ability: Sand Stream|[of] p2a: 2 soon
|move|p1a: Tornadus|Heat Wave|p2a: 2 soon
|-damage|p2a: 2 soon|49/100
|
|-weather|Sandstorm|[upkeep]
|-damage|p1a: Tornadus|94/100|[from] Sandstorm
|-fieldend|move: Electric Terrain
|upkeep
|turn|95
|
|t:|1625499935
|move|p1a: Tornadus|U-turn|p2a: 2 soon
|-damage|p2a: 2 soon|38/100
|
|t:|1625499940
|switch|p1a: Clefable|Clefable, F|93/100 tox|[from]move: U-turn
|move|p2a: 2 soon|Slack Off|p2a: 2 soon
|-heal|p2a: 2 soon|89/100
|
|-weather|Sandstorm|[upkeep]
|upkeep
|turn|96
|l| Double Down Expert
|
|t:|1625499950
|switch|p1a: Tornadus|Tornadus-Therian, M|100/100
|move|p2a: 2 soon|Earthquake|p1a: Tornadus
|-immune|p1a: Tornadus
|
|-weather|Sandstorm|[upkeep]
|-damage|p1a: Tornadus|94/100|[from] Sandstorm
|upkeep
|turn|97
|
|t:|1625499954
|move|p1a: Tornadus|U-turn|p2a: 2 soon
|-damage|p2a: 2 soon|78/100
|
|t:|1625499957
|switch|p1a: Clefable|Clefable, F|93/100 tox|[from]move: U-turn
|move|p2a: 2 soon|Earthquake|p1a: Clefable
|-damage|p1a: Clefable|61/100 tox
|
|-weather|Sandstorm|[upkeep]
|upkeep
|turn|98
|
|t:|1625499966
|move|p1a: Clefable|Soft-Boiled|p1a: Clefable
|-heal|p1a: Clefable|100/100 tox
|move|p2a: 2 soon|Earthquake|p1a: Clefable
|-damage|p1a: Clefable|66/100 tox
|
|-weather|none
|upkeep
|turn|99
|l| Meister Bator
|
|t:|1625499971
|switch|p1a: Tornadus|Tornadus-Therian, M|100/100
|move|p2a: 2 soon|Earthquake|p1a: Tornadus
|-immune|p1a: Tornadus
|
|upkeep
|turn|100
|l| pradhaaan yt
|
|t:|1625499980
|move|p1a: Tornadus|U-turn|p2a: 2 soon
|-damage|p2a: 2 soon|68/100
|
|t:|1625499982
|switch|p1a: Clefable|Clefable, F|66/100 tox|[from]move: U-turn
|move|p2a: 2 soon|Earthquake|p1a: Clefable
|-damage|p1a: Clefable|35/100 tox
|
|upkeep
|turn|101
|
|t:|1625499987
|move|p1a: Clefable|Soft-Boiled|p1a: Clefable
|-heal|p1a: Clefable|85/100 tox
|move|p2a: 2 soon|Earthquake|p1a: Clefable
|-damage|p1a: Clefable|50/100 tox
|
|upkeep
|turn|102
|
|t:|1625499989
|move|p1a: Clefable|Soft-Boiled|p1a: Clefable
|-heal|p1a: Clefable|100/100 tox
|move|p2a: 2 soon|Earthquake|p1a: Clefable
|-damage|p1a: Clefable|65/100 tox
|
|upkeep
|turn|103
|
|t:|1625499995
|move|p1a: Clefable|Calm Mind|p1a: Clefable
|-boost|p1a: Clefable|spa|1
|-boost|p1a: Clefable|spd|1
|move|p2a: 2 soon|Slack Off|p2a: 2 soon
|-heal|p2a: 2 soon|100/100
|
|upkeep
|turn|104
|
|t:|1625499999
|switch|p2a: Itsuki|Reuniclus, F|100/100 par
|move|p1a: Clefable|Moonblast|p2a: Itsuki
|-damage|p2a: Itsuki|62/100 par
|
|upkeep
|turn|105
|
|t:|1625500001
|move|p1a: Clefable|Moonblast|p2a: Itsuki
|-damage|p2a: Itsuki|19/100 par
|-unboost|p2a: Itsuki|spa|1
|cant|p2a: Itsuki|par
|
|upkeep
|turn|106
|
|t:|1625500006
|move|p1a: Clefable|Moonblast|p2a: Itsuki
|-damage|p2a: Itsuki|0 fnt
|faint|p2a: Itsuki
|
|upkeep
|
|t:|1625500008
|switch|p2a: wockstar|Tapu Koko|81/100
|-fieldstart|move: Electric Terrain|[from] ability: Electric Surge|[of] p2a: wockstar
|turn|107
|
|t:|1625500010
|move|p2a: wockstar|Thunderbolt|p1a: Clefable
|-damage|p1a: Clefable|38/100 tox
|move|p1a: Clefable|Moonblast|p2a: wockstar
|-damage|p2a: wockstar|0 fnt
|faint|p2a: wockstar
|
|upkeep
|
|t:|1625500016
|switch|p2a: Yotsuba|Buzzwole|55/100
|-damage|p2a: Yotsuba|43/100|[from] Stealth Rock
|-damage|p2a: Yotsuba|26/100|[from] Spikes
|turn|108
|
|t:|1625500026
|switch|p1a: Tornadus|Tornadus-Therian, M|100/100
|move|p2a: Yotsuba|Thunder Punch|p1a: Tornadus
|-supereffective|p1a: Tornadus
|-damage|p1a: Tornadus|35/100
|
|upkeep
|turn|109
|
|t:|1625500031
|move|p1a: Tornadus|Heat Wave|p2a: Yotsuba
|-supereffective|p2a: Yotsuba
|-damage|p2a: Yotsuba|0 fnt
|faint|p2a: Yotsuba
|
|upkeep
|-message|BestixL forfeited.
|
|win|LT81YL John
|raw|LT81YL John's rating: 1973 &rarr; <strong>1994</strong><br />(+21 for winning)
|raw|BestixL's rating: 1994 &rarr; <strong>1973</strong><br />(-21 for losing)
|l| ian_yo
|l|☆BestixL
|l| uhknbhkhjkjh
|l| sexless
|l| LT81YL Tace
|l| Orion Blitzkrieg
|l| Toxabelle
|l| LT81YL POWER
|l| hailarctozolt
||Ladder isn't responding, score probably updated but might not have (Request timeout).
|l| lt81yl spooky
|l| LT81YL SW
|j| LT81YL Tace
|l| LT81YL Tace
|l| Maxthekapo
|l|+16bit
|l| catnblow
|j| Demon Claw
|l| Demon Claw
|l| serene cut
