|j|☆ripreckful
|j|☆G3n0YT
|inactive|Battle timer is ON: inactive players will automatically lose when time's up.
|t:|1653497213
|gametype|singles
|player|p1|ripreckful|hilbert|
|player|p2|G3n0YT|266|
|teamsize|p1|6
|teamsize|p2|6
|gen|8
|tier|[Gen 8] OU
|rated|Tournament battle
|rule|Sleep Clause Mod: Limit one foe put to sleep
|rule|OHKO Clause: OHKO moves are banned
|rule|Evasion Moves Clause: Evasion moves are banned
|rule|Endless Battle Clause: Forcing endless battles is banned
|rule|HP Percentage Mod: HP is shown in percentages
|rule|Dynamax Clause: You cannot dynamax
|clearpoke
|poke|p1|Melmetal|
|poke|p1|Melmetal|
|poke|p1|Melmetal|
|poke|p1|Melmetal|
|poke|p1|Melmetal|
|poke|p1|Melmetal|
|poke|p2|Melmetal|
|poke|p2|Melmetal|
|poke|p2|Melmetal|
|poke|p2|Melmetal|
|poke|p2|Melmetal|
|poke|p2|Melmetal|
|teampreview
|inactive|ripreckful also wants the timer to be on.
|inactive|G3n0YT also wants the timer to be on.
|c|☆G3n0YT|gl hf lol
|j|%htcl (>◡<)
|
|t:|1653497221
|start
|switch|p1a: Melmetal|Melmetal|100/100
|switch|p2a: Melmetal|Melmetal|100/100
|turn|1
|
|t:|1653497224
|move|p2a: Melmetal|Metronome|p2a: Melmetal
|move|p2a: Melmetal|Scorching Sands|p1a: Melmetal|[from]move: Metronome
|-supereffective|p1a: Melmetal
|-damage|p1a: Melmetal|79/100
|move|p1a: Melmetal|Metronome|p1a: Melmetal
|move|p1a: Melmetal|Double Kick|p2a: Melmetal|[from]move: Metronome
|-supereffective|p2a: Melmetal
|-damage|p2a: Melmetal|89/100
|-supereffective|p2a: Melmetal
|-damage|p2a: Melmetal|77/100
|-hitcount|p2a: Melmetal|2
|
|upkeep
|turn|2
|
|t:|1653497227
|move|p2a: Melmetal|Metronome|p2a: Melmetal
|move|p2a: Melmetal|Multi-Attack|p1a: Melmetal|[from]move: Metronome
|-resisted|p1a: Melmetal
|-damage|p1a: Melmetal|69/100
|move|p1a: Melmetal|Metronome|p1a: Melmetal
|move|p1a: Melmetal|Ice Fang|p2a: Melmetal|[from]move: Metronome
|-resisted|p2a: Melmetal
|-damage|p2a: Melmetal|71/100
|
|upkeep
|turn|3
|
|t:|1653497231
|move|p2a: Melmetal|Metronome|p2a: Melmetal
|move|p2a: Melmetal|Explosion|p1a: Melmetal|[from]move: Metronome
|-resisted|p1a: Melmetal
|-damage|p1a: Melmetal|46/100
|faint|p2a: Melmetal
|move|p1a: Melmetal|Metronome|p1a: Melmetal
|move|p1a: Melmetal|Leer|p2: Melmetal|[from]move: Metronome|[notarget]
|-fail|p1a: Melmetal
|
|upkeep
|c|☆ripreckful|lol
|c|☆G3n0YT|BRO
|
|t:|1653497237
|switch|p2a: Melmetal|Melmetal|100/100
|turn|4
|c|☆ripreckful|im da goat
|
|t:|1653497240
|move|p2a: Melmetal|Metronome|p2a: Melmetal
|move|p2a: Melmetal|Frenzy Plant|p1a: Melmetal|[from]move: Metronome
|-resisted|p1a: Melmetal
|-damage|p1a: Melmetal|35/100
|-mustrecharge|p2a: Melmetal
|move|p1a: Melmetal|Metronome|p1a: Melmetal
|move|p1a: Melmetal|Psycho Shift||[from]move: Metronome|[still]
|-fail|p1a: Melmetal
|
|upkeep
|turn|5
|
|t:|1653497243
|cant|p2a: Melmetal|recharge
|move|p1a: Melmetal|Metronome|p1a: Melmetal
|move|p1a: Melmetal|Heat Crash|p2a: Melmetal|[from]move: Metronome
|-supereffective|p2a: Melmetal
|-damage|p2a: Melmetal|85/100
|
|upkeep
|turn|6
|
|t:|1653497245
|move|p2a: Melmetal|Metronome|p2a: Melmetal
|move|p2a: Melmetal|Shell Side Arm|p1a: Melmetal|[from]move: Metronome|[anim] Shell Side Arm Physical
|-immune|p1a: Melmetal
|move|p1a: Melmetal|Metronome|p1a: Melmetal
|move|p1a: Melmetal|Ancient Power|p2a: Melmetal|[from]move: Metronome
|-resisted|p2a: Melmetal
|-damage|p2a: Melmetal|79/100
|
|upkeep
|turn|7
|
|t:|1653497248
|move|p2a: Melmetal|Metronome|p2a: Melmetal
|move|p2a: Melmetal|Kinesis|p1a: Melmetal|[from]move: Metronome|[miss]
|-miss|p2a: Melmetal|p1a: Melmetal
|move|p1a: Melmetal|Metronome|p1a: Melmetal
|move|p1a: Melmetal|Stun Spore|p2a: Melmetal|[from]move: Metronome
|-status|p2a: Melmetal|par
|
|upkeep
|turn|8
|
|t:|1653497250
|move|p1a: Melmetal|Metronome|p1a: Melmetal
|move|p1a: Melmetal|Aromatic Mist|null|[from]move: Metronome|[notarget]
|-fail|p1a: Melmetal
|move|p2a: Melmetal|Metronome|p2a: Melmetal
|move|p2a: Melmetal|Play Nice|p1a: Melmetal|[from]move: Metronome
|-unboost|p1a: Melmetal|atk|1
|
|upkeep
|turn|9
|
|t:|1653497252
|move|p1a: Melmetal|Metronome|p1a: Melmetal
|move|p1a: Melmetal|Power Split|p2a: Melmetal|[from]move: Metronome
|-activate|p1a: Melmetal|move: Power Split|[of] p2a: Melmetal
|cant|p2a: Melmetal|par
|
|upkeep
|turn|10
|
|t:|1653497255
|move|p1a: Melmetal|Metronome|p1a: Melmetal
|move|p1a: Melmetal|Razor Shell|p2a: Melmetal|[from]move: Metronome
|-damage|p2a: Melmetal|69/100 par
|-unboost|p2a: Melmetal|def|1
|move|p2a: Melmetal|Metronome|p2a: Melmetal
|move|p2a: Melmetal|Charge|p2a: Melmetal|[from]move: Metronome
|-boost|p2a: Melmetal|spd|1
|-activate|p2a: Melmetal|move: Charge
|
|upkeep
|turn|11
|
|t:|1653497258
|move|p1a: Melmetal|Metronome|p1a: Melmetal
|move|p1a: Melmetal|Ally Switch||[from]move: Metronome|[still]
|-fail|p1a: Melmetal
|cant|p2a: Melmetal|par
|
|upkeep
|turn|12
|c|☆ripreckful|ohko move right here
|
|t:|1653497271
|move|p1a: Melmetal|Metronome|p1a: Melmetal
|move|p1a: Melmetal|Thunder Wave|p2a: Melmetal|[from]move: Metronome
|-fail|p2a: Melmetal|par
|move|p2a: Melmetal|Metronome|p2a: Melmetal
|move|p2a: Melmetal|Ember|p1a: Melmetal|[from]move: Metronome
|-supereffective|p1a: Melmetal
|-damage|p1a: Melmetal|23/100
|
|upkeep
|turn|13
|
|t:|1653497278
|move|p1a: Melmetal|Metronome|p1a: Melmetal
|move|p1a: Melmetal|Shell Smash|p1a: Melmetal|[from]move: Metronome
|-unboost|p1a: Melmetal|def|1
|-unboost|p1a: Melmetal|spd|1
|-boost|p1a: Melmetal|atk|2
|-boost|p1a: Melmetal|spa|2
|-boost|p1a: Melmetal|spe|2
|move|p2a: Melmetal|Metronome|p2a: Melmetal
|move|p2a: Melmetal|Roar|p1a: Melmetal|[from]move: Metronome
|drag|p1a: Melmetal|Melmetal|100/100
|
|upkeep
|turn|14
|
|t:|1653497283
|move|p1a: Melmetal|Metronome|p1a: Melmetal
|move|p1a: Melmetal|Worry Seed|p2a: Melmetal|[from]move: Metronome
|-endability|p2a: Melmetal|Arena Trap|[from] move: Worry Seed
|-ability|p2a: Melmetal|Insomnia|[from] move: Worry Seed
|cant|p2a: Melmetal|par
|
|upkeep
|turn|15
|
|t:|1653497286
|move|p1a: Melmetal|Metronome|p1a: Melmetal
|move|p1a: Melmetal|Drain Punch|p2a: Melmetal|[from]move: Metronome
|-supereffective|p2a: Melmetal
|-damage|p2a: Melmetal|29/100 par
|move|p2a: Melmetal|Metronome|p2a: Melmetal
|move|p2a: Melmetal|Forest's Curse|p1a: Melmetal|[from]move: Metronome
|-start|p1a: Melmetal|typeadd|Grass|[from] move: Forest's Curse
|
|upkeep
|turn|16
|
|t:|1653497290
|move|p1a: Melmetal|Metronome|p1a: Melmetal
|move|p1a: Melmetal|Coaching|null|[from]move: Metronome|[notarget]
|-fail|p1a: Melmetal
|cant|p2a: Melmetal|par
|
|upkeep
|turn|17
|c|☆G3n0YT|BRO
|c|☆ripreckful|lmaooo
|c|☆ripreckful|im ferrothron now ur fucked
|
|t:|1653497301
|move|p1a: Melmetal|Metronome|p1a: Melmetal
|move|p1a: Melmetal|Hydro Pump|p2a: Melmetal|[from]move: Metronome|[miss]
|-miss|p1a: Melmetal|p2a: Melmetal
|move|p2a: Melmetal|Metronome|p2a: Melmetal
|move|p2a: Melmetal|High Horsepower|p1a: Melmetal|[from]move: Metronome
|-damage|p1a: Melmetal|83/100
|
|upkeep
|turn|18
|
|t:|1653497303
|move|p1a: Melmetal|Metronome|p1a: Melmetal
|move|p1a: Melmetal|Shift Gear|p1a: Melmetal|[from]move: Metronome
|-boost|p1a: Melmetal|spe|2
|-boost|p1a: Melmetal|atk|1
|cant|p2a: Melmetal|par
|
|upkeep
|turn|19
|
|t:|1653497306
|move|p1a: Melmetal|Metronome|p1a: Melmetal
|move|p1a: Melmetal|Sacred Sword|p2a: Melmetal|[from]move: Metronome
|-supereffective|p2a: Melmetal
|-damage|p2a: Melmetal|0 fnt
|faint|p2a: Melmetal
|
|upkeep
|c|☆G3n0YT|WTF
|
|t:|1653497314
|switch|p2a: Melmetal|Melmetal|100/100
|turn|20
|
|t:|1653497315
|move|p1a: Melmetal|Metronome|p1a: Melmetal
|move|p1a: Melmetal|Ingrain|p1a: Melmetal|[from]move: Metronome
|-start|p1a: Melmetal|move: Ingrain
|move|p2a: Melmetal|Metronome|p2a: Melmetal
|move|p2a: Melmetal|Revenge|p1a: Melmetal|[from]move: Metronome
|-supereffective|p1a: Melmetal
|-damage|p1a: Melmetal|61/100
|
|-heal|p1a: Melmetal|67/100|[from] Ingrain
|upkeep
|turn|21
|
|t:|1653497323
|move|p1a: Melmetal|Metronome|p1a: Melmetal
|move|p1a: Melmetal|Arm Thrust|p2a: Melmetal|[from]move: Metronome
|-supereffective|p2a: Melmetal
|-damage|p2a: Melmetal|91/100
|-supereffective|p2a: Melmetal
|-damage|p2a: Melmetal|83/100
|-hitcount|p2a: Melmetal|2
|move|p2a: Melmetal|Metronome|p2a: Melmetal
|move|p2a: Melmetal|Play Rough|p1a: Melmetal|[from]move: Metronome
|-resisted|p1a: Melmetal
|-damage|p1a: Melmetal|59/100
|
|-heal|p1a: Melmetal|65/100|[from] Ingrain
|upkeep
|turn|22
|
|t:|1653497327
|move|p1a: Melmetal|Metronome|p1a: Melmetal
|move|p1a: Melmetal|Round|p2a: Melmetal|[from]move: Metronome
|-resisted|p2a: Melmetal
|-damage|p2a: Melmetal|77/100
|move|p2a: Melmetal|Metronome|p2a: Melmetal
|move|p2a: Melmetal|Storm Throw|p1a: Melmetal|[from]move: Metronome
|-supereffective|p1a: Melmetal
|-crit|p1a: Melmetal
|-damage|p1a: Melmetal|32/100
|
|-heal|p1a: Melmetal|38/100|[from] Ingrain
|upkeep
|turn|23
|
|t:|1653497330
|move|p1a: Melmetal|Metronome|p1a: Melmetal
|move|p1a: Melmetal|Aqua Jet|p2a: Melmetal|[from]move: Metronome
|-damage|p2a: Melmetal|66/100
|move|p2a: Melmetal|Metronome|p2a: Melmetal
|move|p2a: Melmetal|Body Slam|p1a: Melmetal|[from]move: Metronome
|-resisted|p1a: Melmetal
|-damage|p1a: Melmetal|30/100
|
|-heal|p1a: Melmetal|36/100|[from] Ingrain
|upkeep
|turn|24
|
|t:|1653497333
|move|p1a: Melmetal|Metronome|p1a: Melmetal
|move|p1a: Melmetal|Corrosive Gas|p2a: Melmetal|[from]move: Metronome
|-enditem|p2a: Melmetal|Leppa Berry|[from] move: Corrosive Gas|[of] p1a: Melmetal
|move|p2a: Melmetal|Metronome|p2a: Melmetal
|move|p2a: Melmetal|Body Slam|p1a: Melmetal|[from]move: Metronome
|-resisted|p1a: Melmetal
|-damage|p1a: Melmetal|29/100
|
|-heal|p1a: Melmetal|35/100|[from] Ingrain
|upkeep
|turn|25
|
|t:|1653497336
|move|p1a: Melmetal|Metronome|p1a: Melmetal
|move|p1a: Melmetal|Recover|p1a: Melmetal|[from]move: Metronome
|-heal|p1a: Melmetal|85/100
|move|p2a: Melmetal|Metronome|p2a: Melmetal
|move|p2a: Melmetal|Shadow Ball|p1a: Melmetal|[from]move: Metronome
|-damage|p1a: Melmetal|73/100
|
|-heal|p1a: Melmetal|80/100|[from] Ingrain
|upkeep
|turn|26
|
|t:|1653497342
|move|p1a: Melmetal|Metronome|p1a: Melmetal
|move|p1a: Melmetal|Zap Cannon|p2a: Melmetal|[from]move: Metronome
|-damage|p2a: Melmetal|45/100
|-status|p2a: Melmetal|par
|cant|p2a: Melmetal|par
|
|-heal|p1a: Melmetal|86/100|[from] Ingrain
|upkeep
|turn|27
|c|☆G3n0YT|BRUH
|
|t:|1653497345
|move|p1a: Melmetal|Metronome|p1a: Melmetal
|move|p1a: Melmetal|Moonblast|p2a: Melmetal|[from]move: Metronome
|-resisted|p2a: Melmetal
|-damage|p2a: Melmetal|36/100 par
|cant|p2a: Melmetal|par
|
|-heal|p1a: Melmetal|92/100|[from] Ingrain
|upkeep
|turn|28
|
|t:|1653497349
|move|p1a: Melmetal|Metronome|p1a: Melmetal
|move|p1a: Melmetal|Sweet Scent|p2a: Melmetal|[from]move: Metronome
|-unboost|p2a: Melmetal|evasion|2
|move|p2a: Melmetal|Metronome|p2a: Melmetal
|move|p2a: Melmetal|Astonish|p1a: Melmetal|[from]move: Metronome
|-damage|p1a: Melmetal|86/100
|
|-heal|p1a: Melmetal|92/100|[from] Ingrain
|upkeep
|turn|29
|
|t:|1653497352
|move|p1a: Melmetal|Metronome|p1a: Melmetal
|move|p1a: Melmetal|Grass Knot|p2a: Melmetal|[from]move: Metronome
|-resisted|p2a: Melmetal
|-damage|p2a: Melmetal|19/100 par
|-enditem|p1a: Melmetal|Leppa Berry|[eat]
|-activate|p1a: Melmetal|item: Leppa Berry|Metronome|[consumed]
|cant|p2a: Melmetal|par
|
|-heal|p1a: Melmetal|98/100|[from] Ingrain
|upkeep
|turn|30
|
|t:|1653497356
|move|p1a: Melmetal|Metronome|p1a: Melmetal
|move|p1a: Melmetal|Tailwind|p1a: Melmetal|[from]move: Metronome
|-sidestart|p1: ripreckful|move: Tailwind
|cant|p2a: Melmetal|par
|
|-heal|p1a: Melmetal|100/100|[from] Ingrain
|upkeep
|turn|31
|
|t:|1653497359
|move|p1a: Melmetal|Metronome|p1a: Melmetal
|move|p1a: Melmetal|Scale Shot|p2a: Melmetal|[from]move: Metronome
|-resisted|p2a: Melmetal
|-damage|p2a: Melmetal|15/100 par
|-resisted|p2a: Melmetal
|-damage|p2a: Melmetal|12/100 par
|-hitcount|p2a: Melmetal|2
|-unboost|p1a: Melmetal|def|1
|-boost|p1a: Melmetal|spe|1
|cant|p2a: Melmetal|par
|
|upkeep
|turn|32
|c|☆ripreckful|back to full
|
|t:|1653497362
|move|p1a: Melmetal|Metronome|p1a: Melmetal
|move|p1a: Melmetal|Liquidation|p2a: Melmetal|[from]move: Metronome
|-damage|p2a: Melmetal|0 fnt
|faint|p2a: Melmetal
|
|upkeep
|
|t:|1653497372
|switch|p2a: Melmetal|Melmetal|100/100
|turn|33
|
|t:|1653497375
|move|p1a: Melmetal|Metronome|p1a: Melmetal
|move|p1a: Melmetal|Fire Spin|p2a: Melmetal|[from]move: Metronome
|-supereffective|p2a: Melmetal
|-damage|p2a: Melmetal|87/100
|-activate|p2a: Melmetal|move: Fire Spin|[of] p1a: Melmetal
|move|p2a: Melmetal|Metronome|p2a: Melmetal
|move|p2a: Melmetal|Searing Shot|p1a: Melmetal|[from]move: Metronome
|-supereffective|p1a: Melmetal
|-damage|p1a: Melmetal|40/100
|-status|p1a: Melmetal|brn
|
|-heal|p1a: Melmetal|46/100 brn|[from] Ingrain
|-damage|p1a: Melmetal|40/100 brn|[from] brn
|-damage|p2a: Melmetal|74/100|[from] move: Fire Spin|[partiallytrapped]
|-sideend|p1: ripreckful|move: Tailwind
|upkeep
|turn|34
|
|t:|1653497378
|move|p1a: Melmetal|Metronome|p1a: Melmetal
|move|p1a: Melmetal|Skill Swap|p2a: Melmetal|[from]move: Metronome
|-activate|p1a: Melmetal|move: Skill Swap|Arena Trap|Arena Trap|[of] p2a: Melmetal
|move|p2a: Melmetal|Metronome|p2a: Melmetal
|move|p2a: Melmetal|Surf|p1a: Melmetal|[from]move: Metronome
|-resisted|p1a: Melmetal
|-damage|p1a: Melmetal|32/100 brn
|
|-heal|p1a: Melmetal|38/100 brn|[from] Ingrain
|-damage|p1a: Melmetal|32/100 brn|[from] brn
|-damage|p2a: Melmetal|62/100|[from] move: Fire Spin|[partiallytrapped]
|upkeep
|turn|35
|
|t:|1653497384
|move|p1a: Melmetal|Metronome|p1a: Melmetal
|move|p1a: Melmetal|Grassy Glide|p2a: Melmetal|[from]move: Metronome
|-resisted|p2a: Melmetal
|-damage|p2a: Melmetal|54/100
|move|p2a: Melmetal|Metronome|p2a: Melmetal
|move|p2a: Melmetal|Power Gem|p1a: Melmetal|[from]move: Metronome
|-resisted|p1a: Melmetal
|-damage|p1a: Melmetal|26/100 brn
|
|-heal|p1a: Melmetal|32/100 brn|[from] Ingrain
|-damage|p1a: Melmetal|26/100 brn|[from] brn
|-damage|p2a: Melmetal|41/100|[from] move: Fire Spin|[partiallytrapped]
|upkeep
|turn|36
|c|☆G3n0YT|tf
|
|t:|1653497387
|move|p1a: Melmetal|Metronome|p1a: Melmetal
|move|p1a: Melmetal|Teatime|p1a: Melmetal|[from]move: Metronome
|-enditem|p2a: Melmetal|Leppa Berry|[eat]
|-activate|p2a: Melmetal|item: Leppa Berry|Metronome|[consumed]
|move|p2a: Melmetal|Metronome|p2a: Melmetal
|move|p2a: Melmetal|Smack Down|p1a: Melmetal|[from]move: Metronome
|-resisted|p1a: Melmetal
|-damage|p1a: Melmetal|19/100 brn
|
|-heal|p1a: Melmetal|25/100 brn|[from] Ingrain
|-damage|p1a: Melmetal|19/100 brn|[from] brn
|-damage|p2a: Melmetal|29/100|[from] move: Fire Spin|[partiallytrapped]
|upkeep
|turn|37
|
|t:|1653497390
|move|p1a: Melmetal|Metronome|p1a: Melmetal
|move|p1a: Melmetal|Double Hit|p2a: Melmetal|[from]move: Metronome
|-resisted|p2a: Melmetal
|-damage|p2a: Melmetal|26/100
|-resisted|p2a: Melmetal
|-damage|p2a: Melmetal|24/100
|-hitcount|p2a: Melmetal|2
|move|p2a: Melmetal|Metronome|p2a: Melmetal
|move|p2a: Melmetal|Mega Drain|p1a: Melmetal|[from]move: Metronome
|-resisted|p1a: Melmetal
|-damage|p1a: Melmetal|17/100 brn
|-heal|p2a: Melmetal|25/100|[from] drain|[of] p1a: Melmetal
|
|-heal|p1a: Melmetal|23/100 brn|[from] Ingrain
|-damage|p1a: Melmetal|17/100 brn|[from] brn
|-damage|p2a: Melmetal|13/100|[from] move: Fire Spin|[partiallytrapped]
|upkeep
|turn|38
|
|t:|1653497394
|move|p1a: Melmetal|Metronome|p1a: Melmetal
|move|p1a: Melmetal|Metal Claw|p2a: Melmetal|[from]move: Metronome
|-resisted|p2a: Melmetal
|-damage|p2a: Melmetal|7/100
|move|p2a: Melmetal|Metronome|p2a: Melmetal
|move|p2a: Melmetal|Harden|p2a: Melmetal|[from]move: Metronome
|-boost|p2a: Melmetal|def|1
|
|-heal|p1a: Melmetal|23/100 brn|[from] Ingrain
|-damage|p1a: Melmetal|17/100 brn|[from] brn
|-end|p2a: Melmetal|Fire Spin|[partiallytrapped]
|upkeep
|turn|39
|
|t:|1653497397
|move|p1a: Melmetal|Metronome|p1a: Melmetal
|move|p1a: Melmetal|Leech Life|p2a: Melmetal|[from]move: Metronome
|-resisted|p2a: Melmetal
|-crit|p2a: Melmetal
|-damage|p2a: Melmetal|0 fnt
|-heal|p1a: Melmetal|20/100 brn|[from] drain|[of] p2a: Melmetal
|faint|p2a: Melmetal
|
|-heal|p1a: Melmetal|26/100 brn|[from] Ingrain
|-damage|p1a: Melmetal|20/100 brn|[from] brn
|upkeep
|
|t:|1653497400
|switch|p2a: Melmetal|Melmetal|100/100
|turn|40
|
|t:|1653497404
|-activate|p1a: Melmetal|move: Struggle
|move|p1a: Melmetal|Struggle|p2a: Melmetal
|-damage|p2a: Melmetal|94/100
|-damage|p1a: Melmetal|0 fnt|[from] recoil
|faint|p1a: Melmetal
|move|p2a: Melmetal|Metronome|p2a: Melmetal
|move|p2a: Melmetal|Slam|p1: Melmetal|[from]move: Metronome|[notarget]
|-fail|p2a: Melmetal
|
|upkeep
|c|☆G3n0YT|oh my god
|
|t:|1653497411
|switch|p1a: Melmetal|Melmetal|23/100
|turn|41
|
|t:|1653497412
|move|p2a: Melmetal|Metronome|p2a: Melmetal
|move|p2a: Melmetal|Fire Lash|p1a: Melmetal|[from]move: Metronome
|-supereffective|p1a: Melmetal
|-damage|p1a: Melmetal|0 fnt
|faint|p1a: Melmetal
|
|upkeep
|
|t:|1653497416
|switch|p1a: Melmetal|Melmetal|100/100
|turn|42
|
|t:|1653497418
|move|p2a: Melmetal|Metronome|p2a: Melmetal
|move|p2a: Melmetal|Lock-On|p1a: Melmetal|[from]move: Metronome
|-activate|p2a: Melmetal|move: Lock-On|[of] p1a: Melmetal
|move|p1a: Melmetal|Metronome|p1a: Melmetal
|move|p1a: Melmetal|Freeze-Dry|p2a: Melmetal|[from]move: Metronome
|-resisted|p2a: Melmetal
|-damage|p2a: Melmetal|88/100
|
|upkeep
|turn|43
|c|☆ripreckful|the come back?
|
|t:|1653497423
|move|p2a: Melmetal|Metronome|p2a: Melmetal
|move|p2a: Melmetal|Recover|p2a: Melmetal|[from]move: Metronome
|-heal|p2a: Melmetal|100/100
|move|p1a: Melmetal|Metronome|p1a: Melmetal
|move|p1a: Melmetal|Defend Order|p1a: Melmetal|[from]move: Metronome
|-boost|p1a: Melmetal|def|1
|-boost|p1a: Melmetal|spd|1
|
|upkeep
|turn|44
|
|t:|1653497426
|move|p2a: Melmetal|Metronome|p2a: Melmetal
|move|p2a: Melmetal|Yawn|p1a: Melmetal|[from]move: Metronome
|-start|p1a: Melmetal|move: Yawn|[of] p2a: Melmetal
|move|p1a: Melmetal|Metronome|p1a: Melmetal
|move|p1a: Melmetal|Acupressure|p1a: Melmetal|[from]move: Metronome
|-boost|p1a: Melmetal|spa|2
|
|upkeep
|turn|45
|
|t:|1653497429
|move|p2a: Melmetal|Metronome|p2a: Melmetal
|move|p2a: Melmetal|Worry Seed|p1a: Melmetal|[from]move: Metronome
|-endability|p1a: Melmetal|Arena Trap|[from] move: Worry Seed
|-ability|p1a: Melmetal|Insomnia|[from] move: Worry Seed
|move|p1a: Melmetal|Metronome|p1a: Melmetal
|move|p1a: Melmetal|Tri Attack|p2a: Melmetal|[from]move: Metronome
|-resisted|p2a: Melmetal
|-damage|p2a: Melmetal|85/100
|
|-end|p1a: Melmetal|move: Yawn|[silent]
|upkeep
|turn|46
|c|☆G3n0YT|NO
|c|☆G3n0YT|NO
|c|☆G3n0YT|NO
|c|☆ripreckful|LMAOOOO
|
|t:|1653497444
|move|p2a: Melmetal|Metronome|p2a: Melmetal
|move|p2a: Melmetal|Dual Wingbeat|p1a: Melmetal|[from]move: Metronome
|-resisted|p1a: Melmetal
|-damage|p1a: Melmetal|98/100
|-resisted|p1a: Melmetal
|-damage|p1a: Melmetal|96/100
|-hitcount|p1a: Melmetal|2
|move|p1a: Melmetal|Metronome|p1a: Melmetal
|move|p1a: Melmetal|Bubble Beam|p2a: Melmetal|[from]move: Metronome
|-damage|p2a: Melmetal|62/100
|
|upkeep
|turn|47
|
|t:|1653497450
|move|p2a: Melmetal|Metronome|p2a: Melmetal
|move|p2a: Melmetal|Brutal Swing|p1a: Melmetal|[from]move: Metronome
|-damage|p1a: Melmetal|88/100
|move|p1a: Melmetal|Metronome|p1a: Melmetal
|move|p1a: Melmetal|Low Kick|p2a: Melmetal|[from]move: Metronome
|-supereffective|p2a: Melmetal
|-crit|p2a: Melmetal
|-damage|p2a: Melmetal|0 fnt
|faint|p2a: Melmetal
|
|upkeep
|
|t:|1653497455
|switch|p2a: Melmetal|Melmetal|100/100
|turn|48
|
|t:|1653497458
|move|p2a: Melmetal|Metronome|p2a: Melmetal
|move|p2a: Melmetal|Ingrain|p2a: Melmetal|[from]move: Metronome
|-start|p2a: Melmetal|move: Ingrain
|move|p1a: Melmetal|Metronome|p1a: Melmetal
|move|p1a: Melmetal|Brave Bird|p2a: Melmetal|[from]move: Metronome
|-resisted|p2a: Melmetal
|-damage|p2a: Melmetal|89/100
|-damage|p1a: Melmetal|85/100|[from] Recoil
|
|-heal|p2a: Melmetal|95/100|[from] Ingrain
|upkeep
|turn|49
|
|t:|1653497462
|move|p2a: Melmetal|Metronome|p2a: Melmetal
|move|p2a: Melmetal|Revenge|p1a: Melmetal|[from]move: Metronome
|-supereffective|p1a: Melmetal
|-damage|p1a: Melmetal|71/100
|move|p1a: Melmetal|Metronome|p1a: Melmetal
|move|p1a: Melmetal|Hail|p1a: Melmetal|[from]move: Metronome
|-weather|Hail
|
|-weather|Hail|[upkeep]
|-damage|p2a: Melmetal|89/100|[from] Hail
|-damage|p1a: Melmetal|65/100|[from] Hail
|-heal|p2a: Melmetal|95/100|[from] Ingrain
|upkeep
|turn|50
|c|☆G3n0YT|the bullshit is real
|
|t:|1653497469
|move|p2a: Melmetal|Metronome|p2a: Melmetal
|move|p2a: Melmetal|Hyper Beam|p1a: Melmetal|[from]move: Metronome
|-resisted|p1a: Melmetal
|-damage|p1a: Melmetal|57/100
|-mustrecharge|p2a: Melmetal
|move|p1a: Melmetal|Metronome|p1a: Melmetal
|move|p1a: Melmetal|Kinesis|p2a: Melmetal|[from]move: Metronome
|-unboost|p2a: Melmetal|accuracy|1
|
|-weather|Hail|[upkeep]
|-damage|p2a: Melmetal|89/100|[from] Hail
|-damage|p1a: Melmetal|51/100|[from] Hail
|-heal|p2a: Melmetal|95/100|[from] Ingrain
|upkeep
|turn|51
|c|☆ripreckful|i cant believe it
|
|t:|1653497473
|cant|p2a: Melmetal|recharge
|move|p1a: Melmetal|Metronome|p1a: Melmetal
|move|p1a: Melmetal|Hydro Cannon|p2a: Melmetal|[from]move: Metronome
|-damage|p2a: Melmetal|41/100
|-mustrecharge|p1a: Melmetal
|
|-weather|Hail|[upkeep]
|-damage|p2a: Melmetal|35/100|[from] Hail
|-damage|p1a: Melmetal|45/100|[from] Hail
|-heal|p2a: Melmetal|41/100|[from] Ingrain
|upkeep
|turn|52
|
|t:|1653497477
|move|p2a: Melmetal|Metronome|p2a: Melmetal
|move|p2a: Melmetal|Take Down|p1a: Melmetal|[from]move: Metronome
|-resisted|p1a: Melmetal
|-damage|p1a: Melmetal|40/100
|-damage|p2a: Melmetal|39/100|[from] Recoil
|cant|p1a: Melmetal|recharge
|
|-weather|Hail|[upkeep]
|-damage|p2a: Melmetal|33/100|[from] Hail
|-damage|p1a: Melmetal|34/100|[from] Hail
|-heal|p2a: Melmetal|39/100|[from] Ingrain
|upkeep
|turn|53
|
|t:|1653497480
|move|p2a: Melmetal|Metronome|p2a: Melmetal
|move|p2a: Melmetal|Roar of Time|p1a: Melmetal|[from]move: Metronome|[miss]
|-miss|p2a: Melmetal|p1a: Melmetal
|move|p1a: Melmetal|Metronome|p1a: Melmetal
|move|p1a: Melmetal|Roar||[from]move: Metronome|[still]
|-fail|p1a: Melmetal
|
|-weather|none
|-heal|p2a: Melmetal|46/100|[from] Ingrain
|upkeep
|turn|54
|c|☆G3n0YT|BRUH
|
|t:|1653497491
|move|p2a: Melmetal|Metronome|p2a: Melmetal
|move|p2a: Melmetal|Explosion|p1a: Melmetal|[from]move: Metronome
|-resisted|p1a: Melmetal
|-damage|p1a: Melmetal|20/100
|faint|p2a: Melmetal
|
|win|ripreckful
|n|☆ripreckful|ripreckful
|n|☆G3n0YT|g3n0yt
|n| htcl (>◡<)|htcl
|c|☆ripreckful|gg
|c|☆G3n0YT|HOLY SHIT
|c|☆ripreckful|that was insane
|c|☆ripreckful|the insomnia had me dying
|l|☆ripreckful
