|html|<div class="broadcast-blue"><strong>[Gen 8] OU is currently suspecting Melmetal! For information on how to participate check out the <a href="https://www.smogon.com/forums/threads/np-ss-ou-suspect-process-round-12-monster-mash.3709234/">suspect thread</a>.</strong></div>
|j|☆TheRayVGC
|j|☆uto RAR
|t:|1665731493
|gametype|singles
|player|p1|TheRayVGC|elesa|1714
|player|p2|uto RAR|hilbert|1816
|teamsize|p1|6
|teamsize|p2|6
|gen|8
|tier|[Gen 8] OU
|rated|
|rule|Sleep Clause Mod: Limit one foe put to sleep
|rule|Species Clause: Limit one of each Pokémon
|rule|OHKO Clause: OHKO moves are banned
|rule|Evasion Items Clause: Evasion items are banned
|rule|Evasion Moves Clause: Evasion moves are banned
|rule|Endless Battle Clause: Forcing endless battles is banned
|rule|HP Percentage Mod: HP is shown in percentages
|rule|Dynamax Clause: You cannot dynamax
|clearpoke
|poke|p1|Venusaur, M|
|poke|p1|Torkoal, M|
|poke|p1|Heatran, M|
|poke|p1|Landorus-Therian, M|
|poke|p1|Tapu Koko|
|poke|p1|Weavile, M|
|poke|p2|Tyranitar, M|
|poke|p2|Excadrill, F|
|poke|p2|Buzzwole|
|poke|p2|Ferrothorn, F|
|poke|p2|Tornadus-Therian, M|
|poke|p2|Slowbro, F|
|teampreview
|j| DarkRinoRex
|
|t:|1665731512
|start
|switch|p1a: Tapu Koko|Tapu Koko|100/100
|switch|p2a: Tornadus|Tornadus-Therian, M|100/100
|-fieldstart|move: Electric Terrain|[from] ability: Electric Surge|[of] p1a: Tapu Koko
|turn|1
|inactive|Battle timer is ON: inactive players will automatically lose when time's up. (requested by uto RAR)
|
|t:|1665731518
|move|p1a: Tapu Koko|Volt Switch|p2a: Tornadus
|-supereffective|p2a: Tornadus
|-damage|p2a: Tornadus|0 fnt
|faint|p2a: Tornadus
|
|t:|1665731522
|switch|p1a: Torkoal|Torkoal, M|100/100|[from]move: Volt Switch
|-weather|SunnyDay|[from] ability: Drought|[of] p1a: Torkoal
|
|-weather|SunnyDay|[upkeep]
|upkeep
|
|t:|1665731524
|switch|p2a: Tyranitar|Tyranitar, M|100/100
|-weather|Sandstorm|[from] ability: Sand Stream|[of] p2a: Tyranitar
|turn|2
|
|t:|1665731529
|move|p2a: Tyranitar|Stone Edge|p1a: Torkoal
|-supereffective|p1a: Torkoal
|-damage|p1a: Torkoal|0 fnt
|faint|p1a: Torkoal
|
|-weather|Sandstorm|[upkeep]
|upkeep
|
|t:|1665731536
|switch|p1a: Landorus|Landorus-Therian, M|100/100
|-ability|p1a: Landorus|Intimidate|boost
|-unboost|p2a: Tyranitar|atk|1
|turn|3
|
|t:|1665731542
|switch|p2a: Ferrothorn|Ferrothorn, F|100/100
|move|p1a: Landorus|Knock Off|p2a: Ferrothorn
|-damage|p2a: Ferrothorn|79/100
|-damage|p1a: Landorus|88/100|[from] ability: Iron Barbs|[of] p2a: Ferrothorn
|-enditem|p2a: Ferrothorn|Leftovers|[from] move: Knock Off|[of] p1a: Landorus
|
|-weather|Sandstorm|[upkeep]
|-heal|p1a: Landorus|94/100|[from] item: Leftovers
|upkeep
|turn|4
|
|t:|1665731547
|move|p1a: Landorus|U-turn|p2a: Ferrothorn
|-damage|p2a: Ferrothorn|65/100
|-damage|p1a: Landorus|82/100|[from] ability: Iron Barbs|[of] p2a: Ferrothorn
|
|t:|1665731549
|switch|p1a: Heatran|Heatran, M|100/100|[from]move: U-turn
|-item|p1a: Heatran|Air Balloon
|move|p2a: Ferrothorn|Stealth Rock|p1a: Heatran
|-sidestart|p1: TheRayVGC|move: Stealth Rock
|
|-weather|Sandstorm|[upkeep]
|upkeep
|turn|5
|
|t:|1665731556
|switch|p2a: Slowbro|Slowbro, F|100/100
|move|p1a: Heatran|Magma Storm|p2a: Slowbro
|-resisted|p2a: Slowbro
|-crit|p2a: Slowbro
|-damage|p2a: Slowbro|68/100
|-activate|p2a: Slowbro|move: Magma Storm|[of] p1a: Heatran
|
|-weather|Sandstorm|[upkeep]
|-damage|p2a: Slowbro|62/100|[from] Sandstorm
|-damage|p2a: Slowbro|49/100|[from] move: Magma Storm|[partiallytrapped]
|-fieldend|move: Electric Terrain
|upkeep
|turn|6
|
|t:|1665731561
|move|p1a: Heatran|Taunt|p2a: Slowbro
|-start|p2a: Slowbro|move: Taunt
|move|p2a: Slowbro|Scald|p1a: Heatran
|-supereffective|p1a: Heatran
|-damage|p1a: Heatran|50/100
|-enditem|p1a: Heatran|Air Balloon
|
|-weather|none
|-damage|p2a: Slowbro|37/100|[from] move: Magma Storm|[partiallytrapped]
|upkeep
|turn|7
|
|t:|1665731564
|move|p1a: Heatran|Magma Storm|p2a: Slowbro
|-resisted|p2a: Slowbro
|-damage|p2a: Slowbro|14/100
|move|p2a: Slowbro|Scald|p1a: Heatran
|-supereffective|p1a: Heatran
|-damage|p1a: Heatran|0 fnt
|faint|p1a: Heatran
|
|-end|p2a: Slowbro|Magma Storm|[partiallytrapped]|[silent]
|upkeep
|
|t:|1665731568
|switch|p1a: Tapu Koko|Tapu Koko|100/100
|-damage|p1a: Tapu Koko|88/100|[from] Stealth Rock
|-fieldstart|move: Electric Terrain|[from] ability: Electric Surge|[of] p1a: Tapu Koko
|turn|8
|
|t:|1665731572
|switch|p2a: Excadrill|Excadrill, F|100/100
|move|p1a: Tapu Koko|Dazzling Gleam|p2a: Excadrill
|-resisted|p2a: Excadrill
|-damage|p2a: Excadrill|66/100
|
|-heal|p2a: Excadrill|72/100|[from] item: Leftovers
|upkeep
|turn|9
|
|t:|1665731578
|switch|p1a: Landorus|Landorus-Therian, M|82/100
|-damage|p1a: Landorus|69/100|[from] Stealth Rock
|-ability|p1a: Landorus|Intimidate|boost
|-unboost|p2a: Excadrill|atk|1
|move|p2a: Excadrill|Iron Head|p1a: Landorus
|-damage|p1a: Landorus|42/100
|
|-heal|p2a: Excadrill|78/100|[from] item: Leftovers
|-heal|p1a: Landorus|48/100|[from] item: Leftovers
|upkeep
|turn|10
|
|t:|1665731586
|switch|p2a: Ferrothorn|Ferrothorn, F|65/100
|move|p1a: Landorus|Earthquake|p2a: Ferrothorn
|-damage|p2a: Ferrothorn|31/100
|
|-heal|p1a: Landorus|54/100|[from] item: Leftovers
|upkeep
|turn|11
|
|t:|1665731593
|switch|p2a: Buzzwole|Buzzwole|100/100
|move|p1a: Landorus|Defog|p2a: Buzzwole
|-unboost|p2a: Buzzwole|evasion|1
|-sideend|p1: TheRayVGC|Stealth Rock|[from] move: Defog|[of] p1a: Landorus
|-fieldend|move: Electric Terrain
|
|-heal|p1a: Landorus|60/100|[from] item: Leftovers
|upkeep
|turn|12
|
|t:|1665731599
|switch|p1a: Weavile|Weavile, M|100/100
|-ability|p1a: Weavile|Pressure
|move|p2a: Buzzwole|Ice Punch|p1a: Weavile
|-resisted|p1a: Weavile
|-damage|p1a: Weavile|76/100
|
|upkeep
|turn|13
|
|t:|1665731603
|move|p1a: Weavile|Knock Off|p2a: Buzzwole
|-resisted|p2a: Buzzwole
|-damage|p2a: Buzzwole|86/100
|-damage|p1a: Weavile|60/100|[from] item: Rocky Helmet|[of] p2a: Buzzwole
|-enditem|p2a: Buzzwole|Rocky Helmet|[from] move: Knock Off|[of] p1a: Weavile
|move|p2a: Buzzwole|Close Combat|p1a: Weavile
|-supereffective|p1a: Weavile
|-damage|p1a: Weavile|0 fnt
|-unboost|p2a: Buzzwole|def|1
|-unboost|p2a: Buzzwole|spd|1
|faint|p1a: Weavile
|-ability|p2a: Buzzwole|Beast Boost|boost
|-boost|p2a: Buzzwole|atk|1
|
|upkeep
|
|t:|1665731608
|switch|p1a: Tapu Koko|Tapu Koko|88/100
|-fieldstart|move: Electric Terrain|[from] ability: Electric Surge|[of] p1a: Tapu Koko
|turn|14
|
|t:|1665731613
|switch|p2a: Slowbro|Slowbro, F|47/100
|move|p1a: Tapu Koko|Dazzling Gleam|p2a: Slowbro
|-damage|p2a: Slowbro|9/100
|
|upkeep
|turn|15
|
|t:|1665731619
|switch|p2a: Excadrill|Excadrill, F|78/100
|move|p1a: Tapu Koko|Dazzling Gleam|p2a: Excadrill
|-resisted|p2a: Excadrill
|-damage|p2a: Excadrill|46/100
|
|-heal|p2a: Excadrill|52/100|[from] item: Leftovers
|upkeep
|turn|16
|
|t:|1665731629
|switch|p1a: Landorus|Landorus-Therian, M|60/100
|-ability|p1a: Landorus|Intimidate|boost
|-unboost|p2a: Excadrill|atk|1
|move|p2a: Excadrill|Iron Head|p1a: Landorus
|-damage|p1a: Landorus|32/100
|
|-heal|p2a: Excadrill|58/100|[from] item: Leftovers
|-heal|p1a: Landorus|38/100|[from] item: Leftovers
|upkeep
|turn|17
|
|t:|1665731635
|switch|p2a: Ferrothorn|Ferrothorn, F|31/100
|move|p1a: Landorus|U-turn|p2a: Ferrothorn
|-damage|p2a: Ferrothorn|17/100
|-damage|p1a: Landorus|25/100|[from] ability: Iron Barbs|[of] p2a: Ferrothorn
|
|t:|1665731639
|switch|p1a: Venusaur|Venusaur, M|100/100|[from]move: U-turn
|
|upkeep
|turn|18
|
|t:|1665731642
|move|p1a: Venusaur|Earth Power|p2a: Ferrothorn
|-damage|p2a: Ferrothorn|0 fnt
|faint|p2a: Ferrothorn
|-damage|p1a: Venusaur|91/100|[from] item: Life Orb
|
|-fieldend|move: Electric Terrain
|upkeep
|
|t:|1665731647
|switch|p2a: Tyranitar|Tyranitar, M|100/100
|-weather|Sandstorm|[from] ability: Sand Stream|[of] p2a: Tyranitar
|turn|19
|
|t:|1665731650
|move|p1a: Venusaur|Giga Drain|p2a: Tyranitar
|-supereffective|p2a: Tyranitar
|-damage|p2a: Tyranitar|34/100
|-heal|p1a: Venusaur|100/100|[from] drain|[of] p2a: Tyranitar
|-damage|p1a: Venusaur|91/100|[from] item: Life Orb
|move|p2a: Tyranitar|Fire Punch|p1a: Venusaur
|-supereffective|p1a: Venusaur
|-damage|p1a: Venusaur|0 fnt
|faint|p1a: Venusaur
|
|-weather|Sandstorm|[upkeep]
|upkeep
|
|t:|1665731658
|switch|p1a: Tapu Koko|Tapu Koko|88/100
|-fieldstart|move: Electric Terrain|[from] ability: Electric Surge|[of] p1a: Tapu Koko
|turn|20
|
|t:|1665731662
|switch|p2a: Slowbro|Slowbro, F|42/100
|move|p1a: Tapu Koko|Thunderbolt|p2a: Slowbro
|-supereffective|p2a: Slowbro
|-damage|p2a: Slowbro|0 fnt
|faint|p2a: Slowbro
|
|-weather|Sandstorm|[upkeep]
|-damage|p1a: Tapu Koko|82/100|[from] Sandstorm
|upkeep
|
|t:|1665731666
|switch|p2a: Excadrill|Excadrill, F|58/100
|turn|21
|
|t:|1665731668
|move|p2a: Excadrill|Iron Head|p1a: Tapu Koko
|-damage|p1a: Tapu Koko|17/100
|move|p1a: Tapu Koko|Thunderbolt|p2a: Excadrill
|-immune|p2a: Excadrill
|
|-weather|Sandstorm|[upkeep]
|-damage|p1a: Tapu Koko|11/100|[from] Sandstorm
|-heal|p2a: Excadrill|64/100|[from] item: Leftovers
|upkeep
|turn|22
|
|t:|1665731671
|move|p2a: Excadrill|Iron Head|p1a: Tapu Koko
|-crit|p1a: Tapu Koko
|-damage|p1a: Tapu Koko|0 fnt
|faint|p1a: Tapu Koko
|
|-weather|Sandstorm|[upkeep]
|-heal|p2a: Excadrill|70/100|[from] item: Leftovers
|upkeep
|
|t:|1665731672
|switch|p1a: Landorus|Landorus-Therian, M|25/100
|-ability|p1a: Landorus|Intimidate|boost
|-unboost|p2a: Excadrill|atk|1
|turn|23
|
|t:|1665731674
|move|p2a: Excadrill|Iron Head|p1a: Landorus
|-damage|p1a: Landorus|0 fnt
|faint|p1a: Landorus
|
|win|uto RAR
|raw|TheRayVGC's rating: 1714 &rarr; <strong>1700</strong><br />(-14 for losing)
|raw|uto RAR's rating: 1816 &rarr; <strong>1830</strong><br />(+14 for winning)
|l|☆TheRayVGC
