|raw|<div class="broadcast-blue"><strong>This battle is required to be public due to a player having a name starting with 'lt91bb'.</div>
|j|☆pccibb
|j|☆LT91BB Tini
|t:|1658976835
|gametype|singles
|player|p1|pccibb|1|1516
|player|p2|LT91BB Tini|cheren-gen5bw2|1497
|teamsize|p1|6
|teamsize|p2|6
|gen|8
|tier|[Gen 8] OU
|rated|
|rule|Sleep Clause Mod: Limit one foe put to sleep
|rule|Species Clause: Limit one of each Pokémon
|rule|OHKO Clause: OHKO moves are banned
|rule|Evasion Moves Clause: Evasion moves are banned
|rule|Endless Battle Clause: Forcing endless battles is banned
|rule|HP Percentage Mod: HP is shown in percentages
|rule|Dynamax Clause: You cannot dynamax
|clearpoke
|poke|p1|Aegislash, M|
|poke|p1|Rillaboom, F|
|poke|p1|Toxapex, M|
|poke|p1|Landorus-Therian, M|
|poke|p1|Tornadus-Therian, M|
|poke|p1|Tyranitar, F|
|poke|p2|Nihilego|
|poke|p2|Zapdos-Galar|
|poke|p2|Kartana|
|poke|p2|Celesteela|
|poke|p2|Garchomp, F|
|poke|p2|Tapu Fini|
|teampreview
|c|☆LT91BB Tini|hfhf
|inactive|Battle timer is ON: inactive players will automatically lose when time's up. (requested by LT91BB Tini)
|
|t:|1658976865
|start
|switch|p1a: Tornadus|Tornadus-Therian, M|100/100
|switch|p2a: Garchomp|Garchomp, F|100/100
|turn|1
|
|t:|1658976870
|move|p1a: Tornadus|Icy Wind|p2a: Garchomp
|-supereffective|p2a: Garchomp
|-damage|p2a: Garchomp|47/100
|-unboost|p2a: Garchomp|spe|1
|move|p2a: Garchomp|Toxic|p1a: Tornadus
|-status|p1a: Tornadus|tox
|
|-damage|p1a: Tornadus|94/100 tox|[from] psn
|upkeep
|turn|2
|
|t:|1658976879
|switch|p2a: Celesteela|Celesteela|100/100
|move|p1a: Tornadus|U-turn|p2a: Celesteela
|-resisted|p2a: Celesteela
|-damage|p2a: Celesteela|97/100
|
|t:|1658976894
|switch|p1a: Tyranitar|Tyranitar, F|100/100|[from]move: U-turn
|-weather|Sandstorm|[from] ability: Sand Stream|[of] p1a: Tyranitar
|
|-weather|Sandstorm|[upkeep]
|upkeep
|turn|3
|
|t:|1658976898
|switch|p2a: Zapdos|Zapdos-Galar|100/100
|move|p1a: Tyranitar|Rock Blast|p2a: Zapdos
|-damage|p2a: Zapdos|87/100
|-damage|p2a: Zapdos|74/100
|-damage|p2a: Zapdos|61/100
|-hitcount|p2a: Zapdos|3
|
|-weather|Sandstorm|[upkeep]
|-damage|p2a: Zapdos|55/100|[from] Sandstorm
|upkeep
|turn|4
|
|t:|1658976907
|switch|p1a: Aegislash|Aegislash, M|100/100
|move|p2a: Zapdos|Stomping Tantrum|p1a: Aegislash
|-supereffective|p1a: Aegislash
|-damage|p1a: Aegislash|37/100
|
|-weather|Sandstorm|[upkeep]
|-damage|p2a: Zapdos|48/100|[from] Sandstorm
|-heal|p1a: Aegislash|43/100|[from] item: Leftovers
|upkeep
|turn|5
|
|t:|1658976918
|switch|p2a: Celesteela|Celesteela|97/100
|switch|p1a: Tornadus|Tornadus-Therian, M|100/100 tox
|
|-weather|Sandstorm|[upkeep]
|-damage|p1a: Tornadus|94/100 tox|[from] Sandstorm
|-damage|p1a: Tornadus|88/100 tox|[from] psn
|upkeep
|turn|6
|
|t:|1658976925
|move|p1a: Tornadus|Knock Off|p2a: Celesteela
|-damage|p2a: Celesteela|78/100
|-enditem|p2a: Celesteela|Power Herb|[from] move: Knock Off|[of] p1a: Tornadus
|move|p2a: Celesteela|Autotomize|p2a: Celesteela
|-boost|p2a: Celesteela|spe|2
|-start|p2a: Celesteela|Autotomize
|
|-weather|none
|-damage|p1a: Tornadus|76/100 tox|[from] psn
|upkeep
|turn|7
|
|t:|1658976931
|move|p2a: Celesteela|Air Slash|p1a: Tornadus
|-damage|p1a: Tornadus|39/100 tox
|cant|p1a: Tornadus|flinch
|
|-damage|p1a: Tornadus|21/100 tox|[from] psn
|upkeep
|turn|8
|
|t:|1658976938
|switch|p2a: Garchomp|Garchomp, F|47/100
|switch|p1a: Tyranitar|Tyranitar, F|100/100
|-weather|Sandstorm|[from] ability: Sand Stream|[of] p1a: Tyranitar
|
|-weather|Sandstorm|[upkeep]
|upkeep
|turn|9
|
|t:|1658976944
|switch|p1a: Tornadus|Tornadus-Therian, M|54/100 tox
|move|p2a: Garchomp|Stealth Rock|p1a: Tornadus
|-sidestart|p1: pccibb|move: Stealth Rock
|
|-weather|Sandstorm|[upkeep]
|-damage|p1a: Tornadus|48/100 tox|[from] Sandstorm
|-damage|p1a: Tornadus|42/100 tox|[from] psn
|upkeep
|turn|10
|
|t:|1658976955
|switch|p2a: Nihilego|Nihilego|100/100
|move|p1a: Tornadus|U-turn|p2a: Nihilego
|-resisted|p2a: Nihilego
|-damage|p2a: Nihilego|89/100
|
|t:|1658976963
|switch|p1a: Aegislash|Aegislash, M|43/100|[from]move: U-turn
|-damage|p1a: Aegislash|37/100|[from] Stealth Rock
|
|-weather|Sandstorm|[upkeep]
|-heal|p1a: Aegislash|43/100|[from] item: Leftovers
|upkeep
|turn|11
|
|t:|1658976971
|switch|p2a: Celesteela|Celesteela|78/100
|move|p1a: Aegislash|Substitute|p1a: Aegislash
|-start|p1a: Aegislash|Substitute
|-damage|p1a: Aegislash|18/100
|
|-weather|Sandstorm|[upkeep]
|-heal|p1a: Aegislash|24/100|[from] item: Leftovers
|upkeep
|turn|12
|
|t:|1658976975
|move|p1a: Aegislash|King's Shield|p1a: Aegislash
|-singleturn|p1a: Aegislash|Protect
|move|p2a: Celesteela|Flamethrower|p1a: Aegislash
|-activate|p1a: Aegislash|move: Protect
|
|-weather|none
|-heal|p1a: Aegislash|30/100|[from] item: Leftovers
|upkeep
|turn|13
|
|t:|1658976980
|move|p2a: Celesteela|Flamethrower|p1a: Aegislash
|-supereffective|p1a: Aegislash
|-end|p1a: Aegislash|Substitute
|-formechange|p1a: Aegislash|Aegislash-Blade||[from] ability: Stance Change
|move|p1a: Aegislash|Shadow Ball|p2a: Celesteela
|-damage|p2a: Celesteela|43/100
|-unboost|p2a: Celesteela|spd|1
|
|-heal|p1a: Aegislash|36/100|[from] item: Leftovers
|upkeep
|turn|14
|
|t:|1658976989
|move|p2a: Celesteela|Flamethrower|p1a: Aegislash
|-supereffective|p1a: Aegislash
|-damage|p1a: Aegislash|0 fnt
|faint|p1a: Aegislash
|-ability|p2a: Celesteela|Beast Boost|boost
|-boost|p2a: Celesteela|spa|1
|
|upkeep
|
|t:|1658976997
|switch|p1a: Tyranitar|Tyranitar, F|100/100
|-damage|p1a: Tyranitar|88/100|[from] Stealth Rock
|-weather|Sandstorm|[from] ability: Sand Stream|[of] p1a: Tyranitar
|turn|15
|
|t:|1658977010
|switch|p2a: Garchomp|Garchomp, F|47/100
|move|p1a: Tyranitar|Rock Blast|p2a: Garchomp
|-resisted|p2a: Garchomp
|-damage|p2a: Garchomp|43/100
|-resisted|p2a: Garchomp
|-damage|p2a: Garchomp|38/100
|-hitcount|p2a: Garchomp|2
|
|-weather|Sandstorm|[upkeep]
|-heal|p1a: Tyranitar|94/100|[from] item: Leftovers
|upkeep
|turn|16
|
|t:|1658977018
|move|p2a: Garchomp|Fire Blast|p1a: Tyranitar
|-resisted|p1a: Tyranitar
|-damage|p1a: Tyranitar|91/100
|move|p1a: Tyranitar|Stealth Rock|p2a: Garchomp
|-sidestart|p2: LT91BB Tini|move: Stealth Rock
|
|-weather|Sandstorm|[upkeep]
|-heal|p1a: Tyranitar|97/100|[from] item: Leftovers
|upkeep
|turn|17
|
|t:|1658977030
|switch|p1a: Tornadus|Tornadus-Therian, M|75/100 tox
|move|p2a: Garchomp|Earthquake|p1a: Tornadus
|-immune|p1a: Tornadus
|
|-weather|Sandstorm|[upkeep]
|-damage|p1a: Tornadus|69/100 tox|[from] Sandstorm
|-damage|p1a: Tornadus|63/100 tox|[from] psn
|upkeep
|turn|18
|
|t:|1658977037
|switch|p2a: Tapu Fini|Tapu Fini|100/100
|-damage|p2a: Tapu Fini|88/100|[from] Stealth Rock
|-fieldstart|move: Misty Terrain|[from] ability: Misty Surge|[of] p2a: Tapu Fini
|move|p1a: Tornadus|Icy Wind|p2a: Tapu Fini
|-resisted|p2a: Tapu Fini
|-damage|p2a: Tapu Fini|83/100
|-unboost|p2a: Tapu Fini|spe|1
|
|-weather|Sandstorm|[upkeep]
|-damage|p1a: Tornadus|57/100 tox|[from] Sandstorm
|-damage|p2a: Tapu Fini|77/100|[from] Sandstorm
|-heal|p2a: Tapu Fini|83/100|[from] item: Leftovers
|-damage|p1a: Tornadus|44/100 tox|[from] psn
|upkeep
|turn|19
|
|t:|1658977042
|move|p1a: Tornadus|U-turn|p2a: Tapu Fini
|-resisted|p2a: Tapu Fini
|-damage|p2a: Tapu Fini|77/100
|
|t:|1658977045
|switch|p1a: Toxapex|Toxapex, M|100/100|[from]move: U-turn
|-damage|p1a: Toxapex|88/100|[from] Stealth Rock
|move|p2a: Tapu Fini|Scald|p1a: Toxapex
|-resisted|p1a: Toxapex
|-damage|p1a: Toxapex|77/100
|
|-weather|none
|-heal|p2a: Tapu Fini|83/100|[from] item: Leftovers
|upkeep
|turn|20
|
|t:|1658977053
|move|p2a: Tapu Fini|Taunt|p1a: Toxapex
|-start|p1a: Toxapex|move: Taunt
|move|p1a: Toxapex|Knock Off|p2a: Tapu Fini
|-resisted|p2a: Tapu Fini
|-damage|p2a: Tapu Fini|78/100
|-enditem|p2a: Tapu Fini|Leftovers|[from] move: Knock Off|[of] p1a: Toxapex
|
|upkeep
|turn|21
|
|t:|1658977067
|switch|p2a: Garchomp|Garchomp, F|38/100
|-damage|p2a: Garchomp|32/100|[from] Stealth Rock
|switch|p1a: Rillaboom|Rillaboom, F|100/100
|-damage|p1a: Rillaboom|88/100|[from] Stealth Rock
|-fieldstart|move: Grassy Terrain|[from] ability: Grassy Surge|[of] p1a: Rillaboom
|
|-heal|p2a: Garchomp|38/100|[from] Grassy Terrain
|-heal|p1a: Rillaboom|94/100|[from] Grassy Terrain
|upkeep
|turn|22
|
|t:|1658977079
|move|p2a: Garchomp|Fire Blast|p1a: Rillaboom
|-supereffective|p1a: Rillaboom
|-damage|p1a: Rillaboom|43/100
|move|p1a: Rillaboom|Knock Off|p2a: Garchomp
|-damage|p2a: Garchomp|0 fnt
|-damage|p1a: Rillaboom|30/100|[from] ability: Rough Skin|[of] p2a: Garchomp
|-damage|p1a: Rillaboom|14/100|[from] item: Rocky Helmet|[of] p2a: Garchomp
|-enditem|p2a: Garchomp|Rocky Helmet|[from] move: Knock Off|[of] p1a: Rillaboom
|faint|p2a: Garchomp
|
|-heal|p1a: Rillaboom|20/100|[from] Grassy Terrain
|upkeep
|
|t:|1658977089
|switch|p2a: Kartana|Kartana|100/100
|-damage|p2a: Kartana|94/100|[from] Stealth Rock
|turn|23
|
|t:|1658977097
|switch|p1a: Landorus|Landorus-Therian, M|100/100
|-damage|p1a: Landorus|88/100|[from] Stealth Rock
|-ability|p1a: Landorus|Intimidate|boost
|-unboost|p2a: Kartana|atk|1
|move|p2a: Kartana|Leaf Blade|p1a: Landorus
|-damage|p1a: Landorus|40/100
|
|-heal|p2a: Kartana|100/100|[from] Grassy Terrain
|-heal|p1a: Landorus|46/100|[from] item: Leftovers
|upkeep
|turn|24
|
|t:|1658977102
|switch|p1a: Tornadus|Tornadus-Therian, M|78/100 tox
|move|p2a: Kartana|Leaf Blade|p1a: Tornadus
|-resisted|p1a: Tornadus
|-damage|p1a: Tornadus|46/100 tox
|
|-damage|p1a: Tornadus|40/100 tox|[from] psn
|upkeep
|turn|25
|
|t:|1658977119
|switch|p1a: Landorus|Landorus-Therian, M|46/100
|-damage|p1a: Landorus|33/100|[from] Stealth Rock
|-ability|p1a: Landorus|Intimidate|boost
|-unboost|p2a: Kartana|atk|1
|move|p2a: Kartana|Leaf Blade|p1a: Landorus
|-damage|p1a: Landorus|0 fnt
|faint|p1a: Landorus
|-ability|p2a: Kartana|Beast Boost|boost
|-boost|p2a: Kartana|atk|1
|
|-fieldend|move: Grassy Terrain
|upkeep
|
|t:|1658977123
|switch|p1a: Tornadus|Tornadus-Therian, M|73/100 tox
|turn|26
|
|t:|1658977129
|switch|p2a: Tapu Fini|Tapu Fini|78/100
|-damage|p2a: Tapu Fini|66/100|[from] Stealth Rock
|-fieldstart|move: Misty Terrain|[from] ability: Misty Surge|[of] p2a: Tapu Fini
|move|p1a: Tornadus|Hurricane|p2a: Tapu Fini
|-damage|p2a: Tapu Fini|33/100
|
|-damage|p1a: Tornadus|67/100 tox|[from] psn
|upkeep
|turn|27
|
|t:|1658977153
|move|p1a: Tornadus|U-turn|p2a: Tapu Fini
|-resisted|p2a: Tapu Fini
|-crit|p2a: Tapu Fini
|-damage|p2a: Tapu Fini|25/100
|
|t:|1658977154
|switch|p1a: Toxapex|Toxapex, M|100/100|[from]move: U-turn
|-damage|p1a: Toxapex|88/100|[from] Stealth Rock
|move|p2a: Tapu Fini|Draining Kiss|p1a: Toxapex
|-resisted|p1a: Toxapex
|-damage|p1a: Toxapex|80/100
|-heal|p2a: Tapu Fini|30/100|[from] drain|[of] p1a: Toxapex
|-damage|p2a: Tapu Fini|13/100|[from] item: Rocky Helmet|[of] p1a: Toxapex
|
|upkeep
|turn|28
|
|t:|1658977162
|move|p2a: Tapu Fini|Taunt|p1a: Toxapex
|-start|p1a: Toxapex|move: Taunt
|move|p1a: Toxapex|Knock Off|p2a: Tapu Fini
|-resisted|p2a: Tapu Fini
|-damage|p2a: Tapu Fini|9/100
|
|upkeep
|turn|29
|
|t:|1658977169
|move|p2a: Tapu Fini|Draining Kiss|p1a: Toxapex
|-resisted|p1a: Toxapex
|-crit|p1a: Toxapex
|-damage|p1a: Toxapex|70/100
|-heal|p2a: Tapu Fini|17/100|[from] drain|[of] p1a: Toxapex
|-damage|p2a: Tapu Fini|0 fnt|[from] item: Rocky Helmet|[of] p1a: Toxapex
|faint|p2a: Tapu Fini
|move|p1a: Toxapex|Knock Off|p2: Tapu Fini|[notarget]
|-fail|p1a: Toxapex
|
|upkeep
|
|t:|1658977180
|switch|p2a: Celesteela|Celesteela|43/100
|-damage|p2a: Celesteela|31/100|[from] Stealth Rock
|turn|30
|
|t:|1658977184
|switch|p1a: Tyranitar|Tyranitar, F|97/100
|-damage|p1a: Tyranitar|85/100|[from] Stealth Rock
|-weather|Sandstorm|[from] ability: Sand Stream|[of] p1a: Tyranitar
|move|p2a: Celesteela|Meteor Beam||[still]
|-prepare|p2a: Celesteela|Meteor Beam
|-boost|p2a: Celesteela|spa|1
|
|-weather|Sandstorm|[upkeep]
|-heal|p1a: Tyranitar|91/100|[from] item: Leftovers
|-fieldend|Misty Terrain
|upkeep
|turn|31
|
|t:|1658977199
|move|p2a: Celesteela|Meteor Beam|p1a: Tyranitar|[from]lockedmove
|-damage|p1a: Tyranitar|67/100
|move|p1a: Tyranitar|Rock Blast|p2a: Celesteela
|-damage|p2a: Celesteela|20/100
|-damage|p2a: Celesteela|9/100
|-damage|p2a: Celesteela|0 fnt
|faint|p2a: Celesteela
|-hitcount|p2: Celesteela|3
|
|-weather|Sandstorm|[upkeep]
|-heal|p1a: Tyranitar|74/100|[from] item: Leftovers
|upkeep
|
|t:|1658977209
|switch|p2a: Kartana|Kartana|100/100
|-damage|p2a: Kartana|94/100|[from] Stealth Rock
|turn|32
|
|t:|1658977214
|switch|p1a: Toxapex|Toxapex, M|100/100
|-damage|p1a: Toxapex|88/100|[from] Stealth Rock
|move|p2a: Kartana|Knock Off|p1a: Toxapex
|-damage|p1a: Toxapex|62/100
|-damage|p2a: Kartana|78/100|[from] item: Rocky Helmet|[of] p1a: Toxapex
|-enditem|p1a: Toxapex|Rocky Helmet|[from] move: Knock Off|[of] p2a: Kartana
|
|-weather|Sandstorm|[upkeep]
|-damage|p1a: Toxapex|56/100|[from] Sandstorm
|upkeep
|turn|33
|
|t:|1658977244
|switch|p2a: Zapdos|Zapdos-Galar|48/100
|-damage|p2a: Zapdos|36/100|[from] Stealth Rock
|switch|p1a: Tyranitar|Tyranitar, F|74/100
|-damage|p1a: Tyranitar|61/100|[from] Stealth Rock
|
|-weather|Sandstorm|[upkeep]
|-damage|p2a: Zapdos|30/100|[from] Sandstorm
|-heal|p1a: Tyranitar|67/100|[from] item: Leftovers
|upkeep
|turn|34
|
|t:|1658977257
|switch|p1a: Toxapex|Toxapex, M|89/100
|-damage|p1a: Toxapex|77/100|[from] Stealth Rock
|move|p2a: Zapdos|U-turn|p1a: Toxapex
|-resisted|p1a: Toxapex
|-damage|p1a: Toxapex|67/100
|
|t:|1658977263
|switch|p2a: Nihilego|Nihilego|89/100|[from]move: U-turn
|-damage|p2a: Nihilego|77/100|[from] Stealth Rock
|
|-weather|none
|upkeep
|turn|35
|
|t:|1658977270
|move|p2a: Nihilego|Meteor Beam||[still]
|-prepare|p2a: Nihilego|Meteor Beam
|-boost|p2a: Nihilego|spa|1
|-enditem|p2a: Nihilego|Power Herb
|-anim|p2a: Nihilego|Meteor Beam|p1a: Toxapex
|-damage|p1a: Toxapex|0 fnt
|faint|p1a: Toxapex
|-ability|p2a: Nihilego|Beast Boost|boost
|-boost|p2a: Nihilego|spe|1
|
|upkeep
|
|t:|1658977286
|switch|p1a: Rillaboom|Rillaboom, F|20/100
|-damage|p1a: Rillaboom|8/100|[from] Stealth Rock
|-fieldstart|move: Grassy Terrain|[from] ability: Grassy Surge|[of] p1a: Rillaboom
|turn|36
|inactive|pccibb has 120 seconds left.
|inactive|LT91BB Tini has 120 seconds left.
|inactive|pccibb has 90 seconds left.
|
|t:|1658977338
|switch|p2a: Zapdos|Zapdos-Galar|30/100
|-damage|p2a: Zapdos|17/100|[from] Stealth Rock
|move|p1a: Rillaboom|Grassy Glide|p2a: Zapdos
|-resisted|p2a: Zapdos
|-damage|p2a: Zapdos|0 fnt
|faint|p2a: Zapdos
|
|-heal|p1a: Rillaboom|14/100|[from] Grassy Terrain
|upkeep
|inactive|LT91BB Tini has 120 seconds left.
|
|t:|1658977343
|switch|p2a: Kartana|Kartana|78/100
|-damage|p2a: Kartana|72/100|[from] Stealth Rock
|turn|37
|inactive|pccibb has 90 seconds left.
|
|t:|1658977357
|switch|p1a: Tyranitar|Tyranitar, F|67/100
|-damage|p1a: Tyranitar|55/100|[from] Stealth Rock
|-weather|Sandstorm|[from] ability: Sand Stream|[of] p1a: Tyranitar
|move|p2a: Kartana|Smart Strike|p1a: Tyranitar
|-supereffective|p1a: Tyranitar
|-damage|p1a: Tyranitar|0 fnt
|faint|p1a: Tyranitar
|-ability|p2a: Kartana|Beast Boost|boost
|-boost|p2a: Kartana|atk|1
|
|-weather|Sandstorm|[upkeep]
|-heal|p2a: Kartana|78/100|[from] Grassy Terrain
|upkeep
|inactive|pccibb has 90 seconds left.
|
|t:|1658977365
|switch|p1a: Tornadus|Tornadus-Therian, M|100/100 tox
|turn|38
|
|t:|1658977371
|move|p2a: Kartana|Smart Strike|p1a: Tornadus
|-damage|p1a: Tornadus|28/100 tox
|move|p1a: Tornadus|Hurricane|p2a: Kartana
|-damage|p2a: Kartana|0 fnt
|faint|p2a: Kartana
|
|-weather|Sandstorm|[upkeep]
|-damage|p1a: Tornadus|21/100 tox|[from] Sandstorm
|-damage|p1a: Tornadus|15/100 tox|[from] psn
|upkeep
|
|t:|1658977375
|switch|p2a: Nihilego|Nihilego|77/100
|-damage|p2a: Nihilego|65/100|[from] Stealth Rock
|turn|39
|
|t:|1658977382
|move|p1a: Tornadus|Icy Wind|p2a: Nihilego
|-damage|p2a: Nihilego|57/100
|-unboost|p2a: Nihilego|spe|1
|move|p2a: Nihilego|Power Gem|p1a: Tornadus
|-supereffective|p1a: Tornadus
|-damage|p1a: Tornadus|0 fnt
|faint|p1a: Tornadus
|-ability|p2a: Nihilego|Beast Boost|boost
|-boost|p2a: Nihilego|spe|1
|
|-weather|Sandstorm|[upkeep]
|-heal|p2a: Nihilego|63/100|[from] Grassy Terrain
|upkeep
|
|t:|1658977388
|switch|p1a: Rillaboom|Rillaboom, F|14/100
|-damage|p1a: Rillaboom|2/100|[from] Stealth Rock
|turn|40
|c|☆LT91BB Tini|gg
|
|t:|1658977395
|move|p1a: Rillaboom|Grassy Glide|p2a: Nihilego
|-crit|p2a: Nihilego
|-damage|p2a: Nihilego|0 fnt
|faint|p2a: Nihilego
|
|win|pccibb
|raw|pccibb's rating: 1516 &rarr; <strong>1535</strong><br />(+19 for winning)
|raw|LT91BB Tini's rating: 1497 &rarr; <strong>1478</strong><br />(-19 for losing)
|c|☆pccibb|gg
|l|☆LT91BB Tini
||Ladder isn't responding, score probably updated but might not have (Request timeout).
