|raw|<div class="broadcast-blue"><strong>This battle is required to be public due to a player having a name starting with 'LT73IU'.</div>
|j|☆LT73IU Mannat1
|j|☆relic stone
|t:|1598669363
|player|p1|LT73IU Mannat1|ninjaboy|2023
|player|p2|relic stone|lusamine-nihilego|1963
|teamsize|p1|6
|teamsize|p2|6
|gametype|singles
|gen|8
|tier|[Gen 8] OU
|rated|
|clearpoke
|poke|p1|Hatterene, F|
|poke|p1|Tyranitar, F|
|poke|p1|Excadrill, M|
|poke|p1|Amoonguss, F|
|poke|p1|Corviknight, F|
|poke|p1|Kyurem|
|poke|p2|Torkoal, M|
|poke|p2|Venusaur, M|
|poke|p2|Togekiss, M|
|poke|p2|Urshifu-*, M|
|poke|p2|Charizard, M|
|poke|p2|Excadrill, M|
|rule|Sleep Clause Mod: Limit one foe put to sleep
|rule|Species Clause: Limit one of each Pokémon
|rule|OHKO Clause: OHKO moves are banned
|rule|Evasion Moves Clause: Evasion moves are banned
|rule|Endless Battle Clause: Forcing endless battles is banned
|rule|HP Percentage Mod: HP is shown in percentages
|rule|Dynamax Clause: You cannot dynamax
|teampreview
|j| tigers jaw
|j| theo mani fan club
|c|☆relic stone|hf john
|j| its morning
|c| theo mani fan club|pleasant
|j| egalvanc
|j| Sagiri I.
|c| tigers jaw|cordial
|
|t:|1598669387
|start
|switch|p1a: Hatterene|Hatterene, F|100/100
|switch|p2a: Sage|Charizard, M|100/100
|turn|1
|
|t:|1598669392
|switch|p2a: Impaler|Excadrill, M, shiny|100/100
|-ability|p2a: Impaler|Mold Breaker
|switch|p1a: Tyranitar|Tyranitar, F|100/100
|-weather|Sandstorm|[from] ability: Sand Stream|[of] p1a: Tyranitar
|
|-weather|Sandstorm|[upkeep]
|upkeep
|turn|2
|
|t:|1598669395
|switch|p1a: Corviknight|Corviknight, F|100/100
|-ability|p1a: Corviknight|Pressure
|move|p2a: Impaler|Stealth Rock|p1a: Corviknight
|-sidestart|p1: LT73IU Mannat1|move: Stealth Rock
|
|-weather|Sandstorm|[upkeep]
|upkeep
|turn|3
|j| lax
|
|t:|1598669398
|switch|p2a: Kazame|Torkoal, M|100/100
|-weather|SunnyDay|[from] ability: Drought|[of] p2a: Kazame
|move|p1a: Corviknight|Defog|p2a: Kazame
|-unboost|p2a: Kazame|evasion|1
|-sideend|p1: LT73IU Mannat1|Stealth Rock|[from] move: Defog|[of] p1a: Corviknight
|
|-weather|SunnyDay|[upkeep]
|upkeep
|turn|4
|j| SteeTeamsBurner12
|j| tanggy
|j| spikematoi
|
|t:|1598669410
|switch|p1a: Tyranitar|Tyranitar, F|100/100
|-weather|Sandstorm|[from] ability: Sand Stream|[of] p1a: Tyranitar
|move|p2a: Kazame|Lava Plume|p1a: Tyranitar
|-resisted|p1a: Tyranitar
|-damage|p1a: Tyranitar|96/100
|-status|p1a: Tyranitar|brn
|
|-weather|Sandstorm|[upkeep]
|-damage|p2a: Kazame|94/100|[from] Sandstorm
|-heal|p1a: Tyranitar|100/100 brn|[from] item: Leftovers
|-damage|p1a: Tyranitar|94/100 brn|[from] brn
|upkeep
|turn|5
|
|t:|1598669415
|switch|p1a: Amoonguss|Amoonguss, F|100/100
|move|p2a: Kazame|Body Press|p1a: Amoonguss
|-resisted|p1a: Amoonguss
|-damage|p1a: Amoonguss|89/100
|-damage|p2a: Kazame|78/100|[from] item: Rocky Helmet|[of] p1a: Amoonguss
|
|-weather|Sandstorm|[upkeep]
|-damage|p1a: Amoonguss|83/100|[from] Sandstorm
|-damage|p2a: Kazame|72/100|[from] Sandstorm
|upkeep
|turn|6
|
|t:|1598669423
|move|p1a: Amoonguss|Spore|p2a: Kazame
|-status|p2a: Kazame|slp|[from] move: Spore
|cant|p2a: Kazame|slp
|
|-weather|Sandstorm|[upkeep]
|-damage|p1a: Amoonguss|77/100|[from] Sandstorm
|-damage|p2a: Kazame|66/100 slp|[from] Sandstorm
|upkeep
|turn|7
|
|t:|1598669429
|switch|p1a: Hatterene|Hatterene, F|100/100
|switch|p2a: Impaler|Excadrill, M, shiny|100/100
|-ability|p2a: Impaler|Mold Breaker
|
|-weather|Sandstorm|[upkeep]
|-damage|p1a: Hatterene|95/100|[from] Sandstorm
|-heal|p1a: Hatterene|100/100|[from] item: Leftovers
|upkeep
|turn|8
|j| Dra15
|j| Livio ElTito
|
|t:|1598669434
|switch|p1a: Corviknight|Corviknight, F|100/100
|-ability|p1a: Corviknight|Pressure
|move|p2a: Impaler|Stealth Rock|p1a: Corviknight
|-sidestart|p1: LT73IU Mannat1|move: Stealth Rock
|
|-weather|none
|upkeep
|turn|9
|
|t:|1598669437
|switch|p2a: Sage|Charizard, M|100/100
|move|p1a: Corviknight|Defog|p2a: Sage
|-unboost|p2a: Sage|evasion|1
|-sideend|p1: LT73IU Mannat1|Stealth Rock|[from] move: Defog|[of] p1a: Corviknight
|
|upkeep
|turn|10
|
|t:|1598669440
|switch|p1a: Tyranitar|Tyranitar, F|94/100 brn
|-weather|Sandstorm|[from] ability: Sand Stream|[of] p1a: Tyranitar
|move|p2a: Sage|Focus Blast|p1a: Tyranitar|[miss]
|-miss|p2a: Sage|p1a: Tyranitar
|
|-weather|Sandstorm|[upkeep]
|-damage|p2a: Sage|94/100|[from] Sandstorm
|-heal|p1a: Tyranitar|100/100 brn|[from] item: Leftovers
|-damage|p1a: Tyranitar|94/100 brn|[from] brn
|upkeep
|turn|11
|
|t:|1598669452
|switch|p2a: Kazame|Torkoal, M|66/100 slp
|-weather|SunnyDay|[from] ability: Drought|[of] p2a: Kazame
|move|p1a: Tyranitar|Stealth Rock|p2a: Kazame
|-sidestart|p2: relic stone|move: Stealth Rock
|
|-weather|SunnyDay|[upkeep]
|-heal|p1a: Tyranitar|100/100 brn|[from] item: Leftovers
|-damage|p1a: Tyranitar|94/100 brn|[from] brn
|upkeep
|turn|12
|
|t:|1598669459
|switch|p1a: Hatterene|Hatterene, F|100/100
|switch|p2a: Impaler|Excadrill, M, shiny|100/100
|-damage|p2a: Impaler|97/100|[from] Stealth Rock
|-ability|p2a: Impaler|Mold Breaker
|
|-weather|SunnyDay|[upkeep]
|-heal|p2a: Impaler|100/100|[from] item: Leftovers
|upkeep
|turn|13
|
|t:|1598669463
|move|p2a: Impaler|Stealth Rock|p1a: Hatterene
|-sidestart|p1: LT73IU Mannat1|move: Stealth Rock
|move|p1a: Hatterene|Calm Mind|p1a: Hatterene
|-boost|p1a: Hatterene|spa|1
|-boost|p1a: Hatterene|spd|1
|
|-weather|SunnyDay|[upkeep]
|upkeep
|turn|14
|l| lax
|
|t:|1598669466
|move|p2a: Impaler|Toxic|p1a: Hatterene
|-status|p1a: Hatterene|tox
|move|p1a: Hatterene|Mystical Fire|p2a: Impaler
|-supereffective|p2a: Impaler
|-damage|p2a: Impaler|17/100
|-unboost|p2a: Impaler|spa|1
|
|-weather|SunnyDay|[upkeep]
|-heal|p2a: Impaler|23/100|[from] item: Leftovers
|-damage|p1a: Hatterene|95/100 tox|[from] psn
|upkeep
|turn|15
|
|t:|1598669468
|move|p2a: Impaler|Rapid Spin|p1a: Hatterene
|-damage|p1a: Hatterene|82/100 tox
|-boost|p2a: Impaler|spe|1
|-sideend|p2: relic stone|Stealth Rock|[from] move: Rapid Spin|[of] p2a: Impaler
|move|p1a: Hatterene|Mystical Fire|p2a: Impaler
|-supereffective|p2a: Impaler
|-damage|p2a: Impaler|0 fnt
|faint|p2a: Impaler
|
|-weather|SunnyDay|[upkeep]
|-heal|p1a: Hatterene|88/100 tox|[from] item: Leftovers
|-damage|p1a: Hatterene|76/100 tox|[from] psn
|upkeep
|
|t:|1598669472
|switch|p2a: Sage|Charizard, M|94/100
|turn|16
|
|t:|1598669476
|switch|p1a: Tyranitar|Tyranitar, F|94/100 brn
|-damage|p1a: Tyranitar|82/100 brn|[from] Stealth Rock
|-weather|Sandstorm|[from] ability: Sand Stream|[of] p1a: Tyranitar
|move|p2a: Sage|Focus Blast|p1a: Tyranitar
|-supereffective|p1a: Tyranitar
|-damage|p1a: Tyranitar|0 fnt
|faint|p1a: Tyranitar
|
|-weather|Sandstorm|[upkeep]
|-damage|p2a: Sage|88/100|[from] Sandstorm
|upkeep
|
|t:|1598669481
|switch|p1a: Amoonguss|Amoonguss, F|100/100
|-damage|p1a: Amoonguss|88/100|[from] Stealth Rock
|turn|17
|
|t:|1598669487
|switch|p2a: Kazame|Torkoal, M|66/100 slp
|-weather|SunnyDay|[from] ability: Drought|[of] p2a: Kazame
|move|p1a: Amoonguss|Sludge Bomb|p2a: Kazame
|-damage|p2a: Kazame|33/100 slp
|
|-weather|SunnyDay|[upkeep]
|upkeep
|turn|18
|
|t:|1598669490
|switch|p2a: Rex|Venusaur, M|100/100
|move|p1a: Amoonguss|Sludge Bomb|p2a: Rex
|-damage|p2a: Rex|68/100
|
|-weather|SunnyDay|[upkeep]
|upkeep
|turn|19
|c|☆LT73IU Mannat1|this is unwinnable
|-message|LT73IU Mannat1 forfeited.
|
|win|relic stone
|l|☆LT73IU Mannat1
|raw|LT73IU Mannat1's rating: 2023 &rarr; <strong>2000</strong><br />(-23 for losing)
|raw|relic stone's rating: 1963 &rarr; <strong>1986</strong><br />(+23 for winning)
|c|☆relic stone|ggs
|l| tigers jaw
|l| tanggy
