|html|<div class="broadcast-blue"><strong>[Gen 8] OU is currently suspecting Spectrier! For information on how to participate check out the <a href="https://www.smogon.com/forums/threads/np-ss-ou-suspect-process-round-9-old-town-road.3676744/">suspect thread</a>.</strong></div>
|j|☆Mutako Z
|j|☆BULOIDE
|t:|1612229012
|player|p1|Mutako Z|28|1375
|player|p2|BULOIDE|drayden|1337
|teamsize|p1|6
|teamsize|p2|6
|gametype|singles
|gen|8
|tier|[Gen 8] OU
|rated|
|clearpoke
|poke|p1|Torkoal, M|
|poke|p1|Heatran, M|
|poke|p1|Spectrier|
|poke|p1|Mandibuzz, F|
|poke|p1|Ferrothorn, M|
|poke|p1|Magmortar, F|
|poke|p2|Regieleki|
|poke|p2|Tapu Koko|
|poke|p2|Cinderace, F|
|poke|p2|Ferrothorn, F|
|poke|p2|Mamoswine, F|
|poke|p2|Rotom-Wash|
|rule|Sleep Clause Mod: Limit one foe put to sleep
|rule|Species Clause: Limit one of each Pokémon
|rule|OHKO Clause: OHKO moves are banned
|rule|Evasion Moves Clause: Evasion moves are banned
|rule|Endless Battle Clause: Forcing endless battles is banned
|rule|HP Percentage Mod: HP is shown in percentages
|rule|Dynamax Clause: You cannot dynamax
|teampreview
|
|t:|1612229041
|start
|switch|p1a: Torkoal|Torkoal, M|100/100
|switch|p2a: Regieleki|Regieleki|100/100
|-weather|SunnyDay|[from] ability: Drought|[of] p1a: Torkoal
|turn|1
|inactive|Battle timer is ON: inactive players will automatically lose when time's up. (requested by BULOIDE)
|
|t:|1612229063
|move|p2a: Regieleki|Thunder Cage|p1a: Torkoal
|-damage|p1a: Torkoal|66/100
|-activate|p1a: Torkoal|move: Thunder Cage|[of] p2a: Regieleki
|move|p1a: Torkoal|Yawn|p2a: Regieleki
|-start|p2a: Regieleki|move: Yawn|[of] p1a: Torkoal
|
|-weather|SunnyDay|[upkeep]
|-damage|p1a: Torkoal|54/100|[from] move: Thunder Cage|[partiallytrapped]
|upkeep
|turn|2
|
|t:|1612229074
|switch|p2a: Rotom|Rotom-Wash|100/100
|move|p1a: Torkoal|Earth Power|p2a: Rotom
|-immune|p2a: Rotom|[from] ability: Levitate
|
|-weather|SunnyDay|[upkeep]
|-end|p1a: Torkoal|Thunder Cage|[partiallytrapped]|[silent]
|upkeep
|turn|3
|
|t:|1612229087
|switch|p1a: Ferrothorn|Ferrothorn, M|100/100
|move|p2a: Rotom|Volt Switch|p1a: Ferrothorn
|-resisted|p1a: Ferrothorn
|-damage|p1a: Ferrothorn|91/100
|
|t:|1612229099
|switch|p2a: Cinderace|Cinderace, F|100/100|[from]move: Volt Switch
|
|-weather|SunnyDay|[upkeep]
|-heal|p1a: Ferrothorn|97/100|[from] item: Leftovers
|upkeep
|turn|4
|
|t:|1612229107
|switch|p1a: Torkoal|Torkoal, M|54/100
|move|p2a: Cinderace|U-turn|p1a: Torkoal
|-start|p2a: Cinderace|typechange|Bug|[from] ability: Libero
|-resisted|p1a: Torkoal
|-damage|p1a: Torkoal|42/100
|
|t:|1612229116
|switch|p2a: Mamoswine|Mamoswine, F|100/100|[from]move: U-turn
|
|-weather|SunnyDay|[upkeep]
|upkeep
|turn|5
|
|t:|1612229130
|switch|p1a: Ferrothorn|Ferrothorn, M|97/100
|move|p2a: Mamoswine|Earthquake|p1a: Ferrothorn
|-damage|p1a: Ferrothorn|63/100
|
|-weather|SunnyDay|[upkeep]
|-heal|p1a: Ferrothorn|69/100|[from] item: Leftovers
|upkeep
|turn|6
|inactive|BULOIDE has 120 seconds left.
|
|t:|1612229160
|switch|p2a: Ferrothorn|Ferrothorn, F|100/100
|move|p1a: Ferrothorn|Body Press|p2a: Ferrothorn
|-supereffective|p2a: Ferrothorn
|-damage|p2a: Ferrothorn|62/100
|-damage|p1a: Ferrothorn|56/100|[from] ability: Iron Barbs|[of] p2a: Ferrothorn
|
|-weather|SunnyDay|[upkeep]
|-heal|p1a: Ferrothorn|63/100|[from] item: Leftovers
|-heal|p2a: Ferrothorn|69/100|[from] item: Leftovers
|upkeep
|turn|7
|inactive|BULOIDE has 120 seconds left.
|
|t:|1612229172
|move|p1a: Ferrothorn|Thunder Wave|p2a: Ferrothorn
|-status|p2a: Ferrothorn|par
|move|p2a: Ferrothorn|Stealth Rock|p1a: Ferrothorn
|-sidestart|p1: Mutako Z|move: Stealth Rock
|
|-weather|SunnyDay|[upkeep]
|-heal|p1a: Ferrothorn|69/100|[from] item: Leftovers
|-heal|p2a: Ferrothorn|75/100 par|[from] item: Leftovers
|upkeep
|turn|8
|inactive|BULOIDE has 120 seconds left.
|
|t:|1612229191
|move|p1a: Ferrothorn|Iron Defense|p1a: Ferrothorn
|-boost|p1a: Ferrothorn|def|2
|move|p2a: Ferrothorn|Knock Off|p1a: Ferrothorn
|-damage|p1a: Ferrothorn|62/100
|-damage|p2a: Ferrothorn|62/100 par|[from] ability: Iron Barbs|[of] p1a: Ferrothorn
|-enditem|p1a: Ferrothorn|Leftovers|[from] move: Knock Off|[of] p2a: Ferrothorn
|
|-weather|none
|-heal|p2a: Ferrothorn|69/100 par|[from] item: Leftovers
|upkeep
|turn|9
|inactive|BULOIDE has 120 seconds left.
|
|t:|1612229204
|switch|p2a: Tapu Koko|Tapu Koko|100/100
|-fieldstart|move: Electric Terrain|[from] ability: Electric Surge|[of] p2a: Tapu Koko
|move|p1a: Ferrothorn|Iron Defense|p1a: Ferrothorn
|-boost|p1a: Ferrothorn|def|2
|
|upkeep
|turn|10
|inactive|BULOIDE has 120 seconds left.
|
|t:|1612229215
|move|p2a: Tapu Koko|Taunt|p1a: Ferrothorn
|-start|p1a: Ferrothorn|move: Taunt
|move|p1a: Ferrothorn|Body Press|p2a: Tapu Koko
|-resisted|p2a: Tapu Koko
|-damage|p2a: Tapu Koko|39/100
|
|upkeep
|turn|11
|inactive|BULOIDE has 120 seconds left.
|
|t:|1612229227
|switch|p2a: Ferrothorn|Ferrothorn, F|69/100 par
|move|p1a: Ferrothorn|Body Press|p2a: Ferrothorn
|-supereffective|p2a: Ferrothorn
|-damage|p2a: Ferrothorn|0 fnt
|-damage|p1a: Ferrothorn|50/100|[from] ability: Iron Barbs|[of] p2a: Ferrothorn
|faint|p2a: Ferrothorn
|
|upkeep
|
|t:|1612229240
|switch|p2a: Cinderace|Cinderace, F|100/100
|turn|12
|
|t:|1612229245
|move|p2a: Cinderace|Pyro Ball|p1a: Ferrothorn
|-supereffective|p1a: Ferrothorn
|-damage|p1a: Ferrothorn|4/100
|move|p1a: Ferrothorn|Body Press|p2a: Cinderace
|-damage|p2a: Cinderace|0 fnt
|faint|p2a: Cinderace
|
|-end|p1a: Ferrothorn|move: Taunt
|upkeep
|inactive|BULOIDE has 120 seconds left.
|
|t:|1612229255
|switch|p2a: Rotom|Rotom-Wash|100/100
|turn|13
|
|t:|1612229263
|move|p2a: Rotom|Volt Switch|p1a: Ferrothorn
|-resisted|p1a: Ferrothorn
|-crit|p1a: Ferrothorn
|-damage|p1a: Ferrothorn|0 fnt
|faint|p1a: Ferrothorn
|
|t:|1612229271
|switch|p2a: Regieleki|Regieleki|100/100|[from]move: Volt Switch
|
|-fieldend|move: Electric Terrain
|upkeep
|
|t:|1612229282
|switch|p1a: Torkoal|Torkoal, M|42/100
|-damage|p1a: Torkoal|17/100|[from] Stealth Rock
|-weather|SunnyDay|[from] ability: Drought|[of] p1a: Torkoal
|turn|14
|
|t:|1612229302
|move|p2a: Regieleki|Wild Charge|p1a: Torkoal
|-damage|p1a: Torkoal|0 fnt
|-damage|p2a: Regieleki|96/100|[from] Recoil
|faint|p1a: Torkoal
|
|-weather|SunnyDay|[upkeep]
|upkeep
|
|t:|1612229310
|switch|p1a: Heatran|Heatran, M|100/100
|-damage|p1a: Heatran|88/100|[from] Stealth Rock
|turn|15
|inactive|BULOIDE has 120 seconds left.
|
|t:|1612229348
|move|p2a: Regieleki|Wild Charge|p1a: Heatran
|-damage|p1a: Heatran|0 fnt
|-damage|p2a: Regieleki|72/100|[from] Recoil
|faint|p1a: Heatran
|
|-weather|SunnyDay|[upkeep]
|upkeep
|
|t:|1612229364
|switch|p1a: Magmortar|Magmortar, F|100/100
|-damage|p1a: Magmortar|75/100|[from] Stealth Rock
|turn|16
|
|t:|1612229369
|move|p2a: Regieleki|Wild Charge|p1a: Magmortar
|-damage|p1a: Magmortar|0 fnt
|-damage|p2a: Regieleki|54/100|[from] Recoil
|faint|p1a: Magmortar
|
|-weather|SunnyDay|[upkeep]
|upkeep
|-message|Mutako Z forfeited.
|
|win|BULOIDE
|l|☆Mutako Z
|c|☆BULOIDE|gg
||Ladder (probably) updated, but score could not be retrieved (Request timeout).
