|html|<div class="broadcast-blue"><strong>[Gen 8] OU is currently suspecting Kyurem! For information on how to participate check out the <a href="https://www.smogon.com/forums/threads/np-ss-ou-suspect-process-round-11-break-the-ice.3694129/">suspect thread</a>.</strong></div>
|j|☆imchokingrn
|j|☆LudwigFrog
|t:|1638147957
|gametype|singles
|player|p1|imchokingrn|backpacker|1724
|player|p2|LudwigFrog|hilbert-wonderlauncher|1722
|teamsize|p1|6
|teamsize|p2|6
|gen|8
|tier|[Gen 8] OU
|rated|
|rule|Sleep Clause Mod: Limit one foe put to sleep
|rule|Species Clause: Limit one of each Pokémon
|rule|OHKO Clause: OHKO moves are banned
|rule|Evasion Moves Clause: Evasion moves are banned
|rule|Endless Battle Clause: Forcing endless battles is banned
|rule|HP Percentage Mod: HP is shown in percentages
|rule|Dynamax Clause: You cannot dynamax
|clearpoke
|poke|p1|Zeraora|
|poke|p1|Urshifu-*, F|
|poke|p1|Kyurem|
|poke|p1|Slowking-Galar, M|
|poke|p1|Corviknight, F|
|poke|p1|Hippowdon, F|
|poke|p2|Dragonite, F|
|poke|p2|Magnezone|
|poke|p2|Corviknight, M|
|poke|p2|Tapu Fini|
|poke|p2|Kartana|
|poke|p2|Garchomp, F|
|teampreview
|inactive|Battle timer is ON: inactive players will automatically lose when time's up. (requested by LudwigFrog)
|
|t:|1638147981
|start
|switch|p1a: Kyurem|Kyurem|100/100
|switch|p2a: Garchomp|Garchomp, F|100/100
|-ability|p1a: Kyurem|Pressure
|turn|1
|j| Electroman102
|
|t:|1638147993
|switch|p2a: Corviknight|Corviknight, M|100/100
|-ability|p2a: Corviknight|Pressure
|move|p1a: Kyurem|Freeze-Dry|p2a: Corviknight
|-damage|p2a: Corviknight|59/100
|
|-heal|p2a: Corviknight|65/100|[from] item: Leftovers
|upkeep
|turn|2
|
|t:|1638147996
|move|p1a: Kyurem|Freeze-Dry|p2a: Corviknight
|-damage|p2a: Corviknight|26/100
|-status|p2a: Corviknight|frz
|cant|p2a: Corviknight|frz
|
|-heal|p2a: Corviknight|32/100 frz|[from] item: Leftovers
|upkeep
|turn|3
|
|t:|1638148000
|switch|p2a: Magnezone|Magnezone|100/100
|move|p1a: Kyurem|Freeze-Dry|p2a: Magnezone
|-resisted|p2a: Magnezone
|-damage|p2a: Magnezone|64/100
|
|upkeep
|turn|4
|
|t:|1638148007
|switch|p1a: Slowking|Slowking-Galar, M|100/100
|switch|p2a: Dragonite|Dragonite, F|100/100
|
|upkeep
|turn|5
|
|t:|1638148013
|switch|p1a: Kyurem|Kyurem|100/100
|-ability|p1a: Kyurem|Pressure
|move|p2a: Dragonite|Earthquake|p1a: Kyurem
|-damage|p1a: Kyurem|46/100
|
|upkeep
|turn|6
|
|t:|1638148024
|switch|p2a: Corviknight|Corviknight, M|32/100 frz
|-ability|p2a: Corviknight|Pressure
|move|p1a: Kyurem|Freeze-Dry|p2a: Corviknight
|-damage|p2a: Corviknight|0 fnt
|faint|p2a: Corviknight
|
|upkeep
|
|t:|1638148032
|switch|p2a: Kartana|Kartana|100/100
|turn|7
|
|t:|1638148045
|switch|p1a: Corviknight|Corviknight, F|100/100
|-ability|p1a: Corviknight|Pressure
|move|p2a: Kartana|Knock Off|p1a: Corviknight
|-damage|p1a: Corviknight|73/100
|-damage|p2a: Kartana|84/100|[from] item: Rocky Helmet|[of] p1a: Corviknight
|-enditem|p1a: Corviknight|Rocky Helmet|[from] move: Knock Off|[of] p2a: Kartana
|
|upkeep
|turn|8
|
|t:|1638148051
|switch|p2a: Tapu Fini|Tapu Fini|100/100
|-fieldstart|move: Misty Terrain|[from] ability: Misty Surge|[of] p2a: Tapu Fini
|move|p1a: Corviknight|U-turn|p2a: Tapu Fini
|-resisted|p2a: Tapu Fini
|-damage|p2a: Tapu Fini|95/100
|
|t:|1638148060
|switch|p1a: Slowking|Slowking-Galar, M|100/100|[from]move: U-turn
|
|-heal|p2a: Tapu Fini|100/100|[from] item: Leftovers
|upkeep
|turn|9
|
|t:|1638148065
|switch|p2a: Garchomp|Garchomp, F|100/100
|move|p1a: Slowking|Future Sight|p2a: Garchomp
|-start|p1a: Slowking|move: Future Sight
|
|upkeep
|turn|10
|
|t:|1638148076
|switch|p1a: Hippowdon|Hippowdon, F|100/100
|-weather|Sandstorm|[from] ability: Sand Stream|[of] p1a: Hippowdon
|move|p2a: Garchomp|Stealth Rock|p1a: Hippowdon
|-sidestart|p1: imchokingrn|move: Stealth Rock
|
|-weather|Sandstorm|[upkeep]
|upkeep
|turn|11
|
|t:|1638148087
|switch|p2a: Kartana|Kartana|84/100
|move|p1a: Hippowdon|Stealth Rock|p2a: Kartana
|-sidestart|p2: LudwigFrog|move: Stealth Rock
|
|-weather|Sandstorm|[upkeep]
|-end|p2a: Kartana|move: Future Sight
|-resisted|p2a: Kartana
|-damage|p2a: Kartana|10/100
|upkeep
|turn|12
|
|t:|1638148094
|switch|p1a: Corviknight|Corviknight, F|73/100
|-damage|p1a: Corviknight|61/100|[from] Stealth Rock
|-ability|p1a: Corviknight|Pressure
|move|p2a: Kartana|Leaf Blade|p1a: Corviknight
|-resisted|p1a: Corviknight
|-damage|p1a: Corviknight|52/100
|
|-weather|Sandstorm|[upkeep]
|-fieldend|Misty Terrain
|upkeep
|turn|13
|
|t:|1638148104
|switch|p2a: Magnezone|Magnezone|64/100
|-damage|p2a: Magnezone|58/100|[from] Stealth Rock
|move|p1a: Corviknight|U-turn|p2a: Magnezone
|-resisted|p2a: Magnezone
|-damage|p2a: Magnezone|52/100
|
|t:|1638148119
|switch|p1a: Zeraora|Zeraora|100/100|[from]move: U-turn
|-damage|p1a: Zeraora|88/100|[from] Stealth Rock
|
|-weather|Sandstorm|[upkeep]
|-damage|p1a: Zeraora|82/100|[from] Sandstorm
|upkeep
|turn|14
|
|t:|1638148126
|move|p1a: Zeraora|Close Combat|p2a: Magnezone
|-supereffective|p2a: Magnezone
|-damage|p2a: Magnezone|0 fnt
|-unboost|p1a: Zeraora|def|1
|-unboost|p1a: Zeraora|spd|1
|faint|p2a: Magnezone
|
|-weather|none
|upkeep
|
|t:|1638148131
|switch|p2a: Garchomp|Garchomp, F|100/100
|-damage|p2a: Garchomp|94/100|[from] Stealth Rock
|turn|15
|
|t:|1638148136
|switch|p1a: Corviknight|Corviknight, F|52/100
|-damage|p1a: Corviknight|40/100|[from] Stealth Rock
|-ability|p1a: Corviknight|Pressure
|move|p2a: Garchomp|Stone Edge|p1a: Corviknight
|-damage|p1a: Corviknight|23/100
|
|-heal|p2a: Garchomp|100/100|[from] item: Leftovers
|upkeep
|turn|16
|
|t:|1638148141
|move|p2a: Garchomp|Stone Edge|p1a: Corviknight
|-damage|p1a: Corviknight|5/100
|move|p1a: Corviknight|Roost|p1a: Corviknight
|-heal|p1a: Corviknight|55/100
|-singleturn|p1a: Corviknight|move: Roost
|
|upkeep
|turn|17
|
|t:|1638148143
|move|p2a: Garchomp|Stone Edge|p1a: Corviknight
|-crit|p1a: Corviknight
|-damage|p1a: Corviknight|28/100
|move|p1a: Corviknight|Roost|p1a: Corviknight
|-heal|p1a: Corviknight|78/100
|-singleturn|p1a: Corviknight|move: Roost
|
|upkeep
|turn|18
|
|t:|1638148146
|move|p2a: Garchomp|Stone Edge|p1a: Corviknight|[miss]
|-miss|p2a: Garchomp|p1a: Corviknight
|move|p1a: Corviknight|Roost|p1a: Corviknight
|-heal|p1a: Corviknight|100/100
|-singleturn|p1a: Corviknight|move: Roost
|
|upkeep
|turn|19
|-message|LudwigFrog forfeited.
|
|win|imchokingrn
|raw|imchokingrn's rating: 1724 &rarr; <strong>1744</strong><br />(+20 for winning)
|raw|LudwigFrog's rating: 1722 &rarr; <strong>1702</strong><br />(-20 for losing)
|l|☆LudwigFrog
