|j|☆samohi0
|j|☆JeffS69
|t:|1663440180
|gametype|singles
|player|p1|samohi0|101|1667
|player|p2|JeffS69|elesa|1651
|teamsize|p1|6
|teamsize|p2|6
|gen|8
|tier|[Gen 8] OU
|rated|
|rule|Sleep Clause Mod: Limit one foe put to sleep
|rule|Species Clause: Limit one of each Pokémon
|rule|OHKO Clause: OHKO moves are banned
|rule|Evasion Items Clause: Evasion items are banned
|rule|Evasion Moves Clause: Evasion moves are banned
|rule|Endless Battle Clause: Forcing endless battles is banned
|rule|HP Percentage Mod: HP is shown in percentages
|rule|Dynamax Clause: You cannot dynamax
|clearpoke
|poke|p1|Nihilego|
|poke|p1|Ferrothorn, M|
|poke|p1|Tapu Fini|
|poke|p1|Weavile, M|
|poke|p1|Dragapult, M|
|poke|p1|Landorus-Therian, M|
|poke|p2|Landorus-Therian, M|
|poke|p2|Heatran, M|
|poke|p2|Dragapult, M|
|poke|p2|Urshifu-*, F|
|poke|p2|Slowbro, M|
|poke|p2|Nidoking, M|
|teampreview
|inactive|Battle timer is ON: inactive players will automatically lose when time's up. (requested by JeffS69)
|
|t:|1663440206
|start
|switch|p1a: Nihilego|Nihilego|100/100
|switch|p2a: Dragapult|Dragapult, M|100/100
|turn|1
|
|t:|1663440211
|move|p2a: Dragapult|U-turn|p1a: Nihilego
|-resisted|p1a: Nihilego
|-damage|p1a: Nihilego|86/100
|
|t:|1663440212
|switch|p2a: Landorus|Landorus-Therian, M|100/100|[from]move: U-turn
|-ability|p2a: Landorus|Intimidate|boost
|-unboost|p1a: Nihilego|atk|1
|move|p1a: Nihilego|Meteor Beam||[still]
|-prepare|p1a: Nihilego|Meteor Beam
|-boost|p1a: Nihilego|spa|1
|-enditem|p1a: Nihilego|Power Herb
|-anim|p1a: Nihilego|Meteor Beam|p2a: Landorus
|-damage|p2a: Landorus|37/100
|
|-heal|p2a: Landorus|43/100|[from] item: Leftovers
|upkeep
|turn|2
|
|t:|1663440219
|move|p1a: Nihilego|Power Gem|p2a: Landorus
|-damage|p2a: Landorus|0 fnt
|faint|p2a: Landorus
|-ability|p1a: Nihilego|Beast Boost|boost
|-boost|p1a: Nihilego|spe|1
|
|upkeep
|
|t:|1663440225
|switch|p2a: Heatran|Heatran, M|100/100
|turn|3
|
|t:|1663440227
|move|p1a: Nihilego|Power Gem|p2a: Heatran
|-damage|p2a: Heatran|61/100
|move|p2a: Heatran|Earth Power|p1a: Nihilego
|-supereffective|p1a: Nihilego
|-damage|p1a: Nihilego|11/100
|
|-heal|p2a: Heatran|67/100|[from] item: Leftovers
|upkeep
|turn|4
|
|t:|1663440233
|move|p1a: Nihilego|Power Gem|p2a: Heatran
|-damage|p2a: Heatran|34/100
|move|p2a: Heatran|Magma Storm|p1a: Nihilego
|-resisted|p1a: Nihilego
|-damage|p1a: Nihilego|0 fnt
|faint|p1a: Nihilego
|
|-heal|p2a: Heatran|40/100|[from] item: Leftovers
|upkeep
|
|t:|1663440240
|switch|p1a: Landorus|Landorus-Therian, M|100/100
|-ability|p1a: Landorus|Intimidate|boost
|-unboost|p2a: Heatran|atk|1
|turn|5
|
|t:|1663440244
|switch|p2a: Slowbro|Slowbro, M|100/100
|move|p1a: Landorus|Earthquake|p2a: Slowbro
|-damage|p2a: Slowbro|72/100
|
|upkeep
|turn|6
|
|t:|1663440247
|move|p1a: Landorus|Toxic|p2a: Slowbro
|-status|p2a: Slowbro|tox
|move|p2a: Slowbro|Scald|p1a: Landorus
|-supereffective|p1a: Landorus
|-damage|p1a: Landorus|56/100
|-status|p1a: Landorus|brn
|
|-heal|p1a: Landorus|62/100 brn|[from] item: Leftovers
|-damage|p2a: Slowbro|66/100 tox|[from] psn
|-damage|p1a: Landorus|56/100 brn|[from] brn
|upkeep
|turn|7
|
|t:|1663440250
|move|p1a: Landorus|U-turn|p2a: Slowbro
|-supereffective|p2a: Slowbro
|-damage|p2a: Slowbro|53/100 tox
|
|t:|1663440252
|switch|p1a: Tapu Fini|Tapu Fini|100/100|[from]move: U-turn
|-fieldstart|move: Misty Terrain|[from] ability: Misty Surge|[of] p1a: Tapu Fini
|move|p2a: Slowbro|Teleport|p2a: Slowbro
|
|t:|1663440256
|switch|p2a: Nidoking|Nidoking, M|100/100|[from]move: Teleport
|
|upkeep
|turn|8
|
|t:|1663440259
|switch|p1a: Landorus|Landorus-Therian, M|56/100 brn
|-ability|p1a: Landorus|Intimidate|boost
|-unboost|p2a: Nidoking|atk|1
|move|p2a: Nidoking|Earth Power|p1a: Landorus
|-immune|p1a: Landorus
|
|-heal|p1a: Landorus|62/100 brn|[from] item: Leftovers
|-damage|p1a: Landorus|56/100 brn|[from] brn
|upkeep
|turn|9
|
|t:|1663440261
|move|p2a: Nidoking|Ice Beam|p1a: Landorus
|-supereffective|p1a: Landorus
|-damage|p1a: Landorus|0 fnt
|faint|p1a: Landorus
|
|upkeep
|
|t:|1663440267
|switch|p1a: Weavile|Weavile, M|100/100
|-ability|p1a: Weavile|Pressure
|turn|10
|
|t:|1663440283
|switch|p2a: Heatran|Heatran, M|40/100
|move|p1a: Weavile|Knock Off|p2a: Heatran
|-damage|p2a: Heatran|0 fnt
|-enditem|p2a: Heatran|Leftovers|[from] move: Knock Off|[of] p1a: Weavile
|faint|p2a: Heatran
|
|upkeep
|
|t:|1663440287
|switch|p2a: Urshifu|Urshifu-Rapid-Strike, F|100/100
|turn|11
|
|t:|1663440299
|switch|p1a: Ferrothorn|Ferrothorn, M|100/100
|move|p2a: Urshifu|U-turn|p1a: Ferrothorn
|-damage|p1a: Ferrothorn|80/100
|-damage|p2a: Urshifu|88/100|[from] ability: Iron Barbs|[of] p1a: Ferrothorn
|
|t:|1663440309
|switch|p2a: Nidoking|Nidoking, M|100/100|[from]move: U-turn
|
|-heal|p1a: Ferrothorn|86/100|[from] item: Leftovers
|-fieldend|Misty Terrain
|upkeep
|turn|12
|
|t:|1663440312
|switch|p1a: Dragapult|Dragapult, M|100/100
|move|p2a: Nidoking|Earth Power|p1a: Dragapult
|-damage|p1a: Dragapult|25/100
|
|upkeep
|turn|13
|
|t:|1663440319
|switch|p2a: Slowbro|Slowbro, M|87/100 tox
|move|p1a: Dragapult|Shadow Ball|p2a: Slowbro
|-supereffective|p2a: Slowbro
|-damage|p2a: Slowbro|0 fnt
|faint|p2a: Slowbro
|
|upkeep
|
|t:|1663440332
|switch|p2a: Dragapult|Dragapult, M|100/100
|turn|14
|
|t:|1663440335
|move|p2a: Dragapult|Shadow Ball|p1a: Dragapult
|-supereffective|p1a: Dragapult
|-damage|p1a: Dragapult|0 fnt
|faint|p1a: Dragapult
|
|upkeep
|
|t:|1663440336
|switch|p1a: Weavile|Weavile, M|100/100
|-ability|p1a: Weavile|Pressure
|turn|15
|
|t:|1663440338
|move|p2a: Dragapult|Shadow Ball|p1a: Weavile
|-resisted|p1a: Weavile
|-damage|p1a: Weavile|66/100
|move|p1a: Weavile|Knock Off|p2a: Dragapult
|-supereffective|p2a: Dragapult
|-damage|p2a: Dragapult|0 fnt
|-enditem|p2a: Dragapult|Choice Specs|[from] move: Knock Off|[of] p1a: Weavile
|faint|p2a: Dragapult
|
|upkeep
|
|t:|1663440343
|switch|p2a: Urshifu|Urshifu-Rapid-Strike, F|88/100
|turn|16
|
|t:|1663440346
|switch|p1a: Ferrothorn|Ferrothorn, M|86/100
|move|p2a: Urshifu|Close Combat|p1a: Ferrothorn
|-supereffective|p1a: Ferrothorn
|-damage|p1a: Ferrothorn|0 fnt
|-unboost|p2a: Urshifu|def|1
|-unboost|p2a: Urshifu|spd|1
|-damage|p2a: Urshifu|76/100|[from] ability: Iron Barbs|[of] p1a: Ferrothorn
|faint|p1a: Ferrothorn
|
|upkeep
|
|t:|1663440348
|switch|p1a: Tapu Fini|Tapu Fini|100/100
|-fieldstart|move: Misty Terrain|[from] ability: Misty Surge|[of] p1a: Tapu Fini
|turn|17
|
|t:|1663440355
|switch|p1a: Weavile|Weavile, M|66/100
|-ability|p1a: Weavile|Pressure
|move|p2a: Urshifu|Close Combat|p1a: Weavile
|-supereffective|p1a: Weavile
|-damage|p1a: Weavile|0 fnt
|-unboost|p2a: Urshifu|def|1
|-unboost|p2a: Urshifu|spd|1
|faint|p1a: Weavile
|
|upkeep
|
|t:|1663440357
|switch|p1a: Tapu Fini|Tapu Fini|100/100
|turn|18
|
|t:|1663440365
|move|p2a: Urshifu|Close Combat|p1a: Tapu Fini
|-resisted|p1a: Tapu Fini
|-damage|p1a: Tapu Fini|69/100
|-unboost|p2a: Urshifu|def|1
|-unboost|p2a: Urshifu|spd|1
|move|p1a: Tapu Fini|Whirlpool|p2a: Urshifu|[miss]
|-miss|p1a: Tapu Fini|p2a: Urshifu
|
|-heal|p1a: Tapu Fini|75/100|[from] item: Leftovers
|upkeep
|turn|19
|
|t:|1663440369
|move|p2a: Urshifu|Close Combat|p1a: Tapu Fini
|-resisted|p1a: Tapu Fini
|-damage|p1a: Tapu Fini|39/100
|-unboost|p2a: Urshifu|def|1
|-unboost|p2a: Urshifu|spd|1
|move|p1a: Tapu Fini|Moonblast|p2a: Urshifu
|-supereffective|p2a: Urshifu
|-damage|p2a: Urshifu|0 fnt
|faint|p2a: Urshifu
|
|-heal|p1a: Tapu Fini|46/100|[from] item: Leftovers
|upkeep
|
|t:|1663440372
|switch|p2a: Nidoking|Nidoking, M|100/100
|turn|20
|
|t:|1663440374
|move|p2a: Nidoking|Sludge Wave|p1a: Tapu Fini
|-supereffective|p1a: Tapu Fini
|-damage|p1a: Tapu Fini|0 fnt
|faint|p1a: Tapu Fini
|
|win|JeffS69
|raw|samohi0's rating: 1667 &rarr; <strong>1646</strong><br />(-21 for losing)
|raw|JeffS69's rating: 1651 &rarr; <strong>1672</strong><br />(+21 for winning)
|l|☆samohi0
||Ladder isn't responding, score probably updated but might not have (Request timeout).
