|j|☆testotesto321
|j|☆pesoa
|player|p1|testotesto321|bellelba|1585
|player|p2|pesoa|257|1611
|teamsize|p1|6
|teamsize|p2|6
|gametype|singles
|gen|8
|tier|[Gen 8] OU
|rated|
|html|<div class="broadcast-red"><strong>OU is currently suspecting Melmetal! For information on how to participate check out the <a href="https://www.smogon.com/forums/threads/3662190/">suspect thread</a>.</strong></div>
|clearpoke
|poke|p1|Kyurem|
|poke|p1|Clefable, M|
|poke|p1|Dragapult, F|
|poke|p1|Seismitoad, M|
|poke|p1|Corviknight, F|
|poke|p1|Zeraora|
|poke|p2|Cinderace, F|
|poke|p2|Crawdaunt, F|
|poke|p2|Cloyster, F|
|poke|p2|Zeraora|
|poke|p2|Dragapult, M|
|poke|p2|Terrakion|
|rule|Sleep Clause Mod: Limit one foe put to sleep
|rule|Species Clause: Limit one of each Pokémon
|rule|OHKO Clause: OHKO moves are banned
|rule|Evasion Moves Clause: Evasion moves are banned
|rule|Endless Battle Clause: Forcing endless battles is banned
|rule|HP Percentage Mod: HP is shown in percentages
|rule|Dynamax Clause: You cannot dynamax
|teampreview
|
|start
|switch|p1a: Dragapult|Dragapult, F|100/100
|switch|p2a: Terrakion|Terrakion|100/100
|turn|1
|
|move|p1a: Dragapult|U-turn|p2a: Terrakion
|-resisted|p2a: Terrakion
|-damage|p2a: Terrakion|90/100
|inactive|Battle timer is ON: inactive players will automatically lose when time's up. (requested by pesoa)
|
|switch|p1a: Seismitoad|Seismitoad, M|100/100|[from]move: U-turn
|move|p2a: Terrakion|Stealth Rock|p1a: Seismitoad
|-sidestart|p1: testotesto321|move: Stealth Rock
|
|upkeep
|turn|2
|
|move|p2a: Terrakion|Close Combat|p1a: Seismitoad
|-damage|p1a: Seismitoad|58/100
|-unboost|p2a: Terrakion|def|1
|-unboost|p2a: Terrakion|spd|1
|move|p1a: Seismitoad|Earth Power|p2a: Terrakion
|-supereffective|p2a: Terrakion
|-damage|p2a: Terrakion|0 fnt
|faint|p2a: Terrakion
|
|-heal|p1a: Seismitoad|64/100|[from] item: Leftovers
|upkeep
|
|switch|p2a: Zeraora|Zeraora|100/100
|turn|3
|
|switch|p1a: Corviknight|Corviknight, F, shiny|100/100
|-damage|p1a: Corviknight|88/100|[from] Stealth Rock
|-ability|p1a: Corviknight|Pressure
|move|p2a: Zeraora|Bulk Up|p2a: Zeraora
|-boost|p2a: Zeraora|atk|1
|-boost|p2a: Zeraora|def|1
|
|-heal|p1a: Corviknight|94/100|[from] item: Leftovers
|upkeep
|turn|4
|
|switch|p1a: Seismitoad|Seismitoad, M|64/100
|-damage|p1a: Seismitoad|58/100|[from] Stealth Rock
|move|p2a: Zeraora|Plasma Fists|p1a: Seismitoad
|-immune|p1a: Seismitoad
|
|-heal|p1a: Seismitoad|64/100|[from] item: Leftovers
|upkeep
|turn|5
|
|move|p2a: Zeraora|Grass Knot|p1a: Seismitoad
|-supereffective|p1a: Seismitoad
|-damage|p1a: Seismitoad|0 fnt
|faint|p1a: Seismitoad
|
|upkeep
|
|switch|p1a: Dragapult|Dragapult, F|100/100
|-damage|p1a: Dragapult|88/100|[from] Stealth Rock
|turn|6
|
|switch|p2a: Crawdaunt|Crawdaunt, F|100/100
|move|p1a: Dragapult|Draco Meteor|p2a: Crawdaunt
|-damage|p2a: Crawdaunt|0 fnt
|-unboost|p1a: Dragapult|spa|2
|faint|p2a: Crawdaunt
|
|upkeep
|
|switch|p2a: Cinderace|Cinderace, F|100/100
|turn|7
|
|switch|p1a: Clefable|Clefable, M|100/100
|move|p2a: Cinderace|Pyro Ball|p1a: Clefable
|-damage|p1a: Clefable|2/100
|
|-heal|p1a: Clefable|8/100|[from] item: Leftovers
|upkeep
|turn|8
|
|move|p1a: Clefable|Protect|p1a: Clefable
|-singleturn|p1a: Clefable|Protect
|move|p2a: Cinderace|Pyro Ball|p1a: Clefable
|-activate|p1a: Clefable|move: Protect
|
|-heal|p1a: Clefable|14/100|[from] item: Leftovers
|upkeep
|turn|9
|
|move|p2a: Cinderace|Pyro Ball|p1a: Clefable
|-damage|p1a: Clefable|0 fnt
|faint|p1a: Clefable
|
|upkeep
|
|switch|p1a: Zeraora|Zeraora|100/100
|-damage|p1a: Zeraora|88/100|[from] Stealth Rock
|turn|10
|
|move|p1a: Zeraora|Plasma Fists|p2a: Cinderace
|-damage|p2a: Cinderace|12/100
|-fieldactivate|move: Ion Deluge
|-damage|p1a: Zeraora|78/100|[from] item: Life Orb
|move|p2a: Cinderace|Pyro Ball|p1a: Zeraora
|-damage|p1a: Zeraora|0 fnt
|faint|p1a: Zeraora
|
|upkeep
|
|switch|p1a: Dragapult|Dragapult, F|88/100
|-damage|p1a: Dragapult|76/100|[from] Stealth Rock
|turn|11
|
|switch|p2a: Cloyster|Cloyster, F|100/100
|move|p1a: Dragapult|Shadow Ball|p2a: Cloyster
|-enditem|p2a: Cloyster|Focus Sash
|-damage|p2a: Cloyster|1/100
|
|upkeep
|turn|12
|
|switch|p1a: Corviknight|Corviknight, F, shiny|94/100
|-damage|p1a: Corviknight|82/100|[from] Stealth Rock
|-ability|p1a: Corviknight|Pressure
|move|p2a: Cloyster|Shell Smash|p2a: Cloyster
|-unboost|p2a: Cloyster|def|1
|-unboost|p2a: Cloyster|spd|1
|-boost|p2a: Cloyster|atk|2
|-boost|p2a: Cloyster|spa|2
|-boost|p2a: Cloyster|spe|2
|
|-heal|p1a: Corviknight|88/100|[from] item: Leftovers
|upkeep
|turn|13
|
|move|p2a: Cloyster|Icicle Spear|p1a: Corviknight
|-damage|p1a: Corviknight|68/100
|-damage|p1a: Corviknight|51/100
|-crit|p1a: Corviknight
|-damage|p1a: Corviknight|22/100
|-damage|p1a: Corviknight|3/100
|-damage|p1a: Corviknight|0 fnt
|-hitcount|p1a: Corviknight|5
|faint|p1a: Corviknight
|
|upkeep
|
|switch|p1a: Dragapult|Dragapult, F|76/100
|-damage|p1a: Dragapult|64/100|[from] Stealth Rock
|turn|14
|
|move|p2a: Cloyster|Ice Shard|p1a: Dragapult
|-supereffective|p1a: Dragapult
|-damage|p1a: Dragapult|0 fnt
|faint|p1a: Dragapult
|
|upkeep
|c|☆pesoa|gg
|-message|testotesto321 forfeited.
|
|win|pesoa
|l|☆testotesto321
|raw|testotesto321's rating: 1585 &rarr; <strong>1566</strong><br />(-19 for losing)
|raw|pesoa's rating: 1611 &rarr; <strong>1629</strong><br />(+18 for winning)
