|j|☆NeoNaruto®++
|j|☆Pinkacross
|inactive|Battle timer is ON: inactive players will automatically lose when time's up.
|t:|1662257587
|gametype|singles
|player|p1|NeoNaruto®++|burglar-gen1rb|
|player|p2|Pinkacross|artist|
|teamsize|p1|6
|teamsize|p2|6
|gen|8
|tier|[Gen 8] OU
|rated|Tournament battle
|rule|Sleep Clause Mod: Limit one foe put to sleep
|rule|Species Clause: Limit one of each Pokémon
|rule|OHKO Clause: OHKO moves are banned
|rule|Evasion Items Clause: Evasion items are banned
|rule|Evasion Moves Clause: Evasion moves are banned
|rule|Endless Battle Clause: Forcing endless battles is banned
|rule|HP Percentage Mod: HP is shown in percentages
|rule|Dynamax Clause: You cannot dynamax
|clearpoke
|poke|p1|Landorus-Therian, M|
|poke|p1|Ferrothorn, F|
|poke|p1|Tapu Koko|
|poke|p1|Dragonite, M|
|poke|p1|Darmanitan, M|
|poke|p1|Tyranitar, F|
|poke|p2|Moltres-Galar|
|poke|p2|Bisharp, M|
|poke|p2|Volcarona, F|
|poke|p2|Volcanion|
|poke|p2|Ninetales-Alola, F|
|poke|p2|Landorus-Therian, M|
|teampreview
|inactive|NeoNaruto®++ also wants the timer to be on.
|c|☆Pinkacross|hf
|j| strangestger
|c|☆Pinkacross|DARM
|j| honest heartz
|j| Lord Xen VII
|c|☆Pinkacross|lets gooooo
|j| ilovecake12
|j| Juni01
|j| tytyui↻
|
|t:|1662257599
|start
|switch|p1a: VODECi|Tapu Koko|100/100
|switch|p2a: Landorus|Landorus-Therian, M|100/100
|-fieldstart|move: Electric Terrain|[from] ability: Electric Surge|[of] p1a: VODECi
|-ability|p2a: Landorus|Intimidate|boost
|-unboost|p1a: VODECi|atk|1
|turn|1
|
|t:|1662257603
|switch|p1a: Bernie Landers|Landorus-Therian, M|100/100
|-ability|p1a: Bernie Landers|Intimidate|boost
|-unboost|p2a: Landorus|atk|1
|move|p2a: Landorus|U-turn|p1a: Bernie Landers
|-resisted|p1a: Bernie Landers
|-damage|p1a: Bernie Landers|91/100
|-damage|p2a: Landorus|84/100|[from] item: Rocky Helmet|[of] p1a: Bernie Landers
|
|t:|1662257606
|switch|p2a: Ninetales|Ninetales-Alola, F|100/100|[from]move: U-turn
|-weather|Hail|[from] ability: Snow Warning|[of] p2a: Ninetales
|
|-weather|Hail|[upkeep]
|-damage|p1a: Bernie Landers|85/100|[from] Hail
|upkeep
|turn|2
|
|t:|1662257608
|switch|p1a: DA LAST REX(3005)|Tyranitar, F|100/100
|-weather|Sandstorm|[from] ability: Sand Stream|[of] p1a: DA LAST REX(3005)
|move|p2a: Ninetales|Hail|p2a: Ninetales
|-weather|Hail
|
|-weather|Hail|[upkeep]
|-damage|p1a: DA LAST REX(3005)|94/100|[from] Hail
|upkeep
|turn|3
|j| Chocman
|
|t:|1662257612
|move|p2a: Ninetales|Aurora Veil|p2a: Ninetales
|-sidestart|p2: Pinkacross|move: Aurora Veil
|move|p1a: DA LAST REX(3005)|Heavy Slam|p2a: Ninetales
|-supereffective|p2a: Ninetales
|-damage|p2a: Ninetales|12/100
|
|-weather|Hail|[upkeep]
|-damage|p1a: DA LAST REX(3005)|88/100|[from] Hail
|upkeep
|turn|4
|j| 404O
|
|t:|1662257625
|switch|p2a: Volcanion|Volcanion|100/100
|move|p1a: DA LAST REX(3005)|Stone Edge|p2a: Volcanion
|-supereffective|p2a: Volcanion
|-damage|p2a: Volcanion|62/100
|
|-weather|Hail|[upkeep]
|-damage|p2a: Volcanion|56/100|[from] Hail
|-damage|p1a: DA LAST REX(3005)|82/100|[from] Hail
|upkeep
|turn|5
|j| Pikablu007
|l| Pikablu007
|
|t:|1662257635
|move|p2a: Volcanion|Steam Eruption|p1a: DA LAST REX(3005)
|-supereffective|p1a: DA LAST REX(3005)
|-damage|p1a: DA LAST REX(3005)|25/100
|move|p1a: DA LAST REX(3005)|Earthquake|p2a: Volcanion
|-supereffective|p2a: Volcanion
|-damage|p2a: Volcanion|32/100
|
|-weather|Hail|[upkeep]
|-damage|p2a: Volcanion|26/100|[from] Hail
|-damage|p1a: DA LAST REX(3005)|19/100|[from] Hail
|-fieldend|move: Electric Terrain
|upkeep
|turn|6
|j| Pokemon Hates Me
|
|t:|1662257645
|move|p2a: Volcanion|Steam Eruption|p1a: DA LAST REX(3005)
|-supereffective|p1a: DA LAST REX(3005)
|-damage|p1a: DA LAST REX(3005)|0 fnt
|faint|p1a: DA LAST REX(3005)
|
|-weather|none
|upkeep
|j|%Sww-Suwa
|l| ilovecake12
|j| Rovergz
|
|t:|1662257648
|switch|p1a: VODECi|Tapu Koko|100/100
|-fieldstart|move: Electric Terrain|[from] ability: Electric Surge|[of] p1a: VODECi
|turn|7
|
|t:|1662257651
|switch|p2a: Landorus|Landorus-Therian, M|84/100
|-ability|p2a: Landorus|Intimidate|boost
|-unboost|p1a: VODECi|atk|1
|move|p1a: VODECi|Volt Switch|p2a: Landorus
|-immune|p2a: Landorus
|
|upkeep
|turn|8
|j| freerobuxman
|
|t:|1662257654
|switch|p1a: RX PAPi|Ferrothorn, F|100/100
|move|p2a: Landorus|U-turn|p1a: RX PAPi
|-damage|p1a: RX PAPi|75/100
|-damage|p2a: Landorus|72/100|[from] ability: Iron Barbs|[of] p1a: RX PAPi
|-damage|p2a: Landorus|55/100|[from] item: Rocky Helmet|[of] p1a: RX PAPi
|
|t:|1662257655
|switch|p2a: Volcarona|Volcarona, F|100/100|[from]move: U-turn
|
|upkeep
|turn|9
|
|t:|1662257661
|move|p2a: Volcarona|Flamethrower|p1a: RX PAPi
|-supereffective|p1a: RX PAPi
|-damage|p1a: RX PAPi|0 fnt
|faint|p1a: RX PAPi
|
|upkeep
|
|t:|1662257663
|switch|p1a: PURRP FOR SALE|Darmanitan, M|100/100
|turn|10
|
|t:|1662257668
|move|p1a: PURRP FOR SALE|Flare Blitz|p2a: Volcarona
|-damage|p2a: Volcarona|36/100
|-damage|p1a: PURRP FOR SALE|78/100|[from] Recoil
|move|p2a: Volcarona|Quiver Dance|p2a: Volcarona
|-boost|p2a: Volcarona|spa|1
|-boost|p2a: Volcarona|spd|1
|-boost|p2a: Volcarona|spe|1
|
|-heal|p2a: Volcarona|42/100|[from] item: Leftovers
|-sideend|p2: Pinkacross|move: Aurora Veil
|upkeep
|turn|11
|
|t:|1662257672
|switch|p1a: Fat Charizard|Dragonite, M, shiny|100/100
|move|p2a: Volcarona|Substitute|p2a: Volcarona
|-start|p2a: Volcarona|Substitute
|-damage|p2a: Volcarona|17/100
|
|-heal|p2a: Volcarona|24/100|[from] item: Leftovers
|-fieldend|move: Electric Terrain
|upkeep
|turn|12
|
|t:|1662257678
|move|p2a: Volcarona|Flamethrower|p1a: Fat Charizard
|-resisted|p1a: Fat Charizard
|-damage|p1a: Fat Charizard|83/100
|move|p1a: Fat Charizard|Dual Wingbeat|p2a: Volcarona
|-supereffective|p2a: Volcarona
|-end|p2a: Volcarona|Substitute
|-supereffective|p2a: Volcarona
|-damage|p2a: Volcarona|0 fnt
|faint|p2a: Volcarona
|-hitcount|p2: Volcarona|2
|
|upkeep
|
|t:|1662257685
|switch|p2a: Ninetales|Ninetales-Alola, F|12/100
|-weather|Hail|[from] ability: Snow Warning|[of] p2a: Ninetales
|turn|13
|
|t:|1662257687
|move|p1a: Fat Charizard|Extreme Speed|p2a: Ninetales
|-crit|p2a: Ninetales
|-damage|p2a: Ninetales|0 fnt
|faint|p2a: Ninetales
|
|-weather|Hail|[upkeep]
|-damage|p1a: Fat Charizard|77/100|[from] Hail
|upkeep
|c|☆Pinkacross|O
|c|☆Pinkacross|surprissed pikachu face
|
|t:|1662257696
|switch|p2a: Moltres|Moltres-Galar|100/100
|turn|14
|
|t:|1662257700
|move|p2a: Moltres|Agility|p2a: Moltres
|-boost|p2a: Moltres|spe|2
|move|p1a: Fat Charizard|Dual Wingbeat|p2a: Moltres
|-damage|p2a: Moltres|74/100
|-damage|p2a: Moltres|50/100
|-hitcount|p2a: Moltres|2
|-ability|p2a: Moltres|Berserk|boost
|-boost|p2a: Moltres|spa|1
|
|-weather|Hail|[upkeep]
|-damage|p2a: Moltres|44/100|[from] Hail
|-damage|p1a: Fat Charizard|71/100|[from] Hail
|upkeep
|turn|15
|
|t:|1662257706
|move|p2a: Moltres|Rest|p2a: Moltres
|-status|p2a: Moltres|slp|[from] move: Rest
|-heal|p2a: Moltres|100/100 slp|[silent]
|-enditem|p2a: Moltres|Chesto Berry|[eat]
|-curestatus|p2a: Moltres|slp|[msg]
|move|p1a: Fat Charizard|Dual Wingbeat|p2a: Moltres|[miss]
|-miss|p1a: Fat Charizard|p2a: Moltres
|
|-weather|Hail|[upkeep]
|-damage|p2a: Moltres|94/100|[from] Hail
|-damage|p1a: Fat Charizard|65/100|[from] Hail
|upkeep
|turn|16
|
|t:|1662257713
|move|p2a: Moltres|Fiery Wrath|p1a: Fat Charizard
|-damage|p1a: Fat Charizard|0 fnt
|faint|p1a: Fat Charizard
|
|-weather|Hail|[upkeep]
|-damage|p2a: Moltres|88/100|[from] Hail
|upkeep
|l| 404O
|
|t:|1662257715
|switch|p1a: VODECi|Tapu Koko|100/100
|-fieldstart|move: Electric Terrain|[from] ability: Electric Surge|[of] p1a: VODECi
|turn|17
|
|t:|1662257717
|move|p2a: Moltres|Fiery Wrath|p1a: VODECi
|-resisted|p1a: VODECi
|-damage|p1a: VODECi|53/100
|cant|p1a: VODECi|flinch
|
|-weather|none
|upkeep
|turn|18
|
|t:|1662257721
|move|p2a: Moltres|Fiery Wrath|p1a: VODECi
|-resisted|p1a: VODECi
|-damage|p1a: VODECi|2/100
|move|p1a: VODECi|Dazzling Gleam|p2a: Moltres
|-supereffective|p2a: Moltres
|-damage|p2a: Moltres|0 fnt
|faint|p2a: Moltres
|
|upkeep
|j| 404O
|
|t:|1662257730
|switch|p2a: Bisharp|Bisharp, M|100/100
|turn|19
|
|t:|1662257733
|move|p1a: VODECi|Dazzling Gleam|p2a: Bisharp
|-damage|p2a: Bisharp|30/100
|move|p2a: Bisharp|Iron Head|p1a: VODECi
|-damage|p1a: VODECi|0 fnt
|faint|p1a: VODECi
|
|upkeep
|
|t:|1662257736
|switch|p1a: PURRP FOR SALE|Darmanitan, M|78/100
|turn|20
|
|t:|1662257751
|move|p2a: Bisharp|Sucker Punch|p1a: PURRP FOR SALE
|-damage|p1a: PURRP FOR SALE|1/100
|move|p1a: PURRP FOR SALE|Earthquake|p2a: Bisharp
|-supereffective|p2a: Bisharp
|-damage|p2a: Bisharp|0 fnt
|faint|p2a: Bisharp
|
|upkeep
|
|t:|1662257756
|switch|p2a: Landorus|Landorus-Therian, M|55/100
|-ability|p2a: Landorus|Intimidate|boost
|-unboost|p1a: PURRP FOR SALE|atk|1
|turn|21
|c| strangestger|woah
|
|t:|1662257765
|switch|p1a: Bernie Landers|Landorus-Therian, M|85/100
|-ability|p1a: Bernie Landers|Intimidate|boost
|-unboost|p2a: Landorus|atk|1
|move|p2a: Landorus|Stone Edge|p1a: Bernie Landers|[miss]
|-miss|p2a: Landorus|p1a: Bernie Landers
|
|-fieldend|move: Electric Terrain
|upkeep
|turn|22
|j| PkmnMasterEclipse
|
|t:|1662257769
|move|p2a: Landorus|Stone Edge|p1a: Bernie Landers
|-damage|p1a: Bernie Landers|59/100
|move|p1a: Bernie Landers|Knock Off|p2a: Landorus
|-damage|p2a: Landorus|20/100
|-enditem|p2a: Landorus|Choice Band|[from] move: Knock Off|[of] p1a: Bernie Landers
|
|upkeep
|turn|23
|
|t:|1662257778
|move|p2a: Landorus|Explosion|p1a: Bernie Landers
|-damage|p1a: Bernie Landers|10/100
|faint|p2a: Landorus
|move|p1a: Bernie Landers|Knock Off|p2: Landorus|[notarget]
|-fail|p1a: Bernie Landers
|
|upkeep
|
|t:|1662257780
|switch|p2a: Volcanion|Volcanion|26/100
|turn|24
|
|t:|1662257782
|move|p1a: Bernie Landers|Knock Off|p2a: Volcanion
|-damage|p2a: Volcanion|0 fnt
|-enditem|p2a: Volcanion|Heavy-Duty Boots|[from] move: Knock Off|[of] p1a: Bernie Landers
|faint|p2a: Volcanion
|
|win|NeoNaruto®++
|n|☆NeoNaruto®++|neonaruto
|n|☆Pinkacross|pinkacross
|n| strangestger|strangestger
|n| honest heartz|honestheartz
|n| Lord Xen VII|lordxenvii
|n| Juni01|juni01
|n| tytyui↻|tytyui
|n| Chocman|chocman
|n| Pokemon Hates Me|pokemonhatesme
|n| Sww-Suwa|swwsuwa
|n| Rovergz|rovergz
|n| freerobuxman|freerobuxman
|n| 404O|404o
|n| PkmnMasterEclipse|pkmnmastereclipse
