|j|☆triangledangle
|j|☆ROBOpoke
|t:|1657130072
|gametype|singles
|player|p1|triangledangle|266|1617
|player|p2|ROBOpoke|266|1608
|teamsize|p1|6
|teamsize|p2|6
|gen|8
|tier|[Gen 8] OU
|rated|
|rule|Sleep Clause Mod: Limit one foe put to sleep
|rule|Species Clause: Limit one of each Pokémon
|rule|OHKO Clause: OHKO moves are banned
|rule|Evasion Moves Clause: Evasion moves are banned
|rule|Endless Battle Clause: Forcing endless battles is banned
|rule|HP Percentage Mod: HP is shown in percentages
|rule|Dynamax Clause: You cannot dynamax
|clearpoke
|poke|p1|Nidoking, M|
|poke|p1|Tyranitar, F|
|poke|p1|Volcanion|
|poke|p1|Corviknight, F|
|poke|p1|Dragonite, F|
|poke|p1|Urshifu-*, F|
|poke|p2|Xatu, F|
|poke|p2|Dragapult, F|
|poke|p2|Kartana|
|poke|p2|Heatran, M|
|poke|p2|Rotom-Wash|
|poke|p2|Dragonite, F|
|teampreview
|c|☆triangledangle|glhf
|c|☆ROBOpoke|u2
|
|t:|1657130091
|start
|switch|p1a: Tyranitar|Tyranitar, F, shiny|100/100
|switch|p2a: Xatu|Xatu, F|100/100
|-weather|Sandstorm|[from] ability: Sand Stream|[of] p1a: Tyranitar
|turn|1
|
|t:|1657130105
|move|p2a: Xatu|Magic Room|p2a: Xatu
|-fieldstart|move: Magic Room|[of] p2a: Xatu
|move|p1a: Tyranitar|Crunch|p2a: Xatu
|-supereffective|p2a: Xatu
|-damage|p2a: Xatu|0 fnt
|faint|p2a: Xatu
|
|-weather|Sandstorm|[upkeep]
|upkeep
|
|t:|1657130107
|switch|p2a: Kartana|Kartana|100/100
|turn|2
|
|t:|1657130121
|switch|p1a: Corviknight|Corviknight, F, shiny|100/100
|-ability|p1a: Corviknight|Pressure
|move|p2a: Kartana|Swords Dance|p2a: Kartana
|-boost|p2a: Kartana|atk|2
|
|-weather|Sandstorm|[upkeep]
|upkeep
|turn|3
|
|t:|1657130125
|move|p2a: Kartana|Swords Dance|p2a: Kartana
|-boost|p2a: Kartana|atk|2
|move|p1a: Corviknight|Brave Bird|p2a: Kartana
|-damage|p2a: Kartana|60/100
|-damage|p1a: Corviknight|92/100|[from] Recoil
|
|-weather|Sandstorm|[upkeep]
|upkeep
|turn|4
|
|t:|1657130131
|move|p2a: Kartana|Knock Off|p1a: Corviknight
|-damage|p1a: Corviknight|14/100
|-enditem|p1a: Corviknight|Rocky Helmet|[from] move: Knock Off|[of] p2a: Kartana
|move|p1a: Corviknight|Brave Bird|p2a: Kartana
|-damage|p2a: Kartana|19/100
|-damage|p1a: Corviknight|5/100|[from] Recoil
|
|-weather|Sandstorm|[upkeep]
|upkeep
|turn|5
|
|t:|1657130140
|move|p2a: Kartana|Knock Off|p1a: Corviknight
|-damage|p1a: Corviknight|0 fnt
|faint|p1a: Corviknight
|-ability|p2a: Kartana|Beast Boost|boost
|-boost|p2a: Kartana|atk|1
|
|-weather|none
|-fieldend|move: Magic Room|[of] p2: Xatu
|upkeep
|
|t:|1657130148
|switch|p1a: Urshifu|Urshifu-Rapid-Strike, F|100/100
|turn|6
|
|t:|1657130174
|move|p2a: Kartana|Leaf Blade|p1a: Urshifu
|-supereffective|p1a: Urshifu
|-damage|p1a: Urshifu|0 fnt
|faint|p1a: Urshifu
|-ability|p2a: Kartana|Beast Boost|boost
|-boost|p2a: Kartana|atk|1
|
|upkeep
|inactive|Battle timer is ON: inactive players will automatically lose when time's up. (requested by ROBOpoke)
|c|☆triangledangle|oh shit wait
|c|☆triangledangle|damn thats smart af
|c|☆ROBOpoke|^^
|
|t:|1657130198
|switch|p1a: Dragonite|Dragonite, F|100/100
|turn|7
|
|t:|1657130204
|move|p2a: Kartana|Leaf Blade|p1a: Dragonite
|-resisted|p1a: Dragonite
|-damage|p1a: Dragonite|68/100
|move|p1a: Dragonite|Earthquake|p2a: Kartana
|-damage|p2a: Kartana|0 fnt
|faint|p2a: Kartana
|
|upkeep
|
|t:|1657130215
|switch|p2a: Dragapult|Dragapult, F|100/100
|turn|8
|
|t:|1657130233
|move|p2a: Dragapult|Draco Meteor|p1a: Dragonite
|-supereffective|p1a: Dragonite
|-damage|p1a: Dragonite|0 fnt
|-unboost|p2a: Dragapult|spa|2
|faint|p1a: Dragonite
|
|upkeep
|
|t:|1657130236
|switch|p1a: Nidoking|Nidoking, M|100/100
|turn|9
|
|t:|1657130241
|switch|p2a: Rotom|Rotom-Wash|100/100
|move|p1a: Nidoking|Ice Beam|p2a: Rotom
|-resisted|p2a: Rotom
|-damage|p2a: Rotom|86/100
|
|-heal|p2a: Rotom|92/100|[from] item: Leftovers
|upkeep
|turn|10
|
|t:|1657130250
|move|p1a: Nidoking|Sludge Wave|p2a: Rotom
|-damage|p2a: Rotom|39/100
|move|p2a: Rotom|Hydro Pump|p1a: Nidoking
|-supereffective|p1a: Nidoking
|-damage|p1a: Nidoking|0 fnt
|faint|p1a: Nidoking
|
|-heal|p2a: Rotom|46/100|[from] item: Leftovers
|upkeep
|
|t:|1657130255
|switch|p1a: Volcanion|Volcanion|100/100
|turn|11
|
|t:|1657130258
|move|p2a: Rotom|Pain Split|p1a: Volcanion
|-sethp|p1a: Volcanion|70/100|[from] move: Pain Split|[silent]
|-sethp|p2a: Rotom|80/100|[from] move: Pain Split
|move|p1a: Volcanion|Steam Eruption|p2a: Rotom
|-resisted|p2a: Rotom
|-damage|p2a: Rotom|55/100
|
|-heal|p2a: Rotom|61/100|[from] item: Leftovers
|upkeep
|turn|12
|
|t:|1657130263
|switch|p1a: Tyranitar|Tyranitar, F, shiny|100/100
|-weather|Sandstorm|[from] ability: Sand Stream|[of] p1a: Tyranitar
|move|p2a: Rotom|Thunder Wave|p1a: Tyranitar
|-status|p1a: Tyranitar|par
|
|-weather|Sandstorm|[upkeep]
|-damage|p2a: Rotom|55/100|[from] Sandstorm
|-heal|p2a: Rotom|61/100|[from] item: Leftovers
|upkeep
|turn|13
|
|t:|1657130266
|move|p2a: Rotom|Volt Switch|p1a: Tyranitar
|-crit|p1a: Tyranitar
|-damage|p1a: Tyranitar|85/100 par
|
|t:|1657130269
|switch|p2a: Dragapult|Dragapult, F|100/100|[from]move: Volt Switch
|cant|p1a: Tyranitar|par
|
|-weather|Sandstorm|[upkeep]
|-damage|p2a: Dragapult|95/100|[from] Sandstorm
|-heal|p1a: Tyranitar|91/100 par|[from] item: Leftovers
|upkeep
|turn|14
|
|t:|1657130274
|move|p2a: Dragapult|Surf|p1a: Tyranitar
|-supereffective|p1a: Tyranitar
|-damage|p1a: Tyranitar|60/100 par
|move|p1a: Tyranitar|Stealth Rock|p2a: Dragapult
|-sidestart|p2: ROBOpoke|move: Stealth Rock
|
|-weather|Sandstorm|[upkeep]
|-damage|p2a: Dragapult|89/100|[from] Sandstorm
|-heal|p1a: Tyranitar|66/100 par|[from] item: Leftovers
|upkeep
|turn|15
|
|t:|1657130276
|move|p2a: Dragapult|Surf|p1a: Tyranitar
|-supereffective|p1a: Tyranitar
|-damage|p1a: Tyranitar|35/100 par
|move|p1a: Tyranitar|Crunch|p2a: Dragapult
|-supereffective|p2a: Dragapult
|-damage|p2a: Dragapult|0 fnt
|faint|p2a: Dragapult
|
|-weather|Sandstorm|[upkeep]
|-heal|p1a: Tyranitar|41/100 par|[from] item: Leftovers
|upkeep
|
|t:|1657130280
|switch|p2a: Dragonite|Dragonite, F|100/100
|turn|16
|
|t:|1657130283
|move|p2a: Dragonite|Earthquake|p1a: Tyranitar
|-supereffective|p1a: Tyranitar
|-damage|p1a: Tyranitar|0 fnt
|faint|p1a: Tyranitar
|
|-weather|none
|upkeep
|c|☆ROBOpoke|gg man
|
|t:|1657130286
|switch|p1a: Volcanion|Volcanion|70/100
|turn|17
|c|☆triangledangle|gg lol
|
|t:|1657130291
|move|p2a: Dragonite|Earthquake|p1a: Volcanion
|-supereffective|p1a: Volcanion
|-damage|p1a: Volcanion|14/100
|move|p1a: Volcanion|Steam Eruption|p2a: Dragonite
|-resisted|p2a: Dragonite
|-damage|p2a: Dragonite|84/100
|
|upkeep
|turn|18
|
|t:|1657130298
|move|p2a: Dragonite|Earthquake|p1a: Volcanion
|-supereffective|p1a: Volcanion
|-damage|p1a: Volcanion|0 fnt
|faint|p1a: Volcanion
|
|win|ROBOpoke
|raw|triangledangle's rating: 1617 &rarr; <strong>1596</strong><br />(-21 for losing)
|raw|ROBOpoke's rating: 1608 &rarr; <strong>1629</strong><br />(+21 for winning)
|c|☆triangledangle|is that xatu worth it
|c|☆ROBOpoke|well
|c|☆triangledangle|or is it more of a gimmick
|c|☆ROBOpoke|id say gimmick
|c|☆ROBOpoke|but it works reliably
|c|☆ROBOpoke|if i can see tat sd kart can win
|c|☆triangledangle|yeah lol i like could not wrap my head around how that would work
|c|☆ROBOpoke|usually if there is a zapdos or something
||Ladder isn't responding, score probably updated but might not have (Request timeout).
|c|☆ROBOpoke|i dont lead with xatu
|c|☆triangledangle|sd scarftana lmao
