|j|☆lekkerinten
|j|☆RipReckful
|inactive|Battle timer is ON: inactive players will automatically lose when time's up.
|t:|1639733874
|gametype|singles
|player|p1|lekkerinten|scientist-gen4dp|
|player|p2|RipReckful|furisodegirl-black|
|teamsize|p1|6
|teamsize|p2|6
|gen|8
|tier|[Gen 8] OU
|rated|Tournament battle
|rule|Sleep Clause Mod: Limit one foe put to sleep
|rule|Species Clause: Limit one of each Pokémon
|rule|OHKO Clause: OHKO moves are banned
|rule|Evasion Moves Clause: Evasion moves are banned
|rule|Endless Battle Clause: Forcing endless battles is banned
|rule|HP Percentage Mod: HP is shown in percentages
|rule|Dynamax Clause: You cannot dynamax
|clearpoke
|poke|p1|Chansey, F|
|poke|p1|Toxapex, F|
|poke|p1|Tangrowth, M|
|poke|p1|Slowking-Galar, F|
|poke|p1|Salazzle, F|
|poke|p1|Claydol|
|poke|p2|Clefable, M|
|poke|p2|Landorus-Therian, M|
|poke|p2|Melmetal|
|poke|p2|Dragapult, F|
|poke|p2|Weavile, M|
|poke|p2|Rotom-Wash|
|teampreview
|inactive|lekkerinten also wants the timer to be on.
|inactive|RipReckful also wants the timer to be on.
|j|@azure nights
|c|☆RipReckful|cool team
|j| thisislife
|c|☆lekkerinten|ty
|inactive|RipReckful has 120 seconds left.
|
|t:|1639733918
|start
|switch|p1a: Claydol|Claydol|100/100
|switch|p2a: Clefable|Clefable, M|100/100
|turn|1
|
|t:|1639733923
|move|p1a: Claydol|Stealth Rock|p2a: Clefable
|-sidestart|p2: RipReckful|move: Stealth Rock
|move|p2a: Clefable|Stealth Rock|p1a: Claydol
|-sidestart|p1: lekkerinten|move: Stealth Rock
|
|upkeep
|turn|2
|
|t:|1639733926
|move|p1a: Claydol|Rapid Spin|p2a: Clefable
|-damage|p2a: Clefable|95/100
|-boost|p1a: Claydol|spe|1
|-sideend|p1: lekkerinten|Stealth Rock|[from] move: Rapid Spin|[of] p1a: Claydol
|move|p2a: Clefable|Moonblast|p1a: Claydol
|-damage|p1a: Claydol|72/100
|-unboost|p1a: Claydol|spa|1
|
|-heal|p1a: Claydol|78/100|[from] item: Leftovers
|-heal|p2a: Clefable|100/100|[from] item: Leftovers
|upkeep
|turn|3
|
|t:|1639733932
|switch|p1a: Slowking|Slowking-Galar, F|100/100
|move|p2a: Clefable|Stealth Rock|p1a: Slowking
|-sidestart|p1: lekkerinten|move: Stealth Rock
|
|upkeep
|turn|4
|
|t:|1639733938
|switch|p2a: Landorus|Landorus-Therian, M|100/100
|-damage|p2a: Landorus|88/100|[from] Stealth Rock
|-ability|p2a: Landorus|Intimidate|boost
|-unboost|p1a: Slowking|atk|1
|move|p1a: Slowking|Fire Blast|p2a: Landorus
|-damage|p2a: Landorus|59/100
|
|-heal|p2a: Landorus|65/100|[from] item: Leftovers
|upkeep
|turn|5
|
|t:|1639733946
|switch|p1a: Claydol|Claydol|78/100
|-damage|p1a: Claydol|72/100|[from] Stealth Rock
|move|p2a: Landorus|Earthquake|p1a: Claydol
|-immune|p1a: Claydol|[from] ability: Levitate
|
|-heal|p2a: Landorus|71/100|[from] item: Leftovers
|-heal|p1a: Claydol|78/100|[from] item: Leftovers
|upkeep
|turn|6
|j| rain is free
|
|t:|1639733953
|move|p2a: Landorus|U-turn|p1a: Claydol
|-supereffective|p1a: Claydol
|-damage|p1a: Claydol|30/100
|
|t:|1639733955
|switch|p2a: Clefable|Clefable, M|100/100|[from]move: U-turn
|move|p1a: Claydol|Rapid Spin|p2a: Clefable
|-damage|p2a: Clefable|94/100
|-boost|p1a: Claydol|spe|1
|-sideend|p1: lekkerinten|Stealth Rock|[from] move: Rapid Spin|[of] p1a: Claydol
|
|-heal|p1a: Claydol|37/100|[from] item: Leftovers
|-heal|p2a: Clefable|99/100|[from] item: Leftovers
|upkeep
|turn|7
|l| thisislife
|
|t:|1639733960
|switch|p1a: Slowking|Slowking-Galar, F|100/100
|move|p2a: Clefable|Stealth Rock|p1a: Slowking
|-sidestart|p1: lekkerinten|move: Stealth Rock
|
|-heal|p2a: Clefable|100/100|[from] item: Leftovers
|upkeep
|turn|8
|
|t:|1639733963
|switch|p2a: Melmetal|Melmetal|100/100
|-damage|p2a: Melmetal|94/100|[from] Stealth Rock
|move|p1a: Slowking|Future Sight|p2a: Melmetal
|-start|p1a: Slowking|move: Future Sight
|
|upkeep
|turn|9
|
|t:|1639733968
|switch|p1a: Tangrowth|Tangrowth, M|100/100
|-damage|p1a: Tangrowth|88/100|[from] Stealth Rock
|move|p2a: Melmetal|Earthquake|p1a: Tangrowth
|-resisted|p1a: Tangrowth
|-damage|p1a: Tangrowth|77/100
|
|upkeep
|turn|10
|j| Serp IV
|
|t:|1639733975
|move|p1a: Tangrowth|Stun Spore|p2a: Melmetal
|-status|p2a: Melmetal|par
|move|p2a: Melmetal|Double Iron Bash|p1a: Tangrowth
|-damage|p1a: Tangrowth|56/100
|-damage|p1a: Tangrowth|34/100
|-hitcount|p1a: Tangrowth|2
|
|-end|p2a: Melmetal|move: Future Sight
|-resisted|p2a: Melmetal
|-damage|p2a: Melmetal|62/100 par
|upkeep
|turn|11
|j| 13t
|
|t:|1639733983
|switch|p1a: Toxapex|Toxapex, F|100/100
|-damage|p1a: Toxapex|88/100|[from] Stealth Rock
|move|p2a: Melmetal|Earthquake|p1a: Toxapex
|-supereffective|p1a: Toxapex
|-damage|p1a: Toxapex|41/100
|
|-heal|p1a: Toxapex|47/100|[from] item: Black Sludge
|upkeep
|turn|12
|
|t:|1639733998
|switch|p1a: Tangrowth|Tangrowth, M|68/100
|-damage|p1a: Tangrowth|55/100|[from] Stealth Rock
|switch|p2a: Landorus|Landorus-Therian, M|71/100
|-damage|p2a: Landorus|59/100|[from] Stealth Rock
|-ability|p2a: Landorus|Intimidate|boost
|-unboost|p1a: Tangrowth|atk|1
|
|-heal|p2a: Landorus|65/100|[from] item: Leftovers
|upkeep
|turn|13
|l| rain is free
|
|t:|1639734020
|move|p2a: Landorus|U-turn|p1a: Tangrowth
|-supereffective|p1a: Tangrowth
|-damage|p1a: Tangrowth|31/100
|-damage|p2a: Landorus|48/100|[from] item: Rocky Helmet|[of] p1a: Tangrowth
|j| rain is free
|
|t:|1639734030
|switch|p2a: Clefable|Clefable, M|100/100|[from]move: U-turn
|move|p1a: Tangrowth|Leech Seed|p2a: Clefable
|-start|p2a: Clefable|move: Leech Seed
|
|upkeep
|turn|14
|l| rain is free
|l| 13t
|inactive|RipReckful has 120 seconds left.
|
|t:|1639734059
|switch|p2a: Landorus|Landorus-Therian, M|48/100
|-damage|p2a: Landorus|36/100|[from] Stealth Rock
|-ability|p2a: Landorus|Intimidate|boost
|-unboost|p1a: Tangrowth|atk|1
|switch|p1a: Slowking|Slowking-Galar, F|100/100
|-damage|p1a: Slowking|88/100|[from] Stealth Rock
|
|-heal|p2a: Landorus|42/100|[from] item: Leftovers
|upkeep
|turn|15
|inactive|lekkerinten has 120 seconds left.
|
|t:|1639734092
|move|p2a: Landorus|U-turn|p1a: Slowking
|-damage|p1a: Slowking|64/100
|
|t:|1639734096
|switch|p2a: Rotom|Rotom-Wash|100/100|[from]move: U-turn
|-damage|p2a: Rotom|88/100|[from] Stealth Rock
|move|p1a: Slowking|Ice Beam|p2a: Rotom
|-resisted|p2a: Rotom
|-damage|p2a: Rotom|73/100
|
|-heal|p2a: Rotom|79/100|[from] item: Leftovers
|upkeep
|turn|16
|inactive|lekkerinten has 120 seconds left.
|
|t:|1639734115
|move|p2a: Rotom|Volt Switch|p1a: Slowking
|-damage|p1a: Slowking|50/100
|
|t:|1639734120
|switch|p2a: Landorus|Landorus-Therian, M|42/100|[from]move: Volt Switch
|-damage|p2a: Landorus|30/100|[from] Stealth Rock
|-ability|p2a: Landorus|Intimidate|boost
|-unboost|p1a: Slowking|atk|1
|move|p1a: Slowking|Future Sight|p2a: Landorus
|-start|p1a: Slowking|move: Future Sight
|
|-heal|p2a: Landorus|36/100|[from] item: Leftovers
|upkeep
|turn|17
|
|t:|1639734132
|switch|p1a: Tangrowth|Tangrowth, M|64/100
|-damage|p1a: Tangrowth|52/100|[from] Stealth Rock
|move|p2a: Landorus|U-turn|p1a: Tangrowth
|-supereffective|p1a: Tangrowth
|-damage|p1a: Tangrowth|28/100
|-damage|p2a: Landorus|19/100|[from] item: Rocky Helmet|[of] p1a: Tangrowth
|
|t:|1639734138
|switch|p2a: Weavile|Weavile, M|100/100|[from]move: U-turn
|-ability|p2a: Weavile|Pressure
|
|upkeep
|turn|18
|
|t:|1639734146
|switch|p1a: Toxapex|Toxapex, F|80/100
|-damage|p1a: Toxapex|68/100|[from] Stealth Rock
|move|p2a: Weavile|Swords Dance|p2a: Weavile
|-boost|p2a: Weavile|atk|2
|
|-end|p2a: Weavile|move: Future Sight
|-immune|p2a: Weavile
|-heal|p1a: Toxapex|74/100|[from] item: Black Sludge
|upkeep
|turn|19
|inactive|RipReckful has 120 seconds left.
|
|t:|1639734190
|move|p2a: Weavile|Knock Off|p1a: Toxapex
|-damage|p1a: Toxapex|13/100
|-enditem|p1a: Toxapex|Black Sludge|[from] move: Knock Off|[of] p2a: Weavile
|move|p1a: Toxapex|Scald|p2a: Weavile
|-damage|p2a: Weavile|77/100
|
|upkeep
|turn|20
|
|t:|1639734196
|move|p1a: Toxapex|Baneful Bunker|p1a: Toxapex
|-singleturn|p1a: Toxapex|move: Protect
|move|p2a: Weavile|Knock Off|p1a: Toxapex
|-activate|p1a: Toxapex|move: Protect
|-status|p2a: Weavile|psn
|
|-damage|p2a: Weavile|64/100 psn|[from] psn
|upkeep
|turn|21
|
|t:|1639734216
|move|p2a: Weavile|Knock Off|p1a: Toxapex
|-damage|p1a: Toxapex|0 fnt
|faint|p1a: Toxapex
|
|-damage|p2a: Weavile|52/100 psn|[from] psn
|upkeep
|
|t:|1639734231
|switch|p1a: Salazzle|Salazzle, F|100/100
|-damage|p1a: Salazzle|76/100|[from] Stealth Rock
|turn|22
|inactive|RipReckful has 120 seconds left.
|
|t:|1639734275
|move|p1a: Salazzle|Protect|p1a: Salazzle
|-singleturn|p1a: Salazzle|Protect
|move|p2a: Weavile|Knock Off|p1a: Salazzle
|-activate|p1a: Salazzle|move: Protect
|
|-heal|p1a: Salazzle|82/100|[from] item: Black Sludge
|-damage|p2a: Weavile|39/100 psn|[from] psn
|upkeep
|turn|23
|
|t:|1639734288
|switch|p1a: Tangrowth|Tangrowth, M|62/100
|-damage|p1a: Tangrowth|49/100|[from] Stealth Rock
|move|p2a: Weavile|Knock Off|p1a: Tangrowth
|-damage|p1a: Tangrowth|2/100
|-damage|p2a: Weavile|23/100 psn|[from] item: Rocky Helmet|[of] p1a: Tangrowth
|-enditem|p1a: Tangrowth|Rocky Helmet|[from] move: Knock Off|[of] p2a: Weavile
|
|-damage|p2a: Weavile|10/100 psn|[from] psn
|upkeep
|turn|24
|
|t:|1639734294
|move|p2a: Weavile|Knock Off|p1a: Tangrowth
|-damage|p1a: Tangrowth|0 fnt
|faint|p1a: Tangrowth
|
|-damage|p2a: Weavile|0 fnt|[from] psn
|faint|p2a: Weavile
|upkeep
|inactive|RipReckful has 120 seconds left.
|
|t:|1639734302
|switch|p2a: Dragapult|Dragapult, F|100/100
|switch|p1a: Claydol|Claydol|37/100
|-damage|p2a: Dragapult|88/100|[from] Stealth Rock
|-damage|p1a: Claydol|30/100|[from] Stealth Rock
|turn|25
|
|t:|1639734317
|move|p2a: Dragapult|U-turn|p1a: Claydol
|-supereffective|p1a: Claydol
|-damage|p1a: Claydol|0 fnt
|faint|p1a: Claydol
|inactive|RipReckful has 120 seconds left.
|
|t:|1639734340
|switch|p2a: Landorus|Landorus-Therian, M|19/100|[from]move: U-turn
|-damage|p2a: Landorus|7/100|[from] Stealth Rock
|
|-heal|p2a: Landorus|13/100|[from] item: Leftovers
|upkeep
|
|t:|1639734346
|switch|p1a: Salazzle|Salazzle, F|82/100
|-damage|p1a: Salazzle|57/100|[from] Stealth Rock
|turn|26
|inactive|RipReckful has 120 seconds left.
|
|t:|1639734383
|switch|p2a: Rotom|Rotom-Wash|79/100
|-damage|p2a: Rotom|67/100|[from] Stealth Rock
|move|p1a: Salazzle|Flamethrower|p2a: Rotom
|-resisted|p2a: Rotom
|-damage|p2a: Rotom|48/100
|
|-heal|p1a: Salazzle|63/100|[from] item: Black Sludge
|-heal|p2a: Rotom|54/100|[from] item: Leftovers
|upkeep
|turn|27
|
|t:|1639734386
|move|p1a: Salazzle|Protect|p1a: Salazzle
|-singleturn|p1a: Salazzle|Protect
|move|p2a: Rotom|Defog|p1a: Salazzle
|-activate|p1a: Salazzle|move: Protect
|
|-heal|p1a: Salazzle|70/100|[from] item: Black Sludge
|-heal|p2a: Rotom|60/100|[from] item: Leftovers
|upkeep
|turn|28
|
|t:|1639734390
|move|p1a: Salazzle|Substitute|p1a: Salazzle
|-start|p1a: Salazzle|Substitute
|-damage|p1a: Salazzle|45/100
|move|p2a: Rotom|Hydro Pump|p1a: Salazzle
|-supereffective|p1a: Salazzle
|-end|p1a: Salazzle|Substitute
|
|-heal|p1a: Salazzle|51/100|[from] item: Black Sludge
|-heal|p2a: Rotom|66/100|[from] item: Leftovers
|upkeep
|turn|29
|inactive|RipReckful has 120 seconds left.
|
|t:|1639734396
|move|p1a: Salazzle|Toxic|p2a: Rotom
|-status|p2a: Rotom|tox
|move|p2a: Rotom|Defog|p1a: Salazzle
|-unboost|p1a: Salazzle|evasion|1
|-sideend|p1: lekkerinten|Stealth Rock|[from] move: Defog|[of] p2a: Rotom
|-sideend|p2: RipReckful|Stealth Rock|[from] move: Defog|[of] p2a: Rotom
|
|-heal|p1a: Salazzle|57/100|[from] item: Black Sludge
|-heal|p2a: Rotom|73/100 tox|[from] item: Leftovers
|-damage|p2a: Rotom|66/100 tox|[from] psn
|upkeep
|turn|30
|
|t:|1639734400
|move|p1a: Salazzle|Protect|p1a: Salazzle
|-singleturn|p1a: Salazzle|Protect
|move|p2a: Rotom|Hydro Pump|p1a: Salazzle
|-activate|p1a: Salazzle|move: Protect
|
|-heal|p1a: Salazzle|63/100|[from] item: Black Sludge
|-heal|p2a: Rotom|73/100 tox|[from] item: Leftovers
|-damage|p2a: Rotom|60/100 tox|[from] psn
|upkeep
|turn|31
|
|t:|1639734404
|move|p1a: Salazzle|Substitute|p1a: Salazzle
|-start|p1a: Salazzle|Substitute
|-damage|p1a: Salazzle|39/100
|move|p2a: Rotom|Hydro Pump|p1a: Salazzle
|-supereffective|p1a: Salazzle
|-end|p1a: Salazzle|Substitute
|
|-heal|p1a: Salazzle|45/100|[from] item: Black Sludge
|-heal|p2a: Rotom|66/100 tox|[from] item: Leftovers
|-damage|p2a: Rotom|48/100 tox|[from] psn
|upkeep
|turn|32
|
|t:|1639734410
|move|p1a: Salazzle|Substitute|p1a: Salazzle
|-start|p1a: Salazzle|Substitute
|-damage|p1a: Salazzle|20/100
|move|p2a: Rotom|Hydro Pump|p1a: Salazzle
|-supereffective|p1a: Salazzle
|-end|p1a: Salazzle|Substitute
|
|-heal|p1a: Salazzle|26/100|[from] item: Black Sludge
|-heal|p2a: Rotom|54/100 tox|[from] item: Leftovers
|-damage|p2a: Rotom|29/100 tox|[from] psn
|upkeep
|turn|33
|
|t:|1639734417
|switch|p2a: Dragapult|Dragapult, F|88/100
|move|p1a: Salazzle|Protect||[still]
|-fail|p1a: Salazzle
|
|-heal|p1a: Salazzle|32/100|[from] item: Black Sludge
|upkeep
|turn|34
|
|t:|1639734423
|move|p1a: Salazzle|Protect|p1a: Salazzle
|-singleturn|p1a: Salazzle|Protect
|move|p2a: Dragapult|Shadow Ball|p1a: Salazzle
|-activate|p1a: Salazzle|move: Protect
|
|-heal|p1a: Salazzle|39/100|[from] item: Black Sludge
|upkeep
|turn|35
|
|t:|1639734425
|switch|p2a: Rotom|Rotom-Wash|29/100 tox
|switch|p1a: Chansey|Chansey, F|100/100
|
|-heal|p2a: Rotom|35/100 tox|[from] item: Leftovers
|-damage|p2a: Rotom|29/100 tox|[from] psn
|upkeep
|turn|36
|
|t:|1639734429
|move|p2a: Rotom|Pain Split|p1a: Chansey
|-sethp|p1a: Chansey|57/100|[from] move: Pain Split|[silent]
|-sethp|p2a: Rotom|100/100 tox|[from] move: Pain Split
|move|p1a: Chansey|Soft-Boiled|p1a: Chansey
|-heal|p1a: Chansey|100/100
|
|-damage|p2a: Rotom|88/100 tox|[from] psn
|upkeep
|turn|37
|l|@azure nights
|
|t:|1639734444
|move|p2a: Rotom|Volt Switch|p1a: Chansey
|-damage|p1a: Chansey|93/100
|
|t:|1639734448
|switch|p2a: Clefable|Clefable, M|100/100|[from]move: Volt Switch
|move|p1a: Chansey|Seismic Toss|p2a: Clefable
|-damage|p2a: Clefable|75/100
|
|-heal|p2a: Clefable|81/100|[from] item: Leftovers
|upkeep
|turn|38
|j|@azure nights
|
|t:|1639734453
|move|p2a: Clefable|Flamethrower|p1a: Chansey
|-damage|p1a: Chansey|87/100
|move|p1a: Chansey|Toxic|p2a: Clefable
|-status|p2a: Clefable|tox
|
|-heal|p2a: Clefable|87/100 tox|[from] item: Leftovers
|upkeep
|turn|39
|
|t:|1639734456
|move|p2a: Clefable|Stealth Rock|p1a: Chansey
|-sidestart|p1: lekkerinten|move: Stealth Rock
|move|p1a: Chansey|Seismic Toss|p2a: Clefable
|-damage|p2a: Clefable|62/100 tox
|
|-heal|p2a: Clefable|68/100 tox|[from] item: Leftovers
|upkeep
|turn|40
|
|t:|1639734461
|move|p2a: Clefable|Soft-Boiled|p2a: Clefable
|-heal|p2a: Clefable|100/100 tox
|move|p1a: Chansey|Seismic Toss|p2a: Clefable
|-damage|p2a: Clefable|75/100 tox
|
|-heal|p2a: Clefable|81/100 tox|[from] item: Leftovers
|upkeep
|turn|41
|
|t:|1639734466
|switch|p2a: Rotom|Rotom-Wash|88/100 tox
|move|p1a: Chansey|Teleport|p1a: Chansey
|
|t:|1639734468
|switch|p1a: Slowking|Slowking-Galar, F|83/100|[from]move: Teleport
|-damage|p1a: Slowking|71/100|[from] Stealth Rock
|
|-heal|p2a: Rotom|94/100 tox|[from] item: Leftovers
|-damage|p2a: Rotom|88/100 tox|[from] psn
|upkeep
|turn|42
|
|t:|1639734470
|move|p2a: Rotom|Hydro Pump|p1a: Slowking
|-damage|p1a: Slowking|51/100
|move|p1a: Slowking|Future Sight|p2a: Rotom
|-start|p1a: Slowking|move: Future Sight
|
|-heal|p2a: Rotom|94/100 tox|[from] item: Leftovers
|-damage|p2a: Rotom|82/100 tox|[from] psn
|upkeep
|turn|43
|
|t:|1639734473
|move|p2a: Rotom|Hydro Pump|p1a: Slowking|[miss]
|-miss|p2a: Rotom|p1a: Slowking
|move|p1a: Slowking|Sludge Bomb|p2a: Rotom
|-damage|p2a: Rotom|36/100 tox
|
|-heal|p2a: Rotom|42/100 tox|[from] item: Leftovers
|-damage|p2a: Rotom|24/100 tox|[from] psn
|upkeep
|turn|44
|
|t:|1639734475
|move|p2a: Rotom|Volt Switch|p1a: Slowking
|-damage|p1a: Slowking|38/100
|
|t:|1639734479
|switch|p2a: Dragapult|Dragapult, F|88/100|[from]move: Volt Switch
|move|p1a: Slowking|Sludge Bomb|p2a: Dragapult
|-resisted|p2a: Dragapult
|-damage|p2a: Dragapult|55/100
|
|-end|p2a: Dragapult|move: Future Sight
|-damage|p2a: Dragapult|0 fnt
|faint|p2a: Dragapult
|upkeep
|
|t:|1639734483
|switch|p2a: Landorus|Landorus-Therian, M|13/100
|-ability|p2a: Landorus|Intimidate|boost
|-unboost|p1a: Slowking|atk|1
|turn|45
|
|t:|1639734486
|switch|p1a: Chansey|Chansey, F|87/100
|-damage|p1a: Chansey|74/100|[from] Stealth Rock
|move|p2a: Landorus|Earthquake|p1a: Chansey
|-damage|p1a: Chansey|45/100
|
|-heal|p2a: Landorus|19/100|[from] item: Leftovers
|upkeep
|turn|46
|inactive|RipReckful has 120 seconds left.
|
|t:|1639734529
|move|p2a: Landorus|U-turn|p1a: Chansey
|-damage|p1a: Chansey|32/100
|
|t:|1639734531
|switch|p2a: Melmetal|Melmetal|62/100 par|[from]move: U-turn
|move|p1a: Chansey|Soft-Boiled|p1a: Chansey
|-heal|p1a: Chansey|82/100
|
|upkeep
|turn|47
|
|t:|1639734540
|move|p1a: Chansey|Seismic Toss|p2a: Melmetal
|-damage|p2a: Melmetal|39/100 par
|move|p2a: Melmetal|Double Iron Bash|p1a: Chansey
|-damage|p1a: Chansey|52/100
|-damage|p1a: Chansey|25/100
|-hitcount|p1a: Chansey|2
|
|upkeep
|turn|48
|
|t:|1639734546
|move|p1a: Chansey|Soft-Boiled|p1a: Chansey
|-heal|p1a: Chansey|75/100
|move|p2a: Melmetal|Superpower|p1a: Chansey
|-supereffective|p1a: Chansey
|-damage|p1a: Chansey|17/100
|-unboost|p2a: Melmetal|atk|1
|-unboost|p2a: Melmetal|def|1
|
|upkeep
|turn|49
|c|☆RipReckful|o
|
|t:|1639734552
|switch|p2a: Rotom|Rotom-Wash|24/100 tox
|move|p1a: Chansey|Soft-Boiled|p1a: Chansey
|-heal|p1a: Chansey|67/100
|
|-heal|p2a: Rotom|30/100 tox|[from] item: Leftovers
|-damage|p2a: Rotom|24/100 tox|[from] psn
|upkeep
|turn|50
|
|t:|1639734556
|move|p2a: Rotom|Pain Split|p1a: Chansey
|-sethp|p1a: Chansey|39/100|[from] move: Pain Split|[silent]
|-sethp|p2a: Rotom|89/100 tox|[from] move: Pain Split
|move|p1a: Chansey|Seismic Toss|p2a: Rotom
|-damage|p2a: Rotom|56/100 tox
|
|-heal|p2a: Rotom|63/100 tox|[from] item: Leftovers
|-damage|p2a: Rotom|50/100 tox|[from] psn
|upkeep
|turn|51
|
|t:|1639734559
|move|p2a: Rotom|Volt Switch|p1a: Chansey
|-damage|p1a: Chansey|31/100
|
|t:|1639734562
|switch|p2a: Landorus|Landorus-Therian, M|19/100|[from]move: Volt Switch
|-ability|p2a: Landorus|Intimidate|boost
|-unboost|p1a: Chansey|atk|1
|move|p1a: Chansey|Soft-Boiled|p1a: Chansey
|-heal|p1a: Chansey|81/100
|
|-heal|p2a: Landorus|25/100|[from] item: Leftovers
|upkeep
|turn|52
|c|☆lekkerinten|she thicc
|j| HamstermaniaCZ²
|
|t:|1639734567
|move|p2a: Landorus|U-turn|p1a: Chansey
|-damage|p1a: Chansey|66/100
|
|t:|1639734569
|switch|p2a: Rotom|Rotom-Wash|50/100 tox|[from]move: U-turn
|move|p1a: Chansey|Seismic Toss|p2a: Rotom
|-damage|p2a: Rotom|17/100 tox
|
|-heal|p2a: Rotom|24/100 tox|[from] item: Leftovers
|-damage|p2a: Rotom|17/100 tox|[from] psn
|upkeep
|turn|53
|
|t:|1639734575
|switch|p1a: Slowking|Slowking-Galar, F|71/100
|-damage|p1a: Slowking|59/100|[from] Stealth Rock
|move|p2a: Rotom|Pain Split|p1a: Slowking
|-sethp|p1a: Slowking|36/100|[from] move: Pain Split|[silent]
|-sethp|p2a: Rotom|47/100 tox|[from] move: Pain Split
|
|-heal|p2a: Rotom|53/100 tox|[from] item: Leftovers
|-damage|p2a: Rotom|40/100 tox|[from] psn
|upkeep
|turn|54
|
|t:|1639734578
|move|p2a: Rotom|Volt Switch|p1a: Slowking
|-damage|p1a: Slowking|23/100
|
|t:|1639734584
|switch|p2a: Melmetal|Melmetal|39/100 par|[from]move: Volt Switch
|move|p1a: Slowking|Future Sight|p2a: Melmetal
|-start|p1a: Slowking|move: Future Sight
|
|upkeep
|turn|55
|
|t:|1639734597
|move|p1a: Slowking|Fire Blast|p2a: Melmetal
|-supereffective|p2a: Melmetal
|-damage|p2a: Melmetal|0 fnt
|faint|p2a: Melmetal
|
|upkeep
|c|☆RipReckful|gg
|c|☆lekkerinten|gg
|
|t:|1639734606
|switch|p2a: Landorus|Landorus-Therian, M|25/100
|-ability|p2a: Landorus|Intimidate|boost
|-unboost|p1a: Slowking|atk|1
|turn|56
|
|t:|1639734612
|switch|p1a: Salazzle|Salazzle, F|39/100
|-damage|p1a: Salazzle|14/100|[from] Stealth Rock
|move|p2a: Landorus|Earthquake|p1a: Salazzle
|-supereffective|p1a: Salazzle
|-damage|p1a: Salazzle|0 fnt
|faint|p1a: Salazzle
|
|-end|p2a: Landorus|move: Future Sight
|-damage|p2a: Landorus|0 fnt
|faint|p2a: Landorus
|upkeep
|
|t:|1639734620
|switch|p1a: Slowking|Slowking-Galar, F|56/100
|switch|p2a: Rotom|Rotom-Wash|40/100 tox
|-damage|p1a: Slowking|44/100|[from] Stealth Rock
|turn|57
|
|t:|1639734623
|move|p2a: Rotom|Hydro Pump|p1a: Slowking
|-damage|p1a: Slowking|24/100
|move|p1a: Slowking|Future Sight|p2a: Rotom
|-start|p1a: Slowking|move: Future Sight
|
|-heal|p2a: Rotom|47/100 tox|[from] item: Leftovers
|-damage|p2a: Rotom|40/100 tox|[from] psn
|upkeep
|turn|58
|
|t:|1639734630
|move|p2a: Rotom|Hydro Pump|p1a: Slowking
|-damage|p1a: Slowking|2/100
|move|p1a: Slowking|Sludge Bomb|p2a: Rotom
|-damage|p2a: Rotom|0 fnt
|faint|p2a: Rotom
|
|upkeep
|
|t:|1639734632
|switch|p2a: Clefable|Clefable, M|81/100 tox
|turn|59
|
|t:|1639734635
|switch|p1a: Chansey|Chansey, F|66/100
|-damage|p1a: Chansey|54/100|[from] Stealth Rock
|move|p2a: Clefable|Moonblast|p1a: Chansey
|-damage|p1a: Chansey|44/100
|
|-end|p2a: Clefable|move: Future Sight
|-damage|p2a: Clefable|28/100 tox
|-heal|p2a: Clefable|35/100 tox|[from] item: Leftovers
|upkeep
|turn|60
|
|t:|1639734643
|move|p2a: Clefable|Moonblast|p1a: Chansey
|-damage|p1a: Chansey|34/100
|move|p1a: Chansey|Soft-Boiled|p1a: Chansey
|-heal|p1a: Chansey|84/100
|
|-heal|p2a: Clefable|41/100 tox|[from] item: Leftovers
|upkeep
|turn|61
|
|t:|1639734646
|move|p2a: Clefable|Moonblast|p1a: Chansey
|-damage|p1a: Chansey|73/100
|move|p1a: Chansey|Seismic Toss|p2a: Clefable
|-damage|p2a: Clefable|15/100 tox
|
|-heal|p2a: Clefable|21/100 tox|[from] item: Leftovers
|upkeep
|turn|62
|-message|RipReckful forfeited.
|
|win|lekkerinten
|n|☆lekkerinten|lekkerinten
|n|☆RipReckful|ripreckful
|n| Serp IV|serpiv
|n|+azure nights|azurenights
|n| HamstermaniaCZ²|hamstermaniacz
