|raw|<div class="broadcast-blue"><strong>This battle is required to be public due to a player having a name starting with 'lt91bb'.</div>
|j|☆LT91BB CCN
|j|☆Juyen RP PLF
|t:|1659099277
|gametype|singles
|player|p1|LT91BB CCN|dawn|1642
|player|p2|Juyen RP PLF|hilbert|1729
|teamsize|p1|6
|teamsize|p2|6
|gen|8
|tier|[Gen 8] OU
|rated|
|rule|Sleep Clause Mod: Limit one foe put to sleep
|rule|Species Clause: Limit one of each Pokémon
|rule|OHKO Clause: OHKO moves are banned
|rule|Evasion Moves Clause: Evasion moves are banned
|rule|Endless Battle Clause: Forcing endless battles is banned
|rule|HP Percentage Mod: HP is shown in percentages
|rule|Dynamax Clause: You cannot dynamax
|clearpoke
|poke|p1|Tapu Fini|
|poke|p1|Ferrothorn, M|
|poke|p1|Landorus-Therian, M|
|poke|p1|Weavile, F|
|poke|p1|Slowking-Galar, F|
|poke|p1|Dragonite, F|
|poke|p2|Landorus-Therian, M|
|poke|p2|Volcarona, M|
|poke|p2|Conkeldurr, M|
|poke|p2|Melmetal|
|poke|p2|Tapu Koko|
|poke|p2|Starmie|
|teampreview
|inactive|Battle timer is ON: inactive players will automatically lose when time's up. (requested by Juyen RP PLF)
|
|t:|1659099324
|start
|switch|p1a: Ferrothorn|Ferrothorn, M|100/100
|switch|p2a: Starmie|Starmie|100/100
|turn|1
|
|t:|1659099335
|move|p2a: Starmie|Trick|p1a: Ferrothorn
|-activate|p2a: Starmie|move: Trick|[of] p1a: Ferrothorn
|-item|p1a: Ferrothorn|Choice Scarf|[from] move: Trick
|-item|p2a: Starmie|Rocky Helmet|[from] move: Trick
|move|p1a: Ferrothorn|Spikes|p2a: Starmie
|-sidestart|p2: Juyen RP PLF|Spikes
|
|upkeep
|turn|2
|
|t:|1659099344
|switch|p1a: Slowking|Slowking-Galar, F|100/100
|move|p2a: Starmie|Flip Turn|p1a: Slowking
|-damage|p1a: Slowking|80/100
|
|t:|1659099347
|switch|p2a: Conkeldurr|Conkeldurr, M|100/100|[from]move: Flip Turn
|-damage|p2a: Conkeldurr|88/100|[from] Spikes
|
|-status|p2a: Conkeldurr|brn|[from] item: Flame Orb
|upkeep
|turn|3
|
|t:|1659099356
|switch|p1a: Landorus|Landorus-Therian, M|100/100
|-ability|p1a: Landorus|Intimidate|boost
|-unboost|p2a: Conkeldurr|atk|1
|move|p2a: Conkeldurr|Drain Punch|p1a: Landorus
|-resisted|p1a: Landorus
|-damage|p1a: Landorus|78/100
|-heal|p2a: Conkeldurr|99/100 brn|[from] drain|[of] p1a: Landorus
|
|-heal|p1a: Landorus|85/100|[from] item: Leftovers
|-damage|p2a: Conkeldurr|93/100 brn|[from] brn
|upkeep
|turn|4
|
|t:|1659099362
|switch|p2a: Landorus|Landorus-Therian, M|100/100
|-ability|p2a: Landorus|Intimidate|boost
|-unboost|p1a: Landorus|atk|1
|move|p1a: Landorus|Stealth Rock|p2a: Landorus
|-sidestart|p2: Juyen RP PLF|move: Stealth Rock
|
|-heal|p1a: Landorus|91/100|[from] item: Leftovers
|upkeep
|turn|5
|
|t:|1659099369
|move|p1a: Landorus|Knock Off|p2a: Landorus
|-damage|p2a: Landorus|79/100
|-damage|p1a: Landorus|74/100|[from] item: Rocky Helmet|[of] p2a: Landorus
|-enditem|p2a: Landorus|Rocky Helmet|[from] move: Knock Off|[of] p1a: Landorus
|move|p2a: Landorus|Stealth Rock|p1a: Landorus
|-sidestart|p1: LT91BB CCN|move: Stealth Rock
|
|-heal|p1a: Landorus|80/100|[from] item: Leftovers
|upkeep
|turn|6
|
|t:|1659099374
|move|p1a: Landorus|U-turn|p2a: Landorus
|-resisted|p2a: Landorus
|-damage|p2a: Landorus|70/100
|
|t:|1659099378
|switch|p1a: Ferrothorn|Ferrothorn, M|100/100|[from]move: U-turn
|-damage|p1a: Ferrothorn|95/100|[from] Stealth Rock
|move|p2a: Landorus|U-turn|p1a: Ferrothorn
|-damage|p1a: Ferrothorn|82/100
|-damage|p2a: Landorus|58/100|[from] ability: Iron Barbs|[of] p1a: Ferrothorn
|
|t:|1659099381
|switch|p2a: Conkeldurr|Conkeldurr, M|93/100 brn|[from]move: U-turn
|-damage|p2a: Conkeldurr|81/100 brn|[from] Spikes
|-damage|p2a: Conkeldurr|75/100 brn|[from] Stealth Rock
|
|-damage|p2a: Conkeldurr|69/100 brn|[from] brn
|upkeep
|turn|7
|
|t:|1659099396
|switch|p1a: Tapu Fini|Tapu Fini, shiny|100/100
|-damage|p1a: Tapu Fini|88/100|[from] Stealth Rock
|-fieldstart|move: Misty Terrain|[from] ability: Misty Surge|[of] p1a: Tapu Fini
|move|p2a: Conkeldurr|Drain Punch|p1a: Tapu Fini
|-resisted|p1a: Tapu Fini
|-damage|p1a: Tapu Fini|65/100
|-heal|p2a: Conkeldurr|79/100 brn|[from] drain|[of] p1a: Tapu Fini
|
|-heal|p1a: Tapu Fini|71/100|[from] item: Leftovers
|-damage|p2a: Conkeldurr|73/100 brn|[from] brn
|upkeep
|turn|8
|
|t:|1659099403
|switch|p2a: Melmetal|Melmetal|100/100
|-damage|p2a: Melmetal|88/100|[from] Spikes
|-damage|p2a: Melmetal|82/100|[from] Stealth Rock
|move|p1a: Tapu Fini|Nature's Madness|p2a: Melmetal
|-damage|p2a: Melmetal|41/100
|
|-heal|p1a: Tapu Fini|77/100|[from] item: Leftovers
|-heal|p2a: Melmetal|47/100|[from] item: Leftovers
|upkeep
|turn|9
|
|t:|1659099415
|switch|p1a: Ferrothorn|Ferrothorn, M|82/100
|-damage|p1a: Ferrothorn|76/100|[from] Stealth Rock
|move|p2a: Melmetal|Double Iron Bash|p1a: Ferrothorn
|-resisted|p1a: Ferrothorn
|-damage|p1a: Ferrothorn|65/100
|-damage|p2a: Melmetal|35/100|[from] ability: Iron Barbs|[of] p1a: Ferrothorn
|-resisted|p1a: Ferrothorn
|-damage|p1a: Ferrothorn|55/100
|-damage|p2a: Melmetal|23/100|[from] ability: Iron Barbs|[of] p1a: Ferrothorn
|-hitcount|p1a: Ferrothorn|2
|
|-heal|p2a: Melmetal|29/100|[from] item: Leftovers
|upkeep
|turn|10
|
|t:|1659099427
|switch|p2a: Landorus|Landorus-Therian, M|58/100
|-damage|p2a: Landorus|46/100|[from] Stealth Rock
|-ability|p2a: Landorus|Intimidate|boost
|-unboost|p1a: Ferrothorn|atk|1
|move|p1a: Ferrothorn|Spikes|p2a: Landorus
|-sidestart|p2: Juyen RP PLF|Spikes
|
|upkeep
|turn|11
|
|t:|1659099437
|move|p2a: Landorus|Earthquake|p1a: Ferrothorn
|-damage|p1a: Ferrothorn|25/100
|move|p1a: Ferrothorn|Spikes|p2a: Landorus
|-sidestart|p2: Juyen RP PLF|Spikes
|
|-fieldend|Misty Terrain
|upkeep
|turn|12
|
|t:|1659099443
|switch|p1a: Landorus|Landorus-Therian, M|80/100
|-damage|p1a: Landorus|68/100|[from] Stealth Rock
|-ability|p1a: Landorus|Intimidate|boost
|-unboost|p2a: Landorus|atk|1
|move|p2a: Landorus|U-turn|p1a: Landorus
|-resisted|p1a: Landorus
|-damage|p1a: Landorus|61/100
|
|t:|1659099446
|switch|p2a: Starmie|Starmie|100/100|[from]move: U-turn
|-damage|p2a: Starmie|76/100|[from] Spikes
|-damage|p2a: Starmie|63/100|[from] Stealth Rock
|
|-heal|p1a: Landorus|67/100|[from] item: Leftovers
|upkeep
|turn|13
|
|t:|1659099453
|switch|p1a: Slowking|Slowking-Galar, F|100/100
|-damage|p1a: Slowking|88/100|[from] Stealth Rock
|move|p2a: Starmie|Hydro Pump|p1a: Slowking
|-damage|p1a: Slowking|58/100
|
|upkeep
|turn|14
|
|t:|1659099467
|move|p2a: Starmie|Trick|p1a: Slowking
|-activate|p2a: Starmie|move: Trick|[of] p1a: Slowking
|-item|p1a: Slowking|Rocky Helmet|[from] move: Trick
|-item|p2a: Starmie|Assault Vest|[from] move: Trick
|move|p1a: Slowking|Sludge Bomb|p2a: Starmie
|-damage|p2a: Starmie|24/100
|
|upkeep
|turn|15
|
|t:|1659099475
|move|p2a: Starmie|Hydro Pump|p1a: Slowking
|-damage|p1a: Slowking|23/100
|move|p1a: Slowking|Sludge Bomb|p2a: Starmie
|-damage|p2a: Starmie|0 fnt
|faint|p2a: Starmie
|
|upkeep
|
|t:|1659099488
|switch|p2a: Tapu Koko|Tapu Koko|100/100
|-fieldstart|move: Electric Terrain|[from] ability: Electric Surge|[of] p2a: Tapu Koko
|turn|16
|
|t:|1659099493
|switch|p1a: Ferrothorn|Ferrothorn, M|25/100
|-damage|p1a: Ferrothorn|19/100|[from] Stealth Rock
|move|p2a: Tapu Koko|Defog|p1a: Ferrothorn
|-unboost|p1a: Ferrothorn|evasion|1
|-sideend|p1: LT91BB CCN|Stealth Rock|[from] move: Defog|[of] p2a: Tapu Koko
|-sideend|p2: Juyen RP PLF|Spikes|[from] move: Defog|[of] p2a: Tapu Koko
|-sideend|p2: Juyen RP PLF|Stealth Rock|[from] move: Defog|[of] p2a: Tapu Koko
|-fieldend|move: Electric Terrain
|
|upkeep
|turn|17
|
|t:|1659099502
|move|p2a: Tapu Koko|Thunderbolt|p1a: Ferrothorn
|-resisted|p1a: Ferrothorn
|-damage|p1a: Ferrothorn|4/100
|move|p1a: Ferrothorn|Leech Seed|p2a: Tapu Koko
|-start|p2a: Tapu Koko|move: Leech Seed
|
|-damage|p2a: Tapu Koko|88/100|[from] Leech Seed|[of] p1a: Ferrothorn
|-heal|p1a: Ferrothorn|14/100|[silent]
|upkeep
|turn|18
|
|t:|1659099512
|switch|p1a: Landorus|Landorus-Therian, M|67/100
|-ability|p1a: Landorus|Intimidate|boost
|-unboost|p2a: Tapu Koko|atk|1
|move|p2a: Tapu Koko|U-turn|p1a: Landorus
|-resisted|p1a: Landorus
|-damage|p1a: Landorus|61/100
|
|t:|1659099515
|switch|p2a: Landorus|Landorus-Therian, M|46/100|[from]move: U-turn
|-ability|p2a: Landorus|Intimidate|boost
|-unboost|p1a: Landorus|atk|1
|
|-heal|p1a: Landorus|68/100|[from] item: Leftovers
|upkeep
|turn|19
|
|t:|1659099520
|move|p1a: Landorus|Stealth Rock|p2a: Landorus
|-sidestart|p2: Juyen RP PLF|move: Stealth Rock
|move|p2a: Landorus|Stealth Rock|p1a: Landorus
|-sidestart|p1: LT91BB CCN|move: Stealth Rock
|
|-heal|p1a: Landorus|74/100|[from] item: Leftovers
|upkeep
|turn|20
|
|t:|1659099532
|move|p1a: Landorus|Knock Off|p2a: Landorus
|-damage|p2a: Landorus|32/100
|move|p2a: Landorus|Toxic|p1a: Landorus
|-status|p1a: Landorus|tox
|
|-heal|p1a: Landorus|80/100 tox|[from] item: Leftovers
|-damage|p1a: Landorus|74/100 tox|[from] psn
|upkeep
|turn|21
|
|t:|1659099538
|move|p1a: Landorus|Knock Off|p2a: Landorus
|-damage|p2a: Landorus|18/100
|move|p2a: Landorus|U-turn|p1a: Landorus
|-resisted|p1a: Landorus
|-damage|p1a: Landorus|64/100 tox
|
|t:|1659099541
|switch|p2a: Tapu Koko|Tapu Koko|88/100|[from]move: U-turn
|-fieldstart|move: Electric Terrain|[from] ability: Electric Surge|[of] p2a: Tapu Koko
|
|-heal|p1a: Landorus|70/100 tox|[from] item: Leftovers
|-damage|p1a: Landorus|57/100 tox|[from] psn
|upkeep
|turn|22
|
|t:|1659099547
|move|p2a: Tapu Koko|Dazzling Gleam|p1a: Landorus
|-damage|p1a: Landorus|21/100 tox
|move|p1a: Landorus|U-turn|p2a: Tapu Koko
|-resisted|p2a: Tapu Koko
|-damage|p2a: Tapu Koko|77/100
|
|t:|1659099553
|switch|p1a: Slowking|Slowking-Galar, F|57/100|[from]move: U-turn
|-damage|p1a: Slowking|44/100|[from] Stealth Rock
|
|upkeep
|turn|23
|inactive|Juyen RP PLF has 120 seconds left.
|
|t:|1659099589
|switch|p2a: Melmetal|Melmetal|29/100
|-damage|p2a: Melmetal|23/100|[from] Stealth Rock
|switch|p1a: Ferrothorn|Ferrothorn, M|14/100
|-damage|p1a: Ferrothorn|8/100|[from] Stealth Rock
|
|-heal|p2a: Melmetal|29/100|[from] item: Leftovers
|upkeep
|turn|24
|
|t:|1659099594
|move|p1a: Ferrothorn|Spikes|p2a: Melmetal
|-sidestart|p2: Juyen RP PLF|Spikes
|move|p2a: Melmetal|Ice Punch|p1a: Ferrothorn
|-damage|p1a: Ferrothorn|0 fnt
|-damage|p2a: Melmetal|17/100|[from] ability: Iron Barbs|[of] p1a: Ferrothorn
|faint|p1a: Ferrothorn
|
|-heal|p2a: Melmetal|23/100|[from] item: Leftovers
|upkeep
|
|t:|1659099602
|switch|p1a: Dragonite|Dragonite, F|100/100
|turn|25
|
|t:|1659099607
|move|p1a: Dragonite|Earthquake|p2a: Melmetal
|-supereffective|p2a: Melmetal
|-damage|p2a: Melmetal|0 fnt
|faint|p2a: Melmetal
|
|-fieldend|move: Electric Terrain
|upkeep
|
|t:|1659099610
|switch|p2a: Tapu Koko|Tapu Koko|77/100
|-fieldstart|move: Electric Terrain|[from] ability: Electric Surge|[of] p2a: Tapu Koko
|turn|26
|
|t:|1659099612
|move|p2a: Tapu Koko|U-turn|p1a: Dragonite
|-resisted|p1a: Dragonite
|-damage|p1a: Dragonite|96/100
|
|t:|1659099615
|switch|p2a: Landorus|Landorus-Therian, M|18/100|[from]move: U-turn
|-damage|p2a: Landorus|5/100|[from] Stealth Rock
|-ability|p2a: Landorus|Intimidate|boost
|-unboost|p1a: Dragonite|atk|1
|move|p1a: Dragonite|Dragon Dance|p1a: Dragonite
|-boost|p1a: Dragonite|atk|1
|-boost|p1a: Dragonite|spe|1
|
|upkeep
|turn|27
|
|t:|1659099620
|move|p1a: Dragonite|Ice Punch|p2a: Landorus
|-supereffective|p2a: Landorus
|-damage|p2a: Landorus|0 fnt
|faint|p2a: Landorus
|
|upkeep
|
|t:|1659099628
|switch|p2a: Conkeldurr|Conkeldurr, M|73/100 brn
|-damage|p2a: Conkeldurr|67/100 brn|[from] Stealth Rock
|-damage|p2a: Conkeldurr|55/100 brn|[from] Spikes
|turn|28
|
|t:|1659099643
|move|p1a: Dragonite|Roost|p1a: Dragonite
|-heal|p1a: Dragonite|100/100
|-singleturn|p1a: Dragonite|move: Roost
|move|p2a: Conkeldurr|Drain Punch|p1a: Dragonite
|-damage|p1a: Dragonite|64/100
|-heal|p2a: Conkeldurr|70/100 brn|[from] drain|[of] p1a: Dragonite
|
|-damage|p2a: Conkeldurr|64/100 brn|[from] brn
|upkeep
|turn|29
|
|t:|1659099659
|move|p1a: Dragonite|Earthquake|p2a: Conkeldurr
|-damage|p2a: Conkeldurr|29/100 brn
|move|p2a: Conkeldurr|Knock Off|p1a: Dragonite
|-damage|p1a: Dragonite|0 fnt
|-enditem|p1a: Dragonite|Heavy-Duty Boots|[from] move: Knock Off|[of] p2a: Conkeldurr
|faint|p1a: Dragonite
|
|-damage|p2a: Conkeldurr|23/100 brn|[from] brn
|upkeep
|
|t:|1659099670
|switch|p1a: Tapu Fini|Tapu Fini, shiny|77/100
|-damage|p1a: Tapu Fini|65/100|[from] Stealth Rock
|-fieldstart|move: Misty Terrain|[from] ability: Misty Surge|[of] p1a: Tapu Fini
|turn|30
|
|t:|1659099677
|switch|p2a: Tapu Koko|Tapu Koko|77/100
|-fieldstart|move: Electric Terrain|[from] ability: Electric Surge|[of] p2a: Tapu Koko
|move|p1a: Tapu Fini|Moonblast|p2a: Tapu Koko
|-damage|p2a: Tapu Koko|24/100
|
|-heal|p1a: Tapu Fini|71/100|[from] item: Leftovers
|upkeep
|turn|31
|
|t:|1659099684
|switch|p1a: Slowking|Slowking-Galar, F|77/100
|-damage|p1a: Slowking|65/100|[from] Stealth Rock
|move|p2a: Tapu Koko|Thunderbolt|p1a: Slowking
|-damage|p1a: Slowking|31/100
|
|upkeep
|turn|32
|
|t:|1659099689
|switch|p1a: Landorus|Landorus-Therian, M|21/100 tox
|-damage|p1a: Landorus|8/100 tox|[from] Stealth Rock
|-ability|p1a: Landorus|Intimidate|boost
|-unboost|p2a: Tapu Koko|atk|1
|move|p2a: Tapu Koko|Thunderbolt|p1a: Landorus
|-immune|p1a: Landorus
|
|-heal|p1a: Landorus|14/100 tox|[from] item: Leftovers
|-damage|p1a: Landorus|8/100 tox|[from] psn
|upkeep
|turn|33
|
|t:|1659099695
|move|p2a: Tapu Koko|Dazzling Gleam|p1a: Landorus
|-damage|p1a: Landorus|0 fnt
|faint|p1a: Landorus
|
|upkeep
|
|t:|1659099699
|switch|p1a: Slowking|Slowking-Galar, F|64/100
|-damage|p1a: Slowking|52/100|[from] Stealth Rock
|turn|34
|
|t:|1659099714
|move|p2a: Tapu Koko|Thunderbolt|p1a: Slowking
|-damage|p1a: Slowking|20/100
|move|p1a: Slowking|Sludge Bomb|p2a: Tapu Koko
|-supereffective|p2a: Tapu Koko
|-crit|p2a: Tapu Koko
|-damage|p2a: Tapu Koko|0 fnt
|faint|p2a: Tapu Koko
|
|-fieldend|move: Electric Terrain
|upkeep
|
|t:|1659099717
|switch|p2a: Volcarona|Volcarona, M|100/100
|turn|35
|
|t:|1659099720
|switch|p1a: Tapu Fini|Tapu Fini, shiny|71/100
|-damage|p1a: Tapu Fini|59/100|[from] Stealth Rock
|-fieldstart|move: Misty Terrain|[from] ability: Misty Surge|[of] p1a: Tapu Fini
|move|p2a: Volcarona|Quiver Dance|p2a: Volcarona
|-boost|p2a: Volcarona|spa|1
|-boost|p2a: Volcarona|spd|1
|-boost|p2a: Volcarona|spe|1
|
|-heal|p1a: Tapu Fini|65/100|[from] item: Leftovers
|upkeep
|turn|36
|
|t:|1659099724
|move|p2a: Volcarona|Quiver Dance|p2a: Volcarona
|-boost|p2a: Volcarona|spa|1
|-boost|p2a: Volcarona|spd|1
|-boost|p2a: Volcarona|spe|1
|move|p1a: Tapu Fini|Whirlpool|p2a: Volcarona
|-supereffective|p2a: Volcarona
|-damage|p2a: Volcarona|89/100
|-activate|p2a: Volcarona|move: Whirlpool|[of] p1a: Tapu Fini
|
|-heal|p1a: Tapu Fini|71/100|[from] item: Leftovers
|-damage|p2a: Volcarona|77/100|[from] move: Whirlpool|[partiallytrapped]
|upkeep
|turn|37
|
|t:|1659099728
|move|p2a: Volcarona|Psychic|p1a: Tapu Fini
|-damage|p1a: Tapu Fini|28/100
|move|p1a: Tapu Fini|Nature's Madness|p2a: Volcarona
|-damage|p2a: Volcarona|39/100
|
|-heal|p1a: Tapu Fini|35/100|[from] item: Leftovers
|-damage|p2a: Volcarona|26/100|[from] move: Whirlpool|[partiallytrapped]
|upkeep
|turn|38
|
|t:|1659099752
|move|p2a: Volcarona|Psychic|p1a: Tapu Fini
|-damage|p1a: Tapu Fini|0 fnt
|faint|p1a: Tapu Fini
|
|-end|p2a: Volcarona|Whirlpool|[partiallytrapped]|[silent]
|upkeep
|
|t:|1659099761
|switch|p1a: Weavile|Weavile, F|100/100
|-ability|p1a: Weavile|Pressure
|turn|39
|
|t:|1659099765
|move|p2a: Volcarona|Flamethrower|p1a: Weavile
|-supereffective|p1a: Weavile
|-damage|p1a: Weavile|0 fnt
|faint|p1a: Weavile
|
|-fieldend|Misty Terrain
|upkeep
|
|t:|1659099767
|switch|p1a: Slowking|Slowking-Galar, F|53/100
|-damage|p1a: Slowking|41/100|[from] Stealth Rock
|turn|40
|
|t:|1659099774
|move|p2a: Volcarona|Flamethrower|p1a: Slowking
|-damage|p1a: Slowking|0 fnt
|faint|p1a: Slowking
|
|win|Juyen RP PLF
|raw|LT91BB CCN's rating: 1642 &rarr; <strong>1627</strong><br />(-15 for losing)
|raw|Juyen RP PLF's rating: 1729 &rarr; <strong>1744</strong><br />(+15 for winning)
|l|☆Juyen RP PLF
