|j|☆Zfxcy
|j|☆soap776
|t:|1649108265
|gametype|singles
|player|p1|Zfxcy|hugh|1585
|player|p2|soap776|nate|1566
|teamsize|p1|6
|teamsize|p2|6
|gen|8
|tier|[Gen 8] OU
|rated|
|rule|Sleep Clause Mod: Limit one foe put to sleep
|rule|Species Clause: Limit one of each Pokémon
|rule|OHKO Clause: OHKO moves are banned
|rule|Evasion Moves Clause: Evasion moves are banned
|rule|Endless Battle Clause: Forcing endless battles is banned
|rule|HP Percentage Mod: HP is shown in percentages
|rule|Dynamax Clause: You cannot dynamax
|clearpoke
|poke|p1|Zeraora|
|poke|p1|Buzzwole|
|poke|p1|Dragonite, F|
|poke|p1|Slowking-Galar, F|
|poke|p1|Scizor, F|
|poke|p1|Toxapex, M|
|poke|p2|Tapu Lele|
|poke|p2|Heatran, F|
|poke|p2|Tornadus-Therian, M|
|poke|p2|Kommo-o, M|
|poke|p2|Garchomp, F|
|poke|p2|Slowbro, M|
|teampreview
|c|☆Zfxcy|Hm
|inactive|Battle timer is ON: inactive players will automatically lose when time's up. (requested by Zfxcy)
|
|t:|1649108293
|start
|switch|p1a: Pexxy|Toxapex, M|100/100
|switch|p2a: Garchomp|Garchomp, F|100/100
|turn|1
|
|t:|1649108298
|switch|p1a: Swole|Buzzwole|100/100
|move|p2a: Garchomp|Earthquake|p1a: Swole
|-resisted|p1a: Swole
|-damage|p1a: Swole|88/100
|
|upkeep
|turn|2
|
|t:|1649108306
|switch|p2a: Tornadus|Tornadus-Therian, M|100/100
|move|p1a: Swole|Toxic|p2a: Tornadus
|-status|p2a: Tornadus|tox
|
|-damage|p2a: Tornadus|94/100 tox|[from] psn
|upkeep
|turn|3
|
|t:|1649108314
|switch|p1a: Pexxy|Toxapex, M|100/100
|move|p2a: Tornadus|Knock Off|p1a: Pexxy
|-damage|p1a: Pexxy|89/100
|-damage|p2a: Tornadus|78/100 tox|[from] item: Rocky Helmet|[of] p1a: Pexxy
|-enditem|p1a: Pexxy|Rocky Helmet|[from] move: Knock Off|[of] p2a: Tornadus
|
|-damage|p2a: Tornadus|66/100 tox|[from] psn
|upkeep
|turn|4
|
|t:|1649108319
|move|p2a: Tornadus|Hurricane|p1a: Pexxy
|-damage|p1a: Pexxy|54/100
|move|p1a: Pexxy|Toxic Spikes|p2a: Tornadus
|-sidestart|p2: soap776|move: Toxic Spikes
|
|-damage|p2a: Tornadus|47/100 tox|[from] psn
|upkeep
|turn|5
|
|t:|1649108326
|move|p2a: Tornadus|U-turn|p1a: Pexxy
|-resisted|p1a: Pexxy
|-damage|p1a: Pexxy|49/100
|
|t:|1649108331
|switch|p2a: Heatran|Heatran, F|100/100|[from]move: U-turn
|move|p1a: Pexxy|Toxic Spikes|p2a: Heatran
|-sidestart|p2: soap776|move: Toxic Spikes
|
|upkeep
|turn|6
|
|t:|1649108336
|move|p1a: Pexxy|Baneful Bunker|p1a: Pexxy
|-singleturn|p1a: Pexxy|move: Protect
|move|p2a: Heatran|Stealth Rock|p1a: Pexxy
|-sidestart|p1: Zfxcy|move: Stealth Rock
|
|upkeep
|turn|7
|
|t:|1649108341
|switch|p2a: Tornadus|Tornadus-Therian, M|81/100 tox
|switch|p1a: Galland|Dragonite, F, shiny|100/100
|
|-damage|p2a: Tornadus|75/100 tox|[from] psn
|upkeep
|turn|8
|
|t:|1649108347
|move|p2a: Tornadus|Knock Off|p1a: Galland
|-crit|p1a: Galland
|-damage|p1a: Galland|85/100
|-enditem|p1a: Galland|Heavy-Duty Boots|[from] move: Knock Off|[of] p2a: Tornadus
|move|p1a: Galland|Ice Beam|p2a: Tornadus
|-supereffective|p2a: Tornadus
|-damage|p2a: Tornadus|19/100 tox
|
|-damage|p2a: Tornadus|7/100 tox|[from] psn
|upkeep
|turn|9
|
|t:|1649108363
|switch|p2a: Slowbro|Slowbro, M|100/100
|move|p1a: Galland|Thunder Wave|p2a: Slowbro
|-status|p2a: Slowbro|par
|
|upkeep
|turn|10
|
|t:|1649108373
|switch|p1a: Gus|Slowking-Galar, F|100/100
|-damage|p1a: Gus|88/100|[from] Stealth Rock
|cant|p2a: Slowbro|par
|
|upkeep
|turn|11
|
|t:|1649108377
|move|p1a: Gus|Ice Beam|p2a: Slowbro
|-resisted|p2a: Slowbro
|-damage|p2a: Slowbro|85/100 par
|move|p2a: Slowbro|Future Sight|p1a: Gus
|-start|p2a: Slowbro|move: Future Sight
|
|upkeep
|turn|12
|
|t:|1649108381
|switch|p2a: Heatran|Heatran, F|100/100
|move|p1a: Gus|Future Sight|p2a: Heatran
|-start|p1a: Gus|move: Future Sight
|
|upkeep
|turn|13
|
|t:|1649108387
|move|p2a: Heatran|Magma Storm|p1a: Gus
|-damage|p1a: Gus|69/100
|-activate|p1a: Gus|move: Magma Storm|[of] p2a: Heatran
|move|p1a: Gus|Earthquake|p2a: Heatran
|-supereffective|p2a: Heatran
|-damage|p2a: Heatran|43/100
|
|-end|p1a: Gus|move: Future Sight
|-damage|p1a: Gus|51/100
|-heal|p2a: Heatran|49/100|[from] item: Leftovers
|-damage|p1a: Gus|39/100|[from] move: Magma Storm|[partiallytrapped]
|upkeep
|turn|14
|
|t:|1649108410
|switch|p2a: Tapu Lele|Tapu Lele|100/100
|-status|p2a: Tapu Lele|tox
|-fieldstart|move: Psychic Terrain|[from] ability: Psychic Surge|[of] p2a: Tapu Lele
|move|p1a: Gus|Earthquake|p2a: Tapu Lele
|-damage|p2a: Tapu Lele|77/100 tox
|
|-end|p2a: Tapu Lele|move: Future Sight
|-resisted|p2a: Tapu Lele
|-damage|p2a: Tapu Lele|41/100 tox
|-damage|p2a: Tapu Lele|35/100 tox|[from] psn
|-end|p1a: Gus|Magma Storm|[partiallytrapped]|[silent]
|upkeep
|turn|15
|
|t:|1649108418
|switch|p1a: Skillz|Scizor, F|100/100
|-damage|p1a: Skillz|88/100|[from] Stealth Rock
|move|p2a: Tapu Lele|Future Sight|p1a: Skillz
|-start|p2a: Tapu Lele|move: Future Sight
|
|-heal|p1a: Skillz|94/100|[from] item: Leftovers
|-damage|p2a: Tapu Lele|23/100 tox|[from] psn
|upkeep
|turn|16
|
|t:|1649108422
|switch|p2a: Heatran|Heatran, F|49/100
|move|p1a: Skillz|Superpower|p2a: Heatran
|-supereffective|p2a: Heatran
|-damage|p2a: Heatran|0 fnt
|-unboost|p1a: Skillz|atk|1
|-unboost|p1a: Skillz|def|1
|-status|p1a: Skillz|brn|[from] ability: Flame Body|[of] p2a: Heatran
|faint|p2a: Heatran
|
|-heal|p1a: Skillz|99/100 brn|[from] item: Leftovers
|-damage|p1a: Skillz|94/100 brn|[from] brn
|upkeep
|
|t:|1649108432
|switch|p2a: Tornadus|Tornadus-Therian, M|40/100 tox
|turn|17
|
|t:|1649108454
|move|p1a: Skillz|Bullet Punch|p2a: Tornadus
|-hint|Psychic Terrain doesn't affect Pokémon immune to Ground.
|-damage|p2a: Tornadus|29/100 tox
|move|p2a: Tornadus|Defog|p1a: Skillz
|-unboost|p1a: Skillz|evasion|1
|-sideend|p1: Zfxcy|Stealth Rock|[from] move: Defog|[of] p2a: Tornadus
|-sideend|p2: soap776|Toxic Spikes|[from] move: Defog|[of] p2a: Tornadus
|-fieldend|move: Psychic Terrain
|
|-end|p1a: Skillz|move: Future Sight
|-resisted|p1a: Skillz
|-damage|p1a: Skillz|65/100 brn
|-heal|p1a: Skillz|71/100 brn|[from] item: Leftovers
|-damage|p2a: Tornadus|23/100 tox|[from] psn
|-damage|p1a: Skillz|65/100 brn|[from] brn
|upkeep
|turn|18
|
|t:|1649108468
|switch|p2a: Garchomp|Garchomp, F|100/100
|switch|p1a: Pexxy|Toxapex, M|82/100
|
|upkeep
|turn|19
|
|t:|1649108474
|switch|p2a: Tornadus|Tornadus-Therian, M|56/100 tox
|switch|p1a: Swole|Buzzwole|88/100
|
|-damage|p2a: Tornadus|50/100 tox|[from] psn
|upkeep
|turn|20
|
|t:|1649108489
|switch|p1a: Zeno Bell|Zeraora, shiny|100/100
|move|p2a: Tornadus|Hurricane|p1a: Zeno Bell
|-resisted|p1a: Zeno Bell
|-damage|p1a: Zeno Bell|75/100
|
|-heal|p1a: Zeno Bell|81/100|[from] item: Leftovers
|-damage|p2a: Tornadus|38/100 tox|[from] psn
|upkeep
|turn|21
|
|t:|1649108504
|switch|p2a: Garchomp|Garchomp, F|100/100
|move|p1a: Zeno Bell|Play Rough|p2a: Garchomp
|-supereffective|p2a: Garchomp
|-damage|p2a: Garchomp|48/100
|-damage|p1a: Zeno Bell|69/100|[from] ability: Rough Skin|[of] p2a: Garchomp
|
|-heal|p1a: Zeno Bell|75/100|[from] item: Leftovers
|upkeep
|turn|22
|
|t:|1649108509
|switch|p1a: Swole|Buzzwole|88/100
|move|p2a: Garchomp|Earthquake|p1a: Swole
|-resisted|p1a: Swole
|-damage|p1a: Swole|74/100
|
|upkeep
|turn|23
|
|t:|1649108515
|switch|p2a: Slowbro|Slowbro, M|100/100 par
|move|p1a: Swole|Ice Punch|p2a: Slowbro
|-resisted|p2a: Slowbro
|-damage|p2a: Slowbro|92/100 par
|
|upkeep
|turn|24
|
|t:|1649108527
|switch|p1a: Pexxy|Toxapex, M|100/100
|move|p2a: Slowbro|Future Sight|p1a: Pexxy
|-start|p2a: Slowbro|move: Future Sight
|
|upkeep
|turn|25
|
|t:|1649108532
|switch|p2a: Tornadus|Tornadus-Therian, M|71/100 tox
|move|p1a: Pexxy|Toxic Spikes|p2a: Tornadus
|-sidestart|p2: soap776|move: Toxic Spikes
|
|-damage|p2a: Tornadus|65/100 tox|[from] psn
|upkeep
|turn|26
|
|t:|1649108539
|switch|p1a: Skillz|Scizor, F|65/100 brn
|move|p2a: Tornadus|Defog|p1a: Skillz
|-unboost|p1a: Skillz|evasion|1
|-sideend|p2: soap776|Toxic Spikes|[from] move: Defog|[of] p2a: Tornadus
|
|-end|p1a: Skillz|move: Future Sight
|-resisted|p1a: Skillz
|-damage|p1a: Skillz|44/100 brn
|-heal|p1a: Skillz|50/100 brn|[from] item: Leftovers
|-damage|p2a: Tornadus|53/100 tox|[from] psn
|-damage|p1a: Skillz|44/100 brn|[from] brn
|upkeep
|turn|27
|
|t:|1649108543
|move|p2a: Tornadus|Hurricane|p1a: Skillz
|-damage|p1a: Skillz|8/100 brn
|move|p1a: Skillz|Roost|p1a: Skillz
|-heal|p1a: Skillz|58/100 brn
|-singleturn|p1a: Skillz|move: Roost
|
|-heal|p1a: Skillz|64/100 brn|[from] item: Leftovers
|-damage|p2a: Tornadus|35/100 tox|[from] psn
|-damage|p1a: Skillz|58/100 brn|[from] brn
|upkeep
|turn|28
|
|t:|1649108554
|switch|p2a: Slowbro|Slowbro, M|100/100 par
|switch|p1a: Zeno Bell|Zeraora, shiny|75/100
|
|-heal|p1a: Zeno Bell|81/100|[from] item: Leftovers
|upkeep
|turn|29
|
|t:|1649108561
|move|p1a: Zeno Bell|Plasma Fists|p2a: Slowbro
|-supereffective|p2a: Slowbro
|-damage|p2a: Slowbro|42/100 par
|-fieldactivate|move: Ion Deluge
|-hint|Normal-type moves become Electric-type after using Plasma Fists.
|move|p2a: Slowbro|Scald|p1a: Zeno Bell
|-damage|p1a: Zeno Bell|46/100
|-status|p1a: Zeno Bell|brn
|
|-heal|p1a: Zeno Bell|52/100 brn|[from] item: Leftovers
|-damage|p1a: Zeno Bell|46/100 brn|[from] brn
|upkeep
|turn|30
|
|t:|1649108578
|switch|p1a: Gus|Slowking-Galar, F|72/100
|switch|p2a: Garchomp|Garchomp, F|48/100
|
|upkeep
|turn|31
|
|t:|1649108584
|switch|p1a: Swole|Buzzwole|74/100
|move|p2a: Garchomp|Earthquake|p1a: Swole
|-resisted|p1a: Swole
|-damage|p1a: Swole|61/100
|
|upkeep
|turn|32
|
|t:|1649108599
|switch|p2a: Tapu Lele|Tapu Lele|23/100 tox
|-fieldstart|move: Psychic Terrain|[from] ability: Psychic Surge|[of] p2a: Tapu Lele
|move|p1a: Swole|Toxic|p2a: Tapu Lele|[miss]
|-miss|p1a: Swole|p2a: Tapu Lele
|
|-damage|p2a: Tapu Lele|17/100 tox|[from] psn
|upkeep
|turn|33
|
|t:|1649108607
|switch|p1a: Skillz|Scizor, F|58/100 brn
|move|p2a: Tapu Lele|Psyshock|p1a: Skillz
|-resisted|p1a: Skillz
|-damage|p1a: Skillz|16/100 brn
|
|-heal|p1a: Skillz|22/100 brn|[from] item: Leftovers
|-damage|p2a: Tapu Lele|4/100 tox|[from] psn
|-damage|p1a: Skillz|16/100 brn|[from] brn
|upkeep
|turn|34
|
|t:|1649108617
|move|p2a: Tapu Lele|Psyshock|p1a: Skillz
|-resisted|p1a: Skillz
|-damage|p1a: Skillz|0 fnt
|faint|p1a: Skillz
|
|-damage|p2a: Tapu Lele|0 fnt|[from] psn
|faint|p2a: Tapu Lele
|upkeep
|
|t:|1649108628
|switch|p2a: Kommo-o|Kommo-o, M|100/100
|switch|p1a: Pexxy|Toxapex, M|100/100
|turn|35
|
|t:|1649108639
|switch|p2a: Garchomp|Garchomp, F|48/100
|move|p1a: Pexxy|Scald|p2a: Garchomp
|-damage|p2a: Garchomp|29/100
|
|upkeep
|turn|36
|
|t:|1649108648
|move|p1a: Pexxy|Baneful Bunker|p1a: Pexxy
|-singleturn|p1a: Pexxy|move: Protect
|move|p2a: Garchomp|Fire Fang|p1a: Pexxy
|-activate|p1a: Pexxy|move: Protect
|-status|p2a: Garchomp|psn
|
|-damage|p2a: Garchomp|17/100 psn|[from] psn
|-fieldend|move: Psychic Terrain
|upkeep
|turn|37
|
|t:|1649108654
|move|p2a: Garchomp|Fire Fang|p1a: Pexxy
|-resisted|p1a: Pexxy
|-damage|p1a: Pexxy|93/100
|move|p1a: Pexxy|Toxic Spikes|p2a: Garchomp
|-sidestart|p2: soap776|move: Toxic Spikes
|
|-damage|p2a: Garchomp|4/100 psn|[from] psn
|upkeep
|turn|38
|
|t:|1649108661
|switch|p2a: Tornadus|Tornadus-Therian, M|68/100 tox
|move|p1a: Pexxy|Toxic Spikes|p2a: Tornadus
|-sidestart|p2: soap776|move: Toxic Spikes
|
|-damage|p2a: Tornadus|62/100 tox|[from] psn
|upkeep
|turn|39
|
|t:|1649108669
|switch|p1a: Gus|Slowking-Galar, F|100/100
|move|p2a: Tornadus|Defog|p1a: Gus
|-unboost|p1a: Gus|evasion|1
|-sideend|p2: soap776|Toxic Spikes|[from] move: Defog|[of] p2a: Tornadus
|
|-damage|p2a: Tornadus|50/100 tox|[from] psn
|upkeep
|turn|40
|
|t:|1649108671
|move|p2a: Tornadus|Knock Off|p1a: Gus
|-supereffective|p1a: Gus
|-damage|p1a: Gus|54/100
|-enditem|p1a: Gus|Assault Vest|[from] move: Knock Off|[of] p2a: Tornadus
|move|p1a: Gus|Future Sight|p2a: Tornadus
|-start|p1a: Gus|move: Future Sight
|
|-damage|p2a: Tornadus|31/100 tox|[from] psn
|upkeep
|turn|41
|
|t:|1649108678
|switch|p1a: Pexxy|Toxapex, M|100/100
|move|p2a: Tornadus|U-turn|p1a: Pexxy
|-resisted|p1a: Pexxy
|-damage|p1a: Pexxy|96/100
|
|t:|1649108683
|switch|p2a: Garchomp|Garchomp, F|4/100 psn|[from]move: U-turn
|
|-damage|p2a: Garchomp|0 fnt|[from] psn
|faint|p2a: Garchomp
|upkeep
|
|t:|1649108688
|switch|p2a: Slowbro|Slowbro, M|76/100 par
|turn|42
|
|t:|1649108692
|move|p1a: Pexxy|Toxic Spikes|p2a: Slowbro
|-sidestart|p2: soap776|move: Toxic Spikes
|cant|p2a: Slowbro|par
|
|-end|p2a: Slowbro|move: Future Sight
|-resisted|p2a: Slowbro
|-damage|p2a: Slowbro|48/100 par
|upkeep
|turn|43
|
|t:|1649108695
|move|p1a: Pexxy|Toxic Spikes|p2a: Slowbro
|-sidestart|p2: soap776|move: Toxic Spikes
|move|p2a: Slowbro|Future Sight|p1a: Pexxy
|-start|p2a: Slowbro|move: Future Sight
|
|upkeep
|turn|44
|
|t:|1649108699
|switch|p1a: Gus|Slowking-Galar, F|88/100
|cant|p2a: Slowbro|par
|
|upkeep
|turn|45
|
|t:|1649108705
|switch|p2a: Tornadus|Tornadus-Therian, M|65/100 tox
|move|p1a: Gus|Sludge Bomb|p2a: Tornadus
|-damage|p2a: Tornadus|22/100 tox
|
|-end|p1a: Gus|move: Future Sight
|-damage|p1a: Gus|60/100
|-damage|p2a: Tornadus|16/100 tox|[from] psn
|upkeep
|turn|46
|
|t:|1649108709
|move|p2a: Tornadus|Knock Off|p1a: Gus
|-supereffective|p1a: Gus
|-damage|p1a: Gus|28/100
|move|p1a: Gus|Sludge Bomb|p2a: Tornadus
|-damage|p2a: Tornadus|0 fnt
|faint|p2a: Tornadus
|
|upkeep
|
|t:|1649108713
|switch|p2a: Kommo-o|Kommo-o, M|100/100
|-status|p2a: Kommo-o|tox
|turn|47
|
|t:|1649108716
|switch|p1a: Pexxy|Toxapex, M|100/100
|move|p2a: Kommo-o|Clangorous Soul|p2a: Kommo-o
|-boost|p2a: Kommo-o|atk|1
|-boost|p2a: Kommo-o|def|1
|-boost|p2a: Kommo-o|spa|1
|-boost|p2a: Kommo-o|spd|1
|-boost|p2a: Kommo-o|spe|1
|-damage|p2a: Kommo-o|68/100 tox
|-enditem|p2a: Kommo-o|Throat Spray
|-boost|p2a: Kommo-o|spa|1|[from] item: Throat Spray
|
|-damage|p2a: Kommo-o|61/100 tox|[from] psn
|upkeep
|turn|48
|
|t:|1649108719
|move|p2a: Kommo-o|Clanging Scales|p1a: Pexxy
|-damage|p1a: Pexxy|21/100
|-unboost|p2a: Kommo-o|def|1
|move|p1a: Pexxy|Haze|p1a: Pexxy
|-clearallboost
|
|-damage|p2a: Kommo-o|49/100 tox|[from] psn
|upkeep
|turn|49
|
|t:|1649108730
|move|p1a: Pexxy|Baneful Bunker|p1a: Pexxy
|-singleturn|p1a: Pexxy|move: Protect
|move|p2a: Kommo-o|Boomburst|p1a: Pexxy
|-activate|p1a: Pexxy|move: Protect
|
|-damage|p2a: Kommo-o|30/100 tox|[from] psn
|upkeep
|turn|50
|
|t:|1649108734
|switch|p1a: Gus|Slowking-Galar, F|62/100
|move|p2a: Kommo-o|Boomburst|p1a: Gus
|-damage|p1a: Gus|31/100
|
|-damage|p2a: Kommo-o|6/100 tox|[from] psn
|upkeep
|turn|51
|
|t:|1649108745
|switch|p1a: Pexxy|Toxapex, M|54/100
|move|p2a: Kommo-o|Clanging Scales|p1a: Pexxy
|-damage|p1a: Pexxy|13/100
|-unboost|p2a: Kommo-o|def|1
|
|-damage|p2a: Kommo-o|0 fnt|[from] psn
|faint|p2a: Kommo-o
|upkeep
|-message|soap776 forfeited.
|
|win|Zfxcy
|raw|Zfxcy's rating: 1585 &rarr; <strong>1604</strong><br />(+19 for winning)
|raw|soap776's rating: 1566 &rarr; <strong>1547</strong><br />(-19 for losing)
|l|☆soap776
||Ladder isn't responding, score probably updated but might not have (Request timeout).
