|j|☆LT91BB Mimi
|j|☆Steve Omelette
|t:|1658941012
|gametype|singles
|player|p1|LT91BB Mimi|#mimikyustardust|1742
|player|p2|Steve Omelette|1|1870
|teamsize|p1|6
|teamsize|p2|6
|gen|8
|tier|[Gen 8] OU
|rated|
|rule|Sleep Clause Mod: Limit one foe put to sleep
|rule|Species Clause: Limit one of each Pokémon
|rule|OHKO Clause: OHKO moves are banned
|rule|Evasion Moves Clause: Evasion moves are banned
|rule|Endless Battle Clause: Forcing endless battles is banned
|rule|HP Percentage Mod: HP is shown in percentages
|rule|Dynamax Clause: You cannot dynamax
|clearpoke
|poke|p1|Urshifu-*, M|
|poke|p1|Tyranitar, M|
|poke|p1|Excadrill, F|
|poke|p1|Zapdos|
|poke|p1|Ferrothorn, M|
|poke|p1|Tapu Lele|
|poke|p2|Ferrothorn, F|
|poke|p2|Rotom-Wash|
|poke|p2|Tyranitar, M|
|poke|p2|Excadrill, M|
|poke|p2|Clefable, M|
|poke|p2|Dragapult, F|
|teampreview
|j| edered03
|j| LT91BB Scizox
|j| LT91BB Suf
|j| bhkg
|j| OLT Farmer
|j| De la Bourdonnais
|j| Wee Hours
|l| LT91BB Scizox
|j| LT91BB Poeh
|l| LT91BB Poeh
|j| ClumsyClefable
|
|t:|1658941035
|start
|switch|p1a: Tyranitar|Tyranitar, M|100/100
|switch|p2a: Clefable|Clefable, M|100/100
|-weather|Sandstorm|[from] ability: Sand Stream|[of] p1a: Tyranitar
|turn|1
|j| NitioWO
|j| RNN YasuKe
|l|☆LT91BB Mimi
|player|p1|
|j| Zeno420
|j|+kino
|j|☆LT91BB Mimi
|player|p1|LT91BB Mimi|#mimikyustardust
|l| NitioWO
|
|t:|1658941086
|move|p1a: Tyranitar|Stone Edge|p2a: Clefable|[miss]
|-miss|p1a: Tyranitar|p2a: Clefable
|move|p2a: Clefable|Soft-Boiled||[still]
|-fail|p2a: Clefable|heal
|
|-weather|Sandstorm|[upkeep]
|upkeep
|turn|2
|j| antarctozolt
|j| LT91BB ownerdoor
|l| edered03
|
|t:|1658941100
|move|p1a: Tyranitar|Stone Edge|p2a: Clefable
|-crit|p2a: Clefable
|-damage|p2a: Clefable|0 fnt
|faint|p2a: Clefable
|
|-weather|Sandstorm|[upkeep]
|upkeep
|j| LT91BB pineco
|
|t:|1658941108
|switch|p2a: Ferrothorn|Ferrothorn, F|100/100
|turn|3
|l| Zeno420
|
|t:|1658941117
|switch|p1a: Zapdos|Zapdos|100/100
|move|p2a: Ferrothorn|Spikes|p1a: Zapdos
|-sidestart|p1: LT91BB Mimi|Spikes
|
|-weather|Sandstorm|[upkeep]
|-damage|p1a: Zapdos|94/100|[from] Sandstorm
|upkeep
|turn|4
|
|t:|1658941123
|move|p1a: Zapdos|Heat Wave|p2a: Ferrothorn
|-supereffective|p2a: Ferrothorn
|-damage|p2a: Ferrothorn|6/100
|-status|p2a: Ferrothorn|brn
|move|p2a: Ferrothorn|Leech Seed|p1a: Zapdos
|-start|p1a: Zapdos|move: Leech Seed
|
|-weather|Sandstorm|[upkeep]
|-damage|p1a: Zapdos|88/100|[from] Sandstorm
|-heal|p2a: Ferrothorn|12/100 brn|[from] item: Leftovers
|-damage|p1a: Zapdos|76/100|[from] Leech Seed|[of] p2a: Ferrothorn
|-heal|p2a: Ferrothorn|25/100 brn|[silent]
|-damage|p2a: Ferrothorn|19/100 brn|[from] brn
|upkeep
|turn|5
|
|t:|1658941130
|move|p1a: Zapdos|Volt Switch|p2a: Ferrothorn
|-resisted|p2a: Ferrothorn
|-damage|p2a: Ferrothorn|7/100 brn
|
|t:|1658941132
|switch|p1a: Ferrothorn|Ferrothorn, M|100/100|[from]move: Volt Switch
|-damage|p1a: Ferrothorn|88/100|[from] Spikes
|move|p2a: Ferrothorn|Leech Seed|p1a: Ferrothorn
|-immune|p1a: Ferrothorn
|
|-weather|none
|-heal|p2a: Ferrothorn|13/100 brn|[from] item: Leftovers
|-heal|p1a: Ferrothorn|94/100|[from] item: Leftovers
|-damage|p2a: Ferrothorn|7/100 brn|[from] brn
|upkeep
|turn|6
|
|t:|1658941135
|switch|p2a: Tyranitar|Tyranitar, M|100/100
|-weather|Sandstorm|[from] ability: Sand Stream|[of] p2a: Tyranitar
|move|p1a: Ferrothorn|Stealth Rock|p2a: Tyranitar
|-sidestart|p2: Steve Omelette|move: Stealth Rock
|
|-weather|Sandstorm|[upkeep]
|-heal|p1a: Ferrothorn|99/100|[from] item: Leftovers
|upkeep
|turn|7
|l| LT91BB pineco
|inactive|Battle timer is ON: inactive players will automatically lose when time's up. (requested by Steve Omelette)
|
|t:|1658941164
|switch|p1a: Urshifu|Urshifu-Rapid-Strike, M|100/100
|-damage|p1a: Urshifu|88/100|[from] Spikes
|move|p2a: Tyranitar|Superpower|p1a: Urshifu
|-damage|p1a: Urshifu|22/100
|-unboost|p2a: Tyranitar|atk|1
|-unboost|p2a: Tyranitar|def|1
|
|-weather|Sandstorm|[upkeep]
|-damage|p1a: Urshifu|16/100|[from] Sandstorm
|upkeep
|turn|8
|l| LT91BB Suf
|
|t:|1658941187
|switch|p2a: Ferrothorn|Ferrothorn, F|7/100 brn
|-damage|p2a: Ferrothorn|1/100 brn|[from] Stealth Rock
|move|p1a: Urshifu|Surging Strikes|p2a: Ferrothorn
|-resisted|p2a: Ferrothorn
|-crit|p2a: Ferrothorn
|-damage|p2a: Ferrothorn|0 fnt
|-activate|p2a: Ferrothorn|ability: Iron Barbs
|-activate|p1a: Urshifu|item: Protective Pads
|faint|p2a: Ferrothorn
|-hitcount|p2: Ferrothorn|1
|
|-weather|Sandstorm|[upkeep]
|-damage|p1a: Urshifu|10/100|[from] Sandstorm
|upkeep
|j| Ran Kob
|l| antarctozolt
|inactive|Steve Omelette has 120 seconds left.
|
|t:|1658941218
|switch|p2a: Excadrill|Excadrill, M|100/100
|-damage|p2a: Excadrill|97/100|[from] Stealth Rock
|turn|9
|
|t:|1658941242
|switch|p1a: Zapdos|Zapdos|76/100
|move|p2a: Excadrill|Rapid Spin|p1a: Zapdos
|-crit|p1a: Zapdos
|-damage|p1a: Zapdos|57/100
|-boost|p2a: Excadrill|spe|1
|-sideend|p2: Steve Omelette|Stealth Rock|[from] move: Rapid Spin|[of] p2a: Excadrill
|
|-weather|Sandstorm|[upkeep]
|-damage|p1a: Zapdos|51/100|[from] Sandstorm
|-heal|p2a: Excadrill|100/100|[from] item: Leftovers
|upkeep
|turn|10
|
|t:|1658941255
|switch|p2a: Tyranitar|Tyranitar, M|100/100
|move|p1a: Zapdos|Roost|p1a: Zapdos
|-heal|p1a: Zapdos|100/100
|-singleturn|p1a: Zapdos|move: Roost
|
|-weather|none
|upkeep
|turn|11
|l| Ran Kob
|inactive|LT91BB Mimi has 120 seconds left.
|
|t:|1658941286
|move|p1a: Zapdos|Volt Switch|p2a: Tyranitar
|-damage|p2a: Tyranitar|71/100
|
|t:|1658941290
|switch|p1a: Ferrothorn|Ferrothorn, M|99/100|[from]move: Volt Switch
|-damage|p1a: Ferrothorn|88/100|[from] Spikes
|move|p2a: Tyranitar|Crunch|p1a: Ferrothorn
|-damage|p1a: Ferrothorn|37/100
|-damage|p2a: Tyranitar|58/100|[from] ability: Iron Barbs|[of] p1a: Ferrothorn
|
|-heal|p1a: Ferrothorn|43/100|[from] item: Leftovers
|upkeep
|turn|12
|
|t:|1658941294
|switch|p1a: Tyranitar|Tyranitar, M|100/100
|-damage|p1a: Tyranitar|88/100|[from] Spikes
|-weather|Sandstorm|[from] ability: Sand Stream|[of] p1a: Tyranitar
|move|p2a: Tyranitar|Crunch|p1a: Tyranitar
|-resisted|p1a: Tyranitar
|-damage|p1a: Tyranitar|55/100
|
|-weather|Sandstorm|[upkeep]
|upkeep
|turn|13
|
|t:|1658941313
|move|p2a: Tyranitar|Crunch|p1a: Tyranitar
|-resisted|p1a: Tyranitar
|-damage|p1a: Tyranitar|23/100
|move|p1a: Tyranitar|Stone Edge|p2a: Tyranitar|[miss]
|-miss|p1a: Tyranitar|p2a: Tyranitar
|
|-weather|Sandstorm|[upkeep]
|upkeep
|turn|14
|
|t:|1658941322
|move|p2a: Tyranitar|Crunch|p1a: Tyranitar
|-resisted|p1a: Tyranitar
|-damage|p1a: Tyranitar|0 fnt
|faint|p1a: Tyranitar
|
|-weather|Sandstorm|[upkeep]
|upkeep
|
|t:|1658941330
|switch|p1a: Excadrill|Excadrill, F|100/100
|-damage|p1a: Excadrill|88/100|[from] Spikes
|turn|15
|
|t:|1658941354
|switch|p2a: Rotom|Rotom-Wash|100/100
|move|p1a: Excadrill|Rock Slide|p2a: Rotom
|-damage|p2a: Rotom|55/100
|
|-weather|Sandstorm|[upkeep]
|-damage|p2a: Rotom|49/100|[from] Sandstorm
|-heal|p2a: Rotom|55/100|[from] item: Leftovers
|upkeep
|turn|16
|
|t:|1658941360
|move|p1a: Excadrill|Rock Slide|p2a: Rotom
|-damage|p2a: Rotom|12/100
|cant|p2a: Rotom|flinch
|
|-weather|none
|-heal|p2a: Rotom|18/100|[from] item: Leftovers
|upkeep
|turn|17
|
|t:|1658941365
|move|p2a: Rotom|Pain Split|p1a: Excadrill
|-sethp|p1a: Excadrill|52/100|[from] move: Pain Split|[silent]
|-sethp|p2a: Rotom|61/100|[from] move: Pain Split
|move|p1a: Excadrill|Rock Slide|p2a: Rotom
|-damage|p2a: Rotom|18/100
|
|-heal|p2a: Rotom|24/100|[from] item: Leftovers
|upkeep
|turn|18
|
|t:|1658941370
|switch|p2a: Excadrill|Excadrill, M|100/100
|move|p1a: Excadrill|Rock Slide|p2a: Excadrill
|-resisted|p2a: Excadrill
|-damage|p2a: Excadrill|85/100
|
|-heal|p2a: Excadrill|91/100|[from] item: Leftovers
|upkeep
|turn|19
|j| LT91BB ashwonkalos
|
|t:|1658941377
|switch|p2a: Dragapult|Dragapult, F|100/100
|switch|p1a: Zapdos|Zapdos|100/100
|
|upkeep
|turn|20
|inactive|LT91BB Mimi has 120 seconds left.
|
|t:|1658941410
|switch|p1a: Urshifu|Urshifu-Rapid-Strike, M|10/100
|-damage|p1a: Urshifu|0 fnt|[from] Spikes
|faint|p1a: Urshifu
|move|p2a: Dragapult|Shadow Ball|p1: Urshifu|[notarget]
|-fail|p2a: Dragapult
|
|upkeep
|
|t:|1658941412
|switch|p1a: Tapu Lele|Tapu Lele, shiny|100/100
|-damage|p1a: Tapu Lele|88/100|[from] Spikes
|-fieldstart|move: Psychic Terrain|[from] ability: Psychic Surge|[of] p1a: Tapu Lele
|turn|21
|
|t:|1658941426
|switch|p2a: Excadrill|Excadrill, M|91/100
|move|p1a: Tapu Lele|Moonblast|p2a: Excadrill
|-resisted|p2a: Excadrill
|-damage|p2a: Excadrill|58/100
|-unboost|p2a: Excadrill|spa|1
|
|-heal|p2a: Excadrill|64/100|[from] item: Leftovers
|upkeep
|turn|22
|
|t:|1658941439
|switch|p1a: Zapdos|Zapdos|100/100
|switch|p2a: Dragapult|Dragapult, F|100/100
|
|upkeep
|turn|23
|
|t:|1658941443
|switch|p1a: Ferrothorn|Ferrothorn, M|43/100
|-damage|p1a: Ferrothorn|31/100|[from] Spikes
|move|p2a: Dragapult|Shadow Ball|p1a: Ferrothorn
|-damage|p1a: Ferrothorn|0 fnt
|faint|p1a: Ferrothorn
|
|upkeep
|
|t:|1658941445
|switch|p1a: Tapu Lele|Tapu Lele, shiny|88/100
|-damage|p1a: Tapu Lele|76/100|[from] Spikes
|turn|24
|
|t:|1658941453
|switch|p2a: Rotom|Rotom-Wash|24/100
|move|p1a: Tapu Lele|Moonblast|p2a: Rotom
|-damage|p2a: Rotom|0 fnt
|faint|p2a: Rotom
|
|upkeep
|
|t:|1658941456
|switch|p2a: Excadrill|Excadrill, M|64/100
|turn|25
|
|t:|1658941469
|switch|p1a: Zapdos|Zapdos|100/100
|switch|p2a: Dragapult|Dragapult, F|100/100
|
|-fieldend|move: Psychic Terrain
|upkeep
|turn|26
|
|t:|1658941493
|switch|p1a: Excadrill|Excadrill, F|52/100
|-damage|p1a: Excadrill|39/100|[from] Spikes
|move|p2a: Dragapult|Shadow Ball|p1a: Excadrill
|-damage|p1a: Excadrill|0 fnt
|faint|p1a: Excadrill
|
|upkeep
|
|t:|1658941500
|switch|p1a: Tapu Lele|Tapu Lele, shiny|76/100
|-damage|p1a: Tapu Lele|63/100|[from] Spikes
|-fieldstart|move: Psychic Terrain|[from] ability: Psychic Surge|[of] p1a: Tapu Lele
|turn|27
|inactive|Steve Omelette has 120 seconds left.
|
|t:|1658941526
|switch|p2a: Tyranitar|Tyranitar, M|58/100
|-weather|Sandstorm|[from] ability: Sand Stream|[of] p2a: Tyranitar
|move|p1a: Tapu Lele|Moonblast|p2a: Tyranitar
|-supereffective|p2a: Tyranitar
|-damage|p2a: Tyranitar|0 fnt
|faint|p2a: Tyranitar
|
|-weather|Sandstorm|[upkeep]
|-damage|p1a: Tapu Lele|57/100|[from] Sandstorm
|upkeep
|
|t:|1658941528
|switch|p2a: Excadrill|Excadrill, M|64/100
|turn|28
|
|t:|1658941537
|switch|p1a: Zapdos|Zapdos|100/100
|move|p2a: Excadrill|Iron Head|p1a: Zapdos
|-resisted|p1a: Zapdos
|-damage|p1a: Zapdos|85/100
|
|-weather|Sandstorm|[upkeep]
|-damage|p1a: Zapdos|79/100|[from] Sandstorm
|-heal|p2a: Excadrill|70/100|[from] item: Leftovers
|upkeep
|turn|29
|
|t:|1658941543
|move|p2a: Excadrill|Swords Dance|p2a: Excadrill
|-boost|p2a: Excadrill|atk|2
|move|p1a: Zapdos|Volt Switch|p2a: Excadrill
|-immune|p2a: Excadrill
|
|-weather|Sandstorm|[upkeep]
|-damage|p1a: Zapdos|73/100|[from] Sandstorm
|-heal|p2a: Excadrill|76/100|[from] item: Leftovers
|upkeep
|turn|30
|j| Cpt Deschutes
|
|t:|1658941547
|switch|p2a: Dragapult|Dragapult, F|100/100
|move|p1a: Zapdos|Heat Wave|p2a: Dragapult
|-resisted|p2a: Dragapult
|-damage|p2a: Dragapult|83/100
|
|-weather|Sandstorm|[upkeep]
|-damage|p2a: Dragapult|77/100|[from] Sandstorm
|-damage|p1a: Zapdos|67/100|[from] Sandstorm
|upkeep
|turn|31
|
|t:|1658941552
|move|p2a: Dragapult|Shadow Ball|p1a: Zapdos
|-damage|p1a: Zapdos|8/100
|move|p1a: Zapdos|Hurricane|p2a: Dragapult
|-damage|p2a: Dragapult|14/100
|-start|p2a: Dragapult|confusion
|
|-weather|none
|-fieldend|move: Psychic Terrain
|upkeep
|turn|32
|l| Cpt Deschutes
|
|t:|1658941562
|-activate|p2a: Dragapult|confusion
|-damage|p2a: Dragapult|0 fnt|[from] confusion
|faint|p2a: Dragapult
|move|p1a: Zapdos|Volt Switch|p2: Dragapult|[notarget]
|-fail|p1a: Zapdos
|
|upkeep
|
|t:|1658941575
|switch|p2a: Excadrill|Excadrill, M|76/100
|turn|33
|
|t:|1658941587
|move|p2a: Excadrill|Rapid Spin|p1a: Zapdos
|-damage|p1a: Zapdos|0 fnt
|-boost|p2a: Excadrill|spe|1
|faint|p1a: Zapdos
|
|-heal|p2a: Excadrill|82/100|[from] item: Leftovers
|upkeep
|
|t:|1658941589
|switch|p1a: Tapu Lele|Tapu Lele, shiny|57/100
|-damage|p1a: Tapu Lele|45/100|[from] Spikes
|-fieldstart|move: Psychic Terrain|[from] ability: Psychic Surge|[of] p1a: Tapu Lele
|turn|34
|
|t:|1658941592
|move|p1a: Tapu Lele|Focus Blast|p2a: Excadrill|[miss]
|-miss|p1a: Tapu Lele|p2a: Excadrill
|move|p2a: Excadrill|Iron Head|p1a: Tapu Lele
|-supereffective|p1a: Tapu Lele
|-damage|p1a: Tapu Lele|0 fnt
|faint|p1a: Tapu Lele
|
|win|Steve Omelette
|raw|LT91BB Mimi's rating: 1768 &rarr; <strong>1754</strong><br />(-14 for losing)
|raw|Steve Omelette's rating: 1883 &rarr; <strong>1897</strong><br />(+14 for winning)
|l|☆Steve Omelette
|l|☆LT91BB Mimi
|l| LT91BB ashwonkalos
