|raw|<div class="broadcast-blue"><strong>This battle is required to be public due to a player having a name starting with 'lt91bb'.</div>
|j|☆LT91BB Manololt
|j|☆Escalando
|t:|1659203945
|gametype|singles
|player|p1|LT91BB Manololt|psychic-gen4|1897
|player|p2|Escalando|lucas-gen4pt|1825
|teamsize|p1|6
|teamsize|p2|6
|gen|8
|tier|[Gen 8] OU
|rated|
|rule|Sleep Clause Mod: Limit one foe put to sleep
|rule|Species Clause: Limit one of each Pokémon
|rule|OHKO Clause: OHKO moves are banned
|rule|Evasion Moves Clause: Evasion moves are banned
|rule|Endless Battle Clause: Forcing endless battles is banned
|rule|HP Percentage Mod: HP is shown in percentages
|rule|Dynamax Clause: You cannot dynamax
|clearpoke
|poke|p1|Buzzwole|
|poke|p1|Tornadus-Therian, M|
|poke|p1|Slowking, M|
|poke|p1|Tyranitar, F|
|poke|p1|Clefable, M|
|poke|p1|Excadrill, F|
|poke|p2|Clefable, M|
|poke|p2|Rillaboom, F|
|poke|p2|Tornadus-Therian, M|
|poke|p2|Melmetal|
|poke|p2|Gastrodon-East, M|
|poke|p2|Magnezone|
|teampreview
|j| LT91BB Bless
|
|t:|1659203976
|start
|switch|p1a: Tornadus|Tornadus-Therian, M|100/100
|switch|p2a: Melmetal|Melmetal|100/100
|turn|1
|
|t:|1659203982
|switch|p2a: Tornadus|Tornadus-Therian, M|100/100
|move|p1a: Tornadus|U-turn|p2a: Tornadus
|-resisted|p2a: Tornadus
|-damage|p2a: Tornadus|93/100
|
|t:|1659203983
|switch|p1a: Tyranitar|Tyranitar, F|100/100|[from]move: U-turn
|-weather|Sandstorm|[from] ability: Sand Stream|[of] p1a: Tyranitar
|
|-weather|Sandstorm|[upkeep]
|-damage|p2a: Tornadus|87/100|[from] Sandstorm
|upkeep
|turn|2
|j| lt91bb cuzzie
|
|t:|1659203986
|move|p2a: Tornadus|U-turn|p1a: Tyranitar
|-supereffective|p1a: Tyranitar
|-damage|p1a: Tyranitar|79/100
|j| Fire and wrath
|
|t:|1659203989
|switch|p2a: Clefable|Clefable, M|100/100|[from]move: U-turn
|move|p1a: Tyranitar|Stealth Rock|p2a: Clefable
|-sidestart|p2: Escalando|move: Stealth Rock
|
|-weather|Sandstorm|[upkeep]
|-heal|p1a: Tyranitar|85/100|[from] item: Leftovers
|upkeep
|turn|3
|
|t:|1659203992
|switch|p1a: Excadrill|Excadrill, F|100/100
|move|p2a: Clefable|Stealth Rock|p1a: Excadrill
|-sidestart|p1: LT91BB Manololt|move: Stealth Rock
|
|-weather|Sandstorm|[upkeep]
|upkeep
|turn|4
|l| lt91bb cuzzie
|j| LT91BB Rapty
|
|t:|1659203998
|switch|p2a: Tornadus|Tornadus-Therian, M|100/100
|move|p1a: Excadrill|Rapid Spin|p2a: Tornadus
|-damage|p2a: Tornadus|83/100
|-boost|p1a: Excadrill|spe|1
|-sideend|p1: LT91BB Manololt|Stealth Rock|[from] move: Rapid Spin|[of] p1a: Excadrill
|
|-weather|Sandstorm|[upkeep]
|-damage|p2a: Tornadus|77/100|[from] Sandstorm
|upkeep
|turn|5
|
|t:|1659204005
|switch|p1a: Slowking|Slowking, M|100/100
|move|p2a: Tornadus|U-turn|p1a: Slowking
|-supereffective|p1a: Slowking
|-damage|p1a: Slowking|72/100
|
|t:|1659204015
|switch|p2a: Melmetal|Melmetal|100/100|[from]move: U-turn
|-damage|p2a: Melmetal|94/100|[from] Stealth Rock
|
|-weather|none
|-heal|p2a: Melmetal|100/100|[from] item: Leftovers
|upkeep
|turn|6
|
|t:|1659204019
|move|p2a: Melmetal|Toxic|p1a: Slowking
|-status|p1a: Slowking|tox
|move|p1a: Slowking|Scald|p2a: Melmetal
|-damage|p2a: Melmetal|75/100
|-status|p2a: Melmetal|brn
|
|-heal|p2a: Melmetal|81/100 brn|[from] item: Leftovers
|-damage|p1a: Slowking|65/100 tox|[from] psn
|-damage|p2a: Melmetal|75/100 brn|[from] brn
|upkeep
|turn|7
|
|t:|1659204024
|switch|p2a: Clefable|Clefable, M|100/100
|move|p1a: Slowking|Teleport|p1a: Slowking
|
|t:|1659204027
|switch|p1a: Excadrill|Excadrill, F|100/100|[from]move: Teleport
|
|upkeep
|turn|8
|
|t:|1659204030
|switch|p2a: Tornadus|Tornadus-Therian, M|100/100
|move|p1a: Excadrill|Iron Head|p2a: Tornadus
|-crit|p2a: Tornadus
|-damage|p2a: Tornadus|33/100
|
|upkeep
|turn|9
|j| LT91BB Tace
|
|t:|1659204033
|move|p2a: Tornadus|U-turn|p1a: Excadrill
|-resisted|p1a: Excadrill
|-damage|p1a: Excadrill|91/100
|
|t:|1659204039
|switch|p2a: Gastrodon|Gastrodon-East, M|100/100|[from]move: U-turn
|-damage|p2a: Gastrodon|94/100|[from] Stealth Rock
|move|p1a: Excadrill|Iron Head|p2a: Gastrodon
|-resisted|p2a: Gastrodon
|-damage|p2a: Gastrodon|77/100
|
|-heal|p1a: Excadrill|97/100|[from] item: Leftovers
|-heal|p2a: Gastrodon|84/100|[from] item: Leftovers
|upkeep
|turn|10
|
|t:|1659204043
|switch|p1a: Slowking|Slowking, M|99/100 tox
|move|p2a: Gastrodon|Scald|p1a: Slowking
|-resisted|p1a: Slowking
|-damage|p1a: Slowking|91/100 tox
|
|-heal|p2a: Gastrodon|90/100|[from] item: Leftovers
|-damage|p1a: Slowking|85/100 tox|[from] psn
|upkeep
|turn|11
|j| hump
|j| deez nuzt
|
|t:|1659204056
|move|p2a: Gastrodon|Earth Power|p1a: Slowking
|-damage|p1a: Slowking|67/100 tox
|move|p1a: Slowking|Future Sight|p2a: Gastrodon
|-start|p1a: Slowking|move: Future Sight
|
|-heal|p2a: Gastrodon|96/100|[from] item: Leftovers
|-damage|p1a: Slowking|55/100 tox|[from] psn
|upkeep
|turn|12
|j| LT91BB stareal
|
|t:|1659204082
|switch|p2a: Tornadus|Tornadus-Therian, M|66/100
|move|p1a: Slowking|Teleport|p1a: Slowking
|
|t:|1659204088
|switch|p1a: Tornadus|Tornadus-Therian, M|100/100|[from]move: Teleport
|
|upkeep
|turn|13
|
|t:|1659204097
|move|p1a: Tornadus|Knock Off|p2a: Tornadus
|-damage|p2a: Tornadus|44/100
|-enditem|p2a: Tornadus|Heavy-Duty Boots|[from] move: Knock Off|[of] p1a: Tornadus
|move|p2a: Tornadus|U-turn|p1a: Tornadus
|-resisted|p1a: Tornadus
|-damage|p1a: Tornadus|93/100
|
|t:|1659204101
|switch|p2a: Clefable|Clefable, M|100/100|[from]move: U-turn
|
|-end|p2a: Clefable|move: Future Sight
|-damage|p2a: Clefable|64/100
|upkeep
|turn|14
|
|t:|1659204105
|move|p1a: Tornadus|U-turn|p2a: Clefable
|-resisted|p2a: Clefable
|-damage|p2a: Clefable|59/100
|-damage|p1a: Tornadus|77/100|[from] item: Rocky Helmet|[of] p2a: Clefable
|
|t:|1659204109
|switch|p1a: Excadrill|Excadrill, F|97/100|[from]move: U-turn
|move|p2a: Clefable|Aromatherapy|p2a: Clefable
|-activate|p2a: Clefable|move: Aromatherapy
|-curestatus|p2: Melmetal|brn|[msg]
|
|-heal|p1a: Excadrill|100/100|[from] item: Leftovers
|upkeep
|turn|15
|
|t:|1659204117
|switch|p2a: Gastrodon|Gastrodon-East, M|96/100
|-damage|p2a: Gastrodon|90/100|[from] Stealth Rock
|move|p1a: Excadrill|Swords Dance|p1a: Excadrill
|-boost|p1a: Excadrill|atk|2
|
|-heal|p2a: Gastrodon|96/100|[from] item: Leftovers
|upkeep
|turn|16
|
|t:|1659204124
|switch|p2a: Tornadus|Tornadus-Therian, M|78/100
|-damage|p2a: Tornadus|53/100|[from] Stealth Rock
|move|p1a: Excadrill|Earthquake|p2a: Tornadus
|-immune|p2a: Tornadus
|
|upkeep
|turn|17
|
|t:|1659204130
|move|p2a: Tornadus|Knock Off|p1a: Excadrill
|-damage|p1a: Excadrill|74/100
|-enditem|p1a: Excadrill|Leftovers|[from] move: Knock Off|[of] p2a: Tornadus
|move|p1a: Excadrill|Iron Head|p2a: Tornadus
|-damage|p2a: Tornadus|0 fnt
|faint|p2a: Tornadus
|
|upkeep
|
|t:|1659204135
|switch|p2a: Magnezone|Magnezone|100/100
|-damage|p2a: Magnezone|94/100|[from] Stealth Rock
|-item|p2a: Magnezone|Air Balloon
|turn|18
|
|t:|1659204140
|move|p1a: Excadrill|Iron Head|p2a: Magnezone
|-resisted|p2a: Magnezone
|-damage|p2a: Magnezone|78/100
|-enditem|p2a: Magnezone|Air Balloon
|cant|p2a: Magnezone|flinch
|
|upkeep
|turn|19
|l| LT91BB stareal
|
|t:|1659204150
|move|p1a: Excadrill|Earthquake|p2a: Magnezone
|-supereffective|p2a: Magnezone
|-damage|p2a: Magnezone|0 fnt
|faint|p2a: Magnezone
|
|upkeep
|
|t:|1659204152
|switch|p2a: Rillaboom|Rillaboom, F|100/100
|-damage|p2a: Rillaboom|88/100|[from] Stealth Rock
|-fieldstart|move: Grassy Terrain|[from] ability: Grassy Surge|[of] p2a: Rillaboom
|turn|20
|
|t:|1659204158
|switch|p1a: Buzzwole|Buzzwole|100/100
|move|p2a: Rillaboom|Grassy Glide|p1a: Buzzwole
|-resisted|p1a: Buzzwole
|-damage|p1a: Buzzwole|88/100
|-damage|p2a: Rillaboom|72/100|[from] item: Rocky Helmet|[of] p1a: Buzzwole
|
|-heal|p2a: Rillaboom|78/100|[from] Grassy Terrain
|-heal|p2a: Rillaboom|84/100|[from] item: Leftovers
|-heal|p1a: Buzzwole|94/100|[from] Grassy Terrain
|upkeep
|turn|21
|
|t:|1659204162
|switch|p2a: Clefable|Clefable, M|59/100
|switch|p1a: Excadrill|Excadrill, F|74/100
|
|-heal|p1a: Excadrill|80/100|[from] Grassy Terrain
|-heal|p2a: Clefable|65/100|[from] Grassy Terrain
|upkeep
|turn|22
|
|t:|1659204167
|switch|p1a: Slowking|Slowking, M|88/100 tox
|switch|p2a: Melmetal|Melmetal|75/100
|-damage|p2a: Melmetal|69/100|[from] Stealth Rock
|
|-heal|p2a: Melmetal|75/100|[from] Grassy Terrain
|-heal|p2a: Melmetal|81/100|[from] item: Leftovers
|-heal|p1a: Slowking|94/100 tox|[from] Grassy Terrain
|-damage|p1a: Slowking|88/100 tox|[from] psn
|upkeep
|turn|23
|
|t:|1659204170
|move|p2a: Melmetal|Double Iron Bash|p1a: Slowking
|-resisted|p1a: Slowking
|-damage|p1a: Slowking|64/100 tox
|-resisted|p1a: Slowking
|-damage|p1a: Slowking|40/100 tox
|-hitcount|p1a: Slowking|2
|move|p1a: Slowking|Scald|p2a: Melmetal
|-damage|p2a: Melmetal|58/100
|
|-heal|p2a: Melmetal|64/100|[from] Grassy Terrain
|-heal|p2a: Melmetal|70/100|[from] item: Leftovers
|-heal|p1a: Slowking|46/100 tox|[from] Grassy Terrain
|-damage|p1a: Slowking|33/100 tox|[from] psn
|upkeep
|turn|24
|
|t:|1659204178
|move|p2a: Melmetal|Double Iron Bash|p1a: Slowking
|-resisted|p1a: Slowking
|-damage|p1a: Slowking|10/100 tox
|-resisted|p1a: Slowking
|-damage|p1a: Slowking|0 fnt
|faint|p1a: Slowking
|-hitcount|p1: Slowking|2
|
|-heal|p2a: Melmetal|76/100|[from] Grassy Terrain
|-heal|p2a: Melmetal|82/100|[from] item: Leftovers
|-fieldend|move: Grassy Terrain
|upkeep
|
|t:|1659204180
|switch|p1a: Buzzwole|Buzzwole|94/100
|turn|25
|j| craig italian
|
|t:|1659204185
|move|p2a: Melmetal|Protect|p2a: Melmetal
|-singleturn|p2a: Melmetal|Protect
|move|p1a: Buzzwole|Close Combat|p2a: Melmetal
|-activate|p2a: Melmetal|move: Protect
|
|-heal|p2a: Melmetal|88/100|[from] item: Leftovers
|upkeep
|turn|26
|
|t:|1659204189
|switch|p2a: Clefable|Clefable, M|65/100
|move|p1a: Buzzwole|Close Combat|p2a: Clefable
|-resisted|p2a: Clefable
|-damage|p2a: Clefable|42/100
|-unboost|p1a: Buzzwole|def|1
|-unboost|p1a: Buzzwole|spd|1
|-damage|p1a: Buzzwole|77/100|[from] item: Rocky Helmet|[of] p2a: Clefable
|
|upkeep
|turn|27
|
|t:|1659204192
|switch|p1a: Excadrill|Excadrill, F|80/100
|move|p2a: Clefable|Soft-Boiled|p2a: Clefable
|-heal|p2a: Clefable|92/100
|
|upkeep
|turn|28
|
|t:|1659204194
|switch|p2a: Rillaboom|Rillaboom, F|84/100
|-damage|p2a: Rillaboom|71/100|[from] Stealth Rock
|-fieldstart|move: Grassy Terrain|[from] ability: Grassy Surge|[of] p2a: Rillaboom
|move|p1a: Excadrill|Earthquake|p2a: Rillaboom
|-resisted|p2a: Rillaboom
|-damage|p2a: Rillaboom|58/100
|
|-heal|p1a: Excadrill|86/100|[from] Grassy Terrain
|-heal|p2a: Rillaboom|64/100|[from] Grassy Terrain
|-heal|p2a: Rillaboom|70/100|[from] item: Leftovers
|upkeep
|turn|29
|
|t:|1659204200
|switch|p1a: Tornadus|Tornadus-Therian, M|100/100
|switch|p2a: Melmetal|Melmetal|88/100
|-damage|p2a: Melmetal|82/100|[from] Stealth Rock
|
|-heal|p2a: Melmetal|88/100|[from] Grassy Terrain
|-heal|p2a: Melmetal|94/100|[from] item: Leftovers
|upkeep
|turn|30
|
|t:|1659204208
|switch|p2a: Clefable|Clefable, M|92/100
|move|p1a: Tornadus|Knock Off|p2a: Clefable
|-resisted|p2a: Clefable
|-damage|p2a: Clefable|83/100
|-damage|p1a: Tornadus|84/100|[from] item: Rocky Helmet|[of] p2a: Clefable
|-enditem|p2a: Clefable|Rocky Helmet|[from] move: Knock Off|[of] p1a: Tornadus
|
|-heal|p2a: Clefable|89/100|[from] Grassy Terrain
|upkeep
|turn|31
|
|t:|1659204212
|move|p1a: Tornadus|Hurricane|p2a: Clefable
|-damage|p2a: Clefable|54/100
|move|p2a: Clefable|Stealth Rock|p1a: Tornadus
|-sidestart|p1: LT91BB Manololt|move: Stealth Rock
|
|-heal|p2a: Clefable|60/100|[from] Grassy Terrain
|upkeep
|turn|32
|
|t:|1659204216
|move|p1a: Tornadus|U-turn|p2a: Clefable
|-resisted|p2a: Clefable
|-damage|p2a: Clefable|54/100
|
|t:|1659204217
|switch|p1a: Excadrill|Excadrill, F|86/100|[from]move: U-turn
|-damage|p1a: Excadrill|83/100|[from] Stealth Rock
|move|p2a: Clefable|Soft-Boiled|p2a: Clefable
|-heal|p2a: Clefable|100/100
|
|-heal|p1a: Excadrill|89/100|[from] Grassy Terrain
|-fieldend|move: Grassy Terrain
|upkeep
|turn|33
|
|t:|1659204224
|switch|p2a: Gastrodon|Gastrodon-East, M|96/100
|-damage|p2a: Gastrodon|90/100|[from] Stealth Rock
|move|p1a: Excadrill|Rapid Spin|p2a: Gastrodon
|-damage|p2a: Gastrodon|74/100
|-boost|p1a: Excadrill|spe|1
|-sideend|p1: LT91BB Manololt|Stealth Rock|[from] move: Rapid Spin|[of] p1a: Excadrill
|
|-heal|p2a: Gastrodon|80/100|[from] item: Leftovers
|upkeep
|turn|34
|
|t:|1659204228
|switch|p1a: Tornadus|Tornadus-Therian, M|100/100
|move|p2a: Gastrodon|Scald|p1a: Tornadus
|-damage|p1a: Tornadus|76/100
|
|-heal|p2a: Gastrodon|86/100|[from] item: Leftovers
|upkeep
|turn|35
|
|t:|1659204235
|move|p1a: Tornadus|Knock Off|p2a: Gastrodon
|-damage|p2a: Gastrodon|69/100
|-enditem|p2a: Gastrodon|Leftovers|[from] move: Knock Off|[of] p1a: Tornadus
|move|p2a: Gastrodon|Toxic|p1a: Tornadus
|-status|p1a: Tornadus|tox
|
|-damage|p1a: Tornadus|69/100 tox|[from] psn
|upkeep
|turn|36
|
|t:|1659204240
|move|p1a: Tornadus|Toxic|p2a: Gastrodon
|-status|p2a: Gastrodon|tox
|move|p2a: Gastrodon|Recover|p2a: Gastrodon
|-heal|p2a: Gastrodon|100/100 tox
|
|-damage|p1a: Tornadus|57/100 tox|[from] psn
|-damage|p2a: Gastrodon|94/100 tox|[from] psn
|upkeep
|turn|37
|
|t:|1659204244
|move|p1a: Tornadus|U-turn|p2a: Gastrodon
|-damage|p2a: Gastrodon|83/100 tox
|
|t:|1659204246
|switch|p1a: Clefable|Clefable, M|100/100|[from]move: U-turn
|move|p2a: Gastrodon|Earth Power|p1a: Clefable
|-damage|p1a: Clefable|71/100
|-unboost|p1a: Clefable|spd|1
|
|-heal|p1a: Clefable|77/100|[from] item: Leftovers
|-damage|p2a: Gastrodon|70/100 tox|[from] psn
|upkeep
|turn|38
|j| Trannos
|
|t:|1659204252
|switch|p2a: Melmetal|Melmetal|94/100
|-damage|p2a: Melmetal|88/100|[from] Stealth Rock
|move|p1a: Clefable|Flamethrower|p2a: Melmetal
|-supereffective|p2a: Melmetal
|-damage|p2a: Melmetal|51/100
|
|-heal|p1a: Clefable|83/100|[from] item: Leftovers
|-heal|p2a: Melmetal|57/100|[from] item: Leftovers
|upkeep
|turn|39
|j| Karuisawa Kei
|
|t:|1659204260
|switch|p1a: Buzzwole|Buzzwole|77/100
|move|p2a: Melmetal|Toxic|p1a: Buzzwole
|-status|p1a: Buzzwole|tox
|
|-heal|p2a: Melmetal|63/100|[from] item: Leftovers
|-damage|p1a: Buzzwole|71/100 tox|[from] psn
|upkeep
|turn|40
|
|t:|1659204263
|switch|p2a: Clefable|Clefable, M|100/100
|move|p1a: Buzzwole|Roost|p1a: Buzzwole
|-heal|p1a: Buzzwole|100/100 tox
|-singleturn|p1a: Buzzwole|move: Roost
|
|-damage|p1a: Buzzwole|88/100 tox|[from] psn
|upkeep
|turn|41
|
|t:|1659204265
|switch|p1a: Excadrill|Excadrill, F|89/100
|move|p2a: Clefable|Aromatherapy|p2a: Clefable
|-activate|p2a: Clefable|move: Aromatherapy
|-curestatus|p2: Gastrodon|tox|[msg]
|
|upkeep
|turn|42
|
|t:|1659204272
|switch|p2a: Gastrodon|Gastrodon-East, M|70/100
|-damage|p2a: Gastrodon|64/100|[from] Stealth Rock
|move|p1a: Excadrill|Earthquake|p2a: Gastrodon
|-damage|p2a: Gastrodon|22/100
|
|upkeep
|turn|43
|
|t:|1659204277
|move|p1a: Excadrill|Earthquake|p2a: Gastrodon
|-damage|p2a: Gastrodon|0 fnt
|faint|p2a: Gastrodon
|
|upkeep
|
|t:|1659204279
|switch|p2a: Rillaboom|Rillaboom, F|70/100
|-damage|p2a: Rillaboom|57/100|[from] Stealth Rock
|-fieldstart|move: Grassy Terrain|[from] ability: Grassy Surge|[of] p2a: Rillaboom
|turn|44
|l| Trannos
|
|t:|1659204288
|switch|p1a: Buzzwole|Buzzwole|88/100 tox
|switch|p2a: Clefable|Clefable, M|100/100
|
|-heal|p1a: Buzzwole|94/100 tox|[from] Grassy Terrain
|-damage|p1a: Buzzwole|88/100 tox|[from] psn
|upkeep
|turn|45
|l| Karuisawa Kei
|
|t:|1659204295
|switch|p1a: Tyranitar|Tyranitar, F|85/100
|-weather|Sandstorm|[from] ability: Sand Stream|[of] p1a: Tyranitar
|switch|p2a: Melmetal|Melmetal|63/100
|-damage|p2a: Melmetal|57/100|[from] Stealth Rock
|
|-weather|Sandstorm|[upkeep]
|-heal|p1a: Tyranitar|92/100|[from] Grassy Terrain
|-heal|p1a: Tyranitar|98/100|[from] item: Leftovers
|-heal|p2a: Melmetal|63/100|[from] Grassy Terrain
|-heal|p2a: Melmetal|69/100|[from] item: Leftovers
|upkeep
|turn|46
|
|t:|1659204300
|move|p1a: Tyranitar|Earthquake|p2a: Melmetal
|-supereffective|p2a: Melmetal
|-damage|p2a: Melmetal|52/100
|move|p2a: Melmetal|Double Iron Bash|p1a: Tyranitar
|-supereffective|p1a: Tyranitar
|-damage|p1a: Tyranitar|38/100
|-supereffective|p1a: Tyranitar
|-crit|p1a: Tyranitar
|-damage|p1a: Tyranitar|0 fnt
|faint|p1a: Tyranitar
|-hitcount|p1: Tyranitar|2
|
|-weather|Sandstorm|[upkeep]
|-heal|p2a: Melmetal|58/100|[from] Grassy Terrain
|-heal|p2a: Melmetal|64/100|[from] item: Leftovers
|upkeep
|
|t:|1659204306
|switch|p1a: Tornadus|Tornadus-Therian, M|91/100 tox
|turn|47
|
|t:|1659204309
|move|p2a: Melmetal|Protect|p2a: Melmetal
|-singleturn|p2a: Melmetal|Protect
|move|p1a: Tornadus|Knock Off|p2a: Melmetal
|-activate|p2a: Melmetal|move: Protect
|
|-weather|Sandstorm|[upkeep]
|-damage|p1a: Tornadus|84/100 tox|[from] Sandstorm
|-heal|p2a: Melmetal|70/100|[from] Grassy Terrain
|-heal|p2a: Melmetal|76/100|[from] item: Leftovers
|-damage|p1a: Tornadus|78/100 tox|[from] psn
|upkeep
|turn|48
|j| Revenge Killer
|
|t:|1659204313
|move|p1a: Tornadus|Knock Off|p2a: Melmetal
|-damage|p2a: Melmetal|64/100
|-enditem|p2a: Melmetal|Leftovers|[from] move: Knock Off|[of] p1a: Tornadus
|move|p2a: Melmetal|Double Iron Bash|p1a: Tornadus
|-damage|p1a: Tornadus|37/100 tox
|-damage|p1a: Tornadus|0 fnt
|faint|p1a: Tornadus
|-hitcount|p1: Tornadus|2
|
|-weather|Sandstorm|[upkeep]
|-heal|p2a: Melmetal|70/100|[from] Grassy Terrain
|-fieldend|move: Grassy Terrain
|upkeep
|
|t:|1659204319
|switch|p1a: Excadrill|Excadrill, F|89/100
|turn|49
|
|t:|1659204322
|move|p1a: Excadrill|Earthquake|p2a: Melmetal
|-supereffective|p2a: Melmetal
|-damage|p2a: Melmetal|4/100
|move|p2a: Melmetal|Earthquake|p1a: Excadrill
|-supereffective|p1a: Excadrill
|-damage|p1a: Excadrill|0 fnt
|faint|p1a: Excadrill
|
|-weather|none
|upkeep
|
|t:|1659204327
|switch|p1a: Clefable|Clefable, M|83/100
|turn|50
|
|t:|1659204330
|move|p1a: Clefable|Moonblast|p2a: Melmetal
|-resisted|p2a: Melmetal
|-damage|p2a: Melmetal|0 fnt
|faint|p2a: Melmetal
|
|-heal|p1a: Clefable|90/100|[from] item: Leftovers
|upkeep
|
|t:|1659204334
|switch|p2a: Rillaboom|Rillaboom, F|57/100
|-damage|p2a: Rillaboom|45/100|[from] Stealth Rock
|-fieldstart|move: Grassy Terrain|[from] ability: Grassy Surge|[of] p2a: Rillaboom
|turn|51
|
|t:|1659204337
|move|p2a: Rillaboom|Swords Dance|p2a: Rillaboom
|-boost|p2a: Rillaboom|atk|2
|move|p1a: Clefable|Flamethrower|p2a: Rillaboom
|-supereffective|p2a: Rillaboom
|-damage|p2a: Rillaboom|0 fnt
|faint|p2a: Rillaboom
|
|-heal|p1a: Clefable|96/100|[from] Grassy Terrain
|-heal|p1a: Clefable|100/100|[from] item: Leftovers
|upkeep
|
|t:|1659204339
|switch|p2a: Clefable|Clefable, M|100/100
|turn|52
|
|t:|1659204342
|move|p1a: Clefable|Calm Mind|p1a: Clefable
|-boost|p1a: Clefable|spa|1
|-boost|p1a: Clefable|spd|1
|move|p2a: Clefable|Moonblast|p1a: Clefable
|-damage|p1a: Clefable|82/100
|
|-heal|p1a: Clefable|88/100|[from] Grassy Terrain
|-heal|p1a: Clefable|94/100|[from] item: Leftovers
|upkeep
|turn|53
|-message|Escalando forfeited.
|
|win|LT91BB Manololt
|raw|LT91BB Manololt's rating: 1876 &rarr; <strong>1893</strong><br />(+17 for winning)
|raw|Escalando's rating: 1825 &rarr; <strong>1808</strong><br />(-17 for losing)
|l|☆Escalando
|l|☆LT91BB Manololt
|l| Revenge Killer
|l| LT91BB Rapty
|l| craig italian
||Ladder isn't responding, score probably updated but might not have (Request timeout).
|l| LT91BB Tace
|l| hump
|l| deez nuzt
