|j|☆Maitredouard2
|j|☆walch5566
|t:|1660900632
|gametype|singles
|player|p1|Maitredouard2|lance|1623
|player|p2|walch5566|170|1620
|teamsize|p1|6
|teamsize|p2|6
|gen|8
|tier|[Gen 8] OU
|rated|
|rule|Sleep Clause Mod: Limit one foe put to sleep
|rule|Species Clause: Limit one of each Pokémon
|rule|OHKO Clause: OHKO moves are banned
|rule|Evasion Items Clause: Evasion items are banned
|rule|Evasion Moves Clause: Evasion moves are banned
|rule|Endless Battle Clause: Forcing endless battles is banned
|rule|HP Percentage Mod: HP is shown in percentages
|rule|Dynamax Clause: You cannot dynamax
|clearpoke
|poke|p1|Mandibuzz, F|
|poke|p1|Landorus-Therian, M|
|poke|p1|Blissey, F|
|poke|p1|Heatran, M|
|poke|p1|Toxapex, M|
|poke|p1|Tapu Lele|
|poke|p2|Seismitoad, M|
|poke|p2|Hawlucha, F|
|poke|p2|Gengar, F|
|poke|p2|Melmetal|
|poke|p2|Rillaboom, M|
|poke|p2|Kartana|
|teampreview
|
|t:|1660900643
|start
|switch|p1a: Tapu Lele|Tapu Lele|100/100
|switch|p2a: Seismitoad|Seismitoad, M|100/100
|-fieldstart|move: Psychic Terrain|[from] ability: Psychic Surge|[of] p1a: Tapu Lele
|turn|1
|
|t:|1660900654
|move|p1a: Tapu Lele|Psyshock|p2a: Seismitoad
|-damage|p2a: Seismitoad|43/100
|move|p2a: Seismitoad|Knock Off|p1a: Tapu Lele
|-damage|p1a: Tapu Lele|69/100
|-enditem|p1a: Tapu Lele|Choice Specs|[from] move: Knock Off|[of] p2a: Seismitoad
|
|-heal|p2a: Seismitoad|49/100|[from] item: Leftovers
|upkeep
|turn|2
|
|t:|1660900663
|switch|p2a: Melmetal|Melmetal|100/100
|move|p1a: Tapu Lele|Psyshock|p2a: Melmetal
|-resisted|p2a: Melmetal
|-damage|p2a: Melmetal|84/100
|
|upkeep
|turn|3
|
|t:|1660900669
|switch|p2a: Seismitoad|Seismitoad, M|49/100
|move|p1a: Tapu Lele|Focus Blast|p2a: Seismitoad
|-damage|p2a: Seismitoad|4/100
|
|-heal|p2a: Seismitoad|10/100|[from] item: Leftovers
|upkeep
|turn|4
|
|t:|1660900678
|switch|p2a: Melmetal|Melmetal|84/100
|move|p1a: Tapu Lele|Psyshock|p2a: Melmetal
|-resisted|p2a: Melmetal
|-damage|p2a: Melmetal|70/100
|
|upkeep
|turn|5
|
|t:|1660900684
|move|p1a: Tapu Lele|Focus Blast|p2a: Melmetal|[miss]
|-miss|p1a: Tapu Lele|p2a: Melmetal
|move|p2a: Melmetal|Double Iron Bash|p1a: Tapu Lele
|-supereffective|p1a: Tapu Lele
|-damage|p1a: Tapu Lele|0 fnt
|faint|p1a: Tapu Lele
|-hitcount|p1: Tapu Lele|1
|
|-fieldend|move: Psychic Terrain
|upkeep
|
|t:|1660900693
|switch|p1a: Heatran|Heatran, M|100/100
|-item|p1a: Heatran|Air Balloon
|turn|6
|
|t:|1660900697
|switch|p2a: Seismitoad|Seismitoad, M|10/100
|move|p1a: Heatran|Magma Storm|p2a: Seismitoad
|-resisted|p2a: Seismitoad
|-damage|p2a: Seismitoad|0 fnt
|faint|p2a: Seismitoad
|
|upkeep
|
|t:|1660900701
|switch|p2a: Gengar|Gengar, F|100/100
|turn|7
|
|t:|1660900707
|switch|p1a: Landorus|Landorus-Therian, M|100/100
|-ability|p1a: Landorus|Intimidate|boost
|-unboost|p2a: Gengar|atk|1
|move|p2a: Gengar|Focus Blast|p1a: Landorus
|-resisted|p1a: Landorus
|-damage|p1a: Landorus|60/100
|
|upkeep
|turn|8
|
|t:|1660900716
|switch|p2a: Rillaboom|Rillaboom, M|100/100
|-fieldstart|move: Grassy Terrain|[from] ability: Grassy Surge|[of] p2a: Rillaboom
|move|p1a: Landorus|Knock Off|p2a: Rillaboom
|-damage|p2a: Rillaboom|68/100
|-enditem|p2a: Rillaboom|Life Orb|[from] move: Knock Off|[of] p1a: Landorus
|
|-heal|p2a: Rillaboom|74/100|[from] Grassy Terrain
|upkeep
|turn|9
|
|t:|1660900727
|switch|p1a: Mandibuzz|Mandibuzz, F|100/100
|move|p2a: Rillaboom|Swords Dance|p2a: Rillaboom
|-boost|p2a: Rillaboom|atk|2
|
|-heal|p2a: Rillaboom|80/100|[from] Grassy Terrain
|upkeep
|turn|10
|
|t:|1660900734
|switch|p2a: Melmetal|Melmetal|70/100
|move|p1a: Mandibuzz|Foul Play|p2a: Melmetal
|-damage|p2a: Melmetal|41/100
|
|-heal|p2a: Melmetal|47/100|[from] Grassy Terrain
|upkeep
|turn|11
|
|t:|1660900744
|switch|p1a: Toxapex|Toxapex, M|100/100
|move|p2a: Melmetal|Ice Punch|p1a: Toxapex
|-resisted|p1a: Toxapex
|-damage|p1a: Toxapex|91/100
|-damage|p2a: Melmetal|31/100|[from] item: Rocky Helmet|[of] p1a: Toxapex
|
|-heal|p2a: Melmetal|37/100|[from] Grassy Terrain
|-heal|p1a: Toxapex|97/100|[from] Grassy Terrain
|upkeep
|turn|12
|
|t:|1660900754
|switch|p2a: Gengar|Gengar, F|100/100
|move|p1a: Toxapex|Toxic|p2a: Gengar
|-immune|p2a: Gengar
|
|-heal|p1a: Toxapex|100/100|[from] Grassy Terrain
|-fieldend|move: Grassy Terrain
|upkeep
|turn|13
|
|t:|1660900768
|move|p2a: Gengar|Trick|p1a: Toxapex
|-activate|p2a: Gengar|move: Trick|[of] p1a: Toxapex
|-item|p1a: Toxapex|Choice Specs|[from] move: Trick
|-item|p2a: Gengar|Rocky Helmet|[from] move: Trick
|move|p1a: Toxapex|Scald|p2a: Gengar
|-damage|p2a: Gengar|56/100
|
|upkeep
|turn|14
|
|t:|1660900778
|move|p2a: Gengar|Shadow Ball|p1a: Toxapex
|-damage|p1a: Toxapex|66/100
|move|p1a: Toxapex|Scald|p2a: Gengar
|-damage|p2a: Gengar|15/100
|
|upkeep
|turn|15
|
|t:|1660900791
|move|p2a: Gengar|Shadow Ball|p1a: Toxapex
|-damage|p1a: Toxapex|33/100
|move|p1a: Toxapex|Scald|p2a: Gengar
|-damage|p2a: Gengar|0 fnt
|-start|p1a: Toxapex|Disable|Scald|[from] ability: Cursed Body|[of] p2a: Gengar
|faint|p2a: Gengar
|
|upkeep
|
|t:|1660900806
|switch|p2a: Melmetal|Melmetal|37/100
|turn|16
|
|t:|1660900812
|switch|p1a: Heatran|Heatran, M|100/100
|-item|p1a: Heatran|Air Balloon
|move|p2a: Melmetal|Double Iron Bash|p1a: Heatran
|-resisted|p1a: Heatran
|-damage|p1a: Heatran|92/100
|-enditem|p1a: Heatran|Air Balloon
|-resisted|p1a: Heatran
|-damage|p1a: Heatran|85/100
|-hitcount|p1a: Heatran|2
|
|upkeep
|turn|17
|
|t:|1660900822
|move|p1a: Heatran|Magma Storm|p2a: Melmetal
|-supereffective|p2a: Melmetal
|-damage|p2a: Melmetal|0 fnt
|faint|p2a: Melmetal
|
|upkeep
|
|t:|1660900827
|switch|p2a: Hawlucha|Hawlucha, F|100/100
|turn|18
|
|t:|1660900832
|move|p2a: Hawlucha|Substitute|p2a: Hawlucha
|-start|p2a: Hawlucha|Substitute
|-damage|p2a: Hawlucha|76/100
|move|p1a: Heatran|Magma Storm|p2a: Hawlucha|[miss]
|-miss|p1a: Heatran|p2a: Hawlucha
|
|upkeep
|turn|19
|
|t:|1660900838
|move|p2a: Hawlucha|Swords Dance|p2a: Hawlucha
|-boost|p2a: Hawlucha|atk|2
|move|p1a: Heatran|Magma Storm|p2a: Hawlucha
|-end|p2a: Hawlucha|Substitute
|
|upkeep
|turn|20
|
|t:|1660900849
|move|p2a: Hawlucha|Substitute|p2a: Hawlucha
|-start|p2a: Hawlucha|Substitute
|-damage|p2a: Hawlucha|51/100
|move|p1a: Heatran|Magma Storm|p2a: Hawlucha
|-end|p2a: Hawlucha|Substitute
|
|upkeep
|turn|21
|
|t:|1660900855
|move|p2a: Hawlucha|High Jump Kick|p1a: Heatran
|-supereffective|p1a: Heatran
|-damage|p1a: Heatran|0 fnt
|faint|p1a: Heatran
|
|upkeep
|
|t:|1660900862
|switch|p1a: Mandibuzz|Mandibuzz, F|100/100
|turn|22
|
|t:|1660900865
|move|p2a: Hawlucha|High Jump Kick|p1a: Mandibuzz
|-damage|p1a: Mandibuzz|30/100
|move|p1a: Mandibuzz|Foul Play|p2a: Hawlucha
|-resisted|p2a: Hawlucha
|-crit|p2a: Hawlucha
|-damage|p2a: Hawlucha|0 fnt
|faint|p2a: Hawlucha
|
|upkeep
|
|t:|1660900871
|switch|p2a: Kartana|Kartana|100/100
|turn|23
|
|t:|1660900875
|move|p2a: Kartana|Swords Dance|p2a: Kartana
|-boost|p2a: Kartana|atk|2
|move|p1a: Mandibuzz|Roost|p1a: Mandibuzz
|-heal|p1a: Mandibuzz|80/100
|-singleturn|p1a: Mandibuzz|move: Roost
|
|upkeep
|turn|24
|
|t:|1660900882
|move|p2a: Kartana|Sacred Sword|p1a: Mandibuzz
|-damage|p1a: Mandibuzz|40/100
|move|p1a: Mandibuzz|Foul Play|p2a: Kartana
|-damage|p2a: Kartana|23/100
|
|upkeep
|turn|25
|
|t:|1660900890
|move|p2a: Kartana|Sacred Sword|p1a: Mandibuzz
|-damage|p1a: Mandibuzz|0 fnt
|faint|p1a: Mandibuzz
|-ability|p2a: Kartana|Beast Boost|boost
|-boost|p2a: Kartana|spe|1
|
|upkeep
|
|t:|1660900899
|switch|p1a: Toxapex|Toxapex, M|67/100
|turn|26
|
|t:|1660900903
|switch|p1a: Blissey|Blissey, F|100/100
|move|p2a: Kartana|Leaf Blade|p1a: Blissey
|-damage|p1a: Blissey|25/100
|
|upkeep
|turn|27
|
|t:|1660900910
|move|p2a: Kartana|Leaf Blade|p1a: Blissey
|-damage|p1a: Blissey|0 fnt
|faint|p1a: Blissey
|-ability|p2a: Kartana|Beast Boost|boost
|-boost|p2a: Kartana|spe|1
|
|upkeep
|
|t:|1660900917
|switch|p1a: Toxapex|Toxapex, M|99/100
|turn|28
|
|t:|1660900923
|move|p2a: Kartana|Leaf Blade|p1a: Toxapex
|-damage|p1a: Toxapex|43/100
|move|p1a: Toxapex|Scald|p2a: Kartana
|-resisted|p2a: Kartana
|-damage|p2a: Kartana|0 fnt
|faint|p2a: Kartana
|
|upkeep
|
|t:|1660900929
|switch|p2a: Rillaboom|Rillaboom, M|80/100
|-fieldstart|move: Grassy Terrain|[from] ability: Grassy Surge|[of] p2a: Rillaboom
|turn|29
|
|t:|1660900946
|move|p2a: Rillaboom|Swords Dance|p2a: Rillaboom
|-boost|p2a: Rillaboom|atk|2
|move|p1a: Toxapex|Scald|p2a: Rillaboom
|-resisted|p2a: Rillaboom
|-damage|p2a: Rillaboom|67/100
|
|-heal|p2a: Rillaboom|73/100|[from] Grassy Terrain
|-heal|p1a: Toxapex|50/100|[from] Grassy Terrain
|upkeep
|turn|30
|
|t:|1660900956
|move|p2a: Rillaboom|Grassy Glide|p1a: Toxapex
|-damage|p1a: Toxapex|0 fnt
|faint|p1a: Toxapex
|
|-heal|p2a: Rillaboom|79/100|[from] Grassy Terrain
|upkeep
|
|t:|1660900962
|switch|p1a: Landorus|Landorus-Therian, M|60/100
|-ability|p1a: Landorus|Intimidate|boost
|-unboost|p2a: Rillaboom|atk|1
|turn|31
|
|t:|1660900967
|move|p2a: Rillaboom|Grassy Glide|p1a: Landorus
|-damage|p1a: Landorus|0 fnt
|faint|p1a: Landorus
|
|win|walch5566
|raw|Maitredouard2's rating: 1623 &rarr; <strong>1603</strong><br />(-20 for losing)
|raw|walch5566's rating: 1620 &rarr; <strong>1640</strong><br />(+20 for winning)
|l|☆Maitredouard2
