|html|<div class="broadcast-blue"><strong>[Gen 8] OU is currently suspecting Melmetal! For information on how to participate check out the <a href="https://www.smogon.com/forums/threads/np-ss-ou-suspect-process-round-12-monster-mash.3709234/">suspect thread</a>.</strong></div>
|j|☆stimo96
|j|☆minimax_ai
|t:|1666259667
|gametype|singles
|player|p1|stimo96|alder|1615
|player|p2|minimax_ai|lusamine-nihilego|1551
|teamsize|p1|6
|teamsize|p2|6
|gen|8
|tier|[Gen 8] OU
|rated|
|rule|Sleep Clause Mod: Limit one foe put to sleep
|rule|Species Clause: Limit one of each Pokémon
|rule|OHKO Clause: OHKO moves are banned
|rule|Evasion Items Clause: Evasion items are banned
|rule|Evasion Moves Clause: Evasion moves are banned
|rule|Endless Battle Clause: Forcing endless battles is banned
|rule|HP Percentage Mod: HP is shown in percentages
|rule|Dynamax Clause: You cannot dynamax
|clearpoke
|poke|p1|Dragapult, F|
|poke|p1|Garchomp, M|
|poke|p1|Magnezone|
|poke|p1|Zapdos|
|poke|p1|Landorus-Therian, M|
|poke|p1|Tapu Fini|
|poke|p2|Rotom-Wash|
|poke|p2|Weavile, M|
|poke|p2|Landorus-Therian, M|
|poke|p2|Heatran, M|
|poke|p2|Tangrowth, M|
|poke|p2|Melmetal|
|teampreview
|c|☆minimax_ai|hf
|inactive|Battle timer is ON: inactive players will automatically lose when time's up. (requested by minimax_ai)
|c|☆stimo96|hf
|
|t:|1666259679
|start
|switch|p1a: Dragapult|Dragapult, F|100/100
|switch|p2a: landorustherian|Landorus-Therian, M|100/100
|-ability|p2a: landorustherian|Intimidate|boost
|-unboost|p1a: Dragapult|atk|1
|turn|1
|j| Tearal
|l| Tearal
|
|t:|1666259688
|move|p1a: Dragapult|U-turn|p2a: landorustherian
|-resisted|p2a: landorustherian
|-crit|p2a: landorustherian
|-damage|p2a: landorustherian|89/100
|
|t:|1666259691
|switch|p1a: Landorus|Landorus-Therian, M|100/100|[from]move: U-turn
|-ability|p1a: Landorus|Intimidate|boost
|-unboost|p2a: landorustherian|atk|1
|move|p2a: landorustherian|Toxic|p1a: Landorus
|-status|p1a: Landorus|tox
|
|-heal|p2a: landorustherian|95/100|[from] item: Leftovers
|-damage|p1a: Landorus|94/100 tox|[from] psn
|upkeep
|turn|2
|
|t:|1666259700
|switch|p2a: Heatran|Heatran, M|100/100
|-item|p2a: Heatran|Air Balloon
|move|p1a: Landorus|Stealth Rock|p2a: Heatran
|-sidestart|p2: minimax_ai|move: Stealth Rock
|
|-heal|p1a: Landorus|100/100 tox|[from] item: Leftovers
|-damage|p1a: Landorus|88/100 tox|[from] psn
|upkeep
|turn|3
|
|t:|1666259709
|move|p2a: Heatran|Stealth Rock|p1a: Landorus
|-sidestart|p1: stimo96|move: Stealth Rock
|move|p1a: Landorus|U-turn|p2a: Heatran
|-resisted|p2a: Heatran
|-damage|p2a: Heatran|96/100
|-enditem|p2a: Heatran|Air Balloon
|
|t:|1666259715
|switch|p1a: Garchomp|Garchomp, M|100/100|[from]move: U-turn
|-damage|p1a: Garchomp|94/100|[from] Stealth Rock
|
|-heal|p1a: Garchomp|100/100|[from] item: Leftovers
|upkeep
|turn|4
|
|t:|1666259722
|switch|p1a: Dragapult|Dragapult, F|100/100
|-damage|p1a: Dragapult|88/100|[from] Stealth Rock
|switch|p2a: landorustherian|Landorus-Therian, M|95/100
|-damage|p2a: landorustherian|83/100|[from] Stealth Rock
|-ability|p2a: landorustherian|Intimidate|boost
|-unboost|p1a: Dragapult|atk|1
|
|-heal|p2a: landorustherian|89/100|[from] item: Leftovers
|upkeep
|turn|5
|
|t:|1666259733
|move|p1a: Dragapult|U-turn|p2a: landorustherian
|-resisted|p2a: landorustherian
|-damage|p2a: landorustherian|83/100
|
|t:|1666259736
|switch|p1a: Landorus|Landorus-Therian, M|88/100 tox|[from]move: U-turn
|-damage|p1a: Landorus|76/100 tox|[from] Stealth Rock
|-ability|p1a: Landorus|Intimidate|boost
|-unboost|p2a: landorustherian|atk|1
|move|p2a: landorustherian|Earthquake|p1a: Landorus
|-immune|p1a: Landorus
|
|-heal|p2a: landorustherian|89/100|[from] item: Leftovers
|-heal|p1a: Landorus|82/100 tox|[from] item: Leftovers
|-damage|p1a: Landorus|76/100 tox|[from] psn
|upkeep
|turn|6
|
|t:|1666259748
|move|p2a: landorustherian|U-turn|p1a: Landorus
|-resisted|p1a: Landorus
|-damage|p1a: Landorus|68/100 tox
|
|t:|1666259748
|switch|p2a: rotomwash|Rotom-Wash|100/100|[from]move: U-turn
|-damage|p2a: rotomwash|88/100|[from] Stealth Rock
|move|p1a: Landorus|U-turn|p2a: rotomwash
|-damage|p2a: rotomwash|63/100
|
|t:|1666259757
|switch|p1a: Dragapult|Dragapult, F|88/100|[from]move: U-turn
|-damage|p1a: Dragapult|76/100|[from] Stealth Rock
|
|-heal|p2a: rotomwash|69/100|[from] item: Leftovers
|upkeep
|turn|7
|
|t:|1666259763
|switch|p2a: Melmetal|Melmetal|100/100
|-damage|p2a: Melmetal|94/100|[from] Stealth Rock
|move|p1a: Dragapult|Shadow Ball|p2a: Melmetal
|-damage|p2a: Melmetal|66/100
|
|upkeep
|turn|8
|
|t:|1666259773
|switch|p1a: Magnezone|Magnezone|100/100
|-damage|p1a: Magnezone|94/100|[from] Stealth Rock
|move|p2a: Melmetal|Ice Punch|p1a: Magnezone
|-resisted|p1a: Magnezone
|-damage|p1a: Magnezone|80/100
|
|-heal|p1a: Magnezone|86/100|[from] item: Leftovers
|upkeep
|turn|9
|
|t:|1666259782
|move|p1a: Magnezone|Iron Defense|p1a: Magnezone
|-boost|p1a: Magnezone|def|2
|move|p2a: Melmetal|Earthquake|p1a: Magnezone
|-supereffective|p1a: Magnezone
|-damage|p1a: Magnezone|25/100
|
|-heal|p1a: Magnezone|31/100|[from] item: Leftovers
|upkeep
|turn|10
|
|t:|1666259789
|move|p1a: Magnezone|Body Press|p2a: Melmetal
|-supereffective|p2a: Melmetal
|-damage|p2a: Melmetal|7/100
|move|p2a: Melmetal|Earthquake|p1a: Magnezone
|-supereffective|p1a: Magnezone
|-damage|p1a: Magnezone|0 fnt
|faint|p1a: Magnezone
|
|upkeep
|
|t:|1666259806
|switch|p1a: Dragapult|Dragapult, F|76/100
|-damage|p1a: Dragapult|64/100|[from] Stealth Rock
|turn|11
|
|t:|1666259811
|switch|p2a: landorustherian|Landorus-Therian, M|89/100
|-damage|p2a: landorustherian|77/100|[from] Stealth Rock
|-ability|p2a: landorustherian|Intimidate|boost
|-unboost|p1a: Dragapult|atk|1
|move|p1a: Dragapult|Shadow Ball|p2a: landorustherian
|-damage|p2a: landorustherian|37/100
|
|-heal|p2a: landorustherian|43/100|[from] item: Leftovers
|upkeep
|turn|12
|
|t:|1666259822
|switch|p1a: Landorus|Landorus-Therian, M|68/100 tox
|-damage|p1a: Landorus|56/100 tox|[from] Stealth Rock
|-ability|p1a: Landorus|Intimidate|boost
|-unboost|p2a: landorustherian|atk|1
|move|p2a: landorustherian|Earthquake|p1a: Landorus
|-immune|p1a: Landorus
|
|-heal|p2a: landorustherian|49/100|[from] item: Leftovers
|-heal|p1a: Landorus|62/100 tox|[from] item: Leftovers
|-damage|p1a: Landorus|56/100 tox|[from] psn
|upkeep
|turn|13
|
|t:|1666259833
|move|p2a: landorustherian|Defog|p1a: Landorus
|-unboost|p1a: Landorus|evasion|1
|-sideend|p1: stimo96|Stealth Rock|[from] move: Defog|[of] p2a: landorustherian
|-sideend|p2: minimax_ai|Stealth Rock|[from] move: Defog|[of] p2a: landorustherian
|move|p1a: Landorus|U-turn|p2a: landorustherian
|-resisted|p2a: landorustherian
|-damage|p2a: landorustherian|38/100
|
|t:|1666259850
|switch|p1a: Tapu Fini|Tapu Fini|100/100|[from]move: U-turn
|-fieldstart|move: Misty Terrain|[from] ability: Misty Surge|[of] p1a: Tapu Fini
|
|-heal|p2a: landorustherian|44/100|[from] item: Leftovers
|upkeep
|turn|14
|
|t:|1666259856
|switch|p2a: rotomwash|Rotom-Wash|69/100
|move|p1a: Tapu Fini|Scald|p2a: rotomwash
|-resisted|p2a: rotomwash
|-damage|p2a: rotomwash|54/100
|
|-heal|p2a: rotomwash|60/100|[from] item: Leftovers
|upkeep
|turn|15
|
|t:|1666259866
|switch|p1a: Garchomp|Garchomp, M|100/100
|move|p2a: rotomwash|Thunderbolt|p1a: Garchomp
|-immune|p1a: Garchomp
|
|-heal|p2a: rotomwash|67/100|[from] item: Leftovers
|upkeep
|turn|16
|
|t:|1666259877
|switch|p1a: Dragapult|Dragapult, F|64/100
|move|p2a: rotomwash|Pain Split|p1a: Dragapult
|-sethp|p1a: Dragapult|64/100|[from] move: Pain Split|[silent]
|-sethp|p2a: rotomwash|66/100|[from] move: Pain Split
|
|-heal|p2a: rotomwash|73/100|[from] item: Leftovers
|upkeep
|turn|17
|
|t:|1666259885
|switch|p2a: landorustherian|Landorus-Therian, M|44/100
|-ability|p2a: landorustherian|Intimidate|boost
|-unboost|p1a: Dragapult|atk|1
|move|p1a: Dragapult|Shadow Ball|p2a: landorustherian
|-damage|p2a: landorustherian|5/100
|
|-heal|p2a: landorustherian|12/100|[from] item: Leftovers
|-fieldend|Misty Terrain
|upkeep
|turn|18
|
|t:|1666259894
|switch|p2a: Weavile|Weavile, M|100/100
|-ability|p2a: Weavile|Pressure
|move|p1a: Dragapult|Shadow Ball|p2a: Weavile
|-resisted|p2a: Weavile
|-damage|p2a: Weavile|63/100
|-unboost|p2a: Weavile|spd|1
|
|upkeep
|turn|19
|
|t:|1666259903
|switch|p1a: Tapu Fini|Tapu Fini|100/100
|-fieldstart|move: Misty Terrain|[from] ability: Misty Surge|[of] p1a: Tapu Fini
|move|p2a: Weavile|Knock Off|p1a: Tapu Fini
|-resisted|p1a: Tapu Fini
|-damage|p1a: Tapu Fini|77/100
|-enditem|p1a: Tapu Fini|Leftovers|[from] move: Knock Off|[of] p2a: Weavile
|
|upkeep
|turn|20
|
|t:|1666259913
|switch|p2a: rotomwash|Rotom-Wash|73/100
|switch|p1a: Dragapult|Dragapult, F|64/100
|
|-heal|p2a: rotomwash|79/100|[from] item: Leftovers
|upkeep
|turn|21
|
|t:|1666259923
|switch|p2a: landorustherian|Landorus-Therian, M|12/100
|-ability|p2a: landorustherian|Intimidate|boost
|-unboost|p1a: Dragapult|atk|1
|move|p1a: Dragapult|Shadow Ball|p2a: landorustherian
|-damage|p2a: landorustherian|0 fnt
|faint|p2a: landorustherian
|
|upkeep
|
|t:|1666259923
|switch|p2a: Weavile|Weavile, M|63/100
|-ability|p2a: Weavile|Pressure
|turn|22
|
|t:|1666259933
|switch|p1a: Tapu Fini|Tapu Fini|77/100
|move|p2a: Weavile|Triple Axel|p1a: Tapu Fini
|-resisted|p1a: Tapu Fini
|-damage|p1a: Tapu Fini|72/100
|-resisted|p1a: Tapu Fini
|-damage|p1a: Tapu Fini|62/100
|-resisted|p1a: Tapu Fini
|-damage|p1a: Tapu Fini|47/100
|-hitcount|p1a: Tapu Fini|3
|
|upkeep
|turn|23
|
|t:|1666259945
|switch|p2a: rotomwash|Rotom-Wash|79/100
|move|p1a: Tapu Fini|Draining Kiss|p2a: rotomwash
|-damage|p2a: rotomwash|62/100
|-heal|p1a: Tapu Fini|58/100|[from] drain|[of] p2a: rotomwash
|
|-heal|p2a: rotomwash|68/100|[from] item: Leftovers
|-fieldend|Misty Terrain
|upkeep
|turn|24
|
|t:|1666259955
|switch|p1a: Garchomp|Garchomp, M|100/100
|move|p2a: rotomwash|Thunderbolt|p1a: Garchomp
|-immune|p1a: Garchomp
|
|-heal|p2a: rotomwash|75/100|[from] item: Leftovers
|upkeep
|turn|25
|
|t:|1666259963
|switch|p1a: Dragapult|Dragapult, F|64/100
|move|p2a: rotomwash|Hydro Pump|p1a: Dragapult
|-resisted|p1a: Dragapult
|-damage|p1a: Dragapult|36/100
|
|-heal|p2a: rotomwash|81/100|[from] item: Leftovers
|upkeep
|turn|26
|
|t:|1666259970
|switch|p2a: Melmetal|Melmetal|7/100
|move|p1a: Dragapult|Shadow Ball|p2a: Melmetal
|-damage|p2a: Melmetal|0 fnt
|faint|p2a: Melmetal
|
|upkeep
|
|t:|1666259970
|switch|p2a: Heatran|Heatran, M|96/100
|turn|27
|
|t:|1666259980
|switch|p1a: Garchomp|Garchomp, M|100/100
|move|p2a: Heatran|Magma Storm|p1a: Garchomp
|-resisted|p1a: Garchomp
|-damage|p1a: Garchomp|74/100
|-activate|p1a: Garchomp|move: Magma Storm|[of] p2a: Heatran
|
|-heal|p1a: Garchomp|80/100|[from] item: Leftovers
|-damage|p1a: Garchomp|68/100|[from] move: Magma Storm|[partiallytrapped]
|upkeep
|turn|28
|
|t:|1666259989
|switch|p2a: Tangrowth|Tangrowth, M|100/100
|move|p1a: Garchomp|Earthquake|p2a: Tangrowth
|-resisted|p2a: Tangrowth
|-damage|p2a: Tangrowth|86/100
|
|-heal|p1a: Garchomp|74/100|[from] item: Leftovers
|-end|p1a: Garchomp|Magma Storm|[partiallytrapped]|[silent]
|upkeep
|turn|29
|
|t:|1666259997
|switch|p1a: Zapdos|Zapdos|100/100
|move|p2a: Tangrowth|Sleep Powder|p1a: Zapdos|[miss]
|-miss|p2a: Tangrowth|p1a: Zapdos
|
|upkeep
|turn|30
|
|t:|1666260003
|switch|p2a: Heatran|Heatran, M|96/100
|move|p1a: Zapdos|Volt Switch|p2a: Heatran
|-damage|p2a: Heatran|64/100
|
|t:|1666260011
|switch|p1a: Garchomp|Garchomp, M|74/100|[from]move: Volt Switch
|
|-heal|p1a: Garchomp|80/100|[from] item: Leftovers
|upkeep
|turn|31
|
|t:|1666260016
|switch|p1a: Zapdos|Zapdos|100/100
|switch|p2a: Tangrowth|Tangrowth, M|100/100
|
|upkeep
|turn|32
|
|t:|1666260022
|move|p1a: Zapdos|Volt Switch|p2a: Tangrowth
|-resisted|p2a: Tangrowth
|-damage|p2a: Tangrowth|79/100
|
|t:|1666260025
|switch|p1a: Landorus|Landorus-Therian, M|56/100 tox|[from]move: Volt Switch
|-ability|p1a: Landorus|Intimidate|boost
|-unboost|p2a: Tangrowth|atk|1
|move|p2a: Tangrowth|Sleep Powder||[still]
|-fail|p2a: Tangrowth
|
|-heal|p1a: Landorus|62/100 tox|[from] item: Leftovers
|-damage|p1a: Landorus|56/100 tox|[from] psn
|upkeep
|turn|33
|
|t:|1666260034
|move|p1a: Landorus|Stealth Rock|p2a: Tangrowth
|-sidestart|p2: minimax_ai|move: Stealth Rock
|move|p2a: Tangrowth|Knock Off|p1a: Landorus
|-damage|p1a: Landorus|42/100 tox
|-enditem|p1a: Landorus|Leftovers|[from] move: Knock Off|[of] p2a: Tangrowth
|
|-damage|p1a: Landorus|30/100 tox|[from] psn
|upkeep
|turn|34
|
|t:|1666260041
|move|p1a: Landorus|U-turn|p2a: Tangrowth
|-supereffective|p2a: Tangrowth
|-damage|p2a: Tangrowth|56/100
|-damage|p1a: Landorus|13/100 tox|[from] item: Rocky Helmet|[of] p2a: Tangrowth
|
|t:|1666260045
|switch|p1a: Zapdos|Zapdos|100/100|[from]move: U-turn
|move|p2a: Tangrowth|Knock Off|p1a: Zapdos
|-damage|p1a: Zapdos|87/100
|-enditem|p1a: Zapdos|Heavy-Duty Boots|[from] move: Knock Off|[of] p2a: Tangrowth
|
|upkeep
|turn|35
|
|t:|1666260052
|switch|p2a: Heatran|Heatran, M|64/100
|-damage|p2a: Heatran|51/100|[from] Stealth Rock
|move|p1a: Zapdos|Volt Switch|p2a: Heatran
|-damage|p2a: Heatran|23/100
|
|t:|1666260058
|switch|p1a: Dragapult|Dragapult, F|36/100|[from]move: Volt Switch
|
|upkeep
|turn|36
|
|t:|1666260062
|move|p1a: Dragapult|Shadow Ball|p2a: Heatran
|-damage|p2a: Heatran|0 fnt
|faint|p2a: Heatran
|
|upkeep
|
|t:|1666260062
|switch|p2a: Weavile|Weavile, M|63/100
|-damage|p2a: Weavile|38/100|[from] Stealth Rock
|-ability|p2a: Weavile|Pressure
|turn|37
|
|t:|1666260071
|switch|p1a: Landorus|Landorus-Therian, M|13/100 tox
|-ability|p1a: Landorus|Intimidate|boost
|-unboost|p2a: Weavile|atk|1
|move|p2a: Weavile|Triple Axel|p1a: Landorus
|-supereffective|p1a: Landorus
|-damage|p1a: Landorus|0 fnt
|faint|p1a: Landorus
|-hitcount|p1: Landorus|1
|
|upkeep
|
|t:|1666260081
|switch|p1a: Tapu Fini|Tapu Fini|58/100
|-fieldstart|move: Misty Terrain|[from] ability: Misty Surge|[of] p1a: Tapu Fini
|turn|38
|
|t:|1666260086
|switch|p2a: Tangrowth|Tangrowth, M|89/100
|-damage|p2a: Tangrowth|77/100|[from] Stealth Rock
|move|p1a: Tapu Fini|Moonblast|p2a: Tangrowth
|-damage|p2a: Tangrowth|34/100
|
|upkeep
|turn|39
|
|t:|1666260095
|switch|p2a: rotomwash|Rotom-Wash|81/100
|-damage|p2a: rotomwash|68/100|[from] Stealth Rock
|move|p1a: Tapu Fini|Moonblast|p2a: rotomwash
|-damage|p2a: rotomwash|33/100
|
|-heal|p2a: rotomwash|39/100|[from] item: Leftovers
|upkeep
|turn|40
|
|t:|1666260104
|switch|p1a: Garchomp|Garchomp, M|80/100
|move|p2a: rotomwash|Thunderbolt|p1a: Garchomp
|-immune|p1a: Garchomp
|
|-heal|p1a: Garchomp|86/100|[from] item: Leftovers
|-heal|p2a: rotomwash|45/100|[from] item: Leftovers
|upkeep
|turn|41
|
|t:|1666260114
|move|p1a: Garchomp|Swords Dance|p1a: Garchomp
|-boost|p1a: Garchomp|atk|2
|move|p2a: rotomwash|Hydro Pump|p1a: Garchomp
|-damage|p1a: Garchomp|38/100
|
|-heal|p1a: Garchomp|44/100|[from] item: Leftovers
|-heal|p2a: rotomwash|51/100|[from] item: Leftovers
|upkeep
|turn|42
|
|t:|1666260126
|switch|p2a: Tangrowth|Tangrowth, M|67/100
|-damage|p2a: Tangrowth|55/100|[from] Stealth Rock
|move|p1a: Garchomp|Fire Fang|p2a: Tangrowth
|-supereffective|p2a: Tangrowth
|-damage|p2a: Tangrowth|11/100
|-damage|p1a: Garchomp|28/100|[from] item: Rocky Helmet|[of] p2a: Tangrowth
|
|-heal|p1a: Garchomp|34/100|[from] item: Leftovers
|-fieldend|Misty Terrain
|upkeep
|turn|43
|
|t:|1666260136
|switch|p2a: Weavile|Weavile, M|38/100
|-damage|p2a: Weavile|13/100|[from] Stealth Rock
|-ability|p2a: Weavile|Pressure
|move|p1a: Garchomp|Fire Fang|p2a: Weavile
|-supereffective|p2a: Weavile
|-damage|p2a: Weavile|0 fnt
|faint|p2a: Weavile
|
|-heal|p1a: Garchomp|40/100|[from] item: Leftovers
|upkeep
|
|t:|1666260136
|switch|p2a: Tangrowth|Tangrowth, M|45/100
|-damage|p2a: Tangrowth|32/100|[from] Stealth Rock
|turn|44
|
|t:|1666260149
|switch|p2a: rotomwash|Rotom-Wash|51/100
|-damage|p2a: rotomwash|39/100|[from] Stealth Rock
|move|p1a: Garchomp|Fire Fang|p2a: rotomwash
|-resisted|p2a: rotomwash
|-damage|p2a: rotomwash|13/100
|
|-heal|p1a: Garchomp|46/100|[from] item: Leftovers
|-heal|p2a: rotomwash|19/100|[from] item: Leftovers
|upkeep
|turn|45
|
|t:|1666260160
|move|p1a: Garchomp|Fire Fang|p2a: rotomwash
|-resisted|p2a: rotomwash
|-damage|p2a: rotomwash|0 fnt
|faint|p2a: rotomwash
|
|-heal|p1a: Garchomp|52/100|[from] item: Leftovers
|upkeep
|
|t:|1666260160
|switch|p2a: Tangrowth|Tangrowth, M|65/100
|-damage|p2a: Tangrowth|53/100|[from] Stealth Rock
|turn|46
|c|☆stimo96|gg
|
|t:|1666260169
|move|p1a: Garchomp|Fire Fang|p2a: Tangrowth|[miss]
|-miss|p1a: Garchomp|p2a: Tangrowth
|move|p2a: Tangrowth|Sleep Powder|p1a: Garchomp
|-status|p1a: Garchomp|slp|[from] move: Sleep Powder
|
|-heal|p1a: Garchomp|58/100 slp|[from] item: Leftovers
|upkeep
|turn|47
|
|t:|1666260177
|cant|p1a: Garchomp|slp
|move|p2a: Tangrowth|Knock Off|p1a: Garchomp
|-damage|p1a: Garchomp|37/100 slp
|-damage|p2a: Tangrowth|41/100|[from] ability: Rough Skin|[of] p1a: Garchomp
|-enditem|p1a: Garchomp|Leftovers|[from] move: Knock Off|[of] p2a: Tangrowth
|
|upkeep
|turn|48
|
|t:|1666260184
|switch|p1a: Zapdos|Zapdos|87/100
|move|p2a: Tangrowth|Giga Drain|p1a: Zapdos
|-resisted|p1a: Zapdos
|-damage|p1a: Zapdos|73/100
|-heal|p2a: Tangrowth|48/100|[from] drain|[of] p1a: Zapdos
|
|upkeep
|turn|49
|
|t:|1666260190
|move|p1a: Zapdos|Hurricane|p2a: Tangrowth
|-supereffective|p2a: Tangrowth
|-damage|p2a: Tangrowth|0 fnt
|faint|p2a: Tangrowth
|
|win|stimo96
|raw|stimo96's rating: 1615 &rarr; <strong>1631</strong><br />(+16 for winning)
|raw|minimax_ai's rating: 1551 &rarr; <strong>1535</strong><br />(-16 for losing)
|c|☆minimax_ai|gg
|l|☆minimax_ai
