|j|‽minimax_ai
|j|☆iopkj09
|t:|1667654342
|gametype|singles
|player|p1|minimax_ai|169|1557
|player|p2|iopkj09|nate|1585
|teamsize|p1|6
|teamsize|p2|6
|gen|8
|tier|[Gen 8] OU
|rated|
|rule|Sleep Clause Mod: Limit one foe put to sleep
|rule|Species Clause: Limit one of each Pokémon
|rule|OHKO Clause: OHKO moves are banned
|rule|Evasion Items Clause: Evasion items are banned
|rule|Evasion Moves Clause: Evasion moves are banned
|rule|Endless Battle Clause: Forcing endless battles is banned
|rule|HP Percentage Mod: HP is shown in percentages
|rule|Dynamax Clause: You cannot dynamax
|clearpoke
|poke|p1|Rotom-Wash|
|poke|p1|Weavile, F|
|poke|p1|Landorus-Therian, M|
|poke|p1|Heatran, M|
|poke|p1|Tangrowth, M|
|poke|p1|Melmetal|
|poke|p2|Garchomp, M|
|poke|p2|Zapdos|
|poke|p2|Rillaboom, M|
|poke|p2|Tapu Lele|
|poke|p2|Volcanion|
|poke|p2|Weavile, F|
|teampreview
|inactive|Battle timer is ON: inactive players will automatically lose when time's up. (requested by iopkj09)
|inactive|minimax_ai also wants the timer to be on.
|
|t:|1667654347
|start
|switch|p1a: Melmetal|Melmetal|100/100
|switch|p2a: Volcanion|Volcanion|100/100
|turn|1
|
|t:|1667654353
|switch|p1a: Rotom|Rotom-Wash|100/100
|move|p2a: Volcanion|Flamethrower|p1a: Rotom
|-resisted|p1a: Rotom
|-damage|p1a: Rotom|75/100
|
|-heal|p1a: Rotom|81/100|[from] item: Leftovers
|upkeep
|turn|2
|
|t:|1667654356
|switch|p2a: Garchomp|Garchomp, M, shiny|100/100
|move|p1a: Rotom|Thunderbolt|p2a: Garchomp
|-immune|p2a: Garchomp
|
|-heal|p1a: Rotom|87/100|[from] item: Leftovers
|upkeep
|turn|3
|
|t:|1667654361
|switch|p2a: Zapdos|Zapdos, shiny|100/100
|switch|p1a: Landorus|Landorus-Therian, M|100/100
|-ability|p1a: Landorus|Intimidate|boost
|-unboost|p2a: Zapdos|atk|1
|
|upkeep
|turn|4
|
|t:|1667654364
|move|p2a: Zapdos|Hurricane|p1a: Landorus|[miss]
|-miss|p2a: Zapdos|p1a: Landorus
|move|p1a: Landorus|Toxic|p2a: Zapdos
|-status|p2a: Zapdos|tox
|
|-damage|p2a: Zapdos|94/100 tox|[from] psn
|upkeep
|turn|5
|
|t:|1667654365
|move|p2a: Zapdos|Hurricane|p1a: Landorus
|-damage|p1a: Landorus|55/100
|move|p1a: Landorus|Toxic|p2a: Zapdos
|-fail|p2a: Zapdos|tox
|
|-heal|p1a: Landorus|61/100|[from] item: Leftovers
|-damage|p2a: Zapdos|82/100 tox|[from] psn
|upkeep
|turn|6
|
|t:|1667654368
|move|p2a: Zapdos|Hurricane|p1a: Landorus
|-damage|p1a: Landorus|17/100
|move|p1a: Landorus|Toxic|p2a: Zapdos
|-fail|p2a: Zapdos|tox
|
|-heal|p1a: Landorus|23/100|[from] item: Leftovers
|-damage|p2a: Zapdos|63/100 tox|[from] psn
|upkeep
|turn|7
|
|t:|1667654371
|switch|p1a: Melmetal|Melmetal|100/100
|move|p2a: Zapdos|Hurricane|p1a: Melmetal|[miss]
|-miss|p2a: Zapdos|p1a: Melmetal
|
|-damage|p2a: Zapdos|38/100 tox|[from] psn
|upkeep
|turn|8
|
|t:|1667654373
|move|p2a: Zapdos|Heat Wave|p1a: Melmetal
|-supereffective|p1a: Melmetal
|-damage|p1a: Melmetal|67/100
|move|p1a: Melmetal|Double Iron Bash|p2a: Zapdos
|-resisted|p2a: Zapdos
|-damage|p2a: Zapdos|13/100 tox
|-resisted|p2a: Zapdos
|-damage|p2a: Zapdos|0 fnt
|faint|p2a: Zapdos
|-hitcount|p2: Zapdos|2
|
|upkeep
|
|t:|1667654377
|switch|p2a: Volcanion|Volcanion|100/100
|turn|9
|
|t:|1667654378
|move|p2a: Volcanion|Steam Eruption|p1a: Melmetal|[miss]
|-miss|p2a: Volcanion|p1a: Melmetal
|move|p1a: Melmetal|Thunder Punch|p2a: Volcanion
|-supereffective|p2a: Volcanion
|-damage|p2a: Volcanion|45/100
|
|upkeep
|turn|10
|
|t:|1667654380
|move|p2a: Volcanion|Steam Eruption|p1a: Melmetal
|-damage|p1a: Melmetal|37/100
|move|p1a: Melmetal|Thunder Punch|p2a: Volcanion
|-supereffective|p2a: Volcanion
|-damage|p2a: Volcanion|0 fnt
|faint|p2a: Volcanion
|
|upkeep
|
|t:|1667654384
|switch|p2a: Weavile|Weavile, F|100/100
|turn|11
|
|t:|1667654386
|switch|p1a: Landorus|Landorus-Therian, M|23/100
|-ability|p1a: Landorus|Intimidate|boost
|-unboost|p2a: Weavile|atk|1
|move|p2a: Weavile|Low Kick|p1a: Landorus
|-resisted|p1a: Landorus
|-damage|p1a: Landorus|15/100
|
|-heal|p1a: Landorus|21/100|[from] item: Leftovers
|upkeep
|turn|12
|
|t:|1667654389
|move|p2a: Weavile|Ice Shard|p1a: Landorus
|-supereffective|p1a: Landorus
|-damage|p1a: Landorus|0 fnt
|faint|p1a: Landorus
|
|upkeep
|
|t:|1667654389
|switch|p1a: Melmetal|Melmetal|37/100
|turn|13
|
|t:|1667654395
|move|p2a: Weavile|Low Kick|p1a: Melmetal
|-supereffective|p1a: Melmetal
|-damage|p1a: Melmetal|6/100
|move|p1a: Melmetal|Double Iron Bash|p2a: Weavile
|-supereffective|p2a: Weavile
|-enditem|p2a: Weavile|Focus Sash
|-damage|p2a: Weavile|1/100
|-supereffective|p2a: Weavile
|-damage|p2a: Weavile|0 fnt
|faint|p2a: Weavile
|-hitcount|p2: Weavile|2
|
|upkeep
|
|t:|1667654398
|switch|p2a: Tapu Lele|Tapu Lele|100/100
|-fieldstart|move: Psychic Terrain|[from] ability: Psychic Surge|[of] p2a: Tapu Lele
|turn|14
|
|t:|1667654400
|move|p2a: Tapu Lele|Moonblast|p1a: Melmetal
|-resisted|p1a: Melmetal
|-damage|p1a: Melmetal|0 fnt
|faint|p1a: Melmetal
|
|upkeep
|
|t:|1667654400
|switch|p1a: Weavile|Weavile, F|100/100
|-ability|p1a: Weavile|Pressure
|turn|15
|
|t:|1667654402
|move|p1a: Weavile|Triple Axel|p2a: Tapu Lele|[miss]
|-miss|p1a: Weavile|p2a: Tapu Lele
|move|p2a: Tapu Lele|Moonblast|p1a: Weavile
|-supereffective|p1a: Weavile
|-damage|p1a: Weavile|0 fnt
|faint|p1a: Weavile
|
|upkeep
|
|t:|1667654402
|switch|p1a: Heatran|Heatran, M|100/100
|-item|p1a: Heatran|Air Balloon
|turn|16
|
|t:|1667654405
|switch|p2a: Garchomp|Garchomp, M, shiny|100/100
|move|p1a: Heatran|Eruption|p2a: Garchomp
|-resisted|p2a: Garchomp
|-damage|p2a: Garchomp|50/100
|
|upkeep
|turn|17
|
|t:|1667654410
|move|p2a: Garchomp|Outrage|p1a: Heatran
|-resisted|p1a: Heatran
|-damage|p1a: Heatran|69/100
|-enditem|p1a: Heatran|Air Balloon
|move|p1a: Heatran|Eruption|p2a: Garchomp
|-resisted|p2a: Garchomp
|-damage|p2a: Garchomp|14/100
|
|upkeep
|turn|18
|
|t:|1667654413
|move|p2a: Garchomp|Outrage|p1a: Heatran|[from]lockedmove
|-resisted|p1a: Heatran
|-damage|p1a: Heatran|38/100
|move|p1a: Heatran|Eruption|p2a: Garchomp
|-resisted|p2a: Garchomp
|-damage|p2a: Garchomp|0 fnt
|faint|p2a: Garchomp
|
|-fieldend|move: Psychic Terrain
|upkeep
|
|t:|1667654416
|switch|p2a: Rillaboom|Rillaboom, M|100/100
|-fieldstart|move: Grassy Terrain|[from] ability: Grassy Surge|[of] p2a: Rillaboom
|turn|19
|
|t:|1667654419
|switch|p2a: Tapu Lele|Tapu Lele|100/100
|-fieldstart|move: Psychic Terrain|[from] ability: Psychic Surge|[of] p2a: Tapu Lele
|move|p1a: Heatran|Magma Storm|p2a: Tapu Lele
|-damage|p2a: Tapu Lele|45/100
|-activate|p2a: Tapu Lele|move: Magma Storm|[of] p1a: Heatran
|
|-damage|p2a: Tapu Lele|33/100|[from] move: Magma Storm|[partiallytrapped]
|upkeep
|turn|20
|
|t:|1667654421
|move|p2a: Tapu Lele|Psychic|p1a: Heatran
|-resisted|p1a: Heatran
|-damage|p1a: Heatran|0 fnt
|faint|p1a: Heatran
|
|-end|p2a: Tapu Lele|Magma Storm|[partiallytrapped]|[silent]
|upkeep
|
|t:|1667654421
|switch|p1a: Rotom|Rotom-Wash|87/100
|turn|21
|
|t:|1667654423
|move|p2a: Tapu Lele|Psychic|p1a: Rotom
|-damage|p1a: Rotom|0 fnt
|faint|p1a: Rotom
|
|upkeep
|
|t:|1667654424
|switch|p1a: Tangrowth|Tangrowth, M|100/100
|turn|22
|
|t:|1667654426
|move|p2a: Tapu Lele|Psychic|p1a: Tangrowth
|-damage|p1a: Tangrowth|0 fnt
|faint|p1a: Tangrowth
|
|win|iopkj09
|raw|minimax_ai's rating: 1557 &rarr; <strong>1539</strong><br />(-18 for losing)
|raw|iopkj09's rating: 1585 &rarr; <strong>1603</strong><br />(+18 for winning)
