|j|☆Miguel Salzar
|j|☆Delibird Heart
|t:|1662499866
|gametype|singles
|player|p1|Miguel Salzar|swimmer-gen4dp|1456
|player|p2|Delibird Heart|guitarist-gen4|1510
|teamsize|p1|6
|teamsize|p2|6
|gen|8
|tier|[Gen 8] OU
|rated|
|rule|Sleep Clause Mod: Limit one foe put to sleep
|rule|Species Clause: Limit one of each Pokémon
|rule|OHKO Clause: OHKO moves are banned
|rule|Evasion Items Clause: Evasion items are banned
|rule|Evasion Moves Clause: Evasion moves are banned
|rule|Endless Battle Clause: Forcing endless battles is banned
|rule|HP Percentage Mod: HP is shown in percentages
|rule|Dynamax Clause: You cannot dynamax
|clearpoke
|poke|p1|Alakazam, M|
|poke|p1|Melmetal|
|poke|p1|Zapdos|
|poke|p1|Rillaboom, M|
|poke|p1|Heatran, M|
|poke|p1|Landorus-Therian, M|
|poke|p2|Delibird, M|
|poke|p2|Tapu Koko|
|poke|p2|Kartana|
|poke|p2|Volcarona, M|
|poke|p2|Landorus-Therian, M|
|poke|p2|Kommo-o, F|
|teampreview
|inactive|Battle timer is ON: inactive players will automatically lose when time's up. (requested by Delibird Heart)
|inactive|Miguel Salzar also wants the timer to be on.
|
|t:|1662499884
|start
|switch|p1a: Winston|Rillaboom, M|100/100
|switch|p2a: Santa|Delibird, M|100/100
|-fieldstart|move: Grassy Terrain|[from] ability: Grassy Surge|[of] p1a: Winston
|turn|1
|inactive|Delibird Heart has 120 seconds left.
|
|t:|1662499918
|move|p2a: Santa|Icy Wind|p1a: Winston
|-supereffective|p1a: Winston
|-damage|p1a: Winston|52/100
|-unboost|p1a: Winston|spe|1
|move|p1a: Winston|U-turn|p2a: Santa
|-resisted|p2a: Santa
|-damage|p2a: Santa|52/100
|
|t:|1662499924
|switch|p1a: WingedDragon of Ra|Zapdos|100/100|[from]move: U-turn
|
|upkeep
|turn|2
|
|t:|1662499935
|move|p2a: Santa|Destiny Bond|p2a: Santa
|-singlemove|p2a: Santa|Destiny Bond
|move|p1a: WingedDragon of Ra|Hurricane|p2a: Santa
|-damage|p2a: Santa|0 fnt
|faint|p2a: Santa
|-activate|p2a: Santa|move: Destiny Bond
|faint|p1a: WingedDragon of Ra
|
|upkeep
|
|t:|1662499946
|switch|p2a: Tapu Koko|Tapu Koko|100/100
|switch|p1a: Shukaku|Landorus-Therian, M|100/100
|-fieldstart|move: Electric Terrain|[from] ability: Electric Surge|[of] p2a: Tapu Koko
|-ability|p1a: Shukaku|Intimidate|boost
|-unboost|p2a: Tapu Koko|atk|1
|turn|3
|
|t:|1662499949
|move|p2a: Tapu Koko|Reflect|p2a: Tapu Koko
|-sidestart|p2: Delibird Heart|Reflect
|move|p1a: Shukaku|Earthquake|p2a: Tapu Koko
|-supereffective|p2a: Tapu Koko
|-damage|p2a: Tapu Koko|42/100
|
|upkeep
|turn|4
|
|t:|1662499954
|move|p2a: Tapu Koko|Taunt|p1a: Shukaku
|-start|p1a: Shukaku|move: Taunt
|cant|p1a: Shukaku|move: Taunt|Toxic
|
|upkeep
|turn|5
|
|t:|1662499958
|move|p2a: Tapu Koko|Light Screen|p2a: Tapu Koko
|-sidestart|p2: Delibird Heart|move: Light Screen
|move|p1a: Shukaku|U-turn|p2a: Tapu Koko
|-resisted|p2a: Tapu Koko
|-damage|p2a: Tapu Koko|36/100
|
|t:|1662499964
|switch|p1a: Zuko|Heatran, M, shiny|100/100|[from]move: U-turn
|
|upkeep
|turn|6
|
|t:|1662499967
|move|p2a: Tapu Koko|Taunt|p1a: Zuko
|-start|p1a: Zuko|move: Taunt
|move|p1a: Zuko|Magma Storm|p2a: Tapu Koko|[miss]
|-miss|p1a: Zuko|p2a: Tapu Koko
|
|upkeep
|turn|7
|
|t:|1662499972
|move|p2a: Tapu Koko|U-turn|p1a: Zuko
|-resisted|p1a: Zuko
|-damage|p1a: Zuko|98/100
|
|t:|1662499973
|switch|p2a: Kommo-o|Kommo-o, F|100/100|[from]move: U-turn
|move|p1a: Zuko|Magma Storm|p2a: Kommo-o
|-resisted|p2a: Kommo-o
|-damage|p2a: Kommo-o|88/100
|-activate|p2a: Kommo-o|move: Magma Storm|[of] p1a: Zuko
|
|-heal|p1a: Zuko|100/100|[from] item: Leftovers
|-damage|p2a: Kommo-o|75/100|[from] move: Magma Storm|[partiallytrapped]
|-fieldend|move: Electric Terrain
|upkeep
|turn|8
|
|t:|1662499980
|switch|p1a: Keiji Mogami|Alakazam, M|100/100
|move|p2a: Kommo-o|Clangorous Soul|p2a: Kommo-o
|-boost|p2a: Kommo-o|atk|1
|-boost|p2a: Kommo-o|def|1
|-boost|p2a: Kommo-o|spa|1
|-boost|p2a: Kommo-o|spd|1
|-boost|p2a: Kommo-o|spe|1
|-damage|p2a: Kommo-o|42/100
|-enditem|p2a: Kommo-o|Throat Spray
|-boost|p2a: Kommo-o|spa|1|[from] item: Throat Spray
|
|-end|p2a: Kommo-o|Magma Storm|[partiallytrapped]|[silent]
|upkeep
|turn|9
|
|t:|1662499983
|move|p2a: Kommo-o|Clanging Scales|p1a: Keiji Mogami
|-enditem|p1a: Keiji Mogami|Focus Sash
|-damage|p1a: Keiji Mogami|1/100
|-unboost|p2a: Kommo-o|def|1
|move|p1a: Keiji Mogami|Psychic|p2a: Kommo-o
|-supereffective|p2a: Kommo-o
|-damage|p2a: Kommo-o|0 fnt
|faint|p2a: Kommo-o
|
|upkeep
|inactive|Delibird Heart has 120 seconds left.
|
|t:|1662500032
|switch|p2a: Tapu Koko|Tapu Koko|36/100
|-fieldstart|move: Electric Terrain|[from] ability: Electric Surge|[of] p2a: Tapu Koko
|turn|10
|
|t:|1662500054
|move|p2a: Tapu Koko|U-turn|p1a: Keiji Mogami
|-supereffective|p1a: Keiji Mogami
|-damage|p1a: Keiji Mogami|0 fnt
|faint|p1a: Keiji Mogami
|inactive|Delibird Heart has 90 seconds left.
|
|t:|1662500076
|switch|p2a: Kartana|Kartana|100/100|[from]move: U-turn
|
|-sideend|p2: Delibird Heart|Reflect
|upkeep
|
|t:|1662500081
|switch|p1a: Zuko|Heatran, M, shiny|100/100
|turn|11
|
|t:|1662500102
|switch|p1a: Shukaku|Landorus-Therian, M|100/100
|-ability|p1a: Shukaku|Intimidate|boost
|-unboost|p2a: Kartana|atk|1
|move|p2a: Kartana|Knock Off|p1a: Shukaku
|-damage|p1a: Shukaku|64/100
|-enditem|p1a: Shukaku|Leftovers|[from] move: Knock Off|[of] p2a: Kartana
|-damage|p2a: Kartana|91/100|[from] item: Life Orb
|
|upkeep
|turn|12
|
|t:|1662500108
|switch|p2a: Landorus|Landorus-Therian, M|100/100
|-ability|p2a: Landorus|Intimidate|boost
|-unboost|p1a: Shukaku|atk|1
|move|p1a: Shukaku|Earthquake|p2a: Landorus
|-immune|p2a: Landorus
|
|-sideend|p2: Delibird Heart|move: Light Screen
|upkeep
|turn|13
|
|t:|1662500111
|move|p2a: Landorus|Rock Polish|p2a: Landorus
|-boost|p2a: Landorus|spe|2
|move|p1a: Shukaku|U-turn|p2a: Landorus
|-resisted|p2a: Landorus
|-damage|p2a: Landorus|91/100
|inactive|Miguel Salzar has 120 seconds left.
|
|t:|1662500147
|switch|p1a: Winston|Rillaboom, M|52/100|[from]move: U-turn
|-fieldstart|move: Grassy Terrain|[from] ability: Grassy Surge|[of] p1a: Winston
|
|-heal|p1a: Winston|59/100|[from] Grassy Terrain
|upkeep
|turn|14
|
|t:|1662500154
|switch|p2a: Kartana|Kartana|91/100
|move|p1a: Winston|Knock Off|p2a: Kartana
|-damage|p2a: Kartana|38/100
|-enditem|p2a: Kartana|Life Orb|[from] move: Knock Off|[of] p1a: Winston
|
|-heal|p2a: Kartana|44/100|[from] Grassy Terrain
|-heal|p1a: Winston|65/100|[from] Grassy Terrain
|upkeep
|turn|15
|inactive|Miguel Salzar has 120 seconds left.
|inactive|Delibird Heart has 120 seconds left.
|
|t:|1662500189
|move|p2a: Kartana|Leaf Blade|p1a: Winston
|-resisted|p1a: Winston
|-damage|p1a: Winston|19/100
|move|p1a: Winston|Knock Off|p2a: Kartana
|-damage|p2a: Kartana|7/100
|
|-heal|p2a: Kartana|13/100|[from] Grassy Terrain
|-heal|p1a: Winston|25/100|[from] Grassy Terrain
|upkeep
|turn|16
|
|t:|1662500197
|move|p2a: Kartana|Knock Off|p1a: Winston
|-damage|p1a: Winston|0 fnt
|-enditem|p1a: Winston|Choice Band|[from] move: Knock Off|[of] p2a: Kartana
|faint|p1a: Winston
|-ability|p2a: Kartana|Beast Boost|boost
|-boost|p2a: Kartana|atk|1
|
|-heal|p2a: Kartana|19/100|[from] Grassy Terrain
|upkeep
|
|t:|1662500208
|switch|p1a: Franky|Melmetal|100/100
|turn|17
|
|t:|1662500211
|move|p2a: Kartana|Knock Off|p1a: Franky
|-damage|p1a: Franky|65/100
|-enditem|p1a: Franky|Assault Vest|[from] move: Knock Off|[of] p2a: Kartana
|move|p1a: Franky|Ice Punch|p2a: Kartana
|-damage|p2a: Kartana|0 fnt
|faint|p2a: Kartana
|
|-heal|p1a: Franky|71/100|[from] Grassy Terrain
|-fieldend|move: Grassy Terrain
|upkeep
|
|t:|1662500216
|switch|p2a: Tapu Koko|Tapu Koko|36/100
|-fieldstart|move: Electric Terrain|[from] ability: Electric Surge|[of] p2a: Tapu Koko
|turn|18
|
|t:|1662500227
|switch|p1a: Shukaku|Landorus-Therian, M|64/100
|-ability|p1a: Shukaku|Intimidate|boost
|-unboost|p2a: Tapu Koko|atk|1
|move|p2a: Tapu Koko|Reflect|p2a: Tapu Koko
|-sidestart|p2: Delibird Heart|Reflect
|
|upkeep
|turn|19
|
|t:|1662500238
|move|p2a: Tapu Koko|Taunt|p1a: Shukaku
|-start|p1a: Shukaku|move: Taunt
|cant|p1a: Shukaku|move: Taunt|Toxic
|
|upkeep
|turn|20
|
|t:|1662500246
|move|p2a: Tapu Koko|Light Screen|p2a: Tapu Koko
|-sidestart|p2: Delibird Heart|move: Light Screen
|move|p1a: Shukaku|Knock Off|p2a: Tapu Koko
|-resisted|p2a: Tapu Koko
|-damage|p2a: Tapu Koko|27/100
|-enditem|p2a: Tapu Koko|Light Clay|[from] move: Knock Off|[of] p1a: Shukaku
|
|upkeep
|turn|21
|
|t:|1662500250
|move|p2a: Tapu Koko|U-turn|p1a: Shukaku
|-resisted|p1a: Shukaku
|-damage|p1a: Shukaku|58/100
|
|t:|1662500251
|switch|p2a: Landorus|Landorus-Therian, M|91/100|[from]move: U-turn
|-ability|p2a: Landorus|Intimidate|boost
|-unboost|p1a: Shukaku|atk|1
|move|p1a: Shukaku|U-turn|p2a: Landorus
|-resisted|p2a: Landorus
|-damage|p2a: Landorus|87/100
|
|t:|1662500255
|switch|p1a: Franky|Melmetal|71/100|[from]move: U-turn
|
|upkeep
|turn|22
|
|t:|1662500262
|move|p2a: Landorus|Swords Dance|p2a: Landorus
|-boost|p2a: Landorus|atk|2
|move|p1a: Franky|Ice Punch|p2a: Landorus
|-supereffective|p2a: Landorus
|-damage|p2a: Landorus|4/100
|
|-fieldend|move: Electric Terrain
|upkeep
|turn|23
|
|t:|1662500270
|switch|p1a: Shukaku|Landorus-Therian, M|58/100
|-ability|p1a: Shukaku|Intimidate|boost
|-unboost|p2a: Landorus|atk|1
|move|p2a: Landorus|Earthquake|p1a: Shukaku
|-immune|p1a: Shukaku
|
|upkeep
|turn|24
|
|t:|1662500273
|move|p2a: Landorus|Stone Edge|p1a: Shukaku
|-damage|p1a: Shukaku|0 fnt
|faint|p1a: Shukaku
|-damage|p2a: Landorus|0 fnt|[from] item: Life Orb
|faint|p2a: Landorus
|
|upkeep
|
|t:|1662500287
|switch|p2a: Volcarona|Volcarona, M|100/100
|switch|p1a: Zuko|Heatran, M, shiny|100/100
|turn|25
|
|t:|1662500293
|move|p2a: Volcarona|Quiver Dance|p2a: Volcarona
|-boost|p2a: Volcarona|spa|1
|-boost|p2a: Volcarona|spd|1
|-boost|p2a: Volcarona|spe|1
|move|p1a: Zuko|Taunt|p2a: Volcarona
|-start|p2a: Volcarona|move: Taunt
|
|-sideend|p2: Delibird Heart|Reflect
|upkeep
|turn|26
|
|t:|1662500296
|move|p2a: Volcarona|Psychic|p1a: Zuko
|-resisted|p1a: Zuko
|-damage|p1a: Zuko|78/100
|-damage|p2a: Volcarona|91/100|[from] item: Life Orb
|move|p1a: Zuko|Magma Storm|p2a: Volcarona|[miss]
|-miss|p1a: Zuko|p2a: Volcarona
|
|-heal|p1a: Zuko|84/100|[from] item: Leftovers
|upkeep
|turn|27
|
|t:|1662500299
|move|p2a: Volcarona|Psychic|p1a: Zuko
|-resisted|p1a: Zuko
|-damage|p1a: Zuko|60/100
|-unboost|p1a: Zuko|spd|1
|-damage|p2a: Volcarona|81/100|[from] item: Life Orb
|move|p1a: Zuko|Magma Storm|p2a: Volcarona
|-damage|p2a: Volcarona|65/100
|-activate|p2a: Volcarona|move: Magma Storm|[of] p1a: Zuko
|
|-heal|p1a: Zuko|66/100|[from] item: Leftovers
|-damage|p2a: Volcarona|53/100|[from] move: Magma Storm|[partiallytrapped]
|-sideend|p2: Delibird Heart|move: Light Screen
|upkeep
|turn|28
|
|t:|1662500302
|move|p2a: Volcarona|Psychic|p1a: Zuko
|-resisted|p1a: Zuko
|-damage|p1a: Zuko|32/100
|-damage|p2a: Volcarona|43/100|[from] item: Life Orb
|move|p1a: Zuko|Magma Storm|p2a: Volcarona
|-damage|p2a: Volcarona|12/100
|
|-heal|p1a: Zuko|38/100|[from] item: Leftovers
|-damage|p2a: Volcarona|0 fnt|[from] move: Magma Storm|[partiallytrapped]
|faint|p2a: Volcarona
|upkeep
|-message|Delibird Heart forfeited.
|
|win|Miguel Salzar
|raw|Miguel Salzar's rating: 1456 &rarr; <strong>1479</strong><br />(+23 for winning)
|raw|Delibird Heart's rating: 1510 &rarr; <strong>1487</strong><br />(-23 for losing)
|l|☆Delibird Heart
