|raw|<div class="broadcast-blue"><strong>This battle is required to be public due to a player having a name starting with 'lt91bb'.</div>
|j|☆lt91bb bj
|j|☆Lenape
|t:|1659114773
|gametype|singles
|player|p1|lt91bb bj|colress|1850
|player|p2|Lenape|265|1870
|teamsize|p1|6
|teamsize|p2|6
|gen|8
|tier|[Gen 8] OU
|rated|
|rule|Sleep Clause Mod: Limit one foe put to sleep
|rule|Species Clause: Limit one of each Pokémon
|rule|OHKO Clause: OHKO moves are banned
|rule|Evasion Moves Clause: Evasion moves are banned
|rule|Endless Battle Clause: Forcing endless battles is banned
|rule|HP Percentage Mod: HP is shown in percentages
|rule|Dynamax Clause: You cannot dynamax
|clearpoke
|poke|p1|Weavile, M|
|poke|p1|Ferrothorn, F|
|poke|p1|Urshifu-*, F|
|poke|p1|Slowking-Galar, F|
|poke|p1|Landorus-Therian, M|
|poke|p1|Tornadus-Therian, M|
|poke|p2|Rhyperior, M|
|poke|p2|Toxapex, F|
|poke|p2|Corviknight, F|
|poke|p2|Umbreon, M|
|poke|p2|Sylveon, F|
|poke|p2|Rotom-Heat|
|teampreview
|inactive|Battle timer is ON: inactive players will automatically lose when time's up. (requested by Lenape)
|j| NDHB
|
|t:|1659114799
|start
|switch|p1a: Urshifu|Urshifu-Rapid-Strike, F|100/100
|switch|p2a: Rotom|Rotom-Heat|100/100
|turn|1
|
|t:|1659114803
|switch|p2a: Toxapex|Toxapex, F|100/100
|switch|p1a: Landorus|Landorus-Therian, M|100/100
|-ability|p1a: Landorus|Intimidate|boost
|-unboost|p2a: Toxapex|atk|1
|
|upkeep
|turn|2
|
|t:|1659114810
|move|p1a: Landorus|U-turn|p2a: Toxapex
|-resisted|p2a: Toxapex
|-damage|p2a: Toxapex|94/100
|
|t:|1659114811
|switch|p1a: Slowking|Slowking-Galar, F, shiny|100/100|[from]move: U-turn
|move|p2a: Toxapex|Toxic|p1a: Slowking
|-immune|p1a: Slowking
|
|-heal|p2a: Toxapex|99/100|[from] item: Black Sludge
|upkeep
|turn|3
|
|t:|1659114814
|switch|p2a: Rotom|Rotom-Heat|100/100
|move|p1a: Slowking|Future Sight|p2a: Rotom
|-start|p1a: Slowking|move: Future Sight
|
|upkeep
|turn|4
|
|t:|1659114817
|switch|p1a: Landorus|Landorus-Therian, M|100/100
|-ability|p1a: Landorus|Intimidate|boost
|-unboost|p2a: Rotom|atk|1
|move|p2a: Rotom|Trick|p1a: Landorus
|-activate|p2a: Rotom|move: Trick|[of] p1a: Landorus
|-item|p1a: Landorus|Choice Scarf|[from] move: Trick
|-item|p2a: Rotom|Leftovers|[from] move: Trick
|
|upkeep
|turn|5
|
|t:|1659114824
|switch|p2a: Umbreon|Umbreon, M|100/100
|move|p1a: Landorus|Knock Off|p2a: Umbreon
|-resisted|p2a: Umbreon
|-damage|p2a: Umbreon|91/100
|-enditem|p2a: Umbreon|Leftovers|[from] move: Knock Off|[of] p1a: Landorus
|
|-end|p2a: Umbreon|move: Future Sight
|-immune|p2a: Umbreon
|upkeep
|turn|6
|
|t:|1659114831
|switch|p1a: Slowking|Slowking-Galar, F, shiny|100/100
|move|p2a: Umbreon|Wish|p2a: Umbreon
|
|upkeep
|turn|7
|
|t:|1659114837
|move|p2a: Umbreon|Foul Play|p1a: Slowking
|-supereffective|p1a: Slowking
|-damage|p1a: Slowking|65/100
|move|p1a: Slowking|Future Sight|p2a: Umbreon
|-start|p1a: Slowking|move: Future Sight
|
|-heal|p2a: Umbreon|100/100|[from] move: Wish|[wisher] Umbreon
|upkeep
|turn|8
|
|t:|1659114840
|switch|p1a: Urshifu|Urshifu-Rapid-Strike, F|100/100
|move|p2a: Umbreon|Foul Play|p1a: Urshifu
|-resisted|p1a: Urshifu
|-damage|p1a: Urshifu|75/100
|
|upkeep
|turn|9
|
|t:|1659114847
|move|p1a: Urshifu|Close Combat|p2a: Umbreon
|-supereffective|p2a: Umbreon
|-damage|p2a: Umbreon|0 fnt
|-unboost|p1a: Urshifu|def|1
|-unboost|p1a: Urshifu|spd|1
|faint|p2a: Umbreon
|
|-hint|Future Sight did not hit because the target is fainted.
|upkeep
|
|t:|1659114853
|switch|p2a: Corviknight|Corviknight, F|100/100
|-ability|p2a: Corviknight|Pressure
|turn|10
|
|t:|1659114859
|switch|p1a: Slowking|Slowking-Galar, F, shiny|99/100
|move|p2a: Corviknight|Substitute|p2a: Corviknight
|-start|p2a: Corviknight|Substitute
|-damage|p2a: Corviknight|75/100
|
|-heal|p2a: Corviknight|82/100|[from] item: Leftovers
|upkeep
|turn|11
|
|t:|1659114862
|move|p2a: Corviknight|Bulk Up|p2a: Corviknight
|-boost|p2a: Corviknight|atk|1
|-boost|p2a: Corviknight|def|1
|move|p1a: Slowking|Future Sight|p2a: Corviknight
|-start|p1a: Slowking|move: Future Sight
|
|-heal|p2a: Corviknight|88/100|[from] item: Leftovers
|upkeep
|turn|12
|
|t:|1659114871
|move|p2a: Corviknight|Brave Bird|p1a: Slowking
|-damage|p1a: Slowking|20/100
|-damage|p2a: Corviknight|62/100|[from] Recoil
|move|p1a: Slowking|Flamethrower|p2a: Corviknight
|-supereffective|p2a: Corviknight
|-end|p2a: Corviknight|Substitute
|
|-heal|p2a: Corviknight|68/100|[from] item: Leftovers
|upkeep
|turn|13
|
|t:|1659114880
|switch|p1a: Landorus|Landorus-Therian, M|100/100
|-ability|p1a: Landorus|Intimidate|boost
|-unboost|p2a: Corviknight|atk|1
|move|p2a: Corviknight|Substitute|p2a: Corviknight
|-start|p2a: Corviknight|Substitute
|-damage|p2a: Corviknight|43/100
|
|-end|p2a: Corviknight|move: Future Sight
|-resisted|p2a: Corviknight
|-activate|p2a: Corviknight|move: Substitute|[damage]
|-heal|p2a: Corviknight|50/100|[from] item: Leftovers
|upkeep
|turn|14
|j| kankan's uncle
|
|t:|1659114907
|move|p1a: Landorus|U-turn|p2a: Corviknight
|-resisted|p2a: Corviknight
|-end|p2a: Corviknight|Substitute
|j| Trannos
|
|t:|1659114915
|switch|p1a: Weavile|Weavile, M|100/100|[from]move: U-turn
|-ability|p1a: Weavile|Pressure
|move|p2a: Corviknight|Roost|p2a: Corviknight
|-heal|p2a: Corviknight|99/100
|-singleturn|p2a: Corviknight|move: Roost
|
|-heal|p2a: Corviknight|100/100|[from] item: Leftovers
|upkeep
|turn|15
|l| kankan's uncle
|
|t:|1659114921
|move|p1a: Weavile|Knock Off|p2a: Corviknight
|-damage|p2a: Corviknight|72/100
|-enditem|p2a: Corviknight|Leftovers|[from] move: Knock Off|[of] p1a: Weavile
|move|p2a: Corviknight|Substitute|p2a: Corviknight
|-start|p2a: Corviknight|Substitute
|-damage|p2a: Corviknight|47/100
|
|upkeep
|turn|16
|
|t:|1659114925
|move|p1a: Weavile|Swords Dance|p1a: Weavile
|-boost|p1a: Weavile|atk|2
|move|p2a: Corviknight|Roost|p2a: Corviknight
|-heal|p2a: Corviknight|97/100
|-singleturn|p2a: Corviknight|move: Roost
|
|upkeep
|turn|17
|
|t:|1659114928
|move|p1a: Weavile|Triple Axel|p2a: Corviknight
|-activate|p2a: Corviknight|move: Substitute|[damage]
|-hitcount|p2a: Corviknight|1
|move|p2a: Corviknight|Bulk Up|p2a: Corviknight
|-boost|p2a: Corviknight|atk|1
|-boost|p2a: Corviknight|def|1
|
|upkeep
|turn|18
|
|t:|1659114933
|move|p1a: Weavile|Swords Dance|p1a: Weavile
|-boost|p1a: Weavile|atk|2
|move|p2a: Corviknight|Substitute|p2a: Corviknight
|-fail|p2a: Corviknight|move: Substitute
|
|upkeep
|turn|19
|
|t:|1659114935
|move|p1a: Weavile|Triple Axel|p2a: Corviknight
|-end|p2a: Corviknight|Substitute
|-hitcount|p2a: Corviknight|1
|move|p2a: Corviknight|Brave Bird|p1a: Weavile
|-damage|p1a: Weavile|0 fnt
|faint|p1a: Weavile
|-damage|p2a: Corviknight|74/100|[from] Recoil
|
|upkeep
|j| cityfolk
|j| NNNAMIDA
|
|t:|1659114940
|switch|p1a: Urshifu|Urshifu-Rapid-Strike, F|75/100
|turn|20
|
|t:|1659114942
|move|p1a: Urshifu|Surging Strikes|p2a: Corviknight
|-crit|p2a: Corviknight
|-damage|p2a: Corviknight|49/100
|-crit|p2a: Corviknight
|-damage|p2a: Corviknight|23/100
|-crit|p2a: Corviknight
|-damage|p2a: Corviknight|0 fnt
|faint|p2a: Corviknight
|-hitcount|p2: Corviknight|3
|
|upkeep
|c|☆Lenape|The high rolls
|
|t:|1659114954
|switch|p2a: Toxapex|Toxapex, F|100/100
|turn|21
|c|☆lt91bb bj|bro you dodged axel twice
|c|☆lt91bb bj|lmao
|c|☆Lenape|Ehh
|c|☆Lenape|Its okay
|c|☆Lenape|I dont mind losing to spam teams
|
|t:|1659114981
|switch|p1a: Slowking|Slowking-Galar, F, shiny|53/100
|switch|p2a: Rhyperior|Rhyperior, M|100/100
|
|upkeep
|turn|22
|
|t:|1659114991
|switch|p1a: Landorus|Landorus-Therian, M|100/100
|-ability|p1a: Landorus|Intimidate|boost
|-unboost|p2a: Rhyperior|atk|1
|move|p2a: Rhyperior|Stealth Rock|p1a: Landorus
|-sidestart|p1: lt91bb bj|move: Stealth Rock
|
|upkeep
|turn|23
|c|☆Lenape|We are pretty high here so only unoriginal teams win at this rank
|
|t:|1659115004
|switch|p2a: Rotom|Rotom-Heat|100/100
|move|p1a: Landorus|Stealth Rock|p2a: Rotom
|-sidestart|p2: Lenape|move: Stealth Rock
|
|upkeep
|turn|24
|c|☆lt91bb bj|bro i dont main ou lmao
|c|☆lt91bb bj|sounds like you're going through it
|inactive|lt91bb bj has 120 seconds left.
|c|☆Lenape|What does that have to do with anything
|j| cute pink team
|
|t:|1659115030
|switch|p1a: Slowking|Slowking-Galar, F, shiny|86/100
|-damage|p1a: Slowking|74/100|[from] Stealth Rock
|move|p2a: Rotom|Will-O-Wisp|p1a: Slowking
|-status|p1a: Slowking|brn
|
|-damage|p1a: Slowking|68/100 brn|[from] brn
|upkeep
|turn|25
|j| tapu moxo
|c|☆Lenape|That doesnt have a thing to do with you using a basically copy paste team
|
|t:|1659115041
|move|p2a: Rotom|Defog|p1a: Slowking
|-unboost|p1a: Slowking|evasion|1
|-sideend|p1: lt91bb bj|Stealth Rock|[from] move: Defog|[of] p2a: Rotom
|-sideend|p2: Lenape|Stealth Rock|[from] move: Defog|[of] p2a: Rotom
|move|p1a: Slowking|Future Sight|p2a: Rotom
|-start|p1a: Slowking|move: Future Sight
|
|-damage|p1a: Slowking|61/100 brn|[from] brn
|upkeep
|turn|26
|c|☆lt91bb bj|yeah, i dont build xd
|inactive|lt91bb bj has 120 seconds left.
|
|t:|1659115067
|switch|p1a: Ferrothorn|Ferrothorn, F|100/100
|move|p2a: Rotom|Discharge|p1a: Ferrothorn
|-resisted|p1a: Ferrothorn
|-damage|p1a: Ferrothorn|88/100
|
|-heal|p1a: Ferrothorn|94/100|[from] item: Leftovers
|upkeep
|turn|27
|c|☆Lenape|Building is half the skill or more in this game
|c|☆lt91bb bj|ehhh
|c|☆Lenape|100%
|
|t:|1659115090
|switch|p1a: Slowking|Slowking-Galar, F, shiny|95/100 brn
|move|p2a: Rotom|Will-O-Wisp|p1a: Slowking
|-fail|p1a: Slowking|brn
|
|-end|p2a: Rotom|move: Future Sight
|-damage|p2a: Rotom|55/100
|-heal|p2a: Rotom|61/100|[from] item: Leftovers
|-damage|p1a: Slowking|89/100 brn|[from] brn
|upkeep
|turn|28
|j| LT91BB AYT
|c|☆Lenape|Beleive me as someone that builds his own teams
|l| NNNAMIDA
|c|☆lt91bb bj|i build my own teams in the tiers i main
|c| cute pink team|Lenape
|c| cute pink team|wow alots of people on high ladder now
|c|☆lt91bb bj|how many indivs you won? lmao
|c|☆Lenape|Trying to build a original team that competes with meta spam is near impossible
|inactive|Lenape has 120 seconds left.
|c| cute pink team|i think im gonna climb ladder now
|
|t:|1659115137
|switch|p2a: Sylveon|Sylveon, F|100/100
|move|p1a: Slowking|Future Sight|p2a: Sylveon
|-start|p1a: Slowking|move: Future Sight
|
|-damage|p1a: Slowking|82/100 brn|[from] brn
|upkeep
|turn|29
|
|t:|1659115146
|move|p2a: Sylveon|Calm Mind|p2a: Sylveon
|-boost|p2a: Sylveon|spa|1
|-boost|p2a: Sylveon|spd|1
|move|p1a: Slowking|Sludge Bomb|p2a: Sylveon
|-supereffective|p2a: Sylveon
|-damage|p2a: Sylveon|63/100
|-status|p2a: Sylveon|psn
|
|-heal|p2a: Sylveon|70/100 psn|[from] item: Leftovers
|-damage|p2a: Sylveon|57/100 psn|[from] psn
|-damage|p1a: Slowking|76/100 brn|[from] brn
|upkeep
|turn|30
|j| NNNAMIDA
|inactive|lt91bb bj has 120 seconds left.
|
|t:|1659115153
|move|p2a: Sylveon|Wish|p2a: Sylveon
|move|p1a: Slowking|Sludge Bomb|p2a: Sylveon
|-supereffective|p2a: Sylveon
|-damage|p2a: Sylveon|23/100 psn
|
|-end|p2a: Sylveon|move: Future Sight
|-damage|p2a: Sylveon|1/100 psn
|-heal|p2a: Sylveon|7/100 psn|[from] item: Leftovers
|-damage|p2a: Sylveon|0 fnt|[from] psn
|faint|p2a: Sylveon
|-damage|p1a: Slowking|70/100 brn|[from] brn
|upkeep
|j| ChristianBeThatGuy
|inactive|Lenape has 120 seconds left.
|c|☆Lenape|How many indivs you won
|l| ChristianBeThatGuy
|c| cute pink team|Lenape
|c| cute pink team|u played too careless
|c|☆lt91bb bj|2
|c|☆Lenape|Sure
|inactive|Lenape has 90 seconds left.
|c| cute pink team|let me rekt these lt91bb lol
|c| cute pink team|looks
|c|☆lt91bb bj|i have a banner on smogon lol
|c|☆lt91bb bj|u can check
|c|☆Lenape|Im sure it was with the spam teams you copied too nothing original
|inactive|Lenape has 60 seconds left.
|c|☆lt91bb bj|LOOOOOOL
|c|☆lt91bb bj|u sound like a 1200s ag player complaining about legendaries
|c|☆Lenape|Try using me team and achieving anything that even shows up on a ladder
|l| tapu moxo
|inactive|Lenape has 30 seconds left.
|inactive|Lenape has 20 seconds left.
|j| LT91BB 69
|c|☆lt91bb bj|wow pex corv
|c|☆lt91bb bj|original
|c|☆Lenape|Using this team i have to massively outplay just to get anywhere
|inactive|Lenape has 15 seconds left.
|
|t:|1659115272
|switch|p2a: Rotom|Rotom-Heat|61/100
|turn|31
|inactive|Lenape has 25 seconds left this turn.
|c|☆Lenape|Ummm
|c| cute pink team|lt91bb bj cya on next game. let me see how good u are
|inactive|Lenape has 20 seconds left.
|c|☆Lenape|Umbreon OU
|l| LT91BB AYT
|c|☆Lenape|Sylveon OU
|inactive|Lenape has 15 seconds left.
|c|☆Lenape|Rhyperior OU
|inactive|Lenape has 10 seconds left.
|c|☆Lenape|Rotom OU
|inactive|Lenape has 5 seconds left.
|
|t:|1659115293
|move|p2a: Rotom|Discharge|p1a: Slowking
|-damage|p1a: Slowking|57/100 brn
|move|p1a: Slowking|Future Sight|p2a: Rotom
|-start|p1a: Slowking|move: Future Sight
|
|-heal|p2a: Rotom|100/100|[from] move: Wish|[wisher] Sylveon
|-damage|p1a: Slowking|51/100 brn|[from] brn
|upkeep
|turn|32
|inactive|Lenape has 15 seconds left this turn.
|j| D Great Dane
|c|☆Lenape|Right
|c|☆Lenape|Man
|inactive|Lenape has 10 seconds left.
|c|☆Lenape|Ignore the fact
|c|☆lt91bb bj|looks like a pre-dlc ou team
|
|t:|1659115312
|move|p2a: Rotom|Discharge|p1a: Slowking
|-damage|p1a: Slowking|39/100 brn
|move|p1a: Slowking|Sludge Bomb|p2a: Rotom
|-damage|p2a: Rotom|71/100
|
|-heal|p2a: Rotom|77/100|[from] item: Leftovers
|-damage|p1a: Slowking|32/100 brn|[from] brn
|upkeep
|turn|33
|inactive|Lenape has 20 seconds left this turn.
|c|☆Lenape|That half my team is below UU
|inactive|Lenape has 15 seconds left.
|inactive|Lenape has 10 seconds left.
|
|t:|1659115324
|switch|p1a: Landorus|Landorus-Therian, M|100/100
|-ability|p1a: Landorus|Intimidate|boost
|-unboost|p2a: Rotom|atk|1
|move|p2a: Rotom|Discharge|p1a: Landorus
|-immune|p1a: Landorus
|
|-end|p2a: Rotom|move: Future Sight
|-damage|p2a: Rotom|31/100
|-heal|p2a: Rotom|37/100|[from] item: Leftovers
|upkeep
|turn|34
|inactive|Lenape has 20 seconds left this turn.
|
|t:|1659115329
|move|p1a: Landorus|Knock Off|p2a: Rotom
|-damage|p2a: Rotom|7/100
|-enditem|p2a: Rotom|Leftovers|[from] move: Knock Off|[of] p1a: Landorus
|move|p2a: Rotom|Trick|p1a: Landorus
|-activate|p2a: Rotom|move: Trick|[of] p1a: Landorus
|-enditem|p1a: Landorus|Choice Scarf|[silent]|[from] move: Trick
|-item|p2a: Rotom|Choice Scarf|[from] move: Trick
|
|upkeep
|turn|35
|inactive|Lenape has 30 seconds left this turn.
|j| Luigi over mario
|inactive|Lenape has 20 seconds left.
|inactive|Lenape has 15 seconds left.
|c|☆Lenape|Bring your UU or RU team into OU and try and compete
|inactive|Lenape has 10 seconds left.
|c|☆Lenape|Then talk shit
|
|t:|1659115352
|switch|p1a: Tornadus|Tornadus-Therian, M|100/100
|move|p2a: Rotom|Will-O-Wisp|p1a: Tornadus
|-status|p1a: Tornadus|brn
|
|-damage|p1a: Tornadus|94/100 brn|[from] brn
|upkeep
|turn|36
|inactive|Lenape has 20 seconds left this turn.
|inactive|Lenape has 15 seconds left.
|c|☆lt91bb bj|win an indiv and get back to me
|
|t:|1659115370
|switch|p2a: Toxapex|Toxapex, F|100/100
|move|p1a: Tornadus|U-turn|p2a: Toxapex
|-resisted|p2a: Toxapex
|-damage|p2a: Toxapex|99/100
|inactive|Lenape has 20 seconds left this turn.
|
|t:|1659115373
|switch|p1a: Slowking|Slowking-Galar, F, shiny|66/100 brn|[from]move: U-turn
|
|-heal|p2a: Toxapex|100/100|[from] item: Black Sludge
|-damage|p1a: Slowking|60/100 brn|[from] brn
|upkeep
|turn|37
|inactive|Lenape has 30 seconds left this turn.
|c|☆Lenape|I havent even tried to compete in any cause i play casual as fuck
|inactive|Lenape has 20 seconds left.
|c|☆Lenape|LOL
|inactive|Lenape has 15 seconds left.
|c|☆lt91bb bj|u sound mad for a casual
|inactive|Lenape has 10 seconds left.
|c| D Great Dane|if ur using uu and ru mons dont play ou
|inactive|Lenape has 5 seconds left.
|c|☆lt91bb bj|^
|-message|Lenape lost due to inactivity.
|
|win|lt91bb bj
|raw|lt91bb bj's rating: 1850 &rarr; <strong>1871</strong><br />(+21 for winning)
|raw|Lenape's rating: 1870 &rarr; <strong>1849</strong><br />(-21 for losing)
|c|☆lt91bb bj|gg wp
|c|☆Lenape|The fatc that we are both at 1850's
|c|☆Lenape|is sad
|c|☆lt91bb bj|i was 1930s before i got flame burned
|c|☆Lenape|We are basically the same rank
|c|☆lt91bb bj|i have one of the best gxes in the cycle
|c|☆lt91bb bj|ur mad
|c|☆Lenape|Nah
|l| D Great Dane
|c|☆Lenape|You just gotta be real about what team im using vs the spam you are using
||Ladder isn't responding, score probably updated but might not have (Request timeout).
|l| NNNAMIDA
|c|☆lt91bb bj|bro this is an "outdated" sample
|c|☆Lenape|Want me to give you my team so you can use it and see where you end up?
|l|☆lt91bb bj
|c|☆Lenape|I would be very interested
|c|☆Lenape|Thats what i thought
|l|☆Lenape
|l| cityfolk
