|j|☆I'M AT MY LIMIT
|j|☆FIRE LORD AESON!
|t:|1607726946
|player|p1|I'M AT MY LIMIT|dawn|1523
|player|p2|FIRE LORD AESON!|silver-gen2|1558
|teamsize|p1|6
|teamsize|p2|6
|gametype|singles
|gen|8
|tier|[Gen 8] OU
|rated|
|clearpoke
|poke|p1|Hippowdon, M|
|poke|p1|Shedinja|
|poke|p1|Clefable, F|
|poke|p1|Corviknight, M|
|poke|p1|Blissey, F|
|poke|p1|Toxapex, M|
|poke|p2|Torkoal, M|
|poke|p2|Venusaur, F|
|poke|p2|Weavile, M|
|poke|p2|Cinderace, F|
|poke|p2|Landorus-Therian, M|
|poke|p2|Mimikyu, M|
|rule|Sleep Clause Mod: Limit one foe put to sleep
|rule|Species Clause: Limit one of each Pokémon
|rule|OHKO Clause: OHKO moves are banned
|rule|Evasion Moves Clause: Evasion moves are banned
|rule|Endless Battle Clause: Forcing endless battles is banned
|rule|HP Percentage Mod: HP is shown in percentages
|rule|Dynamax Clause: You cannot dynamax
|teampreview
|inactive|Battle timer is ON: inactive players will automatically lose when time's up. (requested by I'M AT MY LIMIT)
|
|t:|1607726983
|start
|switch|p1a: Toxapex|Toxapex, M|100/100
|switch|p2a: SUBSCRIBE 2 AESON!|Landorus-Therian, M|100/100
|-ability|p2a: SUBSCRIBE 2 AESON!|Intimidate|boost
|-unboost|p1a: Toxapex|atk|1
|turn|1
|
|t:|1607726990
|move|p2a: SUBSCRIBE 2 AESON!|Swords Dance|p2a: SUBSCRIBE 2 AESON!
|-boost|p2a: SUBSCRIBE 2 AESON!|atk|2
|move|p1a: Toxapex|Scald|p2a: SUBSCRIBE 2 AESON!
|-supereffective|p2a: SUBSCRIBE 2 AESON!
|-damage|p2a: SUBSCRIBE 2 AESON!|63/100
|
|upkeep
|turn|2
|
|t:|1607726999
|switch|p1a: Corviknight|Corviknight, M|100/100
|-ability|p1a: Corviknight|Pressure
|move|p2a: SUBSCRIBE 2 AESON!|Earthquake|p1a: Corviknight
|-immune|p1a: Corviknight
|
|upkeep
|turn|3
|inactiveoff|Battle timer is now OFF.
|
|t:|1607727004
|move|p2a: SUBSCRIBE 2 AESON!|Stone Edge|p1a: Corviknight
|-damage|p1a: Corviknight|53/100
|move|p1a: Corviknight|Iron Head|p2a: SUBSCRIBE 2 AESON!
|-damage|p2a: SUBSCRIBE 2 AESON!|38/100
|
|-heal|p1a: Corviknight|59/100|[from] item: Leftovers
|upkeep
|turn|4
|
|t:|1607727018
|move|p2a: SUBSCRIBE 2 AESON!|Swords Dance|p2a: SUBSCRIBE 2 AESON!
|-boost|p2a: SUBSCRIBE 2 AESON!|atk|2
|move|p1a: Corviknight|Roost|p1a: Corviknight
|-heal|p1a: Corviknight|100/100
|-singleturn|p1a: Corviknight|move: Roost
|
|upkeep
|turn|5
|
|t:|1607727020
|move|p2a: SUBSCRIBE 2 AESON!|Stone Edge|p1a: Corviknight
|-damage|p1a: Corviknight|28/100
|move|p1a: Corviknight|Iron Head|p2a: SUBSCRIBE 2 AESON!
|-damage|p2a: SUBSCRIBE 2 AESON!|10/100
|-enditem|p2a: SUBSCRIBE 2 AESON!|Iapapa Berry|[eat]
|-heal|p2a: SUBSCRIBE 2 AESON!|43/100|[from] item: Iapapa Berry
|
|-heal|p1a: Corviknight|34/100|[from] item: Leftovers
|upkeep
|turn|6
|
|t:|1607727027
|move|p2a: SUBSCRIBE 2 AESON!|Stone Edge|p1a: Corviknight
|-damage|p1a: Corviknight|0 fnt
|faint|p1a: Corviknight
|
|upkeep
|
|t:|1607727033
|switch|p1a: Shedinja|Shedinja|100/100
|turn|7
|inactive|Battle timer is ON: inactive players will automatically lose when time's up. (requested by I'M AT MY LIMIT)
|
|t:|1607727041
|move|p2a: SUBSCRIBE 2 AESON!|Stone Edge|p1a: Shedinja
|-supereffective|p1a: Shedinja
|-damage|p1a: Shedinja|0 fnt
|faint|p1a: Shedinja
|
|upkeep
|-message|I'M AT MY LIMIT forfeited.
|
|win|FIRE LORD AESON!
|l|☆I'M AT MY LIMIT
||Ladder (probably) updated, but score could not be retrieved (Request timeout).
