|j|☆30orless
|j|☆badalakazam
|t:|1658945542
|gametype|singles
|player|p1|30orless|266|1698
|player|p2|badalakazam|scientist-gen4dp|1641
|teamsize|p1|6
|teamsize|p2|6
|gen|8
|tier|[Gen 8] OU
|rated|
|rule|Sleep Clause Mod: Limit one foe put to sleep
|rule|Species Clause: Limit one of each Pokémon
|rule|OHKO Clause: OHKO moves are banned
|rule|Evasion Moves Clause: Evasion moves are banned
|rule|Endless Battle Clause: Forcing endless battles is banned
|rule|HP Percentage Mod: HP is shown in percentages
|rule|Dynamax Clause: You cannot dynamax
|clearpoke
|poke|p1|Heatran, M|
|poke|p1|Hydreigon, M|
|poke|p1|Blaziken, F|
|poke|p1|Volcanion|
|poke|p1|Zapdos|
|poke|p1|Mamoswine, M|
|poke|p2|Ninetales-Alola, F|
|poke|p2|Corviknight, M|
|poke|p2|Dragapult, M|
|poke|p2|Rillaboom, F|
|poke|p2|Moltres-Galar|
|poke|p2|Melmetal|
|teampreview
|inactive|Battle timer is ON: inactive players will automatically lose when time's up. (requested by 30orless)
|
|t:|1658945554
|start
|switch|p1a: Heatran|Heatran, M|100/100
|switch|p2a: Ninetales|Ninetales-Alola, F|100/100
|-weather|Hail|[from] ability: Snow Warning|[of] p2a: Ninetales
|turn|1
|
|t:|1658945559
|move|p2a: Ninetales|Aurora Veil|p2a: Ninetales
|-sidestart|p2: badalakazam|move: Aurora Veil
|move|p1a: Heatran|Magma Storm|p2a: Ninetales
|-supereffective|p2a: Ninetales
|-damage|p2a: Ninetales|45/100
|-activate|p2a: Ninetales|move: Magma Storm|[of] p1a: Heatran
|
|-weather|Hail|[upkeep]
|-damage|p1a: Heatran|94/100|[from] Hail
|-damage|p2a: Ninetales|33/100|[from] move: Magma Storm|[partiallytrapped]
|upkeep
|turn|2
|
|t:|1658945570
|move|p2a: Ninetales|Grudge|p2a: Ninetales
|-singlemove|p2a: Ninetales|Grudge
|move|p1a: Heatran|Eruption|p2a: Ninetales
|-supereffective|p2a: Ninetales
|-damage|p2a: Ninetales|0 fnt
|faint|p2a: Ninetales
|-activate|p1a: Heatran|move: Grudge|Eruption
|
|-weather|Hail|[upkeep]
|-damage|p1a: Heatran|88/100|[from] Hail
|upkeep
|
|t:|1658945583
|switch|p2a: Corviknight|Corviknight, M|100/100
|-ability|p2a: Corviknight|Pressure
|turn|3
|
|t:|1658945589
|move|p1a: Heatran|Magma Storm|p2a: Corviknight
|-supereffective|p2a: Corviknight
|-damage|p2a: Corviknight|54/100
|-activate|p2a: Corviknight|move: Magma Storm|[of] p1a: Heatran
|-enditem|p2a: Corviknight|Weakness Policy
|-boost|p2a: Corviknight|atk|2|[from] item: Weakness Policy
|-boost|p2a: Corviknight|spa|2|[from] item: Weakness Policy
|move|p2a: Corviknight|Agility|p2a: Corviknight
|-boost|p2a: Corviknight|spe|2
|
|-weather|Hail|[upkeep]
|-damage|p2a: Corviknight|48/100|[from] Hail
|-damage|p1a: Heatran|82/100|[from] Hail
|-damage|p2a: Corviknight|35/100|[from] move: Magma Storm|[partiallytrapped]
|upkeep
|turn|4
|
|t:|1658945601
|move|p2a: Corviknight|Roost|p2a: Corviknight
|-heal|p2a: Corviknight|85/100
|-singleturn|p2a: Corviknight|move: Roost
|move|p1a: Heatran|Magma Storm|p2a: Corviknight
|-supereffective|p2a: Corviknight
|-damage|p2a: Corviknight|33/100
|
|-weather|Hail|[upkeep]
|-damage|p2a: Corviknight|27/100|[from] Hail
|-damage|p1a: Heatran|76/100|[from] Hail
|-damage|p2a: Corviknight|15/100|[from] move: Magma Storm|[partiallytrapped]
|upkeep
|turn|5
|
|t:|1658945606
|move|p2a: Corviknight|Roost|p2a: Corviknight
|-heal|p2a: Corviknight|64/100
|-singleturn|p2a: Corviknight|move: Roost
|move|p1a: Heatran|Magma Storm|p2a: Corviknight|[miss]
|-miss|p1a: Heatran|p2a: Corviknight
|-enditem|p1a: Heatran|Blunder Policy
|-boost|p1a: Heatran|spe|2
|
|-weather|none
|-damage|p2a: Corviknight|52/100|[from] move: Magma Storm|[partiallytrapped]
|upkeep
|turn|6
|
|t:|1658945623
|move|p1a: Heatran|Magma Storm|p2a: Corviknight
|-supereffective|p2a: Corviknight
|-damage|p2a: Corviknight|0 fnt
|faint|p2a: Corviknight
|
|upkeep
|j| LT91BB oakdeon
|
|t:|1658945639
|switch|p2a: Dragapult|Dragapult, M|100/100
|turn|7
|
|t:|1658945645
|move|p1a: Heatran|Earth Power|p2a: Dragapult
|-damage|p2a: Dragapult|75/100
|move|p2a: Dragapult|Dragon Dance|p2a: Dragapult
|-boost|p2a: Dragapult|atk|1
|-boost|p2a: Dragapult|spe|1
|
|upkeep
|turn|8
|
|t:|1658945656
|move|p2a: Dragapult|Phantom Force||[still]
|-prepare|p2a: Dragapult|Phantom Force
|move|p1a: Heatran|Steel Beam|p2a: Dragapult|[miss]
|-miss|p1a: Heatran|p2a: Dragapult
|-damage|p1a: Heatran|26/100|[from] steelbeam
|
|-sideend|p2: badalakazam|move: Aurora Veil
|upkeep
|turn|9
|
|t:|1658945658
|move|p2a: Dragapult|Phantom Force|p1a: Heatran|[from]lockedmove
|-damage|p1a: Heatran|0 fnt
|faint|p1a: Heatran
|-damage|p2a: Dragapult|65/100|[from] item: Life Orb
|
|upkeep
|
|t:|1658945660
|switch|p1a: Mamoswine|Mamoswine, M|100/100
|turn|10
|
|t:|1658945665
|move|p1a: Mamoswine|Ice Shard|p2a: Dragapult
|-supereffective|p2a: Dragapult
|-damage|p2a: Dragapult|0 fnt
|faint|p2a: Dragapult
|
|upkeep
|
|t:|1658945672
|switch|p2a: Melmetal|Melmetal|100/100
|turn|11
|
|t:|1658945680
|move|p1a: Mamoswine|Earthquake|p2a: Melmetal
|-supereffective|p2a: Melmetal
|-damage|p2a: Melmetal|38/100
|move|p2a: Melmetal|Ice Punch|p1a: Mamoswine
|-damage|p1a: Mamoswine|61/100
|
|upkeep
|turn|12
|
|t:|1658945687
|move|p1a: Mamoswine|Earthquake|p2a: Melmetal
|-supereffective|p2a: Melmetal
|-damage|p2a: Melmetal|0 fnt
|faint|p2a: Melmetal
|
|upkeep
|
|t:|1658945689
|switch|p2a: Rillaboom|Rillaboom, F|100/100
|-fieldstart|move: Grassy Terrain|[from] ability: Grassy Surge|[of] p2a: Rillaboom
|turn|13
|
|t:|1658945693
|move|p2a: Rillaboom|Grassy Glide|p1a: Mamoswine
|-supereffective|p1a: Mamoswine
|-damage|p1a: Mamoswine|0 fnt
|faint|p1a: Mamoswine
|-damage|p2a: Rillaboom|91/100|[from] item: Life Orb
|
|-heal|p2a: Rillaboom|97/100|[from] Grassy Terrain
|upkeep
|
|t:|1658945696
|switch|p1a: Zapdos|Zapdos|100/100
|turn|14
|
|t:|1658945699
|move|p2a: Rillaboom|Grassy Glide|p1a: Zapdos
|-resisted|p1a: Zapdos
|-damage|p1a: Zapdos|68/100
|-damage|p2a: Rillaboom|87/100|[from] item: Life Orb
|move|p1a: Zapdos|Hurricane|p2a: Rillaboom|[miss]
|-miss|p1a: Zapdos|p2a: Rillaboom
|
|-heal|p2a: Rillaboom|93/100|[from] Grassy Terrain
|upkeep
|turn|15
|
|t:|1658945705
|move|p2a: Rillaboom|Swords Dance|p2a: Rillaboom
|-boost|p2a: Rillaboom|atk|2
|move|p1a: Zapdos|Hurricane|p2a: Rillaboom
|-supereffective|p2a: Rillaboom
|-damage|p2a: Rillaboom|0 fnt
|faint|p2a: Rillaboom
|
|upkeep
|
|t:|1658945708
|switch|p2a: Moltres|Moltres-Galar|100/100
|turn|16
|
|t:|1658945715
|move|p2a: Moltres|Agility|p2a: Moltres
|-boost|p2a: Moltres|spe|2
|move|p1a: Zapdos|Discharge|p2a: Moltres
|-supereffective|p2a: Moltres
|-damage|p2a: Moltres|20/100
|-enditem|p2a: Moltres|Weakness Policy
|-boost|p2a: Moltres|atk|2|[from] item: Weakness Policy
|-boost|p2a: Moltres|spa|2|[from] item: Weakness Policy
|-ability|p2a: Moltres|Berserk|boost
|-boost|p2a: Moltres|spa|1
|
|upkeep
|turn|17
|
|t:|1658945725
|move|p2a: Moltres|Fiery Wrath|p1a: Zapdos
|-damage|p1a: Zapdos|0 fnt
|faint|p1a: Zapdos
|
|-fieldend|move: Grassy Terrain
|upkeep
|
|t:|1658945727
|switch|p1a: Hydreigon|Hydreigon, M|100/100
|turn|18
|
|t:|1658945729
|move|p2a: Moltres|Hurricane|p1a: Hydreigon|[miss]
|-miss|p2a: Moltres|p1a: Hydreigon
|move|p1a: Hydreigon|Draco Meteor|p2a: Moltres
|-damage|p2a: Moltres|0 fnt
|-unboost|p1a: Hydreigon|spa|2
|faint|p2a: Moltres
|
|win|30orless
|raw|30orless's rating: 1698 &rarr; <strong>1715</strong><br />(+17 for winning)
|raw|badalakazam's rating: 1641 &rarr; <strong>1624</strong><br />(-17 for losing)
