|j|☆Kikoobuster
|j|☆Pks who dis
|t:|1654303067
|gametype|singles
|player|p1|Kikoobuster|266|1498
|player|p2|Pks who dis|crasherwake|1464
|teamsize|p1|6
|teamsize|p2|6
|gen|8
|tier|[Gen 8] OU
|rated|
|rule|Sleep Clause Mod: Limit one foe put to sleep
|rule|Species Clause: Limit one of each Pokémon
|rule|OHKO Clause: OHKO moves are banned
|rule|Evasion Moves Clause: Evasion moves are banned
|rule|Endless Battle Clause: Forcing endless battles is banned
|rule|HP Percentage Mod: HP is shown in percentages
|rule|Dynamax Clause: You cannot dynamax
|clearpoke
|poke|p1|Klefki, F|
|poke|p1|Obstagoon, F|
|poke|p1|Scizor, M|
|poke|p1|Garchomp, M|
|poke|p1|Slowking-Galar, F|
|poke|p1|Landorus-Therian, M|
|poke|p2|Pelipper, M|
|poke|p2|Barraskewda, M|
|poke|p2|Nidoking, M|
|poke|p2|Ferrothorn, M|
|poke|p2|Weavile, F|
|poke|p2|Zapdos|
|teampreview
|inactive|Battle timer is ON: inactive players will automatically lose when time's up. (requested by Kikoobuster)
|
|t:|1654303079
|start
|switch|p1a: Klefki|Klefki, F|100/100
|switch|p2a: Nidoking|Nidoking, M, shiny|100/100
|turn|1
|
|t:|1654303088
|move|p1a: Klefki|Light Screen|p1a: Klefki
|-sidestart|p1: Kikoobuster|move: Light Screen
|move|p2a: Nidoking|Earth Power|p1a: Klefki
|-supereffective|p1a: Klefki
|-damage|p1a: Klefki|29/100
|
|upkeep
|turn|2
|
|t:|1654303097
|move|p1a: Klefki|Reflect|p1a: Klefki
|-sidestart|p1: Kikoobuster|Reflect
|move|p2a: Nidoking|Earth Power|p1a: Klefki
|-supereffective|p1a: Klefki
|-damage|p1a: Klefki|0 fnt
|faint|p1a: Klefki
|
|upkeep
|
|t:|1654303106
|switch|p1a: Slowking|Slowking-Galar, F|100/100
|turn|3
|
|t:|1654303120
|switch|p2a: Zapdos|Zapdos, shiny|100/100
|move|p1a: Slowking|Future Sight|p2a: Zapdos
|-start|p1a: Slowking|move: Future Sight
|
|upkeep
|turn|4
|
|t:|1654303126
|move|p2a: Zapdos|Defog|p1a: Slowking
|-unboost|p1a: Slowking|evasion|1
|-sideend|p1: Kikoobuster|Reflect
|-sideend|p1: Kikoobuster|move: Light Screen
|move|p1a: Slowking|Sludge Bomb|p2a: Zapdos
|-damage|p2a: Zapdos|67/100
|
|upkeep
|turn|5
|
|t:|1654303136
|switch|p2a: Ferrothorn|Ferrothorn, M, shiny|100/100
|move|p1a: Slowking|Scald|p2a: Ferrothorn
|-resisted|p2a: Ferrothorn
|-damage|p2a: Ferrothorn|93/100
|
|-end|p2a: Ferrothorn|move: Future Sight
|-resisted|p2a: Ferrothorn
|-damage|p2a: Ferrothorn|77/100
|-heal|p2a: Ferrothorn|83/100|[from] item: Leftovers
|upkeep
|turn|6
|
|t:|1654303152
|move|p2a: Ferrothorn|Protect|p2a: Ferrothorn
|-singleturn|p2a: Ferrothorn|Protect
|move|p1a: Slowking|Future Sight|p2a: Ferrothorn
|-start|p1a: Slowking|move: Future Sight
|
|-heal|p2a: Ferrothorn|89/100|[from] item: Leftovers
|upkeep
|turn|7
|
|t:|1654303161
|move|p1a: Slowking|Flamethrower|p2a: Ferrothorn
|-supereffective|p2a: Ferrothorn
|-damage|p2a: Ferrothorn|24/100
|move|p2a: Ferrothorn|Leech Seed|p1a: Slowking
|-start|p1a: Slowking|move: Leech Seed
|
|-heal|p2a: Ferrothorn|30/100|[from] item: Leftovers
|-damage|p1a: Slowking|88/100|[from] Leech Seed|[of] p2a: Ferrothorn
|-heal|p2a: Ferrothorn|44/100|[silent]
|upkeep
|turn|8
|
|t:|1654303172
|switch|p1a: Obstagoon|Obstagoon, F|100/100
|move|p2a: Ferrothorn|Protect||[still]
|-fail|p2a: Ferrothorn
|
|-end|p2a: Ferrothorn|move: Future Sight
|-resisted|p2a: Ferrothorn
|-damage|p2a: Ferrothorn|26/100
|-heal|p2a: Ferrothorn|32/100|[from] item: Leftovers
|-status|p1a: Obstagoon|brn|[from] item: Flame Orb
|upkeep
|turn|9
|
|t:|1654303185
|move|p2a: Ferrothorn|Protect|p2a: Ferrothorn
|-singleturn|p2a: Ferrothorn|Protect
|move|p1a: Obstagoon|Close Combat|p2a: Ferrothorn
|-activate|p2a: Ferrothorn|move: Protect
|
|-heal|p2a: Ferrothorn|38/100|[from] item: Leftovers
|-damage|p1a: Obstagoon|94/100 brn|[from] brn
|upkeep
|turn|10
|
|t:|1654303196
|move|p1a: Obstagoon|Close Combat|p2a: Ferrothorn
|-supereffective|p2a: Ferrothorn
|-damage|p2a: Ferrothorn|0 fnt
|-unboost|p1a: Obstagoon|def|1
|-unboost|p1a: Obstagoon|spd|1
|-damage|p1a: Obstagoon|82/100 brn|[from] ability: Iron Barbs|[of] p2a: Ferrothorn
|faint|p2a: Ferrothorn
|
|-damage|p1a: Obstagoon|76/100 brn|[from] brn
|upkeep
|
|t:|1654303211
|switch|p2a: Barraskewda|Barraskewda, M, shiny|100/100
|turn|11
|
|t:|1654303215
|switch|p1a: Landorus|Landorus-Therian, M|100/100
|-ability|p1a: Landorus|Intimidate|boost
|-unboost|p2a: Barraskewda|atk|1
|move|p2a: Barraskewda|Flip Turn|p1a: Landorus
|-supereffective|p1a: Landorus
|-damage|p1a: Landorus|19/100
|
|t:|1654303225
|switch|p2a: Weavile|Weavile, F, shiny|100/100|[from]move: Flip Turn
|-ability|p2a: Weavile|Pressure
|
|-heal|p1a: Landorus|25/100|[from] item: Leftovers
|upkeep
|turn|12
|
|t:|1654303236
|move|p2a: Weavile|Triple Axel|p1a: Landorus
|-supereffective|p1a: Landorus
|-damage|p1a: Landorus|0 fnt
|faint|p1a: Landorus
|-hitcount|p1: Landorus|1
|
|upkeep
|
|t:|1654303246
|switch|p1a: Scizor|Scizor, M|100/100
|turn|13
|
|t:|1654303251
|switch|p2a: Zapdos|Zapdos, shiny|67/100
|switch|p1a: Slowking|Slowking-Galar, F|100/100
|
|upkeep
|turn|14
|
|t:|1654303269
|switch|p2a: Weavile|Weavile, F, shiny|100/100
|-ability|p2a: Weavile|Pressure
|move|p1a: Slowking|Future Sight|p2a: Weavile
|-start|p1a: Slowking|move: Future Sight
|
|upkeep
|turn|15
|
|t:|1654303282
|switch|p2a: Pelipper|Pelipper, M, shiny|100/100
|-weather|RainDance|[from] ability: Drizzle|[of] p2a: Pelipper
|move|p1a: Slowking|Flamethrower|p2a: Pelipper
|-resisted|p2a: Pelipper
|-damage|p2a: Pelipper|92/100
|-status|p2a: Pelipper|brn
|
|-weather|RainDance|[upkeep]
|-damage|p2a: Pelipper|85/100 brn|[from] brn
|upkeep
|turn|16
|
|t:|1654303297
|move|p2a: Pelipper|U-turn|p1a: Slowking
|-damage|p1a: Slowking|96/100
|inactive|Pks who dis has 120 seconds left.
|
|t:|1654303319
|switch|p2a: Zapdos|Zapdos, shiny|67/100|[from]move: U-turn
|move|p1a: Slowking|Sludge Bomb|p2a: Zapdos
|-damage|p2a: Zapdos|27/100
|
|-weather|RainDance|[upkeep]
|-end|p2a: Zapdos|move: Future Sight
|-damage|p2a: Zapdos|0 fnt
|faint|p2a: Zapdos
|upkeep
|
|t:|1654303330
|switch|p2a: Barraskewda|Barraskewda, M, shiny|100/100
|turn|17
|
|t:|1654303335
|move|p2a: Barraskewda|Liquidation|p1a: Slowking
|-damage|p1a: Slowking|0 fnt
|faint|p1a: Slowking
|
|-weather|RainDance|[upkeep]
|upkeep
|
|t:|1654303340
|switch|p1a: Garchomp|Garchomp, M|100/100
|turn|18
|
|t:|1654303346
|switch|p2a: Pelipper|Pelipper, M, shiny|85/100 brn
|move|p1a: Garchomp|Earthquake|p2a: Pelipper
|-immune|p2a: Pelipper
|
|-weather|RainDance|[upkeep]
|-damage|p2a: Pelipper|79/100 brn|[from] brn
|upkeep
|turn|19
|
|t:|1654303357
|move|p1a: Garchomp|Scale Shot|p2a: Pelipper
|-damage|p2a: Pelipper|70/100 brn
|-damage|p2a: Pelipper|60/100 brn
|-damage|p2a: Pelipper|50/100 brn
|-hitcount|p2a: Pelipper|3
|-unboost|p1a: Garchomp|def|1
|-boost|p1a: Garchomp|spe|1
|move|p2a: Pelipper|U-turn|p1a: Garchomp
|-damage|p1a: Garchomp|95/100
|-damage|p2a: Pelipper|37/100 brn|[from] ability: Rough Skin|[of] p1a: Garchomp
|
|t:|1654303369
|switch|p2a: Barraskewda|Barraskewda, M, shiny|100/100|[from]move: U-turn
|
|-weather|RainDance|[upkeep]
|upkeep
|turn|20
|
|t:|1654303379
|move|p2a: Barraskewda|Liquidation|p1a: Garchomp
|-damage|p1a: Garchomp|0 fnt
|-damage|p2a: Barraskewda|88/100|[from] ability: Rough Skin|[of] p1a: Garchomp
|faint|p1a: Garchomp
|
|-weather|RainDance|[upkeep]
|upkeep
|
|t:|1654303384
|switch|p1a: Obstagoon|Obstagoon, F|76/100 brn
|turn|21
|
|t:|1654303389
|move|p2a: Barraskewda|Liquidation|p1a: Obstagoon
|-damage|p1a: Obstagoon|0 fnt
|faint|p1a: Obstagoon
|
|-weather|RainDance|[upkeep]
|upkeep
|
|t:|1654303392
|switch|p1a: Scizor|Scizor, M|100/100
|turn|22
|
|t:|1654303398
|move|p2a: Barraskewda|Liquidation|p1a: Scizor
|-damage|p1a: Scizor|31/100
|move|p1a: Scizor|Swords Dance|p1a: Scizor
|-boost|p1a: Scizor|atk|2
|
|-weather|none
|upkeep
|turn|23
|c|☆Kikoobuster|gg
|
|t:|1654303408
|move|p1a: Scizor|Bullet Punch|p2a: Barraskewda
|-resisted|p2a: Barraskewda
|-damage|p2a: Barraskewda|42/100
|move|p2a: Barraskewda|Liquidation|p1a: Scizor
|-damage|p1a: Scizor|0 fnt
|faint|p1a: Scizor
|
|win|Pks who dis
|raw|Kikoobuster's rating: 1498 &rarr; <strong>1476</strong><br />(-22 for losing)
|raw|Pks who dis's rating: 1464 &rarr; <strong>1486</strong><br />(+22 for winning)
|l|☆Kikoobuster
|c|☆Pks who dis|Gg
