|j|☆Shotintheheart
|j|☆newinthegame
|t:|1664364870
|gametype|singles
|player|p1|Shotintheheart|linebacker|1849
|player|p2|newinthegame|cynthia-gen4|1861
|teamsize|p1|6
|teamsize|p2|6
|gen|8
|tier|[Gen 8] OU
|rated|
|rule|Sleep Clause Mod: Limit one foe put to sleep
|rule|Species Clause: Limit one of each Pokémon
|rule|OHKO Clause: OHKO moves are banned
|rule|Evasion Items Clause: Evasion items are banned
|rule|Evasion Moves Clause: Evasion moves are banned
|rule|Endless Battle Clause: Forcing endless battles is banned
|rule|HP Percentage Mod: HP is shown in percentages
|rule|Dynamax Clause: You cannot dynamax
|clearpoke
|poke|p1|Rillaboom, F|
|poke|p1|Zapdos|
|poke|p1|Obstagoon, M|
|poke|p1|Heatran, M|
|poke|p1|Tapu Fini|
|poke|p1|Swampert, M|
|poke|p2|Tapu Lele|
|poke|p2|Blissey, F|
|poke|p2|Urshifu-*, M|
|poke|p2|Landorus-Therian, M|
|poke|p2|Heatran, M|
|poke|p2|Slowbro, M|
|teampreview
|inactive|Battle timer is ON: inactive players will automatically lose when time's up. (requested by newinthegame)
|
|t:|1664364884
|start
|switch|p1a: Rillaboom|Rillaboom, F|100/100
|switch|p2a: Urshifu|Urshifu-Rapid-Strike, M|100/100
|-fieldstart|move: Grassy Terrain|[from] ability: Grassy Surge|[of] p1a: Rillaboom
|turn|1
|
|t:|1664364909
|switch|p2a: Landorus|Landorus-Therian, M|100/100
|-ability|p2a: Landorus|Intimidate|boost
|-unboost|p1a: Rillaboom|atk|1
|move|p1a: Rillaboom|Grassy Glide|p2a: Landorus
|-damage|p2a: Landorus|66/100
|
|-heal|p2a: Landorus|72/100|[from] item: Leftovers
|upkeep
|turn|2
|
|t:|1664364923
|switch|p1a: Swampert|Swampert, M|100/100
|move|p2a: Landorus|U-turn|p1a: Swampert
|-damage|p1a: Swampert|79/100
|
|t:|1664364926
|switch|p2a: Tapu Lele|Tapu Lele|100/100|[from]move: U-turn
|-fieldstart|move: Psychic Terrain|[from] ability: Psychic Surge|[of] p2a: Tapu Lele
|
|-heal|p1a: Swampert|85/100|[from] item: Leftovers
|upkeep
|turn|3
|
|t:|1664364935
|move|p2a: Tapu Lele|Psyshock|p1a: Swampert
|-damage|p1a: Swampert|7/100
|move|p1a: Swampert|Flip Turn|p2a: Tapu Lele
|-damage|p2a: Tapu Lele|49/100
|
|t:|1664364943
|switch|p1a: Obstagoon|Obstagoon, M|100/100|[from]move: Flip Turn
|
|-status|p1a: Obstagoon|brn|[from] item: Flame Orb
|upkeep
|turn|4
|
|t:|1664364948
|switch|p2a: Urshifu|Urshifu-Rapid-Strike, M|100/100
|move|p1a: Obstagoon|Switcheroo|p2a: Urshifu
|-activate|p1a: Obstagoon|move: Trick|[of] p2a: Urshifu
|-item|p2a: Urshifu|Flame Orb|[from] move: Switcheroo
|-item|p1a: Obstagoon|Choice Scarf|[from] move: Switcheroo
|
|-damage|p1a: Obstagoon|95/100 brn|[from] brn
|-status|p2a: Urshifu|brn|[from] item: Flame Orb
|upkeep
|turn|5
|
|t:|1664364958
|move|p1a: Obstagoon|Facade|p2a: Urshifu
|-damage|p2a: Urshifu|5/100 brn
|move|p2a: Urshifu|U-turn|p1a: Obstagoon
|-supereffective|p1a: Obstagoon
|-damage|p1a: Obstagoon|71/100 brn
|
|t:|1664364964
|switch|p2a: Tapu Lele|Tapu Lele|49/100|[from]move: U-turn
|
|-damage|p1a: Obstagoon|65/100 brn|[from] brn
|upkeep
|turn|6
|
|t:|1664364974
|move|p1a: Obstagoon|Facade|p2a: Tapu Lele
|-damage|p2a: Tapu Lele|0 fnt
|faint|p2a: Tapu Lele
|
|-damage|p1a: Obstagoon|59/100 brn|[from] brn
|-fieldend|move: Psychic Terrain
|upkeep
|-message|newinthegame forfeited.
|
|win|Shotintheheart
|raw|Shotintheheart's rating: 1849 &rarr; <strong>1870</strong><br />(+21 for winning)
|raw|newinthegame's rating: 1861 &rarr; <strong>1840</strong><br />(-21 for losing)
|l|☆newinthegame
||Ladder isn't responding, score probably updated but might not have (Request timeout).
