|j|☆JooshP
|j|☆juicepar
|t:|1657665104
|gametype|singles
|player|p1|JooshP|red|1655
|player|p2|juicepar|crushgirl-gen3|1667
|teamsize|p1|6
|teamsize|p2|6
|gen|8
|tier|[Gen 8] OU
|rated|
|rule|Sleep Clause Mod: Limit one foe put to sleep
|rule|Species Clause: Limit one of each Pokémon
|rule|OHKO Clause: OHKO moves are banned
|rule|Evasion Moves Clause: Evasion moves are banned
|rule|Endless Battle Clause: Forcing endless battles is banned
|rule|HP Percentage Mod: HP is shown in percentages
|rule|Dynamax Clause: You cannot dynamax
|clearpoke
|poke|p1|Blacephalon|
|poke|p1|Tornadus-Therian, M|
|poke|p1|Skarmory, F|
|poke|p1|Slowking-Galar, M|
|poke|p1|Garchomp, M|
|poke|p1|Gyarados, F|
|poke|p2|Arctovish|
|poke|p2|Arctozolt|
|poke|p2|Ninetales-Alola, F|
|poke|p2|Tornadus-Therian, M|
|poke|p2|Gastrodon-East, F|
|poke|p2|Zapdos|
|teampreview
|
|t:|1657665126
|start
|switch|p1a: Tornadus|Tornadus-Therian, M|100/100
|switch|p2a: Hornadus-Therian|Tornadus-Therian, M|100/100
|turn|1
|inactive|Battle timer is ON: inactive players will automatically lose when time's up. (requested by JooshP)
|
|t:|1657665148
|move|p1a: Tornadus|Knock Off|p2a: Hornadus-Therian
|-damage|p2a: Hornadus-Therian|78/100
|-enditem|p2a: Hornadus-Therian|Assault Vest|[from] move: Knock Off|[of] p1a: Tornadus
|move|p2a: Hornadus-Therian|U-turn|p1a: Tornadus
|-resisted|p1a: Tornadus
|-damage|p1a: Tornadus|91/100
|
|t:|1657665150
|switch|p2a: Ninetales|Ninetales-Alola, F|100/100|[from]move: U-turn
|-weather|Hail|[from] ability: Snow Warning|[of] p2a: Ninetales
|
|-weather|Hail|[upkeep]
|-damage|p1a: Tornadus|85/100|[from] Hail
|upkeep
|turn|2
|
|t:|1657665178
|switch|p2a: TIMED JESUS|Arctozolt, shiny|100/100
|move|p1a: Tornadus|Knock Off|p2a: TIMED JESUS
|-damage|p2a: TIMED JESUS|77/100
|-enditem|p2a: TIMED JESUS|Leftovers|[from] move: Knock Off|[of] p1a: Tornadus
|
|-weather|Hail|[upkeep]
|-damage|p1a: Tornadus|79/100|[from] Hail
|upkeep
|turn|3
|
|t:|1657665189
|move|p2a: TIMED JESUS|Bolt Beak|p1a: Tornadus
|-supereffective|p1a: Tornadus
|-damage|p1a: Tornadus|0 fnt
|faint|p1a: Tornadus
|
|-weather|Hail|[upkeep]
|upkeep
|
|t:|1657665192
|switch|p1a: Blacephalon|Blacephalon|100/100
|turn|4
|
|t:|1657665198
|switch|p2a: Hornadus-Therian|Tornadus-Therian, M|100/100
|move|p1a: Blacephalon|Flamethrower|p2a: Hornadus-Therian
|-damage|p2a: Hornadus-Therian|65/100
|
|-weather|Hail|[upkeep]
|-damage|p1a: Blacephalon|94/100|[from] Hail
|-damage|p2a: Hornadus-Therian|59/100|[from] Hail
|upkeep
|turn|5
|
|t:|1657665203
|switch|p1a: Garchomp|Garchomp, M|100/100
|move|p2a: Hornadus-Therian|U-turn|p1a: Garchomp
|-damage|p1a: Garchomp|83/100
|-damage|p2a: Hornadus-Therian|46/100|[from] ability: Rough Skin|[of] p1a: Garchomp
|
|t:|1657665214
|switch|p2a: JESUS TIME|Arctovish, shiny|100/100|[from]move: U-turn
|
|-weather|Hail|[upkeep]
|-damage|p1a: Garchomp|77/100|[from] Hail
|-heal|p1a: Garchomp|83/100|[from] item: Leftovers
|upkeep
|turn|6
|
|t:|1657665227
|switch|p1a: Gyarados|Gyarados, F|100/100
|-ability|p1a: Gyarados|Intimidate|boost
|-unboost|p2a: JESUS TIME|atk|1
|move|p2a: JESUS TIME|Fishious Rend|p1a: Gyarados
|-resisted|p1a: Gyarados
|-damage|p1a: Gyarados|53/100
|
|-weather|Hail|[upkeep]
|-damage|p1a: Gyarados|47/100|[from] Hail
|upkeep
|turn|7
|
|t:|1657665235
|switch|p1a: Skarmory|Skarmory, F|100/100
|move|p2a: JESUS TIME|Fishious Rend|p1a: Skarmory
|-damage|p1a: Skarmory|53/100
|-damage|p2a: JESUS TIME|84/100|[from] item: Rocky Helmet|[of] p1a: Skarmory
|
|-weather|Hail|[upkeep]
|-damage|p1a: Skarmory|47/100|[from] Hail
|upkeep
|turn|8
|
|t:|1657665238
|switch|p1a: Gyarados|Gyarados, F|47/100
|-ability|p1a: Gyarados|Intimidate|boost
|-unboost|p2a: JESUS TIME|atk|1
|move|p2a: JESUS TIME|Fishious Rend|p1a: Gyarados
|-resisted|p1a: Gyarados
|-damage|p1a: Gyarados|13/100
|
|-weather|none
|upkeep
|turn|9
|
|t:|1657665243
|switch|p2a: Ninetales|Ninetales-Alola, F|100/100
|-weather|Hail|[from] ability: Snow Warning|[of] p2a: Ninetales
|move|p1a: Gyarados|Dragon Dance|p1a: Gyarados
|-boost|p1a: Gyarados|atk|1
|-boost|p1a: Gyarados|spe|1
|
|-weather|Hail|[upkeep]
|-damage|p1a: Gyarados|7/100|[from] Hail
|upkeep
|turn|10
|
|t:|1657665250
|switch|p2a: Zapdos|Zapdos|100/100
|move|p1a: Gyarados|Power Whip|p2a: Zapdos
|-resisted|p2a: Zapdos
|-damage|p2a: Zapdos|79/100
|
|-weather|Hail|[upkeep]
|-damage|p1a: Gyarados|1/100|[from] Hail
|-damage|p2a: Zapdos|73/100|[from] Hail
|upkeep
|turn|11
|
|t:|1657665258
|move|p1a: Gyarados|Waterfall|p2a: Zapdos
|-damage|p2a: Zapdos|31/100
|move|p2a: Zapdos|Roost|p2a: Zapdos
|-heal|p2a: Zapdos|81/100
|-singleturn|p2a: Zapdos|move: Roost
|
|-weather|Hail|[upkeep]
|-damage|p1a: Gyarados|0 fnt|[from] Hail
|-damage|p2a: Zapdos|75/100|[from] Hail
|faint|p1a: Gyarados
|upkeep
|
|t:|1657665276
|switch|p1a: Garchomp|Garchomp, M|83/100
|turn|12
|
|t:|1657665285
|switch|p2a: Gastrodon|Gastrodon-East, F|100/100
|move|p1a: Garchomp|Stone Edge|p2a: Gastrodon
|-resisted|p2a: Gastrodon
|-damage|p2a: Gastrodon|88/100
|
|-weather|Hail|[upkeep]
|-damage|p1a: Garchomp|77/100|[from] Hail
|-damage|p2a: Gastrodon|82/100|[from] Hail
|-heal|p1a: Garchomp|83/100|[from] item: Leftovers
|upkeep
|turn|13
|
|t:|1657665288
|move|p1a: Garchomp|Stealth Rock|p2a: Gastrodon
|-sidestart|p2: juicepar|move: Stealth Rock
|move|p2a: Gastrodon|Stockpile|p2a: Gastrodon
|-start|p2a: Gastrodon|stockpile1
|-boost|p2a: Gastrodon|def|1
|-boost|p2a: Gastrodon|spd|1
|
|-weather|Hail|[upkeep]
|-damage|p1a: Garchomp|77/100|[from] Hail
|-damage|p2a: Gastrodon|76/100|[from] Hail
|-heal|p1a: Garchomp|83/100|[from] item: Leftovers
|upkeep
|turn|14
|
|t:|1657665293
|move|p1a: Garchomp|Swords Dance|p1a: Garchomp
|-boost|p1a: Garchomp|atk|2
|move|p2a: Gastrodon|Toxic|p1a: Garchomp
|-status|p1a: Garchomp|tox
|
|-weather|Hail|[upkeep]
|-damage|p1a: Garchomp|77/100 tox|[from] Hail
|-damage|p2a: Gastrodon|70/100|[from] Hail
|-heal|p1a: Garchomp|83/100 tox|[from] item: Leftovers
|-damage|p1a: Garchomp|77/100 tox|[from] psn
|upkeep
|turn|15
|
|t:|1657665294
|move|p1a: Garchomp|Earthquake|p2a: Gastrodon
|-damage|p2a: Gastrodon|16/100
|move|p2a: Gastrodon|Stockpile|p2a: Gastrodon
|-start|p2a: Gastrodon|stockpile2
|-boost|p2a: Gastrodon|def|1
|-boost|p2a: Gastrodon|spd|1
|
|-weather|Hail|[upkeep]
|-damage|p1a: Garchomp|71/100 tox|[from] Hail
|-damage|p2a: Gastrodon|10/100|[from] Hail
|-heal|p1a: Garchomp|77/100 tox|[from] item: Leftovers
|-damage|p1a: Garchomp|65/100 tox|[from] psn
|upkeep
|turn|16
|
|t:|1657665299
|switch|p2a: Zapdos|Zapdos|75/100
|move|p1a: Garchomp|Stone Edge|p2a: Zapdos
|-supereffective|p2a: Zapdos
|-damage|p2a: Zapdos|0 fnt
|faint|p2a: Zapdos
|
|-weather|none
|-heal|p1a: Garchomp|71/100 tox|[from] item: Leftovers
|-damage|p1a: Garchomp|53/100 tox|[from] psn
|upkeep
|
|t:|1657665304
|switch|p2a: Ninetales|Ninetales-Alola, F|100/100
|-damage|p2a: Ninetales|76/100|[from] Stealth Rock
|-weather|Hail|[from] ability: Snow Warning|[of] p2a: Ninetales
|turn|17
|
|t:|1657665309
|switch|p1a: Slowking|Slowking-Galar, M|100/100
|move|p2a: Ninetales|Ice Shard|p1a: Slowking
|-damage|p1a: Slowking|91/100
|
|-weather|Hail|[upkeep]
|-damage|p1a: Slowking|85/100|[from] Hail
|upkeep
|turn|18
|
|t:|1657665316
|switch|p2a: JESUS TIME|Arctovish, shiny|84/100
|-damage|p2a: JESUS TIME|59/100|[from] Stealth Rock
|move|p1a: Slowking|Future Sight|p2a: JESUS TIME
|-start|p1a: Slowking|move: Future Sight
|
|-weather|Hail|[upkeep]
|-damage|p1a: Slowking|78/100|[from] Hail
|upkeep
|turn|19
|
|t:|1657665322
|switch|p1a: Skarmory|Skarmory, F|47/100
|move|p2a: JESUS TIME|Fishious Rend|p1a: Skarmory
|-damage|p1a: Skarmory|0 fnt
|-damage|p2a: JESUS TIME|43/100|[from] item: Rocky Helmet|[of] p1a: Skarmory
|faint|p1a: Skarmory
|
|-weather|Hail|[upkeep]
|upkeep
|
|t:|1657665326
|switch|p1a: Blacephalon|Blacephalon|94/100
|turn|20
|inactive|juicepar has 120 seconds left.
|
|t:|1657665358
|move|p1a: Blacephalon|Shadow Ball|p2a: JESUS TIME
|-damage|p2a: JESUS TIME|0 fnt
|faint|p2a: JESUS TIME
|-ability|p1a: Blacephalon|Beast Boost|boost
|-boost|p1a: Blacephalon|spa|1
|
|-weather|Hail|[upkeep]
|-damage|p1a: Blacephalon|88/100|[from] Hail
|-hint|Future Sight did not hit because the target is fainted.
|upkeep
|
|t:|1657665361
|switch|p2a: Hornadus-Therian|Tornadus-Therian, M|79/100
|-damage|p2a: Hornadus-Therian|54/100|[from] Stealth Rock
|turn|21
|
|t:|1657665364
|move|p1a: Blacephalon|Shadow Ball|p2a: Hornadus-Therian
|-damage|p2a: Hornadus-Therian|1/100
|move|p2a: Hornadus-Therian|Knock Off|p1a: Blacephalon
|-supereffective|p1a: Blacephalon
|-crit|p1a: Blacephalon
|-damage|p1a: Blacephalon|0 fnt
|-enditem|p1a: Blacephalon|Choice Scarf|[from] move: Knock Off|[of] p2a: Hornadus-Therian
|faint|p1a: Blacephalon
|
|-weather|Hail|[upkeep]
|-damage|p2a: Hornadus-Therian|0 fnt|[from] Hail
|faint|p2a: Hornadus-Therian
|upkeep
|
|t:|1657665373
|switch|p1a: Slowking|Slowking-Galar, M|100/100
|switch|p2a: TIMED JESUS|Arctozolt, shiny|77/100
|-damage|p2a: TIMED JESUS|52/100|[from] Stealth Rock
|turn|22
|
|t:|1657665379
|move|p2a: TIMED JESUS|Bolt Beak|p1a: Slowking
|-damage|p1a: Slowking|31/100
|move|p1a: Slowking|Sludge Bomb|p2a: TIMED JESUS
|-damage|p2a: TIMED JESUS|0 fnt
|faint|p2a: TIMED JESUS
|
|-weather|Hail|[upkeep]
|-damage|p1a: Slowking|25/100|[from] Hail
|upkeep
|
|t:|1657665384
|switch|p2a: Gastrodon|Gastrodon-East, F|10/100
|-damage|p2a: Gastrodon|4/100|[from] Stealth Rock
|turn|23
|
|t:|1657665389
|switch|p1a: Garchomp|Garchomp, M|53/100 tox
|move|p2a: Gastrodon|Recover|p2a: Gastrodon
|-heal|p2a: Gastrodon|54/100
|
|-weather|Hail|[upkeep]
|-damage|p1a: Garchomp|46/100 tox|[from] Hail
|-damage|p2a: Gastrodon|48/100|[from] Hail
|-heal|p1a: Garchomp|53/100 tox|[from] item: Leftovers
|-damage|p1a: Garchomp|46/100 tox|[from] psn
|upkeep
|turn|24
|
|t:|1657665390
|move|p1a: Garchomp|Earthquake|p2a: Gastrodon
|-damage|p2a: Gastrodon|8/100
|move|p2a: Gastrodon|Recover|p2a: Gastrodon
|-heal|p2a: Gastrodon|58/100
|
|-weather|none
|-heal|p1a: Garchomp|53/100 tox|[from] item: Leftovers
|-damage|p1a: Garchomp|40/100 tox|[from] psn
|upkeep
|turn|25
|
|t:|1657665392
|move|p1a: Garchomp|Earthquake|p2a: Gastrodon
|-damage|p2a: Gastrodon|22/100
|move|p2a: Gastrodon|Recover|p2a: Gastrodon
|-heal|p2a: Gastrodon|72/100
|
|-heal|p1a: Garchomp|46/100 tox|[from] item: Leftovers
|-damage|p1a: Garchomp|28/100 tox|[from] psn
|upkeep
|turn|26
|
|t:|1657665394
|move|p1a: Garchomp|Swords Dance|p1a: Garchomp
|-boost|p1a: Garchomp|atk|2
|move|p2a: Gastrodon|Recover|p2a: Gastrodon
|-heal|p2a: Gastrodon|100/100
|
|-heal|p1a: Garchomp|34/100 tox|[from] item: Leftovers
|-damage|p1a: Garchomp|9/100 tox|[from] psn
|upkeep
|turn|27
|
|t:|1657665396
|move|p1a: Garchomp|Earthquake|p2a: Gastrodon
|-damage|p2a: Gastrodon|18/100
|move|p2a: Gastrodon|Recover|p2a: Gastrodon
|-heal|p2a: Gastrodon|68/100
|
|-heal|p1a: Garchomp|16/100 tox|[from] item: Leftovers
|-damage|p1a: Garchomp|0 fnt|[from] psn
|faint|p1a: Garchomp
|upkeep
|
|t:|1657665398
|switch|p1a: Slowking|Slowking-Galar, M|58/100
|turn|28
|
|t:|1657665400
|move|p2a: Gastrodon|Recover|p2a: Gastrodon
|-heal|p2a: Gastrodon|100/100
|move|p1a: Slowking|Sludge Bomb|p2a: Gastrodon
|-resisted|p2a: Gastrodon
|-damage|p2a: Gastrodon|81/100
|
|upkeep
|turn|29
|
|t:|1657665402
|move|p2a: Gastrodon|Stockpile|p2a: Gastrodon
|-start|p2a: Gastrodon|stockpile1
|-boost|p2a: Gastrodon|def|1
|-boost|p2a: Gastrodon|spd|1
|move|p1a: Slowking|Future Sight|p2a: Gastrodon
|-start|p1a: Slowking|move: Future Sight
|
|upkeep
|turn|30
|
|t:|1657665403
|move|p2a: Gastrodon|Earthquake|p1a: Slowking
|-supereffective|p1a: Slowking
|-damage|p1a: Slowking|0 fnt
|faint|p1a: Slowking
|
|win|juicepar
|raw|JooshP's rating: 1655 &rarr; <strong>1636</strong><br />(-19 for losing)
|raw|juicepar's rating: 1667 &rarr; <strong>1686</strong><br />(+19 for winning)
|l|☆JooshP
|c|☆juicepar|wooo
||Ladder isn't responding, score probably updated but might not have (Request timeout).
