|j|☆beastyj157
|j|☆IIIodyne
|inactive|Battle timer is ON: inactive players will automatically lose when time's up.
|t:|1647890347
|gametype|singles
|player|p1|beastyj157|skierf|
|player|p2|IIIodyne|1|
|teamsize|p1|6
|teamsize|p2|6
|gen|8
|tier|[Gen 8] OU
|rated|Tournament battle
|rule|Sleep Clause Mod: Limit one foe put to sleep
|rule|Species Clause: Limit one of each Pokémon
|rule|OHKO Clause: OHKO moves are banned
|rule|Evasion Moves Clause: Evasion moves are banned
|rule|Endless Battle Clause: Forcing endless battles is banned
|rule|HP Percentage Mod: HP is shown in percentages
|rule|Dynamax Clause: You cannot dynamax
|clearpoke
|poke|p1|Landorus-Therian, M|
|poke|p1|Dragapult, M|
|poke|p1|Ferrothorn, F|
|poke|p1|Urshifu-*, F|
|poke|p1|Weavile, M|
|poke|p1|Heatran, M|
|poke|p2|Snorlax, F|
|poke|p2|Suicune|
|poke|p2|Melmetal|
|poke|p2|Victini|
|poke|p2|Landorus-Therian, M|
|poke|p2|Zapdos|
|teampreview
|inactive|beastyj157 also wants the timer to be on.
|j| SubmergedWater
|j| fruityiscool423
|c|☆beastyj157|oh hell no
|inactive|beastyj157 has 120 seconds left.
|inactive|IIIodyne has 120 seconds left.
|c|☆beastyj157|what does suicune run
|c|☆IIIodyne|hf
|c| fruityiscool423|sub cm scald tect
|c|☆beastyj157|u2
|c|☆beastyj157|ik it prob drops protect
|inactive|beastyj157 has 90 seconds left.
|inactive|IIIodyne has 90 seconds left.
|c| fruityiscool423|or
|
|t:|1647890415
|start
|switch|p1a: Urshifu|Urshifu-Rapid-Strike, F|100/100
|switch|p2a: Victini|Victini|100/100
|turn|1
|c| fruityiscool423|rest cm scald sub
|c| fruityiscool423|or cm scald sub ice beam
|
|t:|1647890428
|switch|p2a: Suicune|Suicune|100/100
|-ability|p2a: Suicune|Pressure
|move|p1a: Urshifu|Surging Strikes|p2a: Suicune
|-resisted|p2a: Suicune
|-crit|p2a: Suicune
|-damage|p2a: Suicune|92/100
|-resisted|p2a: Suicune
|-crit|p2a: Suicune
|-damage|p2a: Suicune|84/100
|-resisted|p2a: Suicune
|-crit|p2a: Suicune
|-damage|p2a: Suicune|75/100
|-hitcount|p2a: Suicune|3
|
|-heal|p2a: Suicune|82/100|[from] item: Leftovers
|upkeep
|turn|2
|
|t:|1647890439
|switch|p1a: Ferrothorn|Ferrothorn, F|100/100
|move|p2a: Suicune|Scald|p1a: Ferrothorn
|-resisted|p1a: Ferrothorn
|-crit|p1a: Ferrothorn
|-damage|p1a: Ferrothorn|85/100
|-status|p1a: Ferrothorn|brn
|
|-heal|p2a: Suicune|88/100|[from] item: Leftovers
|-heal|p1a: Ferrothorn|91/100 brn|[from] item: Leftovers
|-damage|p1a: Ferrothorn|85/100 brn|[from] brn
|upkeep
|turn|3
|c| fruityiscool423|ok it's over
|
|t:|1647890444
|switch|p2a: Zapdos|Zapdos|100/100
|move|p1a: Ferrothorn|Power Whip|p2a: Zapdos
|-resisted|p2a: Zapdos
|-damage|p2a: Zapdos|91/100
|
|-heal|p1a: Ferrothorn|91/100 brn|[from] item: Leftovers
|-damage|p1a: Ferrothorn|85/100 brn|[from] brn
|upkeep
|turn|4
|c|☆beastyj157|yep
|
|t:|1647890454
|switch|p1a: Landorus|Landorus-Therian, M|100/100
|-ability|p1a: Landorus|Intimidate|boost
|-unboost|p2a: Zapdos|atk|1
|move|p2a: Zapdos|Volt Switch|p1a: Landorus
|-immune|p1a: Landorus
|
|upkeep
|turn|5
|c|☆beastyj157|no chance im winning
|c|☆beastyj157|unless urshifu goes in
|
|t:|1647890475
|move|p2a: Zapdos|Heat Wave|p1a: Landorus
|-damage|p1a: Landorus|74/100
|move|p1a: Landorus|Stealth Rock|p2a: Zapdos
|-sidestart|p2: IIIodyne|move: Stealth Rock
|
|-heal|p1a: Landorus|80/100|[from] item: Leftovers
|upkeep
|turn|6
|
|t:|1647890479
|move|p2a: Zapdos|Defog|p1a: Landorus
|-unboost|p1a: Landorus|evasion|1
|-sideend|p2: IIIodyne|Stealth Rock|[from] move: Defog|[of] p2a: Zapdos
|move|p1a: Landorus|U-turn|p2a: Zapdos
|-resisted|p2a: Zapdos
|-damage|p2a: Zapdos|78/100
|j| Homicidal Santa
|j|%htcl (>◡<)
|
|t:|1647890486
|switch|p1a: Heatran|Heatran, M|100/100|[from]move: U-turn
|
|upkeep
|turn|7
|
|t:|1647890492
|move|p2a: Zapdos|Volt Switch|p1a: Heatran
|-crit|p1a: Heatran
|-damage|p1a: Heatran|62/100
|
|t:|1647890495
|switch|p2a: Snorlax|Snorlax, F|100/100|[from]move: Volt Switch
|move|p1a: Heatran|Toxic|p2a: Snorlax
|-status|p2a: Snorlax|tox
|
|-heal|p1a: Heatran|68/100|[from] item: Leftovers
|-damage|p2a: Snorlax|94/100 tox|[from] psn
|upkeep
|turn|8
|c| Homicidal Santa|this is getting good
|c|☆beastyj157|what is?
|c| Homicidal Santa|dee z nutz
|c| Homicidal Santa|hah got em
|c|☆beastyj157|AHAHAHAHAHAHA ._.
|
|t:|1647890521
|switch|p1a: Ferrothorn|Ferrothorn, F|85/100 brn
|switch|p2a: Victini|Victini|100/100
|
|-heal|p1a: Ferrothorn|91/100 brn|[from] item: Leftovers
|-damage|p1a: Ferrothorn|85/100 brn|[from] brn
|upkeep
|turn|9
|c| Homicidal Santa|yea i just had to say that
|
|t:|1647890541
|switch|p1a: Heatran|Heatran, M|68/100
|move|p2a: Victini|U-turn|p1a: Heatran
|-resisted|p1a: Heatran
|-damage|p1a: Heatran|62/100
|
|t:|1647890544
|switch|p2a: Landorus|Landorus-Therian, M|100/100|[from]move: U-turn
|-ability|p2a: Landorus|Intimidate|boost
|-unboost|p1a: Heatran|atk|1
|
|-heal|p1a: Heatran|68/100|[from] item: Leftovers
|upkeep
|turn|10
|
|t:|1647890556
|switch|p1a: Ferrothorn|Ferrothorn, F|85/100 brn
|move|p2a: Landorus|Knock Off|p1a: Ferrothorn
|-damage|p1a: Ferrothorn|65/100 brn
|-damage|p2a: Landorus|88/100|[from] ability: Iron Barbs|[of] p1a: Ferrothorn
|-enditem|p1a: Ferrothorn|Leftovers|[from] move: Knock Off|[of] p2a: Landorus
|
|-damage|p1a: Ferrothorn|58/100 brn|[from] brn
|upkeep
|turn|11
|
|t:|1647890571
|switch|p2a: Zapdos|Zapdos|78/100
|move|p1a: Ferrothorn|Spikes|p2a: Zapdos
|-sidestart|p2: IIIodyne|Spikes
|
|-damage|p1a: Ferrothorn|52/100 brn|[from] brn
|upkeep
|turn|12
|
|t:|1647890578
|switch|p1a: Heatran|Heatran, M|68/100
|move|p2a: Zapdos|Defog|p1a: Heatran
|-unboost|p1a: Heatran|evasion|1
|-sideend|p2: IIIodyne|Spikes|[from] move: Defog|[of] p2a: Zapdos
|
|-heal|p1a: Heatran|75/100|[from] item: Leftovers
|upkeep
|turn|13
|c| Homicidal Santa|after this you in finals
|c| Homicidal Santa|just sayin
|
|t:|1647890586
|move|p2a: Zapdos|Volt Switch|p1a: Heatran
|-damage|p1a: Heatran|49/100
|c|☆beastyj157|k
|j| Mikirae
|c|☆beastyj157|ill bring a meme team IF i win
|
|t:|1647890608
|switch|p2a: Suicune|Suicune|88/100|[from]move: Volt Switch
|-ability|p2a: Suicune|Pressure
|move|p1a: Heatran|Magma Storm|p2a: Suicune
|-resisted|p2a: Suicune
|-damage|p2a: Suicune|71/100
|-activate|p2a: Suicune|move: Magma Storm|[of] p1a: Heatran
|
|-heal|p2a: Suicune|77/100|[from] item: Leftovers
|-heal|p1a: Heatran|55/100|[from] item: Leftovers
|-damage|p2a: Suicune|64/100|[from] move: Magma Storm|[partiallytrapped]
|upkeep
|turn|14
|
|t:|1647890615
|switch|p1a: pult>ou|Dragapult, M|100/100
|move|p2a: Suicune|Scald|p1a: pult>ou
|-resisted|p1a: pult>ou
|-damage|p1a: pult>ou|83/100
|
|-heal|p2a: Suicune|71/100|[from] item: Leftovers
|-end|p2a: Suicune|Magma Storm|[partiallytrapped]|[silent]
|upkeep
|turn|15
|
|t:|1647890621
|switch|p2a: Snorlax|Snorlax, F|94/100 tox
|move|p1a: pult>ou|U-turn|p2a: Snorlax
|-damage|p2a: Snorlax|80/100 tox
|
|t:|1647890623
|switch|p1a: Urshifu|Urshifu-Rapid-Strike, F|100/100|[from]move: U-turn
|
|-heal|p2a: Snorlax|86/100 tox|[from] item: Leftovers
|-damage|p2a: Snorlax|80/100 tox|[from] psn
|upkeep
|turn|16
|
|t:|1647890629
|switch|p2a: Zapdos|Zapdos|78/100
|move|p1a: Urshifu|Surging Strikes|p2a: Zapdos
|-crit|p2a: Zapdos
|-damage|p2a: Zapdos|45/100
|-crit|p2a: Zapdos
|-damage|p2a: Zapdos|10/100
|-crit|p2a: Zapdos
|-damage|p2a: Zapdos|0 fnt
|-status|p1a: Urshifu|par|[from] ability: Static|[of] p2a: Zapdos
|faint|p2a: Zapdos
|-hitcount|p2: Zapdos|3
|
|upkeep
|c| Homicidal Santa|man this a whole ass party in here
|c|☆beastyj157|wdym
|
|t:|1647890638
|switch|p2a: Victini|Victini|100/100
|turn|17
|
|t:|1647890641
|move|p2a: Victini|Bolt Strike|p1a: Urshifu|[miss]
|-miss|p2a: Victini|p1a: Urshifu
|move|p1a: Urshifu|Surging Strikes|p2a: Victini
|-supereffective|p2a: Victini
|-crit|p2a: Victini
|-damage|p2a: Victini|42/100
|-supereffective|p2a: Victini
|-crit|p2a: Victini
|-damage|p2a: Victini|0 fnt
|faint|p2a: Victini
|-hitcount|p2: Victini|2
|
|upkeep
|c|☆IIIodyne|ok
|c|☆beastyj157|RIP
|c| Homicidal Santa|7 people
|
|t:|1647890649
|switch|p2a: Melmetal|Melmetal|100/100
|turn|18
|c| Homicidal Santa|thats a big number for my brain
|c|☆beastyj157|252 Atk Victini Bolt Strike vs. 0 HP / 4 Def Urshifu-Rapid-Strike: 236-278 (69.2 - 81.5%) -- guaranteed 2HKO
|c|☆beastyj157|thats why i stayed in
|inactive|beastyj157 has 120 seconds left.
|c|☆IIIodyne|its band
|c|☆IIIodyne|ohko
|c|☆beastyj157|oh
|c|☆beastyj157|ye
|
|t:|1647890701
|switch|p2a: Suicune|Suicune|71/100
|-ability|p2a: Suicune|Pressure
|move|p1a: Urshifu|Surging Strikes|p2a: Suicune
|-resisted|p2a: Suicune
|-crit|p2a: Suicune
|-damage|p2a: Suicune|62/100
|-resisted|p2a: Suicune
|-crit|p2a: Suicune
|-damage|p2a: Suicune|53/100
|-resisted|p2a: Suicune
|-crit|p2a: Suicune
|-damage|p2a: Suicune|45/100
|-hitcount|p2a: Suicune|3
|
|-heal|p2a: Suicune|51/100|[from] item: Leftovers
|upkeep
|turn|19
|c|☆IIIodyne|that 5% miss tho
|inactive|IIIodyne has 120 seconds left.
|c|☆beastyj157|its 85 is it not
|
|t:|1647890738
|switch|p1a: pult>ou|Dragapult, M|83/100
|move|p2a: Suicune|Rest|p2a: Suicune
|-status|p2a: Suicune|slp|[from] move: Rest
|-heal|p2a: Suicune|100/100 slp|[silent]
|
|upkeep
|turn|20
|c|☆beastyj157|!dt bolt strike
|raw|<ul class="utilichart"><li class="result"><span class="col movenamecol"><a href="https://dex.pokemonshowdown.com/moves/boltstrike">Bolt Strike</a></span> <span class="col typecol"><img src="//play.pokemonshowdown.com/sprites/types/Electric.png" alt="Electric" width="32" height="14"><img src="//play.pokemonshowdown.com/sprites/categories/Physical.png" alt="Physical" width="32" height="14"></span> <span class="col labelcol"><em>Power</em><br>130</span> <span class="col widelabelcol"><em>Accuracy</em><br>85%</span> <span class="col pplabelcol"><em>PP</em><br>8</span> <span class="col movedesccol">20% chance to paralyze the target.</span> </li><li style="clear:both"></li></ul>
|raw|<font size="1"><font color="#686868">Priority:</font> 0&nbsp;|&ThickSpace;<font color="#686868">Gen:</font> 5&nbsp;|&ThickSpace;&#10003; Secondary effect&nbsp;|&ThickSpace;&#10003; Contact&nbsp;|&ThickSpace;<font color="#686868">Z-Power:</font> 195&nbsp;|&ThickSpace;<font color="#686868">Dynamax Power:</font> 140&nbsp;|&ThickSpace;<font color="#686868">Target:</font> One Adjacent Pokémon</font>

|c|☆IIIodyne|time 1.1
|inactive|IIIodyne has 120 seconds left.
|c|☆beastyj157|ah
|c|☆IIIodyne|!dt victory star
|raw|<ul class="utilichart"><li class="result"><span class="col namecol"><a href="https://dex.pokemonshowdown.com/abilities/victorystar">Victory Star</a></span> <span class="col abilitydesccol">This Pokemon and its allies' moves have their accuracy multiplied by 1.1.</span> </li><li style="clear:both"></li></ul>
|raw|<font size="1"><font color="#686868">Gen:</font> 5</font>

|c|☆beastyj157|ye ik
|c|☆IIIodyne|technically 6.5%
|c|☆IIIodyne|but
|c| Homicidal Santa|im scared of that little monstrosity
|inactive|IIIodyne has 90 seconds left.
|
|t:|1647890779
|switch|p2a: Snorlax|Snorlax, F|80/100 tox
|move|p1a: pult>ou|U-turn|p2a: Snorlax
|-damage|p2a: Snorlax|65/100 tox
|
|t:|1647890782
|switch|p1a: Urshifu|Urshifu-Rapid-Strike, F|100/100 par|[from]move: U-turn
|
|-heal|p2a: Snorlax|71/100 tox|[from] item: Leftovers
|-damage|p2a: Snorlax|65/100 tox|[from] psn
|upkeep
|turn|21
|
|t:|1647890785
|switch|p2a: Suicune|Suicune|100/100 slp
|-ability|p2a: Suicune|Pressure
|move|p1a: Urshifu|Close Combat|p2a: Suicune
|-damage|p2a: Suicune|47/100 slp
|-unboost|p1a: Urshifu|def|1
|-unboost|p1a: Urshifu|spd|1
|
|-heal|p2a: Suicune|53/100 slp|[from] item: Leftovers
|upkeep
|turn|22
|inactive|beastyj157 has 120 seconds left.
|
|t:|1647890792
|switch|p2a: Landorus|Landorus-Therian, M|88/100
|-ability|p2a: Landorus|Intimidate|boost
|-unboost|p1a: Urshifu|atk|1
|switch|p1a: Weavile|Weavile, M|100/100
|-ability|p1a: Weavile|Pressure
|
|upkeep
|turn|23
|
|t:|1647890801
|switch|p2a: Melmetal|Melmetal|100/100
|move|p1a: Weavile|Triple Axel|p2a: Melmetal
|-resisted|p2a: Melmetal
|-damage|p2a: Melmetal|97/100
|-resisted|p2a: Melmetal
|-damage|p2a: Melmetal|91/100
|-resisted|p2a: Melmetal
|-damage|p2a: Melmetal|82/100
|-hitcount|p2a: Melmetal|3
|
|upkeep
|turn|24
|
|t:|1647890809
|switch|p1a: Ferrothorn|Ferrothorn, F|52/100 brn
|move|p2a: Melmetal|Earthquake|p1a: Ferrothorn
|-damage|p1a: Ferrothorn|28/100 brn
|
|-damage|p1a: Ferrothorn|22/100 brn|[from] brn
|upkeep
|turn|25
|j|+Math.y
|
|t:|1647890816
|move|p2a: Melmetal|Earthquake|p1a: Ferrothorn
|-damage|p1a: Ferrothorn|0 fnt
|faint|p1a: Ferrothorn
|
|upkeep
|
|t:|1647890818
|switch|p1a: Heatran|Heatran, M|55/100
|turn|26
|
|t:|1647890823
|switch|p2a: Snorlax|Snorlax, F|65/100 tox
|move|p1a: Heatran|Magma Storm|p2a: Snorlax
|-damage|p2a: Snorlax|56/100 tox
|-activate|p2a: Snorlax|move: Magma Storm|[of] p1a: Heatran
|
|-heal|p1a: Heatran|61/100|[from] item: Leftovers
|-heal|p2a: Snorlax|62/100 tox|[from] item: Leftovers
|-damage|p2a: Snorlax|56/100 tox|[from] psn
|-damage|p2a: Snorlax|44/100 tox|[from] move: Magma Storm|[partiallytrapped]
|upkeep
|turn|27
|c| Homicidal Santa|im prob gonna lose due to some dumb mistake
|c|☆beastyj157|?
|l| fruityiscool423
|c|☆beastyj157|wdym ur going to lose
|c| Homicidal Santa|like choking
|
|t:|1647890845
|switch|p1a: Landorus|Landorus-Therian, M|80/100
|-ability|p1a: Landorus|Intimidate|boost
|-unboost|p2a: Snorlax|atk|1
|move|p2a: Snorlax|Rest|p2a: Snorlax
|-status|p2a: Snorlax|slp|[from] move: Rest
|-heal|p2a: Snorlax|100/100 slp|[silent]
|
|-heal|p1a: Landorus|86/100|[from] item: Leftovers
|-end|p2a: Snorlax|Magma Storm|[partiallytrapped]|[silent]
|upkeep
|turn|28
|c| Homicidal Santa|or something
|
|t:|1647890850
|switch|p2a: Landorus|Landorus-Therian, M|88/100
|-ability|p2a: Landorus|Intimidate|boost
|-unboost|p1a: Landorus|atk|1
|move|p1a: Landorus|U-turn|p2a: Landorus
|-resisted|p2a: Landorus
|-damage|p2a: Landorus|79/100
|
|t:|1647890853
|switch|p1a: Weavile|Weavile, M|100/100|[from]move: U-turn
|-ability|p1a: Weavile|Pressure
|
|upkeep
|turn|29
|
|t:|1647890858
|move|p2a: Landorus|U-turn|p1a: Weavile
|-supereffective|p1a: Weavile
|-damage|p1a: Weavile|8/100
|c|☆beastyj157|ok
|
|t:|1647890867
|switch|p2a: Suicune|Suicune|53/100 slp|[from]move: U-turn
|-ability|p2a: Suicune|Pressure
|move|p1a: Weavile|Knock Off|p2a: Suicune
|-damage|p2a: Suicune|25/100 slp
|-enditem|p2a: Suicune|Leftovers|[from] move: Knock Off|[of] p1a: Weavile
|
|upkeep
|turn|30
|
|t:|1647890878
|switch|p1a: Urshifu|Urshifu-Rapid-Strike, F|100/100 par
|cant|p2a: Suicune|slp
|
|upkeep
|turn|31
|
|t:|1647890881
|cant|p2a: Suicune|slp
|cant|p1a: Urshifu|par
|
|upkeep
|turn|32
|
|t:|1647890885
|-curestatus|p2a: Suicune|slp|[msg]
|move|p2a: Suicune|Rest|p2a: Suicune
|-status|p2a: Suicune|slp|[from] move: Rest
|-heal|p2a: Suicune|100/100 slp|[silent]
|move|p1a: Urshifu|Close Combat|p2a: Suicune
|-damage|p2a: Suicune|47/100 slp
|-unboost|p1a: Urshifu|def|1
|-unboost|p1a: Urshifu|spd|1
|
|upkeep
|turn|33
|
|t:|1647890889
|cant|p2a: Suicune|slp
|cant|p1a: Urshifu|par
|
|upkeep
|turn|34
|c| Homicidal Santa|ill tell you what i choked just the other day and i dont even know how i did it
|
|t:|1647890892
|cant|p2a: Suicune|slp
|move|p1a: Urshifu|Close Combat|p2a: Suicune
|-damage|p2a: Suicune|0 fnt
|-unboost|p1a: Urshifu|def|1
|-unboost|p1a: Urshifu|spd|1
|faint|p2a: Suicune
|
|upkeep
|
|t:|1647890898
|switch|p2a: Landorus|Landorus-Therian, M|79/100
|-ability|p2a: Landorus|Intimidate|boost
|-unboost|p1a: Urshifu|atk|1
|turn|35
|
|t:|1647890902
|switch|p1a: Landorus|Landorus-Therian, M|86/100
|-ability|p1a: Landorus|Intimidate|boost
|-unboost|p2a: Landorus|atk|1
|move|p2a: Landorus|Knock Off|p1a: Landorus
|-damage|p1a: Landorus|61/100
|-enditem|p1a: Landorus|Leftovers|[from] move: Knock Off|[of] p2a: Landorus
|
|upkeep
|turn|36
|c| Homicidal Santa|and i almost choked yesterday against a dude with a quagsire
|inactive|IIIodyne has 120 seconds left.
|
|t:|1647890945
|switch|p2a: Melmetal|Melmetal|82/100
|move|p1a: Landorus|U-turn|p2a: Melmetal
|-resisted|p2a: Melmetal
|-damage|p2a: Melmetal|75/100
|
|t:|1647890950
|switch|p1a: Heatran|Heatran, M|61/100|[from]move: U-turn
|
|-heal|p1a: Heatran|68/100|[from] item: Leftovers
|upkeep
|turn|37
|c|☆beastyj157|dont miss
|
|t:|1647890953
|switch|p2a: Snorlax|Snorlax, F|100/100 slp
|move|p1a: Heatran|Magma Storm|p2a: Snorlax
|-damage|p2a: Snorlax|91/100 slp
|-activate|p2a: Snorlax|move: Magma Storm|[of] p1a: Heatran
|
|-heal|p1a: Heatran|74/100|[from] item: Leftovers
|-heal|p2a: Snorlax|97/100 slp|[from] item: Leftovers
|-damage|p2a: Snorlax|84/100 slp|[from] move: Magma Storm|[partiallytrapped]
|upkeep
|turn|38
|c|☆beastyj157|nvm
|
|t:|1647890959
|switch|p1a: Urshifu|Urshifu-Rapid-Strike, F|100/100 par
|cant|p2a: Snorlax|slp
|
|-heal|p2a: Snorlax|90/100 slp|[from] item: Leftovers
|-end|p2a: Snorlax|Magma Storm|[partiallytrapped]|[silent]
|upkeep
|turn|39
|
|t:|1647890965
|move|p1a: Urshifu|Surging Strikes|p2a: Snorlax
|-crit|p2a: Snorlax
|-damage|p2a: Snorlax|62/100 slp
|-crit|p2a: Snorlax
|-damage|p2a: Snorlax|33/100 slp
|-crit|p2a: Snorlax
|-damage|p2a: Snorlax|5/100 slp
|-hitcount|p2a: Snorlax|3
|cant|p2a: Snorlax|slp
|
|-heal|p2a: Snorlax|11/100 slp|[from] item: Leftovers
|upkeep
|turn|40
|c| Homicidal Santa|goddamn
|
|t:|1647890984
|switch|p2a: Melmetal|Melmetal|75/100
|move|p1a: Urshifu|Surging Strikes|p2a: Melmetal
|-crit|p2a: Melmetal
|-damage|p2a: Melmetal|56/100
|-crit|p2a: Melmetal
|-damage|p2a: Melmetal|39/100
|-crit|p2a: Melmetal
|-damage|p2a: Melmetal|20/100
|-hitcount|p2a: Melmetal|3
|
|upkeep
|turn|41
|
|t:|1647890995
|switch|p1a: Landorus|Landorus-Therian, M|61/100
|-ability|p1a: Landorus|Intimidate|boost
|-unboost|p2a: Melmetal|atk|1
|move|p2a: Melmetal|Earthquake|p1a: Landorus
|-immune|p1a: Landorus
|
|upkeep
|turn|42
|
|t:|1647890999
|move|p1a: Landorus|Earthquake|p2a: Melmetal
|-supereffective|p2a: Melmetal
|-damage|p2a: Melmetal|0 fnt
|faint|p2a: Melmetal
|
|upkeep
|
|t:|1647891001
|switch|p2a: Landorus|Landorus-Therian, M|79/100
|-ability|p2a: Landorus|Intimidate|boost
|-unboost|p1a: Landorus|atk|1
|turn|43
|j| BijouMode
|
|t:|1647891005
|move|p2a: Landorus|Knock Off|p1a: Landorus
|-damage|p1a: Landorus|38/100
|move|p1a: Landorus|Stealth Rock|p2a: Landorus
|-sidestart|p2: IIIodyne|move: Stealth Rock
|
|upkeep
|turn|44
|j| TheNewBrends11@!
|c|☆beastyj157|lax can die to rocks
|
|t:|1647891018
|move|p2a: Landorus|Knock Off|p1a: Landorus
|-damage|p1a: Landorus|13/100
|move|p1a: Landorus|U-turn|p2a: Landorus
|-resisted|p2a: Landorus
|-damage|p2a: Landorus|71/100
|
|t:|1647891021
|switch|p1a: Weavile|Weavile, M|8/100|[from]move: U-turn
|-ability|p1a: Weavile|Pressure
|
|upkeep
|turn|45
|
|t:|1647891024
|move|p2a: Landorus|Knock Off|p1a: Weavile
|-resisted|p1a: Weavile
|-damage|p1a: Weavile|0 fnt
|-enditem|p1a: Weavile|Heavy-Duty Boots|[from] move: Knock Off|[of] p2a: Landorus
|faint|p1a: Weavile
|
|upkeep
|c| BijouMode|why did the champien seif guy forfiet the other game
|c|☆beastyj157|oh ye
|
|t:|1647891030
|switch|p1a: Urshifu|Urshifu-Rapid-Strike, F|100/100 par
|turn|46
|
|t:|1647891037
|move|p1a: Urshifu|Aqua Jet|p2a: Landorus
|-supereffective|p2a: Landorus
|-damage|p2a: Landorus|0 fnt
|faint|p2a: Landorus
|
|upkeep
|c| Homicidal Santa|yea beasty wins this
|c|☆IIIodyne|gg
|c|☆beastyj157|gg
|c|☆IIIodyne|that miss on bolt strike tho
|c| Homicidal Santa|he ran out of thyme
|
|t:|1647891048
|switch|p2a: Snorlax|Snorlax, F|11/100 slp
|-damage|p2a: Snorlax|0 fnt|[from] Stealth Rock
|faint|p2a: Snorlax
|
|win|beastyj157
|n|☆beastyj157|beastyj157
|n|☆IIIodyne|iiiodyne
|n| SubmergedWater|submergedwater
|n| Homicidal Santa|homicidalsanta
|n| htcl (>◡<)|htcl
|n| Mikirae|mikirae
|n|+Math.y|mathy
|n| BijouMode|bijoumode
|n| TheNewBrends11@!|thenewbrends11
|c|☆beastyj157|ok which mon should i use in the finals
|c| Homicidal Santa|welp lets do this
|l|☆IIIodyne
|l| Homicidal Santa
|l| BijouMode
|l|+Math.y
|l| htcl (>◡<)
|l|☆beastyj157
|l| Mikirae
