|j|☆michaelbias
|j|☆A3720
|t:|1648347020
|gametype|singles
|player|p1|michaelbias|101|1567
|player|p2|A3720|1|1585
|teamsize|p1|6
|teamsize|p2|6
|gen|8
|tier|[Gen 8] OU
|rated|
|rule|Sleep Clause Mod: Limit one foe put to sleep
|rule|Species Clause: Limit one of each Pokémon
|rule|OHKO Clause: OHKO moves are banned
|rule|Evasion Moves Clause: Evasion moves are banned
|rule|Endless Battle Clause: Forcing endless battles is banned
|rule|HP Percentage Mod: HP is shown in percentages
|rule|Dynamax Clause: You cannot dynamax
|clearpoke
|poke|p1|Landorus-Therian, M|
|poke|p1|Rotom-Wash|
|poke|p1|Ferrothorn, M|
|poke|p1|Urshifu-*, M|
|poke|p1|Victini|
|poke|p1|Aegislash, F|
|poke|p2|Hydreigon, M|
|poke|p2|Tornadus-Therian, M|
|poke|p2|Weavile, M|
|poke|p2|Heatran, M|
|poke|p2|Landorus-Therian, M|
|poke|p2|Tapu Lele|
|teampreview
|inactive|Battle timer is ON: inactive players will automatically lose when time's up. (requested by michaelbias)
|
|t:|1648347034
|start
|switch|p1a: Rotom|Rotom-Wash|100/100
|switch|p2a: Hydreigon|Hydreigon, M|100/100
|turn|1
|
|t:|1648347041
|switch|p1a: Urshifu|Urshifu-Rapid-Strike, M|100/100
|move|p2a: Hydreigon|Draco Meteor|p1a: Urshifu
|-damage|p1a: Urshifu|0 fnt
|-unboost|p2a: Hydreigon|spa|2
|faint|p1a: Urshifu
|-damage|p2a: Hydreigon|91/100|[from] item: Life Orb
|
|upkeep
|
|t:|1648347051
|switch|p1a: Landorus|Landorus-Therian, M|100/100
|-ability|p1a: Landorus|Intimidate|boost
|-unboost|p2a: Hydreigon|atk|1
|turn|2
|
|t:|1648347058
|switch|p2a: Landorus|Landorus-Therian, M|100/100
|-ability|p2a: Landorus|Intimidate|boost
|-unboost|p1a: Landorus|atk|1
|move|p1a: Landorus|U-turn|p2a: Landorus
|-resisted|p2a: Landorus
|-damage|p2a: Landorus|93/100
|
|t:|1648347068
|switch|p1a: Victini|Victini|100/100|[from]move: U-turn
|
|-heal|p2a: Landorus|99/100|[from] item: Leftovers
|upkeep
|turn|3
|
|t:|1648347075
|move|p1a: Victini|V-create|p2a: Landorus
|-damage|p2a: Landorus|0 fnt
|-unboost|p1a: Victini|spe|1
|-unboost|p1a: Victini|def|1
|-unboost|p1a: Victini|spd|1
|faint|p2a: Landorus
|
|upkeep
|j| Frank Lopez
|j| x90191
|inactive|A3720 has 120 seconds left.
|
|t:|1648347116
|switch|p2a: Heatran|Heatran, M|100/100
|turn|4
|
|t:|1648347121
|switch|p1a: Rotom|Rotom-Wash|100/100
|move|p2a: Heatran|Stealth Rock|p1a: Rotom
|-sidestart|p1: michaelbias|move: Stealth Rock
|
|upkeep
|turn|5
|inactive|A3720 has 120 seconds left.
|
|t:|1648347132
|switch|p2a: Hydreigon|Hydreigon, M|91/100
|move|p1a: Rotom|Trick|p2a: Hydreigon
|-activate|p1a: Rotom|move: Trick|[of] p2a: Hydreigon
|-item|p2a: Hydreigon|Choice Scarf|[from] move: Trick
|-item|p1a: Rotom|Life Orb|[from] move: Trick
|
|upkeep
|turn|6
|j| Celina Dion
|inactive|A3720 has 120 seconds left.
|
|t:|1648347150
|move|p2a: Hydreigon|Dark Pulse|p1a: Rotom
|-damage|p1a: Rotom|48/100
|move|p1a: Rotom|Defog|p2a: Hydreigon
|-unboost|p2a: Hydreigon|evasion|1
|-sideend|p1: michaelbias|Stealth Rock|[from] move: Defog|[of] p1a: Rotom
|
|upkeep
|turn|7
|
|t:|1648347158
|switch|p1a: Ferrothorn|Ferrothorn, M|100/100
|move|p2a: Hydreigon|Dark Pulse|p1a: Ferrothorn
|-damage|p1a: Ferrothorn|66/100
|
|upkeep
|turn|8
|
|t:|1648347168
|move|p2a: Hydreigon|Dark Pulse|p1a: Ferrothorn
|-damage|p1a: Ferrothorn|29/100
|move|p1a: Ferrothorn|Stealth Rock|p2a: Hydreigon
|-sidestart|p2: A3720|move: Stealth Rock
|
|upkeep
|turn|9
|
|t:|1648347175
|switch|p1a: Landorus|Landorus-Therian, M|100/100
|-ability|p1a: Landorus|Intimidate|boost
|-unboost|p2a: Hydreigon|atk|1
|move|p2a: Hydreigon|Dark Pulse|p1a: Landorus
|-damage|p1a: Landorus|50/100
|
|upkeep
|turn|10
|
|t:|1648347183
|move|p2a: Hydreigon|Dark Pulse|p1a: Landorus
|-damage|p1a: Landorus|0 fnt
|faint|p1a: Landorus
|
|upkeep
|-message|michaelbias forfeited.
|
|win|A3720
|raw|michaelbias's rating: 1567 &rarr; <strong>1547</strong><br />(-20 for losing)
|raw|A3720's rating: 1569 &rarr; <strong>1589</strong><br />(+20 for winning)
|l|☆michaelbias
|l| Frank Lopez
||Ladder isn't responding, score probably updated but might not have (Request timeout).
