|j|☆minimax_ai
|j|☆brettfavreinnocent
|t:|1665560643
|gametype|singles
|player|p1|minimax_ai|lusamine-nihilego|1662
|player|p2|brettfavreinnocent|harlequin|1647
|teamsize|p1|6
|teamsize|p2|6
|gen|8
|tier|[Gen 8] OU
|rated|
|rule|Sleep Clause Mod: Limit one foe put to sleep
|rule|Species Clause: Limit one of each Pokémon
|rule|OHKO Clause: OHKO moves are banned
|rule|Evasion Items Clause: Evasion items are banned
|rule|Evasion Moves Clause: Evasion moves are banned
|rule|Endless Battle Clause: Forcing endless battles is banned
|rule|HP Percentage Mod: HP is shown in percentages
|rule|Dynamax Clause: You cannot dynamax
|clearpoke
|poke|p1|Rotom-Wash|
|poke|p1|Weavile, M|
|poke|p1|Landorus-Therian, M|
|poke|p1|Heatran, M|
|poke|p1|Tangrowth, M|
|poke|p1|Melmetal|
|poke|p2|Weavile, M|
|poke|p2|Silvally-*|
|poke|p2|Magnezone|
|poke|p2|Rillaboom, M|
|poke|p2|Landorus-Therian, M|
|poke|p2|Swampert, M|
|teampreview
|inactive|Battle timer is ON: inactive players will automatically lose when time's up. (requested by brettfavreinnocent)
|c|☆minimax_ai|hf
|inactive|minimax_ai also wants the timer to be on.
|
|t:|1665560653
|start
|switch|p1a: landorustherian|Landorus-Therian, M|100/100
|switch|p2a: Swampert|Swampert, M|100/100
|-ability|p1a: landorustherian|Intimidate|boost
|-unboost|p2a: Swampert|atk|1
|turn|1
|
|t:|1665560656
|move|p1a: landorustherian|U-turn|p2a: Swampert
|-damage|p2a: Swampert|82/100
|-damage|p1a: landorustherian|84/100|[from] item: Rocky Helmet|[of] p2a: Swampert
|
|t:|1665560656
|switch|p1a: Tangrowth|Tangrowth, M|100/100|[from]move: U-turn
|move|p2a: Swampert|Stealth Rock|p1a: Tangrowth
|-sidestart|p1: minimax_ai|move: Stealth Rock
|
|upkeep
|turn|2
|j| BOGO Sub
|
|t:|1665560668
|move|p2a: Swampert|Flip Turn|p1a: Tangrowth
|-resisted|p1a: Tangrowth
|-crit|p1a: Tangrowth
|-damage|p1a: Tangrowth|92/100
|-damage|p2a: Swampert|65/100|[from] item: Rocky Helmet|[of] p1a: Tangrowth
|
|t:|1665560670
|switch|p2a: Landorus|Landorus-Therian, M|100/100|[from]move: Flip Turn
|-ability|p2a: Landorus|Intimidate|boost
|-unboost|p1a: Tangrowth|atk|1
|move|p1a: Tangrowth|Sleep Powder|p2a: Landorus
|-status|p2a: Landorus|slp|[from] move: Sleep Powder
|
|upkeep
|turn|3
|
|t:|1665560672
|cant|p2a: Landorus|slp
|move|p1a: Tangrowth|Giga Drain|p2a: Landorus
|-damage|p2a: Landorus|64/100 slp
|-heal|p1a: Tangrowth|100/100|[from] drain|[of] p2a: Landorus
|
|upkeep
|turn|4
|
|t:|1665560676
|-curestatus|p2a: Landorus|slp|[msg]
|move|p2a: Landorus|Swords Dance|p2a: Landorus
|-boost|p2a: Landorus|atk|2
|move|p1a: Tangrowth|Giga Drain|p2a: Landorus
|-crit|p2a: Landorus
|-damage|p2a: Landorus|6/100
|
|upkeep
|turn|5
|
|t:|1665560678
|move|p2a: Landorus|Fly||[still]
|-prepare|p2a: Landorus|Fly
|-enditem|p2a: Landorus|Power Herb
|-anim|p2a: Landorus|Fly|p1a: Tangrowth|[miss]
|-miss|p2a: Landorus|p1a: Tangrowth
|move|p1a: Tangrowth|Knock Off|p2a: Landorus
|-damage|p2a: Landorus|0 fnt
|faint|p2a: Landorus
|
|upkeep
|
|t:|1665560683
|switch|p2a: Weavile|Weavile, M|100/100
|-ability|p2a: Weavile|Pressure
|turn|6
|
|t:|1665560686
|move|p2a: Weavile|Triple Axel|p1a: Tangrowth
|-supereffective|p1a: Tangrowth
|-damage|p1a: Tangrowth|84/100
|-damage|p2a: Weavile|84/100|[from] item: Rocky Helmet|[of] p1a: Tangrowth
|-supereffective|p1a: Tangrowth
|-damage|p1a: Tangrowth|52/100
|-damage|p2a: Weavile|68/100|[from] item: Rocky Helmet|[of] p1a: Tangrowth
|-hitcount|p1a: Tangrowth|2
|move|p1a: Tangrowth|Focus Blast|p2a: Weavile
|-supereffective|p2a: Weavile
|-damage|p2a: Weavile|0 fnt
|faint|p2a: Weavile
|
|upkeep
|
|t:|1665560704
|switch|p2a: Magnezone|Magnezone|100/100
|turn|7
|
|t:|1665560706
|switch|p1a: Melmetal|Melmetal|100/100
|-damage|p1a: Melmetal|94/100|[from] Stealth Rock
|move|p2a: Magnezone|Thunderbolt|p1a: Melmetal
|-damage|p1a: Melmetal|72/100
|
|upkeep
|turn|8
|
|t:|1665560709
|move|p2a: Magnezone|Iron Defense|p2a: Magnezone
|-boost|p2a: Magnezone|def|2
|move|p1a: Melmetal|Earthquake|p2a: Magnezone
|-supereffective|p2a: Magnezone
|-damage|p2a: Magnezone|46/100
|
|upkeep
|turn|9
|
|t:|1665560711
|move|p2a: Magnezone|Magnet Rise|p2a: Magnezone
|-start|p2a: Magnezone|Magnet Rise
|move|p1a: Melmetal|Earthquake|p2a: Magnezone
|-immune|p2a: Magnezone
|
|upkeep
|turn|10
|
|t:|1665560713
|move|p2a: Magnezone|Iron Defense|p2a: Magnezone
|-boost|p2a: Magnezone|def|2
|move|p1a: Melmetal|Ice Punch|p2a: Magnezone
|-resisted|p2a: Magnezone
|-damage|p2a: Magnezone|42/100
|-status|p2a: Magnezone|frz
|-damage|p1a: Melmetal|55/100|[from] item: Rocky Helmet|[of] p2a: Magnezone
|
|upkeep
|turn|11
|
|t:|1665560715
|cant|p2a: Magnezone|frz
|move|p1a: Melmetal|Earthquake|p2a: Magnezone
|-immune|p2a: Magnezone
|
|upkeep
|turn|12
|
|t:|1665560716
|cant|p2a: Magnezone|frz
|move|p1a: Melmetal|Earthquake|p2a: Magnezone
|-immune|p2a: Magnezone
|
|upkeep
|turn|13
|
|t:|1665560717
|cant|p2a: Magnezone|frz
|move|p1a: Melmetal|Earthquake|p2a: Magnezone
|-immune|p2a: Magnezone
|
|-end|p2a: Magnezone|Magnet Rise
|upkeep
|turn|14
|
|t:|1665560718
|cant|p2a: Magnezone|frz
|move|p1a: Melmetal|Earthquake|p2a: Magnezone
|-supereffective|p2a: Magnezone
|-damage|p2a: Magnezone|2/100 frz
|
|upkeep
|turn|15
|
|t:|1665560720
|-curestatus|p2a: Magnezone|frz|[msg]
|move|p2a: Magnezone|Body Press|p1a: Melmetal
|-supereffective|p1a: Melmetal
|-damage|p1a: Melmetal|0 fnt
|faint|p1a: Melmetal
|
|upkeep
|
|t:|1665560720
|switch|p1a: Tangrowth|Tangrowth, M|86/100
|-damage|p1a: Tangrowth|73/100|[from] Stealth Rock
|turn|16
|
|t:|1665560724
|move|p2a: Magnezone|Body Press|p1a: Tangrowth
|-damage|p1a: Tangrowth|32/100
|-damage|p2a: Magnezone|0 fnt|[from] item: Rocky Helmet|[of] p1a: Tangrowth
|faint|p2a: Magnezone
|move|p1a: Tangrowth|Giga Drain|p2: Magnezone|[notarget]
|-fail|p1a: Tangrowth
|
|upkeep
|
|t:|1665560730
|switch|p2a: Silvally|Silvally-Fairy|100/100
|turn|17
|
|t:|1665560731
|switch|p1a: Heatran|Heatran, M|100/100
|-damage|p1a: Heatran|88/100|[from] Stealth Rock
|-item|p1a: Heatran|Air Balloon
|move|p2a: Silvally|Swords Dance|p2a: Silvally
|-boost|p2a: Silvally|atk|2
|
|upkeep
|turn|18
|
|t:|1665560733
|move|p2a: Silvally|Rock Slide|p1a: Heatran
|-damage|p1a: Heatran|43/100
|-enditem|p1a: Heatran|Air Balloon
|move|p1a: Heatran|Magma Storm|p2a: Silvally
|-damage|p2a: Silvally|43/100
|-activate|p2a: Silvally|move: Magma Storm|[of] p1a: Heatran
|
|-damage|p2a: Silvally|31/100|[from] move: Magma Storm|[partiallytrapped]
|upkeep
|turn|19
|
|t:|1665560738
|move|p2a: Silvally|Rock Slide|p1a: Heatran
|-damage|p1a: Heatran|0 fnt
|faint|p1a: Heatran
|
|-end|p2a: Silvally|Magma Storm|[partiallytrapped]|[silent]
|upkeep
|
|t:|1665560739
|switch|p1a: Weavile|Weavile, M|100/100
|-damage|p1a: Weavile|76/100|[from] Stealth Rock
|-ability|p1a: Weavile|Pressure
|turn|20
|
|t:|1665560743
|switch|p2a: Swampert|Swampert, M|65/100
|move|p1a: Weavile|Triple Axel|p2a: Swampert
|-damage|p2a: Swampert|53/100
|-damage|p1a: Weavile|59/100|[from] item: Rocky Helmet|[of] p2a: Swampert
|-damage|p2a: Swampert|30/100
|-damage|p1a: Weavile|43/100|[from] item: Rocky Helmet|[of] p2a: Swampert
|-damage|p2a: Swampert|0 fnt
|-damage|p1a: Weavile|26/100|[from] item: Rocky Helmet|[of] p2a: Swampert
|faint|p2a: Swampert
|-hitcount|p2: Swampert|3
|
|upkeep
|
|t:|1665560749
|switch|p2a: Rillaboom|Rillaboom, M|100/100
|-fieldstart|move: Grassy Terrain|[from] ability: Grassy Surge|[of] p2a: Rillaboom
|turn|21
|
|t:|1665560751
|move|p1a: Weavile|Triple Axel|p2a: Rillaboom|[miss]
|-miss|p1a: Weavile|p2a: Rillaboom
|move|p2a: Rillaboom|Swords Dance|p2a: Rillaboom
|-boost|p2a: Rillaboom|atk|2
|
|-heal|p1a: Weavile|33/100|[from] Grassy Terrain
|upkeep
|turn|22
|
|t:|1665560754
|move|p2a: Rillaboom|Grassy Glide|p1a: Weavile
|-damage|p1a: Weavile|0 fnt
|faint|p1a: Weavile
|-damage|p2a: Rillaboom|90/100|[from] item: Life Orb
|
|-heal|p2a: Rillaboom|97/100|[from] Grassy Terrain
|upkeep
|
|t:|1665560755
|switch|p1a: landorustherian|Landorus-Therian, M|84/100
|-damage|p1a: landorustherian|72/100|[from] Stealth Rock
|-ability|p1a: landorustherian|Intimidate|boost
|-unboost|p2a: Rillaboom|atk|1
|turn|23
|
|t:|1665560757
|move|p2a: Rillaboom|Grassy Glide|p1a: landorustherian
|-damage|p1a: landorustherian|0 fnt
|faint|p1a: landorustherian
|-damage|p2a: Rillaboom|87/100|[from] item: Life Orb
|
|-heal|p2a: Rillaboom|93/100|[from] Grassy Terrain
|upkeep
|
|t:|1665560757
|switch|p1a: Tangrowth|Tangrowth, M|65/100
|-damage|p1a: Tangrowth|53/100|[from] Stealth Rock
|turn|24
|
|t:|1665560761
|move|p2a: Rillaboom|Knock Off|p1a: Tangrowth
|-damage|p1a: Tangrowth|18/100
|-damage|p2a: Rillaboom|76/100|[from] item: Rocky Helmet|[of] p1a: Tangrowth
|-enditem|p1a: Tangrowth|Rocky Helmet|[from] move: Knock Off|[of] p2a: Rillaboom
|-damage|p2a: Rillaboom|66/100|[from] item: Life Orb
|move|p1a: Tangrowth|Giga Drain|p2a: Rillaboom
|-resisted|p2a: Rillaboom
|-damage|p2a: Rillaboom|44/100
|-heal|p1a: Tangrowth|29/100|[from] drain|[of] p2a: Rillaboom
|
|-heal|p2a: Rillaboom|50/100|[from] Grassy Terrain
|-heal|p1a: Tangrowth|35/100|[from] Grassy Terrain
|upkeep
|turn|25
|
|t:|1665560765
|move|p2a: Rillaboom|Superpower|p1a: Tangrowth
|-damage|p1a: Tangrowth|0 fnt
|-unboost|p2a: Rillaboom|atk|1
|-unboost|p2a: Rillaboom|def|1
|faint|p1a: Tangrowth
|-damage|p2a: Rillaboom|40/100|[from] item: Life Orb
|
|-heal|p2a: Rillaboom|46/100|[from] Grassy Terrain
|-fieldend|move: Grassy Terrain
|upkeep
|
|t:|1665560765
|switch|p1a: rotomwash|Rotom-Wash|100/100
|-damage|p1a: rotomwash|88/100|[from] Stealth Rock
|turn|26
|
|t:|1665560768
|switch|p2a: Silvally|Silvally-Fairy|31/100
|move|p1a: rotomwash|Thunderbolt|p2a: Silvally
|-damage|p2a: Silvally|0 fnt
|faint|p2a: Silvally
|
|-heal|p1a: rotomwash|94/100|[from] item: Leftovers
|upkeep
|
|t:|1665560769
|switch|p2a: Rillaboom|Rillaboom, M|46/100
|-fieldstart|move: Grassy Terrain|[from] ability: Grassy Surge|[of] p2a: Rillaboom
|turn|27
|
|t:|1665560770
|move|p2a: Rillaboom|Grassy Glide|p1a: rotomwash
|-supereffective|p1a: rotomwash
|-damage|p1a: rotomwash|0 fnt
|faint|p1a: rotomwash
|-damage|p2a: Rillaboom|36/100|[from] item: Life Orb
|
|win|brettfavreinnocent
|raw|minimax_ai's rating: 1662 &rarr; <strong>1641</strong><br />(-21 for losing)
|raw|brettfavreinnocent's rating: 1647 &rarr; <strong>1668</strong><br />(+21 for winning)
|c|☆minimax_ai|gg
|l|☆minimax_ai
