|html|<div class="broadcast-blue"><strong>[Gen 8] OU is currently suspecting Zamazenta-Crowned! For information on how to participate check out the <a href="https://www.smogon.com/forums/threads/np-ss-ou-suspect-process-round-10-royals.3681787/">suspect thread</a>.</strong></div>
|j|☆K3oTh
|j|☆ArcanineSquad
|t:|1618305005
|gametype|singles
|player|p1|K3oTh|265|1694
|player|p2|ArcanineSquad|cynthia-gen4|1682
|teamsize|p1|6
|teamsize|p2|6
|gen|8
|tier|[Gen 8] OU
|rated|
|clearpoke
|poke|p1|Kartana|
|poke|p1|Heatran, M|
|poke|p1|Dragapult, M|
|poke|p1|Torkoal, F|
|poke|p1|Venusaur, M|
|poke|p1|Landorus-Therian, M|
|poke|p2|Zamazenta-Crowned|
|poke|p2|Slowbro, F|
|poke|p2|Clefable, F|
|poke|p2|Garchomp, M|
|poke|p2|Corviknight, F|
|poke|p2|Dragapult, F|
|rule|Sleep Clause Mod: Limit one foe put to sleep
|rule|Species Clause: Limit one of each Pokémon
|rule|OHKO Clause: OHKO moves are banned
|rule|Evasion Moves Clause: Evasion moves are banned
|rule|Endless Battle Clause: Forcing endless battles is banned
|rule|HP Percentage Mod: HP is shown in percentages
|rule|Dynamax Clause: You cannot dynamax
|teampreview
|inactive|Battle timer is ON: inactive players will automatically lose when time's up. (requested by ArcanineSquad)
|
|t:|1618305018
|start
|switch|p1a: Dragapult|Dragapult, M|100/100
|switch|p2a: Dragapult|Dragapult, F|100/100
|turn|1
|c|☆ArcanineSquad|Gl hf
|c|☆K3oTh|Gl :)
|
|t:|1618305041
|switch|p2a: Clefable|Clefable, F|100/100
|move|p1a: Dragapult|Draco Meteor|p2a: Clefable
|-immune|p2a: Clefable
|
|upkeep
|turn|2
|j| outk marocmint
|
|t:|1618305049
|switch|p1a: Torkoal|Torkoal, F|100/100
|-weather|SunnyDay|[from] ability: Drought|[of] p1a: Torkoal
|move|p2a: Clefable|Teleport|p2a: Clefable
|
|t:|1618305053
|switch|p2a: Dragapult|Dragapult, F|100/100|[from]move: Teleport
|
|-weather|SunnyDay|[upkeep]
|upkeep
|turn|3
|
|t:|1618305059
|move|p2a: Dragapult|Shadow Ball|p1a: Torkoal
|-damage|p1a: Torkoal|57/100
|move|p1a: Torkoal|Earth Power|p2a: Dragapult
|-damage|p2a: Dragapult|76/100
|
|-weather|SunnyDay|[upkeep]
|upkeep
|turn|4
|inactive|K3oTh has 120 seconds left.
|
|t:|1618305095
|switch|p1a: Landorus|Landorus-Therian, M|100/100
|-ability|p1a: Landorus|Intimidate|boost
|-unboost|p2a: Dragapult|atk|1
|move|p2a: Dragapult|Shadow Ball|p1a: Landorus
|-damage|p1a: Landorus|48/100
|-unboost|p1a: Landorus|spd|1
|
|-weather|SunnyDay|[upkeep]
|upkeep
|turn|5
|inactive|K3oTh has 120 seconds left.
|
|t:|1618305109
|switch|p2a: Slowbro|Slowbro, F|100/100
|move|p1a: Landorus|Earthquake|p2a: Slowbro
|-damage|p2a: Slowbro|72/100
|
|-weather|SunnyDay|[upkeep]
|upkeep
|turn|6
|inactive|K3oTh has 120 seconds left.
|
|t:|1618305116
|move|p1a: Landorus|U-turn|p2a: Slowbro
|-supereffective|p2a: Slowbro
|-damage|p2a: Slowbro|43/100
|-damage|p1a: Landorus|32/100|[from] item: Rocky Helmet|[of] p2a: Slowbro
|j| B∂dger
|inactive|K3oTh has 120 seconds left.
|
|t:|1618305121
|switch|p1a: Venusaur|Venusaur, M|100/100|[from]move: U-turn
|move|p2a: Slowbro|Teleport|p2a: Slowbro
|
|t:|1618305125
|switch|p2a: Dragapult|Dragapult, F|76/100|[from]move: Teleport
|
|-weather|SunnyDay|[upkeep]
|upkeep
|turn|7
|
|t:|1618305131
|move|p1a: Venusaur|Growth|p1a: Venusaur
|-boost|p1a: Venusaur|atk|2
|-boost|p1a: Venusaur|spa|2
|move|p2a: Dragapult|Flamethrower|p1a: Venusaur
|-supereffective|p1a: Venusaur
|-damage|p1a: Venusaur|0 fnt
|faint|p1a: Venusaur
|
|-weather|SunnyDay|[upkeep]
|upkeep
|
|t:|1618305144
|switch|p1a: Kartana|Kartana|100/100
|turn|8
|
|t:|1618305149
|switch|p2a: Slowbro|Slowbro, F|76/100
|move|p1a: Kartana|Knock Off|p2a: Slowbro
|-supereffective|p2a: Slowbro
|-damage|p2a: Slowbro|6/100
|-damage|p1a: Kartana|84/100|[from] item: Rocky Helmet|[of] p2a: Slowbro
|-enditem|p2a: Slowbro|Rocky Helmet|[from] move: Knock Off|[of] p1a: Kartana
|
|-weather|SunnyDay|[upkeep]
|upkeep
|turn|9
|
|t:|1618305159
|switch|p2a: Corviknight|Corviknight, F|100/100
|-ability|p2a: Corviknight|Pressure
|move|p1a: Kartana|Knock Off|p2a: Corviknight
|-damage|p2a: Corviknight|61/100
|-enditem|p2a: Corviknight|Leftovers|[from] move: Knock Off|[of] p1a: Kartana
|
|-weather|none
|upkeep
|turn|10
|
|t:|1618305169
|switch|p1a: Torkoal|Torkoal, F|57/100
|-weather|SunnyDay|[from] ability: Drought|[of] p1a: Torkoal
|move|p2a: Corviknight|U-turn|p1a: Torkoal
|-resisted|p1a: Torkoal
|-damage|p1a: Torkoal|52/100
|
|t:|1618305171
|switch|p2a: Dragapult|Dragapult, F|76/100|[from]move: U-turn
|
|-weather|SunnyDay|[upkeep]
|upkeep
|turn|11
|
|t:|1618305179
|switch|p1a: Landorus|Landorus-Therian, M|32/100
|-ability|p1a: Landorus|Intimidate|boost
|-unboost|p2a: Dragapult|atk|1
|move|p2a: Dragapult|Shadow Ball|p1a: Landorus
|-damage|p1a: Landorus|0 fnt
|faint|p1a: Landorus
|
|-weather|SunnyDay|[upkeep]
|upkeep
|
|t:|1618305193
|switch|p1a: Dragapult|Dragapult, M|100/100
|turn|12
|
|t:|1618305196
|switch|p2a: Clefable|Clefable, F|100/100
|move|p1a: Dragapult|U-turn|p2a: Clefable
|-resisted|p2a: Clefable
|-damage|p2a: Clefable|92/100
|
|t:|1618305203
|switch|p1a: Heatran|Heatran, M|100/100|[from]move: U-turn
|
|-weather|SunnyDay|[upkeep]
|-heal|p2a: Clefable|98/100|[from] item: Leftovers
|upkeep
|turn|13
|
|t:|1618305209
|switch|p2a: Slowbro|Slowbro, F|39/100
|move|p1a: Heatran|Eruption|p2a: Slowbro
|-resisted|p2a: Slowbro
|-damage|p2a: Slowbro|0 fnt
|faint|p2a: Slowbro
|
|-weather|SunnyDay|[upkeep]
|upkeep
|
|t:|1618305214
|switch|p2a: Garchomp|Garchomp, M|100/100
|turn|14
|
|t:|1618305220
|switch|p1a: Kartana|Kartana|84/100
|move|p2a: Garchomp|Earthquake|p1a: Kartana
|-damage|p1a: Kartana|27/100
|
|-weather|SunnyDay|[upkeep]
|upkeep
|turn|15
|c|☆ArcanineSquad|Gg
|
|t:|1618305232
|switch|p2a: Corviknight|Corviknight, F|61/100
|-ability|p2a: Corviknight|Pressure
|move|p1a: Kartana|Sacred Sword|p2a: Corviknight
|-damage|p2a: Corviknight|24/100
|
|-weather|SunnyDay|[upkeep]
|upkeep
|turn|16
|
|t:|1618305246
|switch|p1a: Dragapult|Dragapult, M|100/100
|switch|p2a: Dragapult|Dragapult, F|76/100
|
|-weather|SunnyDay|[upkeep]
|upkeep
|turn|17
|
|t:|1618305257
|switch|p2a: Clefable|Clefable, F|98/100
|move|p1a: Dragapult|Shadow Ball|p2a: Clefable
|-damage|p2a: Clefable|72/100
|
|-weather|none
|-heal|p2a: Clefable|78/100|[from] item: Leftovers
|upkeep
|turn|18
|
|t:|1618305266
|switch|p1a: Torkoal|Torkoal, F|52/100
|-weather|SunnyDay|[from] ability: Drought|[of] p1a: Torkoal
|move|p2a: Clefable|Moonblast|p1a: Torkoal
|-resisted|p1a: Torkoal
|-damage|p1a: Torkoal|39/100
|-unboost|p1a: Torkoal|spa|1
|
|-weather|SunnyDay|[upkeep]
|-heal|p2a: Clefable|85/100|[from] item: Leftovers
|upkeep
|turn|19
|
|t:|1618305278
|move|p2a: Clefable|Wish|p2a: Clefable
|move|p1a: Torkoal|Stealth Rock|p2a: Clefable
|-sidestart|p2: ArcanineSquad|move: Stealth Rock
|
|-weather|SunnyDay|[upkeep]
|-heal|p2a: Clefable|91/100|[from] item: Leftovers
|upkeep
|turn|20
|
|t:|1618305295
|switch|p1a: Heatran|Heatran, M|100/100
|move|p2a: Clefable|Teleport|p2a: Clefable
|
|t:|1618305300
|switch|p2a: Garchomp|Garchomp, M|100/100|[from]move: Teleport
|-damage|p2a: Garchomp|94/100|[from] Stealth Rock
|
|-weather|SunnyDay|[upkeep]
|-heal|p2a: Garchomp|100/100|[from] move: Wish|[wisher] Clefable
|upkeep
|turn|21
|
|t:|1618305309
|move|p1a: Heatran|Solar Beam||[still]
|-prepare|p1a: Heatran|Solar Beam
|-anim|p1a: Heatran|Solar Beam|p2a: Garchomp
|-damage|p2a: Garchomp|48/100
|move|p2a: Garchomp|Earthquake|p1a: Heatran
|-supereffective|p1a: Heatran
|-damage|p1a: Heatran|0 fnt
|faint|p1a: Heatran
|
|-weather|SunnyDay|[upkeep]
|-heal|p2a: Garchomp|54/100|[from] item: Leftovers
|upkeep
|
|t:|1618305323
|switch|p1a: Dragapult|Dragapult, M|100/100
|turn|22
|
|t:|1618305328
|move|p1a: Dragapult|U-turn|p2a: Garchomp
|-damage|p2a: Garchomp|36/100
|-damage|p1a: Dragapult|88/100|[from] ability: Rough Skin|[of] p2a: Garchomp
|
|t:|1618305333
|switch|p1a: Torkoal|Torkoal, F|39/100|[from]move: U-turn
|move|p2a: Garchomp|Earthquake|p1a: Torkoal
|-supereffective|p1a: Torkoal
|-damage|p1a: Torkoal|0 fnt
|faint|p1a: Torkoal
|
|-weather|SunnyDay|[upkeep]
|-heal|p2a: Garchomp|42/100|[from] item: Leftovers
|upkeep
|
|t:|1618305344
|switch|p1a: Kartana|Kartana|27/100
|turn|23
|j| Antiotaku Master
|
|t:|1618305360
|move|p1a: Kartana|Knock Off|p2a: Garchomp
|-damage|p2a: Garchomp|0 fnt
|-damage|p1a: Kartana|15/100|[from] ability: Rough Skin|[of] p2a: Garchomp
|-enditem|p2a: Garchomp|Leftovers|[from] move: Knock Off|[of] p1a: Kartana
|faint|p2a: Garchomp
|-ability|p1a: Kartana|Beast Boost|boost
|-boost|p1a: Kartana|atk|1
|
|-weather|SunnyDay|[upkeep]
|upkeep
|
|t:|1618305364
|switch|p2a: Zamazenta|Zamazenta-Crowned|100/100
|-damage|p2a: Zamazenta|97/100|[from] Stealth Rock
|-ability|p2a: Zamazenta|Dauntless Shield|boost
|-boost|p2a: Zamazenta|def|1
|turn|24
|
|t:|1618305373
|switch|p1a: Dragapult|Dragapult, M|88/100
|move|p2a: Zamazenta|Behemoth Bash|p1a: Dragapult
|-damage|p1a: Dragapult|22/100
|
|-weather|SunnyDay|[upkeep]
|upkeep
|turn|25
|j| i know im horrible
|j| Jevonar
|
|t:|1618305390
|switch|p2a: Clefable|Clefable, F|91/100
|move|p1a: Dragapult|Fire Blast|p2a: Clefable
|-damage|p2a: Clefable|59/100
|
|-weather|none
|-heal|p2a: Clefable|65/100|[from] item: Leftovers
|upkeep
|turn|26
|l| i know im horrible
|-message|K3oTh forfeited.
|
|win|ArcanineSquad
|raw|K3oTh's rating: 1694 &rarr; <strong>1673</strong><br />(-21 for losing)
|raw|ArcanineSquad's rating: 1682 &rarr; <strong>1703</strong><br />(+21 for winning)
|l|☆K3oTh
|l|☆ArcanineSquad
