|j|☆1❆ Coffy
|j|☆Batataplays
|inactive|Battle timer is ON: inactive players will automatically lose when time's up.
|t:|1652054388
|gametype|singles
|player|p1|1❆ Coffy|shauna|
|player|p2|Batataplays|sonia|
|teamsize|p1|6
|teamsize|p2|6
|gen|8
|tier|[Gen 8] OU
|rated|Tournament battle
|rule|Sleep Clause Mod: Limit one foe put to sleep
|rule|Species Clause: Limit one of each Pokémon
|rule|OHKO Clause: OHKO moves are banned
|rule|Evasion Moves Clause: Evasion moves are banned
|rule|Endless Battle Clause: Forcing endless battles is banned
|rule|HP Percentage Mod: HP is shown in percentages
|rule|Dynamax Clause: You cannot dynamax
|clearpoke
|poke|p1|Blissey, F|
|poke|p1|Toxapex, M|
|poke|p1|Latias, F|
|poke|p1|Volcarona, M|
|poke|p1|Mew|
|poke|p1|Dragonite, F|
|poke|p2|Politoed, F|
|poke|p2|Mandibuzz, F|
|poke|p2|Landorus-Therian, M|
|poke|p2|Tapu Lele|
|poke|p2|Kartana|
|poke|p2|Urshifu-*, M|
|teampreview
|inactive|1❆ Coffy also wants the timer to be on.
|j| nyacanm
|inactive|1❆ Coffy has 120 seconds left.
|c|☆1❆ Coffy|oi batata
|l| nyacanm
|c|☆Batataplays|eaaae
|c|☆1❆ Coffy|h fun
|
|t:|1652054438
|start
|switch|p1a: Mew|Mew|100/100
|switch|p2a: Politoed|Politoed, F|100/100
|-weather|RainDance|[from] ability: Drizzle|[of] p2a: Politoed
|turn|1
|c|☆Batataplays|have fun
|
|t:|1652054447
|move|p2a: Politoed|Weather Ball|p1a: Mew
|-damage|p1a: Mew|39/100
|move|p1a: Mew|Knock Off|p2a: Politoed
|-damage|p2a: Politoed|69/100
|-enditem|p2a: Politoed|Choice Specs|[from] move: Knock Off|[of] p1a: Mew
|
|-weather|RainDance|[upkeep]
|-heal|p1a: Mew|46/100|[from] item: Leftovers
|upkeep
|turn|2
|
|t:|1652054455
|move|p2a: Politoed|Psychic|p1a: Mew
|-resisted|p1a: Mew
|-damage|p1a: Mew|37/100
|move|p1a: Mew|Roost|p1a: Mew
|-heal|p1a: Mew|87/100
|-singleturn|p1a: Mew|move: Roost
|
|-weather|RainDance|[upkeep]
|-heal|p1a: Mew|94/100|[from] item: Leftovers
|upkeep
|turn|3
|
|t:|1652054461
|switch|p2a: Urshifu|Urshifu-Rapid-Strike, M|100/100
|move|p1a: Mew|Spikes|p2a: Urshifu
|-sidestart|p2: Batataplays|Spikes
|
|-weather|RainDance|[upkeep]
|-heal|p1a: Mew|99/100|[from] item: Leftovers
|upkeep
|turn|4
|
|t:|1652054464
|switch|p1a: Toxapex|Toxapex, M|100/100
|move|p2a: Urshifu|Surging Strikes|p1a: Toxapex
|-resisted|p1a: Toxapex
|-crit|p1a: Toxapex
|-damage|p1a: Toxapex|86/100
|-damage|p2a: Urshifu|84/100|[from] item: Rocky Helmet|[of] p1a: Toxapex
|-resisted|p1a: Toxapex
|-crit|p1a: Toxapex
|-damage|p1a: Toxapex|72/100
|-damage|p2a: Urshifu|68/100|[from] item: Rocky Helmet|[of] p1a: Toxapex
|-resisted|p1a: Toxapex
|-crit|p1a: Toxapex
|-damage|p1a: Toxapex|58/100
|-damage|p2a: Urshifu|51/100|[from] item: Rocky Helmet|[of] p1a: Toxapex
|-hitcount|p1a: Toxapex|3
|
|-weather|RainDance|[upkeep]
|upkeep
|turn|5
|
|t:|1652054470
|switch|p2a: Tapu Lele|Tapu Lele|100/100
|-damage|p2a: Tapu Lele|88/100|[from] Spikes
|-fieldstart|move: Psychic Terrain|[from] ability: Psychic Surge|[of] p2a: Tapu Lele
|move|p1a: Toxapex|Toxic Spikes|p2a: Tapu Lele
|-sidestart|p2: Batataplays|move: Toxic Spikes
|
|-weather|none
|upkeep
|turn|6
|
|t:|1652054479
|switch|p1a: Mew|Mew|99/100
|move|p2a: Tapu Lele|Moonblast|p1a: Mew
|-damage|p1a: Mew|67/100
|-unboost|p1a: Mew|spa|1
|
|-heal|p1a: Mew|73/100|[from] item: Leftovers
|upkeep
|turn|7
|
|t:|1652054495
|switch|p2a: Mandibuzz|Mandibuzz, F|100/100
|move|p1a: Mew|Knock Off|p2a: Mandibuzz
|-resisted|p2a: Mandibuzz
|-damage|p2a: Mandibuzz|94/100
|-enditem|p2a: Mandibuzz|Heavy-Duty Boots|[from] move: Knock Off|[of] p1a: Mew
|
|-heal|p1a: Mew|79/100|[from] item: Leftovers
|upkeep
|turn|8
|
|t:|1652054501
|switch|p1a: Toxapex|Toxapex, M|91/100
|move|p2a: Mandibuzz|Defog|p1a: Toxapex
|-unboost|p1a: Toxapex|evasion|1
|-sideend|p2: Batataplays|Spikes|[from] move: Defog|[of] p2a: Mandibuzz
|-sideend|p2: Batataplays|Toxic Spikes|[from] move: Defog|[of] p2a: Mandibuzz
|-fieldend|move: Psychic Terrain
|
|upkeep
|turn|9
|
|t:|1652054505
|switch|p2a: Landorus|Landorus-Therian, M|100/100
|-ability|p2a: Landorus|Intimidate|boost
|-unboost|p1a: Toxapex|atk|1
|move|p1a: Toxapex|Scald|p2a: Landorus
|-supereffective|p2a: Landorus
|-damage|p2a: Landorus|64/100
|
|-heal|p2a: Landorus|70/100|[from] item: Leftovers
|upkeep
|turn|10
|
|t:|1652054508
|move|p2a: Landorus|Earthquake|p1a: Toxapex
|-supereffective|p1a: Toxapex
|-damage|p1a: Toxapex|32/100
|move|p1a: Toxapex|Scald|p2a: Landorus
|-supereffective|p2a: Landorus
|-damage|p2a: Landorus|32/100
|-status|p2a: Landorus|brn
|
|-heal|p2a: Landorus|38/100 brn|[from] item: Leftovers
|-damage|p2a: Landorus|32/100 brn|[from] brn
|upkeep
|turn|11
|
|t:|1652054520
|switch|p1a: Blissey|Blissey, F|100/100
|move|p2a: Landorus|Stealth Rock|p1a: Blissey
|-sidestart|p1: 1❆ Coffy|move: Stealth Rock
|
|-heal|p2a: Landorus|38/100 brn|[from] item: Leftovers
|-damage|p2a: Landorus|32/100 brn|[from] brn
|upkeep
|turn|12
|
|t:|1652054526
|move|p2a: Landorus|U-turn|p1a: Blissey
|-damage|p1a: Blissey|90/100
|
|t:|1652054528
|switch|p2a: Tapu Lele|Tapu Lele|88/100|[from]move: U-turn
|-fieldstart|move: Psychic Terrain|[from] ability: Psychic Surge|[of] p2a: Tapu Lele
|move|p1a: Blissey|Stealth Rock|p2a: Tapu Lele
|-sidestart|p2: Batataplays|move: Stealth Rock
|
|upkeep
|turn|13
|
|t:|1652054533
|move|p2a: Tapu Lele|Moonblast|p1a: Blissey
|-damage|p1a: Blissey|71/100
|move|p1a: Blissey|Soft-Boiled|p1a: Blissey
|-heal|p1a: Blissey|100/100
|
|upkeep
|turn|14
|
|t:|1652054536
|move|p2a: Tapu Lele|Psyshock|p1a: Blissey
|-damage|p1a: Blissey|43/100
|move|p1a: Blissey|Teleport|p1a: Blissey
|c|☆1❆ Coffy|nossa n é choice
|
|t:|1652054547
|switch|p1a: Mew|Mew|79/100|[from]move: Teleport
|-damage|p1a: Mew|67/100|[from] Stealth Rock
|
|-heal|p1a: Mew|73/100|[from] item: Leftovers
|upkeep
|turn|15
|
|t:|1652054551
|move|p2a: Tapu Lele|Moonblast|p1a: Mew
|-damage|p1a: Mew|41/100
|move|p1a: Mew|Roost|p1a: Mew
|-heal|p1a: Mew|91/100
|-singleturn|p1a: Mew|move: Roost
|
|-heal|p1a: Mew|97/100|[from] item: Leftovers
|upkeep
|turn|16
|c|☆Batataplays|kekw
|
|t:|1652054558
|switch|p2a: Landorus|Landorus-Therian, M|32/100 brn
|-damage|p2a: Landorus|20/100 brn|[from] Stealth Rock
|-ability|p2a: Landorus|Intimidate|boost
|-unboost|p1a: Mew|atk|1
|move|p1a: Mew|Knock Off|p2a: Landorus
|-damage|p2a: Landorus|9/100 brn
|-enditem|p2a: Landorus|Leftovers|[from] move: Knock Off|[of] p1a: Mew
|
|-heal|p1a: Mew|100/100|[from] item: Leftovers
|-damage|p2a: Landorus|3/100 brn|[from] brn
|-fieldend|move: Psychic Terrain
|upkeep
|turn|17
|
|t:|1652054568
|move|p2a: Landorus|Toxic||[still]
|-status|p1a: Mew|tox
|-activate|p1a: Mew|ability: Synchronize
|-fail|p1a: Mew
|move|p1a: Mew|Knock Off|p2a: Landorus
|-damage|p2a: Landorus|0 fnt
|faint|p2a: Landorus
|
|-damage|p1a: Mew|94/100 tox|[from] psn
|upkeep
|
|t:|1652054572
|switch|p2a: Politoed|Politoed, F|69/100
|-damage|p2a: Politoed|57/100|[from] Stealth Rock
|-weather|RainDance|[from] ability: Drizzle|[of] p2a: Politoed
|turn|18
|
|t:|1652054578
|switch|p1a: Toxapex|Toxapex, M|65/100
|-damage|p1a: Toxapex|53/100|[from] Stealth Rock
|move|p2a: Politoed|Weather Ball|p1a: Toxapex
|-resisted|p1a: Toxapex
|-damage|p1a: Toxapex|27/100
|
|-weather|RainDance|[upkeep]
|upkeep
|turn|19
|
|t:|1652054585
|switch|p1a: Blissey|Blissey, F|43/100
|move|p2a: Politoed|Weather Ball|p1a: Blissey
|-crit|p1a: Blissey
|-damage|p1a: Blissey|6/100
|
|-weather|RainDance|[upkeep]
|upkeep
|turn|20
|
|t:|1652054593
|switch|p1a: Dragonite|Dragonite, F|100/100
|move|p2a: Politoed|Weather Ball|p1a: Dragonite
|-resisted|p1a: Dragonite
|-damage|p1a: Dragonite|85/100
|
|-weather|RainDance|[upkeep]
|upkeep
|turn|21
|c|☆Batataplays|nn sei se o critico importou
|
|t:|1652054603
|switch|p1a: Blissey|Blissey, F|6/100
|move|p2a: Politoed|Ice Beam|p1a: Blissey
|-damage|p1a: Blissey|0 fnt
|faint|p1a: Blissey
|
|-weather|RainDance|[upkeep]
|upkeep
|
|t:|1652054609
|switch|p1a: Latias|Latias, F|100/100
|-damage|p1a: Latias|88/100|[from] Stealth Rock
|turn|22
|
|t:|1652054614
|move|p1a: Latias|Calm Mind|p1a: Latias
|-boost|p1a: Latias|spa|1
|-boost|p1a: Latias|spd|1
|move|p2a: Politoed|Ice Beam|p1a: Latias
|-supereffective|p1a: Latias
|-damage|p1a: Latias|62/100
|-status|p1a: Latias|frz
|
|-weather|none
|-heal|p1a: Latias|68/100 frz|[from] item: Leftovers
|upkeep
|turn|23
|
|t:|1652054626
|switch|p2a: Kartana|Kartana|100/100
|-damage|p2a: Kartana|94/100|[from] Stealth Rock
|cant|p1a: Latias|frz
|
|-heal|p1a: Latias|74/100 frz|[from] item: Leftovers
|upkeep
|turn|24
|
|t:|1652054632
|switch|p1a: Volcarona|Volcarona, M|100/100
|move|p2a: Kartana|Knock Off|p1a: Volcarona
|-damage|p1a: Volcarona|64/100
|-enditem|p1a: Volcarona|Heavy-Duty Boots|[from] move: Knock Off|[of] p2a: Kartana
|
|upkeep
|turn|25
|
|t:|1652054636
|switch|p2a: Politoed|Politoed, F|57/100
|-damage|p2a: Politoed|44/100|[from] Stealth Rock
|-weather|RainDance|[from] ability: Drizzle|[of] p2a: Politoed
|move|p1a: Volcarona|Defog|p2a: Politoed
|-unboost|p2a: Politoed|evasion|1
|-sideend|p2: Batataplays|Stealth Rock|[from] move: Defog|[of] p1a: Volcarona
|-sideend|p1: 1❆ Coffy|Stealth Rock|[from] move: Defog|[of] p1a: Volcarona
|
|-weather|RainDance|[upkeep]
|upkeep
|turn|26
|
|t:|1652054641
|switch|p1a: Mew|Mew|94/100 tox
|move|p2a: Politoed|Weather Ball|p1a: Mew
|-damage|p1a: Mew|55/100 tox
|
|-weather|RainDance|[upkeep]
|-heal|p1a: Mew|61/100 tox|[from] item: Leftovers
|-damage|p1a: Mew|55/100 tox|[from] psn
|upkeep
|turn|27
|c|☆1❆ Coffy|esse freeze foi triste
|c|☆Batataplays|foi msm
|inactive|1❆ Coffy has 120 seconds left.
|
|t:|1652054671
|switch|p1a: Toxapex|Toxapex, M|60/100
|move|p2a: Politoed|Weather Ball|p1a: Toxapex
|-resisted|p1a: Toxapex
|-damage|p1a: Toxapex|33/100
|
|-weather|RainDance|[upkeep]
|upkeep
|turn|28
|
|t:|1652054679
|switch|p1a: Latias|Latias, F|74/100 frz
|move|p2a: Politoed|Psychic|p1a: Latias
|-resisted|p1a: Latias
|-damage|p1a: Latias|64/100 frz
|
|-weather|RainDance|[upkeep]
|-heal|p1a: Latias|70/100 frz|[from] item: Leftovers
|upkeep
|turn|29
|
|t:|1652054686
|cant|p1a: Latias|frz
|move|p2a: Politoed|Ice Beam|p1a: Latias
|-supereffective|p1a: Latias
|-damage|p1a: Latias|26/100 frz
|
|-weather|none
|-heal|p1a: Latias|32/100 frz|[from] item: Leftovers
|upkeep
|turn|30
|
|t:|1652054688
|-curestatus|p1a: Latias|frz|[msg]
|move|p1a: Latias|Recover|p1a: Latias
|-heal|p1a: Latias|82/100
|move|p2a: Politoed|Ice Beam|p1a: Latias
|-supereffective|p1a: Latias
|-damage|p1a: Latias|38/100
|
|-heal|p1a: Latias|44/100|[from] item: Leftovers
|upkeep
|turn|31
|
|t:|1652054692
|switch|p2a: Tapu Lele|Tapu Lele|88/100
|-fieldstart|move: Psychic Terrain|[from] ability: Psychic Surge|[of] p2a: Tapu Lele
|move|p1a: Latias|Recover|p1a: Latias
|-heal|p1a: Latias|94/100
|
|-heal|p1a: Latias|100/100|[from] item: Leftovers
|upkeep
|turn|32
|
|t:|1652054697
|move|p1a: Latias|Calm Mind|p1a: Latias
|-boost|p1a: Latias|spa|1
|-boost|p1a: Latias|spd|1
|move|p2a: Tapu Lele|Moonblast|p1a: Latias
|-supereffective|p1a: Latias
|-damage|p1a: Latias|52/100
|
|-heal|p1a: Latias|58/100|[from] item: Leftovers
|upkeep
|turn|33
|
|t:|1652054701
|move|p1a: Latias|Recover|p1a: Latias
|-heal|p1a: Latias|100/100
|move|p2a: Tapu Lele|Moonblast|p1a: Latias
|-supereffective|p1a: Latias
|-damage|p1a: Latias|53/100
|-unboost|p1a: Latias|spa|1
|
|-heal|p1a: Latias|59/100|[from] item: Leftovers
|upkeep
|turn|34
|
|t:|1652054705
|move|p1a: Latias|Mystical Fire|p2a: Tapu Lele
|-damage|p2a: Tapu Lele|68/100
|-unboost|p2a: Tapu Lele|spa|1
|move|p2a: Tapu Lele|Moonblast|p1a: Latias
|-supereffective|p1a: Latias
|-damage|p1a: Latias|26/100
|
|-heal|p1a: Latias|32/100|[from] item: Leftovers
|upkeep
|turn|35
|
|t:|1652054710
|switch|p2a: Urshifu|Urshifu-Rapid-Strike, M|51/100
|move|p1a: Latias|Recover|p1a: Latias
|-heal|p1a: Latias|82/100
|
|-heal|p1a: Latias|88/100|[from] item: Leftovers
|-fieldend|move: Psychic Terrain
|upkeep
|turn|36
|
|t:|1652054716
|move|p1a: Latias|Psyshock|p2a: Urshifu
|-supereffective|p2a: Urshifu
|-damage|p2a: Urshifu|0 fnt
|faint|p2a: Urshifu
|
|-heal|p1a: Latias|94/100|[from] item: Leftovers
|upkeep
|
|t:|1652054720
|switch|p2a: Mandibuzz|Mandibuzz, F|94/100
|turn|37
|
|t:|1652054734
|move|p1a: Latias|Calm Mind|p1a: Latias
|-boost|p1a: Latias|spa|1
|-boost|p1a: Latias|spd|1
|move|p2a: Mandibuzz|Foul Play|p1a: Latias
|-supereffective|p1a: Latias
|-damage|p1a: Latias|54/100
|
|-heal|p1a: Latias|60/100|[from] item: Leftovers
|upkeep
|turn|38
|
|t:|1652054741
|move|p1a: Latias|Recover|p1a: Latias
|-heal|p1a: Latias|100/100
|move|p2a: Mandibuzz|Foul Play|p1a: Latias
|-supereffective|p1a: Latias
|-damage|p1a: Latias|57/100
|
|-heal|p1a: Latias|63/100|[from] item: Leftovers
|upkeep
|turn|39
|
|t:|1652054748
|move|p1a: Latias|Recover|p1a: Latias
|-heal|p1a: Latias|100/100
|move|p2a: Mandibuzz|Foul Play|p1a: Latias
|-supereffective|p1a: Latias
|-damage|p1a: Latias|58/100
|
|-heal|p1a: Latias|64/100|[from] item: Leftovers
|upkeep
|turn|40
|
|t:|1652054755
|move|p1a: Latias|Mystical Fire|p2a: Mandibuzz
|-crit|p2a: Mandibuzz
|-damage|p2a: Mandibuzz|64/100
|-unboost|p2a: Mandibuzz|spa|1
|move|p2a: Mandibuzz|Foul Play|p1a: Latias
|-supereffective|p1a: Latias
|-crit|p1a: Latias
|-damage|p1a: Latias|4/100
|
|-heal|p1a: Latias|10/100|[from] item: Leftovers
|upkeep
|turn|41
|
|t:|1652054762
|move|p1a: Latias|Recover|p1a: Latias
|-heal|p1a: Latias|60/100
|move|p2a: Mandibuzz|U-turn|p1a: Latias
|-supereffective|p1a: Latias
|-damage|p1a: Latias|37/100
|
|t:|1652054763
|switch|p2a: Kartana|Kartana|94/100|[from]move: U-turn
|
|-heal|p1a: Latias|43/100|[from] item: Leftovers
|upkeep
|turn|42
|
|t:|1652054773
|switch|p1a: Volcarona|Volcarona, M|64/100
|move|p2a: Kartana|Knock Off|p1a: Volcarona
|-damage|p1a: Volcarona|38/100
|
|upkeep
|turn|43
|
|t:|1652054778
|switch|p2a: Politoed|Politoed, F|44/100
|-weather|RainDance|[from] ability: Drizzle|[of] p2a: Politoed
|move|p1a: Volcarona|U-turn|p2a: Politoed
|-damage|p2a: Politoed|25/100
|
|t:|1652054781
|switch|p1a: Latias|Latias, F|43/100|[from]move: U-turn
|
|-weather|RainDance|[upkeep]
|-heal|p1a: Latias|49/100|[from] item: Leftovers
|upkeep
|turn|44
|
|t:|1652054785
|move|p1a: Latias|Recover|p1a: Latias
|-heal|p1a: Latias|99/100
|move|p2a: Politoed|Ice Beam|p1a: Latias
|-supereffective|p1a: Latias
|-damage|p1a: Latias|60/100
|
|-weather|RainDance|[upkeep]
|-heal|p1a: Latias|66/100|[from] item: Leftovers
|upkeep
|turn|45
|
|t:|1652054794
|move|p1a: Latias|Psyshock|p2a: Politoed
|-damage|p2a: Politoed|0 fnt
|faint|p2a: Politoed
|
|-weather|RainDance|[upkeep]
|-heal|p1a: Latias|72/100|[from] item: Leftovers
|upkeep
|
|t:|1652054796
|switch|p2a: Kartana|Kartana|94/100
|turn|46
|
|t:|1652054802
|switch|p1a: Dragonite|Dragonite, F|85/100
|move|p2a: Kartana|Knock Off|p1a: Dragonite
|-damage|p1a: Dragonite|58/100
|-enditem|p1a: Dragonite|Heavy-Duty Boots|[from] move: Knock Off|[of] p2a: Kartana
|
|-weather|RainDance|[upkeep]
|upkeep
|turn|47
|
|t:|1652054806
|switch|p2a: Tapu Lele|Tapu Lele|68/100
|-fieldstart|move: Psychic Terrain|[from] ability: Psychic Surge|[of] p2a: Tapu Lele
|move|p1a: Dragonite|Heal Bell|p1a: Dragonite
|-activate|p1a: Dragonite|move: Heal Bell
|-curestatus|p1: Mew|tox|[msg]
|
|-weather|none
|upkeep
|turn|48
|
|t:|1652054820
|switch|p1a: Volcarona|Volcarona, M|38/100
|move|p2a: Tapu Lele|Psyshock|p1a: Volcarona
|-damage|p1a: Volcarona|0 fnt
|faint|p1a: Volcarona
|
|upkeep
|
|t:|1652054823
|switch|p1a: Mew|Mew|55/100
|turn|49
|
|t:|1652054827
|switch|p2a: Kartana|Kartana|94/100
|move|p1a: Mew|Roost|p1a: Mew
|-heal|p1a: Mew|100/100
|-singleturn|p1a: Mew|move: Roost
|
|upkeep
|turn|50
|j| cheiroso
|
|t:|1652054831
|switch|p1a: Toxapex|Toxapex, M|66/100
|move|p2a: Kartana|Knock Off|p1a: Toxapex
|-damage|p1a: Toxapex|41/100
|-damage|p2a: Kartana|78/100|[from] item: Rocky Helmet|[of] p1a: Toxapex
|-enditem|p1a: Toxapex|Rocky Helmet|[from] move: Knock Off|[of] p2a: Kartana
|
|upkeep
|turn|51
|
|t:|1652054835
|switch|p2a: Tapu Lele|Tapu Lele|68/100
|move|p1a: Toxapex|Recover|p1a: Toxapex
|-heal|p1a: Toxapex|91/100
|
|-fieldend|move: Psychic Terrain
|upkeep
|turn|52
|
|t:|1652054840
|switch|p1a: Mew|Mew|100/100
|move|p2a: Tapu Lele|Moonblast|p1a: Mew
|-damage|p1a: Mew|71/100
|
|-heal|p1a: Mew|77/100|[from] item: Leftovers
|upkeep
|turn|53
|c|☆Batataplays|meh o mew venceu
|-message|Batataplays forfeited.
|
|win|1❆ Coffy
|n|☆1❆ Coffy|1coffy
|n|☆Batataplays|batataplays
|n| cheiroso|cheiroso
