|j|☆Stads
|j|☆adel19
|t:|1652718918
|gametype|singles
|player|p1|Stads|170|1858
|player|p2|adel19|bugsy|1877
|teamsize|p1|6
|teamsize|p2|6
|gen|8
|tier|[Gen 8] OU
|rated|
|rule|Sleep Clause Mod: Limit one foe put to sleep
|rule|Species Clause: Limit one of each Pokémon
|rule|OHKO Clause: OHKO moves are banned
|rule|Evasion Moves Clause: Evasion moves are banned
|rule|Endless Battle Clause: Forcing endless battles is banned
|rule|HP Percentage Mod: HP is shown in percentages
|rule|Dynamax Clause: You cannot dynamax
|clearpoke
|poke|p1|Tornadus-Therian, M|
|poke|p1|Corviknight, M|
|poke|p1|Kartana|
|poke|p1|Toxapex, M|
|poke|p1|Hippowdon, M|
|poke|p1|Heatran, F|
|poke|p2|Landorus-Therian, M|
|poke|p2|Heatran, M|
|poke|p2|Tapu Fini|
|poke|p2|Zeraora|
|poke|p2|Kartana|
|poke|p2|Tapu Lele|
|teampreview
|
|t:|1652718931
|start
|switch|p1a: Tornadus|Tornadus-Therian, M|100/100
|switch|p2a: Landorus|Landorus-Therian, M|100/100
|-ability|p2a: Landorus|Intimidate|boost
|-unboost|p1a: Tornadus|atk|1
|turn|1
|
|t:|1652718935
|switch|p1a: Corviknight|Corviknight, M|100/100
|-ability|p1a: Corviknight|Pressure
|move|p2a: Landorus|Stone Edge|p1a: Corviknight
|-damage|p1a: Corviknight|76/100
|
|-heal|p1a: Corviknight|82/100|[from] item: Leftovers
|upkeep
|turn|2
|
|t:|1652718941
|switch|p2a: Heatran|Heatran, M|100/100
|move|p1a: Corviknight|U-turn|p2a: Heatran
|-resisted|p2a: Heatran
|-damage|p2a: Heatran|98/100
|
|t:|1652718944
|switch|p1a: Tornadus|Tornadus-Therian, M|100/100|[from]move: U-turn
|
|-heal|p2a: Heatran|100/100|[from] item: Leftovers
|upkeep
|turn|3
|j| Quagshi
|
|t:|1652718948
|move|p1a: Tornadus|Knock Off|p2a: Heatran
|-damage|p2a: Heatran|83/100
|-status|p1a: Tornadus|brn|[from] ability: Flame Body|[of] p2a: Heatran
|-enditem|p2a: Heatran|Leftovers|[from] move: Knock Off|[of] p1a: Tornadus
|move|p2a: Heatran|Stealth Rock|p1a: Tornadus
|-sidestart|p1: Stads|move: Stealth Rock
|
|-damage|p1a: Tornadus|94/100 brn|[from] brn
|upkeep
|turn|4
|
|t:|1652718954
|move|p1a: Tornadus|Hurricane|p2a: Heatran
|-resisted|p2a: Heatran
|-damage|p2a: Heatran|68/100
|move|p2a: Heatran|Magma Storm|p1a: Tornadus|[miss]
|-miss|p2a: Heatran|p1a: Tornadus
|
|-damage|p1a: Tornadus|88/100 brn|[from] brn
|upkeep
|turn|5
|
|t:|1652718959
|move|p1a: Tornadus|U-turn|p2a: Heatran
|-resisted|p2a: Heatran
|-damage|p2a: Heatran|67/100
|
|t:|1652718961
|switch|p1a: Hippowdon|Hippowdon, M|100/100|[from]move: U-turn
|-damage|p1a: Hippowdon|94/100|[from] Stealth Rock
|-weather|Sandstorm|[from] ability: Sand Stream|[of] p1a: Hippowdon
|move|p2a: Heatran|Earth Power|p1a: Hippowdon
|-damage|p1a: Hippowdon|75/100
|-unboost|p1a: Hippowdon|spd|1
|
|-weather|Sandstorm|[upkeep]
|-heal|p1a: Hippowdon|81/100|[from] item: Leftovers
|upkeep
|turn|6
|
|t:|1652718967
|switch|p2a: Tapu Fini|Tapu Fini|100/100
|-fieldstart|move: Misty Terrain|[from] ability: Misty Surge|[of] p2a: Tapu Fini
|move|p1a: Hippowdon|Earthquake|p2a: Tapu Fini
|-damage|p2a: Tapu Fini|75/100
|
|-weather|Sandstorm|[upkeep]
|-damage|p2a: Tapu Fini|69/100|[from] Sandstorm
|-heal|p2a: Tapu Fini|75/100|[from] item: Leftovers
|-heal|p1a: Hippowdon|88/100|[from] item: Leftovers
|upkeep
|turn|7
|
|t:|1652718973
|switch|p1a: Toxapex|Toxapex, M|100/100
|-damage|p1a: Toxapex|88/100|[from] Stealth Rock
|move|p2a: Tapu Fini|Calm Mind|p2a: Tapu Fini
|-boost|p2a: Tapu Fini|spa|1
|-boost|p2a: Tapu Fini|spd|1
|
|-weather|Sandstorm|[upkeep]
|-damage|p2a: Tapu Fini|69/100|[from] Sandstorm
|-damage|p1a: Toxapex|82/100|[from] Sandstorm
|-heal|p2a: Tapu Fini|75/100|[from] item: Leftovers
|upkeep
|turn|8
|
|t:|1652718976
|move|p2a: Tapu Fini|Calm Mind|p2a: Tapu Fini
|-boost|p2a: Tapu Fini|spa|1
|-boost|p2a: Tapu Fini|spd|1
|move|p1a: Toxapex|Knock Off|p2a: Tapu Fini
|-resisted|p2a: Tapu Fini
|-damage|p2a: Tapu Fini|70/100
|-enditem|p2a: Tapu Fini|Leftovers|[from] move: Knock Off|[of] p1a: Toxapex
|
|-weather|Sandstorm|[upkeep]
|-damage|p2a: Tapu Fini|64/100|[from] Sandstorm
|-damage|p1a: Toxapex|75/100|[from] Sandstorm
|upkeep
|turn|9
|
|t:|1652718980
|switch|p1a: Kartana|Kartana|100/100
|-damage|p1a: Kartana|94/100|[from] Stealth Rock
|move|p2a: Tapu Fini|Taunt|p1a: Kartana
|-start|p1a: Kartana|move: Taunt
|
|-weather|none
|upkeep
|turn|10
|
|t:|1652718986
|switch|p2a: Landorus|Landorus-Therian, M|100/100
|-ability|p2a: Landorus|Intimidate|boost
|-unboost|p1a: Kartana|atk|1
|move|p1a: Kartana|Sacred Sword|p2a: Landorus
|-resisted|p2a: Landorus
|-damage|p2a: Landorus|84/100
|
|-fieldend|Misty Terrain
|upkeep
|turn|11
|j| Aphro mari
|
|t:|1652718996
|switch|p1a: Corviknight|Corviknight, M|82/100
|-damage|p1a: Corviknight|70/100|[from] Stealth Rock
|-ability|p1a: Corviknight|Pressure
|move|p2a: Landorus|Swords Dance|p2a: Landorus
|-boost|p2a: Landorus|atk|2
|
|-heal|p1a: Corviknight|76/100|[from] item: Leftovers
|upkeep
|turn|12
|j| Jorgegue
|
|t:|1652719002
|move|p2a: Landorus|Stone Edge|p1a: Corviknight
|-damage|p1a: Corviknight|22/100
|move|p1a: Corviknight|Roost|p1a: Corviknight
|-heal|p1a: Corviknight|72/100
|-singleturn|p1a: Corviknight|move: Roost
|
|-heal|p1a: Corviknight|78/100|[from] item: Leftovers
|upkeep
|turn|13
|
|t:|1652719008
|move|p2a: Landorus|Rock Polish|p2a: Landorus
|-boost|p2a: Landorus|spe|2
|move|p1a: Corviknight|Defog|p2a: Landorus
|-unboost|p2a: Landorus|evasion|1
|-sideend|p1: Stads|Stealth Rock|[from] move: Defog|[of] p1a: Corviknight
|
|-heal|p1a: Corviknight|84/100|[from] item: Leftovers
|upkeep
|turn|14
|
|t:|1652719022
|move|p2a: Landorus|Swords Dance|p2a: Landorus
|-boost|p2a: Landorus|atk|2
|move|p1a: Corviknight|U-turn|p2a: Landorus
|-resisted|p2a: Landorus
|-damage|p2a: Landorus|75/100
|j| amimec
|
|t:|1652719026
|switch|p1a: Kartana|Kartana|94/100|[from]move: U-turn
|
|upkeep
|turn|15
|l| Jorgegue
|
|t:|1652719036
|switch|p1a: Corviknight|Corviknight, M|84/100
|-ability|p1a: Corviknight|Pressure
|move|p2a: Landorus|Earthquake|p1a: Corviknight
|-immune|p1a: Corviknight
|
|-heal|p1a: Corviknight|91/100|[from] item: Leftovers
|upkeep
|turn|16
|j| Jorgegue
|
|t:|1652719043
|move|p2a: Landorus|Swords Dance|p2a: Landorus
|-boost|p2a: Landorus|atk|2
|move|p1a: Corviknight|Roost|p1a: Corviknight
|-heal|p1a: Corviknight|100/100
|-singleturn|p1a: Corviknight|move: Roost
|
|upkeep
|turn|17
|
|t:|1652719068
|move|p2a: Landorus|Swords Dance|p2a: Landorus
|-boost|p2a: Landorus|atk|0
|move|p1a: Corviknight|U-turn|p2a: Landorus
|-resisted|p2a: Landorus
|-damage|p2a: Landorus|66/100
|
|t:|1652719073
|switch|p1a: Heatran|Heatran, F|100/100|[from]move: U-turn
|
|upkeep
|turn|18
|
|t:|1652719078
|switch|p1a: Corviknight|Corviknight, M|100/100
|-ability|p1a: Corviknight|Pressure
|move|p2a: Landorus|Stone Edge|p1a: Corviknight|[miss]
|-miss|p2a: Landorus|p1a: Corviknight
|
|upkeep
|turn|19
|j| el bulu loco
|
|t:|1652719097
|move|p2a: Landorus|Rock Polish|p2a: Landorus
|-boost|p2a: Landorus|spe|2
|move|p1a: Corviknight|Roost||[still]
|-fail|p1a: Corviknight|heal
|
|upkeep
|turn|20
|
|t:|1652719102
|move|p2a: Landorus|Swords Dance|p2a: Landorus
|-boost|p2a: Landorus|atk|0
|move|p1a: Corviknight|Body Press|p2a: Landorus
|-resisted|p2a: Landorus
|-damage|p2a: Landorus|52/100
|
|upkeep
|turn|21
|
|t:|1652719108
|move|p2a: Landorus|Earthquake|p1a: Corviknight
|-immune|p1a: Corviknight
|move|p1a: Corviknight|Body Press|p2a: Landorus
|-resisted|p2a: Landorus
|-damage|p2a: Landorus|37/100
|
|upkeep
|turn|22
|
|t:|1652719110
|move|p2a: Landorus|Stone Edge|p1a: Corviknight
|-damage|p1a: Corviknight|2/100
|move|p1a: Corviknight|Body Press|p2a: Landorus
|-resisted|p2a: Landorus
|-damage|p2a: Landorus|23/100
|
|-heal|p1a: Corviknight|9/100|[from] item: Leftovers
|upkeep
|turn|23
|
|t:|1652719118
|switch|p2a: Tapu Fini|Tapu Fini|64/100
|-fieldstart|move: Misty Terrain|[from] ability: Misty Surge|[of] p2a: Tapu Fini
|move|p1a: Corviknight|Roost|p1a: Corviknight
|-heal|p1a: Corviknight|59/100
|-singleturn|p1a: Corviknight|move: Roost
|
|-heal|p1a: Corviknight|65/100|[from] item: Leftovers
|upkeep
|turn|24
|
|t:|1652719120
|move|p2a: Tapu Fini|Calm Mind|p2a: Tapu Fini
|-boost|p2a: Tapu Fini|spa|1
|-boost|p2a: Tapu Fini|spd|1
|move|p1a: Corviknight|U-turn|p2a: Tapu Fini
|-resisted|p2a: Tapu Fini
|-damage|p2a: Tapu Fini|59/100
|
|t:|1652719122
|switch|p1a: Kartana|Kartana|94/100|[from]move: U-turn
|
|upkeep
|turn|25
|
|t:|1652719128
|switch|p2a: Landorus|Landorus-Therian, M|23/100
|-ability|p2a: Landorus|Intimidate|boost
|-unboost|p1a: Kartana|atk|1
|move|p1a: Kartana|Leaf Blade|p2a: Landorus
|-damage|p2a: Landorus|0 fnt
|faint|p2a: Landorus
|-ability|p1a: Kartana|Beast Boost|boost
|-boost|p1a: Kartana|atk|1
|
|upkeep
|
|t:|1652719131
|switch|p2a: Heatran|Heatran, M|67/100
|turn|26
|
|t:|1652719135
|switch|p1a: Heatran|Heatran, F|100/100
|move|p2a: Heatran|Stealth Rock|p1a: Heatran
|-sidestart|p1: Stads|move: Stealth Rock
|
|upkeep
|turn|27
|j| mrpuncherv2
|
|t:|1652719152
|switch|p2a: Tapu Lele|Tapu Lele|100/100
|-fieldstart|move: Psychic Terrain|[from] ability: Psychic Surge|[of] p2a: Tapu Lele
|move|p1a: Heatran|Magma Storm|p2a: Tapu Lele
|-damage|p2a: Tapu Lele|57/100
|-activate|p2a: Tapu Lele|move: Magma Storm|[of] p1a: Heatran
|
|-damage|p2a: Tapu Lele|44/100|[from] move: Magma Storm|[partiallytrapped]
|upkeep
|turn|28
|
|t:|1652719157
|move|p1a: Heatran|Protect|p1a: Heatran
|-singleturn|p1a: Heatran|Protect
|move|p2a: Tapu Lele|Focus Blast|p1a: Heatran
|-activate|p1a: Heatran|move: Protect
|
|-damage|p2a: Tapu Lele|32/100|[from] move: Magma Storm|[partiallytrapped]
|upkeep
|turn|29
|
|t:|1652719167
|move|p2a: Tapu Lele|Focus Blast|p1a: Heatran
|-supereffective|p1a: Heatran
|-damage|p1a: Heatran|28/100
|move|p1a: Heatran|Toxic|p2a: Tapu Lele|[miss]
|-miss|p1a: Heatran|p2a: Tapu Lele
|
|-heal|p1a: Heatran|34/100|[from] item: Leftovers
|-damage|p2a: Tapu Lele|19/100|[from] move: Magma Storm|[partiallytrapped]
|upkeep
|turn|30
|
|t:|1652719172
|move|p1a: Heatran|Protect|p1a: Heatran
|-singleturn|p1a: Heatran|Protect
|move|p2a: Tapu Lele|Focus Blast|p1a: Heatran
|-activate|p1a: Heatran|move: Protect
|
|-heal|p1a: Heatran|40/100|[from] item: Leftovers
|-damage|p2a: Tapu Lele|7/100|[from] move: Magma Storm|[partiallytrapped]
|upkeep
|turn|31
|
|t:|1652719174
|switch|p1a: Toxapex|Toxapex, M|100/100
|-damage|p1a: Toxapex|88/100|[from] Stealth Rock
|move|p2a: Tapu Lele|Focus Blast|p1a: Toxapex
|-resisted|p1a: Toxapex
|-crit|p1a: Toxapex
|-damage|p1a: Toxapex|52/100
|
|-end|p2a: Tapu Lele|Magma Storm|[partiallytrapped]|[silent]
|-fieldend|move: Psychic Terrain
|upkeep
|turn|32
|
|t:|1652719179
|switch|p2a: Tapu Fini|Tapu Fini|59/100
|-fieldstart|move: Misty Terrain|[from] ability: Misty Surge|[of] p2a: Tapu Fini
|move|p1a: Toxapex|Recover|p1a: Toxapex
|-heal|p1a: Toxapex|100/100
|
|upkeep
|turn|33
|j| PlayEuphonium
|
|t:|1652719185
|switch|p1a: Corviknight|Corviknight, M|65/100
|-damage|p1a: Corviknight|52/100|[from] Stealth Rock
|-ability|p1a: Corviknight|Pressure
|move|p2a: Tapu Fini|Moonblast|p1a: Corviknight
|-resisted|p1a: Corviknight
|-damage|p1a: Corviknight|38/100
|
|-heal|p1a: Corviknight|44/100|[from] item: Leftovers
|upkeep
|turn|34
|
|t:|1652719188
|move|p2a: Tapu Fini|Taunt|p1a: Corviknight
|-start|p1a: Corviknight|move: Taunt
|cant|p1a: Corviknight|move: Taunt|Roost
|
|-heal|p1a: Corviknight|51/100|[from] item: Leftovers
|upkeep
|turn|35
|
|t:|1652719191
|move|p2a: Tapu Fini|Surf|p1a: Corviknight
|-damage|p1a: Corviknight|22/100
|move|p1a: Corviknight|U-turn|p2a: Tapu Fini
|-resisted|p2a: Tapu Fini
|-damage|p2a: Tapu Fini|55/100
|
|t:|1652719195
|switch|p1a: Kartana|Kartana|94/100|[from]move: U-turn
|-damage|p1a: Kartana|88/100|[from] Stealth Rock
|
|upkeep
|turn|36
|
|t:|1652719198
|move|p1a: Kartana|Leaf Blade|p2a: Tapu Fini
|-supereffective|p2a: Tapu Fini
|-crit|p2a: Tapu Fini
|-damage|p2a: Tapu Fini|0 fnt
|faint|p2a: Tapu Fini
|-ability|p1a: Kartana|Beast Boost|boost
|-boost|p1a: Kartana|atk|1
|
|-fieldend|Misty Terrain
|upkeep
|
|t:|1652719201
|switch|p2a: Kartana|Kartana|100/100
|turn|37
|
|t:|1652719211
|switch|p1a: Toxapex|Toxapex, M|100/100
|-damage|p1a: Toxapex|88/100|[from] Stealth Rock
|move|p2a: Kartana|Swords Dance|p2a: Kartana
|-boost|p2a: Kartana|atk|2
|
|upkeep
|turn|38
|
|t:|1652719219
|move|p2a: Kartana|Knock Off|p1a: Toxapex
|-damage|p1a: Toxapex|48/100
|-enditem|p1a: Toxapex|Shed Shell|[from] move: Knock Off|[of] p2a: Kartana
|move|p1a: Toxapex|Haze|p1a: Toxapex
|-clearallboost
|
|upkeep
|turn|39
|
|t:|1652719225
|switch|p1a: Tornadus|Tornadus-Therian, M|100/100 brn
|-damage|p1a: Tornadus|75/100 brn|[from] Stealth Rock
|move|p2a: Kartana|Swords Dance|p2a: Kartana
|-boost|p2a: Kartana|atk|2
|
|-damage|p1a: Tornadus|69/100 brn|[from] brn
|upkeep
|turn|40
|
|t:|1652719228
|switch|p2a: Heatran|Heatran, M|67/100
|move|p1a: Tornadus|Heat Wave|p2a: Heatran|[miss]
|-miss|p1a: Tornadus|p2a: Heatran
|
|-damage|p1a: Tornadus|63/100 brn|[from] brn
|upkeep
|turn|41
|
|t:|1652719238
|move|p1a: Tornadus|U-turn|p2a: Heatran
|-resisted|p2a: Heatran
|-crit|p2a: Heatran
|-damage|p2a: Heatran|65/100
|
|t:|1652719242
|switch|p1a: Corviknight|Corviknight, M|22/100|[from]move: U-turn
|-damage|p1a: Corviknight|9/100|[from] Stealth Rock
|-ability|p1a: Corviknight|Pressure
|move|p2a: Heatran|Earth Power|p1a: Corviknight
|-immune|p1a: Corviknight
|
|-heal|p1a: Corviknight|16/100|[from] item: Leftovers
|upkeep
|turn|42
|
|t:|1652719247
|move|p2a: Heatran|Magma Storm|p1a: Corviknight
|-supereffective|p1a: Corviknight
|-damage|p1a: Corviknight|0 fnt
|faint|p1a: Corviknight
|
|upkeep
|
|t:|1652719252
|switch|p1a: Kartana|Kartana|88/100
|-damage|p1a: Kartana|82/100|[from] Stealth Rock
|turn|43
|
|t:|1652719265
|move|p1a: Kartana|Sacred Sword|p2a: Heatran
|-supereffective|p2a: Heatran
|-crit|p2a: Heatran
|-damage|p2a: Heatran|0 fnt
|-status|p1a: Kartana|brn|[from] ability: Flame Body|[of] p2a: Heatran
|faint|p2a: Heatran
|-ability|p1a: Kartana|Beast Boost|boost
|-boost|p1a: Kartana|atk|1
|
|-damage|p1a: Kartana|76/100 brn|[from] brn
|upkeep
|c| PlayEuphonium|OUCH
|c| PlayEuphonium|the burnnn
|
|t:|1652719302
|switch|p2a: Zeraora|Zeraora|100/100
|turn|44
|
|t:|1652719310
|move|p1a: Kartana|Sacred Sword|p2a: Zeraora
|-damage|p2a: Zeraora|61/100
|move|p2a: Zeraora|Knock Off|p1a: Kartana
|-damage|p1a: Kartana|43/100 brn
|-enditem|p1a: Kartana|Choice Scarf|[from] move: Knock Off|[of] p2a: Zeraora
|
|-damage|p1a: Kartana|36/100 brn|[from] brn
|upkeep
|turn|45
|j| Jamel 1
|
|t:|1652719316
|move|p2a: Zeraora|Close Combat|p1a: Kartana
|-supereffective|p1a: Kartana
|-damage|p1a: Kartana|0 fnt
|-unboost|p2a: Zeraora|def|1
|-unboost|p2a: Zeraora|spd|1
|faint|p1a: Kartana
|
|upkeep
|
|t:|1652719318
|switch|p1a: Hippowdon|Hippowdon, M|88/100
|-damage|p1a: Hippowdon|81/100|[from] Stealth Rock
|-weather|Sandstorm|[from] ability: Sand Stream|[of] p1a: Hippowdon
|turn|46
|
|t:|1652719321
|switch|p2a: Kartana|Kartana|100/100
|move|p1a: Hippowdon|Earthquake|p2a: Kartana
|-damage|p2a: Kartana|66/100
|
|-weather|Sandstorm|[upkeep]
|-heal|p1a: Hippowdon|88/100|[from] item: Leftovers
|upkeep
|turn|47
|
|t:|1652719335
|switch|p2a: Zeraora|Zeraora|61/100
|switch|p1a: Tornadus|Tornadus-Therian, M|96/100 brn
|-damage|p1a: Tornadus|71/100 brn|[from] Stealth Rock
|
|-weather|Sandstorm|[upkeep]
|-damage|p2a: Zeraora|55/100|[from] Sandstorm
|-damage|p1a: Tornadus|65/100 brn|[from] Sandstorm
|-damage|p1a: Tornadus|59/100 brn|[from] brn
|upkeep
|turn|48
|
|t:|1652719347
|switch|p1a: Toxapex|Toxapex, M|81/100
|-damage|p1a: Toxapex|68/100|[from] Stealth Rock
|move|p2a: Zeraora|Knock Off|p1a: Toxapex
|-damage|p1a: Toxapex|56/100
|
|-weather|Sandstorm|[upkeep]
|-damage|p2a: Zeraora|49/100|[from] Sandstorm
|-damage|p1a: Toxapex|50/100|[from] Sandstorm
|upkeep
|turn|49
|
|t:|1652719359
|switch|p1a: Heatran|Heatran, F|40/100
|-damage|p1a: Heatran|28/100|[from] Stealth Rock
|move|p2a: Zeraora|Plasma Fists|p1a: Heatran
|-damage|p1a: Heatran|0 fnt
|-fieldactivate|move: Ion Deluge
|-hint|Normal-type moves become Electric-type after using Plasma Fists.
|faint|p1a: Heatran
|
|-weather|Sandstorm|[upkeep]
|-damage|p2a: Zeraora|43/100|[from] Sandstorm
|upkeep
|
|t:|1652719363
|switch|p1a: Hippowdon|Hippowdon, M|88/100
|-damage|p1a: Hippowdon|81/100|[from] Stealth Rock
|turn|50
|j| filthy xenos
|
|t:|1652719366
|switch|p2a: Kartana|Kartana|66/100
|move|p1a: Hippowdon|Earthquake|p2a: Kartana
|-damage|p2a: Kartana|35/100
|
|-weather|none
|-heal|p1a: Hippowdon|88/100|[from] item: Leftovers
|upkeep
|turn|51
|
|t:|1652719376
|switch|p2a: Zeraora|Zeraora|43/100
|switch|p1a: Toxapex|Toxapex, M|83/100
|-damage|p1a: Toxapex|70/100|[from] Stealth Rock
|
|upkeep
|turn|52
|
|t:|1652719384
|switch|p2a: Tapu Lele|Tapu Lele|7/100
|-fieldstart|move: Psychic Terrain|[from] ability: Psychic Surge|[of] p2a: Tapu Lele
|switch|p1a: Hippowdon|Hippowdon, M|88/100
|-damage|p1a: Hippowdon|81/100|[from] Stealth Rock
|-weather|Sandstorm|[from] ability: Sand Stream|[of] p1a: Hippowdon
|
|-weather|Sandstorm|[upkeep]
|-damage|p2a: Tapu Lele|1/100|[from] Sandstorm
|-heal|p1a: Hippowdon|88/100|[from] item: Leftovers
|upkeep
|turn|53
|j| DA COME UP ★彡
|
|t:|1652719396
|move|p2a: Tapu Lele|Psychic|p1a: Hippowdon
|-damage|p1a: Hippowdon|18/100
|move|p1a: Hippowdon|Slack Off|p1a: Hippowdon
|-heal|p1a: Hippowdon|68/100
|
|-weather|Sandstorm|[upkeep]
|-damage|p2a: Tapu Lele|0 fnt|[from] Sandstorm
|faint|p2a: Tapu Lele
|-heal|p1a: Hippowdon|74/100|[from] item: Leftovers
|upkeep
|
|t:|1652719401
|switch|p2a: Kartana|Kartana|35/100
|turn|54
|
|t:|1652719403
|switch|p1a: Toxapex|Toxapex, M|100/100
|-damage|p1a: Toxapex|88/100|[from] Stealth Rock
|move|p2a: Kartana|Swords Dance|p2a: Kartana
|-boost|p2a: Kartana|atk|2
|
|-weather|Sandstorm|[upkeep]
|-damage|p1a: Toxapex|82/100|[from] Sandstorm
|upkeep
|turn|55
|
|t:|1652719411
|move|p2a: Kartana|Leaf Blade|p1a: Toxapex
|-damage|p1a: Toxapex|30/100
|move|p1a: Toxapex|Haze|p1a: Toxapex
|-clearallboost
|
|-weather|Sandstorm|[upkeep]
|-damage|p1a: Toxapex|24/100|[from] Sandstorm
|upkeep
|turn|56
|
|t:|1652719415
|move|p2a: Kartana|Swords Dance|p2a: Kartana
|-boost|p2a: Kartana|atk|2
|move|p1a: Toxapex|Haze|p1a: Toxapex
|-clearallboost
|
|-weather|none
|-fieldend|move: Psychic Terrain
|upkeep
|turn|57
|
|t:|1652719419
|switch|p1a: Tornadus|Tornadus-Therian, M|92/100 brn
|-damage|p1a: Tornadus|67/100 brn|[from] Stealth Rock
|move|p2a: Kartana|Swords Dance|p2a: Kartana
|-boost|p2a: Kartana|atk|2
|
|-damage|p1a: Tornadus|61/100 brn|[from] brn
|upkeep
|turn|58
|
|t:|1652719423
|move|p1a: Tornadus|Heat Wave|p2a: Kartana
|-supereffective|p2a: Kartana
|-damage|p2a: Kartana|0 fnt
|faint|p2a: Kartana
|
|-damage|p1a: Tornadus|55/100 brn|[from] brn
|upkeep
|j| Devilex
|-message|adel19 forfeited.
|
|win|Stads
|raw|Stads's rating: 1858 &rarr; <strong>1879</strong><br />(+21 for winning)
|raw|adel19's rating: 1877 &rarr; <strong>1856</strong><br />(-21 for losing)
|l|☆adel19
|c|☆Stads|gg
|l| Aphro mari
|n| GROSS SAMPLE TEAM|dacomeup
||Ladder isn't responding, score probably updated but might not have (Request timeout).
