|j|☆Z2Freasy
|j|☆Lou dort
|inactive|Battle timer is ON: inactive players will automatically lose when time's up.
|t:|1660244439
|gametype|singles
|player|p1|Z2Freasy|hilbert|
|player|p2|Lou dort|sabrina-masters|
|teamsize|p1|6
|teamsize|p2|6
|gen|8
|tier|[Gen 8] OU
|rated|Tournament battle
|rule|Sleep Clause Mod: Limit one foe put to sleep
|rule|Species Clause: Limit one of each Pokémon
|rule|OHKO Clause: OHKO moves are banned
|rule|Evasion Items Clause: Evasion items are banned
|rule|Evasion Moves Clause: Evasion moves are banned
|rule|Endless Battle Clause: Forcing endless battles is banned
|rule|HP Percentage Mod: HP is shown in percentages
|rule|Dynamax Clause: You cannot dynamax
|clearpoke
|poke|p1|Melmetal|
|poke|p1|Landorus-Therian, M|
|poke|p1|Tapu Fini|
|poke|p1|Blacephalon|
|poke|p1|Zapdos|
|poke|p1|Rillaboom, M|
|poke|p2|Ninetales-Alola, M|
|poke|p2|Kyurem-Black|
|poke|p2|Pheromosa|
|poke|p2|Naganadel|
|poke|p2|Genesect|
|poke|p2|Magearna|
|teampreview
|inactive|Lou dort also wants the timer to be on.
|j| LocalMetagross
|j| Loldumbassler
|j| Jank Central
|j|%h moment
|j| BeastyJ157
|j| NotMoses
|c| Loldumbassler|let go
|
|t:|1660244455
|start
|switch|p1a: Buzz em in|Melmetal|100/100
|switch|p2a: Ninetales|Ninetales-Alola, M|100/100
|-weather|Hail|[from] ability: Snow Warning|[of] p2a: Ninetales
|turn|1
|c| BeastyJ157|bruh
|
|t:|1660244460
|move|p2a: Ninetales|Aurora Veil|p2a: Ninetales
|-sidestart|p2: Lou dort|move: Aurora Veil
|move|p1a: Buzz em in|Double Iron Bash|p2a: Ninetales
|-supereffective|p2a: Ninetales
|-damage|p2a: Ninetales|0 fnt
|faint|p2a: Ninetales
|-hitcount|p2: Ninetales|1
|
|-weather|Hail|[upkeep]
|-damage|p1a: Buzz em in|94/100|[from] Hail
|upkeep
|j| Me313
|c| BeastyJ157|all banned vs normal team
|
|t:|1660244468
|switch|p2a: Magearna|Magearna|100/100
|turn|2
|
|t:|1660244470
|move|p2a: Magearna|Shift Gear|p2a: Magearna
|-boost|p2a: Magearna|spe|2
|-boost|p2a: Magearna|atk|1
|move|p1a: Buzz em in|Double Iron Bash|p2a: Magearna
|-damage|p2a: Magearna|71/100
|-damage|p2a: Magearna|44/100
|-hitcount|p2a: Magearna|2
|
|-weather|Hail|[upkeep]
|-damage|p2a: Magearna|38/100|[from] Hail
|-damage|p1a: Buzz em in|88/100|[from] Hail
|-heal|p2a: Magearna|44/100|[from] item: Leftovers
|upkeep
|turn|3
|l| Loldumbassler
|
|t:|1660244476
|move|p2a: Magearna|Focus Blast|p1a: Buzz em in|[miss]
|-miss|p2a: Magearna|p1a: Buzz em in
|move|p1a: Buzz em in|Double Iron Bash|p2a: Magearna
|-damage|p2a: Magearna|15/100
|-damage|p2a: Magearna|0 fnt
|faint|p2a: Magearna
|-hitcount|p2: Magearna|2
|
|-weather|Hail|[upkeep]
|-damage|p1a: Buzz em in|82/100|[from] Hail
|upkeep
|c| NotMoses|I had nothing that could touch the kyurem lmao
|c| BeastyJ157|bruh why go mag
|c|☆Lou dort|who else gonna take the dib
|c| BeastyJ157|go gene
|c|☆Lou dort|genesect is fucking walled
|inactive|Lou dort has 120 seconds left.
|
|t:|1660244510
|switch|p2a: Naganadel|Naganadel|100/100
|turn|4
|j| Loldumbassler
|
|t:|1660244515
|switch|p1a: Hardbody|Landorus-Therian, M|100/100
|-ability|p1a: Hardbody|Intimidate|boost
|-unboost|p2a: Naganadel|atk|1
|move|p2a: Naganadel|Fire Blast|p1a: Hardbody
|-damage|p1a: Hardbody|58/100
|-damage|p2a: Naganadel|91/100|[from] item: Life Orb
|
|-weather|Hail|[upkeep]
|-damage|p2a: Naganadel|85/100|[from] Hail
|-damage|p1a: Hardbody|52/100|[from] Hail
|-heal|p1a: Hardbody|58/100|[from] item: Leftovers
|upkeep
|turn|5
|c| BeastyJ157|bruh doesnt it run flamethrower
|c| Loldumbassler|fire blast
|j| a jellyfish
|
|t:|1660244526
|move|p2a: Naganadel|Draco Meteor|p1a: Hardbody|[miss]
|-miss|p2a: Naganadel|p1a: Hardbody
|move|p1a: Hardbody|Earthquake|p2a: Naganadel
|-supereffective|p2a: Naganadel
|-damage|p2a: Naganadel|9/100
|
|-weather|none
|-heal|p1a: Hardbody|64/100|[from] item: Leftovers
|upkeep
|turn|6
|c| BeastyJ157|lol unlucky
|c| Jank Central|lmao (lmao)
|c| LocalMetagross|skilled miss
|j| LadderSoLucky
|c| Me313|classic naganadel
|
|t:|1660244539
|move|p2a: Naganadel|Draco Meteor|p1a: Hardbody
|-damage|p1a: Hardbody|0 fnt
|-unboost|p2a: Naganadel|spa|2
|faint|p1a: Hardbody
|-ability|p2a: Naganadel|Beast Boost|boost
|-boost|p2a: Naganadel|spe|1
|-damage|p2a: Naganadel|0 fnt|[from] item: Life Orb
|faint|p2a: Naganadel
|
|upkeep
|c| BeastyJ157|skill issue
|c| Loldumbassler|when luck bad
|c| BeastyJ157|just get better luck
|c| Jank Central|i think it would be really funny if lou lost this
|c| Jank Central|i would laf
|c|☆Lou dort|hater
|c| Jank Central|nah
|
|t:|1660244573
|switch|p2a: Pheromosa|Pheromosa|100/100
|switch|p1a: Boogie Bomb|Blacephalon|100/100
|turn|7
|c| Jank Central|it would just be funny
|l| LadderSoLucky
|inactive|Z2Freasy has 120 seconds left.
|c| Loldumbassler|he lost 3 mons for the price of one
|
|t:|1660244595
|move|p1a: Boogie Bomb|Flamethrower|p2a: Pheromosa
|-supereffective|p2a: Pheromosa
|-damage|p2a: Pheromosa|0 fnt
|faint|p2a: Pheromosa
|-ability|p1a: Boogie Bomb|Beast Boost|boost
|-boost|p1a: Boogie Bomb|spa|1
|
|upkeep
|c| Loldumbassler|my hope isnt up
|
|t:|1660244599
|switch|p2a: Kyurem|Kyurem-Black|100/100
|-ability|p2a: Kyurem|Teravolt
|turn|8
|
|t:|1660244602
|switch|p1a: Buzz em in|Melmetal|82/100
|move|p2a: Kyurem|Dragon Dance|p2a: Kyurem
|-boost|p2a: Kyurem|atk|1
|-boost|p2a: Kyurem|spe|1
|
|-sideend|p2: Lou dort|move: Aurora Veil
|upkeep
|turn|9
|
|t:|1660244604
|move|p2a: Kyurem|Fusion Bolt|p1a: Buzz em in
|-damage|p1a: Buzz em in|44/100
|move|p1a: Buzz em in|Double Iron Bash|p2a: Kyurem
|-supereffective|p2a: Kyurem
|-damage|p2a: Kyurem|0 fnt
|faint|p2a: Kyurem
|-hitcount|p2: Kyurem|1
|
|upkeep
|c| Me313|uh oh
|
|t:|1660244607
|switch|p2a: Genesect|Genesect, shiny|100/100
|-ability|p2a: Genesect|Download|boost
|-boost|p2a: Genesect|spa|1
|turn|10
|c| BeastyJ157|bruh thats game
|
|t:|1660244610
|move|p2a: Genesect|Iron Head|p1a: Buzz em in
|-resisted|p1a: Buzz em in
|-damage|p1a: Buzz em in|29/100
|move|p1a: Buzz em in|Double Iron Bash|p2a: Genesect
|-resisted|p2a: Genesect
|-damage|p2a: Genesect|58/100
|-resisted|p2a: Genesect
|-damage|p2a: Genesect|16/100
|-hitcount|p2a: Genesect|2
|
|upkeep
|turn|11
|
|t:|1660244612
|move|p2a: Genesect|Iron Head|p1a: Buzz em in
|-resisted|p1a: Buzz em in
|-damage|p1a: Buzz em in|14/100
|cant|p1a: Buzz em in|flinch
|
|upkeep
|turn|12
|
|t:|1660244614
|move|p2a: Genesect|Iron Head|p1a: Buzz em in
|-resisted|p1a: Buzz em in
|-damage|p1a: Buzz em in|0 fnt
|faint|p1a: Buzz em in
|
|upkeep
|c| Jank Central|goofy ahh
|c| BeastyJ157|ig legendary spam isnt good
|c| LocalMetagross|damn L
|
|t:|1660244619
|switch|p1a: Boogie Bomb|Blacephalon|100/100
|turn|13
|c|☆Z2Freasy|ggs
|c| a jellyfish|lol
|c| LocalMetagross|goofy
|c| Me313|sad
|c|☆Lou dort|if it isnt good how did i get here BeastyJ157
|c| Jank Central|ok i'm laugh now
|c| Me313|YOOOO COMEBACK SWEEP
|
|t:|1660244639
|move|p1a: Boogie Bomb|Flamethrower|p2a: Genesect
|-supereffective|p2a: Genesect
|-damage|p2a: Genesect|0 fnt
|faint|p2a: Genesect
|
|win|Z2Freasy
|n|☆Z2Freasy|z2freasy
|n|☆Lou dort|loudort
|n| LocalMetagross|localmetagross
|n| Jank Central|jankcentral
|n| h moment|hmoment
|n| BeastyJ157|beastyj157
|n| NotMoses|notmoses
|n| Me313|me313
|n| Loldumbassler|loldumbassler
|n| a jellyfish|ajellyfish
