|j|☆coronoat4
|j|☆testotesto321
|player|p1|coronoat4|102|1603
|player|p2|testotesto321|bellelba|1589
|teamsize|p1|6
|teamsize|p2|6
|gametype|singles
|gen|8
|tier|[Gen 8] OU
|rated|
|html|<div class="broadcast-red"><strong>OU is currently suspecting Melmetal! For information on how to participate check out the <a href="https://www.smogon.com/forums/threads/3662190/">suspect thread</a>.</strong></div>
|clearpoke
|poke|p1|Melmetal|
|poke|p1|Zeraora|
|poke|p1|Clefable, M|
|poke|p1|Ferrothorn, M|
|poke|p1|Mandibuzz, F|
|poke|p1|Seismitoad, F|
|poke|p2|Weavile, M|
|poke|p2|Zeraora|
|poke|p2|Gengar, M|
|poke|p2|Seismitoad, F|
|poke|p2|Corviknight, F|
|poke|p2|Toxapex, F|
|rule|Sleep Clause Mod: Limit one foe put to sleep
|rule|Species Clause: Limit one of each Pokémon
|rule|OHKO Clause: OHKO moves are banned
|rule|Evasion Moves Clause: Evasion moves are banned
|rule|Endless Battle Clause: Forcing endless battles is banned
|rule|HP Percentage Mod: HP is shown in percentages
|rule|Dynamax Clause: You cannot dynamax
|teampreview
|
|start
|switch|p1a: Ferrothorn|Ferrothorn, M|100/100
|switch|p2a: Toxapex|Toxapex, F, shiny|100/100
|turn|1
|
|move|p2a: Toxapex|Scald|p1a: Ferrothorn
|-resisted|p1a: Ferrothorn
|-damage|p1a: Ferrothorn|94/100
|-status|p1a: Ferrothorn|brn
|move|p1a: Ferrothorn|Spikes|p2a: Toxapex
|-sidestart|p2: testotesto321|Spikes
|
|-heal|p1a: Ferrothorn|99/100 brn|[from] item: Leftovers
|-damage|p1a: Ferrothorn|94/100 brn|[from] brn
|upkeep
|turn|2
|
|switch|p2a: Corviknight|Corviknight, F, shiny|100/100
|-ability|p2a: Corviknight|Pressure
|move|p1a: Ferrothorn|Knock Off|p2a: Corviknight
|-damage|p2a: Corviknight|91/100
|-enditem|p2a: Corviknight|Leftovers|[from] move: Knock Off|[of] p1a: Ferrothorn
|
|-heal|p1a: Ferrothorn|99/100 brn|[from] item: Leftovers
|-damage|p1a: Ferrothorn|94/100 brn|[from] brn
|upkeep
|turn|3
|
|move|p2a: Corviknight|Defog|p1a: Ferrothorn
|-unboost|p1a: Ferrothorn|evasion|1
|-sideend|p2: testotesto321|Spikes|[from] move: Defog|[of] p2a: Corviknight
|move|p1a: Ferrothorn|Knock Off|p2a: Corviknight
|-crit|p2a: Corviknight
|-damage|p2a: Corviknight|82/100
|
|-heal|p1a: Ferrothorn|99/100 brn|[from] item: Leftovers
|-damage|p1a: Ferrothorn|94/100 brn|[from] brn
|upkeep
|turn|4
|
|switch|p2a: Toxapex|Toxapex, F, shiny|100/100
|move|p1a: Ferrothorn|Leech Seed|p2a: Toxapex
|-start|p2a: Toxapex|move: Leech Seed
|
|-heal|p1a: Ferrothorn|99/100 brn|[from] item: Leftovers
|-damage|p2a: Toxapex|88/100|[from] Leech Seed|[of] p1a: Ferrothorn
|-heal|p1a: Ferrothorn|100/100 brn|[silent]
|-damage|p1a: Ferrothorn|95/100 brn|[from] brn
|upkeep
|turn|5
|
|move|p2a: Toxapex|Scald|p1a: Ferrothorn
|-resisted|p1a: Ferrothorn
|-damage|p1a: Ferrothorn|88/100 brn
|move|p1a: Ferrothorn|Spikes|p2a: Toxapex
|-sidestart|p2: testotesto321|Spikes
|
|-heal|p2a: Toxapex|94/100|[from] item: Black Sludge
|-heal|p1a: Ferrothorn|94/100 brn|[from] item: Leftovers
|-damage|p2a: Toxapex|82/100|[from] Leech Seed|[of] p1a: Ferrothorn
|-heal|p1a: Ferrothorn|100/100 brn|[silent]
|-damage|p1a: Ferrothorn|95/100 brn|[from] brn
|upkeep
|turn|6
|
|switch|p2a: Corviknight|Corviknight, F, shiny|82/100
|-ability|p2a: Corviknight|Pressure
|switch|p1a: Melmetal|Melmetal|100/100
|
|upkeep
|turn|7
|
|switch|p2a: Seismitoad|Seismitoad, F|100/100
|-damage|p2a: Seismitoad|88/100|[from] Spikes
|move|p1a: Melmetal|Acid Armor|p1a: Melmetal
|-boost|p1a: Melmetal|def|2
|
|-heal|p2a: Seismitoad|94/100|[from] item: Leftovers
|upkeep
|turn|8
|
|move|p2a: Seismitoad|Earth Power|p1a: Melmetal
|-supereffective|p1a: Melmetal
|-damage|p1a: Melmetal|65/100
|move|p1a: Melmetal|Toxic|p2a: Seismitoad
|-status|p2a: Seismitoad|tox
|
|-heal|p2a: Seismitoad|99/100 tox|[from] item: Leftovers
|-heal|p1a: Melmetal|71/100|[from] item: Leftovers
|-damage|p2a: Seismitoad|94/100 tox|[from] psn
|upkeep
|turn|9
|
|move|p2a: Seismitoad|Earth Power|p1a: Melmetal
|-supereffective|p1a: Melmetal
|-damage|p1a: Melmetal|35/100
|move|p1a: Melmetal|Body Press|p2a: Seismitoad
|-damage|p2a: Seismitoad|59/100 tox
|
|-heal|p2a: Seismitoad|65/100 tox|[from] item: Leftovers
|-heal|p1a: Melmetal|41/100|[from] item: Leftovers
|-damage|p2a: Seismitoad|53/100 tox|[from] psn
|upkeep
|turn|10
|
|switch|p1a: Clefable|Clefable, M|100/100
|move|p2a: Seismitoad|Earth Power|p1a: Clefable
|-damage|p1a: Clefable|80/100
|
|-heal|p2a: Seismitoad|59/100 tox|[from] item: Leftovers
|-heal|p1a: Clefable|87/100|[from] item: Leftovers
|-damage|p2a: Seismitoad|41/100 tox|[from] psn
|upkeep
|turn|11
|
|switch|p2a: Corviknight|Corviknight, F, shiny|82/100
|-ability|p2a: Corviknight|Pressure
|move|p1a: Clefable|Wish|p1a: Clefable
|
|-heal|p1a: Clefable|93/100|[from] item: Leftovers
|upkeep
|turn|12
|
|switch|p1a: Melmetal|Melmetal|41/100
|move|p2a: Corviknight|Defog|p1a: Melmetal
|-unboost|p1a: Melmetal|evasion|1
|-sideend|p2: testotesto321|Spikes|[from] move: Defog|[of] p2a: Corviknight
|
|-heal|p1a: Melmetal|83/100|[from] move: Wish|[wisher] Clefable
|-heal|p1a: Melmetal|89/100|[from] item: Leftovers
|upkeep
|turn|13
|
|switch|p2a: Toxapex|Toxapex, F, shiny|100/100
|switch|p1a: Seismitoad|Seismitoad, F|100/100
|
|upkeep
|turn|14
|
|move|p1a: Seismitoad|Knock Off|p2a: Toxapex
|-damage|p2a: Toxapex|81/100
|-enditem|p2a: Toxapex|Black Sludge|[from] move: Knock Off|[of] p1a: Seismitoad
|move|p2a: Toxapex|Toxic|p1a: Seismitoad
|-status|p1a: Seismitoad|tox
|
|-damage|p1a: Seismitoad|94/100 tox|[from] psn
|upkeep
|turn|15
|
|switch|p2a: Corviknight|Corviknight, F, shiny|82/100
|-ability|p2a: Corviknight|Pressure
|move|p1a: Seismitoad|Stealth Rock|p2a: Corviknight
|-sidestart|p2: testotesto321|move: Stealth Rock
|
|-heal|p1a: Seismitoad|100/100 tox|[from] item: Leftovers
|-damage|p1a: Seismitoad|88/100 tox|[from] psn
|upkeep
|turn|16
|
|switch|p1a: Zeraora|Zeraora|100/100
|move|p2a: Corviknight|Defog|p1a: Zeraora
|-unboost|p1a: Zeraora|evasion|1
|-sideend|p2: testotesto321|Stealth Rock|[from] move: Defog|[of] p2a: Corviknight
|
|upkeep
|turn|17
|
|move|p1a: Zeraora|Bulk Up|p1a: Zeraora
|-boost|p1a: Zeraora|atk|1
|-boost|p1a: Zeraora|def|1
|move|p2a: Corviknight|U-turn|p1a: Zeraora
|-damage|p1a: Zeraora|88/100
|
|switch|p2a: Seismitoad|Seismitoad, F|41/100 tox|[from]move: U-turn
|
|-heal|p1a: Zeraora|94/100|[from] item: Leftovers
|-heal|p2a: Seismitoad|47/100 tox|[from] item: Leftovers
|-damage|p2a: Seismitoad|41/100 tox|[from] psn
|upkeep
|turn|18
|
|move|p1a: Zeraora|Grass Knot|p2a: Seismitoad
|-supereffective|p2a: Seismitoad
|-damage|p2a: Seismitoad|0 fnt
|faint|p2a: Seismitoad
|
|-heal|p1a: Zeraora|99/100|[from] item: Leftovers
|upkeep
|
|switch|p2a: Zeraora|Zeraora|100/100
|turn|19
|
|move|p2a: Zeraora|Bulk Up|p2a: Zeraora
|-boost|p2a: Zeraora|atk|1
|-boost|p2a: Zeraora|def|1
|move|p1a: Zeraora|Close Combat|p2a: Zeraora
|-damage|p2a: Zeraora|52/100
|-unboost|p1a: Zeraora|def|1
|-unboost|p1a: Zeraora|spd|1
|
|-heal|p1a: Zeraora|100/100|[from] item: Leftovers
|-heal|p2a: Zeraora|58/100|[from] item: Leftovers
|upkeep
|turn|20
|
|switch|p1a: Ferrothorn|Ferrothorn, M|95/100 brn
|move|p2a: Zeraora|Close Combat|p1a: Ferrothorn
|-supereffective|p1a: Ferrothorn
|-damage|p1a: Ferrothorn|34/100 brn
|-unboost|p2a: Zeraora|def|1
|-unboost|p2a: Zeraora|spd|1
|-damage|p2a: Zeraora|46/100|[from] ability: Iron Barbs|[of] p1a: Ferrothorn
|
|-heal|p2a: Zeraora|52/100|[from] item: Leftovers
|-heal|p1a: Ferrothorn|40/100 brn|[from] item: Leftovers
|-damage|p1a: Ferrothorn|34/100 brn|[from] brn
|upkeep
|turn|21
|
|switch|p1a: Clefable|Clefable, M|93/100
|move|p2a: Zeraora|Close Combat|p1a: Clefable
|-resisted|p1a: Clefable
|-damage|p1a: Clefable|60/100
|-unboost|p2a: Zeraora|def|1
|-unboost|p2a: Zeraora|spd|1
|
|-heal|p2a: Zeraora|58/100|[from] item: Leftovers
|-heal|p1a: Clefable|66/100|[from] item: Leftovers
|upkeep
|turn|22
|
|switch|p1a: Seismitoad|Seismitoad, F|88/100 tox
|move|p2a: Zeraora|Bulk Up|p2a: Zeraora
|-boost|p2a: Zeraora|atk|1
|-boost|p2a: Zeraora|def|1
|
|-heal|p2a: Zeraora|64/100|[from] item: Leftovers
|-heal|p1a: Seismitoad|94/100 tox|[from] item: Leftovers
|-damage|p1a: Seismitoad|88/100 tox|[from] psn
|upkeep
|turn|23
|
|switch|p2a: Corviknight|Corviknight, F, shiny|82/100
|-ability|p2a: Corviknight|Pressure
|move|p1a: Seismitoad|Earthquake|p2a: Corviknight
|-immune|p2a: Corviknight
|
|-heal|p1a: Seismitoad|94/100 tox|[from] item: Leftovers
|-damage|p1a: Seismitoad|82/100 tox|[from] psn
|upkeep
|turn|24
|
|move|p1a: Seismitoad|Liquidation|p2a: Corviknight
|-damage|p2a: Corviknight|49/100
|move|p2a: Corviknight|Iron Head|p1a: Seismitoad
|-resisted|p1a: Seismitoad
|-damage|p1a: Seismitoad|68/100 tox
|
|-heal|p1a: Seismitoad|75/100 tox|[from] item: Leftovers
|-damage|p1a: Seismitoad|56/100 tox|[from] psn
|upkeep
|turn|25
|
|switch|p1a: Zeraora|Zeraora|100/100
|move|p2a: Corviknight|Roost|p2a: Corviknight
|-heal|p2a: Corviknight|99/100
|-singleturn|p2a: Corviknight|move: Roost
|
|upkeep
|turn|26
|
|move|p1a: Zeraora|Bulk Up|p1a: Zeraora
|-boost|p1a: Zeraora|atk|1
|-boost|p1a: Zeraora|def|1
|move|p2a: Corviknight|U-turn|p1a: Zeraora
|-damage|p1a: Zeraora|88/100
|
|switch|p2a: Gengar|Gengar, M|100/100|[from]move: U-turn
|
|-heal|p1a: Zeraora|94/100|[from] item: Leftovers
|upkeep
|turn|27
|
|move|p1a: Zeraora|Plasma Fists|p2a: Gengar
|-damage|p2a: Gengar|0 fnt
|-fieldactivate|move: Ion Deluge
|faint|p2a: Gengar
|
|-heal|p1a: Zeraora|99/100|[from] item: Leftovers
|upkeep
|-message|testotesto321 forfeited.
|
|win|coronoat4
|l|☆testotesto321
|l|☆coronoat4
|raw|coronoat4's rating: 1603 &rarr; <strong>1622</strong><br />(+19 for winning)
|raw|testotesto321's rating: 1589 &rarr; <strong>1570</strong><br />(-19 for losing)
|j|‽fushunha
