|j|☆Buraq
|j|☆Steez Ibanez
|inactive|Battle timer is ON: inactive players will automatically lose when time's up.
|t:|1667979868
|gametype|singles
|player|p1|Buraq|lucas|
|player|p2|Steez Ibanez|acetrainer-gen7|
|teamsize|p1|6
|teamsize|p2|6
|gen|8
|tier|[Gen 8] OU
|rated|Tournament battle
|rule|Sleep Clause Mod: Limit one foe put to sleep
|rule|Species Clause: Limit one of each Pokémon
|rule|OHKO Clause: OHKO moves are banned
|rule|Evasion Items Clause: Evasion items are banned
|rule|Evasion Moves Clause: Evasion moves are banned
|rule|Endless Battle Clause: Forcing endless battles is banned
|rule|HP Percentage Mod: HP is shown in percentages
|rule|Dynamax Clause: You cannot dynamax
|clearpoke
|poke|p1|Tapu Koko|
|poke|p1|Hippowdon, M|
|poke|p1|Clefable, M|
|poke|p1|Skarmory, F|
|poke|p1|Reuniclus, M|
|poke|p1|Toxapex, M|
|poke|p2|Slowking-Galar, M|
|poke|p2|Zapdos|
|poke|p2|Garchomp, M|
|poke|p2|Urshifu-*, M|
|poke|p2|Ferrothorn, M|
|poke|p2|Hydreigon, M|
|teampreview
|j| lowelofunn
|inactive|Steez Ibanez also wants the timer to be on.
|j| TrueFaker
|c|☆Steez Ibanez|Hf
|j| Rosaism
|
|t:|1667979878
|start
|switch|p1a: Hippowdon|Hippowdon, M|100/100
|switch|p2a: Hades|Hydreigon, M|100/100
|-weather|Sandstorm|[from] ability: Sand Stream|[of] p1a: Hippowdon
|turn|1
|j| echohollow
|j| SatorinKomeiji
|
|t:|1667979886
|move|p2a: Hades|Substitute|p2a: Hades
|-start|p2a: Hades|Substitute
|-damage|p2a: Hades|76/100
|move|p1a: Hippowdon|Toxic|p2a: Hades|[miss]
|-miss|p1a: Hippowdon|p2a: Hades
|
|-weather|Sandstorm|[upkeep]
|-damage|p2a: Hades|69/100|[from] Sandstorm
|-heal|p2a: Hades|76/100|[from] item: Leftovers
|upkeep
|turn|2
|j| cypherstest
|
|t:|1667979893
|switch|p1a: Skarmory|Skarmory, F|100/100
|move|p2a: Hades|Nasty Plot|p2a: Hades
|-boost|p2a: Hades|spa|2
|
|-weather|Sandstorm|[upkeep]
|-damage|p2a: Hades|69/100|[from] Sandstorm
|-heal|p2a: Hades|76/100|[from] item: Leftovers
|upkeep
|turn|3
|
|t:|1667979895
|move|p2a: Hades|Dark Pulse|p1a: Skarmory
|-ability|p1a: Skarmory|Sturdy
|-damage|p1a: Skarmory|1/100
|move|p1a: Skarmory|Whirlwind|p2a: Hades
|drag|p2a: Abomination|Ferrothorn, M|100/100
|
|-weather|Sandstorm|[upkeep]
|upkeep
|turn|4
|
|t:|1667979904
|move|p1a: Skarmory|Roost|p1a: Skarmory
|-heal|p1a: Skarmory|51/100
|-singleturn|p1a: Skarmory|move: Roost
|move|p2a: Abomination|Spikes|p1a: Skarmory
|-sidestart|p1: Buraq|Spikes
|
|-weather|Sandstorm|[upkeep]
|upkeep
|turn|5
|
|t:|1667979907
|move|p1a: Skarmory|Spikes|p2a: Abomination
|-sidestart|p2: Steez Ibanez|Spikes
|move|p2a: Abomination|Spikes|p1a: Skarmory
|-sidestart|p1: Buraq|Spikes
|
|-weather|none
|upkeep
|turn|6
|
|t:|1667979909
|move|p1a: Skarmory|Spikes|p2a: Abomination
|-sidestart|p2: Steez Ibanez|Spikes
|move|p2a: Abomination|Spikes|p1a: Skarmory
|-sidestart|p1: Buraq|Spikes
|
|upkeep
|turn|7
|
|t:|1667979911
|move|p1a: Skarmory|Spikes|p2a: Abomination
|-sidestart|p2: Steez Ibanez|Spikes
|move|p2a: Abomination|Leech Seed|p1a: Skarmory
|-start|p1a: Skarmory|move: Leech Seed
|
|-damage|p1a: Skarmory|39/100|[from] Leech Seed|[of] p2a: Abomination
|upkeep
|turn|8
|
|t:|1667979915
|switch|p2a: Hades|Hydreigon, M|76/100
|move|p1a: Skarmory|Roost|p1a: Skarmory
|-heal|p1a: Skarmory|89/100
|-singleturn|p1a: Skarmory|move: Roost
|
|-heal|p2a: Hades|82/100|[from] item: Leftovers
|-damage|p1a: Skarmory|76/100|[from] Leech Seed|[of] p2a: Hades
|-heal|p2a: Hades|94/100|[silent]
|upkeep
|turn|9
|j| PikaYumCute
|
|t:|1667979920
|switch|p1a: Clefable|Clefable, M|100/100
|move|p2a: Hades|Flash Cannon|p1a: Clefable
|-supereffective|p1a: Clefable
|-damage|p1a: Clefable|52/100
|
|-heal|p2a: Hades|100/100|[from] item: Leftovers
|upkeep
|turn|10
|
|t:|1667979923
|move|p2a: Hades|Flash Cannon|p1a: Clefable
|-supereffective|p1a: Clefable
|-damage|p1a: Clefable|0 fnt
|faint|p1a: Clefable
|
|upkeep
|
|t:|1667979928
|switch|p1a: Tapu Koko|Tapu Koko|100/100
|-fieldstart|move: Electric Terrain|[from] ability: Electric Surge|[of] p1a: Tapu Koko
|turn|11
|
|t:|1667979931
|switch|p2a: Bolt|Zapdos|100/100
|move|p1a: Tapu Koko|Volt Switch|p2a: Bolt
|-damage|p2a: Bolt|63/100
|
|t:|1667979937
|switch|p1a: Reuniclus|Reuniclus, M|100/100|[from]move: Volt Switch
|
|upkeep
|turn|12
|
|t:|1667979939
|move|p2a: Bolt|Volt Switch|p1a: Reuniclus
|-damage|p1a: Reuniclus|79/100
|
|t:|1667979943
|switch|p2a: Hades|Hydreigon, M|100/100|[from]move: Volt Switch
|move|p1a: Reuniclus|Knock Off|p2a: Hades
|-resisted|p2a: Hades
|-damage|p2a: Hades|93/100
|-enditem|p2a: Hades|Leftovers|[from] move: Knock Off|[of] p1a: Reuniclus
|
|-heal|p1a: Reuniclus|85/100|[from] item: Leftovers
|upkeep
|turn|13
|
|t:|1667979948
|switch|p2a: Bolt|Zapdos|63/100
|switch|p1a: Tapu Koko|Tapu Koko|100/100
|
|upkeep
|turn|14
|
|t:|1667979951
|move|p1a: Tapu Koko|Volt Switch|p2a: Bolt
|-damage|p2a: Bolt|26/100
|
|t:|1667979955
|switch|p1a: Hippowdon|Hippowdon, M|100/100|[from]move: Volt Switch
|-damage|p1a: Hippowdon|76/100|[from] Spikes
|-weather|Sandstorm|[from] ability: Sand Stream|[of] p1a: Hippowdon
|move|p2a: Bolt|Roost|p2a: Bolt
|-heal|p2a: Bolt|76/100
|-singleturn|p2a: Bolt|move: Roost
|
|-weather|Sandstorm|[upkeep]
|-damage|p2a: Bolt|70/100|[from] Sandstorm
|-heal|p1a: Hippowdon|82/100|[from] item: Leftovers
|upkeep
|turn|15
|
|t:|1667979957
|move|p2a: Bolt|Toxic|p1a: Hippowdon
|-status|p1a: Hippowdon|tox
|move|p1a: Hippowdon|Stealth Rock|p2a: Bolt
|-sidestart|p2: Steez Ibanez|move: Stealth Rock
|
|-weather|Sandstorm|[upkeep]
|-damage|p2a: Bolt|64/100|[from] Sandstorm
|-heal|p1a: Hippowdon|88/100 tox|[from] item: Leftovers
|-damage|p1a: Hippowdon|82/100 tox|[from] psn
|-fieldend|move: Electric Terrain
|upkeep
|turn|16
|
|t:|1667979962
|move|p2a: Bolt|Roost|p2a: Bolt
|-heal|p2a: Bolt|100/100
|-singleturn|p2a: Bolt|move: Roost
|move|p1a: Hippowdon|Toxic|p2a: Bolt
|-status|p2a: Bolt|tox
|
|-weather|Sandstorm|[upkeep]
|-damage|p2a: Bolt|94/100 tox|[from] Sandstorm
|-heal|p1a: Hippowdon|88/100 tox|[from] item: Leftovers
|-damage|p2a: Bolt|88/100 tox|[from] psn
|-damage|p1a: Hippowdon|76/100 tox|[from] psn
|upkeep
|turn|17
|
|t:|1667979971
|move|p2a: Bolt|Heat Wave|p1a: Hippowdon
|-damage|p1a: Hippowdon|56/100 tox
|move|p1a: Hippowdon|Slack Off|p1a: Hippowdon
|-heal|p1a: Hippowdon|100/100 tox
|
|-weather|Sandstorm|[upkeep]
|-damage|p2a: Bolt|82/100 tox|[from] Sandstorm
|-damage|p2a: Bolt|69/100 tox|[from] psn
|-damage|p1a: Hippowdon|82/100 tox|[from] psn
|upkeep
|turn|18
|
|t:|1667979980
|switch|p2a: Abomination|Ferrothorn, M|100/100
|-damage|p2a: Abomination|76/100|[from] Spikes
|-damage|p2a: Abomination|70/100|[from] Stealth Rock
|switch|p1a: Reuniclus|Reuniclus, M|85/100
|
|-weather|none
|-heal|p1a: Reuniclus|91/100|[from] item: Leftovers
|upkeep
|turn|19
|
|t:|1667979984
|move|p1a: Reuniclus|Knock Off|p2a: Abomination
|-damage|p2a: Abomination|62/100
|-activate|p2a: Abomination|ability: Iron Barbs
|-enditem|p2a: Abomination|Rocky Helmet|[from] move: Knock Off|[of] p1a: Reuniclus
|move|p2a: Abomination|Knock Off|p1a: Reuniclus
|-supereffective|p1a: Reuniclus
|-damage|p1a: Reuniclus|46/100
|-enditem|p1a: Reuniclus|Leftovers|[from] move: Knock Off|[of] p2a: Abomination
|
|upkeep
|turn|20
|
|t:|1667979994
|switch|p2a: Visyrs|Slowking-Galar, M|100/100
|-damage|p2a: Visyrs|76/100|[from] Spikes
|-damage|p2a: Visyrs|63/100|[from] Stealth Rock
|move|p1a: Reuniclus|Recover|p1a: Reuniclus
|-heal|p1a: Reuniclus|96/100
|
|upkeep
|turn|21
|
|t:|1667980007
|switch|p1a: Toxapex|Toxapex, M|100/100
|-damage|p1a: Toxapex|75/100|[from] Spikes
|move|p2a: Visyrs|Future Sight|p1a: Toxapex
|-start|p2a: Visyrs|move: Future Sight
|
|-heal|p1a: Toxapex|82/100|[from] item: Black Sludge
|upkeep
|turn|22
|
|t:|1667980016
|move|p1a: Toxapex|Light Screen|p1a: Toxapex
|-sidestart|p1: Buraq|move: Light Screen
|move|p2a: Visyrs|Scald|p1a: Toxapex
|-resisted|p1a: Toxapex
|-damage|p1a: Toxapex|78/100
|-status|p1a: Toxapex|brn
|
|-heal|p1a: Toxapex|84/100 brn|[from] item: Black Sludge
|-damage|p1a: Toxapex|78/100 brn|[from] brn
|upkeep
|turn|23
|j| modest6432
|
|t:|1667980020
|move|p1a: Toxapex|Knock Off|p2a: Visyrs
|-supereffective|p2a: Visyrs
|-damage|p2a: Visyrs|46/100
|-enditem|p2a: Visyrs|Assault Vest|[from] move: Knock Off|[of] p1a: Toxapex
|move|p2a: Visyrs|Scald|p1a: Toxapex
|-resisted|p1a: Toxapex
|-damage|p1a: Toxapex|74/100 brn
|
|-end|p1a: Toxapex|move: Future Sight
|-supereffective|p1a: Toxapex
|-damage|p1a: Toxapex|37/100 brn
|-heal|p1a: Toxapex|44/100 brn|[from] item: Black Sludge
|-damage|p1a: Toxapex|37/100 brn|[from] brn
|upkeep
|turn|24
|
|t:|1667980023
|move|p1a: Toxapex|Recover|p1a: Toxapex
|-heal|p1a: Toxapex|87/100 brn
|move|p2a: Visyrs|Future Sight|p1a: Toxapex
|-start|p2a: Visyrs|move: Future Sight
|
|-heal|p1a: Toxapex|94/100 brn|[from] item: Black Sludge
|-damage|p1a: Toxapex|87/100 brn|[from] brn
|upkeep
|turn|25
|
|t:|1667980031
|switch|p1a: Tapu Koko|Tapu Koko|100/100
|-fieldstart|move: Electric Terrain|[from] ability: Electric Surge|[of] p1a: Tapu Koko
|move|p2a: Visyrs|Scald|p1a: Tapu Koko
|-damage|p1a: Tapu Koko|84/100
|
|upkeep
|turn|26
|l| Rosaism
|
|t:|1667980046
|switch|p1a: Skarmory|Skarmory, F|76/100
|switch|p2a: Samehada|Garchomp, M|100/100
|-damage|p2a: Samehada|75/100|[from] Spikes
|-damage|p2a: Samehada|69/100|[from] Stealth Rock
|
|-end|p1a: Skarmory|move: Future Sight
|-resisted|p1a: Skarmory
|-damage|p1a: Skarmory|58/100
|-heal|p2a: Samehada|75/100|[from] item: Leftovers
|-sideend|p1: Buraq|move: Light Screen
|upkeep
|turn|27
|
|t:|1667980051
|move|p2a: Samehada|Stealth Rock|p1a: Skarmory
|-sidestart|p1: Buraq|move: Stealth Rock
|move|p1a: Skarmory|Whirlwind|p2a: Samehada
|drag|p2a: Hades|Hydreigon, M|93/100
|-damage|p2a: Hades|81/100|[from] Stealth Rock
|
|upkeep
|turn|28
|
|t:|1667980055
|switch|p1a: Tapu Koko|Tapu Koko|84/100
|move|p2a: Hades|Dark Pulse|p1a: Tapu Koko
|-resisted|p1a: Tapu Koko
|-damage|p1a: Tapu Koko|51/100
|
|upkeep
|turn|29
|l| SatorinKomeiji
|j| SatorinKomeiji
|l|☆Buraq
|inactive|Buraq disconnected and has a minute to reconnect!
|player|p1|
|l| modest6432
|j|☆Buraq
|inactive|Buraq reconnected and has 120 seconds left.
|player|p1|Buraq|lucas
|
|t:|1667980096
|switch|p2a: Visyrs|Slowking-Galar, M|79/100
|-damage|p2a: Visyrs|55/100|[from] Spikes
|-damage|p2a: Visyrs|42/100|[from] Stealth Rock
|move|p1a: Tapu Koko|Roost|p1a: Tapu Koko
|-heal|p1a: Tapu Koko|100/100
|-singleturn|p1a: Tapu Koko|move: Roost
|
|-fieldend|move: Electric Terrain
|upkeep
|turn|30
|
|t:|1667980109
|move|p1a: Tapu Koko|Volt Switch|p2a: Visyrs
|-damage|p2a: Visyrs|21/100
|
|t:|1667980112
|switch|p1a: Toxapex|Toxapex, M|100/100 brn|[from]move: Volt Switch
|-damage|p1a: Toxapex|75/100 brn|[from] Spikes
|-damage|p1a: Toxapex|63/100 brn|[from] Stealth Rock
|move|p2a: Visyrs|Future Sight|p1a: Toxapex
|-start|p2a: Visyrs|move: Future Sight
|
|-heal|p1a: Toxapex|69/100 brn|[from] item: Black Sludge
|-damage|p1a: Toxapex|63/100 brn|[from] brn
|upkeep
|turn|31
|
|t:|1667980120
|switch|p2a: Abomination|Ferrothorn, M|62/100
|-damage|p2a: Abomination|37/100|[from] Spikes
|-damage|p2a: Abomination|31/100|[from] Stealth Rock
|move|p1a: Toxapex|Light Screen|p1a: Toxapex
|-sidestart|p1: Buraq|move: Light Screen
|
|-heal|p1a: Toxapex|69/100 brn|[from] item: Black Sludge
|-damage|p1a: Toxapex|63/100 brn|[from] brn
|upkeep
|turn|32
|
|t:|1667980126
|switch|p1a: Reuniclus|Reuniclus, M|96/100
|move|p2a: Abomination|Knock Off|p1a: Reuniclus
|-supereffective|p1a: Reuniclus
|-damage|p1a: Reuniclus|66/100
|
|-end|p1a: Reuniclus|move: Future Sight
|-resisted|p1a: Reuniclus
|-damage|p1a: Reuniclus|57/100
|upkeep
|turn|33
|
|t:|1667980132
|move|p1a: Reuniclus|Recover|p1a: Reuniclus
|-heal|p1a: Reuniclus|100/100
|move|p2a: Abomination|Knock Off|p1a: Reuniclus
|-supereffective|p1a: Reuniclus
|-damage|p1a: Reuniclus|68/100
|
|upkeep
|turn|34
|
|t:|1667980136
|move|p1a: Reuniclus|Psyshock|p2a: Abomination
|-resisted|p2a: Abomination
|-damage|p2a: Abomination|21/100
|move|p2a: Abomination|Knock Off|p1a: Reuniclus
|-supereffective|p1a: Reuniclus
|-damage|p1a: Reuniclus|39/100
|
|upkeep
|turn|35
|
|t:|1667980140
|move|p1a: Reuniclus|Recover|p1a: Reuniclus
|-heal|p1a: Reuniclus|89/100
|move|p2a: Abomination|Knock Off|p1a: Reuniclus
|-supereffective|p1a: Reuniclus
|-damage|p1a: Reuniclus|57/100
|
|-sideend|p1: Buraq|move: Light Screen
|upkeep
|turn|36
|
|t:|1667980143
|move|p1a: Reuniclus|Recover|p1a: Reuniclus
|-heal|p1a: Reuniclus|100/100
|move|p2a: Abomination|Knock Off|p1a: Reuniclus
|-supereffective|p1a: Reuniclus
|-damage|p1a: Reuniclus|67/100
|
|upkeep
|turn|37
|
|t:|1667980149
|move|p1a: Reuniclus|Psyshock|p2a: Abomination
|-resisted|p2a: Abomination
|-damage|p2a: Abomination|11/100
|move|p2a: Abomination|Knock Off|p1a: Reuniclus
|-supereffective|p1a: Reuniclus
|-damage|p1a: Reuniclus|36/100
|
|upkeep
|turn|38
|
|t:|1667980160
|switch|p2a: Hades|Hydreigon, M|81/100
|-damage|p2a: Hades|68/100|[from] Stealth Rock
|move|p1a: Reuniclus|Recover|p1a: Reuniclus
|-heal|p1a: Reuniclus|86/100
|
|upkeep
|turn|39
|
|t:|1667980163
|switch|p1a: Tapu Koko|Tapu Koko|100/100
|-fieldstart|move: Electric Terrain|[from] ability: Electric Surge|[of] p1a: Tapu Koko
|move|p2a: Hades|Flash Cannon|p1a: Tapu Koko
|-damage|p1a: Tapu Koko|63/100
|
|upkeep
|turn|40
|
|t:|1667980167
|switch|p2a: Abomination|Ferrothorn, M|11/100
|-damage|p2a: Abomination|0 fnt|[from] Spikes
|faint|p2a: Abomination
|move|p1a: Tapu Koko|Roost|p1a: Tapu Koko
|-heal|p1a: Tapu Koko|100/100
|-singleturn|p1a: Tapu Koko|move: Roost
|
|upkeep
|
|t:|1667980170
|switch|p2a: Bolt|Zapdos|69/100 tox
|turn|41
|
|t:|1667980173
|move|p1a: Tapu Koko|Volt Switch|p2a: Bolt
|-damage|p2a: Bolt|33/100 tox
|
|t:|1667980175
|switch|p1a: Reuniclus|Reuniclus, M|86/100|[from]move: Volt Switch
|move|p2a: Bolt|Roost|p2a: Bolt
|-heal|p2a: Bolt|83/100 tox
|-singleturn|p2a: Bolt|move: Roost
|
|-damage|p2a: Bolt|77/100 tox|[from] psn
|upkeep
|turn|42
|
|t:|1667980178
|move|p2a: Bolt|Volt Switch|p1a: Reuniclus
|-damage|p1a: Reuniclus|66/100
|
|t:|1667980183
|switch|p2a: Visyrs|Slowking-Galar, M|55/100|[from]move: Volt Switch
|-damage|p2a: Visyrs|30/100|[from] Spikes
|-damage|p2a: Visyrs|17/100|[from] Stealth Rock
|move|p1a: Reuniclus|Knock Off|p2a: Visyrs
|-supereffective|p2a: Visyrs
|-damage|p2a: Visyrs|0 fnt
|faint|p2a: Visyrs
|
|upkeep
|c|☆Steez Ibanez|gg
|-message|Steez Ibanez forfeited.
|
|win|Buraq
|n|☆Steez Ibanez|steezibanez
|n| lowelofunn|lowelofunn
|n| TrueFaker|truefaker
|n| echohollow|echohollow
|n| cypherstest|cypherstest
|n| PikaYumCute|pikayumcute
|n| SatorinKomeiji|satorinkomeiji
|n|☆Buraq|buraq
