|j|☆mk11 jade
|j|☆Lenape
|t:|1595607701
|player|p1|mk11 jade|cowgirl|1877
|player|p2|Lenape|102|1830
|teamsize|p1|6
|teamsize|p2|6
|gametype|singles
|gen|8
|tier|[Gen 8] OU
|rated|
|html|<div class="broadcast-blue"><strong>OU is currently suspecting Magearna! For information on how to participate check out the <a href="https://www.smogon.com/forums/threads/3667669/">suspect thread</a>.</strong></div>
|clearpoke
|poke|p1|Thievul, F|
|poke|p1|Ferrothorn, F|
|poke|p1|Pincurchin, M|
|poke|p1|Zeraora|
|poke|p1|Scizor, M|
|poke|p1|Hawlucha, F|
|poke|p2|Cinderace, F|
|poke|p2|Corviknight, M|
|poke|p2|Sylveon, M|
|poke|p2|Rhyperior, F|
|poke|p2|Toxapex, F|
|poke|p2|Umbreon, F|
|rule|Sleep Clause Mod: Limit one foe put to sleep
|rule|Species Clause: Limit one of each Pokémon
|rule|OHKO Clause: OHKO moves are banned
|rule|Evasion Moves Clause: Evasion moves are banned
|rule|Endless Battle Clause: Forcing endless battles is banned
|rule|HP Percentage Mod: HP is shown in percentages
|rule|Dynamax Clause: You cannot dynamax
|teampreview
|inactive|Battle timer is ON: inactive players will automatically lose when time's up. (requested by Lenape)
|
|t:|1595607713
|start
|switch|p1a: Zeraora|Zeraora|100/100
|switch|p2a: Toxapex|Toxapex, F|100/100
|turn|1
|
|t:|1595607716
|move|p1a: Zeraora|Volt Switch|p2a: Toxapex
|-supereffective|p2a: Toxapex
|-damage|p2a: Toxapex|37/100
|j| Arnaud Senju vgc
|
|t:|1595607723
|switch|p1a: Ferrothorn|Ferrothorn, F|100/100|[from]move: Volt Switch
|move|p2a: Toxapex|Toxic|p1a: Ferrothorn
|-immune|p1a: Ferrothorn
|
|-heal|p2a: Toxapex|43/100|[from] item: Black Sludge
|upkeep
|turn|2
|
|t:|1595607728
|move|p2a: Toxapex|Recover|p2a: Toxapex
|-heal|p2a: Toxapex|93/100
|move|p1a: Ferrothorn|Spikes|p2a: Toxapex
|-sidestart|p2: Lenape|Spikes
|
|-heal|p2a: Toxapex|99/100|[from] item: Black Sludge
|upkeep
|turn|3
|
|t:|1595607731
|switch|p1a: Pincurchin|Pincurchin, M|100/100
|-fieldstart|move: Electric Terrain|[from] ability: Electric Surge|[of] p1a: Pincurchin
|move|p2a: Toxapex|Scald|p1a: Pincurchin
|-damage|p1a: Pincurchin|77/100
|-status|p1a: Pincurchin|brn
|
|-heal|p2a: Toxapex|100/100|[from] item: Black Sludge
|-damage|p1a: Pincurchin|71/100 brn|[from] brn
|upkeep
|turn|4
|l| Arnaud Senju vgc
|
|t:|1595607737
|switch|p2a: Rhyperior|Rhyperior, F|100/100
|-damage|p2a: Rhyperior|88/100|[from] Spikes
|move|p1a: Pincurchin|Hydro Pump|p2a: Rhyperior|[miss]
|-miss|p1a: Pincurchin|p2a: Rhyperior
|
|-heal|p2a: Rhyperior|94/100|[from] item: Leftovers
|-damage|p1a: Pincurchin|65/100 brn|[from] brn
|upkeep
|turn|5
|
|t:|1595607749
|move|p2a: Rhyperior|Rock Blast|p1a: Pincurchin
|-damage|p1a: Pincurchin|52/100 brn
|-damage|p1a: Pincurchin|38/100 brn
|-hitcount|p1a: Pincurchin|2
|move|p1a: Pincurchin|Hydro Pump|p2a: Rhyperior
|-supereffective|p2a: Rhyperior
|-damage|p2a: Rhyperior|13/100
|
|-heal|p2a: Rhyperior|20/100|[from] item: Leftovers
|-damage|p1a: Pincurchin|32/100 brn|[from] brn
|upkeep
|turn|6
|j| Truebeliver
|
|t:|1595607758
|switch|p1a: Ferrothorn|Ferrothorn, F|100/100
|move|p2a: Rhyperior|Earthquake|p1a: Ferrothorn
|-damage|p1a: Ferrothorn|71/100
|
|-heal|p2a: Rhyperior|26/100|[from] item: Leftovers
|upkeep
|turn|7
|
|t:|1595607761
|move|p2a: Rhyperior|Fire Punch|p1a: Ferrothorn
|-supereffective|p1a: Ferrothorn
|-damage|p1a: Ferrothorn|13/100
|-damage|p2a: Rhyperior|13/100|[from] ability: Iron Barbs|[of] p1a: Ferrothorn
|move|p1a: Ferrothorn|Knock Off|p2a: Rhyperior
|-damage|p2a: Rhyperior|0 fnt
|-enditem|p2a: Rhyperior|Leftovers|[from] move: Knock Off|[of] p1a: Ferrothorn
|faint|p2a: Rhyperior
|
|upkeep
|
|t:|1595607765
|switch|p2a: Cinderace|Cinderace, F|100/100
|turn|8
|
|t:|1595607769
|move|p2a: Cinderace|Court Change|p2a: Cinderace
|-start|p2a: Cinderace|typechange|Normal|[from] ability: Libero
|-sideend|p2: Lenape|Spikes|[silent]
|-sidestart|p1: mk11 jade|Spikes|[silent]
|-activate|p2a: Cinderace|move: Court Change
|move|p1a: Ferrothorn|Toxic|p2a: Cinderace
|-status|p2a: Cinderace|tox
|
|-damage|p2a: Cinderace|95/100 tox|[from] psn
|upkeep
|turn|9
|
|t:|1595607775
|move|p2a: Cinderace|Pyro Ball|p1a: Ferrothorn
|-start|p2a: Cinderace|typechange|Fire|[from] ability: Libero
|-supereffective|p1a: Ferrothorn
|-damage|p1a: Ferrothorn|0 fnt
|faint|p1a: Ferrothorn
|
|-damage|p2a: Cinderace|83/100 tox|[from] psn
|upkeep
|l| Truebeliver
|
|t:|1595607778
|switch|p1a: Zeraora|Zeraora|100/100
|-damage|p1a: Zeraora|88/100|[from] Spikes
|turn|10
|
|t:|1595607785
|switch|p2a: Umbreon|Umbreon, F|100/100
|move|p1a: Zeraora|Rising Voltage|p2a: Umbreon
|-damage|p2a: Umbreon|50/100
|
|-heal|p2a: Umbreon|56/100|[from] item: Leftovers
|-fieldend|move: Electric Terrain
|upkeep
|turn|11
|j| Luster Lati
|
|t:|1595607792
|move|p1a: Zeraora|Close Combat|p2a: Umbreon
|-supereffective|p2a: Umbreon
|-damage|p2a: Umbreon|10/100
|-unboost|p1a: Zeraora|def|1
|-unboost|p1a: Zeraora|spd|1
|move|p2a: Umbreon|Wish|p2a: Umbreon
|
|-heal|p2a: Umbreon|16/100|[from] item: Leftovers
|upkeep
|turn|12
|
|t:|1595607797
|switch|p1a: Scizor|Scizor, M|100/100
|-damage|p1a: Scizor|88/100|[from] Spikes
|move|p2a: Umbreon|Protect||[still]
|-fail|p2a: Umbreon
|
|-heal|p2a: Umbreon|66/100|[from] move: Wish|[wisher] Umbreon
|-heal|p2a: Umbreon|72/100|[from] item: Leftovers
|upkeep
|turn|13
|j| Hugo_pkmn
|
|t:|1595607801
|move|p1a: Scizor|U-turn|p2a: Umbreon
|-supereffective|p2a: Umbreon
|-damage|p2a: Umbreon|8/100
|
|t:|1595607805
|switch|p1a: Thievul|Thievul, F, shiny|100/100|[from]move: U-turn
|-damage|p1a: Thievul|88/100|[from] Spikes
|move|p2a: Umbreon|Foul Play|p1a: Thievul
|-resisted|p1a: Thievul
|-damage|p1a: Thievul|74/100
|
|-heal|p2a: Umbreon|14/100|[from] item: Leftovers
|upkeep
|turn|14
|j| xxxaaaxxx
|
|t:|1595607813
|move|p2a: Umbreon|Protect|p2a: Umbreon
|-singleturn|p2a: Umbreon|Protect
|move|p1a: Thievul|Burning Jealousy|p2a: Umbreon
|-activate|p2a: Umbreon|move: Protect
|
|-heal|p2a: Umbreon|20/100|[from] item: Leftovers
|upkeep
|turn|15
|
|t:|1595607817
|switch|p2a: Toxapex|Toxapex, F|100/100
|move|p1a: Thievul|Burning Jealousy|p2a: Toxapex
|-resisted|p2a: Toxapex
|-damage|p2a: Toxapex|76/100
|
|-heal|p2a: Toxapex|82/100|[from] item: Black Sludge
|upkeep
|turn|16
|
|t:|1595607821
|switch|p1a: Pincurchin|Pincurchin, M|32/100 brn
|-damage|p1a: Pincurchin|19/100 brn|[from] Spikes
|-fieldstart|move: Electric Terrain|[from] ability: Electric Surge|[of] p1a: Pincurchin
|move|p2a: Toxapex|Scald|p1a: Pincurchin
|-damage|p1a: Pincurchin|0 fnt
|faint|p1a: Pincurchin
|
|-heal|p2a: Toxapex|89/100|[from] item: Black Sludge
|upkeep
|
|t:|1595607822
|switch|p1a: Zeraora|Zeraora|88/100
|-damage|p1a: Zeraora|76/100|[from] Spikes
|turn|17
|
|t:|1595607825
|move|p2a: Toxapex|Baneful Bunker|p2a: Toxapex
|-singleturn|p2a: Toxapex|move: Protect
|move|p1a: Zeraora|Rising Voltage|p2a: Toxapex
|-activate|p2a: Toxapex|move: Protect
|
|-heal|p2a: Toxapex|95/100|[from] item: Black Sludge
|upkeep
|turn|18
|
|t:|1595607832
|switch|p2a: Umbreon|Umbreon, F|20/100
|move|p1a: Zeraora|Rising Voltage|p2a: Umbreon
|-damage|p2a: Umbreon|0 fnt
|faint|p2a: Umbreon
|
|upkeep
|j| imzosi
|
|t:|1595607837
|switch|p2a: Cinderace|Cinderace, F|83/100 tox
|turn|19
|
|t:|1595607839
|move|p2a: Cinderace|Sucker Punch|p1a: Zeraora
|-start|p2a: Cinderace|typechange|Dark|[from] ability: Libero
|-damage|p1a: Zeraora|20/100
|move|p1a: Zeraora|Rising Voltage|p2a: Cinderace
|-damage|p2a: Cinderace|0 fnt
|faint|p2a: Cinderace
|
|upkeep
|
|t:|1595607843
|switch|p2a: Toxapex|Toxapex, F|100/100
|turn|20
|
|t:|1595607848
|move|p2a: Toxapex|Baneful Bunker|p2a: Toxapex
|-singleturn|p2a: Toxapex|move: Protect
|move|p1a: Zeraora|Rising Voltage|p2a: Toxapex
|-activate|p2a: Toxapex|move: Protect
|
|upkeep
|turn|21
|
|t:|1595607853
|switch|p2a: Sylveon|Sylveon, M|100/100
|move|p1a: Zeraora|Rising Voltage|p2a: Sylveon
|-damage|p2a: Sylveon|59/100
|
|-heal|p2a: Sylveon|65/100|[from] item: Leftovers
|upkeep
|turn|22
|
|t:|1595607857
|move|p1a: Zeraora|Volt Switch|p2a: Sylveon
|-damage|p2a: Sylveon|46/100
|
|t:|1595607862
|switch|p1a: Hawlucha|Hawlucha, F|100/100|[from]move: Volt Switch
|-enditem|p1a: Hawlucha|Electric Seed
|-boost|p1a: Hawlucha|def|1|[from] item: Electric Seed
|move|p2a: Sylveon|Wish|p2a: Sylveon
|
|-heal|p2a: Sylveon|52/100|[from] item: Leftovers
|upkeep
|turn|23
|l| Hugo_pkmn
|
|t:|1595607867
|move|p1a: Hawlucha|Acrobatics|p2a: Sylveon
|-damage|p2a: Sylveon|0 fnt
|faint|p2a: Sylveon
|
|-fieldend|move: Electric Terrain
|upkeep
|
|t:|1595607869
|switch|p2a: Toxapex|Toxapex, F|100/100
|turn|24
|
|t:|1595607878
|move|p1a: Hawlucha|Swords Dance|p1a: Hawlucha
|-boost|p1a: Hawlucha|atk|2
|move|p2a: Toxapex|Scald|p1a: Hawlucha
|-crit|p1a: Hawlucha
|-damage|p1a: Hawlucha|63/100
|
|upkeep
|turn|25
|
|t:|1595607886
|move|p1a: Hawlucha|Taunt|p2a: Toxapex
|-start|p2a: Toxapex|move: Taunt
|move|p2a: Toxapex|Scald|p1a: Hawlucha
|-damage|p1a: Hawlucha|38/100
|
|upkeep
|turn|26
|
|t:|1595607890
|move|p1a: Hawlucha|Acrobatics|p2a: Toxapex
|-damage|p2a: Toxapex|43/100
|move|p2a: Toxapex|Scald|p1a: Hawlucha
|-damage|p1a: Hawlucha|11/100
|
|-heal|p2a: Toxapex|49/100|[from] item: Black Sludge
|upkeep
|turn|27
|
|t:|1595607900
|switch|p2a: Corviknight|Corviknight, M|100/100
|-ability|p2a: Corviknight|Pressure
|move|p1a: Hawlucha|Acrobatics|p2a: Corviknight
|-resisted|p2a: Corviknight
|-damage|p2a: Corviknight|70/100
|
|-heal|p2a: Corviknight|76/100|[from] item: Leftovers
|upkeep
|turn|28
|j| Serdnas
|
|t:|1595607907
|switch|p2a: Toxapex|Toxapex, F|82/100
|move|p1a: Hawlucha|High Jump Kick|p2a: Toxapex
|-resisted|p2a: Toxapex
|-damage|p2a: Toxapex|50/100
|
|-heal|p2a: Toxapex|56/100|[from] item: Black Sludge
|upkeep
|turn|29
|
|t:|1595607914
|move|p2a: Toxapex|Baneful Bunker|p2a: Toxapex
|-singleturn|p2a: Toxapex|move: Protect
|move|p1a: Hawlucha|Swords Dance|p1a: Hawlucha
|-boost|p1a: Hawlucha|atk|2
|
|-heal|p2a: Toxapex|63/100|[from] item: Black Sludge
|upkeep
|turn|30
|j| Fabulousious
|
|t:|1595607919
|switch|p2a: Corviknight|Corviknight, M|76/100
|-ability|p2a: Corviknight|Pressure
|move|p1a: Hawlucha|Acrobatics|p2a: Corviknight
|-resisted|p2a: Corviknight
|-damage|p2a: Corviknight|30/100
|
|-heal|p2a: Corviknight|36/100|[from] item: Leftovers
|upkeep
|turn|31
|
|t:|1595607923
|move|p1a: Hawlucha|Acrobatics|p2a: Corviknight
|-resisted|p2a: Corviknight
|-damage|p2a: Corviknight|0 fnt
|faint|p2a: Corviknight
|
|upkeep
|
|t:|1595607926
|switch|p2a: Toxapex|Toxapex, F|96/100
|turn|32
|
|t:|1595607931
|move|p1a: Hawlucha|Taunt|p2a: Toxapex
|-start|p2a: Toxapex|move: Taunt
|move|p2a: Toxapex|Scald|p1a: Hawlucha
|-damage|p1a: Hawlucha|0 fnt
|faint|p1a: Hawlucha
|
|-heal|p2a: Toxapex|100/100|[from] item: Black Sludge
|upkeep
|j| rickywang
|
|t:|1595607934
|switch|p1a: Thievul|Thievul, F, shiny|74/100
|-damage|p1a: Thievul|62/100|[from] Spikes
|turn|33
|
|t:|1595607936
|move|p1a: Thievul|Psychic|p2a: Toxapex
|-supereffective|p2a: Toxapex
|-crit|p2a: Toxapex
|-damage|p2a: Toxapex|12/100
|move|p2a: Toxapex|Scald|p1a: Thievul
|-damage|p1a: Thievul|38/100
|-status|p1a: Thievul|brn
|
|-heal|p2a: Toxapex|18/100|[from] item: Black Sludge
|-damage|p1a: Thievul|32/100 brn|[from] brn
|upkeep
|turn|34
|-message|Lenape forfeited.
|
|win|mk11 jade
|l|☆Lenape
