|raw|<div class="broadcast-blue"><strong>This battle is required to be public due to a player having a name starting with 'lt92pf'.</div>
|j|☆LT92PF KEBAB
|j|‽kinetic chain
|t:|1660078214
|gametype|singles
|player|p1|LT92PF KEBAB|volkner|1938
|player|p2|kinetic chain|giovanni-gen1|1920
|teamsize|p1|6
|teamsize|p2|6
|gen|8
|tier|[Gen 8] OU
|rated|
|rule|Sleep Clause Mod: Limit one foe put to sleep
|rule|Species Clause: Limit one of each Pokémon
|rule|OHKO Clause: OHKO moves are banned
|rule|Evasion Items Clause: Evasion items are banned
|rule|Evasion Moves Clause: Evasion moves are banned
|rule|Endless Battle Clause: Forcing endless battles is banned
|rule|HP Percentage Mod: HP is shown in percentages
|rule|Dynamax Clause: You cannot dynamax
|clearpoke
|poke|p1|Landorus-Therian, M|
|poke|p1|Urshifu-*, M|
|poke|p1|Slowking-Galar, M|
|poke|p1|Ferrothorn, F|
|poke|p1|Dragapult, M|
|poke|p1|Zapdos|
|poke|p2|Dragapult, F|
|poke|p2|Clefable, M|
|poke|p2|Heatran, M|
|poke|p2|Landorus-Therian, M|
|poke|p2|Zapdos|
|poke|p2|Urshifu-*, F|
|teampreview
|inactive|Battle timer is ON: inactive players will automatically lose when time's up. (requested by kinetic chain)
|j| LT92PF Pais
|j| LT91BB Livio
|j| Tace
|j| LT92PF LA PRINCESA
|
|t:|1660078231
|start
|switch|p1a: Landorus|Landorus-Therian, M|100/100
|switch|p2a: Clefable|Clefable, M|100/100
|-ability|p1a: Landorus|Intimidate|boost
|-unboost|p2a: Clefable|atk|1
|turn|1
|j| yop on the flux
|
|t:|1660078236
|move|p1a: Landorus|Knock Off|p2a: Clefable
|-resisted|p2a: Clefable
|-damage|p2a: Clefable|89/100
|-damage|p1a: Landorus|84/100|[from] item: Rocky Helmet|[of] p2a: Clefable
|-enditem|p2a: Clefable|Rocky Helmet|[from] move: Knock Off|[of] p1a: Landorus
|move|p2a: Clefable|Knock Off|p1a: Landorus
|-damage|p1a: Landorus|74/100
|-enditem|p1a: Landorus|Leftovers|[from] move: Knock Off|[of] p2a: Clefable
|
|upkeep
|turn|2
|j| filon
|
|t:|1660078242
|move|p1a: Landorus|U-turn|p2a: Clefable
|-resisted|p2a: Clefable
|-damage|p2a: Clefable|81/100
|j| RNN YasuKe
|
|t:|1660078245
|switch|p1a: Slowking|Slowking-Galar, M|100/100|[from]move: U-turn
|move|p2a: Clefable|Stealth Rock|p1a: Slowking
|-sidestart|p1: LT92PF KEBAB|move: Stealth Rock
|
|upkeep
|turn|3
|j| LT92PF Black Lotus
|
|t:|1660078249
|switch|p2a: Heatran|Heatran, M|100/100
|move|p1a: Slowking|Future Sight|p2a: Heatran
|-start|p1a: Slowking|move: Future Sight
|
|upkeep
|turn|4
|l| filon
|j| jeanmilapipe
|
|t:|1660078266
|switch|p2a: Zapdos|Zapdos|100/100
|switch|p1a: Urshifu|Urshifu-Rapid-Strike, M|100/100
|-damage|p1a: Urshifu|94/100|[from] Stealth Rock
|
|upkeep
|turn|5
|j| LT92PF Raizen
|j| thomas shelby 1
|j| OU Vacation
|l| OU Vacation
|j| lt92pf ruby
|
|t:|1660078284
|switch|p1a: Zapdos|Zapdos|100/100
|move|p2a: Zapdos|Volt Switch|p1a: Zapdos
|-damage|p1a: Zapdos|65/100
|
|t:|1660078288
|switch|p2a: Heatran|Heatran, M|100/100|[from]move: Volt Switch
|
|-end|p2a: Heatran|move: Future Sight
|-resisted|p2a: Heatran
|-damage|p2a: Heatran|82/100
|-heal|p2a: Heatran|89/100|[from] item: Leftovers
|upkeep
|turn|6
|
|t:|1660078293
|move|p1a: Zapdos|Volt Switch|p2a: Heatran
|-damage|p2a: Heatran|69/100
|j| 12th-14th
|
|t:|1660078295
|switch|p1a: Landorus|Landorus-Therian, M|74/100|[from]move: Volt Switch
|-damage|p1a: Landorus|62/100|[from] Stealth Rock
|-ability|p1a: Landorus|Intimidate|boost
|-unboost|p2a: Heatran|atk|1
|move|p2a: Heatran|Magma Storm|p1a: Landorus
|-damage|p1a: Landorus|32/100
|-activate|p1a: Landorus|move: Magma Storm|[of] p2a: Heatran
|
|-heal|p2a: Heatran|75/100|[from] item: Leftovers
|-damage|p1a: Landorus|20/100|[from] move: Magma Storm|[partiallytrapped]
|upkeep
|turn|7
|j| Keblar
|
|t:|1660078305
|move|p1a: Landorus|Defog|p2a: Heatran
|-unboost|p2a: Heatran|evasion|1
|-sideend|p1: LT92PF KEBAB|Stealth Rock|[from] move: Defog|[of] p1a: Landorus
|move|p2a: Heatran|Magma Storm|p1a: Landorus
|-damage|p1a: Landorus|0 fnt
|faint|p1a: Landorus
|
|-heal|p2a: Heatran|82/100|[from] item: Leftovers
|upkeep
|
|t:|1660078308
|switch|p1a: Urshifu|Urshifu-Rapid-Strike, M|94/100
|turn|8
|j| Misterioussaint
|j| EloHD
|
|t:|1660078313
|switch|p2a: Zapdos|Zapdos|100/100
|move|p1a: Urshifu|Surging Strikes|p2a: Zapdos
|-crit|p2a: Zapdos
|-damage|p2a: Zapdos|66/100
|-status|p1a: Urshifu|par|[from] ability: Static|[of] p2a: Zapdos
|-crit|p2a: Zapdos
|-damage|p2a: Zapdos|30/100
|-crit|p2a: Zapdos
|-damage|p2a: Zapdos|0 fnt
|faint|p2a: Zapdos
|-hitcount|p2: Zapdos|3
|
|upkeep
|j| LT92PF rej
|
|t:|1660078320
|switch|p2a: Dragapult|Dragapult, F|100/100
|turn|9
|j| Ahsan-219
|
|t:|1660078334
|switch|p1a: Ferrothorn|Ferrothorn, F|100/100
|move|p2a: Dragapult|Thunder Wave|p1a: Ferrothorn
|-status|p1a: Ferrothorn|par
|
|upkeep
|turn|10
|j| Serpi n_n
|l| thomas shelby 1
|l| 12th-14th
|
|t:|1660078344
|switch|p2a: Clefable|Clefable, M|81/100
|move|p1a: Ferrothorn|Stealth Rock|p2a: Clefable
|-sidestart|p2: kinetic chain|move: Stealth Rock
|
|upkeep
|turn|11
|
|t:|1660078348
|move|p2a: Clefable|Stealth Rock|p1a: Ferrothorn
|-sidestart|p1: LT92PF KEBAB|move: Stealth Rock
|move|p1a: Ferrothorn|Gyro Ball|p2a: Clefable
|-supereffective|p2a: Clefable
|-damage|p2a: Clefable|0 fnt
|faint|p2a: Clefable
|
|upkeep
|j| LT92PF Uxilon
|
|t:|1660078354
|switch|p2a: Heatran|Heatran, M|82/100
|-damage|p2a: Heatran|69/100|[from] Stealth Rock
|turn|12
|
|t:|1660078365
|switch|p1a: Urshifu|Urshifu-Rapid-Strike, M|94/100 par
|-damage|p1a: Urshifu|88/100 par|[from] Stealth Rock
|move|p2a: Heatran|Earth Power|p1a: Urshifu
|-damage|p1a: Urshifu|48/100 par
|
|-heal|p2a: Heatran|75/100|[from] item: Leftovers
|upkeep
|turn|13
|j| thomas shelby 1
|j| LT92PF STP
|j| Prinz
|
|t:|1660078389
|switch|p2a: Dragapult|Dragapult, F|100/100
|move|p1a: Urshifu|Surging Strikes|p2a: Dragapult
|-resisted|p2a: Dragapult
|-crit|p2a: Dragapult
|-damage|p2a: Dragapult|82/100
|-resisted|p2a: Dragapult
|-crit|p2a: Dragapult
|-damage|p2a: Dragapult|61/100
|-resisted|p2a: Dragapult
|-crit|p2a: Dragapult
|-damage|p2a: Dragapult|40/100
|-hitcount|p2a: Dragapult|3
|
|upkeep
|turn|14
|
|t:|1660078405
|switch|p1a: Slowking|Slowking-Galar, M|100/100
|-damage|p1a: Slowking|88/100|[from] Stealth Rock
|move|p2a: Dragapult|Hex|p1a: Slowking
|-supereffective|p1a: Slowking
|-damage|p1a: Slowking|57/100
|
|upkeep
|turn|15
|inactive|LT92PF KEBAB has 120 seconds left.
|j| Enzonana
|
|t:|1660078462
|switch|p2a: Heatran|Heatran, M|75/100
|-damage|p2a: Heatran|63/100|[from] Stealth Rock
|move|p1a: Slowking|Sludge Bomb|p2a: Heatran
|-immune|p2a: Heatran
|
|-heal|p2a: Heatran|69/100|[from] item: Leftovers
|upkeep
|turn|16
|
|t:|1660078475
|move|p2a: Heatran|Earth Power|p1a: Slowking
|-supereffective|p1a: Slowking
|-damage|p1a: Slowking|33/100
|move|p1a: Slowking|Scald|p2a: Heatran
|-supereffective|p2a: Heatran
|-damage|p2a: Heatran|35/100
|
|-heal|p2a: Heatran|42/100|[from] item: Leftovers
|upkeep
|turn|17
|
|t:|1660078484
|move|p2a: Heatran|Heavy Slam|p1a: Slowking
|-damage|p1a: Slowking|0 fnt
|faint|p1a: Slowking
|
|-heal|p2a: Heatran|48/100|[from] item: Leftovers
|upkeep
|j| ACII
|
|t:|1660078491
|switch|p1a: Urshifu|Urshifu-Rapid-Strike, M|48/100 par
|-damage|p1a: Urshifu|42/100 par|[from] Stealth Rock
|turn|18
|j| isudbhfahsb
|
|t:|1660078519
|switch|p2a: Urshifu|Urshifu-Rapid-Strike, F|100/100
|-damage|p2a: Urshifu|94/100|[from] Stealth Rock
|move|p1a: Urshifu|Aqua Jet|p2a: Urshifu
|-resisted|p2a: Urshifu
|-damage|p2a: Urshifu|80/100
|
|upkeep
|turn|19
|
|t:|1660078529
|move|p1a: Urshifu|Aqua Jet|p2a: Urshifu
|-resisted|p2a: Urshifu
|-damage|p2a: Urshifu|64/100
|move|p2a: Urshifu|U-turn|p1a: Urshifu
|-resisted|p1a: Urshifu
|-damage|p1a: Urshifu|23/100 par
|
|t:|1660078532
|switch|p2a: Dragapult|Dragapult, F|40/100|[from]move: U-turn
|
|upkeep
|turn|20
|
|t:|1660078536
|cant|p1a: Urshifu|par
|move|p2a: Dragapult|Hex|p1a: Urshifu
|-damage|p1a: Urshifu|0 fnt
|faint|p1a: Urshifu
|
|upkeep
|
|t:|1660078538
|switch|p1a: Dragapult|Dragapult, M|100/100
|-damage|p1a: Dragapult|88/100|[from] Stealth Rock
|turn|21
|j| mrwhy124
|j| LT92PF Bless
|inactive|kinetic chain has 120 seconds left.
|l| ACII
|
|t:|1660078584
|switch|p2a: Urshifu|Urshifu-Rapid-Strike, F|64/100
|-damage|p2a: Urshifu|57/100|[from] Stealth Rock
|move|p1a: Dragapult|Shadow Ball|p2a: Urshifu
|-damage|p2a: Urshifu|0 fnt
|faint|p2a: Urshifu
|
|upkeep
|
|t:|1660078586
|switch|p2a: Landorus|Landorus-Therian, M|100/100
|-damage|p2a: Landorus|88/100|[from] Stealth Rock
|-ability|p2a: Landorus|Intimidate|boost
|-unboost|p1a: Dragapult|atk|1
|turn|22
|
|t:|1660078602
|switch|p1a: Zapdos|Zapdos|65/100
|move|p2a: Landorus|Earthquake|p1a: Zapdos
|-immune|p1a: Zapdos
|
|-heal|p2a: Landorus|94/100|[from] item: Leftovers
|upkeep
|turn|23
|inactive|kinetic chain has 120 seconds left.
|
|t:|1660078612
|move|p1a: Zapdos|Toxic|p2a: Landorus
|-status|p2a: Landorus|tox
|move|p2a: Landorus|Toxic|p1a: Zapdos
|-status|p1a: Zapdos|tox
|
|-heal|p2a: Landorus|99/100 tox|[from] item: Leftovers
|-damage|p1a: Zapdos|59/100 tox|[from] psn
|-damage|p2a: Landorus|94/100 tox|[from] psn
|upkeep
|turn|24
|j| BIHI
|
|t:|1660078619
|move|p1a: Zapdos|Roost|p1a: Zapdos
|-heal|p1a: Zapdos|100/100 tox
|-singleturn|p1a: Zapdos|move: Roost
|move|p2a: Landorus|U-turn|p1a: Zapdos
|-damage|p1a: Zapdos|83/100 tox
|inactive|kinetic chain has 120 seconds left.
|l| LT92PF Black Lotus
|
|t:|1660078649
|switch|p2a: Dragapult|Dragapult, F|40/100|[from]move: U-turn
|
|-damage|p1a: Zapdos|71/100 tox|[from] psn
|upkeep
|turn|25
|
|t:|1660078653
|move|p2a: Dragapult|Hex|p1a: Zapdos
|-damage|p1a: Zapdos|17/100 tox
|move|p1a: Zapdos|Volt Switch|p2a: Dragapult
|-resisted|p2a: Dragapult
|-crit|p2a: Dragapult
|-damage|p2a: Dragapult|8/100
|
|t:|1660078658
|switch|p1a: Dragapult|Dragapult, M|88/100|[from]move: Volt Switch
|-damage|p1a: Dragapult|76/100|[from] Stealth Rock
|
|upkeep
|turn|26
|inactive|kinetic chain has 120 seconds left.
|
|t:|1660078676
|move|p2a: Dragapult|Draco Meteor|p1a: Dragapult
|-supereffective|p1a: Dragapult
|-damage|p1a: Dragapult|0 fnt
|-unboost|p2a: Dragapult|spa|2
|faint|p1a: Dragapult
|
|upkeep
|j| imburningbabe
|
|t:|1660078682
|switch|p1a: Ferrothorn|Ferrothorn, F|100/100 par
|-damage|p1a: Ferrothorn|94/100 par|[from] Stealth Rock
|turn|27
|
|t:|1660078687
|switch|p2a: Landorus|Landorus-Therian, M|94/100 tox
|-damage|p2a: Landorus|82/100 tox|[from] Stealth Rock
|-ability|p2a: Landorus|Intimidate|boost
|-unboost|p1a: Ferrothorn|atk|1
|move|p1a: Ferrothorn|Knock Off|p2a: Landorus
|-damage|p2a: Landorus|69/100 tox
|-enditem|p2a: Landorus|Leftovers|[from] move: Knock Off|[of] p1a: Ferrothorn
|
|-heal|p1a: Ferrothorn|100/100 par|[from] item: Leftovers
|-damage|p2a: Landorus|63/100 tox|[from] psn
|upkeep
|turn|28
|
|t:|1660078694
|move|p2a: Landorus|Earthquake|p1a: Ferrothorn
|-damage|p1a: Ferrothorn|70/100 par
|move|p1a: Ferrothorn|Leech Seed|p2a: Landorus
|-start|p2a: Landorus|move: Leech Seed
|
|-heal|p1a: Ferrothorn|76/100 par|[from] item: Leftovers
|-damage|p2a: Landorus|50/100 tox|[from] Leech Seed|[of] p1a: Ferrothorn
|-heal|p1a: Ferrothorn|89/100 par|[silent]
|-damage|p2a: Landorus|38/100 tox|[from] psn
|upkeep
|turn|29
|j| Bramborovy Salat
|
|t:|1660078700
|move|p2a: Landorus|Earthquake|p1a: Ferrothorn
|-damage|p1a: Ferrothorn|57/100 par
|move|p1a: Ferrothorn|Leech Seed||[still]
|-fail|p1a: Ferrothorn
|
|-heal|p1a: Ferrothorn|64/100 par|[from] item: Leftovers
|-damage|p2a: Landorus|26/100 tox|[from] Leech Seed|[of] p1a: Ferrothorn
|-heal|p1a: Ferrothorn|77/100 par|[silent]
|-damage|p2a: Landorus|8/100 tox|[from] psn
|upkeep
|turn|30
|
|t:|1660078710
|move|p2a: Landorus|U-turn|p1a: Ferrothorn
|-damage|p1a: Ferrothorn|63/100 par
|-damage|p2a: Landorus|0 fnt|[from] ability: Iron Barbs|[of] p1a: Ferrothorn
|faint|p2a: Landorus
|move|p1a: Ferrothorn|Leech Seed|p2: Landorus|[notarget]
|-fail|p1a: Ferrothorn
|
|-heal|p1a: Ferrothorn|69/100 par|[from] item: Leftovers
|upkeep
|
|t:|1660078717
|switch|p2a: Heatran|Heatran, M|48/100
|-damage|p2a: Heatran|35/100|[from] Stealth Rock
|turn|31
|
|t:|1660078720
|move|p2a: Heatran|Magma Storm|p1a: Ferrothorn
|-supereffective|p1a: Ferrothorn
|-damage|p1a: Ferrothorn|0 fnt
|faint|p1a: Ferrothorn
|
|-heal|p2a: Heatran|42/100|[from] item: Leftovers
|upkeep
|c|☆LT92PF KEBAB|gg
|-message|LT92PF KEBAB forfeited.
|
|win|kinetic chain
|raw|LT92PF KEBAB's rating: 1938 &rarr; <strong>1917</strong><br />(-21 for losing)
|raw|kinetic chain's rating: 1920 &rarr; <strong>1941</strong><br />(+21 for winning)
|l|☆LT92PF KEBAB
|l| Bramborovy Salat
|l|‽kinetic chain
|l| LT92PF rej
|l| Keblar
|l| Enzonana
||Ladder isn't responding, score probably updated but might not have (Request timeout).
|l| Ahsan-219
|l| LT92PF Pais
|l| Tace
|l| jeanmilapipe
|j| jeanmilapipe
|l| Misterioussaint
|l| LT92PF STP
|l| lt92pf ruby
|l| Serpi n_n
|l| thomas shelby 1
|l| Prinz
|l| mrwhy124
|l| LT91BB Livio
