|j|☆N30N3
|j|☆Storm Zone
|player|p1|N30N3|101|1890
|player|p2|Storm Zone|zinnia|1764
|teamsize|p1|6
|teamsize|p2|6
|gametype|singles
|gen|8
|tier|[Gen 8] OU
|rated|
|clearpoke
|poke|p1|Mimikyu, M|
|poke|p1|Hippowdon, M|
|poke|p1|Excadrill, M|
|poke|p1|Tyranitar, M|
|poke|p1|Kyurem|
|poke|p1|Ferrothorn, F|
|poke|p2|Xatu, M|
|poke|p2|Mamoswine, M|
|poke|p2|Jirachi|
|poke|p2|Primarina, M|
|poke|p2|Hydreigon, M|
|poke|p2|Ferrothorn, M|
|rule|Sleep Clause Mod: Limit one foe put to sleep
|rule|Species Clause: Limit one of each Pokémon
|rule|OHKO Clause: OHKO moves are banned
|rule|Evasion Moves Clause: Evasion moves are banned
|rule|Endless Battle Clause: Forcing endless battles is banned
|rule|HP Percentage Mod: HP is shown in percentages
|rule|Dynamax Clause: You cannot dynamax
|teampreview
|j| Commando 55
|inactive|Battle timer is ON: inactive players will automatically lose when time's up. (requested by N30N3)
|j| liluzispinkytoe
|
|start
|switch|p1a: Ferrothorn|Ferrothorn, F|100/100
|switch|p2a: Supernova|Jirachi, shiny|100/100
|turn|1
|
|switch|p2a: Temple|Ferrothorn, M|100/100
|move|p1a: Ferrothorn|Knock Off|p2a: Temple
|-damage|p2a: Temple|89/100
|-damage|p1a: Ferrothorn|88/100|[from] ability: Iron Barbs|[of] p2a: Temple
|-damage|p1a: Ferrothorn|72/100|[from] item: Rocky Helmet|[of] p2a: Temple
|-enditem|p2a: Temple|Rocky Helmet|[from] move: Knock Off|[of] p1a: Ferrothorn
|
|-heal|p1a: Ferrothorn|78/100|[from] item: Leftovers
|upkeep
|turn|2
|
|move|p2a: Temple|Knock Off|p1a: Ferrothorn
|-damage|p1a: Ferrothorn|66/100
|-damage|p2a: Temple|77/100|[from] ability: Iron Barbs|[of] p1a: Ferrothorn
|-enditem|p1a: Ferrothorn|Leftovers|[from] move: Knock Off|[of] p2a: Temple
|move|p1a: Ferrothorn|Knock Off|p2a: Temple
|-damage|p2a: Temple|68/100
|-damage|p1a: Ferrothorn|53/100|[from] ability: Iron Barbs|[of] p2a: Temple
|
|upkeep
|turn|3
|
|move|p2a: Temple|Stealth Rock|p1a: Ferrothorn
|-sidestart|p1: N30N3|move: Stealth Rock
|move|p1a: Ferrothorn|Spikes|p2a: Temple
|-sidestart|p2: Storm Zone|Spikes
|
|upkeep
|turn|4
|
|switch|p2a: Cosmic Owl|Xatu, M|100/100
|move|p1a: Ferrothorn|Knock Off|p2a: Cosmic Owl
|-supereffective|p2a: Cosmic Owl
|-damage|p2a: Cosmic Owl|30/100
|-enditem|p2a: Cosmic Owl|Choice Scarf|[from] move: Knock Off|[of] p1a: Ferrothorn
|
|upkeep
|turn|5
|
|switch|p1a: Tyranitar|Tyranitar, M|100/100
|-damage|p1a: Tyranitar|88/100|[from] Stealth Rock
|-weather|Sandstorm|[from] ability: Sand Stream|[of] p1a: Tyranitar
|move|p2a: Cosmic Owl|Heat Wave|p1a: Tyranitar
|-resisted|p1a: Tyranitar
|-damage|p1a: Tyranitar|79/100
|
|-weather|Sandstorm|[upkeep]
|-damage|p2a: Cosmic Owl|24/100|[from] Sandstorm
|upkeep
|turn|6
|
|move|p2a: Cosmic Owl|Giga Drain|p1a: Tyranitar
|-supereffective|p1a: Tyranitar
|-damage|p1a: Tyranitar|49/100
|-heal|p2a: Cosmic Owl|43/100|[from] drain|[of] p1a: Tyranitar
|move|p1a: Tyranitar|Crunch|p2a: Cosmic Owl
|-supereffective|p2a: Cosmic Owl
|-damage|p2a: Cosmic Owl|0 fnt
|faint|p2a: Cosmic Owl
|
|-weather|Sandstorm|[upkeep]
|upkeep
|
|switch|p2a: Behemoth|Mamoswine, M, shiny|100/100
|-damage|p2a: Behemoth|88/100|[from] Spikes
|turn|7
|inactive|N30N3 has 120 seconds left.
|
|move|p2a: Behemoth|Earthquake|p1a: Tyranitar
|-supereffective|p1a: Tyranitar
|-damage|p1a: Tyranitar|0 fnt
|-damage|p2a: Behemoth|78/100|[from] item: Life Orb
|faint|p1a: Tyranitar
|
|-weather|Sandstorm|[upkeep]
|upkeep
|
|switch|p1a: Excadrill|Excadrill, M|100/100
|-damage|p1a: Excadrill|97/100|[from] Stealth Rock
|turn|8
|
|move|p1a: Excadrill|Earthquake|p2a: Behemoth
|-damage|p2a: Behemoth|0 fnt
|-damage|p1a: Excadrill|87/100|[from] item: Life Orb
|faint|p2a: Behemoth
|
|-weather|Sandstorm|[upkeep]
|upkeep
|
|switch|p2a: Temple|Ferrothorn, M|68/100
|-damage|p2a: Temple|55/100|[from] Spikes
|turn|9
|inactive|N30N3 has 120 seconds left.
|
|move|p1a: Excadrill|Earthquake|p2a: Temple
|-damage|p2a: Temple|13/100
|-damage|p1a: Excadrill|78/100|[from] item: Life Orb
|move|p2a: Temple|Body Press|p1a: Excadrill
|-supereffective|p1a: Excadrill
|-damage|p1a: Excadrill|0 fnt
|faint|p1a: Excadrill
|
|-weather|none
|upkeep
|inactive|N30N3 has 120 seconds left.
|
|switch|p1a: Mimikyu|Mimikyu, M|100/100
|-damage|p1a: Mimikyu|88/100|[from] Stealth Rock
|turn|10
|
|move|p1a: Mimikyu|Drain Punch|p2a: Temple
|-supereffective|p2a: Temple
|-damage|p2a: Temple|0 fnt
|-heal|p1a: Mimikyu|97/100|[from] drain|[of] p2a: Temple
|-damage|p1a: Mimikyu|85/100|[from] ability: Iron Barbs|[of] p2a: Temple
|-damage|p1a: Mimikyu|75/100|[from] item: Life Orb
|faint|p2a: Temple
|
|upkeep
|
|switch|p2a: Hybrid|Hydreigon, M|100/100
|turn|11
|
|switch|p1a: Hippowdon|Hippowdon, M|100/100
|-damage|p1a: Hippowdon|94/100|[from] Stealth Rock
|-weather|Sandstorm|[from] ability: Sand Stream|[of] p1a: Hippowdon
|move|p2a: Hybrid|U-turn|p1a: Hippowdon
|-damage|p1a: Hippowdon|85/100
|
|switch|p2a: Supernova|Jirachi, shiny|100/100|[from]move: U-turn
|-damage|p2a: Supernova|88/100|[from] Spikes
|
|-weather|Sandstorm|[upkeep]
|upkeep
|turn|12
|l| Commando 55
|
|move|p2a: Supernova|Energy Ball|p1a: Hippowdon
|-supereffective|p1a: Hippowdon
|-crit|p1a: Hippowdon
|-damage|p1a: Hippowdon|0 fnt
|faint|p1a: Hippowdon
|
|-weather|Sandstorm|[upkeep]
|upkeep
|
|switch|p1a: Kyurem|Kyurem|100/100
|-damage|p1a: Kyurem|76/100|[from] Stealth Rock
|-ability|p1a: Kyurem|Pressure
|turn|13
|
|move|p2a: Supernova|Iron Head|p1a: Kyurem
|-supereffective|p1a: Kyurem
|-damage|p1a: Kyurem|11/100
|move|p1a: Kyurem|Earth Power|p2a: Supernova
|-supereffective|p2a: Supernova
|-damage|p2a: Supernova|0 fnt
|faint|p2a: Supernova
|
|-weather|Sandstorm|[upkeep]
|-damage|p1a: Kyurem|5/100|[from] Sandstorm
|upkeep
|
|switch|p2a: Hybrid|Hydreigon, M|100/100
|turn|14
|
|switch|p1a: Ferrothorn|Ferrothorn, F|53/100
|-damage|p1a: Ferrothorn|47/100|[from] Stealth Rock
|move|p2a: Hybrid|Dark Pulse|p1a: Ferrothorn
|-damage|p1a: Ferrothorn|14/100
|
|-weather|Sandstorm|[upkeep]
|-damage|p2a: Hybrid|94/100|[from] Sandstorm
|upkeep
|turn|15
|
|move|p2a: Hybrid|Dark Pulse|p1a: Ferrothorn
|-damage|p1a: Ferrothorn|0 fnt
|faint|p1a: Ferrothorn
|
|-weather|Sandstorm|[upkeep]
|-damage|p2a: Hybrid|88/100|[from] Sandstorm
|upkeep
|
|switch|p1a: Mimikyu|Mimikyu, M|75/100
|-damage|p1a: Mimikyu|62/100|[from] Stealth Rock
|turn|16
|
|move|p2a: Hybrid|Dark Pulse|p1a: Mimikyu
|-activate|p1a: Mimikyu|ability: Disguise
|-damage|p1a: Mimikyu|62/100
|detailschange|p1a: Mimikyu|Mimikyu-Busted, M
|-damage|p1a: Mimikyu|50/100|[from] pokemon: Mimikyu-Busted
|move|p1a: Mimikyu|Swords Dance|p1a: Mimikyu
|-boost|p1a: Mimikyu|atk|2
|
|-weather|Sandstorm|[upkeep]
|-damage|p2a: Hybrid|82/100|[from] Sandstorm
|-damage|p1a: Mimikyu|44/100|[from] Sandstorm
|upkeep
|turn|17
|c|☆Storm Zone|gg
|
|move|p2a: Hybrid|Dark Pulse|p1a: Mimikyu
|-damage|p1a: Mimikyu|0 fnt
|faint|p1a: Mimikyu
|
|-weather|Sandstorm|[upkeep]
|-damage|p2a: Hybrid|76/100|[from] Sandstorm
|upkeep
|c|☆N30N3|Gg
|-message|N30N3 forfeited.
|
|win|Storm Zone
|l|☆N30N3
