|j|☆testotesto321
|j|☆S4nguine
|player|p1|testotesto321|bellelba|1550
|player|p2|S4nguine|steven|1552
|teamsize|p1|6
|teamsize|p2|6
|gametype|singles
|gen|8
|tier|[Gen 8] OU
|rated|
|html|<div class="broadcast-red"><strong>OU is currently suspecting Melmetal! For information on how to participate check out the <a href="https://www.smogon.com/forums/threads/3662190/">suspect thread</a>.</strong></div>
|clearpoke
|poke|p1|Melmetal|
|poke|p1|Rotom-Heat|
|poke|p1|Kyurem|
|poke|p1|Clefable, F|
|poke|p1|Corviknight, F|
|poke|p1|Seismitoad, F|
|poke|p2|Primarina, M|
|poke|p2|Incineroar, M|
|poke|p2|Dracovish|
|poke|p2|Corviknight, F|
|poke|p2|Ferrothorn, F|
|poke|p2|Melmetal|
|rule|Sleep Clause Mod: Limit one foe put to sleep
|rule|Species Clause: Limit one of each Pokémon
|rule|OHKO Clause: OHKO moves are banned
|rule|Evasion Moves Clause: Evasion moves are banned
|rule|Endless Battle Clause: Forcing endless battles is banned
|rule|HP Percentage Mod: HP is shown in percentages
|rule|Dynamax Clause: You cannot dynamax
|teampreview
|
|start
|switch|p1a: Rotom|Rotom-Heat|100/100
|switch|p2a: Primarina|Primarina, M|100/100
|turn|1
|
|move|p1a: Rotom|Volt Switch|p2a: Primarina
|-supereffective|p2a: Primarina
|-damage|p2a: Primarina|69/100
|
|switch|p1a: Clefable|Clefable, F|100/100|[from]move: Volt Switch
|move|p2a: Primarina|Energy Ball|p1a: Clefable
|-crit|p1a: Clefable
|-damage|p1a: Clefable|65/100
|
|-heal|p1a: Clefable|71/100|[from] item: Leftovers
|upkeep
|turn|2
|
|switch|p2a: Incineroar|Incineroar, M|100/100
|-ability|p2a: Incineroar|Intimidate|boost
|-unboost|p1a: Clefable|atk|1
|move|p1a: Clefable|Wish|p1a: Clefable
|
|-heal|p1a: Clefable|77/100|[from] item: Leftovers
|upkeep
|turn|3
|
|switch|p1a: Seismitoad|Seismitoad, F|100/100
|move|p2a: Incineroar|Parting Shot|p1a: Seismitoad
|-unboost|p1a: Seismitoad|atk|1
|-unboost|p1a: Seismitoad|spa|1
|
|switch|p2a: Primarina|Primarina, M|69/100|[from]move: Parting Shot
|
|upkeep
|turn|4
|
|switch|p1a: Corviknight|Corviknight, F, shiny|100/100
|-ability|p1a: Corviknight|Pressure
|switch|p2a: Incineroar|Incineroar, M|100/100
|-ability|p2a: Incineroar|Intimidate|boost
|-unboost|p1a: Corviknight|atk|1
|
|upkeep
|turn|5
|
|move|p1a: Corviknight|U-turn|p2a: Incineroar
|-damage|p2a: Incineroar|91/100
|j|‽fushunha
|
|switch|p1a: Seismitoad|Seismitoad, F|100/100|[from]move: U-turn
|move|p2a: Incineroar|Flare Blitz|p1a: Seismitoad
|-resisted|p1a: Seismitoad
|-damage|p1a: Seismitoad|79/100
|-damage|p2a: Incineroar|84/100|[from] Recoil
|
|-heal|p1a: Seismitoad|86/100|[from] item: Leftovers
|upkeep
|turn|6
|
|switch|p2a: Primarina|Primarina, M|69/100
|move|p1a: Seismitoad|Earth Power|p2a: Primarina
|-damage|p2a: Primarina|53/100
|
|-heal|p1a: Seismitoad|92/100|[from] item: Leftovers
|upkeep
|turn|7
|
|switch|p1a: Corviknight|Corviknight, F, shiny|100/100
|-ability|p1a: Corviknight|Pressure
|move|p2a: Primarina|Energy Ball|p1a: Corviknight
|-resisted|p1a: Corviknight
|-damage|p1a: Corviknight|95/100
|
|-heal|p1a: Corviknight|100/100|[from] item: Leftovers
|upkeep
|turn|8
|
|switch|p2a: Corviknight|Corviknight, F|100/100
|-ability|p2a: Corviknight|Pressure
|move|p1a: Corviknight|U-turn|p2a: Corviknight
|-resisted|p2a: Corviknight
|-damage|p2a: Corviknight|98/100
|-damage|p1a: Corviknight|84/100|[from] item: Rocky Helmet|[of] p2a: Corviknight
|
|switch|p1a: Rotom|Rotom-Heat|100/100|[from]move: U-turn
|
|upkeep
|turn|9
|
|switch|p2a: Primarina|Primarina, M|53/100
|move|p1a: Rotom|Nasty Plot|p1a: Rotom
|-boost|p1a: Rotom|spa|2
|
|upkeep
|turn|10
|
|move|p1a: Rotom|Volt Switch|p2a: Primarina
|-supereffective|p2a: Primarina
|-damage|p2a: Primarina|0 fnt
|faint|p2a: Primarina
|
|switch|p1a: Corviknight|Corviknight, F, shiny|84/100|[from]move: Volt Switch
|-ability|p1a: Corviknight|Pressure
|
|-heal|p1a: Corviknight|90/100|[from] item: Leftovers
|upkeep
|
|switch|p2a: Dracovish|Dracovish|100/100
|turn|11
|
|switch|p1a: Seismitoad|Seismitoad, F|92/100
|move|p2a: Dracovish|Crunch|p1a: Seismitoad
|-damage|p1a: Seismitoad|56/100
|
|-heal|p1a: Seismitoad|62/100|[from] item: Leftovers
|upkeep
|turn|12
|
|switch|p2a: Corviknight|Corviknight, F|98/100
|-ability|p2a: Corviknight|Pressure
|move|p1a: Seismitoad|Stealth Rock|p2a: Corviknight
|-sidestart|p2: S4nguine|move: Stealth Rock
|
|-heal|p1a: Seismitoad|68/100|[from] item: Leftovers
|upkeep
|turn|13
|
|switch|p1a: Rotom|Rotom-Heat|100/100
|move|p2a: Corviknight|Defog|p1a: Rotom
|-unboost|p1a: Rotom|evasion|1
|-sideend|p2: S4nguine|Stealth Rock|[from] move: Defog|[of] p2a: Corviknight
|
|upkeep
|turn|14
|
|move|p1a: Rotom|Volt Switch|p2a: Corviknight
|-supereffective|p2a: Corviknight
|-damage|p2a: Corviknight|38/100
|
|switch|p1a: Corviknight|Corviknight, F, shiny|90/100|[from]move: Volt Switch
|-ability|p1a: Corviknight|Pressure
|move|p2a: Corviknight|Roost|p2a: Corviknight
|-heal|p2a: Corviknight|88/100
|-singleturn|p2a: Corviknight|move: Roost
|
|-heal|p1a: Corviknight|96/100|[from] item: Leftovers
|upkeep
|turn|15
|
|move|p1a: Corviknight|U-turn|p2a: Corviknight
|-resisted|p2a: Corviknight
|-damage|p2a: Corviknight|86/100
|-damage|p1a: Corviknight|80/100|[from] item: Rocky Helmet|[of] p2a: Corviknight
|
|switch|p1a: Rotom|Rotom-Heat|100/100|[from]move: U-turn
|move|p2a: Corviknight|Iron Defense|p2a: Corviknight
|-boost|p2a: Corviknight|def|2
|
|upkeep
|turn|16
|
|switch|p2a: Dracovish|Dracovish|100/100
|move|p1a: Rotom|Overheat|p2a: Dracovish
|-resisted|p2a: Dracovish
|-damage|p2a: Dracovish|83/100
|-unboost|p1a: Rotom|spa|2
|
|upkeep
|turn|17
|
|switch|p1a: Seismitoad|Seismitoad, F|68/100
|move|p2a: Dracovish|Fishious Rend|p1a: Seismitoad
|-heal|p1a: Seismitoad|93/100|[from] ability: Water Absorb|[of] p2a: Dracovish
|
|-heal|p1a: Seismitoad|99/100|[from] item: Leftovers
|upkeep
|turn|18
|
|switch|p2a: Corviknight|Corviknight, F|86/100
|-ability|p2a: Corviknight|Pressure
|move|p1a: Seismitoad|Stealth Rock|p2a: Corviknight
|-sidestart|p2: S4nguine|move: Stealth Rock
|
|-heal|p1a: Seismitoad|100/100|[from] item: Leftovers
|upkeep
|turn|19
|
|switch|p1a: Rotom|Rotom-Heat|100/100
|move|p2a: Corviknight|Body Press|p1a: Rotom
|-damage|p1a: Rotom|67/100
|
|upkeep
|turn|20
|
|move|p1a: Rotom|Nasty Plot|p1a: Rotom
|-boost|p1a: Rotom|spa|2
|move|p2a: Corviknight|Defog|p1a: Rotom
|-unboost|p1a: Rotom|evasion|1
|-sideend|p2: S4nguine|Stealth Rock|[from] move: Defog|[of] p2a: Corviknight
|
|upkeep
|turn|21
|
|switch|p2a: Ferrothorn|Ferrothorn, F|100/100
|move|p1a: Rotom|Discharge|p2a: Ferrothorn
|-resisted|p2a: Ferrothorn
|-crit|p2a: Ferrothorn
|-damage|p2a: Ferrothorn|56/100
|
|-heal|p2a: Ferrothorn|62/100|[from] item: Leftovers
|upkeep
|turn|22
|
|move|p1a: Rotom|Discharge|p2a: Ferrothorn
|-resisted|p2a: Ferrothorn
|-damage|p2a: Ferrothorn|30/100
|move|p2a: Ferrothorn|Stealth Rock|p1a: Rotom
|-sidestart|p1: testotesto321|move: Stealth Rock
|
|-heal|p2a: Ferrothorn|36/100|[from] item: Leftovers
|upkeep
|turn|23
|
|move|p1a: Rotom|Nasty Plot|p1a: Rotom
|-boost|p1a: Rotom|spa|2
|move|p2a: Ferrothorn|Toxic|p1a: Rotom
|-status|p1a: Rotom|tox
|
|-heal|p2a: Ferrothorn|42/100|[from] item: Leftovers
|-damage|p1a: Rotom|61/100 tox|[from] psn
|upkeep
|turn|24
|
|move|p2a: Ferrothorn|Protect|p2a: Ferrothorn
|-singleturn|p2a: Ferrothorn|Protect
|move|p1a: Rotom|Overheat|p2a: Ferrothorn
|-activate|p2a: Ferrothorn|move: Protect
|
|-heal|p2a: Ferrothorn|48/100|[from] item: Leftovers
|-damage|p1a: Rotom|49/100 tox|[from] psn
|upkeep
|turn|25
|
|switch|p2a: Incineroar|Incineroar, M|84/100
|-ability|p2a: Incineroar|Intimidate|boost
|-unboost|p1a: Rotom|atk|1
|move|p1a: Rotom|Overheat|p2a: Incineroar
|-resisted|p2a: Incineroar
|-damage|p2a: Incineroar|4/100
|-unboost|p1a: Rotom|spa|2
|
|-damage|p1a: Rotom|30/100 tox|[from] psn
|upkeep
|turn|26
|
|move|p2a: Incineroar|Fake Out|p1a: Rotom
|-damage|p1a: Rotom|12/100 tox
|cant|p1a: Rotom|flinch
|
|-damage|p1a: Rotom|0 fnt|[from] psn
|faint|p1a: Rotom
|upkeep
|
|switch|p1a: Seismitoad|Seismitoad, F|100/100
|-damage|p1a: Seismitoad|94/100|[from] Stealth Rock
|turn|27
|
|switch|p2a: Corviknight|Corviknight, F|86/100
|-ability|p2a: Corviknight|Pressure
|move|p1a: Seismitoad|Scald|p2a: Corviknight
|-damage|p2a: Corviknight|63/100
|
|-heal|p1a: Seismitoad|100/100|[from] item: Leftovers
|upkeep
|turn|28
|
|switch|p1a: Corviknight|Corviknight, F, shiny|80/100
|-damage|p1a: Corviknight|67/100|[from] Stealth Rock
|-ability|p1a: Corviknight|Pressure
|move|p2a: Corviknight|Roost|p2a: Corviknight
|-heal|p2a: Corviknight|100/100
|-singleturn|p2a: Corviknight|move: Roost
|
|-heal|p1a: Corviknight|74/100|[from] item: Leftovers
|upkeep
|turn|29
|
|move|p1a: Corviknight|Defog|p2a: Corviknight
|-unboost|p2a: Corviknight|evasion|1
|-sideend|p1: testotesto321|Stealth Rock|[from] move: Defog|[of] p1a: Corviknight
|move|p2a: Corviknight|Iron Defense|p2a: Corviknight
|-boost|p2a: Corviknight|def|2
|
|-heal|p1a: Corviknight|80/100|[from] item: Leftovers
|upkeep
|turn|30
|
|move|p1a: Corviknight|U-turn|p2a: Corviknight
|-resisted|p2a: Corviknight
|-damage|p2a: Corviknight|99/100
|-damage|p1a: Corviknight|63/100|[from] item: Rocky Helmet|[of] p2a: Corviknight
|
|switch|p1a: Seismitoad|Seismitoad, F|100/100|[from]move: U-turn
|move|p2a: Corviknight|Body Press|p1a: Seismitoad
|-damage|p1a: Seismitoad|66/100
|
|-heal|p1a: Seismitoad|72/100|[from] item: Leftovers
|upkeep
|turn|31
|
|move|p1a: Seismitoad|Scald|p2a: Corviknight
|-damage|p2a: Corviknight|78/100
|-status|p2a: Corviknight|brn
|move|p2a: Corviknight|Iron Defense|p2a: Corviknight
|-boost|p2a: Corviknight|def|2
|
|-heal|p1a: Seismitoad|78/100|[from] item: Leftovers
|-damage|p2a: Corviknight|71/100 brn|[from] brn
|upkeep
|turn|32
|
|move|p1a: Seismitoad|Stealth Rock|p2a: Corviknight
|-sidestart|p2: S4nguine|move: Stealth Rock
|move|p2a: Corviknight|Iron Defense|p2a: Corviknight
|-boost|p2a: Corviknight|def|2
|
|-heal|p1a: Seismitoad|84/100|[from] item: Leftovers
|-damage|p2a: Corviknight|65/100 brn|[from] brn
|upkeep
|turn|33
|
|move|p1a: Seismitoad|Scald|p2a: Corviknight
|-damage|p2a: Corviknight|39/100 brn
|move|p2a: Corviknight|Defog|p1a: Seismitoad
|-unboost|p1a: Seismitoad|evasion|1
|-sideend|p2: S4nguine|Stealth Rock|[from] move: Defog|[of] p2a: Corviknight
|
|-heal|p1a: Seismitoad|90/100|[from] item: Leftovers
|-damage|p2a: Corviknight|33/100 brn|[from] brn
|upkeep
|turn|34
|
|move|p1a: Seismitoad|Scald|p2a: Corviknight
|-damage|p2a: Corviknight|8/100 brn
|move|p2a: Corviknight|Roost|p2a: Corviknight
|-heal|p2a: Corviknight|58/100 brn
|-singleturn|p2a: Corviknight|move: Roost
|
|-heal|p1a: Seismitoad|96/100|[from] item: Leftovers
|-damage|p2a: Corviknight|52/100 brn|[from] brn
|upkeep
|turn|35
|
|switch|p1a: Kyurem|Kyurem|100/100
|-ability|p1a: Kyurem|Pressure
|move|p2a: Corviknight|Roost|p2a: Corviknight
|-heal|p2a: Corviknight|100/100 brn
|-singleturn|p2a: Corviknight|move: Roost
|
|-damage|p2a: Corviknight|94/100 brn|[from] brn
|upkeep
|turn|36
|
|move|p1a: Kyurem|Ice Beam|p2a: Corviknight
|-damage|p2a: Corviknight|20/100 brn
|move|p2a: Corviknight|Body Press|p1a: Kyurem
|-supereffective|p1a: Kyurem
|-damage|p1a: Kyurem|8/100
|
|-damage|p2a: Corviknight|13/100 brn|[from] brn
|upkeep
|turn|37
|
|switch|p2a: Ferrothorn|Ferrothorn, F|48/100
|move|p1a: Kyurem|Ice Beam|p2a: Ferrothorn
|-damage|p2a: Ferrothorn|0 fnt
|faint|p2a: Ferrothorn
|
|upkeep
|
|switch|p2a: Incineroar|Incineroar, M|4/100
|-ability|p2a: Incineroar|Intimidate|boost
|-unboost|p1a: Kyurem|atk|1
|turn|38
|
|switch|p1a: Seismitoad|Seismitoad, F|96/100
|move|p2a: Incineroar|Parting Shot|p1a: Seismitoad
|-unboost|p1a: Seismitoad|atk|1
|-unboost|p1a: Seismitoad|spa|1
|inactive|Battle timer is ON: inactive players will automatically lose when time's up. (requested by testotesto321)
|
|switch|p2a: Corviknight|Corviknight, F|13/100 brn|[from]move: Parting Shot
|-ability|p2a: Corviknight|Pressure
|
|-heal|p1a: Seismitoad|100/100|[from] item: Leftovers
|-damage|p2a: Corviknight|7/100 brn|[from] brn
|upkeep
|turn|39
|
|move|p1a: Seismitoad|Scald|p2a: Corviknight
|-damage|p2a: Corviknight|0 fnt
|faint|p2a: Corviknight
|
|upkeep
|
|switch|p2a: Dracovish|Dracovish|83/100
|turn|40
|
|move|p2a: Dracovish|Fishious Rend|p1a: Seismitoad
|-immune|p1a: Seismitoad|[from] ability: Water Absorb
|move|p1a: Seismitoad|Stealth Rock|p2a: Dracovish
|-sidestart|p2: S4nguine|move: Stealth Rock
|
|upkeep
|turn|41
|-message|S4nguine forfeited.
|
|win|testotesto321
|l|☆S4nguine
|raw|testotesto321's rating: 1550 &rarr; <strong>1570</strong><br />(+20 for winning)
|raw|S4nguine's rating: 1552 &rarr; <strong>1532</strong><br />(-20 for losing)
|l|☆testotesto321
