|j|☆venom94
|j|☆LECH24
|t:|1652639758
|gametype|singles
|player|p1|venom94|koga-lgpe|1602
|player|p2|LECH24|102|1721
|teamsize|p1|6
|teamsize|p2|6
|gen|8
|tier|[Gen 8] OU
|rated|
|rule|Sleep Clause Mod: Limit one foe put to sleep
|rule|Species Clause: Limit one of each Pokémon
|rule|OHKO Clause: OHKO moves are banned
|rule|Evasion Moves Clause: Evasion moves are banned
|rule|Endless Battle Clause: Forcing endless battles is banned
|rule|HP Percentage Mod: HP is shown in percentages
|rule|Dynamax Clause: You cannot dynamax
|clearpoke
|poke|p1|Magnezone|
|poke|p1|Weavile, F|
|poke|p1|Nihilego|
|poke|p1|Garchomp, F|
|poke|p1|Tapu Lele|
|poke|p1|Zapdos|
|poke|p2|Kartana|
|poke|p2|Latios, M|
|poke|p2|Blacephalon|
|poke|p2|Corviknight, M|
|poke|p2|Blissey, F|
|poke|p2|Zeraora|
|teampreview
|inactive|Battle timer is ON: inactive players will automatically lose when time's up. (requested by venom94)
|
|t:|1652639788
|start
|switch|p1a: Weavile|Weavile, F|100/100
|switch|p2a: Zeraora|Zeraora|100/100
|-ability|p1a: Weavile|Pressure
|turn|1
|
|t:|1652639793
|switch|p1a: Garchomp|Garchomp, F|100/100
|move|p2a: Zeraora|Close Combat|p1a: Garchomp
|-damage|p1a: Garchomp|64/100
|-unboost|p2a: Zeraora|def|1
|-unboost|p2a: Zeraora|spd|1
|-damage|p2a: Zeraora|88/100|[from] ability: Rough Skin|[of] p1a: Garchomp
|
|-heal|p1a: Garchomp|71/100|[from] item: Leftovers
|upkeep
|turn|2
|
|t:|1652639802
|switch|p2a: Corviknight|Corviknight, M|100/100
|-ability|p2a: Corviknight|Pressure
|move|p1a: Garchomp|Swords Dance|p1a: Garchomp
|-boost|p1a: Garchomp|atk|2
|
|-heal|p1a: Garchomp|77/100|[from] item: Leftovers
|upkeep
|turn|3
|
|t:|1652639806
|move|p1a: Garchomp|Fire Fang|p2a: Corviknight
|-supereffective|p2a: Corviknight
|-damage|p2a: Corviknight|48/100
|cant|p2a: Corviknight|flinch
|
|-heal|p1a: Garchomp|83/100|[from] item: Leftovers
|-heal|p2a: Corviknight|54/100|[from] item: Leftovers
|upkeep
|turn|4
|
|t:|1652639816
|move|p1a: Garchomp|Fire Fang|p2a: Corviknight
|-supereffective|p2a: Corviknight
|-damage|p2a: Corviknight|0 fnt
|faint|p2a: Corviknight
|
|-heal|p1a: Garchomp|89/100|[from] item: Leftovers
|upkeep
|
|t:|1652639821
|switch|p2a: Latios|Latios, M|100/100
|turn|5
|
|t:|1652639832
|switch|p2a: Kartana|Kartana|100/100
|switch|p1a: Tapu Lele|Tapu Lele, shiny|100/100
|-fieldstart|move: Psychic Terrain|[from] ability: Psychic Surge|[of] p1a: Tapu Lele
|
|upkeep
|turn|6
|
|t:|1652639837
|switch|p1a: Magnezone|Magnezone|100/100
|move|p2a: Kartana|Knock Off|p1a: Magnezone
|-damage|p1a: Magnezone|71/100
|-enditem|p1a: Magnezone|Leftovers|[from] move: Knock Off|[of] p2a: Kartana
|
|upkeep
|turn|7
|
|t:|1652639841
|move|p2a: Kartana|Sacred Sword|p1a: Magnezone
|-supereffective|p1a: Magnezone
|-damage|p1a: Magnezone|15/100
|move|p1a: Magnezone|Iron Defense|p1a: Magnezone
|-boost|p1a: Magnezone|def|2
|
|upkeep
|turn|8
|
|t:|1652639845
|switch|p1a: Zapdos|Zapdos|100/100
|move|p2a: Kartana|Sacred Sword|p1a: Zapdos
|-resisted|p1a: Zapdos
|-damage|p1a: Zapdos|86/100
|
|-heal|p1a: Zapdos|92/100|[from] item: Leftovers
|upkeep
|turn|9
|
|t:|1652639852
|switch|p2a: Zeraora|Zeraora|88/100
|move|p1a: Zapdos|Defog|p2a: Zeraora
|-unboost|p2a: Zeraora|evasion|1
|-fieldend|move: Psychic Terrain
|
|-heal|p1a: Zapdos|98/100|[from] item: Leftovers
|upkeep
|turn|10
|
|t:|1652639859
|move|p2a: Zeraora|Knock Off|p1a: Zapdos
|-damage|p1a: Zapdos|74/100
|-enditem|p1a: Zapdos|Leftovers|[from] move: Knock Off|[of] p2a: Zeraora
|move|p1a: Zapdos|Hurricane|p2a: Zeraora
|-resisted|p2a: Zeraora
|-damage|p2a: Zeraora|59/100
|
|upkeep
|turn|11
|
|t:|1652639862
|move|p2a: Zeraora|Volt Switch|p1a: Zapdos
|-damage|p1a: Zapdos|52/100
|
|t:|1652639864
|switch|p2a: Blacephalon|Blacephalon|100/100|[from]move: Volt Switch
|move|p1a: Zapdos|Hurricane|p2a: Blacephalon|[miss]
|-miss|p1a: Zapdos|p2a: Blacephalon
|
|upkeep
|turn|12
|
|t:|1652639869
|switch|p1a: Nihilego|Nihilego|100/100
|move|p2a: Blacephalon|Shadow Ball|p1a: Nihilego
|-damage|p1a: Nihilego|46/100
|
|upkeep
|turn|13
|
|t:|1652639874
|switch|p1a: Weavile|Weavile, F|100/100
|-ability|p1a: Weavile|Pressure
|move|p2a: Blacephalon|Shadow Ball|p1a: Weavile
|-resisted|p1a: Weavile
|-damage|p1a: Weavile|54/100
|
|upkeep
|turn|14
|
|t:|1652639889
|switch|p2a: Latios|Latios, M|100/100
|move|p1a: Weavile|Knock Off|p2a: Latios
|-supereffective|p2a: Latios
|-damage|p2a: Latios|0 fnt
|-enditem|p2a: Latios|Choice Scarf|[from] move: Knock Off|[of] p1a: Weavile
|faint|p2a: Latios
|
|upkeep
|
|t:|1652639892
|switch|p2a: Kartana|Kartana|100/100
|turn|15
|
|t:|1652639898
|switch|p1a: Zapdos|Zapdos|52/100
|switch|p2a: Blacephalon|Blacephalon|100/100
|
|upkeep
|turn|16
|l|☆venom94
|inactive|venom94 disconnected and has a minute to reconnect!
|player|p1|
|j|☆venom94
|inactive|venom94 reconnected and has 120 seconds left.
|player|p1|venom94|koga-lgpe
|
|t:|1652639934
|move|p2a: Blacephalon|Shadow Ball|p1a: Zapdos
|-damage|p1a: Zapdos|0 fnt
|faint|p1a: Zapdos
|-ability|p2a: Blacephalon|Beast Boost|boost
|-boost|p2a: Blacephalon|spa|1
|
|upkeep
|
|t:|1652639939
|switch|p1a: Weavile|Weavile, F|54/100
|-ability|p1a: Weavile|Pressure
|turn|17
|
|t:|1652639943
|switch|p2a: Blissey|Blissey, F|100/100
|move|p1a: Weavile|Knock Off|p2a: Blissey
|-damage|p2a: Blissey|59/100
|-enditem|p2a: Blissey|Heavy-Duty Boots|[from] move: Knock Off|[of] p1a: Weavile
|
|upkeep
|turn|18
|
|t:|1652639953
|switch|p1a: Garchomp|Garchomp, F|89/100
|switch|p2a: Zeraora|Zeraora|59/100
|
|-heal|p1a: Garchomp|95/100|[from] item: Leftovers
|upkeep
|turn|19
|
|t:|1652639970
|switch|p2a: Kartana|Kartana|100/100
|move|p1a: Garchomp|Earthquake|p2a: Kartana
|-damage|p2a: Kartana|43/100
|
|-heal|p1a: Garchomp|100/100|[from] item: Leftovers
|upkeep
|turn|20
|
|t:|1652639981
|move|p2a: Kartana|Leaf Blade|p1a: Garchomp
|-crit|p1a: Garchomp
|-damage|p1a: Garchomp|10/100
|-activate|p1a: Garchomp|ability: Rough Skin
|-activate|p2a: Kartana|item: Protective Pads
|move|p1a: Garchomp|Scale Shot|p2a: Kartana
|-resisted|p2a: Kartana
|-damage|p2a: Kartana|36/100
|-resisted|p2a: Kartana
|-damage|p2a: Kartana|29/100
|-resisted|p2a: Kartana
|-damage|p2a: Kartana|22/100
|-hitcount|p2a: Kartana|3
|-unboost|p1a: Garchomp|def|1
|-boost|p1a: Garchomp|spe|1
|
|-heal|p1a: Garchomp|16/100|[from] item: Leftovers
|upkeep
|turn|21
|
|t:|1652639994
|move|p1a: Garchomp|Earthquake|p2a: Kartana
|-damage|p2a: Kartana|0 fnt
|faint|p2a: Kartana
|
|-heal|p1a: Garchomp|23/100|[from] item: Leftovers
|upkeep
|
|t:|1652639996
|switch|p2a: Blissey|Blissey, F|59/100
|turn|22
|
|t:|1652640004
|move|p1a: Garchomp|Earthquake|p2a: Blissey
|-damage|p2a: Blissey|11/100
|move|p2a: Blissey|Seismic Toss|p1a: Garchomp
|-damage|p1a: Garchomp|0 fnt
|-damage|p2a: Blissey|0 fnt|[from] ability: Rough Skin|[of] p1a: Garchomp
|faint|p1a: Garchomp
|faint|p2a: Blissey
|
|upkeep
|
|t:|1652640017
|switch|p1a: Weavile|Weavile, F|54/100
|switch|p2a: Zeraora|Zeraora|59/100
|-ability|p1a: Weavile|Pressure
|turn|23
|
|t:|1652640020
|switch|p1a: Magnezone|Magnezone|15/100
|move|p2a: Zeraora|Plasma Fists|p1a: Magnezone
|-resisted|p1a: Magnezone
|-damage|p1a: Magnezone|0 fnt
|-fieldactivate|move: Ion Deluge
|-hint|Normal-type moves become Electric-type after using Plasma Fists.
|faint|p1a: Magnezone
|
|upkeep
|
|t:|1652640023
|switch|p1a: Tapu Lele|Tapu Lele, shiny|100/100
|-fieldstart|move: Psychic Terrain|[from] ability: Psychic Surge|[of] p1a: Tapu Lele
|turn|24
|
|t:|1652640028
|move|p2a: Zeraora|Volt Switch|p1a: Tapu Lele
|-damage|p1a: Tapu Lele|80/100
|
|t:|1652640031
|switch|p2a: Blacephalon|Blacephalon|100/100|[from]move: Volt Switch
|move|p1a: Tapu Lele|Iron Defense|p1a: Tapu Lele
|-boost|p1a: Tapu Lele|def|2
|
|-heal|p1a: Tapu Lele|86/100|[from] item: Leftovers
|upkeep
|turn|25
|
|t:|1652640037
|switch|p1a: Nihilego|Nihilego|46/100
|move|p2a: Blacephalon|Shadow Ball|p1a: Nihilego
|-damage|p1a: Nihilego|0 fnt
|faint|p1a: Nihilego
|-ability|p2a: Blacephalon|Beast Boost|boost
|-boost|p2a: Blacephalon|spa|1
|
|upkeep
|
|t:|1652640048
|switch|p1a: Weavile|Weavile, F|54/100
|-ability|p1a: Weavile|Pressure
|turn|26
|
|t:|1652640053
|move|p1a: Weavile|Knock Off|p2a: Blacephalon
|-supereffective|p2a: Blacephalon
|-crit|p2a: Blacephalon
|-damage|p2a: Blacephalon|0 fnt
|-enditem|p2a: Blacephalon|Choice Specs|[from] move: Knock Off|[of] p1a: Weavile
|faint|p2a: Blacephalon
|
|upkeep
|
|t:|1652640056
|switch|p2a: Zeraora|Zeraora|59/100
|turn|27
|
|t:|1652640061
|move|p2a: Zeraora|Plasma Fists|p1a: Weavile
|-damage|p1a: Weavile|0 fnt
|-fieldactivate|move: Ion Deluge
|-hint|Normal-type moves become Electric-type after using Plasma Fists.
|faint|p1a: Weavile
|
|upkeep
|
|t:|1652640063
|switch|p1a: Tapu Lele|Tapu Lele, shiny|86/100
|turn|28
|
|t:|1652640067
|move|p2a: Zeraora|Plasma Fists|p1a: Tapu Lele
|-damage|p1a: Tapu Lele|49/100
|-fieldactivate|move: Ion Deluge
|-hint|Normal-type moves become Electric-type after using Plasma Fists.
|move|p1a: Tapu Lele|Iron Defense|p1a: Tapu Lele
|-boost|p1a: Tapu Lele|def|2
|
|-heal|p1a: Tapu Lele|55/100|[from] item: Leftovers
|-fieldend|move: Psychic Terrain
|upkeep
|turn|29
|
|t:|1652640075
|move|p2a: Zeraora|Plasma Fists|p1a: Tapu Lele
|-damage|p1a: Tapu Lele|36/100
|-fieldactivate|move: Ion Deluge
|-hint|Normal-type moves become Electric-type after using Plasma Fists.
|move|p1a: Tapu Lele|Calm Mind|p1a: Tapu Lele
|-boost|p1a: Tapu Lele|spa|1
|-boost|p1a: Tapu Lele|spd|1
|
|-heal|p1a: Tapu Lele|42/100|[from] item: Leftovers
|upkeep
|turn|30
|
|t:|1652640085
|move|p2a: Zeraora|Plasma Fists|p1a: Tapu Lele
|-damage|p1a: Tapu Lele|23/100
|-fieldactivate|move: Ion Deluge
|-hint|Normal-type moves become Electric-type after using Plasma Fists.
|move|p1a: Tapu Lele|Draining Kiss|p2a: Zeraora
|-damage|p2a: Zeraora|20/100
|-heal|p1a: Tapu Lele|50/100|[from] drain|[of] p2a: Zeraora
|
|-heal|p1a: Tapu Lele|56/100|[from] item: Leftovers
|upkeep
|turn|31
|
|t:|1652640097
|move|p2a: Zeraora|Plasma Fists|p1a: Tapu Lele
|-damage|p1a: Tapu Lele|38/100
|-fieldactivate|move: Ion Deluge
|-hint|Normal-type moves become Electric-type after using Plasma Fists.
|move|p1a: Tapu Lele|Draining Kiss|p2a: Zeraora
|-damage|p2a: Zeraora|0 fnt
|-heal|p1a: Tapu Lele|51/100|[from] drain|[of] p2a: Zeraora
|faint|p2a: Zeraora
|
|win|venom94
|raw|venom94's rating: 1602 &rarr; <strong>1629</strong><br />(+27 for winning)
|raw|LECH24's rating: 1721 &rarr; <strong>1694</strong><br />(-27 for losing)
|c|☆LECH24|Max def
|c|☆LECH24|Le Le?
