|j|☆Rand_Zorua
|j|☆LECH24
|t:|1658560423
|gametype|singles
|player|p1|Rand_Zorua|n|1761
|player|p2|LECH24|102|1732
|teamsize|p1|6
|teamsize|p2|6
|gen|8
|tier|[Gen 8] OU
|rated|
|rule|Sleep Clause Mod: Limit one foe put to sleep
|rule|Species Clause: Limit one of each Pokémon
|rule|OHKO Clause: OHKO moves are banned
|rule|Evasion Moves Clause: Evasion moves are banned
|rule|Endless Battle Clause: Forcing endless battles is banned
|rule|HP Percentage Mod: HP is shown in percentages
|rule|Dynamax Clause: You cannot dynamax
|clearpoke
|poke|p1|Volcanion|
|poke|p1|Ninetales-Alola, M|
|poke|p1|Corviknight, M|
|poke|p1|Arctozolt|
|poke|p1|Landorus-Therian, M|
|poke|p1|Tornadus-Therian, M|
|poke|p2|Clefable, F|
|poke|p2|Zapdos|
|poke|p2|Tapu Bulu|
|poke|p2|Hippowdon, F|
|poke|p2|Excadrill, M|
|poke|p2|Magnezone|
|teampreview
|inactive|Battle timer is ON: inactive players will automatically lose when time's up. (requested by Rand_Zorua)
|j| scorpiongod
|
|t:|1658560447
|start
|switch|p1a: Tornadus|Tornadus-Therian, M|100/100
|switch|p2a: Zapdos|Zapdos|100/100
|-ability|p2a: Zapdos|Pressure
|turn|1
|
|t:|1658560452
|move|p1a: Tornadus|Knock Off|p2a: Zapdos
|-damage|p2a: Zapdos|82/100
|-enditem|p2a: Zapdos|Heavy-Duty Boots|[from] move: Knock Off|[of] p1a: Tornadus
|move|p2a: Zapdos|Hurricane|p1a: Tornadus
|-damage|p1a: Tornadus|71/100
|-start|p1a: Tornadus|confusion
|
|upkeep
|turn|2
|
|t:|1658560458
|switch|p1a: Ninetales|Ninetales-Alola, M|100/100
|-weather|Hail|[from] ability: Snow Warning|[of] p1a: Ninetales
|move|p2a: Zapdos|Hurricane|p1a: Ninetales
|-damage|p1a: Ninetales|64/100
|
|-weather|Hail|[upkeep]
|-damage|p2a: Zapdos|76/100|[from] Hail
|upkeep
|turn|3
|
|t:|1658560463
|switch|p2a: Hippowdon|Hippowdon, F|100/100
|-weather|Sandstorm|[from] ability: Sand Stream|[of] p2a: Hippowdon
|move|p1a: Ninetales|Hypnosis|p2a: Hippowdon|[miss]
|-miss|p1a: Ninetales|p2a: Hippowdon
|
|-weather|Sandstorm|[upkeep]
|-damage|p1a: Ninetales|58/100|[from] Sandstorm
|upkeep
|turn|4
|j| afduihidsuhfiuhds
|
|t:|1658560468
|move|p1a: Ninetales|Pain Split|p2a: Hippowdon
|-sethp|p2a: Hippowdon|74/100|[from] move: Pain Split|[silent]
|-sethp|p1a: Ninetales|89/100|[from] move: Pain Split
|move|p2a: Hippowdon|Stealth Rock|p1a: Ninetales
|-sidestart|p1: Rand_Zorua|move: Stealth Rock
|
|-weather|Sandstorm|[upkeep]
|-damage|p1a: Ninetales|83/100|[from] Sandstorm
|-heal|p2a: Hippowdon|80/100|[from] item: Leftovers
|upkeep
|turn|5
|
|t:|1658560474
|switch|p1a: Corviknight|Corviknight, M|100/100
|-damage|p1a: Corviknight|88/100|[from] Stealth Rock
|-ability|p1a: Corviknight|Pressure
|switch|p2a: Magnezone|Magnezone|100/100
|
|-weather|Sandstorm|[upkeep]
|upkeep
|turn|6
|
|t:|1658560477
|move|p2a: Magnezone|Thunderbolt|p1a: Corviknight
|-supereffective|p1a: Corviknight
|-damage|p1a: Corviknight|3/100
|-status|p1a: Corviknight|par
|move|p1a: Corviknight|U-turn|p2a: Magnezone
|-resisted|p2a: Magnezone
|-damage|p2a: Magnezone|95/100
|
|t:|1658560483
|switch|p1a: Volcanion|Volcanion|100/100|[from]move: U-turn
|-damage|p1a: Volcanion|76/100|[from] Stealth Rock
|
|-weather|Sandstorm|[upkeep]
|-damage|p1a: Volcanion|70/100|[from] Sandstorm
|-heal|p2a: Magnezone|100/100|[from] item: Leftovers
|upkeep
|turn|7
|j| lightinui
|inactive|LECH24 has 120 seconds left.
|
|t:|1658560521
|move|p1a: Volcanion|Flamethrower|p2a: Magnezone
|-supereffective|p2a: Magnezone
|-damage|p2a: Magnezone|0 fnt
|faint|p2a: Magnezone
|
|-weather|none
|upkeep
|
|t:|1658560523
|switch|p2a: Zapdos|Zapdos|76/100
|-ability|p2a: Zapdos|Pressure
|turn|8
|
|t:|1658560533
|switch|p1a: Corviknight|Corviknight, M|3/100 par
|-damage|p1a: Corviknight|0 fnt|[from] Stealth Rock
|faint|p1a: Corviknight
|move|p2a: Zapdos|Discharge|p1: Corviknight|[notarget]
|-fail|p2a: Zapdos
|
|upkeep
|
|t:|1658560536
|switch|p1a: Ninetales|Ninetales-Alola, M|83/100
|-damage|p1a: Ninetales|58/100|[from] Stealth Rock
|-weather|Hail|[from] ability: Snow Warning|[of] p1a: Ninetales
|turn|9
|
|t:|1658560545
|move|p2a: Zapdos|Discharge|p1a: Ninetales
|-damage|p1a: Ninetales|28/100
|-status|p1a: Ninetales|par
|cant|p1a: Ninetales|par
|
|-weather|Hail|[upkeep]
|-damage|p2a: Zapdos|70/100|[from] Hail
|upkeep
|turn|10
|j| luckynoob tests
|
|t:|1658560553
|switch|p1a: Arctozolt|Arctozolt|100/100
|-damage|p1a: Arctozolt|76/100|[from] Stealth Rock
|move|p2a: Zapdos|Discharge|p1a: Arctozolt
|-resisted|p1a: Arctozolt
|-damage|p1a: Arctozolt|50/100
|
|-weather|Hail|[upkeep]
|-damage|p2a: Zapdos|64/100|[from] Hail
|-heal|p1a: Arctozolt|56/100|[from] item: Leftovers
|upkeep
|turn|11
|
|t:|1658560560
|switch|p2a: Hippowdon|Hippowdon, F|80/100
|-weather|Sandstorm|[from] ability: Sand Stream|[of] p2a: Hippowdon
|move|p1a: Arctozolt|Blizzard|p2a: Hippowdon
|-supereffective|p2a: Hippowdon
|-damage|p2a: Hippowdon|30/100
|
|-weather|Sandstorm|[upkeep]
|-damage|p1a: Arctozolt|50/100|[from] Sandstorm
|-heal|p1a: Arctozolt|56/100|[from] item: Leftovers
|-heal|p2a: Hippowdon|36/100|[from] item: Leftovers
|upkeep
|turn|12
|
|t:|1658560565
|switch|p2a: Tapu Bulu|Tapu Bulu|100/100
|-fieldstart|move: Grassy Terrain|[from] ability: Grassy Surge|[of] p2a: Tapu Bulu
|move|p1a: Arctozolt|Blizzard|p2a: Tapu Bulu
|-supereffective|p2a: Tapu Bulu
|-damage|p2a: Tapu Bulu|60/100
|
|-weather|Sandstorm|[upkeep]
|-damage|p1a: Arctozolt|50/100|[from] Sandstorm
|-damage|p2a: Tapu Bulu|54/100|[from] Sandstorm
|-heal|p2a: Tapu Bulu|60/100|[from] Grassy Terrain
|-heal|p1a: Arctozolt|56/100|[from] Grassy Terrain
|-heal|p1a: Arctozolt|62/100|[from] item: Leftovers
|upkeep
|turn|13
|
|t:|1658560578
|switch|p1a: Landorus|Landorus-Therian, M|100/100
|-damage|p1a: Landorus|88/100|[from] Stealth Rock
|-ability|p1a: Landorus|Intimidate|boost
|-unboost|p2a: Tapu Bulu|atk|1
|move|p2a: Tapu Bulu|Stone Edge|p1a: Landorus|[miss]
|-miss|p2a: Tapu Bulu|p1a: Landorus
|
|-weather|Sandstorm|[upkeep]
|-damage|p2a: Tapu Bulu|54/100|[from] Sandstorm
|-heal|p2a: Tapu Bulu|60/100|[from] Grassy Terrain
|-heal|p1a: Landorus|94/100|[from] item: Leftovers
|upkeep
|turn|14
|
|t:|1658560582
|move|p2a: Tapu Bulu|Nature's Madness|p1a: Landorus
|-damage|p1a: Landorus|47/100
|move|p1a: Landorus|Defog|p2a: Tapu Bulu
|-unboost|p2a: Tapu Bulu|evasion|1
|-sideend|p1: Rand_Zorua|Stealth Rock|[from] move: Defog|[of] p1a: Landorus
|-fieldend|move: Grassy Terrain
|
|-weather|Sandstorm|[upkeep]
|-damage|p2a: Tapu Bulu|54/100|[from] Sandstorm
|-heal|p1a: Landorus|54/100|[from] item: Leftovers
|upkeep
|turn|15
|
|t:|1658560595
|switch|p2a: Hippowdon|Hippowdon, F|36/100
|move|p1a: Landorus|U-turn|p2a: Hippowdon
|-damage|p2a: Hippowdon|21/100
|
|t:|1658560598
|switch|p1a: Ninetales|Ninetales-Alola, M|28/100 par|[from]move: U-turn
|-weather|Hail|[from] ability: Snow Warning|[of] p1a: Ninetales
|
|-weather|Hail|[upkeep]
|-damage|p2a: Hippowdon|15/100|[from] Hail
|-heal|p2a: Hippowdon|21/100|[from] item: Leftovers
|upkeep
|turn|16
|
|t:|1658560611
|switch|p2a: Tapu Bulu|Tapu Bulu|54/100
|-fieldstart|move: Grassy Terrain|[from] ability: Grassy Surge|[of] p2a: Tapu Bulu
|move|p1a: Ninetales|Freeze-Dry|p2a: Tapu Bulu
|-supereffective|p2a: Tapu Bulu
|-damage|p2a: Tapu Bulu|33/100
|
|-weather|Hail|[upkeep]
|-damage|p2a: Tapu Bulu|27/100|[from] Hail
|-heal|p2a: Tapu Bulu|33/100|[from] Grassy Terrain
|-heal|p1a: Ninetales|34/100 par|[from] Grassy Terrain
|upkeep
|turn|17
|
|t:|1658560626
|switch|p2a: Excadrill|Excadrill, M|100/100
|switch|p1a: Tornadus|Tornadus-Therian, M|100/100
|
|-weather|Hail|[upkeep]
|-damage|p1a: Tornadus|94/100|[from] Hail
|-damage|p2a: Excadrill|94/100|[from] Hail
|-heal|p2a: Excadrill|100/100|[from] Grassy Terrain
|upkeep
|turn|18
|
|t:|1658560631
|move|p1a: Tornadus|Heat Wave|p2a: Excadrill
|-supereffective|p2a: Excadrill
|-crit|p2a: Excadrill
|-damage|p2a: Excadrill|11/100
|move|p2a: Excadrill|Rock Slide|p1a: Tornadus
|-supereffective|p1a: Tornadus
|-damage|p1a: Tornadus|21/100
|
|-weather|Hail|[upkeep]
|-damage|p1a: Tornadus|15/100|[from] Hail
|-damage|p2a: Excadrill|5/100|[from] Hail
|-heal|p2a: Excadrill|11/100|[from] Grassy Terrain
|-heal|p2a: Excadrill|17/100|[from] item: Leftovers
|upkeep
|turn|19
|j| higherpls
|
|t:|1658560642
|switch|p2a: Clefable|Clefable, F|100/100
|move|p1a: Tornadus|Heat Wave|p2a: Clefable|[miss]
|-miss|p1a: Tornadus|p2a: Clefable
|
|-weather|Hail|[upkeep]
|-damage|p1a: Tornadus|9/100|[from] Hail
|upkeep
|turn|20
|
|t:|1658560652
|switch|p1a: Volcanion|Volcanion|70/100
|move|p2a: Clefable|Moonblast|p1a: Volcanion
|-resisted|p1a: Volcanion
|-damage|p1a: Volcanion|46/100
|
|-weather|Hail|[upkeep]
|-damage|p1a: Volcanion|40/100|[from] Hail
|-heal|p1a: Volcanion|46/100|[from] Grassy Terrain
|-fieldend|move: Grassy Terrain
|upkeep
|turn|21
|
|t:|1658560676
|switch|p2a: Tapu Bulu|Tapu Bulu|33/100
|-fieldstart|move: Grassy Terrain|[from] ability: Grassy Surge|[of] p2a: Tapu Bulu
|move|p1a: Volcanion|Steam Eruption|p2a: Tapu Bulu
|-resisted|p2a: Tapu Bulu
|-damage|p2a: Tapu Bulu|6/100
|
|-weather|Hail|[upkeep]
|-damage|p1a: Volcanion|40/100|[from] Hail
|-damage|p2a: Tapu Bulu|0 fnt|[from] Hail
|faint|p2a: Tapu Bulu
|-heal|p1a: Volcanion|46/100|[from] Grassy Terrain
|upkeep
|j| Ttyl a ko unx
|
|t:|1658560684
|switch|p2a: Excadrill|Excadrill, M|17/100
|turn|22
|j| Vivemouah
|
|t:|1658560688
|switch|p1a: Landorus|Landorus-Therian, M|54/100
|-ability|p1a: Landorus|Intimidate|boost
|-unboost|p2a: Excadrill|atk|1
|move|p2a: Excadrill|Iron Head|p1a: Landorus
|-damage|p1a: Landorus|24/100
|
|-weather|none
|-heal|p2a: Excadrill|23/100|[from] Grassy Terrain
|-heal|p2a: Excadrill|29/100|[from] item: Leftovers
|-heal|p1a: Landorus|30/100|[from] item: Leftovers
|upkeep
|turn|23
|
|t:|1658560692
|move|p2a: Excadrill|Iron Head|p1a: Landorus
|-damage|p1a: Landorus|0 fnt
|faint|p1a: Landorus
|
|-heal|p2a: Excadrill|35/100|[from] Grassy Terrain
|-heal|p2a: Excadrill|41/100|[from] item: Leftovers
|upkeep
|j| WhenUSmellThatZaza
|
|t:|1658560696
|switch|p1a: Tornadus|Tornadus-Therian, M|42/100
|turn|24
|
|t:|1658560707
|switch|p1a: Volcanion|Volcanion|46/100
|switch|p2a: Clefable|Clefable, F|100/100
|
|-heal|p1a: Volcanion|52/100|[from] Grassy Terrain
|upkeep
|turn|25
|l| afduihidsuhfiuhds
|
|t:|1658560715
|move|p1a: Volcanion|Steam Eruption|p2a: Clefable
|-damage|p2a: Clefable|18/100
|move|p2a: Clefable|Thunder|p1a: Volcanion|[miss]
|-miss|p2a: Clefable|p1a: Volcanion
|
|-heal|p1a: Volcanion|58/100|[from] Grassy Terrain
|-heal|p2a: Clefable|24/100|[from] Grassy Terrain
|-fieldend|move: Grassy Terrain
|upkeep
|turn|26
|
|t:|1658560720
|move|p1a: Volcanion|Steam Eruption|p2a: Clefable
|-damage|p2a: Clefable|0 fnt
|faint|p2a: Clefable
|
|upkeep
|
|t:|1658560725
|switch|p2a: Excadrill|Excadrill, M|41/100
|turn|27
|
|t:|1658560733
|move|p2a: Excadrill|Rock Slide|p1a: Volcanion
|-supereffective|p1a: Volcanion
|-damage|p1a: Volcanion|6/100
|move|p1a: Volcanion|Steam Eruption|p2a: Excadrill
|-supereffective|p2a: Excadrill
|-damage|p2a: Excadrill|0 fnt
|faint|p2a: Excadrill
|
|upkeep
|
|t:|1658560737
|switch|p2a: Zapdos|Zapdos|64/100
|-ability|p2a: Zapdos|Pressure
|turn|28
|
|t:|1658560739
|move|p2a: Zapdos|Hurricane|p1a: Volcanion
|-damage|p1a: Volcanion|0 fnt
|faint|p1a: Volcanion
|
|upkeep
|
|t:|1658560741
|switch|p1a: Arctozolt|Arctozolt|62/100
|turn|29
|
|t:|1658560745
|move|p2a: Zapdos|Hurricane|p1a: Arctozolt|[miss]
|-miss|p2a: Zapdos|p1a: Arctozolt
|move|p1a: Arctozolt|Blizzard|p2a: Zapdos
|-supereffective|p2a: Zapdos
|-damage|p2a: Zapdos|0 fnt
|faint|p2a: Zapdos
|
|-heal|p1a: Arctozolt|68/100|[from] item: Leftovers
|upkeep
|
|t:|1658560747
|switch|p2a: Hippowdon|Hippowdon, F|21/100
|-weather|Sandstorm|[from] ability: Sand Stream|[of] p2a: Hippowdon
|turn|30
|
|t:|1658560751
|move|p1a: Arctozolt|Freeze-Dry|p2a: Hippowdon
|-supereffective|p2a: Hippowdon
|-damage|p2a: Hippowdon|0 fnt
|faint|p2a: Hippowdon
|
|win|Rand_Zorua
|raw|Rand_Zorua's rating: 1761 &rarr; <strong>1779</strong><br />(+18 for winning)
|raw|LECH24's rating: 1732 &rarr; <strong>1714</strong><br />(-18 for losing)
|l|☆Rand_Zorua
|l| higherpls
|l| scorpiongod
|l| lightinui
|l|☆LECH24
|l| Vivemouah
|l| luckynoob tests
|l| Ttyl a ko unx
