|j|☆Zak Infurnus
|j|☆Mel2345
|t:|1627920810
|gametype|singles
|player|p1|Zak Infurnus|cynthia-gen4|1415
|player|p2|Mel2345|cheren-gen5bw2|1384
|teamsize|p1|6
|teamsize|p2|6
|gen|8
|tier|[Gen 8] OU
|rated|
|rule|Sleep Clause Mod: Limit one foe put to sleep
|rule|Species Clause: Limit one of each Pokémon
|rule|OHKO Clause: OHKO moves are banned
|rule|Evasion Moves Clause: Evasion moves are banned
|rule|Endless Battle Clause: Forcing endless battles is banned
|rule|HP Percentage Mod: HP is shown in percentages
|rule|Dynamax Clause: You cannot dynamax
|clearpoke
|poke|p1|Garchomp, M|
|poke|p1|Milotic, F|
|poke|p1|Zapdos|
|poke|p1|Vikavolt, M|
|poke|p1|Weavile, M|
|poke|p1|Kartana|
|poke|p2|Mandibuzz, F|
|poke|p2|Blissey, F|
|poke|p2|Ferrothorn, F|
|poke|p2|Clefable, F|
|poke|p2|Toxapex, M|
|poke|p2|Dragonite, F|
|teampreview
|inactive|Battle timer is ON: inactive players will automatically lose when time's up. (requested by Mel2345)
|
|t:|1627920839
|start
|switch|p1a: Vikavolt|Vikavolt, M|100/100
|switch|p2a: Clefable|Clefable, F|100/100
|turn|1
|
|t:|1627920845
|move|p2a: Clefable|Fire Blast|p1a: Vikavolt
|-supereffective|p1a: Vikavolt
|-damage|p1a: Vikavolt|27/100
|move|p1a: Vikavolt|Sticky Web|p2a: Clefable
|-sidestart|p2: Mel2345|move: Sticky Web
|
|upkeep
|turn|2
|
|t:|1627920859
|move|p2a: Clefable|Moonblast|p1a: Vikavolt
|-damage|p1a: Vikavolt|0 fnt
|faint|p1a: Vikavolt
|
|upkeep
|
|t:|1627920865
|switch|p1a: Kartana|Kartana|100/100
|turn|3
|
|t:|1627920869
|move|p1a: Kartana|Sacred Sword|p2a: Clefable
|-resisted|p2a: Clefable
|-damage|p2a: Clefable|76/100
|move|p2a: Clefable|Fire Blast|p1a: Kartana
|-supereffective|p1a: Kartana
|-damage|p1a: Kartana|0 fnt
|faint|p1a: Kartana
|
|upkeep
|
|t:|1627920877
|switch|p1a: zappy|Zapdos, shiny|100/100
|turn|4
|
|t:|1627920880
|move|p1a: zappy|Hurricane|p2a: Clefable
|-damage|p2a: Clefable|0 fnt
|faint|p2a: Clefable
|-damage|p1a: zappy|91/100|[from] item: Life Orb
|
|upkeep
|
|t:|1627920889
|switch|p2a: Blissey|Blissey, F|100/100
|-activate|p2a: Blissey|move: Sticky Web
|-unboost|p2a: Blissey|spe|1
|turn|5
|
|t:|1627920896
|switch|p1a: Weavile|Weavile, M|100/100
|-ability|p1a: Weavile|Pressure
|move|p2a: Blissey|Calm Mind|p2a: Blissey
|-boost|p2a: Blissey|spa|1
|-boost|p2a: Blissey|spd|1
|
|upkeep
|turn|6
|
|t:|1627920899
|move|p1a: Weavile|Knock Off|p2a: Blissey
|-damage|p2a: Blissey|46/100
|-enditem|p2a: Blissey|Kee Berry|[from] move: Knock Off|[of] p1a: Weavile
|-damage|p1a: Weavile|91/100|[from] item: Life Orb
|move|p2a: Blissey|Flamethrower|p1a: Weavile
|-supereffective|p1a: Weavile
|-damage|p1a: Weavile|26/100
|
|upkeep
|turn|7
|
|t:|1627920908
|move|p1a: Weavile|Triple Axel|p2a: Blissey
|-damage|p2a: Blissey|34/100
|-damage|p2a: Blissey|12/100
|-damage|p2a: Blissey|0 fnt
|faint|p2a: Blissey
|-hitcount|p2: Blissey|3
|-damage|p1a: Weavile|16/100|[from] item: Life Orb
|
|upkeep
|
|t:|1627920921
|switch|p2a: Toxapex|Toxapex, M|100/100
|-activate|p2a: Toxapex|move: Sticky Web
|-unboost|p2a: Toxapex|spe|1
|turn|8
|
|t:|1627920927
|move|p1a: Weavile|Knock Off|p2a: Toxapex
|-damage|p2a: Toxapex|51/100
|-enditem|p2a: Toxapex|Choice Specs|[from] move: Knock Off|[of] p1a: Weavile
|-damage|p1a: Weavile|6/100|[from] item: Life Orb
|move|p2a: Toxapex|Sludge Wave|p1a: Weavile
|-damage|p1a: Weavile|0 fnt
|faint|p1a: Weavile
|
|upkeep
|
|t:|1627920931
|switch|p1a: zappy|Zapdos, shiny|91/100
|turn|9
|
|t:|1627920936
|move|p1a: zappy|Hurricane|p2a: Toxapex
|-damage|p2a: Toxapex|0 fnt
|faint|p2a: Toxapex
|-damage|p1a: zappy|81/100|[from] item: Life Orb
|
|upkeep
|
|t:|1627920953
|switch|p2a: Mandibuzz|Mandibuzz, F|100/100
|turn|10
|
|t:|1627920959
|move|p1a: zappy|Thunderbolt|p2a: Mandibuzz
|-supereffective|p2a: Mandibuzz
|-damage|p2a: Mandibuzz|2/100
|-enditem|p2a: Mandibuzz|Weakness Policy
|-boost|p2a: Mandibuzz|atk|2|[from] item: Weakness Policy
|-boost|p2a: Mandibuzz|spa|2|[from] item: Weakness Policy
|-damage|p1a: zappy|71/100|[from] item: Life Orb
|move|p2a: Mandibuzz|Nasty Plot|p2a: Mandibuzz
|-boost|p2a: Mandibuzz|spa|2
|
|upkeep
|turn|11
|
|t:|1627920966
|move|p1a: zappy|Thunderbolt|p2a: Mandibuzz
|-supereffective|p2a: Mandibuzz
|-damage|p2a: Mandibuzz|0 fnt
|faint|p2a: Mandibuzz
|-damage|p1a: zappy|61/100|[from] item: Life Orb
|
|upkeep
|
|t:|1627920968
|switch|p2a: Ferrothorn|Ferrothorn, F|100/100
|-activate|p2a: Ferrothorn|move: Sticky Web
|-unboost|p2a: Ferrothorn|spe|1
|turn|12
|
|t:|1627920980
|move|p1a: zappy|Heat Wave|p2a: Ferrothorn
|-supereffective|p2a: Ferrothorn
|-damage|p2a: Ferrothorn|0 fnt
|faint|p2a: Ferrothorn
|-damage|p1a: zappy|51/100|[from] item: Life Orb
|
|upkeep
|
|t:|1627920984
|switch|p2a: Dragonite|Dragonite, F|100/100
|turn|13
|
|t:|1627920988
|move|p1a: zappy|Thunderbolt|p2a: Dragonite
|-damage|p2a: Dragonite|72/100
|-damage|p1a: zappy|41/100|[from] item: Life Orb
|move|p2a: Dragonite|Dragon Dance|p2a: Dragonite
|-boost|p2a: Dragonite|atk|1
|-boost|p2a: Dragonite|spe|1
|
|upkeep
|turn|14
|
|t:|1627920993
|move|p2a: Dragonite|Roost|p2a: Dragonite
|-heal|p2a: Dragonite|100/100
|-singleturn|p2a: Dragonite|move: Roost
|move|p1a: zappy|Thunderbolt|p2a: Dragonite
|-resisted|p2a: Dragonite
|-damage|p2a: Dragonite|88/100
|-damage|p1a: zappy|31/100|[from] item: Life Orb
|
|upkeep
|turn|15
|
|t:|1627920999
|move|p2a: Dragonite|Dragon Dance|p2a: Dragonite
|-boost|p2a: Dragonite|atk|1
|-boost|p2a: Dragonite|spe|1
|move|p1a: zappy|Hurricane|p2a: Dragonite|[miss]
|-miss|p1a: zappy|p2a: Dragonite
|
|upkeep
|turn|16
|
|t:|1627921005
|move|p2a: Dragonite|Roost|p2a: Dragonite
|-heal|p2a: Dragonite|100/100
|-singleturn|p2a: Dragonite|move: Roost
|move|p1a: zappy|Hurricane|p2a: Dragonite
|-damage|p2a: Dragonite|67/100
|-start|p2a: Dragonite|confusion
|-damage|p1a: zappy|21/100|[from] item: Life Orb
|
|upkeep
|turn|17
|
|t:|1627921012
|-activate|p2a: Dragonite|confusion
|move|p2a: Dragonite|Dual Wingbeat|p1a: zappy
|-resisted|p1a: zappy
|-damage|p1a: zappy|0 fnt
|faint|p1a: zappy
|-hitcount|p1: zappy|1
|
|upkeep
|
|t:|1627921018
|switch|p1a: wrecker|Garchomp, M|100/100
|turn|18
|
|t:|1627921022
|-activate|p2a: Dragonite|confusion
|move|p2a: Dragonite|Roost|p2a: Dragonite
|-heal|p2a: Dragonite|100/100
|-singleturn|p2a: Dragonite|move: Roost
|move|p1a: wrecker|Scale Shot|p2a: Dragonite
|-supereffective|p2a: Dragonite
|-damage|p2a: Dragonite|86/100
|-supereffective|p2a: Dragonite
|-damage|p2a: Dragonite|57/100
|-hitcount|p2a: Dragonite|2
|-unboost|p1a: wrecker|def|1
|-boost|p1a: wrecker|spe|1
|-damage|p1a: wrecker|91/100|[from] item: Life Orb
|
|upkeep
|turn|19
|
|t:|1627921033
|move|p1a: wrecker|Scale Shot|p2a: Dragonite
|-supereffective|p2a: Dragonite
|-damage|p2a: Dragonite|27/100
|-supereffective|p2a: Dragonite
|-damage|p2a: Dragonite|0 fnt
|faint|p2a: Dragonite
|-hitcount|p2: Dragonite|2
|-damage|p1a: wrecker|81/100|[from] item: Life Orb
|
|win|Zak Infurnus
|raw|Zak Infurnus's rating: 1415 &rarr; <strong>1433</strong><br />(+18 for winning)
|raw|Mel2345's rating: 1384 &rarr; <strong>1366</strong><br />(-18 for losing)
|l|☆Mel2345
||Ladder isn't responding, score probably updated but might not have (Request timeout).
