|j|☆CowpieMike
|j|☆2(H2O)
|t:|1660410334
|gametype|singles
|player|p1|CowpieMike|scientist-gen4dp|1574
|player|p2|2(H2O)|chase|1618
|teamsize|p1|6
|teamsize|p2|6
|gen|8
|tier|[Gen 8] OU
|rated|
|rule|Sleep Clause Mod: Limit one foe put to sleep
|rule|Species Clause: Limit one of each Pokémon
|rule|OHKO Clause: OHKO moves are banned
|rule|Evasion Items Clause: Evasion items are banned
|rule|Evasion Moves Clause: Evasion moves are banned
|rule|Endless Battle Clause: Forcing endless battles is banned
|rule|HP Percentage Mod: HP is shown in percentages
|rule|Dynamax Clause: You cannot dynamax
|clearpoke
|poke|p1|Landorus-Therian, M|
|poke|p1|Buzzwole|
|poke|p1|Heatran, M|
|poke|p1|Melmetal|
|poke|p1|Volcanion|
|poke|p1|Rillaboom, F|
|poke|p2|Tapu Lele|
|poke|p2|Victini|
|poke|p2|Melmetal|
|poke|p2|Dragonite, M|
|poke|p2|Landorus-Therian, M|
|poke|p2|Urshifu-*, M|
|teampreview
|inactive|Battle timer is ON: inactive players will automatically lose when time's up. (requested by CowpieMike)
|
|t:|1660410347
|start
|switch|p1a: Volcanion|Volcanion|100/100
|switch|p2a: Urshifu|Urshifu-Rapid-Strike, M|100/100
|turn|1
|
|t:|1660410352
|move|p2a: Urshifu|U-turn|p1a: Volcanion
|-resisted|p1a: Volcanion
|-damage|p1a: Volcanion|85/100
|
|t:|1660410354
|switch|p2a: Dragonite|Dragonite, M|100/100|[from]move: U-turn
|move|p1a: Volcanion|Steam Eruption|p2a: Dragonite
|-resisted|p2a: Dragonite
|-damage|p2a: Dragonite|84/100
|
|upkeep
|turn|2
|
|t:|1660410360
|move|p2a: Dragonite|Roost|p2a: Dragonite
|-heal|p2a: Dragonite|100/100
|-singleturn|p2a: Dragonite|move: Roost
|move|p1a: Volcanion|Steam Eruption|p2a: Dragonite|[miss]
|-miss|p1a: Volcanion|p2a: Dragonite
|
|upkeep
|turn|3
|
|t:|1660410362
|move|p2a: Dragonite|Earthquake|p1a: Volcanion
|-supereffective|p1a: Volcanion
|-damage|p1a: Volcanion|34/100
|move|p1a: Volcanion|Steam Eruption|p2a: Dragonite
|-resisted|p2a: Dragonite
|-damage|p2a: Dragonite|81/100
|-status|p2a: Dragonite|brn
|
|-damage|p2a: Dragonite|75/100 brn|[from] brn
|upkeep
|turn|4
|
|t:|1660410365
|switch|p1a: Landorus|Landorus-Therian, M|100/100
|-ability|p1a: Landorus|Intimidate|boost
|-unboost|p2a: Dragonite|atk|1
|move|p2a: Dragonite|Roost|p2a: Dragonite
|-heal|p2a: Dragonite|100/100 brn
|-singleturn|p2a: Dragonite|move: Roost
|
|-damage|p2a: Dragonite|94/100 brn|[from] brn
|upkeep
|turn|5
|
|t:|1660410382
|move|p1a: Landorus|Stealth Rock|p2a: Dragonite
|-sidestart|p2: 2(H2O)|move: Stealth Rock
|move|p2a: Dragonite|Heal Bell|p2a: Dragonite
|-activate|p2a: Dragonite|move: Heal Bell
|-curestatus|p2a: Dragonite|brn|[msg]
|
|upkeep
|turn|6
|
|t:|1660410391
|switch|p1a: Heatran|Heatran, M|100/100
|-item|p1a: Heatran|Air Balloon
|move|p2a: Dragonite|Defog|p1a: Heatran
|-unboost|p1a: Heatran|evasion|1
|-sideend|p2: 2(H2O)|Stealth Rock|[from] move: Defog|[of] p2a: Dragonite
|
|upkeep
|turn|7
|
|t:|1660410401
|move|p2a: Dragonite|Roost|p2a: Dragonite
|-heal|p2a: Dragonite|100/100
|-singleturn|p2a: Dragonite|move: Roost
|move|p1a: Heatran|Lava Plume|p2a: Dragonite
|-resisted|p2a: Dragonite
|-damage|p2a: Dragonite|94/100
|
|upkeep
|turn|8
|
|t:|1660410409
|switch|p2a: Urshifu|Urshifu-Rapid-Strike, M|100/100
|move|p1a: Heatran|Toxic|p2a: Urshifu
|-status|p2a: Urshifu|tox
|
|-damage|p2a: Urshifu|94/100 tox|[from] psn
|upkeep
|turn|9
|
|t:|1660410416
|switch|p1a: Volcanion|Volcanion|34/100
|move|p2a: Urshifu|U-turn|p1a: Volcanion
|-resisted|p1a: Volcanion
|-damage|p1a: Volcanion|19/100
|
|t:|1660410421
|switch|p2a: Dragonite|Dragonite, M|94/100|[from]move: U-turn
|
|upkeep
|turn|10
|
|t:|1660410424
|switch|p1a: Landorus|Landorus-Therian, M|100/100
|-ability|p1a: Landorus|Intimidate|boost
|-unboost|p2a: Dragonite|atk|1
|move|p2a: Dragonite|Heal Bell|p2a: Dragonite
|-activate|p2a: Dragonite|move: Heal Bell
|-curestatus|p2: Urshifu|tox|[msg]
|
|upkeep
|turn|11
|
|t:|1660410428
|switch|p2a: Urshifu|Urshifu-Rapid-Strike, M|94/100
|move|p1a: Landorus|Stealth Rock|p2a: Urshifu
|-sidestart|p2: 2(H2O)|move: Stealth Rock
|
|upkeep
|turn|12
|
|t:|1660410432
|move|p2a: Urshifu|U-turn|p1a: Landorus
|-resisted|p1a: Landorus
|-crit|p1a: Landorus
|-damage|p1a: Landorus|70/100
|
|t:|1660410435
|switch|p2a: Landorus|Landorus-Therian, M|100/100|[from]move: U-turn
|-damage|p2a: Landorus|88/100|[from] Stealth Rock
|-ability|p2a: Landorus|Intimidate|boost
|-unboost|p1a: Landorus|atk|1
|move|p1a: Landorus|U-turn|p2a: Landorus
|-resisted|p2a: Landorus
|-damage|p2a: Landorus|80/100
|
|t:|1660410439
|switch|p1a: Buzzwole|Buzzwole|100/100|[from]move: U-turn
|
|-heal|p2a: Landorus|86/100|[from] item: Leftovers
|upkeep
|turn|13
|
|t:|1660410442
|switch|p2a: Victini|Victini|100/100
|move|p1a: Buzzwole|Ice Punch|p2a: Victini
|-resisted|p2a: Victini
|-damage|p2a: Victini|85/100
|
|upkeep
|turn|14
|
|t:|1660410448
|switch|p1a: Heatran|Heatran, M|100/100
|-item|p1a: Heatran|Air Balloon
|move|p2a: Victini|V-create|p1a: Heatran
|-damage|p1a: Heatran|48/100
|-unboost|p2a: Victini|spe|1
|-unboost|p2a: Victini|def|1
|-unboost|p2a: Victini|spd|1
|-enditem|p1a: Heatran|Air Balloon
|
|upkeep
|turn|15
|
|t:|1660410452
|switch|p2a: Dragonite|Dragonite, M|94/100
|move|p1a: Heatran|Earth Power|p2a: Dragonite
|-immune|p2a: Dragonite
|
|upkeep
|turn|16
|
|t:|1660410456
|move|p2a: Dragonite|Defog|p1a: Heatran
|-unboost|p1a: Heatran|evasion|1
|-sideend|p2: 2(H2O)|Stealth Rock|[from] move: Defog|[of] p2a: Dragonite
|move|p1a: Heatran|Taunt|p2a: Dragonite
|-start|p2a: Dragonite|move: Taunt
|
|upkeep
|turn|17
|
|t:|1660410462
|switch|p2a: Urshifu|Urshifu-Rapid-Strike, M|94/100
|move|p1a: Heatran|Toxic|p2a: Urshifu
|-status|p2a: Urshifu|tox
|
|-damage|p2a: Urshifu|88/100 tox|[from] psn
|upkeep
|turn|18
|
|t:|1660410467
|switch|p1a: Landorus|Landorus-Therian, M|70/100
|-ability|p1a: Landorus|Intimidate|boost
|-unboost|p2a: Urshifu|atk|1
|move|p2a: Urshifu|U-turn|p1a: Landorus
|-resisted|p1a: Landorus
|-damage|p1a: Landorus|55/100
|
|t:|1660410474
|switch|p2a: Victini|Victini|85/100|[from]move: U-turn
|
|upkeep
|turn|19
|
|t:|1660410479
|switch|p1a: Heatran|Heatran, M|48/100
|move|p2a: Victini|V-create|p1a: Heatran
|-damage|p1a: Heatran|3/100
|-unboost|p2a: Victini|spe|1
|-unboost|p2a: Victini|def|1
|-unboost|p2a: Victini|spd|1
|
|upkeep
|turn|20
|
|t:|1660410484
|move|p2a: Victini|U-turn|p1a: Heatran
|-resisted|p1a: Heatran
|-damage|p1a: Heatran|0 fnt
|faint|p1a: Heatran
|
|t:|1660410486
|switch|p2a: Landorus|Landorus-Therian, M|86/100|[from]move: U-turn
|
|-heal|p2a: Landorus|92/100|[from] item: Leftovers
|upkeep
|
|t:|1660410493
|switch|p1a: Volcanion|Volcanion|19/100
|turn|21
|
|t:|1660410498
|switch|p2a: Dragonite|Dragonite, M|94/100
|move|p1a: Volcanion|Steam Eruption|p2a: Dragonite
|-resisted|p2a: Dragonite
|-damage|p2a: Dragonite|54/100
|-status|p2a: Dragonite|brn
|
|-damage|p2a: Dragonite|48/100 brn|[from] brn
|upkeep
|turn|22
|
|t:|1660410506
|move|p2a: Dragonite|Roost|p2a: Dragonite
|-heal|p2a: Dragonite|98/100 brn
|-singleturn|p2a: Dragonite|move: Roost
|move|p1a: Volcanion|Steam Eruption|p2a: Dragonite
|-resisted|p2a: Dragonite
|-damage|p2a: Dragonite|62/100 brn
|
|-damage|p2a: Dragonite|55/100 brn|[from] brn
|upkeep
|turn|23
|
|t:|1660410511
|switch|p1a: Melmetal|Melmetal|100/100
|move|p2a: Dragonite|Heal Bell|p2a: Dragonite
|-activate|p2a: Dragonite|move: Heal Bell
|-curestatus|p2a: Dragonite|brn|[msg]
|-curestatus|p2: Urshifu|tox|[msg]
|
|upkeep
|turn|24
|
|t:|1660410514
|switch|p2a: Landorus|Landorus-Therian, M|92/100
|-ability|p2a: Landorus|Intimidate|boost
|-unboost|p1a: Melmetal|atk|1
|move|p1a: Melmetal|Double Iron Bash|p2a: Landorus
|-damage|p2a: Landorus|61/100
|-damage|p2a: Landorus|31/100
|-hitcount|p2a: Landorus|2
|
|-heal|p2a: Landorus|37/100|[from] item: Leftovers
|upkeep
|turn|25
|
|t:|1660410517
|switch|p1a: Landorus|Landorus-Therian, M|55/100
|-ability|p1a: Landorus|Intimidate|boost
|-unboost|p2a: Landorus|atk|1
|move|p2a: Landorus|Stealth Rock|p1a: Landorus
|-sidestart|p1: CowpieMike|move: Stealth Rock
|
|-heal|p2a: Landorus|43/100|[from] item: Leftovers
|upkeep
|turn|26
|
|t:|1660410519
|move|p1a: Landorus|Defog|p2a: Landorus
|-unboost|p2a: Landorus|evasion|1
|-sideend|p1: CowpieMike|Stealth Rock|[from] move: Defog|[of] p1a: Landorus
|move|p2a: Landorus|Toxic|p1a: Landorus
|-status|p1a: Landorus|tox
|
|-heal|p2a: Landorus|49/100|[from] item: Leftovers
|-damage|p1a: Landorus|49/100 tox|[from] psn
|upkeep
|-enditem|p1a: Landorus|Sitrus Berry|[eat]
|-heal|p1a: Landorus|74/100 tox|[from] item: Sitrus Berry
|turn|27
|
|t:|1660410523
|move|p1a: Landorus|Stealth Rock|p2a: Landorus
|-sidestart|p2: 2(H2O)|move: Stealth Rock
|move|p2a: Landorus|Stealth Rock|p1a: Landorus
|-sidestart|p1: CowpieMike|move: Stealth Rock
|
|-heal|p2a: Landorus|55/100|[from] item: Leftovers
|-damage|p1a: Landorus|62/100 tox|[from] psn
|upkeep
|turn|28
|
|t:|1660410528
|move|p1a: Landorus|U-turn|p2a: Landorus
|-resisted|p2a: Landorus
|-damage|p2a: Landorus|43/100
|
|t:|1660410530
|switch|p1a: Buzzwole|Buzzwole|100/100|[from]move: U-turn
|-damage|p1a: Buzzwole|88/100|[from] Stealth Rock
|move|p2a: Landorus|U-turn|p1a: Buzzwole
|-resisted|p1a: Buzzwole
|-damage|p1a: Buzzwole|83/100
|
|t:|1660410538
|switch|p2a: Tapu Lele|Tapu Lele|100/100|[from]move: U-turn
|-damage|p2a: Tapu Lele|88/100|[from] Stealth Rock
|-fieldstart|move: Psychic Terrain|[from] ability: Psychic Surge|[of] p2a: Tapu Lele
|
|upkeep
|turn|29
|
|t:|1660410544
|switch|p1a: Landorus|Landorus-Therian, M|62/100 tox
|-damage|p1a: Landorus|50/100 tox|[from] Stealth Rock
|-ability|p1a: Landorus|Intimidate|boost
|-unboost|p2a: Tapu Lele|atk|1
|move|p2a: Tapu Lele|Focus Blast|p1a: Landorus
|-resisted|p1a: Landorus
|-damage|p1a: Landorus|22/100 tox
|
|-damage|p1a: Landorus|16/100 tox|[from] psn
|upkeep
|turn|30
|
|t:|1660410548
|move|p2a: Tapu Lele|Focus Blast|p1a: Landorus
|-resisted|p1a: Landorus
|-damage|p1a: Landorus|0 fnt
|faint|p1a: Landorus
|
|upkeep
|
|t:|1660410561
|switch|p1a: Volcanion|Volcanion|19/100
|-damage|p1a: Volcanion|0 fnt|[from] Stealth Rock
|faint|p1a: Volcanion
|
|t:|1660410562
|switch|p1a: Buzzwole|Buzzwole|83/100
|-damage|p1a: Buzzwole|70/100|[from] Stealth Rock
|turn|31
|
|t:|1660410566
|switch|p2a: Victini|Victini|85/100
|move|p1a: Buzzwole|Leech Life|p2a: Victini
|-damage|p2a: Victini|40/100
|-heal|p1a: Buzzwole|92/100|[from] drain|[of] p2a: Victini
|
|upkeep
|turn|32
|
|t:|1660410571
|move|p1a: Buzzwole|Leech Life|p2a: Victini
|-damage|p2a: Victini|0 fnt
|-heal|p1a: Buzzwole|100/100|[from] drain|[of] p2a: Victini
|faint|p2a: Victini
|-ability|p1a: Buzzwole|Beast Boost|boost
|-boost|p1a: Buzzwole|atk|1
|
|-fieldend|move: Psychic Terrain
|upkeep
|
|t:|1660410574
|switch|p2a: Tapu Lele|Tapu Lele|88/100
|-damage|p2a: Tapu Lele|76/100|[from] Stealth Rock
|-fieldstart|move: Psychic Terrain|[from] ability: Psychic Surge|[of] p2a: Tapu Lele
|turn|33
|
|t:|1660410580
|switch|p2a: Urshifu|Urshifu-Rapid-Strike, M|88/100
|-damage|p2a: Urshifu|82/100|[from] Stealth Rock
|move|p1a: Buzzwole|Leech Life|p2a: Urshifu
|-resisted|p2a: Urshifu
|-damage|p2a: Urshifu|48/100
|
|upkeep
|turn|34
|
|t:|1660410587
|move|p1a: Buzzwole|Leech Life|p2a: Urshifu
|-resisted|p2a: Urshifu
|-damage|p2a: Urshifu|18/100
|move|p2a: Urshifu|Surging Strikes|p1a: Buzzwole
|-crit|p1a: Buzzwole
|-damage|p1a: Buzzwole|81/100
|-crit|p1a: Buzzwole
|-damage|p1a: Buzzwole|60/100
|-crit|p1a: Buzzwole
|-damage|p1a: Buzzwole|39/100
|-hitcount|p1a: Buzzwole|3
|
|upkeep
|turn|35
|
|t:|1660410596
|switch|p2a: Melmetal|Melmetal|100/100
|-damage|p2a: Melmetal|94/100|[from] Stealth Rock
|move|p1a: Buzzwole|Leech Life|p2a: Melmetal
|-resisted|p2a: Melmetal
|-damage|p2a: Melmetal|77/100
|-heal|p1a: Buzzwole|50/100|[from] drain|[of] p2a: Melmetal
|
|upkeep
|turn|36
|
|t:|1660410607
|switch|p1a: Melmetal|Melmetal|100/100
|-damage|p1a: Melmetal|94/100|[from] Stealth Rock
|move|p2a: Melmetal|Earthquake|p1a: Melmetal
|-supereffective|p1a: Melmetal
|-damage|p1a: Melmetal|51/100
|
|-heal|p1a: Melmetal|57/100|[from] item: Leftovers
|upkeep
|turn|37
|
|t:|1660410615
|switch|p2a: Landorus|Landorus-Therian, M|43/100
|-damage|p2a: Landorus|31/100|[from] Stealth Rock
|-ability|p2a: Landorus|Intimidate|boost
|-unboost|p1a: Melmetal|atk|1
|move|p1a: Melmetal|Earthquake|p2a: Landorus
|-immune|p2a: Landorus
|
|-heal|p2a: Landorus|37/100|[from] item: Leftovers
|-heal|p1a: Melmetal|64/100|[from] item: Leftovers
|-fieldend|move: Psychic Terrain
|upkeep
|turn|38
|
|t:|1660410620
|move|p2a: Landorus|Earthquake|p1a: Melmetal
|-supereffective|p1a: Melmetal
|-damage|p1a: Melmetal|17/100
|move|p1a: Melmetal|Double Iron Bash|p2a: Landorus
|-damage|p2a: Landorus|7/100
|-damage|p2a: Landorus|0 fnt
|faint|p2a: Landorus
|-hitcount|p2: Landorus|2
|
|-heal|p1a: Melmetal|23/100|[from] item: Leftovers
|upkeep
|
|t:|1660410625
|switch|p2a: Urshifu|Urshifu-Rapid-Strike, M|18/100
|-damage|p2a: Urshifu|11/100|[from] Stealth Rock
|turn|39
|
|t:|1660410630
|move|p2a: Urshifu|Close Combat|p1a: Melmetal
|-supereffective|p1a: Melmetal
|-damage|p1a: Melmetal|0 fnt
|-unboost|p2a: Urshifu|def|1
|-unboost|p2a: Urshifu|spd|1
|faint|p1a: Melmetal
|
|upkeep
|
|t:|1660410644
|switch|p1a: Buzzwole|Buzzwole|50/100
|-damage|p1a: Buzzwole|38/100|[from] Stealth Rock
|turn|40
|
|t:|1660410648
|switch|p2a: Dragonite|Dragonite, M|55/100
|move|p1a: Buzzwole|Ice Punch|p2a: Dragonite
|-supereffective|p2a: Dragonite
|-damage|p2a: Dragonite|0 fnt
|faint|p2a: Dragonite
|-ability|p1a: Buzzwole|Beast Boost|boost
|-boost|p1a: Buzzwole|atk|1
|
|upkeep
|
|t:|1660410652
|switch|p2a: Tapu Lele|Tapu Lele|76/100
|-damage|p2a: Tapu Lele|63/100|[from] Stealth Rock
|-fieldstart|move: Psychic Terrain|[from] ability: Psychic Surge|[of] p2a: Tapu Lele
|turn|41
|
|t:|1660410657
|move|p2a: Tapu Lele|Moonblast|p1a: Buzzwole
|-supereffective|p1a: Buzzwole
|-damage|p1a: Buzzwole|0 fnt
|faint|p1a: Buzzwole
|
|upkeep
|
|t:|1660410660
|switch|p1a: Rillaboom|Rillaboom, F|100/100
|-damage|p1a: Rillaboom|88/100|[from] Stealth Rock
|-fieldstart|move: Grassy Terrain|[from] ability: Grassy Surge|[of] p1a: Rillaboom
|-enditem|p1a: Rillaboom|Grassy Seed
|-boost|p1a: Rillaboom|def|1|[from] item: Grassy Seed
|turn|42
|
|t:|1660410664
|move|p1a: Rillaboom|Grassy Glide|p2a: Tapu Lele
|-damage|p2a: Tapu Lele|0 fnt
|faint|p2a: Tapu Lele
|
|-heal|p1a: Rillaboom|94/100|[from] Grassy Terrain
|upkeep
|
|t:|1660410668
|switch|p2a: Melmetal|Melmetal|77/100
|-damage|p2a: Melmetal|71/100|[from] Stealth Rock
|turn|43
|
|t:|1660410670
|move|p1a: Rillaboom|Swords Dance|p1a: Rillaboom
|-boost|p1a: Rillaboom|atk|2
|move|p2a: Melmetal|Double Iron Bash|p1a: Rillaboom
|-damage|p1a: Rillaboom|65/100
|-damage|p1a: Rillaboom|32/100
|-hitcount|p1a: Rillaboom|2
|
|-heal|p1a: Rillaboom|39/100|[from] Grassy Terrain
|-heal|p2a: Melmetal|77/100|[from] Grassy Terrain
|upkeep
|turn|44
|
|t:|1660410671
|move|p1a: Rillaboom|Drain Punch|p2a: Melmetal
|-supereffective|p2a: Melmetal
|-damage|p2a: Melmetal|16/100
|-heal|p1a: Rillaboom|78/100|[from] drain|[of] p2a: Melmetal
|move|p2a: Melmetal|Double Iron Bash|p1a: Rillaboom
|-damage|p1a: Rillaboom|47/100
|-damage|p1a: Rillaboom|15/100
|-hitcount|p1a: Rillaboom|2
|
|-heal|p1a: Rillaboom|21/100|[from] Grassy Terrain
|-heal|p2a: Melmetal|22/100|[from] Grassy Terrain
|upkeep
|turn|45
|
|t:|1660410674
|move|p1a: Rillaboom|Drain Punch|p2a: Melmetal
|-supereffective|p2a: Melmetal
|-damage|p2a: Melmetal|0 fnt
|-heal|p1a: Rillaboom|35/100|[from] drain|[of] p2a: Melmetal
|faint|p2a: Melmetal
|
|-heal|p1a: Rillaboom|42/100|[from] Grassy Terrain
|upkeep
|
|t:|1660410676
|switch|p2a: Urshifu|Urshifu-Rapid-Strike, M|11/100
|-damage|p2a: Urshifu|5/100|[from] Stealth Rock
|turn|46
|
|t:|1660410682
|move|p1a: Rillaboom|Grassy Glide|p2a: Urshifu
|-supereffective|p2a: Urshifu
|-damage|p2a: Urshifu|0 fnt
|faint|p2a: Urshifu
|
|win|CowpieMike
|raw|CowpieMike's rating: 1574 &rarr; <strong>1597</strong><br />(+23 for winning)
|raw|2(H2O)'s rating: 1618 &rarr; <strong>1595</strong><br />(-23 for losing)
|l|☆2(H2O)
