|j|☆Bearpaw92
|j|☆GuardArc
|t:|1609102246
|player|p1|Bearpaw92|colress|
|player|p2|GuardArc|lance-gen3|
|teamsize|p1|6
|teamsize|p2|6
|gametype|singles
|gen|8
|tier|[Gen 8] OU
|clearpoke
|poke|p1|Moltres|
|poke|p1|Slowking, M|
|poke|p1|Tyranitar, F|
|poke|p1|Excadrill, M|
|poke|p1|Buzzwole|
|poke|p1|Dracozolt|
|poke|p2|Tornadus-Therian, M|
|poke|p2|Kartana|
|poke|p2|Tyranitar, M|
|poke|p2|Aegislash, M|
|poke|p2|Buzzwole|
|poke|p2|Tapu Fini|
|rule|Sleep Clause Mod: Limit one foe put to sleep
|rule|Species Clause: Limit one of each Pokémon
|rule|OHKO Clause: OHKO moves are banned
|rule|Evasion Moves Clause: Evasion moves are banned
|rule|Endless Battle Clause: Forcing endless battles is banned
|rule|HP Percentage Mod: HP is shown in percentages
|rule|Dynamax Clause: You cannot dynamax
|teampreview
|c|☆GuardArc|ayy game 2 gl hf man
|j| Kubwho
|l|☆GuardArc
|player|p2|
|j|☆GuardArc
|player|p2|GuardArc|lance-gen3
|
|t:|1609102346
|start
|switch|p1a: Excadrill|Excadrill, M|100/100
|switch|p2a: Kartana|Kartana|100/100
|turn|1
|l| Kubwho
|
|t:|1609102377
|switch|p1a: Phoenix|Moltres, shiny|100/100
|move|p2a: Kartana|Knock Off|p1a: Phoenix
|-damage|p1a: Phoenix|69/100
|-enditem|p1a: Phoenix|Heavy-Duty Boots|[from] move: Knock Off|[of] p2a: Kartana
|
|upkeep
|turn|2
|
|t:|1609102383
|switch|p2a: Tyranitar|Tyranitar, M|100/100
|-weather|Sandstorm|[from] ability: Sand Stream|[of] p2a: Tyranitar
|move|p1a: Phoenix|U-turn|p2a: Tyranitar
|-supereffective|p2a: Tyranitar
|-damage|p2a: Tyranitar|77/100
|
|t:|1609102390
|switch|p1a: Blue|Dracozolt, shiny|100/100|[from]move: U-turn
|
|-weather|Sandstorm|[upkeep]
|-heal|p2a: Tyranitar|83/100|[from] item: Leftovers
|upkeep
|turn|3
|j| StackingPaper
|
|t:|1609102407
|move|p1a: Blue|Earthquake|p2a: Tyranitar
|-supereffective|p2a: Tyranitar
|-damage|p2a: Tyranitar|23/100
|-damage|p1a: Blue|91/100|[from] item: Life Orb
|move|p2a: Tyranitar|Earthquake|p1a: Blue
|-supereffective|p1a: Blue
|-damage|p1a: Blue|20/100
|
|-weather|Sandstorm|[upkeep]
|-heal|p2a: Tyranitar|29/100|[from] item: Leftovers
|upkeep
|turn|4
|
|t:|1609102430
|switch|p2a: Buzzwole|Buzzwole|100/100
|move|p1a: Blue|Bolt Beak|p2a: Buzzwole
|-damage|p2a: Buzzwole|58/100
|-damage|p1a: Blue|3/100|[from] item: Rocky Helmet|[of] p2a: Buzzwole
|-damage|p1a: Blue|0 fnt|[from] item: Life Orb
|faint|p1a: Blue
|
|-weather|Sandstorm|[upkeep]
|-damage|p2a: Buzzwole|52/100|[from] Sandstorm
|upkeep
|
|t:|1609102442
|switch|p1a: Phoenix|Moltres, shiny|69/100
|turn|5
|
|t:|1609102447
|switch|p2a: Tapu Fini|Tapu Fini|100/100
|-fieldstart|move: Misty Terrain|[from] ability: Misty Surge|[of] p2a: Tapu Fini
|move|p1a: Phoenix|Mystical Fire|p2a: Tapu Fini
|-resisted|p2a: Tapu Fini
|-damage|p2a: Tapu Fini|87/100
|-unboost|p2a: Tapu Fini|spa|1
|
|-weather|Sandstorm|[upkeep]
|-damage|p2a: Tapu Fini|81/100|[from] Sandstorm
|-damage|p1a: Phoenix|63/100|[from] Sandstorm
|upkeep
|turn|6
|
|t:|1609102459
|switch|p1a: Slowking|Slowking, M|100/100
|move|p2a: Tapu Fini|Trick|p1a: Slowking
|-activate|p2a: Tapu Fini|move: Trick|[of] p1a: Slowking
|-item|p1a: Slowking|Choice Scarf|[from] move: Trick
|-item|p2a: Tapu Fini|Heavy-Duty Boots|[from] move: Trick
|
|-weather|none
|upkeep
|turn|7
|
|t:|1609102474
|switch|p2a: Aegislash|Aegislash, M, shiny|100/100
|move|p1a: Slowking|Teleport|p1a: Slowking
|j| venom94
|
|t:|1609102493
|switch|p1a: Phoenix|Moltres, shiny|63/100|[from]move: Teleport
|
|upkeep
|turn|8
|
|t:|1609102502
|switch|p2a: Tyranitar|Tyranitar, M|29/100
|-weather|Sandstorm|[from] ability: Sand Stream|[of] p2a: Tyranitar
|move|p1a: Phoenix|Roost|p1a: Phoenix
|-heal|p1a: Phoenix|100/100
|-singleturn|p1a: Phoenix|move: Roost
|
|-weather|Sandstorm|[upkeep]
|-damage|p1a: Phoenix|94/100|[from] Sandstorm
|-heal|p2a: Tyranitar|35/100|[from] item: Leftovers
|upkeep
|turn|9
|l| venom94
|
|t:|1609102526
|move|p1a: Phoenix|U-turn|p2a: Tyranitar
|-supereffective|p2a: Tyranitar
|-damage|p2a: Tyranitar|13/100
|
|t:|1609102529
|switch|p1a: Buzzwole|Buzzwole, shiny|100/100|[from]move: U-turn
|move|p2a: Tyranitar|Stealth Rock|p1a: Buzzwole
|-sidestart|p1: Bearpaw92|move: Stealth Rock
|
|-weather|Sandstorm|[upkeep]
|-damage|p1a: Buzzwole|94/100|[from] Sandstorm
|-heal|p1a: Buzzwole|100/100|[from] item: Leftovers
|-heal|p2a: Tyranitar|19/100|[from] item: Leftovers
|-fieldend|Misty Terrain
|upkeep
|turn|10
|
|t:|1609102541
|switch|p1a: Excadrill|Excadrill, M|100/100
|-damage|p1a: Excadrill|97/100|[from] Stealth Rock
|switch|p2a: Buzzwole|Buzzwole|52/100
|
|-weather|Sandstorm|[upkeep]
|-damage|p2a: Buzzwole|46/100|[from] Sandstorm
|-heal|p1a: Excadrill|100/100|[from] item: Leftovers
|upkeep
|turn|11
|
|t:|1609102562
|switch|p1a: Slowking|Slowking, M|100/100
|-damage|p1a: Slowking|88/100|[from] Stealth Rock
|move|p2a: Buzzwole|Roost|p2a: Buzzwole
|-heal|p2a: Buzzwole|96/100
|-singleturn|p2a: Buzzwole|move: Roost
|
|-weather|Sandstorm|[upkeep]
|-damage|p2a: Buzzwole|89/100|[from] Sandstorm
|-damage|p1a: Slowking|82/100|[from] Sandstorm
|upkeep
|turn|12
|
|t:|1609102573
|switch|p2a: Tapu Fini|Tapu Fini|81/100
|-fieldstart|move: Misty Terrain|[from] ability: Misty Surge|[of] p2a: Tapu Fini
|move|p1a: Slowking|Future Sight|p2a: Tapu Fini
|-start|p1a: Slowking|move: Future Sight
|
|-weather|none
|upkeep
|turn|13
|
|t:|1609102584
|switch|p2a: Tornadus|Tornadus-Therian, M|100/100
|switch|p1a: Gojira|Tyranitar, F, shiny|100/100
|-damage|p1a: Gojira|88/100|[from] Stealth Rock
|-weather|Sandstorm|[from] ability: Sand Stream|[of] p1a: Gojira
|
|-weather|Sandstorm|[upkeep]
|-damage|p2a: Tornadus|94/100|[from] Sandstorm
|-heal|p1a: Gojira|94/100|[from] item: Leftovers
|upkeep
|turn|14
|
|t:|1609102597
|switch|p2a: Tyranitar|Tyranitar, M|19/100
|move|p1a: Gojira|Stealth Rock|p2a: Tyranitar
|-sidestart|p2: GuardArc|move: Stealth Rock
|
|-weather|Sandstorm|[upkeep]
|-end|p2a: Tyranitar|move: Future Sight
|-immune|p2a: Tyranitar
|-heal|p2a: Tyranitar|25/100|[from] item: Leftovers
|-heal|p1a: Gojira|100/100|[from] item: Leftovers
|upkeep
|turn|15
|
|t:|1609102608
|switch|p1a: Buzzwole|Buzzwole, shiny|100/100
|-damage|p1a: Buzzwole|88/100|[from] Stealth Rock
|move|p2a: Tyranitar|Toxic|p1a: Buzzwole
|-activate|p1a: Buzzwole|move: Misty Terrain
|
|-weather|Sandstorm|[upkeep]
|-damage|p1a: Buzzwole|82/100|[from] Sandstorm
|-heal|p1a: Buzzwole|88/100|[from] item: Leftovers
|-heal|p2a: Tyranitar|31/100|[from] item: Leftovers
|upkeep
|turn|16
|c|☆GuardArc|well that was dumb of me lol
|
|t:|1609102645
|switch|p2a: Aegislash|Aegislash, M, shiny|100/100
|-damage|p2a: Aegislash|95/100|[from] Stealth Rock
|move|p1a: Buzzwole|Drain Punch|p2a: Aegislash
|-immune|p2a: Aegislash
|
|-weather|Sandstorm|[upkeep]
|-damage|p1a: Buzzwole|82/100|[from] Sandstorm
|-heal|p1a: Buzzwole|88/100|[from] item: Leftovers
|-heal|p2a: Aegislash|100/100|[from] item: Leftovers
|-fieldend|Misty Terrain
|upkeep
|turn|17
|
|t:|1609102654
|move|p1a: Buzzwole|Roost|p1a: Buzzwole
|-heal|p1a: Buzzwole|100/100
|-singleturn|p1a: Buzzwole|move: Roost
|move|p2a: Aegislash|Swords Dance|p2a: Aegislash
|-boost|p2a: Aegislash|atk|2
|
|-weather|none
|upkeep
|turn|18
|
|t:|1609102662
|switch|p1a: Phoenix|Moltres, shiny|94/100
|-damage|p1a: Phoenix|45/100|[from] Stealth Rock
|move|p2a: Aegislash|Swords Dance|p2a: Aegislash
|-boost|p2a: Aegislash|atk|2
|
|upkeep
|turn|19
|
|t:|1609102669
|-formechange|p2a: Aegislash|Aegislash-Blade||[from] ability: Stance Change
|move|p2a: Aegislash|Shadow Sneak|p1a: Phoenix
|-damage|p1a: Phoenix|0 fnt
|faint|p1a: Phoenix
|
|upkeep
|
|t:|1609102678
|switch|p1a: Excadrill|Excadrill, M|100/100
|-damage|p1a: Excadrill|97/100|[from] Stealth Rock
|turn|20
|
|t:|1609102720
|move|p2a: Aegislash|Shadow Sneak|p1a: Excadrill
|-damage|p1a: Excadrill|0 fnt
|faint|p1a: Excadrill
|
|upkeep
|c|☆Bearpaw92|gg.
|c|☆Bearpaw92|Well played.
|c|☆GuardArc|gg thanks man
|-message|Bearpaw92 forfeited.
|
|win|GuardArc
|l|☆Bearpaw92
