|j|☆hqstest
|j|☆Squizzle-P
|t:|1649087660
|gametype|singles
|player|p1|hqstest|cynthia|1421
|player|p2|Squizzle-P|266|1383
|teamsize|p1|6
|teamsize|p2|6
|gen|8
|tier|[Gen 8] OU
|rated|
|rule|Sleep Clause Mod: Limit one foe put to sleep
|rule|Species Clause: Limit one of each Pokémon
|rule|OHKO Clause: OHKO moves are banned
|rule|Evasion Moves Clause: Evasion moves are banned
|rule|Endless Battle Clause: Forcing endless battles is banned
|rule|HP Percentage Mod: HP is shown in percentages
|rule|Dynamax Clause: You cannot dynamax
|clearpoke
|poke|p1|Ninetales-Alola, M|
|poke|p1|Kartana|
|poke|p1|Tapu Lele|
|poke|p1|Landorus-Therian, M|
|poke|p1|Moltres-Galar|
|poke|p1|Urshifu-*, M|
|poke|p2|Cobalion|
|poke|p2|Weavile, F|
|poke|p2|Garchomp, M|
|poke|p2|Slowking-Galar, M|
|poke|p2|Latias, F|
|poke|p2|Rotom-Wash|
|teampreview
|inactive|Battle timer is ON: inactive players will automatically lose when time's up. (requested by Squizzle-P)
|
|t:|1649087695
|start
|switch|p1a: Urshifu|Urshifu-Rapid-Strike, M|100/100
|switch|p2a: Cobalion|Cobalion|100/100
|turn|1
|
|t:|1649087706
|move|p1a: Urshifu|Close Combat|p2a: Cobalion
|-supereffective|p2a: Cobalion
|-damage|p2a: Cobalion|0 fnt
|-unboost|p1a: Urshifu|def|1
|-unboost|p1a: Urshifu|spd|1
|faint|p2a: Cobalion
|
|upkeep
|
|t:|1649087710
|switch|p2a: Latias|Latias, F|100/100
|turn|2
|
|t:|1649087716
|switch|p1a: Landorus|Landorus-Therian, M|100/100
|-ability|p1a: Landorus|Intimidate|boost
|-unboost|p2a: Latias|atk|1
|move|p2a: Latias|Psyshock|p1a: Landorus
|-damage|p1a: Landorus|63/100
|
|upkeep
|turn|3
|
|t:|1649087725
|switch|p2a: Garchomp|Garchomp, M|100/100
|move|p1a: Landorus|U-turn|p2a: Garchomp
|-damage|p2a: Garchomp|84/100
|-damage|p1a: Landorus|51/100|[from] ability: Rough Skin|[of] p2a: Garchomp
|
|t:|1649087731
|switch|p1a: Ninetales|Ninetales-Alola, M|100/100|[from]move: U-turn
|-weather|Hail|[from] ability: Snow Warning|[of] p1a: Ninetales
|
|-weather|Hail|[upkeep]
|-damage|p2a: Garchomp|78/100|[from] Hail
|-heal|p2a: Garchomp|84/100|[from] item: Leftovers
|upkeep
|turn|4
|
|t:|1649087738
|switch|p2a: Slowking|Slowking-Galar, M|100/100
|move|p1a: Ninetales|Aurora Veil|p1a: Ninetales
|-sidestart|p1: hqstest|move: Aurora Veil
|
|-weather|Hail|[upkeep]
|-damage|p2a: Slowking|94/100|[from] Hail
|upkeep
|turn|5
|
|t:|1649087747
|switch|p1a: Landorus|Landorus-Therian, M|51/100
|-ability|p1a: Landorus|Intimidate|boost
|-unboost|p2a: Slowking|atk|1
|move|p2a: Slowking|Future Sight|p1a: Landorus
|-start|p2a: Slowking|move: Future Sight
|
|-weather|Hail|[upkeep]
|-damage|p1a: Landorus|45/100|[from] Hail
|-damage|p2a: Slowking|88/100|[from] Hail
|upkeep
|turn|6
|
|t:|1649087755
|switch|p2a: Garchomp|Garchomp, M|84/100
|move|p1a: Landorus|Explosion|p2a: Garchomp
|-damage|p2a: Garchomp|23/100
|faint|p1a: Landorus
|
|-weather|Hail|[upkeep]
|-damage|p2a: Garchomp|16/100|[from] Hail
|-heal|p2a: Garchomp|23/100|[from] item: Leftovers
|upkeep
|
|t:|1649087770
|switch|p1a: Tapu Lele|Tapu Lele|100/100
|-fieldstart|move: Psychic Terrain|[from] ability: Psychic Surge|[of] p1a: Tapu Lele
|turn|7
|
|t:|1649087774
|move|p1a: Tapu Lele|Moonblast|p2a: Garchomp
|-supereffective|p2a: Garchomp
|-damage|p2a: Garchomp|0 fnt
|faint|p2a: Garchomp
|
|-weather|none
|-end|p1a: Tapu Lele|move: Future Sight
|-resisted|p1a: Tapu Lele
|-damage|p1a: Tapu Lele|80/100
|upkeep
|
|t:|1649087780
|switch|p2a: Weavile|Weavile, F|100/100
|-ability|p2a: Weavile|Pressure
|turn|8
|
|t:|1649087783
|move|p2a: Weavile|Knock Off|p1a: Tapu Lele
|-damage|p1a: Tapu Lele|42/100
|-enditem|p1a: Tapu Lele|Choice Specs|[from] move: Knock Off|[of] p2a: Weavile
|move|p1a: Tapu Lele|Moonblast|p2a: Weavile
|-supereffective|p2a: Weavile
|-damage|p2a: Weavile|0 fnt
|faint|p2a: Weavile
|
|upkeep
|
|t:|1649087793
|switch|p2a: Slowking|Slowking-Galar, M|100/100
|turn|9
|
|t:|1649087796
|move|p1a: Tapu Lele|Psyshock|p2a: Slowking
|-damage|p2a: Slowking|39/100
|move|p2a: Slowking|Future Sight|p1a: Tapu Lele
|-start|p2a: Slowking|move: Future Sight
|
|upkeep
|turn|10
|
|t:|1649087802
|switch|p2a: Latias|Latias, F|100/100
|move|p1a: Tapu Lele|Psyshock|p2a: Latias
|-resisted|p2a: Latias
|-damage|p2a: Latias|72/100
|
|-heal|p2a: Latias|78/100|[from] item: Leftovers
|upkeep
|turn|11
|
|t:|1649087808
|move|p1a: Tapu Lele|Moonblast|p2a: Latias
|-supereffective|p2a: Latias
|-damage|p2a: Latias|10/100
|move|p2a: Latias|Psyshock|p1a: Tapu Lele
|-resisted|p1a: Tapu Lele
|-damage|p1a: Tapu Lele|31/100
|
|-end|p1a: Tapu Lele|move: Future Sight
|-resisted|p1a: Tapu Lele
|-damage|p1a: Tapu Lele|8/100
|-heal|p2a: Latias|16/100|[from] item: Leftovers
|-sideend|p1: hqstest|move: Aurora Veil
|-fieldend|move: Psychic Terrain
|upkeep
|turn|12
|
|t:|1649087816
|switch|p2a: Slowking|Slowking-Galar, M|73/100
|move|p1a: Tapu Lele|Moonblast|p2a: Slowking
|-resisted|p2a: Slowking
|-damage|p2a: Slowking|59/100
|
|upkeep
|turn|13
|
|t:|1649087821
|switch|p1a: Ninetales|Ninetales-Alola, M|100/100
|-weather|Hail|[from] ability: Snow Warning|[of] p1a: Ninetales
|move|p2a: Slowking|Sludge Wave|p1a: Ninetales
|-supereffective|p1a: Ninetales
|-damage|p1a: Ninetales|0 fnt
|faint|p1a: Ninetales
|
|-weather|Hail|[upkeep]
|-damage|p2a: Slowking|53/100|[from] Hail
|upkeep
|
|t:|1649087836
|switch|p1a: Tapu Lele|Tapu Lele|8/100
|-fieldstart|move: Psychic Terrain|[from] ability: Psychic Surge|[of] p1a: Tapu Lele
|turn|14
|
|t:|1649087839
|move|p1a: Tapu Lele|Psyshock|p2a: Slowking
|-damage|p2a: Slowking|0 fnt
|faint|p2a: Slowking
|
|-weather|Hail|[upkeep]
|-damage|p1a: Tapu Lele|2/100|[from] Hail
|upkeep
|
|t:|1649087843
|switch|p2a: Rotom|Rotom-Wash|100/100
|turn|15
|
|t:|1649087848
|move|p2a: Rotom|Volt Switch|p1a: Tapu Lele
|-damage|p1a: Tapu Lele|0 fnt
|faint|p1a: Tapu Lele
|
|t:|1649087851
|switch|p2a: Latias|Latias, F|16/100|[from]move: Volt Switch
|
|-weather|Hail|[upkeep]
|-damage|p2a: Latias|10/100|[from] Hail
|-heal|p2a: Latias|16/100|[from] item: Leftovers
|upkeep
|
|t:|1649087854
|switch|p1a: Kartana|Kartana|100/100
|turn|16
|
|t:|1649087857
|move|p1a: Kartana|Knock Off|p2a: Latias
|-supereffective|p2a: Latias
|-damage|p2a: Latias|0 fnt
|-enditem|p2a: Latias|Leftovers|[from] move: Knock Off|[of] p1a: Kartana
|faint|p2a: Latias
|-ability|p1a: Kartana|Beast Boost|boost
|-boost|p1a: Kartana|atk|1
|
|-weather|Hail|[upkeep]
|-damage|p1a: Kartana|94/100|[from] Hail
|upkeep
|
|t:|1649087859
|switch|p2a: Rotom|Rotom-Wash|100/100
|turn|17
|
|t:|1649087861
|move|p1a: Kartana|Leaf Blade|p2a: Rotom
|-supereffective|p2a: Rotom
|-damage|p2a: Rotom|0 fnt
|faint|p2a: Rotom
|
|win|hqstest
|raw|hqstest's rating: 1421 &rarr; <strong>1439</strong><br />(+18 for winning)
|raw|Squizzle-P's rating: 1383 &rarr; <strong>1365</strong><br />(-18 for losing)
|l|☆Squizzle-P
