|j|☆gexal
|j|☆Hgfhhfghfff
|t:|1667619585
|gametype|singles
|player|p1|gexal|170|1434
|player|p2|Hgfhhfghfff|169|1467
|teamsize|p1|6
|teamsize|p2|6
|gen|8
|tier|[Gen 8] OU
|rated|
|rule|Sleep Clause Mod: Limit one foe put to sleep
|rule|Species Clause: Limit one of each Pokémon
|rule|OHKO Clause: OHKO moves are banned
|rule|Evasion Items Clause: Evasion items are banned
|rule|Evasion Moves Clause: Evasion moves are banned
|rule|Endless Battle Clause: Forcing endless battles is banned
|rule|HP Percentage Mod: HP is shown in percentages
|rule|Dynamax Clause: You cannot dynamax
|clearpoke
|poke|p1|Silvally-*|
|poke|p1|Buzzwole|
|poke|p1|Kartana|
|poke|p1|Celesteela|
|poke|p1|Nihilego|
|poke|p1|Necrozma|
|poke|p2|Jirachi|
|poke|p2|Diancie|
|poke|p2|Keldeo|
|poke|p2|Rillaboom, F|
|poke|p2|Zapdos|
|poke|p2|Mamoswine, M|
|teampreview
|inactive|Battle timer is ON: inactive players will automatically lose when time's up. (requested by gexal)
|
|t:|1667619597
|start
|switch|p1a: Kartana|Kartana|100/100
|switch|p2a: Keldeo|Keldeo|100/100
|turn|1
|
|t:|1667619602
|switch|p2a: Zapdos|Zapdos|100/100
|move|p1a: Kartana|Leaf Blade|p2a: Zapdos
|-resisted|p2a: Zapdos
|-damage|p2a: Zapdos|73/100
|
|upkeep
|turn|2
|
|t:|1667619609
|switch|p1a: Nihilego|Nihilego|100/100
|move|p2a: Zapdos|Roost|p2a: Zapdos
|-heal|p2a: Zapdos|100/100
|-singleturn|p2a: Zapdos|move: Roost
|
|upkeep
|turn|3
|
|t:|1667619612
|switch|p2a: Jirachi|Jirachi|100/100
|move|p1a: Nihilego|Meteor Beam||[still]
|-prepare|p1a: Nihilego|Meteor Beam
|-boost|p1a: Nihilego|spa|1
|-enditem|p1a: Nihilego|Power Herb
|-anim|p1a: Nihilego|Meteor Beam|p2a: Jirachi
|-resisted|p2a: Jirachi
|-damage|p2a: Jirachi|72/100
|
|-heal|p2a: Jirachi|78/100|[from] item: Leftovers
|upkeep
|turn|4
|
|t:|1667619626
|switch|p1a: Silvally|Silvally-Ground|100/100
|move|p2a: Jirachi|Stealth Rock|p1a: Silvally
|-sidestart|p1: gexal|move: Stealth Rock
|
|-heal|p2a: Jirachi|84/100|[from] item: Leftovers
|upkeep
|turn|5
|
|t:|1667619631
|switch|p2a: Rillaboom|Rillaboom, F|100/100
|-fieldstart|move: Grassy Terrain|[from] ability: Grassy Surge|[of] p2a: Rillaboom
|move|p1a: Silvally|Multi-Attack|p2a: Rillaboom
|-resisted|p2a: Rillaboom
|-damage|p2a: Rillaboom|78/100
|
|-heal|p2a: Rillaboom|84/100|[from] Grassy Terrain
|upkeep
|turn|6
|
|t:|1667619636
|move|p1a: Silvally|Parting Shot|p2a: Rillaboom
|-unboost|p2a: Rillaboom|atk|1
|-unboost|p2a: Rillaboom|spa|1
|
|t:|1667619640
|switch|p1a: Buzzwole|Buzzwole|100/100|[from]move: Parting Shot
|-damage|p1a: Buzzwole|88/100|[from] Stealth Rock
|move|p2a: Rillaboom|Knock Off|p1a: Buzzwole
|-resisted|p1a: Buzzwole
|-damage|p1a: Buzzwole|83/100
|-damage|p2a: Rillaboom|67/100|[from] item: Rocky Helmet|[of] p1a: Buzzwole
|-enditem|p1a: Buzzwole|Rocky Helmet|[from] move: Knock Off|[of] p2a: Rillaboom
|
|-heal|p2a: Rillaboom|74/100|[from] Grassy Terrain
|-heal|p1a: Buzzwole|89/100|[from] Grassy Terrain
|upkeep
|turn|7
|
|t:|1667619652
|move|p2a: Rillaboom|U-turn|p1a: Buzzwole
|-resisted|p1a: Buzzwole
|-damage|p1a: Buzzwole|85/100
|
|t:|1667619655
|switch|p2a: Zapdos|Zapdos|100/100|[from]move: U-turn
|move|p1a: Buzzwole|Toxic|p2a: Zapdos
|-status|p2a: Zapdos|tox
|
|-heal|p1a: Buzzwole|91/100|[from] Grassy Terrain
|-damage|p2a: Zapdos|94/100 tox|[from] psn
|upkeep
|turn|8
|
|t:|1667619667
|switch|p1a: Silvally|Silvally-Ground|100/100
|-damage|p1a: Silvally|94/100|[from] Stealth Rock
|move|p2a: Zapdos|Hurricane|p1a: Silvally|[miss]
|-miss|p2a: Zapdos|p1a: Silvally
|
|-heal|p1a: Silvally|100/100|[from] Grassy Terrain
|-damage|p2a: Zapdos|82/100 tox|[from] psn
|upkeep
|turn|9
|
|t:|1667619677
|switch|p2a: Keldeo|Keldeo|100/100
|move|p1a: Silvally|Ice Beam|p2a: Keldeo
|-resisted|p2a: Keldeo
|-damage|p2a: Keldeo|85/100
|
|-heal|p2a: Keldeo|92/100|[from] Grassy Terrain
|-heal|p2a: Keldeo|98/100|[from] item: Leftovers
|-fieldend|move: Grassy Terrain
|upkeep
|turn|10
|
|t:|1667619688
|switch|p1a: Nihilego|Nihilego|100/100
|-damage|p1a: Nihilego|88/100|[from] Stealth Rock
|move|p2a: Keldeo|Scald|p1a: Nihilego
|-supereffective|p1a: Nihilego
|-damage|p1a: Nihilego|25/100
|-status|p1a: Nihilego|brn
|
|-heal|p2a: Keldeo|100/100|[from] item: Leftovers
|-damage|p1a: Nihilego|19/100 brn|[from] brn
|upkeep
|turn|11
|
|t:|1667619700
|move|p2a: Keldeo|Scald|p1a: Nihilego
|-supereffective|p1a: Nihilego
|-damage|p1a: Nihilego|0 fnt
|faint|p1a: Nihilego
|
|upkeep
|
|t:|1667619704
|switch|p1a: Necrozma|Necrozma|100/100
|-damage|p1a: Necrozma|88/100|[from] Stealth Rock
|turn|12
|
|t:|1667619708
|move|p2a: Keldeo|Taunt|p1a: Necrozma
|-start|p1a: Necrozma|move: Taunt
|move|p1a: Necrozma|Photon Geyser|p2a: Keldeo
|-supereffective|p2a: Keldeo
|-damage|p2a: Keldeo|0 fnt
|faint|p2a: Keldeo
|
|upkeep
|
|t:|1667619717
|switch|p2a: Rillaboom|Rillaboom, F|74/100
|-fieldstart|move: Grassy Terrain|[from] ability: Grassy Surge|[of] p2a: Rillaboom
|turn|13
|
|t:|1667619724
|move|p2a: Rillaboom|U-turn|p1a: Necrozma
|-supereffective|p1a: Necrozma
|-damage|p1a: Necrozma|55/100
|-enditem|p1a: Necrozma|Weakness Policy
|-boost|p1a: Necrozma|atk|2|[from] item: Weakness Policy
|-boost|p1a: Necrozma|spa|2|[from] item: Weakness Policy
|
|t:|1667619729
|switch|p2a: Jirachi|Jirachi|84/100|[from]move: U-turn
|move|p1a: Necrozma|Heat Wave|p2a: Jirachi
|-supereffective|p2a: Jirachi
|-damage|p2a: Jirachi|0 fnt
|faint|p2a: Jirachi
|
|-heal|p1a: Necrozma|61/100|[from] Grassy Terrain
|upkeep
|
|t:|1667619741
|switch|p2a: Diancie|Diancie|100/100
|turn|14
|
|t:|1667619744
|move|p1a: Necrozma|Photon Geyser|p2a: Diancie
|-damage|p2a: Diancie|43/100
|move|p2a: Diancie|Diamond Storm|p1a: Necrozma
|-damage|p1a: Necrozma|31/100
|-boost|p2a: Diancie|def|2
|
|-heal|p1a: Necrozma|37/100|[from] Grassy Terrain
|-heal|p2a: Diancie|49/100|[from] Grassy Terrain
|-end|p1a: Necrozma|move: Taunt
|upkeep
|turn|15
|
|t:|1667619754
|move|p1a: Necrozma|Moonlight|p1a: Necrozma
|-heal|p1a: Necrozma|87/100
|move|p2a: Diancie|Draining Kiss|p1a: Necrozma
|-damage|p1a: Necrozma|63/100
|-heal|p2a: Diancie|72/100|[from] drain|[of] p1a: Necrozma
|
|-heal|p1a: Necrozma|69/100|[from] Grassy Terrain
|-heal|p2a: Diancie|78/100|[from] Grassy Terrain
|upkeep
|turn|16
|
|t:|1667619760
|move|p1a: Necrozma|Photon Geyser|p2a: Diancie
|-damage|p2a: Diancie|19/100
|move|p2a: Diancie|Draining Kiss|p1a: Necrozma
|-damage|p1a: Necrozma|44/100
|-heal|p2a: Diancie|43/100|[from] drain|[of] p1a: Necrozma
|
|-heal|p1a: Necrozma|50/100|[from] Grassy Terrain
|-heal|p2a: Diancie|49/100|[from] Grassy Terrain
|upkeep
|turn|17
|
|t:|1667619768
|move|p1a: Necrozma|Photon Geyser|p2a: Diancie
|-damage|p2a: Diancie|0 fnt
|faint|p2a: Diancie
|
|-heal|p1a: Necrozma|56/100|[from] Grassy Terrain
|-fieldend|move: Grassy Terrain
|upkeep
|
|t:|1667619772
|switch|p2a: Rillaboom|Rillaboom, F|74/100
|-fieldstart|move: Grassy Terrain|[from] ability: Grassy Surge|[of] p2a: Rillaboom
|turn|18
|
|t:|1667619775
|move|p2a: Rillaboom|Grassy Glide|p1a: Necrozma
|-damage|p1a: Necrozma|2/100
|move|p1a: Necrozma|Photon Geyser|p2a: Rillaboom
|-damage|p2a: Rillaboom|0 fnt
|faint|p2a: Rillaboom
|
|-heal|p1a: Necrozma|8/100|[from] Grassy Terrain
|upkeep
|
|t:|1667619779
|switch|p2a: Mamoswine|Mamoswine, M|100/100
|turn|19
|
|t:|1667619781
|move|p2a: Mamoswine|Ice Shard|p1a: Necrozma
|-damage|p1a: Necrozma|0 fnt
|faint|p1a: Necrozma
|
|upkeep
|
|t:|1667619784
|switch|p1a: Kartana|Kartana|100/100
|-damage|p1a: Kartana|94/100|[from] Stealth Rock
|turn|20
|
|t:|1667619790
|switch|p2a: Zapdos|Zapdos|82/100 tox
|move|p1a: Kartana|Smart Strike|p2a: Zapdos
|-resisted|p2a: Zapdos
|-damage|p2a: Zapdos|61/100 tox
|-status|p1a: Kartana|par|[from] ability: Static|[of] p2a: Zapdos
|
|-heal|p1a: Kartana|100/100 par|[from] Grassy Terrain
|-damage|p2a: Zapdos|54/100 tox|[from] psn
|upkeep
|turn|21
|
|t:|1667619797
|switch|p1a: Silvally|Silvally-Ground|100/100
|-damage|p1a: Silvally|94/100|[from] Stealth Rock
|move|p2a: Zapdos|Roost|p2a: Zapdos
|-heal|p2a: Zapdos|100/100 tox
|-singleturn|p2a: Zapdos|move: Roost
|
|-heal|p1a: Silvally|100/100|[from] Grassy Terrain
|-damage|p2a: Zapdos|88/100 tox|[from] psn
|upkeep
|turn|22
|
|t:|1667619803
|move|p2a: Zapdos|Hurricane|p1a: Silvally
|-damage|p1a: Silvally|52/100
|move|p1a: Silvally|Ice Beam|p2a: Zapdos
|-supereffective|p2a: Zapdos
|-damage|p2a: Zapdos|32/100 tox
|
|-heal|p1a: Silvally|58/100|[from] Grassy Terrain
|-damage|p2a: Zapdos|13/100 tox|[from] psn
|-fieldend|move: Grassy Terrain
|upkeep
|turn|23
|
|t:|1667619813
|move|p2a: Zapdos|Hurricane|p1a: Silvally|[miss]
|-miss|p2a: Zapdos|p1a: Silvally
|move|p1a: Silvally|Flamethrower|p2a: Zapdos
|-damage|p2a: Zapdos|0 fnt
|faint|p2a: Zapdos
|
|upkeep
|
|t:|1667619815
|switch|p2a: Mamoswine|Mamoswine, M|100/100
|turn|24
|
|t:|1667619819
|move|p2a: Mamoswine|Ice Shard|p1a: Silvally
|-supereffective|p1a: Silvally
|-damage|p1a: Silvally|0 fnt
|faint|p1a: Silvally
|
|upkeep
|
|t:|1667619823
|switch|p1a: Buzzwole|Buzzwole|91/100
|-damage|p1a: Buzzwole|79/100|[from] Stealth Rock
|turn|25
|
|t:|1667619827
|move|p2a: Mamoswine|Icicle Crash|p1a: Buzzwole
|-damage|p1a: Buzzwole|54/100
|move|p1a: Buzzwole|Drain Punch|p2a: Mamoswine
|-supereffective|p2a: Mamoswine
|-damage|p2a: Mamoswine|23/100
|-heal|p1a: Buzzwole|87/100|[from] drain|[of] p2a: Mamoswine
|
|upkeep
|turn|26
|
|t:|1667619835
|move|p2a: Mamoswine|Freeze-Dry|p1a: Buzzwole
|-damage|p1a: Buzzwole|60/100
|move|p1a: Buzzwole|Drain Punch|p2a: Mamoswine
|-supereffective|p2a: Mamoswine
|-damage|p2a: Mamoswine|0 fnt
|-heal|p1a: Buzzwole|70/100|[from] drain|[of] p2a: Mamoswine
|faint|p2a: Mamoswine
|
|win|gexal
|raw|gexal's rating: 1434 &rarr; <strong>1455</strong><br />(+21 for winning)
|raw|Hgfhhfghfff's rating: 1445 &rarr; <strong>1424</strong><br />(-21 for losing)
|l|☆Hgfhhfghfff
