|j|☆ty-tyui↻
|j|☆SE01
|t:|1666991614
|gametype|singles
|player|p1|ty-tyui↻|surfer|1594
|player|p2|SE01|101|1569
|teamsize|p1|6
|teamsize|p2|6
|gen|8
|tier|[Gen 8] OU
|rated|
|rule|Sleep Clause Mod: Limit one foe put to sleep
|rule|Species Clause: Limit one of each Pokémon
|rule|OHKO Clause: OHKO moves are banned
|rule|Evasion Items Clause: Evasion items are banned
|rule|Evasion Moves Clause: Evasion moves are banned
|rule|Endless Battle Clause: Forcing endless battles is banned
|rule|HP Percentage Mod: HP is shown in percentages
|rule|Dynamax Clause: You cannot dynamax
|clearpoke
|poke|p1|Mienshao, F|
|poke|p1|Ninetales-Alola, M|
|poke|p1|Blacephalon|
|poke|p1|Landorus-Therian, M|
|poke|p1|Corviknight, M|
|poke|p1|Rotom-Wash|
|poke|p2|Tapu Fini|
|poke|p2|Dragonite, F|
|poke|p2|Tornadus-Therian, M|
|poke|p2|Weavile, F|
|poke|p2|Garchomp, F|
|poke|p2|Ferrothorn, F|
|teampreview
|
|t:|1666991653
|start
|switch|p1a: Ninetales|Ninetales-Alola, M|100/100
|switch|p2a: Ferrothorn|Ferrothorn, F|100/100
|-weather|Hail|[from] ability: Snow Warning|[of] p1a: Ninetales
|turn|1
|inactive|Battle timer is ON: inactive players will automatically lose when time's up. (requested by SE01)
|
|t:|1666991669
|switch|p1a: Corviknight|Corviknight, M|100/100
|-ability|p1a: Corviknight|Pressure
|move|p2a: Ferrothorn|Knock Off|p1a: Corviknight
|-damage|p1a: Corviknight|86/100
|-damage|p2a: Ferrothorn|84/100|[from] item: Rocky Helmet|[of] p1a: Corviknight
|-enditem|p1a: Corviknight|Rocky Helmet|[from] move: Knock Off|[of] p2a: Ferrothorn
|
|-weather|Hail|[upkeep]
|-damage|p1a: Corviknight|80/100|[from] Hail
|-damage|p2a: Ferrothorn|78/100|[from] Hail
|-heal|p2a: Ferrothorn|84/100|[from] item: Leftovers
|upkeep
|turn|2
|
|t:|1666991690
|switch|p1a: Mienshao|Mienshao, F, shiny|100/100
|move|p2a: Ferrothorn|Spikes|p1a: Mienshao
|-sidestart|p1: ty-tyui↻|Spikes
|
|-weather|Hail|[upkeep]
|-damage|p1a: Mienshao|94/100|[from] Hail
|-damage|p2a: Ferrothorn|78/100|[from] Hail
|-heal|p2a: Ferrothorn|84/100|[from] item: Leftovers
|upkeep
|turn|3
|
|t:|1666991698
|switch|p2a: Tapu Fini|Tapu Fini|100/100
|-fieldstart|move: Misty Terrain|[from] ability: Misty Surge|[of] p2a: Tapu Fini
|move|p1a: Mienshao|Poison Jab|p2a: Tapu Fini
|-supereffective|p2a: Tapu Fini
|-damage|p2a: Tapu Fini|56/100
|-damage|p1a: Mienshao|84/100|[from] item: Life Orb
|
|-weather|Hail|[upkeep]
|-damage|p1a: Mienshao|78/100|[from] Hail
|-damage|p2a: Tapu Fini|50/100|[from] Hail
|-heal|p2a: Tapu Fini|56/100|[from] item: Leftovers
|upkeep
|turn|4
|
|t:|1666991709
|move|p1a: Mienshao|U-turn|p2a: Tapu Fini
|-resisted|p2a: Tapu Fini
|-damage|p2a: Tapu Fini|45/100
|-damage|p1a: Mienshao|68/100|[from] item: Life Orb
|
|t:|1666991711
|switch|p1a: Rotom|Rotom-Wash|100/100|[from]move: U-turn
|move|p2a: Tapu Fini|Draining Kiss|p1a: Rotom
|-damage|p1a: Rotom|85/100
|-heal|p2a: Tapu Fini|56/100|[from] drain|[of] p1a: Rotom
|
|-weather|Hail|[upkeep]
|-damage|p1a: Rotom|79/100|[from] Hail
|-damage|p2a: Tapu Fini|49/100|[from] Hail
|-heal|p1a: Rotom|85/100|[from] item: Leftovers
|-heal|p2a: Tapu Fini|56/100|[from] item: Leftovers
|upkeep
|turn|5
|
|t:|1666991733
|switch|p1a: Ninetales|Ninetales-Alola, M|100/100
|-damage|p1a: Ninetales|88/100|[from] Spikes
|switch|p2a: Garchomp|Garchomp, F|100/100
|
|-weather|none
|upkeep
|turn|6
|
|t:|1666991748
|switch|p2a: Ferrothorn|Ferrothorn, F|84/100
|move|p1a: Ninetales|Blizzard|p2a: Ferrothorn
|-damage|p2a: Ferrothorn|41/100
|
|-heal|p2a: Ferrothorn|47/100|[from] item: Leftovers
|upkeep
|turn|7
|
|t:|1666991760
|switch|p1a: Rotom|Rotom-Wash|85/100
|move|p2a: Ferrothorn|Leech Seed|p1a: Rotom
|-start|p1a: Rotom|move: Leech Seed
|
|-heal|p1a: Rotom|92/100|[from] item: Leftovers
|-heal|p2a: Ferrothorn|53/100|[from] item: Leftovers
|-damage|p1a: Rotom|79/100|[from] Leech Seed|[of] p2a: Ferrothorn
|-heal|p2a: Ferrothorn|64/100|[silent]
|-fieldend|Misty Terrain
|upkeep
|turn|8
|
|t:|1666991765
|move|p1a: Rotom|Volt Switch|p2a: Ferrothorn
|-resisted|p2a: Ferrothorn
|-damage|p2a: Ferrothorn|56/100
|
|t:|1666991771
|switch|p1a: Corviknight|Corviknight, M|80/100|[from]move: Volt Switch
|-ability|p1a: Corviknight|Pressure
|move|p2a: Ferrothorn|Power Whip|p1a: Corviknight|[miss]
|-miss|p2a: Ferrothorn|p1a: Corviknight
|
|-heal|p2a: Ferrothorn|62/100|[from] item: Leftovers
|upkeep
|turn|9
|inactive|SE01 has 120 seconds left.
|
|t:|1666991806
|switch|p2a: Garchomp|Garchomp, F|100/100
|move|p1a: Corviknight|Defog|p2a: Garchomp
|-unboost|p2a: Garchomp|evasion|1
|-sideend|p1: ty-tyui↻|Spikes|[from] move: Defog|[of] p1a: Corviknight
|
|upkeep
|turn|10
|
|t:|1666991813
|move|p2a: Garchomp|Fire Blast|p1a: Corviknight
|-supereffective|p1a: Corviknight
|-damage|p1a: Corviknight|50/100
|move|p1a: Corviknight|U-turn|p2a: Garchomp
|-damage|p2a: Garchomp|88/100
|-damage|p1a: Corviknight|37/100|[from] ability: Rough Skin|[of] p2a: Garchomp
|
|t:|1666991818
|switch|p1a: Ninetales|Ninetales-Alola, M|88/100|[from]move: U-turn
|-weather|Hail|[from] ability: Snow Warning|[of] p1a: Ninetales
|
|-weather|Hail|[upkeep]
|-damage|p2a: Garchomp|82/100|[from] Hail
|-heal|p2a: Garchomp|88/100|[from] item: Leftovers
|upkeep
|turn|11
|inactive|SE01 has 120 seconds left.
|
|t:|1666991850
|switch|p2a: Weavile|Weavile, F|100/100
|-ability|p2a: Weavile|Pressure
|move|p1a: Ninetales|Freeze-Dry|p2a: Weavile
|-resisted|p2a: Weavile
|-damage|p2a: Weavile|73/100
|
|-weather|Hail|[upkeep]
|upkeep
|turn|12
|
|t:|1666991861
|switch|p1a: Corviknight|Corviknight, M|37/100
|-ability|p1a: Corviknight|Pressure
|move|p2a: Weavile|Knock Off|p1a: Corviknight
|-damage|p1a: Corviknight|1/100
|
|-weather|Hail|[upkeep]
|-damage|p1a: Corviknight|0 fnt|[from] Hail
|faint|p1a: Corviknight
|upkeep
|
|t:|1666991870
|switch|p1a: Blacephalon|Blacephalon, shiny|100/100
|turn|13
|inactive|SE01 has 120 seconds left.
|
|t:|1666991896
|switch|p2a: Dragonite|Dragonite, F|100/100
|move|p1a: Blacephalon|Shadow Ball|p2a: Dragonite
|-crit|p2a: Dragonite
|-damage|p2a: Dragonite|66/100
|
|-weather|Hail|[upkeep]
|-damage|p1a: Blacephalon|94/100|[from] Hail
|-damage|p2a: Dragonite|59/100|[from] Hail
|upkeep
|turn|14
|
|t:|1666991902
|move|p1a: Blacephalon|Shadow Ball|p2a: Dragonite
|-damage|p2a: Dragonite|8/100
|move|p2a: Dragonite|Roost|p2a: Dragonite
|-heal|p2a: Dragonite|58/100
|-singleturn|p2a: Dragonite|move: Roost
|
|-weather|none
|upkeep
|turn|15
|
|t:|1666991925
|switch|p1a: Ninetales|Ninetales-Alola, M|88/100
|-weather|Hail|[from] ability: Snow Warning|[of] p1a: Ninetales
|move|p2a: Dragonite|Earthquake|p1a: Ninetales
|-damage|p1a: Ninetales|34/100
|
|-weather|Hail|[upkeep]
|-damage|p2a: Dragonite|52/100|[from] Hail
|upkeep
|turn|16
|inactive|SE01 has 90 seconds left.
|
|t:|1666991948
|switch|p2a: Tornadus|Tornadus-Therian, M|100/100
|move|p1a: Ninetales|Blizzard|p2a: Tornadus
|-supereffective|p2a: Tornadus
|-damage|p2a: Tornadus|0 fnt
|faint|p2a: Tornadus
|
|-weather|Hail|[upkeep]
|upkeep
|inactive|SE01 has 90 seconds left.
|
|t:|1666991954
|switch|p2a: Ferrothorn|Ferrothorn, F|62/100
|turn|17
|
|t:|1666991970
|switch|p1a: Mienshao|Mienshao, F, shiny|100/100
|move|p2a: Ferrothorn|Spikes|p1a: Mienshao
|-sidestart|p1: ty-tyui↻|Spikes
|
|-weather|Hail|[upkeep]
|-damage|p1a: Mienshao|94/100|[from] Hail
|-damage|p2a: Ferrothorn|56/100|[from] Hail
|-heal|p2a: Ferrothorn|62/100|[from] item: Leftovers
|upkeep
|turn|18
|inactive|SE01 has 90 seconds left.
|
|t:|1666991994
|move|p1a: Mienshao|Close Combat|p2a: Ferrothorn
|-supereffective|p2a: Ferrothorn
|-damage|p2a: Ferrothorn|0 fnt
|-unboost|p1a: Mienshao|def|1
|-unboost|p1a: Mienshao|spd|1
|-damage|p1a: Mienshao|82/100|[from] ability: Iron Barbs|[of] p2a: Ferrothorn
|faint|p2a: Ferrothorn
|-damage|p1a: Mienshao|72/100|[from] item: Life Orb
|
|-weather|Hail|[upkeep]
|-damage|p1a: Mienshao|66/100|[from] Hail
|upkeep
|inactive|SE01 has 90 seconds left.
|
|t:|1666992002
|switch|p2a: Weavile|Weavile, F|73/100
|-ability|p2a: Weavile|Pressure
|turn|19
|
|t:|1666992011
|switch|p1a: Rotom|Rotom-Wash|79/100
|move|p2a: Weavile|Knock Off|p1a: Rotom
|-damage|p1a: Rotom|0 fnt
|-enditem|p1a: Rotom|Leftovers|[from] move: Knock Off|[of] p2a: Weavile
|faint|p1a: Rotom
|
|-weather|none
|upkeep
|
|t:|1666992018
|switch|p1a: Mienshao|Mienshao, F, shiny|99/100
|-damage|p1a: Mienshao|86/100|[from] Spikes
|turn|20
|inactive|SE01 has 90 seconds left.
|inactive|SE01 has 60 seconds left.
|
|t:|1666992074
|switch|p2a: Garchomp|Garchomp, F|88/100
|move|p1a: Mienshao|Knock Off|p2a: Garchomp
|-damage|p2a: Garchomp|55/100
|-damage|p1a: Mienshao|74/100|[from] ability: Rough Skin|[of] p2a: Garchomp
|-enditem|p2a: Garchomp|Leftovers|[from] move: Knock Off|[of] p1a: Mienshao
|-damage|p1a: Mienshao|64/100|[from] item: Life Orb
|
|upkeep
|turn|21
|
|t:|1666992078
|move|p1a: Mienshao|Close Combat|p2a: Garchomp
|-damage|p2a: Garchomp|0 fnt
|-unboost|p1a: Mienshao|def|1
|-unboost|p1a: Mienshao|spd|1
|-damage|p1a: Mienshao|51/100|[from] ability: Rough Skin|[of] p2a: Garchomp
|faint|p2a: Garchomp
|-damage|p1a: Mienshao|41/100|[from] item: Life Orb
|
|upkeep
|inactive|SE01 has 60 seconds left.
|
|t:|1666992104
|switch|p2a: Weavile|Weavile, F|73/100
|-ability|p2a: Weavile|Pressure
|turn|22
|
|t:|1666992125
|move|p2a: Weavile|Knock Off|p1a: Mienshao
|-resisted|p1a: Mienshao
|-damage|p1a: Mienshao|0 fnt
|-enditem|p1a: Mienshao|Life Orb|[from] move: Knock Off|[of] p2a: Weavile
|faint|p1a: Mienshao
|
|upkeep
|
|t:|1666992132
|switch|p1a: Landorus|Landorus-Therian, M|100/100
|-ability|p1a: Landorus|Intimidate|boost
|-unboost|p2a: Weavile|atk|1
|turn|23
|
|t:|1666992142
|switch|p2a: Dragonite|Dragonite, F|52/100
|move|p1a: Landorus|U-turn|p2a: Dragonite
|-resisted|p2a: Dragonite
|-damage|p2a: Dragonite|40/100
|
|t:|1666992147
|switch|p1a: Ninetales|Ninetales-Alola, M|34/100|[from]move: U-turn
|-damage|p1a: Ninetales|22/100|[from] Spikes
|-weather|Hail|[from] ability: Snow Warning|[of] p1a: Ninetales
|
|-weather|Hail|[upkeep]
|-damage|p2a: Dragonite|34/100|[from] Hail
|upkeep
|turn|24
|
|t:|1666992162
|move|p1a: Ninetales|Moonblast|p2a: Dragonite
|-supereffective|p2a: Dragonite
|-damage|p2a: Dragonite|0 fnt
|faint|p2a: Dragonite
|
|-weather|Hail|[upkeep]
|upkeep
|j| i lik8 cats
|l| i lik8 cats
|inactive|SE01 has 60 seconds left.
|
|t:|1666992181
|switch|p2a: Weavile|Weavile, F|73/100
|-ability|p2a: Weavile|Pressure
|turn|25
|inactive|SE01 has 60 seconds left.
|
|t:|1666992198
|move|p2a: Weavile|Ice Shard|p1a: Ninetales
|-resisted|p1a: Ninetales
|-damage|p1a: Ninetales|0 fnt
|faint|p1a: Ninetales
|
|-weather|Hail|[upkeep]
|upkeep
|
|t:|1666992201
|switch|p1a: Blacephalon|Blacephalon, shiny|94/100
|-damage|p1a: Blacephalon|82/100|[from] Spikes
|turn|26
|
|t:|1666992207
|switch|p1a: Landorus|Landorus-Therian, M|100/100
|-ability|p1a: Landorus|Intimidate|boost
|-unboost|p2a: Weavile|atk|1
|switch|p2a: Tapu Fini|Tapu Fini|56/100
|-fieldstart|move: Misty Terrain|[from] ability: Misty Surge|[of] p2a: Tapu Fini
|
|-weather|Hail|[upkeep]
|-damage|p2a: Tapu Fini|49/100|[from] Hail
|-damage|p1a: Landorus|94/100|[from] Hail
|-heal|p2a: Tapu Fini|56/100|[from] item: Leftovers
|-heal|p1a: Landorus|100/100|[from] item: Leftovers
|upkeep
|turn|27
|
|t:|1666992217
|move|p2a: Tapu Fini|Scald|p1a: Landorus
|-supereffective|p1a: Landorus
|-damage|p1a: Landorus|62/100
|-status|p1a: Landorus|brn
|move|p1a: Landorus|Earthquake|p2a: Tapu Fini
|-damage|p2a: Tapu Fini|39/100
|
|-weather|none
|-heal|p2a: Tapu Fini|45/100|[from] item: Leftovers
|-heal|p1a: Landorus|68/100 brn|[from] item: Leftovers
|-damage|p1a: Landorus|62/100 brn|[from] brn
|upkeep
|turn|28
|
|t:|1666992230
|move|p2a: Tapu Fini|Scald|p1a: Landorus
|-supereffective|p1a: Landorus
|-damage|p1a: Landorus|21/100 brn
|move|p1a: Landorus|Earthquake|p2a: Tapu Fini
|-damage|p2a: Tapu Fini|30/100
|
|-heal|p2a: Tapu Fini|36/100|[from] item: Leftovers
|-heal|p1a: Landorus|27/100 brn|[from] item: Leftovers
|-damage|p1a: Landorus|21/100 brn|[from] brn
|upkeep
|turn|29
|
|t:|1666992238
|switch|p2a: Weavile|Weavile, F|73/100
|-ability|p2a: Weavile|Pressure
|move|p1a: Landorus|U-turn|p2a: Weavile
|-supereffective|p2a: Weavile
|-damage|p2a: Weavile|32/100
|j| i lik8 cats
|
|t:|1666992258
|switch|p1a: Blacephalon|Blacephalon, shiny|82/100|[from]move: U-turn
|-damage|p1a: Blacephalon|70/100|[from] Spikes
|
|upkeep
|turn|30
|inactive|SE01 has 90 seconds left.
|
|t:|1666992278
|switch|p2a: Tapu Fini|Tapu Fini|36/100
|move|p1a: Blacephalon|Flamethrower|p2a: Tapu Fini
|-resisted|p2a: Tapu Fini
|-damage|p2a: Tapu Fini|14/100
|
|-heal|p2a: Tapu Fini|20/100|[from] item: Leftovers
|-fieldend|Misty Terrain
|upkeep
|turn|31
|
|t:|1666992281
|move|p1a: Blacephalon|Flamethrower|p2a: Tapu Fini
|-resisted|p2a: Tapu Fini
|-damage|p2a: Tapu Fini|0 fnt
|faint|p2a: Tapu Fini
|-ability|p1a: Blacephalon|Beast Boost|boost
|-boost|p1a: Blacephalon|spa|1
|
|upkeep
|
|t:|1666992284
|switch|p2a: Weavile|Weavile, F|32/100
|-ability|p2a: Weavile|Pressure
|turn|32
|c|☆ty-tyui↻|decided to choke bro
|c|☆ty-tyui↻|gg
|
|t:|1666992292
|move|p1a: Blacephalon|Flamethrower|p2a: Weavile
|-supereffective|p2a: Weavile
|-damage|p2a: Weavile|0 fnt
|faint|p2a: Weavile
|
|win|ty-tyui↻
|raw|ty-tyui↻'s rating: 1594 &rarr; <strong>1613</strong><br />(+19 for winning)
|raw|SE01's rating: 1569 &rarr; <strong>1550</strong><br />(-19 for losing)
|c|☆SE01|huh
|l| i lik8 cats
|c|☆SE01|How was weavile beatingg the last 2
|c|☆SE01|thought fini could live 2
|c|☆ty-tyui↻|???
|c|☆ty-tyui↻|u burned lando
|c|☆ty-tyui↻|it was gg
||Ladder isn't responding, score probably updated but might not have (Request timeout).
