|j|☆Bloody Busybody
|j|☆Libaa
|t:|1651145524
|gametype|singles
|player|p1|Bloody Busybody|bugcatcher|1682
|player|p2|Libaa|bianca-pwt|1626
|teamsize|p1|6
|teamsize|p2|6
|gen|8
|tier|[Gen 8] OU
|rated|
|rule|Sleep Clause Mod: Limit one foe put to sleep
|rule|Species Clause: Limit one of each Pokémon
|rule|OHKO Clause: OHKO moves are banned
|rule|Evasion Moves Clause: Evasion moves are banned
|rule|Endless Battle Clause: Forcing endless battles is banned
|rule|HP Percentage Mod: HP is shown in percentages
|rule|Dynamax Clause: You cannot dynamax
|clearpoke
|poke|p1|Volcanion|
|poke|p1|Corviknight, F|
|poke|p1|Mamoswine, F|
|poke|p1|Blissey, F|
|poke|p1|Rillaboom, F|
|poke|p1|Hydreigon, F|
|poke|p2|Turtonator, F|
|poke|p2|Victini|
|poke|p2|Ninetales-Alola, M|
|poke|p2|Hydreigon, M|
|poke|p2|Ferrothorn, F|
|poke|p2|Togekiss, M|
|teampreview
|inactive|Battle timer is ON: inactive players will automatically lose when time's up. (requested by Bloody Busybody)
|
|t:|1651145541
|start
|switch|p1a: Volcanion|Volcanion|100/100
|switch|p2a: Ninetales|Ninetales-Alola, M, shiny|100/100
|-weather|Hail|[from] ability: Snow Warning|[of] p2a: Ninetales
|turn|1
|
|t:|1651145554
|switch|p2a: Hydreigon|Hydreigon, M|100/100
|move|p1a: Volcanion|Fire Blast|p2a: Hydreigon|[miss]
|-miss|p1a: Volcanion|p2a: Hydreigon
|
|-weather|Hail|[upkeep]
|-damage|p2a: Hydreigon|94/100|[from] Hail
|-damage|p1a: Volcanion|94/100|[from] Hail
|upkeep
|turn|2
|
|t:|1651145566
|switch|p2a: Victini|Victini|100/100
|switch|p1a: Corviknight|Corviknight, F|100/100
|-ability|p1a: Corviknight|Pressure
|
|-weather|Hail|[upkeep]
|-damage|p2a: Victini|94/100|[from] Hail
|-damage|p1a: Corviknight|94/100|[from] Hail
|upkeep
|turn|3
|
|t:|1651145581
|switch|p2a: Ninetales|Ninetales-Alola, M, shiny|100/100
|switch|p1a: Hydreigon|Hydreigon, F|100/100
|
|-weather|Hail|[upkeep]
|-damage|p1a: Hydreigon|94/100|[from] Hail
|upkeep
|turn|4
|
|t:|1651145587
|switch|p1a: Volcanion|Volcanion|94/100
|move|p2a: Ninetales|Blizzard|p1a: Volcanion
|-resisted|p1a: Volcanion
|-damage|p1a: Volcanion|78/100
|
|-weather|Hail|[upkeep]
|-damage|p1a: Volcanion|72/100|[from] Hail
|upkeep
|turn|5
|
|t:|1651145594
|switch|p2a: Hydreigon|Hydreigon, M|94/100
|move|p1a: Volcanion|Fire Blast|p2a: Hydreigon
|-resisted|p2a: Hydreigon
|-damage|p2a: Hydreigon|44/100
|
|-weather|none
|upkeep
|turn|6
|
|t:|1651145600
|switch|p1a: Blissey|Blissey, F|100/100
|move|p2a: Hydreigon|Roost|p2a: Hydreigon
|-heal|p2a: Hydreigon|95/100
|-singleturn|p2a: Hydreigon|move: Roost
|
|upkeep
|turn|7
|
|t:|1651145605
|switch|p2a: Ferrothorn|Ferrothorn, F|100/100
|move|p1a: Blissey|Toxic|p2a: Ferrothorn
|-immune|p2a: Ferrothorn
|
|upkeep
|turn|8
|
|t:|1651145609
|move|p2a: Ferrothorn|Stealth Rock|p1a: Blissey
|-sidestart|p1: Bloody Busybody|move: Stealth Rock
|move|p1a: Blissey|Teleport|p1a: Blissey
|
|t:|1651145612
|switch|p1a: Corviknight|Corviknight, F|94/100|[from]move: Teleport
|-damage|p1a: Corviknight|82/100|[from] Stealth Rock
|-ability|p1a: Corviknight|Pressure
|
|upkeep
|turn|9
|
|t:|1651145615
|move|p1a: Corviknight|Defog|p2a: Ferrothorn
|-unboost|p2a: Ferrothorn|evasion|1
|-sideend|p1: Bloody Busybody|Stealth Rock|[from] move: Defog|[of] p1a: Corviknight
|move|p2a: Ferrothorn|Knock Off|p1a: Corviknight
|-damage|p1a: Corviknight|69/100
|-damage|p2a: Ferrothorn|84/100|[from] item: Rocky Helmet|[of] p1a: Corviknight
|-enditem|p1a: Corviknight|Rocky Helmet|[from] move: Knock Off|[of] p2a: Ferrothorn
|
|upkeep
|turn|10
|
|t:|1651145619
|switch|p1a: Volcanion|Volcanion|72/100
|move|p2a: Ferrothorn|Stealth Rock|p1a: Volcanion
|-sidestart|p1: Bloody Busybody|move: Stealth Rock
|
|upkeep
|turn|11
|
|t:|1651145624
|switch|p2a: Hydreigon|Hydreigon, M|95/100
|move|p1a: Volcanion|Steam Eruption|p2a: Hydreigon
|-resisted|p2a: Hydreigon
|-damage|p2a: Hydreigon|44/100
|
|upkeep
|turn|12
|
|t:|1651145627
|move|p2a: Hydreigon|Roost|p2a: Hydreigon
|-heal|p2a: Hydreigon|94/100
|-singleturn|p2a: Hydreigon|move: Roost
|move|p1a: Volcanion|Steam Eruption|p2a: Hydreigon
|-resisted|p2a: Hydreigon
|-damage|p2a: Hydreigon|36/100
|
|upkeep
|turn|13
|
|t:|1651145630
|switch|p1a: Blissey|Blissey, F|100/100
|move|p2a: Hydreigon|Earth Power|p1a: Blissey
|-damage|p1a: Blissey|86/100
|-damage|p2a: Hydreigon|26/100|[from] item: Life Orb
|
|upkeep
|turn|14
|
|t:|1651145633
|move|p2a: Hydreigon|Roost|p2a: Hydreigon
|-heal|p2a: Hydreigon|76/100
|-singleturn|p2a: Hydreigon|move: Roost
|move|p1a: Blissey|Toxic|p2a: Hydreigon
|-status|p2a: Hydreigon|tox
|
|-damage|p2a: Hydreigon|70/100 tox|[from] psn
|upkeep
|turn|15
|
|t:|1651145637
|switch|p2a: Victini|Victini|94/100
|move|p1a: Blissey|Teleport|p1a: Blissey
|
|t:|1651145643
|switch|p1a: Hydreigon|Hydreigon, F|94/100|[from]move: Teleport
|-damage|p1a: Hydreigon|82/100|[from] Stealth Rock
|
|upkeep
|turn|16
|
|t:|1651145647
|move|p2a: Victini|U-turn|p1a: Hydreigon
|-supereffective|p1a: Hydreigon
|-damage|p1a: Hydreigon|38/100
|
|t:|1651145650
|switch|p2a: Togekiss|Togekiss, M|100/100|[from]move: U-turn
|move|p1a: Hydreigon|Roost|p1a: Hydreigon
|-heal|p1a: Hydreigon|88/100
|-singleturn|p1a: Hydreigon|move: Roost
|
|upkeep
|turn|17
|
|t:|1651145655
|switch|p1a: Blissey|Blissey, F|86/100
|move|p2a: Togekiss|Thunder Wave|p1a: Blissey
|-status|p1a: Blissey|par
|
|upkeep
|turn|18
|
|t:|1651145658
|move|p2a: Togekiss|Air Slash|p1a: Blissey
|-damage|p1a: Blissey|75/100 par
|cant|p1a: Blissey|flinch
|
|upkeep
|turn|19
|
|t:|1651145662
|move|p2a: Togekiss|Air Slash|p1a: Blissey
|-damage|p1a: Blissey|64/100 par
|cant|p1a: Blissey|flinch
|
|upkeep
|turn|20
|
|t:|1651145664
|move|p2a: Togekiss|Air Slash|p1a: Blissey
|-damage|p1a: Blissey|52/100 par
|cant|p1a: Blissey|flinch
|
|upkeep
|turn|21
|
|t:|1651145667
|move|p2a: Togekiss|Air Slash|p1a: Blissey
|-damage|p1a: Blissey|42/100 par
|cant|p1a: Blissey|flinch
|
|upkeep
|turn|22
|
|t:|1651145669
|move|p2a: Togekiss|Air Slash|p1a: Blissey
|-damage|p1a: Blissey|31/100 par
|cant|p1a: Blissey|flinch
|
|upkeep
|turn|23
|
|t:|1651145671
|move|p2a: Togekiss|Air Slash|p1a: Blissey
|-damage|p1a: Blissey|20/100 par
|cant|p1a: Blissey|flinch
|
|upkeep
|turn|24
|
|t:|1651145673
|move|p2a: Togekiss|Air Slash|p1a: Blissey
|-damage|p1a: Blissey|9/100 par
|move|p1a: Blissey|Soft-Boiled|p1a: Blissey
|-heal|p1a: Blissey|59/100 par
|
|upkeep
|turn|25
|
|t:|1651145682
|move|p2a: Togekiss|Air Slash|p1a: Blissey
|-damage|p1a: Blissey|49/100 par
|cant|p1a: Blissey|flinch
|
|upkeep
|turn|26
|
|t:|1651145686
|move|p2a: Togekiss|Air Slash|p1a: Blissey
|-damage|p1a: Blissey|38/100 par
|move|p1a: Blissey|Soft-Boiled|p1a: Blissey
|-heal|p1a: Blissey|88/100 par
|
|upkeep
|turn|27
|
|t:|1651145690
|move|p2a: Togekiss|Air Slash|p1a: Blissey
|-damage|p1a: Blissey|77/100 par
|cant|p1a: Blissey|flinch
|
|upkeep
|turn|28
|
|t:|1651145693
|move|p2a: Togekiss|Air Slash|p1a: Blissey
|-damage|p1a: Blissey|66/100 par
|cant|p1a: Blissey|par
|
|upkeep
|turn|29
|
|t:|1651145695
|move|p2a: Togekiss|Air Slash|p1a: Blissey
|-damage|p1a: Blissey|54/100 par
|cant|p1a: Blissey|flinch
|
|upkeep
|turn|30
|
|t:|1651145697
|move|p2a: Togekiss|Air Slash|p1a: Blissey
|-damage|p1a: Blissey|43/100 par
|cant|p1a: Blissey|flinch
|
|upkeep
|turn|31
|
|t:|1651145700
|move|p2a: Togekiss|Air Slash|p1a: Blissey
|-damage|p1a: Blissey|32/100 par
|move|p1a: Blissey|Soft-Boiled|p1a: Blissey
|-heal|p1a: Blissey|82/100 par
|
|upkeep
|turn|32
|
|t:|1651145703
|move|p2a: Togekiss|Air Slash|p1a: Blissey
|-damage|p1a: Blissey|71/100 par
|cant|p1a: Blissey|flinch
|
|upkeep
|turn|33
|
|t:|1651145708
|switch|p2a: Ferrothorn|Ferrothorn, F|84/100
|move|p1a: Blissey|Toxic|p2a: Ferrothorn
|-immune|p2a: Ferrothorn
|
|upkeep
|turn|34
|c|☆Bloody Busybody|nice self pp stalling
|
|t:|1651145722
|-curestatus|p1a: Blissey|par|[from] ability: Natural Cure
|switch|p1a: Corviknight|Corviknight, F|69/100
|-damage|p1a: Corviknight|57/100|[from] Stealth Rock
|-ability|p1a: Corviknight|Pressure
|move|p2a: Ferrothorn|Knock Off|p1a: Corviknight
|-damage|p1a: Corviknight|49/100
|
|upkeep
|turn|35
|
|t:|1651145731
|move|p1a: Corviknight|Defog|p2a: Ferrothorn
|-unboost|p2a: Ferrothorn|evasion|1
|-sideend|p1: Bloody Busybody|Stealth Rock|[from] move: Defog|[of] p1a: Corviknight
|move|p2a: Ferrothorn|Leech Seed|p1a: Corviknight
|-start|p1a: Corviknight|move: Leech Seed
|
|-damage|p1a: Corviknight|36/100|[from] Leech Seed|[of] p2a: Ferrothorn
|-heal|p2a: Ferrothorn|98/100|[silent]
|upkeep
|turn|36
|
|t:|1651145735
|move|p1a: Corviknight|Roost|p1a: Corviknight
|-heal|p1a: Corviknight|86/100
|-singleturn|p1a: Corviknight|move: Roost
|move|p2a: Ferrothorn|Leech Seed||[still]
|-fail|p2a: Ferrothorn
|
|-damage|p1a: Corviknight|74/100|[from] Leech Seed|[of] p2a: Ferrothorn
|-heal|p2a: Ferrothorn|100/100|[silent]
|upkeep
|turn|37
|
|t:|1651145740
|switch|p1a: Volcanion|Volcanion|72/100
|move|p2a: Ferrothorn|Leech Seed|p1a: Volcanion
|-start|p1a: Volcanion|move: Leech Seed
|
|-damage|p1a: Volcanion|60/100|[from] Leech Seed|[of] p2a: Ferrothorn
|upkeep
|turn|38
|
|t:|1651145746
|switch|p1a: Hydreigon|Hydreigon, F|88/100
|switch|p2a: Hydreigon|Hydreigon, M|70/100 tox
|
|-damage|p2a: Hydreigon|64/100 tox|[from] psn
|upkeep
|turn|39
|
|t:|1651145751
|switch|p1a: Blissey|Blissey, F|71/100
|move|p2a: Hydreigon|Draco Meteor|p1a: Blissey
|-damage|p1a: Blissey|41/100
|-unboost|p2a: Hydreigon|spa|2
|-damage|p2a: Hydreigon|54/100 tox|[from] item: Life Orb
|
|-damage|p2a: Hydreigon|42/100 tox|[from] psn
|upkeep
|turn|40
|
|t:|1651145758
|switch|p2a: Victini|Victini|94/100
|move|p1a: Blissey|Soft-Boiled|p1a: Blissey
|-heal|p1a: Blissey|91/100
|
|upkeep
|turn|41
|
|t:|1651145763
|move|p2a: Victini|Trick|p1a: Blissey
|-activate|p2a: Victini|move: Trick|[of] p1a: Blissey
|-item|p1a: Blissey|Choice Scarf|[from] move: Trick
|-item|p2a: Victini|Heavy-Duty Boots|[from] move: Trick
|move|p1a: Blissey|Soft-Boiled|p1a: Blissey
|-heal|p1a: Blissey|100/100
|
|upkeep
|turn|42
|
|t:|1651145770
|switch|p1a: Volcanion|Volcanion|60/100
|move|p2a: Victini|U-turn|p1a: Volcanion
|-resisted|p1a: Volcanion
|-damage|p1a: Volcanion|52/100
|
|t:|1651145788
|switch|p2a: Hydreigon|Hydreigon, M|42/100 tox|[from]move: U-turn
|
|-damage|p2a: Hydreigon|36/100 tox|[from] psn
|upkeep
|turn|43
|
|t:|1651145792
|switch|p1a: Blissey|Blissey, F|100/100
|move|p2a: Hydreigon|Roost|p2a: Hydreigon
|-heal|p2a: Hydreigon|86/100 tox
|-singleturn|p2a: Hydreigon|move: Roost
|
|-damage|p2a: Hydreigon|73/100 tox|[from] psn
|upkeep
|turn|44
|
|t:|1651145795
|switch|p2a: Victini|Victini|94/100
|move|p1a: Blissey|Teleport|p1a: Blissey
|
|t:|1651145806
|switch|p1a: Volcanion|Volcanion|52/100|[from]move: Teleport
|
|upkeep
|turn|45
|
|t:|1651145823
|move|p2a: Victini|Bolt Strike|p1a: Volcanion
|-supereffective|p1a: Volcanion
|-damage|p1a: Volcanion|0 fnt
|faint|p1a: Volcanion
|
|upkeep
|
|t:|1651145827
|switch|p1a: Mamoswine|Mamoswine, F|100/100
|turn|46
|
|t:|1651145831
|move|p2a: Victini|U-turn|p1a: Mamoswine
|-damage|p1a: Mamoswine|77/100
|
|t:|1651145840
|switch|p2a: Hydreigon|Hydreigon, M|73/100 tox|[from]move: U-turn
|move|p1a: Mamoswine|High Horsepower|p2a: Hydreigon
|-immune|p2a: Hydreigon|[from] ability: Levitate
|
|-damage|p2a: Hydreigon|67/100 tox|[from] psn
|upkeep
|turn|47
|
|t:|1651145848
|switch|p1a: Blissey|Blissey, F|100/100
|move|p2a: Hydreigon|Draco Meteor|p1a: Blissey
|-damage|p1a: Blissey|69/100
|-unboost|p2a: Hydreigon|spa|2
|-damage|p2a: Hydreigon|57/100 tox|[from] item: Life Orb
|
|-damage|p2a: Hydreigon|45/100 tox|[from] psn
|upkeep
|turn|48
|j| DA COME UP ©
|
|t:|1651145861
|switch|p2a: Ferrothorn|Ferrothorn, F|100/100
|move|p1a: Blissey|Teleport|p1a: Blissey
|
|t:|1651145865
|switch|p1a: Hydreigon|Hydreigon, F|88/100|[from]move: Teleport
|
|upkeep
|turn|49
|
|t:|1651145870
|switch|p2a: Togekiss|Togekiss, M|100/100
|move|p1a: Hydreigon|Nasty Plot|p1a: Hydreigon
|-boost|p1a: Hydreigon|spa|2
|
|upkeep
|turn|50
|
|t:|1651145873
|switch|p1a: Mamoswine|Mamoswine, F|77/100
|move|p2a: Togekiss|Thunder Wave|p1a: Mamoswine
|-immune|p1a: Mamoswine
|
|upkeep
|turn|51
|
|t:|1651145878
|switch|p2a: Hydreigon|Hydreigon, M|45/100 tox
|move|p1a: Mamoswine|Icicle Crash|p2a: Hydreigon
|-supereffective|p2a: Hydreigon
|-damage|p2a: Hydreigon|0 fnt
|faint|p2a: Hydreigon
|
|upkeep
|
|t:|1651145880
|switch|p2a: Victini|Victini|94/100
|turn|52
|
|t:|1651145884
|move|p2a: Victini|U-turn|p1a: Mamoswine
|-damage|p1a: Mamoswine|54/100
|
|t:|1651145886
|switch|p2a: Ferrothorn|Ferrothorn, F|100/100|[from]move: U-turn
|move|p1a: Mamoswine|High Horsepower|p2a: Ferrothorn
|-damage|p2a: Ferrothorn|70/100
|-damage|p1a: Mamoswine|41/100|[from] ability: Iron Barbs|[of] p2a: Ferrothorn
|-damage|p1a: Mamoswine|25/100|[from] item: Rocky Helmet|[of] p2a: Ferrothorn
|
|upkeep
|turn|53
|j| Byron Gym Leader
|
|t:|1651145893
|switch|p1a: Corviknight|Corviknight, F|74/100
|-ability|p1a: Corviknight|Pressure
|move|p2a: Ferrothorn|Leech Seed|p1a: Corviknight
|-start|p1a: Corviknight|move: Leech Seed
|
|-damage|p1a: Corviknight|62/100|[from] Leech Seed|[of] p2a: Ferrothorn
|-heal|p2a: Ferrothorn|84/100|[silent]
|upkeep
|turn|54
|
|t:|1651145898
|move|p1a: Corviknight|U-turn|p2a: Ferrothorn
|-damage|p2a: Ferrothorn|76/100
|-damage|p1a: Corviknight|50/100|[from] ability: Iron Barbs|[of] p2a: Ferrothorn
|-damage|p1a: Corviknight|33/100|[from] item: Rocky Helmet|[of] p2a: Ferrothorn
|
|t:|1651145900
|switch|p1a: Rillaboom|Rillaboom, F|100/100|[from]move: U-turn
|-fieldstart|move: Grassy Terrain|[from] ability: Grassy Surge|[of] p1a: Rillaboom
|move|p2a: Ferrothorn|Stealth Rock|p1a: Rillaboom
|-sidestart|p1: Bloody Busybody|move: Stealth Rock
|
|-heal|p2a: Ferrothorn|82/100|[from] Grassy Terrain
|upkeep
|turn|55
|
|t:|1651145909
|switch|p2a: Togekiss|Togekiss, M|100/100
|move|p1a: Rillaboom|Knock Off|p2a: Togekiss
|-resisted|p2a: Togekiss
|-damage|p2a: Togekiss|77/100
|-enditem|p2a: Togekiss|Heavy-Duty Boots|[from] move: Knock Off|[of] p1a: Rillaboom
|
|upkeep
|turn|56
|
|t:|1651145913
|switch|p1a: Blissey|Blissey, F|69/100
|-damage|p1a: Blissey|57/100|[from] Stealth Rock
|move|p2a: Togekiss|Air Slash|p1a: Blissey
|-damage|p1a: Blissey|46/100
|
|-heal|p1a: Blissey|52/100|[from] Grassy Terrain
|upkeep
|turn|57
|
|t:|1651145916
|switch|p2a: Ninetales|Ninetales-Alola, M, shiny|100/100
|-weather|Hail|[from] ability: Snow Warning|[of] p2a: Ninetales
|move|p1a: Blissey|Soft-Boiled|p1a: Blissey
|-heal|p1a: Blissey|100/100
|
|-weather|Hail|[upkeep]
|-damage|p1a: Blissey|94/100|[from] Hail
|-heal|p1a: Blissey|100/100|[from] Grassy Terrain
|upkeep
|turn|58
|j| gerald.jones061
|
|t:|1651145924
|move|p2a: Ninetales|Moonblast|p1a: Blissey
|-damage|p1a: Blissey|82/100
|-unboost|p1a: Blissey|spa|1
|move|p1a: Blissey|Soft-Boiled|p1a: Blissey
|-heal|p1a: Blissey|100/100
|
|-weather|Hail|[upkeep]
|-damage|p1a: Blissey|94/100|[from] Hail
|-heal|p1a: Blissey|100/100|[from] Grassy Terrain
|-fieldend|move: Grassy Terrain
|upkeep
|turn|59
|
|t:|1651145929
|switch|p1a: Corviknight|Corviknight, F|33/100
|-damage|p1a: Corviknight|21/100|[from] Stealth Rock
|-ability|p1a: Corviknight|Pressure
|move|p2a: Ninetales|Moonblast|p1a: Corviknight
|-resisted|p1a: Corviknight
|-damage|p1a: Corviknight|0 fnt
|faint|p1a: Corviknight
|
|-weather|Hail|[upkeep]
|upkeep
|
|t:|1651145934
|switch|p1a: Rillaboom|Rillaboom, F|100/100
|-damage|p1a: Rillaboom|88/100|[from] Stealth Rock
|-fieldstart|move: Grassy Terrain|[from] ability: Grassy Surge|[of] p1a: Rillaboom
|turn|60
|
|t:|1651145939
|switch|p2a: Ferrothorn|Ferrothorn, F|82/100
|move|p1a: Rillaboom|Grassy Glide|p2a: Ferrothorn
|-resisted|p2a: Ferrothorn
|-damage|p2a: Ferrothorn|71/100
|-damage|p1a: Rillaboom|76/100|[from] ability: Iron Barbs|[of] p2a: Ferrothorn
|-damage|p1a: Rillaboom|59/100|[from] item: Rocky Helmet|[of] p2a: Ferrothorn
|
|-weather|Hail|[upkeep]
|-damage|p1a: Rillaboom|53/100|[from] Hail
|-damage|p2a: Ferrothorn|65/100|[from] Hail
|-heal|p1a: Rillaboom|59/100|[from] Grassy Terrain
|-heal|p2a: Ferrothorn|71/100|[from] Grassy Terrain
|upkeep
|turn|61
|
|t:|1651145946
|switch|p1a: Hydreigon|Hydreigon, F|88/100
|-damage|p1a: Hydreigon|76/100|[from] Stealth Rock
|move|p2a: Ferrothorn|Body Press|p1a: Hydreigon
|-supereffective|p1a: Hydreigon
|-damage|p1a: Hydreigon|8/100
|
|-weather|none
|-heal|p2a: Ferrothorn|77/100|[from] Grassy Terrain
|upkeep
|turn|62
|
|t:|1651145949
|switch|p2a: Ninetales|Ninetales-Alola, M, shiny|100/100
|-weather|Hail|[from] ability: Snow Warning|[of] p2a: Ninetales
|move|p1a: Hydreigon|Roost|p1a: Hydreigon
|-heal|p1a: Hydreigon|59/100
|-singleturn|p1a: Hydreigon|move: Roost
|
|-weather|Hail|[upkeep]
|-damage|p1a: Hydreigon|52/100|[from] Hail
|upkeep
|turn|63
|l| Byron Gym Leader
|
|t:|1651145953
|switch|p1a: Blissey|Blissey, F|100/100
|-damage|p1a: Blissey|88/100|[from] Stealth Rock
|move|p2a: Ninetales|Blizzard|p1a: Blissey
|-damage|p1a: Blissey|65/100
|
|-weather|Hail|[upkeep]
|-damage|p1a: Blissey|59/100|[from] Hail
|-heal|p1a: Blissey|65/100|[from] Grassy Terrain
|upkeep
|turn|64
|
|t:|1651145957
|switch|p2a: Victini|Victini|94/100
|move|p1a: Blissey|Teleport|p1a: Blissey
|
|t:|1651145960
|switch|p1a: Hydreigon|Hydreigon, F|52/100|[from]move: Teleport
|-damage|p1a: Hydreigon|40/100|[from] Stealth Rock
|
|-weather|Hail|[upkeep]
|-damage|p2a: Victini|88/100|[from] Hail
|-damage|p1a: Hydreigon|34/100|[from] Hail
|-heal|p2a: Victini|94/100|[from] Grassy Terrain
|-fieldend|move: Grassy Terrain
|upkeep
|turn|65
|
|t:|1651145964
|move|p2a: Victini|U-turn|p1a: Hydreigon
|-supereffective|p1a: Hydreigon
|-damage|p1a: Hydreigon|0 fnt
|faint|p1a: Hydreigon
|-message|Bloody Busybody forfeited.
|
|win|Libaa
|raw|Bloody Busybody's rating: 1682 &rarr; <strong>1659</strong><br />(-23 for losing)
|raw|Libaa's rating: 1626 &rarr; <strong>1649</strong><br />(+23 for winning)
|l|☆Bloody Busybody
|c|☆Libaa|Wp
