|j|☆minimax_ai
|j|☆iopkj09
|t:|1665549486
|gametype|singles
|player|p1|minimax_ai|lusamine-nihilego|1571
|player|p2|iopkj09|nate|1625
|teamsize|p1|6
|teamsize|p2|6
|gen|8
|tier|[Gen 8] OU
|rated|
|rule|Sleep Clause Mod: Limit one foe put to sleep
|rule|Species Clause: Limit one of each Pokémon
|rule|OHKO Clause: OHKO moves are banned
|rule|Evasion Items Clause: Evasion items are banned
|rule|Evasion Moves Clause: Evasion moves are banned
|rule|Endless Battle Clause: Forcing endless battles is banned
|rule|HP Percentage Mod: HP is shown in percentages
|rule|Dynamax Clause: You cannot dynamax
|clearpoke
|poke|p1|Rotom-Wash|
|poke|p1|Weavile, F|
|poke|p1|Landorus-Therian, M|
|poke|p1|Heatran, M|
|poke|p1|Tangrowth, F|
|poke|p1|Melmetal|
|poke|p2|Garchomp, M|
|poke|p2|Zapdos|
|poke|p2|Rillaboom, M|
|poke|p2|Tapu Lele|
|poke|p2|Volcanion|
|poke|p2|Weavile, F|
|teampreview
|inactive|Battle timer is ON: inactive players will automatically lose when time's up. (requested by iopkj09)
|c|☆minimax_ai|hf
|inactive|minimax_ai also wants the timer to be on.
|j| fork gaming
|inactive|iopkj09 has 120 seconds left.
|
|t:|1665549535
|start
|switch|p1a: Melmetal|Melmetal|100/100
|switch|p2a: Tapu Lele|Tapu Lele|100/100
|-fieldstart|move: Psychic Terrain|[from] ability: Psychic Surge|[of] p2a: Tapu Lele
|turn|1
|
|t:|1665549538
|switch|p2a: Volcanion|Volcanion|100/100
|move|p1a: Melmetal|Thunder Punch|p2a: Volcanion
|-supereffective|p2a: Volcanion
|-damage|p2a: Volcanion|48/100
|
|upkeep
|turn|2
|
|t:|1665549542
|switch|p2a: Tapu Lele|Tapu Lele|100/100
|move|p1a: Melmetal|Thunder Punch|p2a: Tapu Lele
|-damage|p2a: Tapu Lele|49/100
|
|upkeep
|turn|3
|
|t:|1665549544
|move|p2a: Tapu Lele|Psychic|p1a: Melmetal
|-resisted|p1a: Melmetal
|-damage|p1a: Melmetal|78/100
|move|p1a: Melmetal|Double Iron Bash|p2a: Tapu Lele
|-supereffective|p2a: Tapu Lele
|-damage|p2a: Tapu Lele|0 fnt
|faint|p2a: Tapu Lele
|-hitcount|p2: Tapu Lele|1
|
|upkeep
|
|t:|1665549548
|switch|p2a: Zapdos|Zapdos, shiny|100/100
|turn|4
|
|t:|1665549550
|switch|p1a: landorustherian|Landorus-Therian, M|100/100
|-ability|p1a: landorustherian|Intimidate|boost
|-unboost|p2a: Zapdos|atk|1
|move|p2a: Zapdos|Heat Wave|p1a: landorustherian
|-damage|p1a: landorustherian|74/100
|
|-heal|p1a: landorustherian|80/100|[from] item: Leftovers
|upkeep
|turn|5
|
|t:|1665549557
|move|p2a: Zapdos|Hurricane|p1a: landorustherian
|-damage|p1a: landorustherian|41/100
|-start|p1a: landorustherian|confusion
|-activate|p1a: landorustherian|confusion
|move|p1a: landorustherian|U-turn|p2a: Zapdos
|-resisted|p2a: Zapdos
|-damage|p2a: Zapdos|88/100
|-status|p1a: landorustherian|par|[from] ability: Static|[of] p2a: Zapdos
|
|t:|1665549557
|switch|p1a: Weavile|Weavile, F|100/100|[from]move: U-turn
|-ability|p1a: Weavile|Pressure
|
|-fieldend|move: Psychic Terrain
|upkeep
|turn|6
|
|t:|1665549563
|switch|p2a: Volcanion|Volcanion|48/100
|move|p1a: Weavile|Knock Off|p2a: Volcanion
|-damage|p2a: Volcanion|0 fnt
|-enditem|p2a: Volcanion|Assault Vest|[from] move: Knock Off|[of] p1a: Weavile
|faint|p2a: Volcanion
|
|upkeep
|
|t:|1665549568
|switch|p2a: Weavile|Weavile, F|100/100
|-ability|p2a: Weavile|Pressure
|turn|7
|
|t:|1665549570
|switch|p1a: landorustherian|Landorus-Therian, M|41/100 par
|-ability|p1a: landorustherian|Intimidate|boost
|-unboost|p2a: Weavile|atk|1
|move|p2a: Weavile|Swords Dance|p2a: Weavile
|-boost|p2a: Weavile|atk|2
|
|-heal|p1a: landorustherian|47/100 par|[from] item: Leftovers
|upkeep
|turn|8
|
|t:|1665549573
|switch|p1a: Melmetal|Melmetal|78/100
|move|p2a: Weavile|Ice Shard|p1a: Melmetal
|-resisted|p1a: Melmetal
|-damage|p1a: Melmetal|70/100
|
|upkeep
|turn|9
|
|t:|1665549575
|move|p2a: Weavile|Low Kick|p1a: Melmetal
|-supereffective|p1a: Melmetal
|-damage|p1a: Melmetal|1/100
|move|p1a: Melmetal|Double Iron Bash|p2a: Weavile
|-supereffective|p2a: Weavile
|-enditem|p2a: Weavile|Focus Sash
|-damage|p2a: Weavile|1/100
|-supereffective|p2a: Weavile
|-damage|p2a: Weavile|0 fnt
|faint|p2a: Weavile
|-hitcount|p2: Weavile|2
|
|upkeep
|
|t:|1665549579
|switch|p2a: Zapdos|Zapdos, shiny|88/100
|turn|10
|
|t:|1665549580
|switch|p1a: Weavile|Weavile, F|100/100
|-ability|p1a: Weavile|Pressure
|move|p2a: Zapdos|Heat Wave|p1a: Weavile
|-supereffective|p1a: Weavile
|-crit|p1a: Weavile
|-damage|p1a: Weavile|0 fnt
|faint|p1a: Weavile
|
|upkeep
|
|t:|1665549580
|switch|p1a: landorustherian|Landorus-Therian, M|47/100 par
|-ability|p1a: landorustherian|Intimidate|boost
|-unboost|p2a: Zapdos|atk|1
|turn|11
|
|t:|1665549582
|move|p2a: Zapdos|Heat Wave|p1a: landorustherian
|-damage|p1a: landorustherian|21/100 par
|move|p1a: landorustherian|Toxic|p2a: Zapdos
|-status|p2a: Zapdos|tox
|
|-heal|p1a: landorustherian|27/100 par|[from] item: Leftovers
|-damage|p2a: Zapdos|82/100 tox|[from] psn
|upkeep
|turn|12
|
|t:|1665549586
|move|p2a: Zapdos|Hurricane|p1a: landorustherian
|-damage|p1a: landorustherian|0 fnt
|faint|p1a: landorustherian
|
|-damage|p2a: Zapdos|69/100 tox|[from] psn
|upkeep
|
|t:|1665549586
|switch|p1a: rotomwash|Rotom-Wash|100/100
|turn|13
|
|t:|1665549588
|move|p2a: Zapdos|Thunderbolt|p1a: rotomwash
|-damage|p1a: rotomwash|53/100
|move|p1a: rotomwash|Thunderbolt|p2a: Zapdos
|-damage|p2a: Zapdos|28/100 tox
|
|-heal|p1a: rotomwash|59/100|[from] item: Leftovers
|-damage|p2a: Zapdos|9/100 tox|[from] psn
|upkeep
|turn|14
|
|t:|1665549590
|switch|p1a: Heatran|Heatran, M|100/100
|-item|p1a: Heatran|Air Balloon
|move|p2a: Zapdos|Thunderbolt|p1a: Heatran
|-damage|p1a: Heatran|56/100
|-enditem|p1a: Heatran|Air Balloon
|
|-damage|p2a: Zapdos|0 fnt|[from] psn
|faint|p2a: Zapdos
|upkeep
|
|t:|1665549594
|switch|p2a: Rillaboom|Rillaboom, M|100/100
|-fieldstart|move: Grassy Terrain|[from] ability: Grassy Surge|[of] p2a: Rillaboom
|turn|15
|
|t:|1665549596
|switch|p1a: Tangrowth|Tangrowth, F|100/100
|move|p2a: Rillaboom|High Horsepower|p1a: Tangrowth
|-resisted|p1a: Tangrowth
|-damage|p1a: Tangrowth|88/100
|-damage|p2a: Rillaboom|84/100|[from] item: Rocky Helmet|[of] p1a: Tangrowth
|-damage|p2a: Rillaboom|74/100|[from] item: Life Orb
|
|-heal|p2a: Rillaboom|80/100|[from] Grassy Terrain
|-heal|p1a: Tangrowth|94/100|[from] Grassy Terrain
|upkeep
|turn|16
|
|t:|1665549598
|switch|p2a: Garchomp|Garchomp, M, shiny|100/100
|move|p1a: Tangrowth|Giga Drain|p2a: Garchomp
|-damage|p2a: Garchomp|58/100
|-heal|p1a: Tangrowth|100/100|[from] drain|[of] p2a: Garchomp
|
|-heal|p2a: Garchomp|64/100|[from] Grassy Terrain
|upkeep
|turn|17
|
|t:|1665549600
|move|p2a: Garchomp|Flamethrower|p1a: Tangrowth
|-supereffective|p1a: Tangrowth
|-damage|p1a: Tangrowth|50/100
|move|p1a: Tangrowth|Sleep Powder|p2a: Garchomp
|-status|p2a: Garchomp|slp|[from] move: Sleep Powder
|
|-heal|p2a: Garchomp|71/100 slp|[from] Grassy Terrain
|-heal|p1a: Tangrowth|56/100|[from] Grassy Terrain
|upkeep
|turn|18
|
|t:|1665549603
|switch|p2a: Rillaboom|Rillaboom, M|80/100
|move|p1a: Tangrowth|Giga Drain|p2a: Rillaboom
|-resisted|p2a: Rillaboom
|-damage|p2a: Rillaboom|57/100
|-heal|p1a: Tangrowth|66/100|[from] drain|[of] p2a: Rillaboom
|
|-heal|p2a: Rillaboom|63/100|[from] Grassy Terrain
|-heal|p1a: Tangrowth|72/100|[from] Grassy Terrain
|upkeep
|turn|19
|
|t:|1665549604
|move|p2a: Rillaboom|Swords Dance|p2a: Rillaboom
|-boost|p2a: Rillaboom|atk|2
|move|p1a: Tangrowth|Giga Drain|p2a: Rillaboom
|-resisted|p2a: Rillaboom
|-damage|p2a: Rillaboom|39/100
|-heal|p1a: Tangrowth|82/100|[from] drain|[of] p2a: Rillaboom
|
|-heal|p2a: Rillaboom|46/100|[from] Grassy Terrain
|-heal|p1a: Tangrowth|88/100|[from] Grassy Terrain
|-fieldend|move: Grassy Terrain
|upkeep
|turn|20
|
|t:|1665549607
|move|p2a: Rillaboom|Swords Dance|p2a: Rillaboom
|-boost|p2a: Rillaboom|atk|2
|move|p1a: Tangrowth|Focus Blast|p2a: Rillaboom|[miss]
|-miss|p1a: Tangrowth|p2a: Rillaboom
|
|upkeep
|turn|21
|
|t:|1665549609
|move|p2a: Rillaboom|Superpower|p1a: Tangrowth
|-damage|p1a: Tangrowth|0 fnt
|-unboost|p2a: Rillaboom|atk|1
|-unboost|p2a: Rillaboom|def|1
|-damage|p2a: Rillaboom|29/100|[from] item: Rocky Helmet|[of] p1a: Tangrowth
|faint|p1a: Tangrowth
|-damage|p2a: Rillaboom|19/100|[from] item: Life Orb
|
|upkeep
|
|t:|1665549609
|switch|p1a: rotomwash|Rotom-Wash|59/100
|turn|22
|
|t:|1665549612
|switch|p2a: Garchomp|Garchomp, M, shiny|71/100 slp
|move|p1a: rotomwash|Hydro Pump|p2a: Garchomp
|-damage|p2a: Garchomp|16/100 slp
|
|-heal|p1a: rotomwash|65/100|[from] item: Leftovers
|upkeep
|turn|23
|
|t:|1665549614
|cant|p2a: Garchomp|slp
|move|p1a: rotomwash|Hydro Pump|p2a: Garchomp|[miss]
|-miss|p1a: rotomwash|p2a: Garchomp
|
|-heal|p1a: rotomwash|72/100|[from] item: Leftovers
|upkeep
|turn|24
|
|t:|1665549616
|cant|p2a: Garchomp|slp
|move|p1a: rotomwash|Hydro Pump|p2a: Garchomp
|-damage|p2a: Garchomp|0 fnt
|faint|p2a: Garchomp
|
|-heal|p1a: rotomwash|78/100|[from] item: Leftovers
|upkeep
|
|t:|1665549618
|switch|p2a: Rillaboom|Rillaboom, M|19/100
|-fieldstart|move: Grassy Terrain|[from] ability: Grassy Surge|[of] p2a: Rillaboom
|turn|25
|
|t:|1665549619
|switch|p1a: Melmetal|Melmetal|1/100
|move|p2a: Rillaboom|Grassy Glide|p1a: Melmetal
|-resisted|p1a: Melmetal
|-damage|p1a: Melmetal|0 fnt
|faint|p1a: Melmetal
|-damage|p2a: Rillaboom|9/100|[from] item: Life Orb
|
|-heal|p2a: Rillaboom|15/100|[from] Grassy Terrain
|upkeep
|
|t:|1665549619
|switch|p1a: Heatran|Heatran, M|56/100
|turn|26
|
|t:|1665549621
|move|p1a: Heatran|Eruption|p2a: Rillaboom
|-supereffective|p2a: Rillaboom
|-damage|p2a: Rillaboom|0 fnt
|faint|p2a: Rillaboom
|
|win|minimax_ai
|raw|minimax_ai's rating: 1571 &rarr; <strong>1594</strong><br />(+23 for winning)
|raw|iopkj09's rating: 1625 &rarr; <strong>1602</strong><br />(-23 for losing)
|c|☆minimax_ai|gg
