|j|☆fwecklez
|j|☆GGeorgie◕‿◕
|t:|1661377858
|gametype|singles
|player|p1|fwecklez|roxie|1690
|player|p2|GGeorgie◕‿◕|hiker-gen2|1721
|teamsize|p1|6
|teamsize|p2|6
|gen|8
|tier|[Gen 8] OU
|rated|
|rule|Sleep Clause Mod: Limit one foe put to sleep
|rule|Species Clause: Limit one of each Pokémon
|rule|OHKO Clause: OHKO moves are banned
|rule|Evasion Items Clause: Evasion items are banned
|rule|Evasion Moves Clause: Evasion moves are banned
|rule|Endless Battle Clause: Forcing endless battles is banned
|rule|HP Percentage Mod: HP is shown in percentages
|rule|Dynamax Clause: You cannot dynamax
|clearpoke
|poke|p1|Mew|
|poke|p1|Dragapult, F|
|poke|p1|Weavile, M|
|poke|p1|Lycanroc-Dusk, F|
|poke|p1|Regieleki|
|poke|p1|Volcarona, F|
|poke|p2|Zapdos|
|poke|p2|Tyranitar, F|
|poke|p2|Landorus-Therian, M|
|poke|p2|Excadrill, F|
|poke|p2|Clefable, M|
|poke|p2|Ferrothorn, F|
|teampreview
|inactive|Battle timer is ON: inactive players will automatically lose when time's up. (requested by GGeorgie◕‿◕)
|
|t:|1661377863
|start
|switch|p1a: Mew|Mew|100/100
|switch|p2a: Landorus|Landorus-Therian, M|100/100
|-ability|p2a: Landorus|Intimidate|boost
|-unboost|p1a: Mew|atk|1
|turn|1
|
|t:|1661377865
|move|p2a: Landorus|U-turn|p1a: Mew
|-supereffective|p1a: Mew
|-damage|p1a: Mew|42/100
|
|t:|1661377868
|switch|p2a: Zapdos|Zapdos|100/100|[from]move: U-turn
|move|p1a: Mew|Ice Beam|p2a: Zapdos
|-supereffective|p2a: Zapdos
|-damage|p2a: Zapdos|37/100
|
|upkeep
|turn|2
|
|t:|1661377873
|move|p2a: Zapdos|Volt Switch|p1a: Mew
|-damage|p1a: Mew|0 fnt
|faint|p1a: Mew
|
|t:|1661377876
|switch|p2a: Landorus|Landorus-Therian, M|100/100|[from]move: Volt Switch
|
|upkeep
|
|t:|1661377898
|switch|p1a: Weavile|Weavile, M|100/100
|-ability|p1a: Weavile|Pressure
|turn|3
|inactive|fwecklez has 120 seconds left.
|
|t:|1661377926
|switch|p2a: Ferrothorn|Ferrothorn, F, shiny|100/100
|move|p1a: Weavile|Knock Off|p2a: Ferrothorn
|-damage|p2a: Ferrothorn|53/100
|-damage|p1a: Weavile|88/100|[from] ability: Iron Barbs|[of] p2a: Ferrothorn
|-damage|p1a: Weavile|72/100|[from] item: Rocky Helmet|[of] p2a: Ferrothorn
|-enditem|p2a: Ferrothorn|Rocky Helmet|[from] move: Knock Off|[of] p1a: Weavile
|
|upkeep
|turn|4
|
|t:|1661377932
|switch|p1a: Volcarona|Volcarona, F|100/100
|move|p2a: Ferrothorn|Spikes|p1a: Volcarona
|-sidestart|p1: fwecklez|Spikes
|
|upkeep
|turn|5
|
|t:|1661377938
|switch|p2a: Tyranitar|Tyranitar, F, shiny|100/100
|-weather|Sandstorm|[from] ability: Sand Stream|[of] p2a: Tyranitar
|move|p1a: Volcarona|Quiver Dance|p1a: Volcarona
|-boost|p1a: Volcarona|spa|1
|-boost|p1a: Volcarona|spd|1
|-boost|p1a: Volcarona|spe|1
|
|-weather|Sandstorm|[upkeep]
|-damage|p1a: Volcarona|94/100|[from] Sandstorm
|upkeep
|turn|6
|
|t:|1661377940
|move|p1a: Volcarona|Bug Buzz|p2a: Tyranitar
|-supereffective|p2a: Tyranitar
|-damage|p2a: Tyranitar|0 fnt
|faint|p2a: Tyranitar
|
|-weather|Sandstorm|[upkeep]
|-damage|p1a: Volcarona|88/100|[from] Sandstorm
|upkeep
|
|t:|1661377945
|switch|p2a: Excadrill|Excadrill, F|100/100
|turn|7
|
|t:|1661377947
|move|p2a: Excadrill|Earthquake|p1a: Volcarona
|-damage|p1a: Volcarona|0 fnt
|faint|p1a: Volcarona
|
|-weather|Sandstorm|[upkeep]
|upkeep
|
|t:|1661377953
|switch|p1a: Dragapult|Dragapult, F|100/100
|-damage|p1a: Dragapult|88/100|[from] Spikes
|turn|8
|
|t:|1661377956
|move|p2a: Excadrill|Earthquake|p1a: Dragapult
|-damage|p1a: Dragapult|4/100
|move|p1a: Dragapult|Flamethrower|p2a: Excadrill
|-supereffective|p2a: Excadrill
|-damage|p2a: Excadrill|0 fnt
|faint|p2a: Excadrill
|
|-weather|Sandstorm|[upkeep]
|-damage|p1a: Dragapult|0 fnt|[from] Sandstorm
|faint|p1a: Dragapult
|upkeep
|
|t:|1661377965
|switch|p1a: Weavile|Weavile, M|72/100
|switch|p2a: Landorus|Landorus-Therian, M|100/100
|-ability|p2a: Landorus|Intimidate|boost
|-unboost|p1a: Weavile|atk|1
|-damage|p1a: Weavile|59/100|[from] Spikes
|-ability|p1a: Weavile|Pressure
|turn|9
|
|t:|1661377968
|switch|p2a: Ferrothorn|Ferrothorn, F, shiny|53/100
|move|p1a: Weavile|Ice Shard|p2a: Ferrothorn
|-damage|p2a: Ferrothorn|41/100
|
|-weather|none
|upkeep
|turn|10
|
|t:|1661377972
|switch|p1a: Lycanroc|Lycanroc-Dusk, F|100/100
|-damage|p1a: Lycanroc|88/100|[from] Spikes
|move|p2a: Ferrothorn|Power Whip|p1a: Lycanroc
|-supereffective|p1a: Lycanroc
|-damage|p1a: Lycanroc|0 fnt
|faint|p1a: Lycanroc
|
|upkeep
|
|t:|1661377978
|switch|p1a: Weavile|Weavile, M|59/100
|-damage|p1a: Weavile|47/100|[from] Spikes
|-ability|p1a: Weavile|Pressure
|turn|11
|
|t:|1661377980
|move|p1a: Weavile|Low Kick|p2a: Ferrothorn
|-supereffective|p2a: Ferrothorn
|-damage|p2a: Ferrothorn|0 fnt
|-damage|p1a: Weavile|34/100|[from] ability: Iron Barbs|[of] p2a: Ferrothorn
|faint|p2a: Ferrothorn
|
|upkeep
|
|t:|1661377982
|switch|p2a: Landorus|Landorus-Therian, M|100/100
|-ability|p2a: Landorus|Intimidate|boost
|-unboost|p1a: Weavile|atk|1
|turn|12
|
|t:|1661377986
|switch|p2a: Clefable|Clefable, M|100/100
|switch|p1a: Regieleki|Regieleki|100/100
|-damage|p1a: Regieleki|88/100|[from] Spikes
|
|upkeep
|turn|13
|
|t:|1661377990
|switch|p2a: Zapdos|Zapdos|37/100
|move|p1a: Regieleki|Thunderbolt|p2a: Zapdos
|-damage|p2a: Zapdos|0 fnt
|faint|p2a: Zapdos
|
|upkeep
|
|t:|1661377992
|switch|p2a: Landorus|Landorus-Therian, M|100/100
|-ability|p2a: Landorus|Intimidate|boost
|-unboost|p1a: Regieleki|atk|1
|turn|14
|
|t:|1661377993
|move|p1a: Regieleki|Thunderbolt|p2a: Landorus
|-immune|p2a: Landorus
|move|p2a: Landorus|Earthquake|p1a: Regieleki
|-supereffective|p1a: Regieleki
|-damage|p1a: Regieleki|0 fnt
|faint|p1a: Regieleki
|
|upkeep
|
|t:|1661377996
|switch|p1a: Weavile|Weavile, M|34/100
|-damage|p1a: Weavile|22/100|[from] Spikes
|-ability|p1a: Weavile|Pressure
|turn|15
|
|t:|1661377998
|move|p1a: Weavile|Ice Shard|p2a: Landorus
|-supereffective|p2a: Landorus
|-damage|p2a: Landorus|0 fnt
|faint|p2a: Landorus
|
|upkeep
|
|t:|1661377999
|switch|p2a: Clefable|Clefable, M|100/100
|turn|16
|
|t:|1661378000
|move|p1a: Weavile|Ice Shard|p2a: Clefable
|-damage|p2a: Clefable|78/100
|move|p2a: Clefable|Moonblast|p1a: Weavile
|-supereffective|p1a: Weavile
|-damage|p1a: Weavile|0 fnt
|faint|p1a: Weavile
|
|win|GGeorgie◕‿◕
|raw|fwecklez's rating: 1690 &rarr; <strong>1672</strong><br />(-18 for losing)
|raw|GGeorgie◕‿◕'s rating: 1721 &rarr; <strong>1739</strong><br />(+18 for winning)
|l|☆fwecklez
