|html|<div class="broadcast-blue"><strong>[Gen 8] OU is currently suspecting Melmetal! For information on how to participate check out the <a href="https://www.smogon.com/forums/threads/np-ss-ou-suspect-process-round-12-monster-mash.3709234/">suspect thread</a>.</strong></div>
|j|☆george malone
|j|☆PepeThunder
|t:|1666938446
|gametype|singles
|player|p1|george malone|101|1851
|player|p2|PepeThunder|170|1675
|teamsize|p1|6
|teamsize|p2|6
|gen|8
|tier|[Gen 8] OU
|rated|
|rule|Sleep Clause Mod: Limit one foe put to sleep
|rule|Species Clause: Limit one of each Pokémon
|rule|OHKO Clause: OHKO moves are banned
|rule|Evasion Items Clause: Evasion items are banned
|rule|Evasion Moves Clause: Evasion moves are banned
|rule|Endless Battle Clause: Forcing endless battles is banned
|rule|HP Percentage Mod: HP is shown in percentages
|rule|Dynamax Clause: You cannot dynamax
|clearpoke
|poke|p1|Mew|
|poke|p1|Ninetales-Alola, F|
|poke|p1|Weavile, F|
|poke|p1|Garchomp, M|
|poke|p1|Volcarona, F|
|poke|p1|Cloyster, F|
|poke|p2|Pelipper, M|
|poke|p2|Urshifu-*, M|
|poke|p2|Melmetal|
|poke|p2|Rillaboom, F|
|poke|p2|Weavile, F|
|poke|p2|Excadrill, M|
|teampreview
|inactive|Battle timer is ON: inactive players will automatically lose when time's up. (requested by george malone)
|
|t:|1666938485
|start
|switch|p1a: Mew|Mew|100/100
|switch|p2a: Excadrill|Excadrill, M|100/100
|-ability|p2a: Excadrill|Mold Breaker
|turn|1
|
|t:|1666938494
|move|p1a: Mew|Will-O-Wisp|p2a: Excadrill
|-status|p2a: Excadrill|brn
|move|p2a: Excadrill|Rapid Spin|p1a: Mew
|-damage|p1a: Mew|92/100
|-boost|p2a: Excadrill|spe|1
|
|-damage|p2a: Excadrill|94/100 brn|[from] brn
|upkeep
|turn|2
|
|t:|1666938501
|move|p2a: Excadrill|Stealth Rock|p1a: Mew
|-sidestart|p1: george malone|move: Stealth Rock
|move|p1a: Mew|Stealth Rock|p2a: Excadrill
|-sidestart|p2: PepeThunder|move: Stealth Rock
|
|-damage|p2a: Excadrill|88/100 brn|[from] brn
|upkeep
|turn|3
|
|t:|1666938505
|move|p2a: Excadrill|Toxic||[still]
|-status|p1a: Mew|tox
|-activate|p1a: Mew|ability: Synchronize
|-fail|p1a: Mew
|move|p1a: Mew|Spikes|p2a: Excadrill
|-sidestart|p2: PepeThunder|Spikes
|
|-damage|p1a: Mew|86/100 tox|[from] psn
|-damage|p2a: Excadrill|82/100 brn|[from] brn
|upkeep
|turn|4
|inactive|george malone has 120 seconds left.
|j| Ucdcwg
|
|t:|1666938550
|move|p2a: Excadrill|Rapid Spin|p1a: Mew
|-damage|p1a: Mew|78/100 tox
|-boost|p2a: Excadrill|spe|1
|-sideend|p2: PepeThunder|Spikes|[from] move: Rapid Spin|[of] p2a: Excadrill
|-sideend|p2: PepeThunder|Stealth Rock|[from] move: Rapid Spin|[of] p2a: Excadrill
|move|p1a: Mew|Spikes|p2a: Excadrill
|-sidestart|p2: PepeThunder|Spikes
|
|-damage|p1a: Mew|66/100 tox|[from] psn
|-damage|p2a: Excadrill|76/100 brn|[from] brn
|upkeep
|turn|5
|
|t:|1666938565
|move|p2a: Excadrill|Rapid Spin|p1a: Mew
|-damage|p1a: Mew|58/100 tox
|-boost|p2a: Excadrill|spe|1
|-sideend|p2: PepeThunder|Spikes|[from] move: Rapid Spin|[of] p2a: Excadrill
|move|p1a: Mew|Spikes|p2a: Excadrill
|-sidestart|p2: PepeThunder|Spikes
|
|-damage|p1a: Mew|39/100 tox|[from] psn
|-damage|p2a: Excadrill|70/100 brn|[from] brn
|upkeep
|turn|6
|inactive|george malone has 120 seconds left.
|
|t:|1666938582
|move|p2a: Excadrill|Rapid Spin|p1a: Mew
|-damage|p1a: Mew|31/100 tox
|-boost|p2a: Excadrill|spe|1
|-sideend|p2: PepeThunder|Spikes|[from] move: Rapid Spin|[of] p2a: Excadrill
|move|p1a: Mew|Spikes|p2a: Excadrill
|-sidestart|p2: PepeThunder|Spikes
|
|-damage|p1a: Mew|6/100 tox|[from] psn
|-damage|p2a: Excadrill|64/100 brn|[from] brn
|upkeep
|turn|7
|
|t:|1666938590
|move|p2a: Excadrill|Rapid Spin|p1a: Mew
|-damage|p1a: Mew|0 fnt
|-boost|p2a: Excadrill|spe|1
|-sideend|p2: PepeThunder|Spikes|[from] move: Rapid Spin|[of] p2a: Excadrill
|faint|p1a: Mew
|
|-damage|p2a: Excadrill|58/100 brn|[from] brn
|upkeep
|
|t:|1666938596
|switch|p1a: Cloyster|Cloyster, F, shiny|100/100
|-damage|p1a: Cloyster|76/100|[from] Stealth Rock
|turn|8
|
|t:|1666938599
|move|p2a: Excadrill|Toxic|p1a: Cloyster
|-status|p1a: Cloyster|tox
|move|p1a: Cloyster|Shell Smash|p1a: Cloyster
|-unboost|p1a: Cloyster|def|1
|-unboost|p1a: Cloyster|spd|1
|-boost|p1a: Cloyster|atk|2
|-boost|p1a: Cloyster|spa|2
|-boost|p1a: Cloyster|spe|2
|
|-damage|p1a: Cloyster|69/100 tox|[from] psn
|-damage|p2a: Excadrill|52/100 brn|[from] brn
|upkeep
|turn|9
|
|t:|1666938608
|move|p2a: Excadrill|Earthquake|p1a: Cloyster
|-damage|p1a: Cloyster|32/100 tox
|move|p1a: Cloyster|Icicle Spear|p2a: Excadrill
|-damage|p2a: Excadrill|14/100 brn
|-damage|p2a: Excadrill|0 fnt
|faint|p2a: Excadrill
|-hitcount|p2: Excadrill|2
|-damage|p1a: Cloyster|22/100 tox|[from] item: Life Orb
|
|-damage|p1a: Cloyster|10/100 tox|[from] psn
|upkeep
|
|t:|1666938616
|switch|p2a: Weavile|Weavile, F|100/100
|turn|10
|inactive|george malone has 120 seconds left.
|
|t:|1666938643
|move|p2a: Weavile|Ice Shard|p1a: Cloyster
|-resisted|p1a: Cloyster
|-damage|p1a: Cloyster|3/100 tox
|move|p1a: Cloyster|Rapid Spin|p2a: Weavile
|-damage|p2a: Weavile|43/100
|-boost|p1a: Cloyster|spe|1
|-sideend|p1: george malone|Stealth Rock|[from] move: Rapid Spin|[of] p1a: Cloyster
|-damage|p1a: Cloyster|0 fnt|[from] item: Life Orb
|faint|p1a: Cloyster
|
|upkeep
|inactive|george malone has 120 seconds left.
|
|t:|1666938673
|switch|p1a: Volcarona|Volcarona, F|100/100
|turn|11
|
|t:|1666938690
|move|p2a: Weavile|Knock Off|p1a: Volcarona
|-damage|p1a: Volcarona|23/100
|-enditem|p1a: Volcarona|Leftovers|[from] move: Knock Off|[of] p2a: Weavile
|move|p1a: Volcarona|Quiver Dance|p1a: Volcarona
|-boost|p1a: Volcarona|spa|1
|-boost|p1a: Volcarona|spd|1
|-boost|p1a: Volcarona|spe|1
|
|upkeep
|turn|12
|
|t:|1666938696
|move|p2a: Weavile|Ice Shard|p1a: Volcarona
|-resisted|p1a: Volcarona
|-damage|p1a: Volcarona|7/100
|move|p1a: Volcarona|Flamethrower|p2a: Weavile
|-supereffective|p2a: Weavile
|-damage|p2a: Weavile|0 fnt
|faint|p2a: Weavile
|
|upkeep
|
|t:|1666938698
|switch|p2a: Urshifu|Urshifu-Rapid-Strike, M|100/100
|turn|13
|
|t:|1666938702
|move|p2a: Urshifu|Aqua Jet|p1a: Volcarona
|-supereffective|p1a: Volcarona
|-damage|p1a: Volcarona|0 fnt
|faint|p1a: Volcarona
|
|upkeep
|j| BlackFeather666
|
|t:|1666938709
|switch|p1a: Garchomp|Garchomp, M|100/100
|turn|14
|j| Golem Rising
|inactive|PepeThunder has 120 seconds left.
|
|t:|1666938752
|switch|p2a: Pelipper|Pelipper, M|100/100
|-weather|RainDance|[from] ability: Drizzle|[of] p2a: Pelipper
|move|p1a: Garchomp|Swords Dance|p1a: Garchomp
|-boost|p1a: Garchomp|atk|2
|
|-weather|RainDance|[upkeep]
|upkeep
|turn|15
|
|t:|1666938757
|move|p1a: Garchomp|Scale Shot|p2a: Pelipper
|-damage|p2a: Pelipper|53/100
|-damage|p2a: Pelipper|10/100
|-damage|p2a: Pelipper|0 fnt
|faint|p2a: Pelipper
|-hitcount|p2: Pelipper|3
|-unboost|p1a: Garchomp|def|1
|-boost|p1a: Garchomp|spe|1
|-damage|p1a: Garchomp|91/100|[from] item: Life Orb
|
|-weather|RainDance|[upkeep]
|upkeep
|
|t:|1666938762
|switch|p2a: Rillaboom|Rillaboom, F|100/100
|-fieldstart|move: Grassy Terrain|[from] ability: Grassy Surge|[of] p2a: Rillaboom
|turn|16
|
|t:|1666938767
|move|p2a: Rillaboom|Grassy Glide|p1a: Garchomp
|-damage|p1a: Garchomp|0 fnt
|-damage|p2a: Rillaboom|88/100|[from] ability: Rough Skin|[of] p1a: Garchomp
|faint|p1a: Garchomp
|
|-weather|RainDance|[upkeep]
|-heal|p2a: Rillaboom|94/100|[from] Grassy Terrain
|upkeep
|-message|george malone forfeited.
|
|win|PepeThunder
|raw|george malone's rating: 1851 &rarr; <strong>1822</strong><br />(-29 for losing)
|raw|PepeThunder's rating: 1675 &rarr; <strong>1704</strong><br />(+29 for winning)
|l|☆george malone
|l| Golem Rising
|l|☆PepeThunder
|l| Ucdcwg
