|j|☆Steelix Fusion
|j|☆d18l
|t:|1657246785
|gametype|singles
|player|p1|Steelix Fusion|marshal|1682
|player|p2|d18l|backpacker|1644
|teamsize|p1|6
|teamsize|p2|6
|gen|8
|tier|[Gen 8] OU
|rated|
|rule|Sleep Clause Mod: Limit one foe put to sleep
|rule|Species Clause: Limit one of each Pokémon
|rule|OHKO Clause: OHKO moves are banned
|rule|Evasion Moves Clause: Evasion moves are banned
|rule|Endless Battle Clause: Forcing endless battles is banned
|rule|HP Percentage Mod: HP is shown in percentages
|rule|Dynamax Clause: You cannot dynamax
|clearpoke
|poke|p1|Ninetales-Alola, F|
|poke|p1|Klefki, M|
|poke|p1|Steelix, M|
|poke|p1|Dragonite, F|
|poke|p1|Rhyperior, M|
|poke|p1|Toxapex, F|
|poke|p2|Tapu Koko|
|poke|p2|Victini|
|poke|p2|Landorus-Therian, M|
|poke|p2|Tornadus-Therian, M|
|poke|p2|Rotom-Wash|
|poke|p2|Ferrothorn, M|
|teampreview
|inactive|Battle timer is ON: inactive players will automatically lose when time's up. (requested by Steelix Fusion)
|inactive|d18l has 120 seconds left.
|
|t:|1657246820
|start
|switch|p1a: Klefki|Klefki, M|100/100
|switch|p2a: Victini|Victini|100/100
|turn|1
|
|t:|1657246828
|move|p1a: Klefki|Reflect|p1a: Klefki
|-sidestart|p1: Steelix Fusion|Reflect
|move|p2a: Victini|V-create|p1a: Klefki
|-supereffective|p1a: Klefki
|-damage|p1a: Klefki|27/100
|-unboost|p2a: Victini|spe|1
|-unboost|p2a: Victini|def|1
|-unboost|p2a: Victini|spd|1
|
|upkeep
|turn|2
|
|t:|1657246841
|move|p1a: Klefki|Light Screen|p1a: Klefki
|-sidestart|p1: Steelix Fusion|move: Light Screen
|move|p2a: Victini|Encore|p1a: Klefki
|-start|p1a: Klefki|Encore
|
|upkeep
|turn|3
|
|t:|1657246845
|switch|p1a: Toxapex|Toxapex, F|100/100
|move|p2a: Victini|U-turn|p1a: Toxapex
|-resisted|p1a: Toxapex
|-damage|p1a: Toxapex|98/100
|-damage|p2a: Victini|84/100|[from] item: Rocky Helmet|[of] p1a: Toxapex
|
|t:|1657246857
|switch|p2a: Landorus|Landorus-Therian, M|100/100|[from]move: U-turn
|-ability|p2a: Landorus|Intimidate|boost
|-unboost|p1a: Toxapex|atk|1
|
|upkeep
|turn|4
|
|t:|1657246862
|move|p2a: Landorus|Defog|p1a: Toxapex
|-unboost|p1a: Toxapex|evasion|1
|-sideend|p1: Steelix Fusion|Reflect
|-sideend|p1: Steelix Fusion|move: Light Screen
|move|p1a: Toxapex|Scald|p2a: Landorus
|-supereffective|p2a: Landorus
|-damage|p2a: Landorus|65/100
|-status|p2a: Landorus|brn
|
|-heal|p2a: Landorus|71/100 brn|[from] item: Leftovers
|-damage|p2a: Landorus|65/100 brn|[from] brn
|upkeep
|turn|5
|
|t:|1657246876
|switch|p2a: Rotom|Rotom-Wash|100/100
|move|p1a: Toxapex|Toxic Spikes|p2a: Rotom
|-sidestart|p2: d18l|move: Toxic Spikes
|
|upkeep
|turn|6
|
|t:|1657246882
|switch|p1a: Ninetales|Ninetales-Alola, F|100/100
|-weather|Hail|[from] ability: Snow Warning|[of] p1a: Ninetales
|move|p2a: Rotom|Volt Switch|p1a: Ninetales
|-damage|p1a: Ninetales|71/100
|
|t:|1657246891
|switch|p2a: Victini|Victini|84/100|[from]move: Volt Switch
|
|-weather|Hail|[upkeep]
|-damage|p2a: Victini|78/100|[from] Hail
|upkeep
|turn|7
|
|t:|1657246896
|move|p1a: Ninetales|Aurora Veil|p1a: Ninetales
|-sidestart|p1: Steelix Fusion|move: Aurora Veil
|move|p2a: Victini|V-create|p1a: Ninetales
|-supereffective|p1a: Ninetales
|-damage|p1a: Ninetales|0 fnt
|-unboost|p2a: Victini|spe|1
|-unboost|p2a: Victini|def|1
|-unboost|p2a: Victini|spd|1
|faint|p1a: Ninetales
|
|-weather|Hail|[upkeep]
|-damage|p2a: Victini|72/100|[from] Hail
|upkeep
|
|t:|1657246907
|switch|p1a: Dragonite|Dragonite, F|100/100
|turn|8
|
|t:|1657246911
|switch|p2a: Rotom|Rotom-Wash|100/100
|move|p1a: Dragonite|Dragon Dance|p1a: Dragonite
|-boost|p1a: Dragonite|atk|1
|-boost|p1a: Dragonite|spe|1
|
|-weather|Hail|[upkeep]
|-damage|p1a: Dragonite|94/100|[from] Hail
|-damage|p2a: Rotom|95/100|[from] Hail
|upkeep
|turn|9
|
|t:|1657246919
|move|p1a: Dragonite|Dragon Dance|p1a: Dragonite
|-boost|p1a: Dragonite|atk|1
|-boost|p1a: Dragonite|spe|1
|move|p2a: Rotom|Thunder Wave|p1a: Dragonite
|-status|p1a: Dragonite|par
|
|-weather|Hail|[upkeep]
|-damage|p1a: Dragonite|88/100 par|[from] Hail
|-damage|p2a: Rotom|89/100|[from] Hail
|upkeep
|turn|10
|
|t:|1657246928
|move|p1a: Dragonite|Dragon Dance|p1a: Dragonite
|-boost|p1a: Dragonite|atk|1
|-boost|p1a: Dragonite|spe|1
|move|p2a: Rotom|Volt Switch|p1a: Dragonite
|-damage|p1a: Dragonite|74/100 par
|
|t:|1657246930
|switch|p2a: Landorus|Landorus-Therian, M|65/100 brn|[from]move: Volt Switch
|-ability|p2a: Landorus|Intimidate|boost
|-fail|p1a: Dragonite|unboost|Attack|[from] ability: Inner Focus|[of] p1a: Dragonite
|
|-weather|none
|-heal|p2a: Landorus|71/100 brn|[from] item: Leftovers
|-damage|p2a: Landorus|65/100 brn|[from] brn
|upkeep
|turn|11
|
|t:|1657246944
|switch|p2a: Ferrothorn|Ferrothorn, M|100/100
|move|p1a: Dragonite|Dragon Dance|p1a: Dragonite
|-boost|p1a: Dragonite|atk|1
|-boost|p1a: Dragonite|spe|1
|
|upkeep
|turn|12
|
|t:|1657246951
|move|p1a: Dragonite|Fly||[still]
|-prepare|p1a: Dragonite|Fly
|move|p2a: Ferrothorn|Leech Seed|p1a: Dragonite|[miss]
|-miss|p2a: Ferrothorn|p1a: Dragonite
|
|upkeep
|turn|13
|
|t:|1657246958
|move|p1a: Dragonite|Fly|p2a: Ferrothorn|[from]lockedmove
|-damage|p2a: Ferrothorn|0 fnt
|-damage|p1a: Dragonite|62/100 par|[from] ability: Iron Barbs|[of] p2a: Ferrothorn
|-damage|p1a: Dragonite|45/100 par|[from] item: Rocky Helmet|[of] p2a: Ferrothorn
|faint|p2a: Ferrothorn
|
|upkeep
|
|t:|1657246961
|switch|p2a: Rotom|Rotom-Wash|89/100
|turn|14
|
|t:|1657246967
|move|p1a: Dragonite|Fly||[still]
|-prepare|p1a: Dragonite|Fly
|move|p2a: Rotom|Volt Switch|p1a: Dragonite|[miss]
|-miss|p2a: Rotom|p1a: Dragonite
|
|-sideend|p1: Steelix Fusion|move: Aurora Veil
|upkeep
|turn|15
|
|t:|1657246972
|move|p1a: Dragonite|Fly|p2a: Rotom|[from]lockedmove
|-resisted|p2a: Rotom
|-damage|p2a: Rotom|4/100
|-damage|p1a: Dragonite|29/100 par|[from] item: Rocky Helmet|[of] p2a: Rotom
|move|p2a: Rotom|Volt Switch|p1a: Dragonite
|-damage|p1a: Dragonite|2/100 par
|c|☆Steelix Fusion|oof
|
|t:|1657246977
|switch|p2a: Landorus|Landorus-Therian, M|65/100 brn|[from]move: Volt Switch
|-ability|p2a: Landorus|Intimidate|boost
|-fail|p1a: Dragonite|unboost|Attack|[from] ability: Inner Focus|[of] p1a: Dragonite
|
|-heal|p2a: Landorus|71/100 brn|[from] item: Leftovers
|-damage|p2a: Landorus|65/100 brn|[from] brn
|upkeep
|turn|16
|
|t:|1657246985
|switch|p2a: Rotom|Rotom-Wash|4/100
|cant|p1a: Dragonite|par
|
|upkeep
|turn|17
|
|t:|1657246989
|move|p1a: Dragonite|Ice Punch|p2a: Rotom
|-resisted|p2a: Rotom
|-damage|p2a: Rotom|0 fnt
|-damage|p1a: Dragonite|0 fnt|[from] item: Rocky Helmet|[of] p2a: Rotom
|faint|p2a: Rotom
|faint|p1a: Dragonite
|
|upkeep
|c|☆Steelix Fusion|gg
|c|☆Steelix Fusion|oh shit
|
|t:|1657247006
|switch|p1a: Klefki|Klefki, M|27/100
|switch|p2a: Landorus|Landorus-Therian, M|65/100 brn
|-ability|p2a: Landorus|Intimidate|boost
|-unboost|p1a: Klefki|atk|1
|turn|18
|
|t:|1657247010
|move|p1a: Klefki|Reflect|p1a: Klefki
|-sidestart|p1: Steelix Fusion|Reflect
|move|p2a: Landorus|Defog|p1a: Klefki
|-unboost|p1a: Klefki|evasion|1
|-sideend|p1: Steelix Fusion|Reflect
|-sideend|p2: d18l|Toxic Spikes|[from] move: Defog|[of] p2a: Landorus
|
|-heal|p2a: Landorus|71/100 brn|[from] item: Leftovers
|-damage|p2a: Landorus|65/100 brn|[from] brn
|upkeep
|turn|19
|inactive|d18l has 120 seconds left.
|
|t:|1657247051
|switch|p1a: Toxapex|Toxapex, F|100/100
|move|p2a: Landorus|Earthquake|p1a: Toxapex
|-supereffective|p1a: Toxapex
|-damage|p1a: Toxapex|71/100
|
|-heal|p2a: Landorus|71/100 brn|[from] item: Leftovers
|-damage|p2a: Landorus|65/100 brn|[from] brn
|upkeep
|turn|20
|
|t:|1657247062
|switch|p2a: Tapu Koko|Tapu Koko|100/100
|-fieldstart|move: Electric Terrain|[from] ability: Electric Surge|[of] p2a: Tapu Koko
|move|p1a: Toxapex|Knock Off|p2a: Tapu Koko
|-resisted|p2a: Tapu Koko
|-damage|p2a: Tapu Koko|89/100
|-enditem|p2a: Tapu Koko|Choice Specs|[from] move: Knock Off|[of] p1a: Toxapex
|
|upkeep
|turn|21
|j| AndreThaGiiant
|inactive|d18l has 120 seconds left.
|
|t:|1657247070
|switch|p1a: Steelix|Steelix, M, shiny|100/100
|move|p2a: Tapu Koko|Volt Switch|p1a: Steelix
|-immune|p1a: Steelix
|
|upkeep
|turn|22
|
|t:|1657247081
|switch|p2a: Landorus|Landorus-Therian, M|65/100 brn
|-ability|p2a: Landorus|Intimidate|boost
|-unboost|p1a: Steelix|atk|1
|move|p1a: Steelix|Iron Defense|p1a: Steelix
|-boost|p1a: Steelix|def|2
|
|-heal|p2a: Landorus|71/100 brn|[from] item: Leftovers
|-damage|p2a: Landorus|65/100 brn|[from] brn
|upkeep
|turn|23
|
|t:|1657247090
|move|p2a: Landorus|Earthquake|p1a: Steelix
|-supereffective|p1a: Steelix
|-damage|p1a: Steelix|88/100
|move|p1a: Steelix|Iron Defense|p1a: Steelix
|-boost|p1a: Steelix|def|2
|
|-heal|p2a: Landorus|71/100 brn|[from] item: Leftovers
|-heal|p1a: Steelix|95/100|[from] item: Leftovers
|-damage|p2a: Landorus|65/100 brn|[from] brn
|upkeep
|turn|24
|
|t:|1657247099
|move|p2a: Landorus|U-turn|p1a: Steelix
|-resisted|p1a: Steelix
|-damage|p1a: Steelix|94/100
|
|t:|1657247100
|switch|p2a: Tornadus|Tornadus-Therian, M|100/100|[from]move: U-turn
|move|p1a: Steelix|Substitute|p1a: Steelix
|-start|p1a: Steelix|Substitute
|-damage|p1a: Steelix|69/100
|
|-heal|p1a: Steelix|75/100|[from] item: Leftovers
|-fieldend|move: Electric Terrain
|upkeep
|turn|25
|
|t:|1657247108
|move|p2a: Tornadus|Heat Wave|p1a: Steelix
|-supereffective|p1a: Steelix
|-end|p1a: Steelix|Substitute
|move|p1a: Steelix|Toxic|p2a: Tornadus|[miss]
|-miss|p1a: Steelix|p2a: Tornadus
|
|-heal|p1a: Steelix|81/100|[from] item: Leftovers
|upkeep
|turn|26
|
|t:|1657247117
|switch|p1a: Rhyperior|Rhyperior, M|100/100
|move|p2a: Tornadus|Knock Off|p1a: Rhyperior
|-damage|p1a: Rhyperior|88/100
|-enditem|p1a: Rhyperior|Life Orb|[from] move: Knock Off|[of] p2a: Tornadus
|
|upkeep
|turn|27
|
|t:|1657247138
|move|p2a: Tornadus|U-turn|p1a: Rhyperior
|-damage|p1a: Rhyperior|78/100
|
|t:|1657247144
|switch|p2a: Landorus|Landorus-Therian, M|65/100 brn|[from]move: U-turn
|-ability|p2a: Landorus|Intimidate|boost
|-unboost|p1a: Rhyperior|atk|1
|move|p1a: Rhyperior|Swords Dance|p1a: Rhyperior
|-boost|p1a: Rhyperior|atk|2
|
|-heal|p2a: Landorus|71/100 brn|[from] item: Leftovers
|-damage|p2a: Landorus|65/100 brn|[from] brn
|upkeep
|turn|28
|
|t:|1657247153
|move|p2a: Landorus|Earthquake|p1a: Rhyperior
|-supereffective|p1a: Rhyperior
|-damage|p1a: Rhyperior|57/100
|move|p1a: Rhyperior|Stone Edge|p2a: Landorus
|-damage|p2a: Landorus|3/100 brn
|
|-heal|p2a: Landorus|9/100 brn|[from] item: Leftovers
|-damage|p2a: Landorus|3/100 brn|[from] brn
|upkeep
|turn|29
|
|t:|1657247162
|move|p2a: Landorus|Earthquake|p1a: Rhyperior
|-supereffective|p1a: Rhyperior
|-damage|p1a: Rhyperior|33/100
|move|p1a: Rhyperior|Stone Edge|p2a: Landorus
|-damage|p2a: Landorus|0 fnt
|faint|p2a: Landorus
|
|upkeep
|
|t:|1657247166
|switch|p2a: Tapu Koko|Tapu Koko|89/100
|-fieldstart|move: Electric Terrain|[from] ability: Electric Surge|[of] p2a: Tapu Koko
|turn|30
|
|t:|1657247180
|switch|p1a: Steelix|Steelix, M, shiny|81/100
|move|p2a: Tapu Koko|Grass Knot|p1a: Steelix
|-damage|p1a: Steelix|52/100
|
|-heal|p1a: Steelix|59/100|[from] item: Leftovers
|upkeep
|turn|31
|
|t:|1657247188
|move|p2a: Tapu Koko|Grass Knot|p1a: Steelix
|-damage|p1a: Steelix|28/100
|move|p1a: Steelix|Toxic|p2a: Tapu Koko
|-status|p2a: Tapu Koko|tox
|
|-heal|p1a: Steelix|34/100|[from] item: Leftovers
|-damage|p2a: Tapu Koko|83/100 tox|[from] psn
|upkeep
|turn|32
|
|t:|1657247196
|switch|p1a: Klefki|Klefki, M|27/100
|move|p2a: Tapu Koko|Grass Knot|p1a: Klefki
|-resisted|p1a: Klefki
|-damage|p1a: Klefki|24/100
|
|-damage|p2a: Tapu Koko|71/100 tox|[from] psn
|upkeep
|turn|33
|
|t:|1657247202
|move|p1a: Klefki|Light Screen|p1a: Klefki
|-sidestart|p1: Steelix Fusion|move: Light Screen
|move|p2a: Tapu Koko|Volt Switch|p1a: Klefki
|-damage|p1a: Klefki|1/100
|
|t:|1657247207
|switch|p2a: Tornadus|Tornadus-Therian, M|100/100|[from]move: Volt Switch
|
|upkeep
|turn|34
|
|t:|1657247211
|move|p1a: Klefki|Thunder Wave|p2a: Tornadus
|-status|p2a: Tornadus|par
|move|p2a: Tornadus|Knock Off|p1a: Klefki
|-resisted|p1a: Klefki
|-damage|p1a: Klefki|0 fnt
|-enditem|p1a: Klefki|Light Clay|[from] move: Knock Off|[of] p2a: Tornadus
|faint|p1a: Klefki
|
|-fieldend|move: Electric Terrain
|upkeep
|
|t:|1657247219
|switch|p1a: Rhyperior|Rhyperior, M|33/100
|turn|35
|
|t:|1657247243
|move|p2a: Tornadus|Heat Wave|p1a: Rhyperior
|-resisted|p1a: Rhyperior
|-damage|p1a: Rhyperior|25/100
|-status|p1a: Rhyperior|brn
|move|p1a: Rhyperior|Stone Edge|p2a: Tornadus
|-supereffective|p2a: Tornadus
|-damage|p2a: Tornadus|28/100 par
|
|-damage|p1a: Rhyperior|19/100 brn|[from] brn
|upkeep
|turn|36
|c|☆Steelix Fusion|fucks up with burn todsay
|
|t:|1657247255
|move|p2a: Tornadus|Hurricane|p1a: Rhyperior
|-resisted|p1a: Rhyperior
|-damage|p1a: Rhyperior|6/100 brn
|move|p1a: Rhyperior|Stone Edge|p2a: Tornadus|[miss]
|-miss|p1a: Rhyperior|p2a: Tornadus
|
|-damage|p1a: Rhyperior|0 fnt|[from] brn
|faint|p1a: Rhyperior
|upkeep
|c|☆Steelix Fusion|omg
|
|t:|1657247264
|switch|p1a: Toxapex|Toxapex, F|100/100
|turn|37
|
|t:|1657247268
|cant|p2a: Tornadus|par
|move|p1a: Toxapex|Toxic Spikes|p2a: Tornadus
|-sidestart|p2: d18l|move: Toxic Spikes
|
|upkeep
|turn|38
|
|t:|1657247277
|move|p2a: Tornadus|Knock Off|p1a: Toxapex
|-damage|p1a: Toxapex|89/100
|-damage|p2a: Tornadus|11/100 par|[from] item: Rocky Helmet|[of] p1a: Toxapex
|-enditem|p1a: Toxapex|Rocky Helmet|[from] move: Knock Off|[of] p2a: Tornadus
|move|p1a: Toxapex|Knock Off|p2a: Tornadus
|-damage|p2a: Tornadus|0 fnt
|-enditem|p2a: Tornadus|Assault Vest|[from] move: Knock Off|[of] p1a: Toxapex
|faint|p2a: Tornadus
|
|upkeep
|
|t:|1657247287
|switch|p2a: Victini|Victini|72/100
|turn|39
|j| HeyJimmy
|
|t:|1657247291
|move|p2a: Victini|Bolt Strike|p1a: Toxapex
|-supereffective|p1a: Toxapex
|-damage|p1a: Toxapex|46/100
|-status|p1a: Toxapex|par
|move|p1a: Toxapex|Knock Off|p2a: Victini
|-supereffective|p2a: Victini
|-damage|p2a: Victini|38/100
|-enditem|p2a: Victini|Heavy-Duty Boots|[from] move: Knock Off|[of] p1a: Toxapex
|
|upkeep
|turn|40
|c|☆Steelix Fusion|DUDE
|c|☆Steelix Fusion|LMFAO
|
|t:|1657247302
|move|p2a: Victini|Bolt Strike|p1a: Toxapex|[miss]
|-miss|p2a: Victini|p1a: Toxapex
|cant|p1a: Toxapex|par
|
|-sideend|p1: Steelix Fusion|move: Light Screen
|upkeep
|turn|41
|c|☆Steelix Fusion|omfg
|
|t:|1657247307
|move|p2a: Victini|Bolt Strike|p1a: Toxapex
|-supereffective|p1a: Toxapex
|-damage|p1a: Toxapex|2/100 par
|move|p1a: Toxapex|Recover|p1a: Toxapex
|-heal|p1a: Toxapex|52/100 par
|
|upkeep
|turn|42
|
|t:|1657247313
|move|p2a: Victini|Encore|p1a: Toxapex
|-start|p1a: Toxapex|Encore
|move|p1a: Toxapex|Recover|p1a: Toxapex
|-heal|p1a: Toxapex|100/100 par
|
|upkeep
|turn|43
|
|t:|1657247320
|move|p2a: Victini|U-turn|p1a: Toxapex
|-resisted|p1a: Toxapex
|-damage|p1a: Toxapex|95/100 par
|
|t:|1657247322
|switch|p2a: Tapu Koko|Tapu Koko|71/100 tox|[from]move: U-turn
|-fieldstart|move: Electric Terrain|[from] ability: Electric Surge|[of] p2a: Tapu Koko
|move|p1a: Toxapex|Recover|p1a: Toxapex
|-heal|p1a: Toxapex|100/100 par
|
|-damage|p2a: Tapu Koko|65/100 tox|[from] psn
|upkeep
|turn|44
|
|t:|1657247330
|move|p2a: Tapu Koko|Thunderbolt|p1a: Toxapex
|-supereffective|p1a: Toxapex
|-damage|p1a: Toxapex|17/100 par
|move|p1a: Toxapex|Recover|p1a: Toxapex
|-heal|p1a: Toxapex|67/100 par
|
|-damage|p2a: Tapu Koko|53/100 tox|[from] psn
|-end|p1a: Toxapex|Encore
|upkeep
|turn|45
|
|t:|1657247340
|move|p2a: Tapu Koko|Thunderbolt|p1a: Toxapex
|-supereffective|p1a: Toxapex
|-damage|p1a: Toxapex|0 fnt
|faint|p1a: Toxapex
|
|-damage|p2a: Tapu Koko|35/100 tox|[from] psn
|upkeep
|
|t:|1657247345
|switch|p1a: Steelix|Steelix, M, shiny|34/100
|turn|46
|
|t:|1657247349
|move|p2a: Tapu Koko|Grass Knot|p1a: Steelix
|-damage|p1a: Steelix|1/100
|move|p1a: Steelix|Iron Defense|p1a: Steelix
|-boost|p1a: Steelix|def|2
|
|-heal|p1a: Steelix|8/100|[from] item: Leftovers
|-damage|p2a: Tapu Koko|10/100 tox|[from] psn
|upkeep
|turn|47
|l| HeyJimmy
|c|☆Steelix Fusion|disgsuting
|c|☆Steelix Fusion|shit luck
|c|☆Steelix Fusion|even vs my noob team
|c|☆Steelix Fusion|this guy struggled badly
|inactive|Steelix Fusion has 120 seconds left.
|inactive|Steelix Fusion has 90 seconds left.
|inactive|Steelix Fusion has 60 seconds left.
|inactive|Steelix Fusion has 30 seconds left.
|inactive|Steelix Fusion has 20 seconds left.
|inactive|Steelix Fusion has 15 seconds left.
|inactive|Steelix Fusion has 10 seconds left.
|inactive|Steelix Fusion has 5 seconds left.
|-message|Steelix Fusion lost due to inactivity.
|
|win|d18l
|raw|Steelix Fusion's rating: 1671 &rarr; <strong>1649</strong><br />(-22 for losing)
|raw|d18l's rating: 1644 &rarr; <strong>1666</strong><br />(+22 for winning)
|j| UBCS GREG
||Ladder isn't responding, score probably updated but might not have (Request timeout).
