|j|☆Wheezer
|j|☆cute pink team
|t:|1649690875
|gametype|singles
|player|p1|Wheezer|petrel|1613
|player|p2|cute pink team|1|1606
|teamsize|p1|6
|teamsize|p2|6
|gen|8
|tier|[Gen 8] OU
|rated|
|rule|Sleep Clause Mod: Limit one foe put to sleep
|rule|Species Clause: Limit one of each Pokémon
|rule|OHKO Clause: OHKO moves are banned
|rule|Evasion Moves Clause: Evasion moves are banned
|rule|Endless Battle Clause: Forcing endless battles is banned
|rule|HP Percentage Mod: HP is shown in percentages
|rule|Dynamax Clause: You cannot dynamax
|clearpoke
|poke|p1|Ribombee, M|
|poke|p1|Zapdos-Galar|
|poke|p1|Buzzwole|
|poke|p1|Victini|
|poke|p1|Dragonite, M|
|poke|p1|Magnezone|
|poke|p2|Zapdos|
|poke|p2|Corviknight, F|
|poke|p2|Blissey, F|
|poke|p2|Toxapex, F|
|poke|p2|Clefable, M|
|poke|p2|Tapu Lele|
|teampreview
|inactive|Battle timer is ON: inactive players will automatically lose when time's up. (requested by cute pink team)
|
|t:|1649690902
|start
|switch|p1a: Victini|Victini|100/100
|switch|p2a: Toxapex|Toxapex, F|100/100
|turn|1
|
|t:|1649690915
|move|p1a: Victini|Final Gambit|p2a: Toxapex
|-damage|p2a: Toxapex|0 fnt
|faint|p1a: Victini
|faint|p2a: Toxapex
|
|upkeep
|
|t:|1649690920
|switch|p1a: Magnezone|Magnezone|100/100
|switch|p2a: Tapu Lele|Tapu Lele|100/100
|-fieldstart|move: Psychic Terrain|[from] ability: Psychic Surge|[of] p2a: Tapu Lele
|turn|2
|
|t:|1649690929
|switch|p1a: Ribombee|Ribombee, M|100/100
|move|p2a: Tapu Lele|Focus Blast|p1a: Ribombee|[miss]
|-miss|p2a: Tapu Lele|p1a: Ribombee
|
|upkeep
|turn|3
|
|t:|1649690936
|switch|p2a: Blissey|Blissey, F|100/100
|move|p1a: Ribombee|Sticky Web|p2a: Blissey
|-sidestart|p2: cute pink team|move: Sticky Web
|
|upkeep
|turn|4
|
|t:|1649690941
|move|p1a: Ribombee|Stun Spore|p2a: Blissey|[miss]
|-miss|p1a: Ribombee|p2a: Blissey
|move|p2a: Blissey|Stealth Rock|p1a: Ribombee
|-sidestart|p1: Wheezer|move: Stealth Rock
|
|upkeep
|turn|5
|
|t:|1649690943
|move|p1a: Ribombee|Stun Spore|p2a: Blissey
|-status|p2a: Blissey|par
|move|p2a: Blissey|Toxic|p1a: Ribombee
|-status|p1a: Ribombee|tox
|
|-damage|p1a: Ribombee|94/100 tox|[from] psn
|upkeep
|turn|6
|
|t:|1649690945
|move|p1a: Ribombee|U-turn|p2a: Blissey
|-damage|p2a: Blissey|87/100 par
|
|t:|1649690947
|switch|p1a: Buzzwole|Buzzwole|100/100|[from]move: U-turn
|-damage|p1a: Buzzwole|88/100|[from] Stealth Rock
|cant|p2a: Blissey|par
|
|-heal|p1a: Buzzwole|94/100|[from] item: Leftovers
|-fieldend|move: Psychic Terrain
|upkeep
|turn|7
|
|t:|1649690953
|-curestatus|p2a: Blissey|par|[from] ability: Natural Cure
|switch|p2a: Zapdos|Zapdos|100/100
|-ability|p2a: Zapdos|Pressure
|move|p1a: Buzzwole|Substitute|p1a: Buzzwole
|-start|p1a: Buzzwole|Substitute
|-damage|p1a: Buzzwole|70/100
|
|-heal|p1a: Buzzwole|76/100|[from] item: Leftovers
|upkeep
|turn|8
|
|t:|1649690955
|move|p2a: Zapdos|Heat Wave|p1a: Buzzwole
|-supereffective|p1a: Buzzwole
|-end|p1a: Buzzwole|Substitute
|move|p1a: Buzzwole|Ice Punch|p2a: Zapdos
|-supereffective|p2a: Zapdos
|-crit|p2a: Zapdos
|-damage|p2a: Zapdos|20/100
|
|-heal|p1a: Buzzwole|82/100|[from] item: Leftovers
|upkeep
|turn|9
|
|t:|1649690961
|switch|p1a: Ribombee|Ribombee, M|94/100 tox
|-damage|p1a: Ribombee|69/100 tox|[from] Stealth Rock
|move|p2a: Zapdos|Roost|p2a: Zapdos
|-heal|p2a: Zapdos|70/100
|-singleturn|p2a: Zapdos|move: Roost
|
|-damage|p1a: Ribombee|63/100 tox|[from] psn
|upkeep
|turn|10
|
|t:|1649690963
|move|p1a: Ribombee|Moonblast|p2a: Zapdos
|-damage|p2a: Zapdos|22/100
|move|p2a: Zapdos|Roost|p2a: Zapdos
|-heal|p2a: Zapdos|72/100
|-singleturn|p2a: Zapdos|move: Roost
|
|-damage|p1a: Ribombee|51/100 tox|[from] psn
|upkeep
|turn|11
|
|t:|1649690966
|move|p1a: Ribombee|U-turn|p2a: Zapdos
|-resisted|p2a: Zapdos
|-damage|p2a: Zapdos|66/100
|
|t:|1649690973
|switch|p1a: Dragonite|Dragonite, M|100/100|[from]move: U-turn
|move|p2a: Zapdos|Roost|p2a: Zapdos
|-heal|p2a: Zapdos|100/100
|-singleturn|p2a: Zapdos|move: Roost
|
|upkeep
|turn|12
|
|t:|1649691000
|switch|p2a: Clefable|Clefable, M|100/100
|-activate|p2a: Clefable|move: Sticky Web
|-unboost|p2a: Clefable|spe|1
|move|p1a: Dragonite|Dragon Dance|p1a: Dragonite
|-boost|p1a: Dragonite|atk|1
|-boost|p1a: Dragonite|spe|1
|
|upkeep
|turn|13
|
|t:|1649691010
|move|p1a: Dragonite|Substitute|p1a: Dragonite
|-start|p1a: Dragonite|Substitute
|-damage|p1a: Dragonite|76/100
|move|p2a: Clefable|Calm Mind|p2a: Clefable
|-boost|p2a: Clefable|spa|1
|-boost|p2a: Clefable|spd|1
|
|upkeep
|turn|14
|
|t:|1649691017
|move|p1a: Dragonite|Dual Wingbeat|p2a: Clefable
|-damage|p2a: Clefable|85/100
|-damage|p2a: Clefable|68/100
|-hitcount|p2a: Clefable|2
|move|p2a: Clefable|Calm Mind|p2a: Clefable
|-boost|p2a: Clefable|spa|1
|-boost|p2a: Clefable|spd|1
|
|-heal|p2a: Clefable|74/100|[from] item: Leftovers
|upkeep
|turn|15
|
|t:|1649691026
|move|p1a: Dragonite|Dragon Dance|p1a: Dragonite
|-boost|p1a: Dragonite|atk|1
|-boost|p1a: Dragonite|spe|1
|move|p2a: Clefable|Soft-Boiled|p2a: Clefable
|-heal|p2a: Clefable|100/100
|
|upkeep
|turn|16
|
|t:|1649691029
|move|p1a: Dragonite|Dual Wingbeat|p2a: Clefable
|-damage|p2a: Clefable|86/100
|-damage|p2a: Clefable|71/100
|-hitcount|p2a: Clefable|2
|move|p2a: Clefable|Moonblast|p1a: Dragonite
|-supereffective|p1a: Dragonite
|-end|p1a: Dragonite|Substitute
|
|-heal|p2a: Clefable|77/100|[from] item: Leftovers
|upkeep
|turn|17
|-message|Wheezer forfeited.
|
|win|cute pink team
|raw|Wheezer's rating: 1613 &rarr; <strong>1593</strong><br />(-20 for losing)
|raw|cute pink team's rating: 1606 &rarr; <strong>1626</strong><br />(+20 for winning)
|l|☆Wheezer
||Ladder isn't responding, score probably updated but might not have (Request timeout).
