|j|☆LaDoudou'sPatate
|j|☆Ferrothornail草钢甲
|t:|1664533412
|gametype|singles
|player|p1|LaDoudou'sPatate|1|1687
|player|p2|Ferrothornail草钢甲|lillie|1785
|teamsize|p1|6
|teamsize|p2|6
|gen|8
|tier|[Gen 8] OU
|rated|
|rule|Sleep Clause Mod: Limit one foe put to sleep
|rule|Species Clause: Limit one of each Pokémon
|rule|OHKO Clause: OHKO moves are banned
|rule|Evasion Items Clause: Evasion items are banned
|rule|Evasion Moves Clause: Evasion moves are banned
|rule|Endless Battle Clause: Forcing endless battles is banned
|rule|HP Percentage Mod: HP is shown in percentages
|rule|Dynamax Clause: You cannot dynamax
|clearpoke
|poke|p1|Clefable, F|
|poke|p1|Hawlucha, M|
|poke|p1|Rillaboom, F|
|poke|p1|Landorus-Therian, M|
|poke|p1|Melmetal|
|poke|p1|Latias, F|
|poke|p2|Hatterene, F|
|poke|p2|Porygon2|
|poke|p2|Cresselia, F|
|poke|p2|Marowak-Alola, M|
|poke|p2|Crawdaunt, F|
|poke|p2|Melmetal|
|teampreview
|inactive|Battle timer is ON: inactive players will automatically lose when time's up. (requested by LaDoudou'sPatate)
|
|t:|1664533438
|start
|switch|p1a: Melmetal|Melmetal|100/100
|switch|p2a: Melmetal|Melmetal|100/100
|turn|1
|
|t:|1664533443
|move|p1a: Melmetal|Earthquake|p2a: Melmetal
|-supereffective|p2a: Melmetal
|-damage|p2a: Melmetal|60/100
|move|p2a: Melmetal|Superpower|p1a: Melmetal
|-supereffective|p1a: Melmetal
|-damage|p1a: Melmetal|29/100
|-unboost|p2a: Melmetal|atk|1
|-unboost|p2a: Melmetal|def|1
|
|upkeep
|turn|2
|
|t:|1664533451
|switch|p2a: Cresselia|Cresselia, F|100/100
|move|p1a: Melmetal|Earthquake|p2a: Cresselia
|-immune|p2a: Cresselia|[from] ability: Levitate
|
|upkeep
|turn|3
|
|t:|1664533457
|move|p1a: Melmetal|Double Iron Bash|p2a: Cresselia
|-damage|p2a: Cresselia|78/100
|-damage|p2a: Cresselia|54/100
|-hitcount|p2a: Cresselia|2
|move|p2a: Cresselia|Trick Room|p2a: Cresselia
|-fieldstart|move: Trick Room|[of] p2a: Cresselia
|
|upkeep
|turn|4
|
|t:|1664533464
|switch|p2a: Marowak|Marowak-Alola, M|100/100
|move|p1a: Melmetal|Double Iron Bash|p2a: Marowak
|-resisted|p2a: Marowak
|-damage|p2a: Marowak|79/100
|-resisted|p2a: Marowak
|-crit|p2a: Marowak
|-damage|p2a: Marowak|47/100
|-hitcount|p2a: Marowak|2
|
|upkeep
|turn|5
|j| Cyberacc
|
|t:|1664533482
|move|p2a: Marowak|Flare Blitz|p1a: Melmetal
|-supereffective|p1a: Melmetal
|-damage|p1a: Melmetal|0 fnt
|faint|p1a: Melmetal
|
|upkeep
|
|t:|1664533490
|switch|p1a: Landorus|Landorus-Therian, M|100/100
|-ability|p1a: Landorus|Intimidate|boost
|-unboost|p2a: Marowak|atk|1
|turn|6
|
|t:|1664533493
|move|p2a: Marowak|Flare Blitz|p1a: Landorus
|-damage|p1a: Landorus|42/100
|move|p1a: Landorus|Earthquake|p2a: Marowak
|-supereffective|p2a: Marowak
|-damage|p2a: Marowak|0 fnt
|faint|p2a: Marowak
|
|-heal|p1a: Landorus|48/100|[from] item: Leftovers
|upkeep
|
|t:|1664533499
|switch|p2a: Hatterene|Hatterene, F|100/100
|turn|7
|
|t:|1664533506
|move|p2a: Hatterene|Psychic|p1a: Landorus
|-damage|p1a: Landorus|0 fnt
|faint|p1a: Landorus
|
|-fieldend|move: Trick Room
|upkeep
|j| Bluneri
|
|t:|1664533511
|switch|p1a: Rillaboom|Rillaboom, F|100/100
|-fieldstart|move: Grassy Terrain|[from] ability: Grassy Surge|[of] p1a: Rillaboom
|turn|8
|
|t:|1664533521
|move|p1a: Rillaboom|Grassy Glide|p2a: Hatterene
|-damage|p2a: Hatterene|24/100
|move|p2a: Hatterene|Trick Room|p2a: Hatterene
|-fieldstart|move: Trick Room|[of] p2a: Hatterene
|
|-heal|p2a: Hatterene|30/100|[from] Grassy Terrain
|upkeep
|turn|9
|
|t:|1664533528
|switch|p1a: Clefable|Clefable, F|100/100
|move|p2a: Hatterene|Healing Wish|p2a: Hatterene
|faint|p2a: Hatterene
|
|upkeep
|
|t:|1664533534
|switch|p2a: Melmetal|Melmetal|60/100
|-heal|p2a: Melmetal|100/100|[from] move: Healing Wish
|turn|10
|
|t:|1664533560
|switch|p1a: Latias|Latias, F|100/100
|move|p2a: Melmetal|Double Iron Bash|p1a: Latias
|-damage|p1a: Latias|19/100
|-crit|p1a: Latias
|-damage|p1a: Latias|0 fnt
|faint|p1a: Latias
|-hitcount|p1: Latias|2
|
|upkeep
|
|t:|1664533568
|switch|p1a: Hawlucha|Hawlucha, M|100/100
|-enditem|p1a: Hawlucha|Grassy Seed
|-boost|p1a: Hawlucha|def|1|[from] item: Grassy Seed
|turn|11
|
|t:|1664533573
|move|p2a: Melmetal|Double Iron Bash|p1a: Hawlucha
|-damage|p1a: Hawlucha|41/100
|-damage|p1a: Hawlucha|0 fnt
|faint|p1a: Hawlucha
|-hitcount|p1: Hawlucha|2
|
|upkeep
|-message|LaDoudou'sPatate forfeited.
|
|win|Ferrothornail草钢甲
|raw|LaDoudou&apos;sPatate's rating: 1687 &rarr; <strong>1672</strong><br />(-15 for losing)
|raw|Ferrothornail草钢甲's rating: 1785 &rarr; <strong>1800</strong><br />(+15 for winning)
|l|☆LaDoudou'sPatate
||Ladder isn't responding, score probably updated but might not have (Request timeout).
