|j|☆MonaLise
|j|☆tanishq1
|t:|1655550610
|gametype|singles
|player|p1|MonaLise|acetrainercouple|1661
|player|p2|tanishq1|170|1617
|teamsize|p1|6
|teamsize|p2|6
|gen|8
|tier|[Gen 8] OU
|rated|
|rule|Sleep Clause Mod: Limit one foe put to sleep
|rule|Species Clause: Limit one of each Pokémon
|rule|OHKO Clause: OHKO moves are banned
|rule|Evasion Moves Clause: Evasion moves are banned
|rule|Endless Battle Clause: Forcing endless battles is banned
|rule|HP Percentage Mod: HP is shown in percentages
|rule|Dynamax Clause: You cannot dynamax
|clearpoke
|poke|p1|Ninetales-Alola, M|
|poke|p1|Arctozolt|
|poke|p1|Kartana|
|poke|p1|Swampert, M|
|poke|p1|Corviknight, F|
|poke|p1|Blacephalon|
|poke|p2|Tyrantrum, F|
|poke|p2|Rotom-Wash|
|poke|p2|Weavile, F|
|poke|p2|Landorus-Therian, M|
|poke|p2|Tapu Lele|
|poke|p2|Heatran, F|
|teampreview
|inactive|Battle timer is ON: inactive players will automatically lose when time's up. (requested by tanishq1)
|inactive|MonaLise also wants the timer to be on.
|
|t:|1655550619
|start
|switch|p1a: Swampert|Swampert, M, shiny|100/100
|switch|p2a: U COULD TËLL|Heatran, F|100/100
|turn|1
|
|t:|1655550624
|move|p2a: U COULD TËLL|Toxic|p1a: Swampert
|-status|p1a: Swampert|tox
|move|p1a: Swampert|Stealth Rock|p2a: U COULD TËLL
|-sidestart|p2: tanishq1|move: Stealth Rock
|
|-damage|p1a: Swampert|94/100 tox|[from] psn
|upkeep
|turn|2
|
|t:|1655550628
|switch|p2a: JUS BËTTER|Landorus-Therian, M|100/100
|-damage|p2a: JUS BËTTER|88/100|[from] Stealth Rock
|-ability|p2a: JUS BËTTER|Intimidate|boost
|-unboost|p1a: Swampert|atk|1
|move|p1a: Swampert|Flip Turn|p2a: JUS BËTTER
|-supereffective|p2a: JUS BËTTER
|-damage|p2a: JUS BËTTER|57/100
|
|t:|1655550633
|switch|p1a: Ninetales|Ninetales-Alola, M|100/100|[from]move: Flip Turn
|-weather|Hail|[from] ability: Snow Warning|[of] p1a: Ninetales
|
|-weather|Hail|[upkeep]
|-damage|p2a: JUS BËTTER|51/100|[from] Hail
|-heal|p2a: JUS BËTTER|57/100|[from] item: Leftovers
|upkeep
|turn|3
|
|t:|1655550642
|switch|p1a: Swampert|Swampert, M, shiny|94/100 tox
|switch|p2a: U COULD TËLL|Heatran, F|100/100
|-damage|p2a: U COULD TËLL|88/100|[from] Stealth Rock
|
|-weather|Hail|[upkeep]
|-damage|p2a: U COULD TËLL|82/100|[from] Hail
|-damage|p1a: Swampert|88/100 tox|[from] Hail
|-heal|p2a: U COULD TËLL|88/100|[from] item: Leftovers
|-heal|p1a: Swampert|94/100 tox|[from] item: Leftovers
|-damage|p1a: Swampert|88/100 tox|[from] psn
|upkeep
|turn|4
|
|t:|1655550645
|switch|p2a: GEEK HIGH|Weavile, F|100/100
|-ability|p2a: GEEK HIGH|Pressure
|move|p1a: Swampert|Flip Turn|p2a: GEEK HIGH
|-damage|p2a: GEEK HIGH|62/100
|
|t:|1655550647
|switch|p1a: Arctozolt|Arctozolt|100/100|[from]move: Flip Turn
|
|-weather|Hail|[upkeep]
|upkeep
|turn|5
|
|t:|1655550651
|switch|p2a: JUS BËTTER|Landorus-Therian, M|57/100
|-damage|p2a: JUS BËTTER|44/100|[from] Stealth Rock
|-ability|p2a: JUS BËTTER|Intimidate|boost
|-unboost|p1a: Arctozolt|atk|1
|move|p1a: Arctozolt|Bolt Beak|p2a: JUS BËTTER
|-immune|p2a: JUS BËTTER
|
|-weather|Hail|[upkeep]
|-damage|p2a: JUS BËTTER|38/100|[from] Hail
|-heal|p2a: JUS BËTTER|44/100|[from] item: Leftovers
|upkeep
|turn|6
|
|t:|1655550657
|switch|p2a: U COULD TËLL|Heatran, F|88/100
|-damage|p2a: U COULD TËLL|76/100|[from] Stealth Rock
|move|p1a: Arctozolt|Bolt Beak|p2a: U COULD TËLL
|-damage|p2a: U COULD TËLL|40/100
|
|-weather|none
|-heal|p2a: U COULD TËLL|46/100|[from] item: Leftovers
|upkeep
|turn|7
|
|t:|1655550663
|switch|p1a: Swampert|Swampert, M, shiny|88/100 tox
|move|p2a: U COULD TËLL|Stealth Rock|p1a: Swampert
|-sidestart|p1: MonaLise|move: Stealth Rock
|
|-heal|p2a: U COULD TËLL|52/100|[from] item: Leftovers
|-heal|p1a: Swampert|94/100 tox|[from] item: Leftovers
|-damage|p1a: Swampert|88/100 tox|[from] psn
|upkeep
|turn|8
|
|t:|1655550666
|switch|p2a: SMOOKTOBËR|Rotom-Wash|100/100
|-damage|p2a: SMOOKTOBËR|88/100|[from] Stealth Rock
|move|p1a: Swampert|Flip Turn|p2a: SMOOKTOBËR
|-resisted|p2a: SMOOKTOBËR
|-damage|p2a: SMOOKTOBËR|78/100
|-damage|p1a: Swampert|72/100 tox|[from] item: Rocky Helmet|[of] p2a: SMOOKTOBËR
|
|t:|1655550672
|switch|p1a: Kartana|Kartana|100/100|[from]move: Flip Turn
|-damage|p1a: Kartana|94/100|[from] Stealth Rock
|
|upkeep
|turn|9
|
|t:|1655550680
|move|p1a: Kartana|Swords Dance|p1a: Kartana
|-boost|p1a: Kartana|atk|2
|move|p2a: SMOOKTOBËR|Will-O-Wisp|p1a: Kartana
|-status|p1a: Kartana|brn
|
|-damage|p1a: Kartana|88/100 brn|[from] brn
|upkeep
|turn|10
|
|t:|1655550690
|switch|p2a: JUS BËTTER|Landorus-Therian, M|44/100
|-damage|p2a: JUS BËTTER|32/100|[from] Stealth Rock
|-ability|p2a: JUS BËTTER|Intimidate|boost
|-unboost|p1a: Kartana|atk|1
|move|p1a: Kartana|Swords Dance|p1a: Kartana
|-boost|p1a: Kartana|atk|2
|
|-heal|p2a: JUS BËTTER|38/100|[from] item: Leftovers
|-damage|p1a: Kartana|82/100 brn|[from] brn
|upkeep
|turn|11
|
|t:|1655550693
|move|p1a: Kartana|Leaf Blade|p2a: JUS BËTTER
|-damage|p2a: JUS BËTTER|0 fnt
|faint|p2a: JUS BËTTER
|-ability|p1a: Kartana|Beast Boost|boost
|-boost|p1a: Kartana|spe|1
|-damage|p1a: Kartana|72/100 brn|[from] item: Life Orb
|
|-damage|p1a: Kartana|66/100 brn|[from] brn
|upkeep
|
|t:|1655550699
|switch|p2a: MONEY TWËRK|Tapu Lele|100/100
|-damage|p2a: MONEY TWËRK|88/100|[from] Stealth Rock
|-fieldstart|move: Psychic Terrain|[from] ability: Psychic Surge|[of] p2a: MONEY TWËRK
|turn|12
|
|t:|1655550700
|move|p1a: Kartana|Leaf Blade|p2a: MONEY TWËRK
|-damage|p2a: MONEY TWËRK|0 fnt
|faint|p2a: MONEY TWËRK
|-ability|p1a: Kartana|Beast Boost|boost
|-boost|p1a: Kartana|spe|1
|-damage|p1a: Kartana|56/100 brn|[from] item: Life Orb
|
|-damage|p1a: Kartana|50/100 brn|[from] brn
|upkeep
|
|t:|1655550709
|switch|p2a: U COULD TËLL|Heatran, F|52/100
|-damage|p2a: U COULD TËLL|40/100|[from] Stealth Rock
|turn|13
|
|t:|1655550711
|switch|p2a: SMOOKTOBËR|Rotom-Wash|78/100
|-damage|p2a: SMOOKTOBËR|66/100|[from] Stealth Rock
|move|p1a: Kartana|Sacred Sword|p2a: SMOOKTOBËR
|-damage|p2a: SMOOKTOBËR|27/100
|-damage|p1a: Kartana|33/100 brn|[from] item: Rocky Helmet|[of] p2a: SMOOKTOBËR
|-damage|p1a: Kartana|23/100 brn|[from] item: Life Orb
|
|-damage|p1a: Kartana|17/100 brn|[from] brn
|upkeep
|turn|14
|
|t:|1655550715
|switch|p2a: U COULD TËLL|Heatran, F|40/100
|-damage|p2a: U COULD TËLL|27/100|[from] Stealth Rock
|move|p1a: Kartana|Knock Off|p2a: U COULD TËLL
|-damage|p2a: U COULD TËLL|0 fnt
|-enditem|p2a: U COULD TËLL|Leftovers|[from] move: Knock Off|[of] p1a: Kartana
|faint|p2a: U COULD TËLL
|-ability|p1a: Kartana|Beast Boost|boost
|-boost|p1a: Kartana|spe|1
|-damage|p1a: Kartana|7/100 brn|[from] item: Life Orb
|
|-damage|p1a: Kartana|1/100 brn|[from] brn
|upkeep
|
|t:|1655550720
|switch|p2a: SMOOKTOBËR|Rotom-Wash|27/100
|-damage|p2a: SMOOKTOBËR|15/100|[from] Stealth Rock
|turn|15
|
|t:|1655550729
|switch|p1a: Swampert|Swampert, M, shiny|72/100 tox
|-damage|p1a: Swampert|65/100 tox|[from] Stealth Rock
|move|p2a: SMOOKTOBËR|Volt Switch|p1a: Swampert
|-immune|p1a: Swampert
|
|-heal|p1a: Swampert|72/100 tox|[from] item: Leftovers
|-damage|p1a: Swampert|65/100 tox|[from] psn
|upkeep
|turn|16
|
|t:|1655550731
|move|p2a: SMOOKTOBËR|Hydro Pump|p1a: Swampert
|-damage|p1a: Swampert|38/100 tox
|move|p1a: Swampert|Flip Turn|p2a: SMOOKTOBËR
|-resisted|p2a: SMOOKTOBËR
|-crit|p2a: SMOOKTOBËR
|-damage|p2a: SMOOKTOBËR|0 fnt
|-damage|p1a: Swampert|21/100 tox|[from] item: Rocky Helmet|[of] p2a: SMOOKTOBËR
|faint|p2a: SMOOKTOBËR
|
|t:|1655550732
|switch|p1a: Ninetales|Ninetales-Alola, M|100/100|[from]move: Flip Turn
|-damage|p1a: Ninetales|76/100|[from] Stealth Rock
|-weather|Hail|[from] ability: Snow Warning|[of] p1a: Ninetales
|
|-weather|Hail|[upkeep]
|-fieldend|move: Psychic Terrain
|upkeep
|
|t:|1655550736
|switch|p2a: GEEK HIGH|Weavile, F|62/100
|-ability|p2a: GEEK HIGH|Pressure
|turn|17
|
|t:|1655550738
|move|p1a: Ninetales|Moonblast|p2a: GEEK HIGH
|-supereffective|p2a: GEEK HIGH
|-crit|p2a: GEEK HIGH
|-damage|p2a: GEEK HIGH|0 fnt
|faint|p2a: GEEK HIGH
|
|-weather|Hail|[upkeep]
|upkeep
|-message|tanishq1 forfeited.
|
|win|MonaLise
|raw|MonaLise's rating: 1661 &rarr; <strong>1678</strong><br />(+17 for winning)
|raw|tanishq1's rating: 1617 &rarr; <strong>1600</strong><br />(-17 for losing)
|l|☆tanishq1
