|j|☆Shiox
|j|☆beastyj157
|inactive|Battle timer is ON: inactive players will automatically lose when time's up.
|t:|1639877774
|gametype|singles
|player|p1|Shiox|will-gen2|
|player|p2|beastyj157|veteran|
|teamsize|p1|6
|teamsize|p2|6
|gen|8
|tier|[Gen 8] OU
|rated|Tournament battle
|rule|Sleep Clause Mod: Limit one foe put to sleep
|rule|Species Clause: Limit one of each Pokémon
|rule|OHKO Clause: OHKO moves are banned
|rule|Evasion Moves Clause: Evasion moves are banned
|rule|Endless Battle Clause: Forcing endless battles is banned
|rule|HP Percentage Mod: HP is shown in percentages
|rule|Dynamax Clause: You cannot dynamax
|clearpoke
|poke|p1|Lucario, M|
|poke|p1|Lunala|
|poke|p1|Liepard, F|
|poke|p1|Landorus, M|
|poke|p1|Linoone, M|
|poke|p1|Lycanroc, F|
|poke|p2|Linoone, M|
|poke|p2|Latios, M|
|poke|p2|Landorus, M|
|poke|p2|Lunala|
|poke|p2|Lugia|
|poke|p2|Lilligant, F|
|teampreview
|inactive|beastyj157 also wants the timer to be on.
|j| M1chael82
|j| SaberSeven
|j|@georgiethefirst
|inactive|Shiox has 120 seconds left.
|j| The1coast
|j| Milotic scales
|inactive|Shiox has 90 seconds left.
|j| iniub
|c|☆beastyj157|hf
|c|☆Shiox|u2
|inactive|Shiox has 60 seconds left.
|c|☆beastyj157|opps
|
|t:|1639877876
|start
|switch|p1a: Lunala|Lunala|100/100
|switch|p2a: Lilligant|Lilligant, F|100/100
|turn|1
|j| uiop_ladder1x
|
|t:|1639877892
|move|p1a: Lunala|Substitute|p1a: Lunala
|-start|p1a: Lunala|Substitute
|-damage|p1a: Lunala|76/100
|move|p2a: Lilligant|Sleep Powder||[still]
|-fail|p2a: Lilligant
|
|-heal|p1a: Lunala|82/100|[from] item: Leftovers
|upkeep
|turn|2
|c| uiop_ladder1x|noooOOO
|c|☆beastyj157|dang
|j| Ninetales Dragons
|c| uiop_ladder1x|cring!!@
|
|t:|1639877910
|move|p1a: Lunala|Calm Mind|p1a: Lunala
|-boost|p1a: Lunala|spa|1
|-boost|p1a: Lunala|spd|1
|move|p2a: Lilligant|Pollen Puff|p1a: Lunala
|-activate|p1a: Lunala|move: Substitute|[damage]
|-damage|p2a: Lilligant|91/100|[from] item: Life Orb
|
|-heal|p1a: Lunala|88/100|[from] item: Leftovers
|upkeep
|turn|3
|c|☆beastyj157|well
|c|☆beastyj157|thats a wrap ig
|inactive|Shiox has 120 seconds left.
|j|%htcl
|
|t:|1639877931
|move|p1a: Lunala|Calm Mind|p1a: Lunala
|-boost|p1a: Lunala|spa|1
|-boost|p1a: Lunala|spd|1
|move|p2a: Lilligant|Pollen Puff|p1a: Lunala
|-end|p1a: Lunala|Substitute
|-damage|p2a: Lilligant|81/100|[from] item: Life Orb
|
|-heal|p1a: Lunala|94/100|[from] item: Leftovers
|upkeep
|turn|4
|
|t:|1639877934
|switch|p2a: Landorus|Landorus, M|100/100
|move|p1a: Lunala|Substitute|p1a: Lunala
|-start|p1a: Lunala|Substitute
|-damage|p1a: Lunala|69/100
|
|-heal|p1a: Lunala|75/100|[from] item: Leftovers
|upkeep
|turn|5
|inactive|Shiox has 120 seconds left.
|
|t:|1639877950
|move|p2a: Landorus|Knock Off|p1a: Lunala
|-supereffective|p1a: Lunala
|-end|p1a: Lunala|Substitute
|-damage|p2a: Landorus|91/100|[from] item: Life Orb
|move|p1a: Lunala|Moongeist Beam|p2a: Landorus
|-damage|p2a: Landorus|0 fnt
|faint|p2a: Landorus
|
|-heal|p1a: Lunala|81/100|[from] item: Leftovers
|upkeep
|j| Ace Zuxx
|
|t:|1639877960
|switch|p2a: Lilligant|Lilligant, F|81/100
|turn|6
|c| uiop_ladder1x|among us.
|
|t:|1639877963
|move|p1a: Lunala|Substitute|p1a: Lunala
|-start|p1a: Lunala|Substitute
|-damage|p1a: Lunala|56/100
|move|p2a: Lilligant|Quiver Dance|p2a: Lilligant
|-boost|p2a: Lilligant|spa|1
|-boost|p2a: Lilligant|spd|1
|-boost|p2a: Lilligant|spe|1
|
|-heal|p1a: Lunala|62/100|[from] item: Leftovers
|upkeep
|turn|7
|c|☆beastyj157|why didnt i just dance
|
|t:|1639877966
|move|p2a: Lilligant|Quiver Dance|p2a: Lilligant
|-boost|p2a: Lilligant|spa|1
|-boost|p2a: Lilligant|spd|1
|-boost|p2a: Lilligant|spe|1
|move|p1a: Lunala|Moongeist Beam|p2a: Lilligant
|-damage|p2a: Lilligant|0 fnt
|faint|p2a: Lilligant
|
|-heal|p1a: Lunala|68/100|[from] item: Leftovers
|upkeep
|c|☆beastyj157|well
|c| uiop_ladder1x|borked uber
|
|t:|1639877985
|switch|p2a: Lunala|Lunala|100/100
|turn|8
|c|☆beastyj157|im finshed
|
|t:|1639877997
|move|p2a: Lunala|Moongeist Beam|p1a: Lunala
|-supereffective|p1a: Lunala
|-end|p1a: Lunala|Substitute
|move|p1a: Lunala|Moongeist Beam|p2a: Lunala
|-supereffective|p2a: Lunala
|-damage|p2a: Lunala|0 fnt
|faint|p2a: Lunala
|
|-heal|p1a: Lunala|74/100|[from] item: Leftovers
|upkeep
|
|t:|1639878002
|switch|p2a: Lugia|Lugia|100/100
|turn|9
|
|t:|1639878004
|move|p1a: Lunala|Moongeist Beam|p2a: Lugia
|-supereffective|p2a: Lugia
|-damage|p2a: Lugia|0 fnt
|faint|p2a: Lugia
|
|-heal|p1a: Lunala|80/100|[from] item: Leftovers
|upkeep
|
|t:|1639878011
|switch|p2a: Latios|Latios, M|100/100
|turn|10
|
|t:|1639878013
|move|p2a: Latios|Shadow Ball|p1a: Lunala
|-supereffective|p1a: Lunala
|-damage|p1a: Lunala|13/100
|move|p1a: Lunala|Moongeist Beam|p2a: Latios
|-supereffective|p2a: Latios
|-crit|p2a: Latios
|-damage|p2a: Latios|0 fnt
|faint|p2a: Latios
|
|-heal|p1a: Lunala|19/100|[from] item: Leftovers
|upkeep
|
|t:|1639878019
|switch|p2a: Linoone|Linoone, M|100/100
|turn|11
|
|t:|1639878024
|move|p1a: Lunala|Moonblast|p2a: Linoone
|-damage|p2a: Linoone|0 fnt
|faint|p2a: Linoone
|
|win|Shiox
|n|☆Shiox|shiox
|n|☆beastyj157|beastyj157
|n| M1chael82|m1chael82
|n| SaberSeven|saberseven
|n| georgiethefirst|georgiethefirst
|n| The1coast|the1coast
|n| Milotic scales|miloticscales
|n| iniub|iniub
|n| uiop_ladder1x|uiopladder1x
|n| Ninetales Dragons|ninetalesdragons
|n| htcl|htcl
|n| Ace Zuxx|acezuxx
|l| georgiethefirst
|c|☆Shiox|gg
|c|☆beastyj157|gg
|l|☆beastyj157
|l| SaberSeven
|j| Cinnmma ♫ ♫
|l| Cinnmma ♫ ♫
|l| htcl
|l| iniub
|l| M1chael82
|l| Milotic scales
|l| Ninetales Dragons
|l| The1coast
|l| uiop_ladder1x
|l| Ace Zuxx
|j| SaberSeven
