|raw|<div class="broadcast-blue"><strong>This battle is required to be public due to a player having a name starting with 'lt93oq'.</div>
|j|☆lt93oq gray
|j|‽antarctozolt
|t:|1660645379
|gametype|singles
|player|p1|lt93oq gray|#wcop2021ussouth|1738
|player|p2|antarctozolt|skier|1945
|teamsize|p1|6
|teamsize|p2|6
|gen|8
|tier|[Gen 8] OU
|rated|
|rule|Sleep Clause Mod: Limit one foe put to sleep
|rule|Species Clause: Limit one of each Pokémon
|rule|OHKO Clause: OHKO moves are banned
|rule|Evasion Items Clause: Evasion items are banned
|rule|Evasion Moves Clause: Evasion moves are banned
|rule|Endless Battle Clause: Forcing endless battles is banned
|rule|HP Percentage Mod: HP is shown in percentages
|rule|Dynamax Clause: You cannot dynamax
|clearpoke
|poke|p1|Buzzwole|
|poke|p1|Landorus-Therian, M|
|poke|p1|Magnezone|
|poke|p1|Tyranitar, M|
|poke|p1|Tapu Lele|
|poke|p1|Toxapex, F|
|poke|p2|Kartana|
|poke|p2|Toxtricity, M|
|poke|p2|Celesteela|
|poke|p2|Dragapult, F|
|poke|p2|Mew|
|poke|p2|Zeraora|
|teampreview
|j| midnight_IO
|j| The art of
|
|t:|1660645416
|start
|switch|p1a: Tyranitar|Tyranitar, M|100/100
|switch|p2a: Mew|Mew|100/100
|-weather|Sandstorm|[from] ability: Sand Stream|[of] p1a: Tyranitar
|turn|1
|
|t:|1660645421
|switch|p1a: Buzzwole|Buzzwole|100/100
|move|p2a: Mew|Thunder Wave|p1a: Buzzwole
|-status|p1a: Buzzwole|par
|
|-weather|Sandstorm|[upkeep]
|-damage|p2a: Mew|94/100|[from] Sandstorm
|-damage|p1a: Buzzwole|94/100 par|[from] Sandstorm
|upkeep
|turn|2
|j| anique
|
|t:|1660645426
|move|p2a: Mew|Stealth Rock|p1a: Buzzwole
|-sidestart|p1: lt93oq gray|move: Stealth Rock
|move|p1a: Buzzwole|Leech Life|p2a: Mew
|-supereffective|p2a: Mew
|-damage|p2a: Mew|23/100
|-heal|p1a: Buzzwole|100/100 par|[from] drain|[of] p2a: Mew
|
|-weather|Sandstorm|[upkeep]
|-damage|p2a: Mew|16/100|[from] Sandstorm
|-damage|p1a: Buzzwole|94/100 par|[from] Sandstorm
|upkeep
|turn|3
|
|t:|1660645430
|move|p2a: Mew|Spikes|p1a: Buzzwole
|-sidestart|p1: lt93oq gray|Spikes
|move|p1a: Buzzwole|Leech Life|p2a: Mew
|-supereffective|p2a: Mew
|-damage|p2a: Mew|0 fnt
|-heal|p1a: Buzzwole|100/100 par|[from] drain|[of] p2a: Mew
|faint|p2a: Mew
|-ability|p1a: Buzzwole|Beast Boost|boost
|-boost|p1a: Buzzwole|atk|1
|
|-weather|Sandstorm|[upkeep]
|-damage|p1a: Buzzwole|94/100 par|[from] Sandstorm
|upkeep
|
|t:|1660645436
|switch|p2a: Toxtricity|Toxtricity, M|100/100
|turn|4
|
|t:|1660645439
|move|p2a: Toxtricity|Boomburst|p1a: Buzzwole
|-damage|p1a: Buzzwole|0 fnt
|faint|p1a: Buzzwole
|-damage|p2a: Toxtricity|91/100|[from] item: Life Orb
|
|-weather|Sandstorm|[upkeep]
|-damage|p2a: Toxtricity|84/100|[from] Sandstorm
|upkeep
|
|t:|1660645444
|switch|p1a: Tapu Lele|Tapu Lele, shiny|100/100
|-damage|p1a: Tapu Lele|88/100|[from] Stealth Rock
|-damage|p1a: Tapu Lele|76/100|[from] Spikes
|-fieldstart|move: Psychic Terrain|[from] ability: Psychic Surge|[of] p1a: Tapu Lele
|turn|5
|
|t:|1660645452
|switch|p2a: Celesteela|Celesteela|100/100
|move|p1a: Tapu Lele|Psychic|p2a: Celesteela
|-resisted|p2a: Celesteela
|-damage|p2a: Celesteela|49/100
|
|-weather|none
|upkeep
|turn|6
|
|t:|1660645456
|move|p1a: Tapu Lele|Psychic|p2a: Celesteela
|-resisted|p2a: Celesteela
|-damage|p2a: Celesteela|0 fnt
|faint|p2a: Celesteela
|
|upkeep
|
|t:|1660645459
|switch|p2a: Dragapult|Dragapult, F|100/100
|turn|7
|
|t:|1660645463
|move|p2a: Dragapult|Shadow Ball|p1a: Tapu Lele
|-supereffective|p1a: Tapu Lele
|-damage|p1a: Tapu Lele|0 fnt
|faint|p1a: Tapu Lele
|
|upkeep
|
|t:|1660645467
|switch|p1a: Tyranitar|Tyranitar, M|100/100
|-damage|p1a: Tyranitar|88/100|[from] Stealth Rock
|-damage|p1a: Tyranitar|76/100|[from] Spikes
|-weather|Sandstorm|[from] ability: Sand Stream|[of] p1a: Tyranitar
|turn|8
|
|t:|1660645469
|switch|p2a: Toxtricity|Toxtricity, M|84/100
|move|p1a: Tyranitar|Earthquake|p2a: Toxtricity
|-supereffective|p2a: Toxtricity
|-damage|p2a: Toxtricity|0 fnt
|faint|p2a: Toxtricity
|
|-weather|Sandstorm|[upkeep]
|-heal|p1a: Tyranitar|82/100|[from] item: Leftovers
|upkeep
|
|t:|1660645474
|switch|p2a: Kartana|Kartana|100/100
|turn|9
|
|t:|1660645479
|move|p2a: Kartana|Knock Off|p1a: Tyranitar
|-resisted|p1a: Tyranitar
|-damage|p1a: Tyranitar|64/100
|-enditem|p1a: Tyranitar|Leftovers|[from] move: Knock Off|[of] p2a: Kartana
|move|p1a: Tyranitar|Thunder Wave|p2a: Kartana
|-status|p2a: Kartana|par
|
|-weather|Sandstorm|[upkeep]
|-fieldend|move: Psychic Terrain
|upkeep
|turn|10
|j| Rhymeee
|
|t:|1660645486
|switch|p2a: Dragapult|Dragapult, F|100/100
|switch|p1a: Toxapex|Toxapex, F|100/100
|-damage|p1a: Toxapex|88/100|[from] Stealth Rock
|-damage|p1a: Toxapex|75/100|[from] Spikes
|
|-weather|Sandstorm|[upkeep]
|-damage|p2a: Dragapult|95/100|[from] Sandstorm
|-damage|p1a: Toxapex|69/100|[from] Sandstorm
|upkeep
|turn|11
|j| 4funaccount
|
|t:|1660645489
|move|p2a: Dragapult|Draco Meteor|p1a: Toxapex
|-damage|p1a: Toxapex|2/100
|-unboost|p2a: Dragapult|spa|2
|move|p1a: Toxapex|Recover|p1a: Toxapex
|-heal|p1a: Toxapex|52/100
|
|-weather|Sandstorm|[upkeep]
|-damage|p2a: Dragapult|89/100|[from] Sandstorm
|-damage|p1a: Toxapex|46/100|[from] Sandstorm
|upkeep
|turn|12
|j| Mimikyu Stardust
|
|t:|1660645493
|switch|p2a: Zeraora|Zeraora|100/100
|move|p1a: Toxapex|Recover|p1a: Toxapex
|-heal|p1a: Toxapex|96/100
|
|-weather|none
|upkeep
|turn|13
|
|t:|1660645497
|move|p2a: Zeraora|Knock Off|p1a: Toxapex
|-damage|p1a: Toxapex|79/100
|-damage|p2a: Zeraora|84/100|[from] item: Rocky Helmet|[of] p1a: Toxapex
|-enditem|p1a: Toxapex|Rocky Helmet|[from] move: Knock Off|[of] p2a: Zeraora
|move|p1a: Toxapex|Toxic|p2a: Zeraora
|-status|p2a: Zeraora|tox
|
|-damage|p2a: Zeraora|78/100 tox|[from] psn
|upkeep
|turn|14
|
|t:|1660645501
|move|p2a: Zeraora|Plasma Fists|p1a: Toxapex
|-supereffective|p1a: Toxapex
|-crit|p1a: Toxapex
|-damage|p1a: Toxapex|0 fnt
|-fieldactivate|move: Ion Deluge
|-hint|Normal-type moves become Electric-type after using Plasma Fists.
|faint|p1a: Toxapex
|
|-damage|p2a: Zeraora|66/100 tox|[from] psn
|upkeep
|
|t:|1660645503
|switch|p1a: Landorus|Landorus-Therian, M|100/100
|-damage|p1a: Landorus|88/100|[from] Stealth Rock
|-ability|p1a: Landorus|Intimidate|boost
|-unboost|p2a: Zeraora|atk|1
|-enditem|p2a: Zeraora|Eject Pack
|j| Bushido Black
|
|t:|1660645510
|switch|p2a: Dragapult|Dragapult, F|89/100
|turn|15
|
|t:|1660645513
|move|p2a: Dragapult|Draco Meteor|p1a: Landorus|[miss]
|-miss|p2a: Dragapult|p1a: Landorus
|move|p1a: Landorus|Knock Off|p2a: Dragapult
|-supereffective|p2a: Dragapult
|-damage|p2a: Dragapult|5/100
|-enditem|p2a: Dragapult|Choice Specs|[from] move: Knock Off|[of] p1a: Landorus
|
|-heal|p1a: Landorus|94/100|[from] item: Leftovers
|upkeep
|turn|16
|
|t:|1660645516
|move|p2a: Dragapult|Draco Meteor|p1a: Landorus
|-damage|p1a: Landorus|52/100
|-unboost|p2a: Dragapult|spa|2
|move|p1a: Landorus|Defog|p2a: Dragapult
|-unboost|p2a: Dragapult|evasion|1
|-sideend|p1: lt93oq gray|Spikes|[from] move: Defog|[of] p1a: Landorus
|-sideend|p1: lt93oq gray|Stealth Rock|[from] move: Defog|[of] p1a: Landorus
|
|-heal|p1a: Landorus|58/100|[from] item: Leftovers
|upkeep
|turn|17
|j| 70to90gxe
|
|t:|1660645519
|switch|p1a: Tyranitar|Tyranitar, M|64/100
|-weather|Sandstorm|[from] ability: Sand Stream|[of] p1a: Tyranitar
|move|p2a: Dragapult|Draco Meteor|p1a: Tyranitar|[miss]
|-miss|p2a: Dragapult|p1a: Tyranitar
|
|-weather|Sandstorm|[upkeep]
|-damage|p2a: Dragapult|0 fnt|[from] Sandstorm
|faint|p2a: Dragapult
|upkeep
|
|t:|1660645521
|switch|p2a: Zeraora|Zeraora|66/100 tox
|turn|18
|
|t:|1660645524
|move|p2a: Zeraora|Knock Off|p1a: Tyranitar
|-resisted|p1a: Tyranitar
|-damage|p1a: Tyranitar|56/100
|move|p1a: Tyranitar|Earthquake|p2a: Zeraora
|-supereffective|p2a: Zeraora
|-damage|p2a: Zeraora|0 fnt
|faint|p2a: Zeraora
|
|-weather|Sandstorm|[upkeep]
|upkeep
|
|t:|1660645526
|switch|p2a: Kartana|Kartana|100/100 par
|turn|19
|
|t:|1660645535
|switch|p1a: Landorus|Landorus-Therian, M|58/100
|-ability|p1a: Landorus|Intimidate|boost
|-unboost|p2a: Kartana|atk|1
|cant|p2a: Kartana|par
|
|-weather|Sandstorm|[upkeep]
|-heal|p1a: Landorus|64/100|[from] item: Leftovers
|upkeep
|turn|20
|-message|antarctozolt forfeited.
|
|win|lt93oq gray
|raw|lt93oq gray's rating: 1738 &rarr; <strong>1769</strong><br />(+31 for winning)
|raw|antarctozolt's rating: 1945 &rarr; <strong>1914</strong><br />(-31 for losing)
|l|‽antarctozolt
|l|☆lt93oq gray
|j| band lele
|j| infinitroll
|l| band lele
|l| infinitroll
|l| Mimikyu Stardust
|j| AlIoutdragadarts
|l| AlIoutdragadarts
