|raw|<div class="broadcast-blue"><strong>This battle is required to be public due to a player having a name starting with 'lt91bb'.</div>
|j|☆LT91BB Raizen
|j|☆antarctozolt
|t:|1658936478
|gametype|singles
|player|p1|LT91BB Raizen|#raizen1704|1916
|player|p2|antarctozolt|skier|1930
|teamsize|p1|6
|teamsize|p2|6
|gen|8
|tier|[Gen 8] OU
|rated|
|rule|Sleep Clause Mod: Limit one foe put to sleep
|rule|Species Clause: Limit one of each Pokémon
|rule|OHKO Clause: OHKO moves are banned
|rule|Evasion Moves Clause: Evasion moves are banned
|rule|Endless Battle Clause: Forcing endless battles is banned
|rule|HP Percentage Mod: HP is shown in percentages
|rule|Dynamax Clause: You cannot dynamax
|clearpoke
|poke|p1|Dragapult, M|
|poke|p1|Zapdos|
|poke|p1|Urshifu-*, M|
|poke|p1|Tapu Lele|
|poke|p1|Landorus-Therian, M|
|poke|p1|Melmetal|
|poke|p2|Hippowdon, M|
|poke|p2|Zeraora|
|poke|p2|Xatu, M|
|poke|p2|Toxapex, F|
|poke|p2|Corviknight, M|
|poke|p2|Blissey, F|
|teampreview
|j| Immafoldulikepaper
|inactive|Battle timer is ON: inactive players will automatically lose when time's up. (requested by LT91BB Raizen)
|j| edrala
|j| Drapi123
|j| LT91BB rejeff
|j| tigers jaw
|
|t:|1658936505
|start
|switch|p1a: Urshifu|Urshifu-Rapid-Strike, M|100/100
|switch|p2a: Hippowdon|Hippowdon, M, shiny|100/100
|-weather|Sandstorm|[from] ability: Sand Stream|[of] p2a: Hippowdon
|turn|1
|j| LT91BB uomo bomba
|j| AndreThaGiiant
|
|t:|1658936510
|switch|p2a: Toxapex|Toxapex, F, shiny|100/100
|move|p1a: Urshifu|U-turn|p2a: Toxapex
|-resisted|p2a: Toxapex
|-damage|p2a: Toxapex|87/100
|j| Last Pock
|
|t:|1658936513
|switch|p1a: Tapu Lele|Tapu Lele, shiny|100/100|[from]move: U-turn
|-fieldstart|move: Psychic Terrain|[from] ability: Psychic Surge|[of] p1a: Tapu Lele
|
|-weather|Sandstorm|[upkeep]
|-damage|p1a: Tapu Lele|94/100|[from] Sandstorm
|-damage|p2a: Toxapex|81/100|[from] Sandstorm
|upkeep
|turn|2
|l| Last Pock
|
|t:|1658936516
|switch|p2a: Corviknight|Corviknight, M, shiny|100/100
|-ability|p2a: Corviknight|Pressure
|move|p1a: Tapu Lele|Future Sight|p2a: Corviknight
|-start|p1a: Tapu Lele|move: Future Sight
|
|-weather|Sandstorm|[upkeep]
|-damage|p1a: Tapu Lele|88/100|[from] Sandstorm
|upkeep
|turn|3
|
|t:|1658936518
|switch|p1a: Urshifu|Urshifu-Rapid-Strike, M|100/100
|move|p2a: Corviknight|Brave Bird|p1a: Urshifu
|-supereffective|p1a: Urshifu
|-damage|p1a: Urshifu|21/100
|-damage|p2a: Corviknight|78/100|[from] Recoil
|
|-weather|Sandstorm|[upkeep]
|-damage|p1a: Urshifu|15/100|[from] Sandstorm
|-heal|p2a: Corviknight|84/100|[from] item: Leftovers
|upkeep
|turn|4
|j| Welli0u
|j| Lost123456789
|j| LT91BB Tace
|j| Ernstbusch
|j| Zirpurze
|j| Gycycycycyc
|l| Drapi123
|j| LT91BB xray
|j|+berry
|
|t:|1658936527
|move|p1a: Urshifu|U-turn|p2a: Corviknight
|-resisted|p2a: Corviknight
|-damage|p2a: Corviknight|78/100
|j| Separation
|
|t:|1658936530
|switch|p1a: Dragapult|Dragapult, M, shiny|100/100|[from]move: U-turn
|move|p2a: Corviknight|Roost|p2a: Corviknight
|-heal|p2a: Corviknight|100/100
|-singleturn|p2a: Corviknight|move: Roost
|
|-weather|Sandstorm|[upkeep]
|-damage|p1a: Dragapult|94/100|[from] Sandstorm
|-end|p2a: Corviknight|move: Future Sight
|-resisted|p2a: Corviknight
|-damage|p2a: Corviknight|60/100
|-heal|p2a: Corviknight|66/100|[from] item: Leftovers
|upkeep
|turn|5
|
|t:|1658936532
|switch|p2a: Toxapex|Toxapex, F, shiny|100/100
|move|p1a: Dragapult|Flamethrower|p2a: Toxapex
|-resisted|p2a: Toxapex
|-damage|p2a: Toxapex|83/100
|-status|p2a: Toxapex|brn
|
|-weather|none
|-damage|p2a: Toxapex|77/100 brn|[from] brn
|-fieldend|move: Psychic Terrain
|upkeep
|turn|6
|l| Welli0u
|j| pais
|l| AndreThaGiiant
|c| Lost123456789|Ho is risin yay
|l| Immafoldulikepaper
|j| Chose Truc
|j| Welli0u
|j| The last dice game
|
|t:|1658936540
|switch|p1a: Landorus|Landorus-Therian, M, shiny|100/100
|-ability|p1a: Landorus|Intimidate|boost
|-unboost|p2a: Toxapex|atk|1
|move|p2a: Toxapex|Scald|p1a: Landorus
|-supereffective|p1a: Landorus
|-damage|p1a: Landorus|68/100
|-status|p1a: Landorus|brn
|
|-heal|p1a: Landorus|74/100 brn|[from] item: Leftovers
|-damage|p1a: Landorus|68/100 brn|[from] brn
|-damage|p2a: Toxapex|71/100 brn|[from] brn
|upkeep
|turn|7
|
|t:|1658936545
|switch|p2a: Xatu|Xatu, M, shiny|100/100
|move|p1a: Landorus|Stealth Rock|p2a: Xatu
|move|p2a: Xatu|Stealth Rock|p1a: Landorus|[from]ability: Magic Bounce
|-sidestart|p1: LT91BB Raizen|move: Stealth Rock
|
|-heal|p1a: Landorus|74/100 brn|[from] item: Leftovers
|-damage|p1a: Landorus|68/100 brn|[from] brn
|upkeep
|turn|8
|j| Master Origami♕
|
|t:|1658936549
|switch|p1a: Zapdos|Zapdos, shiny|100/100
|move|p2a: Xatu|Night Shade|p1a: Zapdos
|-damage|p1a: Zapdos|69/100
|
|upkeep
|turn|9
|
|t:|1658936552
|move|p1a: Zapdos|Defog|p2a: Xatu
|move|p2a: Xatu|Defog|p1a: Zapdos|[from]ability: Magic Bounce
|-unboost|p1a: Zapdos|evasion|1
|-sideend|p1: LT91BB Raizen|Stealth Rock|[from] move: Defog|[of] p2a: Xatu
|move|p2a: Xatu|Teleport|p2a: Xatu
|j| Drapi123
|l| pais
|
|t:|1658936553
|switch|p2a: Zeraora|Zeraora, shiny|100/100|[from]move: Teleport
|
|upkeep
|turn|10
|j| LT91BB ong
|
|t:|1658936557
|move|p2a: Zeraora|Knock Off|p1a: Zapdos
|-damage|p1a: Zapdos|30/100
|-enditem|p1a: Zapdos|Heavy-Duty Boots|[from] move: Knock Off|[of] p2a: Zeraora
|move|p1a: Zapdos|Heat Wave|p2a: Zeraora
|-damage|p2a: Zeraora|58/100
|
|-heal|p2a: Zeraora|64/100|[from] item: Leftovers
|upkeep
|turn|11
|l| Welli0u
|l| LT91BB Tace
|j| LT91BB Uxilon
|
|t:|1658936561
|move|p2a: Zeraora|Knock Off|p1a: Zapdos
|-damage|p1a: Zapdos|1/100
|move|p1a: Zapdos|Heat Wave|p2a: Zeraora
|-damage|p2a: Zeraora|20/100
|
|-heal|p2a: Zeraora|26/100|[from] item: Leftovers
|upkeep
|turn|12
|j| LT91BB Tace
|j| Skimmythegod
|j| Welli0u
|
|t:|1658936567
|move|p2a: Zeraora|Knock Off|p1a: Zapdos
|-damage|p1a: Zapdos|0 fnt
|faint|p1a: Zapdos
|
|-heal|p2a: Zeraora|32/100|[from] item: Leftovers
|upkeep
|j| picket wicket
|
|t:|1658936569
|switch|p1a: Tapu Lele|Tapu Lele, shiny|88/100
|-fieldstart|move: Psychic Terrain|[from] ability: Psychic Surge|[of] p1a: Tapu Lele
|turn|13
|l| LT91BB Tace
|j| OLT Farmer
|
|t:|1658936579
|switch|p1a: Melmetal|Melmetal, shiny|100/100
|switch|p2a: Corviknight|Corviknight, M, shiny|66/100
|-ability|p2a: Corviknight|Pressure
|
|-heal|p2a: Corviknight|72/100|[from] item: Leftovers
|upkeep
|turn|14
|l| Gycycycycyc
|
|t:|1658936584
|move|p2a: Corviknight|U-turn|p1a: Melmetal
|-resisted|p1a: Melmetal
|-damage|p1a: Melmetal|96/100
|
|t:|1658936585
|switch|p2a: Hippowdon|Hippowdon, M, shiny|100/100|[from]move: U-turn
|-weather|Sandstorm|[from] ability: Sand Stream|[of] p2a: Hippowdon
|move|p1a: Melmetal|Earthquake|p2a: Hippowdon
|-damage|p2a: Hippowdon|79/100
|
|-weather|Sandstorm|[upkeep]
|-heal|p2a: Hippowdon|85/100|[from] item: Leftovers
|-heal|p1a: Melmetal|100/100|[from] item: Leftovers
|upkeep
|turn|15
|
|t:|1658936588
|move|p2a: Hippowdon|Stealth Rock|p1a: Melmetal
|-sidestart|p1: LT91BB Raizen|move: Stealth Rock
|move|p1a: Melmetal|Toxic|p2a: Hippowdon
|-status|p2a: Hippowdon|tox
|
|-weather|Sandstorm|[upkeep]
|-heal|p2a: Hippowdon|92/100 tox|[from] item: Leftovers
|-damage|p2a: Hippowdon|85/100 tox|[from] psn
|upkeep
|turn|16
|j| MPEKAS
|
|t:|1658936591
|switch|p2a: Corviknight|Corviknight, M, shiny|72/100
|-ability|p2a: Corviknight|Pressure
|move|p1a: Melmetal|Double Iron Bash|p2a: Corviknight
|-resisted|p2a: Corviknight
|-damage|p2a: Corviknight|57/100
|-resisted|p2a: Corviknight
|-damage|p2a: Corviknight|43/100
|-hitcount|p2a: Corviknight|2
|
|-weather|Sandstorm|[upkeep]
|-heal|p2a: Corviknight|49/100|[from] item: Leftovers
|upkeep
|turn|17
|j| Scizox
|
|t:|1658936594
|move|p2a: Corviknight|Roost|p2a: Corviknight
|-heal|p2a: Corviknight|99/100
|-singleturn|p2a: Corviknight|move: Roost
|move|p1a: Melmetal|Earthquake|p2a: Corviknight
|-supereffective|p2a: Corviknight
|-damage|p2a: Corviknight|50/100
|
|-weather|Sandstorm|[upkeep]
|-heal|p2a: Corviknight|57/100|[from] item: Leftovers
|-fieldend|move: Psychic Terrain
|upkeep
|turn|18
|
|t:|1658936597
|switch|p1a: Dragapult|Dragapult, M, shiny|94/100
|-damage|p1a: Dragapult|82/100|[from] Stealth Rock
|move|p2a: Corviknight|Roost|p2a: Corviknight
|-heal|p2a: Corviknight|100/100
|-singleturn|p2a: Corviknight|move: Roost
|
|-weather|none
|upkeep
|turn|19
|l| Welli0u
|
|t:|1658936600
|switch|p2a: Toxapex|Toxapex, F, shiny|100/100 brn
|move|p1a: Dragapult|Flamethrower|p2a: Toxapex
|-resisted|p2a: Toxapex
|-damage|p2a: Toxapex|82/100 brn
|
|-damage|p2a: Toxapex|75/100 brn|[from] brn
|upkeep
|turn|20
|
|t:|1658936604
|switch|p1a: Landorus|Landorus-Therian, M, shiny|68/100 brn
|-damage|p1a: Landorus|55/100 brn|[from] Stealth Rock
|-ability|p1a: Landorus|Intimidate|boost
|-unboost|p2a: Toxapex|atk|1
|move|p2a: Toxapex|Scald|p1a: Landorus
|-supereffective|p1a: Landorus
|-damage|p1a: Landorus|25/100 brn
|
|-heal|p1a: Landorus|31/100 brn|[from] item: Leftovers
|-damage|p1a: Landorus|25/100 brn|[from] brn
|-damage|p2a: Toxapex|69/100 brn|[from] brn
|upkeep
|turn|21
|
|t:|1658936607
|switch|p2a: Xatu|Xatu, M, shiny|100/100
|move|p1a: Landorus|Stealth Rock|p2a: Xatu
|move|p2a: Xatu|Stealth Rock||[from]ability: Magic Bounce|[still]
|-fail|p2a: Xatu
|
|-heal|p1a: Landorus|31/100 brn|[from] item: Leftovers
|-damage|p1a: Landorus|25/100 brn|[from] brn
|upkeep
|turn|22
|
|t:|1658936611
|move|p1a: Landorus|U-turn|p2a: Xatu
|-damage|p2a: Xatu|85/100
|
|t:|1658936612
|switch|p1a: Melmetal|Melmetal, shiny|100/100|[from]move: U-turn
|-damage|p1a: Melmetal|94/100|[from] Stealth Rock
|move|p2a: Xatu|Night Shade|p1a: Melmetal
|-damage|p1a: Melmetal|70/100
|
|-heal|p2a: Xatu|91/100|[from] item: Leftovers
|-heal|p1a: Melmetal|76/100|[from] item: Leftovers
|upkeep
|turn|23
|j| Luthier
|
|t:|1658936615
|switch|p2a: Corviknight|Corviknight, M, shiny|100/100
|-ability|p2a: Corviknight|Pressure
|switch|p1a: Tapu Lele|Tapu Lele, shiny|88/100
|-damage|p1a: Tapu Lele|76/100|[from] Stealth Rock
|-fieldstart|move: Psychic Terrain|[from] ability: Psychic Surge|[of] p1a: Tapu Lele
|
|upkeep
|turn|24
|l| Lost123456789
|
|t:|1658936618
|move|p1a: Tapu Lele|Thunderbolt|p2a: Corviknight
|-supereffective|p2a: Corviknight
|-damage|p2a: Corviknight|42/100
|move|p2a: Corviknight|Roost|p2a: Corviknight
|-heal|p2a: Corviknight|92/100
|-singleturn|p2a: Corviknight|move: Roost
|
|-heal|p2a: Corviknight|99/100|[from] item: Leftovers
|upkeep
|turn|25
|
|t:|1658936629
|switch|p1a: Melmetal|Melmetal, shiny|76/100
|-damage|p1a: Melmetal|70/100|[from] Stealth Rock
|switch|p2a: Blissey|Blissey, F, shiny|100/100
|
|-heal|p1a: Melmetal|76/100|[from] item: Leftovers
|upkeep
|turn|26
|
|t:|1658936643
|switch|p2a: Corviknight|Corviknight, M, shiny|99/100
|-ability|p2a: Corviknight|Pressure
|switch|p1a: Dragapult|Dragapult, M, shiny|82/100
|-damage|p1a: Dragapult|70/100|[from] Stealth Rock
|
|-heal|p2a: Corviknight|100/100|[from] item: Leftovers
|upkeep
|turn|27
|l| Drapi123
|j| Drapi123
|
|t:|1658936648
|switch|p2a: Blissey|Blissey, F, shiny|100/100
|move|p1a: Dragapult|Shadow Ball|p2a: Blissey
|-immune|p2a: Blissey
|
|-fieldend|move: Psychic Terrain
|upkeep
|turn|28
|
|t:|1658936651
|switch|p1a: Melmetal|Melmetal, shiny|76/100
|-damage|p1a: Melmetal|70/100|[from] Stealth Rock
|move|p2a: Blissey|Aromatherapy|p2a: Blissey
|-activate|p2a: Blissey|move: Aromatherapy
|-curestatus|p2: Toxapex|brn|[msg]
|-curestatus|p2: Hippowdon|tox|[msg]
|
|-heal|p1a: Melmetal|76/100|[from] item: Leftovers
|upkeep
|turn|29
|l| Skimmythegod
|
|t:|1658936655
|switch|p2a: Corviknight|Corviknight, M, shiny|100/100
|-ability|p2a: Corviknight|Pressure
|move|p1a: Melmetal|Double Iron Bash|p2a: Corviknight
|-resisted|p2a: Corviknight
|-damage|p2a: Corviknight|86/100
|-resisted|p2a: Corviknight
|-damage|p2a: Corviknight|72/100
|-hitcount|p2a: Corviknight|2
|
|-heal|p2a: Corviknight|78/100|[from] item: Leftovers
|-heal|p1a: Melmetal|83/100|[from] item: Leftovers
|upkeep
|turn|30
|l| Scizox
|
|t:|1658936659
|move|p2a: Corviknight|Brave Bird|p1a: Melmetal
|-resisted|p1a: Melmetal
|-damage|p1a: Melmetal|71/100
|-damage|p2a: Corviknight|74/100|[from] Recoil
|move|p1a: Melmetal|Earthquake|p2a: Corviknight
|-immune|p2a: Corviknight
|
|-heal|p2a: Corviknight|81/100|[from] item: Leftovers
|-heal|p1a: Melmetal|77/100|[from] item: Leftovers
|upkeep
|turn|31
|l| Drapi123
|
|t:|1658936662
|move|p2a: Corviknight|Brave Bird|p1a: Melmetal
|-resisted|p1a: Melmetal
|-damage|p1a: Melmetal|66/100
|-damage|p2a: Corviknight|77/100|[from] Recoil
|move|p1a: Melmetal|Earthquake|p2a: Corviknight
|-immune|p2a: Corviknight
|
|-heal|p2a: Corviknight|83/100|[from] item: Leftovers
|-heal|p1a: Melmetal|72/100|[from] item: Leftovers
|upkeep
|turn|32
|j| LZZY__ARES
|c|☆LT91BB Raizen|gg
|-message|LT91BB Raizen forfeited.
|
|win|antarctozolt
|raw|LT91BB Raizen's rating: 1916 &rarr; <strong>1897</strong><br />(-19 for losing)
|raw|antarctozolt's rating: 1930 &rarr; <strong>1949</strong><br />(+19 for winning)
|c|☆antarctozolt|gg
|l|☆LT91BB Raizen
|l| LZZY__ARES
|l|+berry
|j| LT91BB Xellow
|j| LT91BB Mimi
|l| Luthier
|l| Zirpurze
|l| LT91BB Xellow
|j|+Meister Siegfried
|l|+Meister Siegfried
|l| tigers jaw
||Ladder isn't responding, score probably updated but might not have (Request timeout).
