|j|☆PedroGrug
|j|☆8thjim
|t:|1607805068
|player|p1|PedroGrug|lyra|1740
|player|p2|8thjim|silver|1715
|teamsize|p1|6
|teamsize|p2|6
|gametype|singles
|gen|8
|tier|[Gen 8] OU
|rated|
|clearpoke
|poke|p1|Tapu Lele|
|poke|p1|Ferrothorn, M|
|poke|p1|Mandibuzz, F|
|poke|p1|Toxapex, M|
|poke|p1|Cinderace, M|
|poke|p1|Landorus-Therian, M|
|poke|p2|Moltres-Galar|
|poke|p2|Dragonite, M|
|poke|p2|Excadrill, F|
|poke|p2|Toxtricity, M|
|poke|p2|Corviknight, M|
|poke|p2|Tapu Fini|
|rule|Sleep Clause Mod: Limit one foe put to sleep
|rule|Species Clause: Limit one of each Pokémon
|rule|OHKO Clause: OHKO moves are banned
|rule|Evasion Moves Clause: Evasion moves are banned
|rule|Endless Battle Clause: Forcing endless battles is banned
|rule|HP Percentage Mod: HP is shown in percentages
|rule|Dynamax Clause: You cannot dynamax
|teampreview
|j| skylink42
|inactive|Battle timer is ON: inactive players will automatically lose when time's up. (requested by PedroGrug)
|
|t:|1607805088
|start
|switch|p1a: Landorus|Landorus-Therian, M|100/100
|switch|p2a: Corviknight|Corviknight, M|100/100
|-ability|p1a: Landorus|Intimidate|boost
|-unboost|p2a: Corviknight|atk|1
|-ability|p2a: Corviknight|Pressure
|turn|1
|
|t:|1607805092
|move|p1a: Landorus|Knock Off|p2a: Corviknight
|-damage|p2a: Corviknight|70/100
|-enditem|p2a: Corviknight|Leftovers|[from] move: Knock Off|[of] p1a: Landorus
|move|p2a: Corviknight|Substitute|p2a: Corviknight
|-start|p2a: Corviknight|Substitute
|-damage|p2a: Corviknight|45/100
|
|upkeep
|turn|2
|
|t:|1607805101
|switch|p1a: Cinderace|Cinderace, M|100/100
|move|p2a: Corviknight|Roost|p2a: Corviknight
|-heal|p2a: Corviknight|95/100
|-singleturn|p2a: Corviknight|move: Roost
|
|upkeep
|turn|3
|
|t:|1607805106
|move|p1a: Cinderace|Pyro Ball|p2a: Corviknight
|-supereffective|p2a: Corviknight
|-end|p2a: Corviknight|Substitute
|move|p2a: Corviknight|Substitute|p2a: Corviknight
|-start|p2a: Corviknight|Substitute
|-damage|p2a: Corviknight|70/100
|
|upkeep
|turn|4
|
|t:|1607805112
|move|p1a: Cinderace|High Jump Kick|p2a: Corviknight|[miss]
|-start|p1a: Cinderace|typechange|Fighting|[from] ability: Libero
|-miss|p1a: Cinderace|p2a: Corviknight
|-damage|p1a: Cinderace|51/100|[from] highjumpkick
|move|p2a: Corviknight|Substitute|p2a: Corviknight
|-fail|p2a: Corviknight|move: Substitute
|
|upkeep
|turn|5
|
|t:|1607805115
|move|p1a: Cinderace|Pyro Ball|p2a: Corviknight
|-start|p1a: Cinderace|typechange|Fire|[from] ability: Libero
|-supereffective|p2a: Corviknight
|-end|p2a: Corviknight|Substitute
|move|p2a: Corviknight|Substitute|p2a: Corviknight
|-start|p2a: Corviknight|Substitute
|-damage|p2a: Corviknight|45/100
|
|upkeep
|turn|6
|
|t:|1607805123
|move|p1a: Cinderace|High Jump Kick|p2a: Corviknight
|-start|p1a: Cinderace|typechange|Fighting|[from] ability: Libero
|-end|p2a: Corviknight|Substitute
|move|p2a: Corviknight|Roost|p2a: Corviknight
|-heal|p2a: Corviknight|95/100
|-singleturn|p2a: Corviknight|move: Roost
|
|upkeep
|turn|7
|
|t:|1607805131
|switch|p2a: Dragonite|Dragonite, M, shiny|100/100
|move|p1a: Cinderace|Pyro Ball|p2a: Dragonite|[miss]
|-start|p1a: Cinderace|typechange|Fire|[from] ability: Libero
|-miss|p1a: Cinderace|p2a: Dragonite
|
|upkeep
|turn|8
|
|t:|1607805139
|switch|p1a: Landorus|Landorus-Therian, M|100/100
|-ability|p1a: Landorus|Intimidate|boost
|-unboost|p2a: Dragonite|atk|1
|move|p2a: Dragonite|Substitute|p2a: Dragonite
|-start|p2a: Dragonite|Substitute
|-damage|p2a: Dragonite|76/100
|
|upkeep
|turn|9
|
|t:|1607805145
|move|p1a: Landorus|Stone Edge|p2a: Dragonite
|-supereffective|p2a: Dragonite
|-end|p2a: Dragonite|Substitute
|move|p2a: Dragonite|Roost|p2a: Dragonite
|-heal|p2a: Dragonite|100/100
|-singleturn|p2a: Dragonite|move: Roost
|
|upkeep
|turn|10
|
|t:|1607805153
|move|p1a: Landorus|Stone Edge|p2a: Dragonite|[miss]
|-miss|p1a: Landorus|p2a: Dragonite
|move|p2a: Dragonite|Substitute|p2a: Dragonite
|-start|p2a: Dragonite|Substitute
|-damage|p2a: Dragonite|76/100
|
|upkeep
|turn|11
|
|t:|1607805158
|move|p1a: Landorus|Stone Edge|p2a: Dragonite
|-supereffective|p2a: Dragonite
|-crit|p2a: Dragonite
|-end|p2a: Dragonite|Substitute
|move|p2a: Dragonite|Dragon Dance|p2a: Dragonite
|-boost|p2a: Dragonite|atk|1
|-boost|p2a: Dragonite|spe|1
|
|upkeep
|turn|12
|
|t:|1607805163
|move|p1a: Landorus|Stone Edge|p2a: Dragonite
|-supereffective|p2a: Dragonite
|-damage|p2a: Dragonite|8/100
|move|p2a: Dragonite|Dragon Dance|p2a: Dragonite
|-boost|p2a: Dragonite|atk|1
|-boost|p2a: Dragonite|spe|1
|
|upkeep
|turn|13
|
|t:|1607805169
|move|p2a: Dragonite|Roost|p2a: Dragonite
|-heal|p2a: Dragonite|58/100
|-singleturn|p2a: Dragonite|move: Roost
|move|p1a: Landorus|Stone Edge|p2a: Dragonite
|-damage|p2a: Dragonite|27/100
|
|upkeep
|turn|14
|
|t:|1607805177
|switch|p1a: Ferrothorn|Ferrothorn, M|100/100
|move|p2a: Dragonite|Roost|p2a: Dragonite
|-heal|p2a: Dragonite|77/100
|-singleturn|p2a: Dragonite|move: Roost
|
|upkeep
|turn|15
|
|t:|1607805181
|move|p2a: Dragonite|Substitute|p2a: Dragonite
|-start|p2a: Dragonite|Substitute
|-damage|p2a: Dragonite|52/100
|move|p1a: Ferrothorn|Stealth Rock|p2a: Dragonite
|-sidestart|p2: 8thjim|move: Stealth Rock
|
|upkeep
|turn|16
|
|t:|1607805183
|move|p2a: Dragonite|Roost|p2a: Dragonite
|-heal|p2a: Dragonite|100/100
|-singleturn|p2a: Dragonite|move: Roost
|move|p1a: Ferrothorn|Gyro Ball|p2a: Dragonite
|-activate|p2a: Dragonite|move: Substitute|[damage]
|
|upkeep
|turn|17
|
|t:|1607805192
|move|p2a: Dragonite|Dragon Dance|p2a: Dragonite
|-boost|p2a: Dragonite|atk|1
|-boost|p2a: Dragonite|spe|1
|move|p1a: Ferrothorn|Gyro Ball|p2a: Dragonite
|-end|p2a: Dragonite|Substitute
|
|upkeep
|turn|18
|
|t:|1607805195
|move|p2a: Dragonite|Substitute|p2a: Dragonite
|-start|p2a: Dragonite|Substitute
|-damage|p2a: Dragonite|76/100
|move|p1a: Ferrothorn|Gyro Ball|p2a: Dragonite
|-crit|p2a: Dragonite
|-end|p2a: Dragonite|Substitute
|
|upkeep
|turn|19
|
|t:|1607805200
|move|p2a: Dragonite|Substitute|p2a: Dragonite
|-start|p2a: Dragonite|Substitute
|-damage|p2a: Dragonite|51/100
|move|p1a: Ferrothorn|Gyro Ball|p2a: Dragonite
|-end|p2a: Dragonite|Substitute
|
|upkeep
|turn|20
|
|t:|1607805205
|move|p2a: Dragonite|Roost|p2a: Dragonite
|-heal|p2a: Dragonite|100/100
|-singleturn|p2a: Dragonite|move: Roost
|move|p1a: Ferrothorn|Gyro Ball|p2a: Dragonite
|-damage|p2a: Dragonite|81/100
|
|upkeep
|turn|21
|
|t:|1607805212
|move|p2a: Dragonite|Substitute|p2a: Dragonite
|-start|p2a: Dragonite|Substitute
|-damage|p2a: Dragonite|56/100
|move|p1a: Ferrothorn|Gyro Ball|p2a: Dragonite
|-end|p2a: Dragonite|Substitute
|
|upkeep
|turn|22
|
|t:|1607805217
|move|p2a: Dragonite|Roost|p2a: Dragonite
|-heal|p2a: Dragonite|100/100
|-singleturn|p2a: Dragonite|move: Roost
|move|p1a: Ferrothorn|Leech Seed|p2a: Dragonite
|-start|p2a: Dragonite|move: Leech Seed
|
|-damage|p2a: Dragonite|88/100|[from] Leech Seed|[of] p1a: Ferrothorn
|upkeep
|turn|23
|
|t:|1607805225
|move|p2a: Dragonite|Substitute|p2a: Dragonite
|-start|p2a: Dragonite|Substitute
|-damage|p2a: Dragonite|63/100
|move|p1a: Ferrothorn|Gyro Ball|p2a: Dragonite
|-end|p2a: Dragonite|Substitute
|
|-damage|p2a: Dragonite|51/100|[from] Leech Seed|[of] p1a: Ferrothorn
|upkeep
|turn|24
|
|t:|1607805232
|switch|p1a: Toxapex|Toxapex, M|100/100
|move|p2a: Dragonite|Roost|p2a: Dragonite
|-heal|p2a: Dragonite|100/100
|-singleturn|p2a: Dragonite|move: Roost
|
|-damage|p2a: Dragonite|88/100|[from] Leech Seed|[of] p1a: Toxapex
|upkeep
|turn|25
|
|t:|1607805240
|switch|p2a: Excadrill|Excadrill, F|100/100
|-damage|p2a: Excadrill|97/100|[from] Stealth Rock
|-ability|p2a: Excadrill|Mold Breaker
|move|p1a: Toxapex|Haze|p1a: Toxapex
|-clearallboost
|
|-heal|p2a: Excadrill|100/100|[from] item: Leftovers
|upkeep
|turn|26
|
|t:|1607805243
|move|p2a: Excadrill|Rapid Spin|p1a: Toxapex
|-damage|p1a: Toxapex|90/100
|-boost|p2a: Excadrill|spe|1
|-damage|p2a: Excadrill|84/100|[from] item: Rocky Helmet|[of] p1a: Toxapex
|-sideend|p2: 8thjim|Stealth Rock|[from] move: Rapid Spin|[of] p2a: Excadrill
|move|p1a: Toxapex|Scald|p2a: Excadrill
|-supereffective|p2a: Excadrill
|-damage|p2a: Excadrill|44/100
|
|-heal|p2a: Excadrill|50/100|[from] item: Leftovers
|upkeep
|turn|27
|
|t:|1607805253
|switch|p1a: Landorus|Landorus-Therian, M|100/100
|-ability|p1a: Landorus|Intimidate|boost
|-unboost|p2a: Excadrill|atk|1
|move|p2a: Excadrill|Earthquake|p1a: Landorus
|-immune|p1a: Landorus
|
|-heal|p2a: Excadrill|56/100|[from] item: Leftovers
|upkeep
|turn|28
|
|t:|1607805256
|move|p1a: Landorus|U-turn|p2a: Excadrill
|-resisted|p2a: Excadrill
|-damage|p2a: Excadrill|40/100
|
|t:|1607805259
|switch|p1a: Mandibuzz|Mandibuzz, F|100/100|[from]move: U-turn
|move|p2a: Excadrill|Stealth Rock|p1a: Mandibuzz
|-sidestart|p1: PedroGrug|move: Stealth Rock
|
|-heal|p2a: Excadrill|46/100|[from] item: Leftovers
|upkeep
|turn|29
|
|t:|1607805264
|switch|p2a: Toxtricity|Toxtricity, M|100/100
|move|p1a: Mandibuzz|Defog|p2a: Toxtricity
|-unboost|p2a: Toxtricity|evasion|1
|-sideend|p1: PedroGrug|Stealth Rock|[from] move: Defog|[of] p1a: Mandibuzz
|
|upkeep
|turn|30
|
|t:|1607805270
|move|p2a: Toxtricity|Boomburst|p1a: Mandibuzz
|-damage|p1a: Mandibuzz|45/100
|move|p1a: Mandibuzz|Foul Play|p2a: Toxtricity
|-damage|p2a: Toxtricity|64/100
|
|upkeep
|turn|31
|
|t:|1607805278
|switch|p2a: Dragonite|Dragonite, M, shiny|88/100
|switch|p1a: Ferrothorn|Ferrothorn, M|100/100
|
|upkeep
|turn|32
|
|t:|1607805284
|switch|p1a: Landorus|Landorus-Therian, M|100/100
|-ability|p1a: Landorus|Intimidate|boost
|-unboost|p2a: Dragonite|atk|1
|move|p2a: Dragonite|Substitute|p2a: Dragonite
|-start|p2a: Dragonite|Substitute
|-damage|p2a: Dragonite|63/100
|
|upkeep
|turn|33
|
|t:|1607805289
|move|p1a: Landorus|U-turn|p2a: Dragonite
|-resisted|p2a: Dragonite
|-activate|p2a: Dragonite|move: Substitute|[damage]
|
|t:|1607805291
|switch|p1a: Toxapex|Toxapex, M|100/100|[from]move: U-turn
|move|p2a: Dragonite|Roost|p2a: Dragonite
|-heal|p2a: Dragonite|100/100
|-singleturn|p2a: Dragonite|move: Roost
|
|upkeep
|turn|34
|
|t:|1607805293
|move|p2a: Dragonite|Dragon Dance|p2a: Dragonite
|-boost|p2a: Dragonite|atk|1
|-boost|p2a: Dragonite|spe|1
|move|p1a: Toxapex|Haze|p1a: Toxapex
|-clearallboost
|
|upkeep
|turn|35
|
|t:|1607805296
|move|p2a: Dragonite|Dragon Dance|p2a: Dragonite
|-boost|p2a: Dragonite|atk|1
|-boost|p2a: Dragonite|spe|1
|move|p1a: Toxapex|Toxic Spikes|p2a: Dragonite
|-sidestart|p2: 8thjim|move: Toxic Spikes
|
|upkeep
|turn|36
|
|t:|1607805299
|move|p2a: Dragonite|Dual Wingbeat|p1a: Toxapex
|-damage|p1a: Toxapex|83/100
|-damage|p2a: Dragonite|84/100|[from] item: Rocky Helmet|[of] p1a: Toxapex
|-damage|p1a: Toxapex|65/100
|-damage|p2a: Dragonite|67/100|[from] item: Rocky Helmet|[of] p1a: Toxapex
|-hitcount|p1a: Toxapex|2
|move|p1a: Toxapex|Haze|p1a: Toxapex
|-clearallboost
|
|upkeep
|turn|37
|
|t:|1607805304
|move|p2a: Dragonite|Dual Wingbeat|p1a: Toxapex
|-damage|p1a: Toxapex|52/100
|-damage|p2a: Dragonite|51/100|[from] item: Rocky Helmet|[of] p1a: Toxapex
|-damage|p1a: Toxapex|42/100
|-damage|p2a: Dragonite|34/100|[from] item: Rocky Helmet|[of] p1a: Toxapex
|-hitcount|p1a: Toxapex|2
|move|p1a: Toxapex|Toxic Spikes|p2a: Dragonite
|-sidestart|p2: 8thjim|move: Toxic Spikes
|
|upkeep
|turn|38
|
|t:|1607805306
|move|p2a: Dragonite|Roost|p2a: Dragonite
|-heal|p2a: Dragonite|84/100
|-singleturn|p2a: Dragonite|move: Roost
|move|p1a: Toxapex|Recover|p1a: Toxapex
|-heal|p1a: Toxapex|92/100
|
|upkeep
|turn|39
|
|t:|1607805310
|move|p2a: Dragonite|Roost|p2a: Dragonite
|-heal|p2a: Dragonite|100/100
|-singleturn|p2a: Dragonite|move: Roost
|move|p1a: Toxapex|Haze|p1a: Toxapex
|-clearallboost
|
|upkeep
|turn|40
|
|t:|1607805314
|move|p2a: Dragonite|Dragon Dance|p2a: Dragonite
|-boost|p2a: Dragonite|atk|1
|-boost|p2a: Dragonite|spe|1
|move|p1a: Toxapex|Scald|p2a: Dragonite
|-resisted|p2a: Dragonite
|-activate|p2a: Dragonite|move: Substitute|[damage]
|
|upkeep
|turn|41
|
|t:|1607805319
|move|p2a: Dragonite|Dragon Dance|p2a: Dragonite
|-boost|p2a: Dragonite|atk|1
|-boost|p2a: Dragonite|spe|1
|move|p1a: Toxapex|Haze|p1a: Toxapex
|-clearallboost
|
|upkeep
|turn|42
|
|t:|1607805324
|move|p2a: Dragonite|Dragon Dance|p2a: Dragonite
|-boost|p2a: Dragonite|atk|1
|-boost|p2a: Dragonite|spe|1
|move|p1a: Toxapex|Scald|p2a: Dragonite
|-resisted|p2a: Dragonite
|-activate|p2a: Dragonite|move: Substitute|[damage]
|
|upkeep
|turn|43
|
|t:|1607805327
|move|p2a: Dragonite|Dual Wingbeat|p1a: Toxapex
|-damage|p1a: Toxapex|75/100
|-damage|p2a: Dragonite|84/100|[from] item: Rocky Helmet|[of] p1a: Toxapex
|-damage|p1a: Toxapex|57/100
|-damage|p2a: Dragonite|67/100|[from] item: Rocky Helmet|[of] p1a: Toxapex
|-hitcount|p1a: Toxapex|2
|move|p1a: Toxapex|Haze|p1a: Toxapex
|-clearallboost
|
|upkeep
|turn|44
|
|t:|1607805331
|move|p2a: Dragonite|Dragon Dance|p2a: Dragonite
|-boost|p2a: Dragonite|atk|1
|-boost|p2a: Dragonite|spe|1
|move|p1a: Toxapex|Recover|p1a: Toxapex
|-heal|p1a: Toxapex|100/100
|
|upkeep
|turn|45
|
|t:|1607805333
|move|p2a: Dragonite|Dual Wingbeat|p1a: Toxapex
|-damage|p1a: Toxapex|82/100
|-damage|p2a: Dragonite|51/100|[from] item: Rocky Helmet|[of] p1a: Toxapex
|-damage|p1a: Toxapex|64/100
|-damage|p2a: Dragonite|34/100|[from] item: Rocky Helmet|[of] p1a: Toxapex
|-hitcount|p1a: Toxapex|2
|move|p1a: Toxapex|Scald|p2a: Dragonite
|-resisted|p2a: Dragonite
|-end|p2a: Dragonite|Substitute
|
|upkeep
|turn|46
|
|t:|1607805338
|move|p2a: Dragonite|Roost|p2a: Dragonite
|-heal|p2a: Dragonite|84/100
|-singleturn|p2a: Dragonite|move: Roost
|move|p1a: Toxapex|Scald|p2a: Dragonite
|-resisted|p2a: Dragonite
|-damage|p2a: Dragonite|77/100
|-status|p2a: Dragonite|brn
|
|-damage|p2a: Dragonite|71/100 brn|[from] brn
|upkeep
|turn|47
|
|t:|1607805343
|move|p2a: Dragonite|Roost|p2a: Dragonite
|-heal|p2a: Dragonite|100/100 brn
|-singleturn|p2a: Dragonite|move: Roost
|move|p1a: Toxapex|Haze|p1a: Toxapex
|-clearallboost
|
|-damage|p2a: Dragonite|94/100 brn|[from] brn
|upkeep
|turn|48
|
|t:|1607805347
|switch|p2a: Excadrill|Excadrill, F|46/100
|-ability|p2a: Excadrill|Mold Breaker
|switch|p1a: Mandibuzz|Mandibuzz, F|45/100
|
|-heal|p2a: Excadrill|52/100|[from] item: Leftovers
|upkeep
|turn|49
|
|t:|1607805352
|move|p2a: Excadrill|Rapid Spin|p1a: Mandibuzz
|-damage|p1a: Mandibuzz|35/100
|-boost|p2a: Excadrill|spe|1
|-sideend|p2: 8thjim|Toxic Spikes|[from] move: Rapid Spin|[of] p2a: Excadrill
|move|p1a: Mandibuzz|Foul Play|p2a: Excadrill
|-damage|p2a: Excadrill|1/100
|
|-heal|p2a: Excadrill|7/100|[from] item: Leftovers
|upkeep
|turn|50
|
|t:|1607805361
|switch|p1a: Ferrothorn|Ferrothorn, M|100/100
|move|p2a: Excadrill|Iron Head|p1a: Ferrothorn
|-resisted|p1a: Ferrothorn
|-damage|p1a: Ferrothorn|87/100
|-damage|p2a: Excadrill|0 fnt|[from] ability: Iron Barbs|[of] p1a: Ferrothorn
|faint|p2a: Excadrill
|
|-heal|p1a: Ferrothorn|93/100|[from] item: Leftovers
|upkeep
|
|t:|1607805365
|switch|p2a: Corviknight|Corviknight, M|95/100
|-ability|p2a: Corviknight|Pressure
|turn|51
|
|t:|1607805371
|move|p2a: Corviknight|Substitute|p2a: Corviknight
|-start|p2a: Corviknight|Substitute
|-damage|p2a: Corviknight|70/100
|move|p1a: Ferrothorn|Stealth Rock|p2a: Corviknight
|-sidestart|p2: 8thjim|move: Stealth Rock
|
|-heal|p1a: Ferrothorn|99/100|[from] item: Leftovers
|upkeep
|turn|52
|
|t:|1607805377
|switch|p1a: Toxapex|Toxapex, M|97/100
|move|p2a: Corviknight|Bulk Up|p2a: Corviknight
|-boost|p2a: Corviknight|atk|1
|-boost|p2a: Corviknight|def|1
|
|upkeep
|turn|53
|
|t:|1607805379
|move|p2a: Corviknight|Bulk Up|p2a: Corviknight
|-boost|p2a: Corviknight|atk|1
|-boost|p2a: Corviknight|def|1
|move|p1a: Toxapex|Haze|p1a: Toxapex
|-clearallboost
|
|upkeep
|turn|54
|
|t:|1607805382
|move|p2a: Corviknight|Roost|p2a: Corviknight
|-heal|p2a: Corviknight|100/100
|-singleturn|p2a: Corviknight|move: Roost
|move|p1a: Toxapex|Scald|p2a: Corviknight
|-activate|p2a: Corviknight|move: Substitute|[damage]
|
|upkeep
|turn|55
|
|t:|1607805384
|move|p2a: Corviknight|Bulk Up|p2a: Corviknight
|-boost|p2a: Corviknight|atk|1
|-boost|p2a: Corviknight|def|1
|move|p1a: Toxapex|Scald|p2a: Corviknight
|-crit|p2a: Corviknight
|-end|p2a: Corviknight|Substitute
|
|upkeep
|turn|56
|
|t:|1607805388
|move|p2a: Corviknight|Substitute|p2a: Corviknight
|-start|p2a: Corviknight|Substitute
|-damage|p2a: Corviknight|75/100
|move|p1a: Toxapex|Haze|p1a: Toxapex
|-clearallboost
|
|upkeep
|turn|57
|
|t:|1607805394
|move|p2a: Corviknight|Roost|p2a: Corviknight
|-heal|p2a: Corviknight|100/100
|-singleturn|p2a: Corviknight|move: Roost
|move|p1a: Toxapex|Toxic Spikes|p2a: Corviknight
|-sidestart|p2: 8thjim|move: Toxic Spikes
|
|upkeep
|turn|58
|l| skylink42
|
|t:|1607805400
|move|p2a: Corviknight|Bulk Up|p2a: Corviknight
|-boost|p2a: Corviknight|atk|1
|-boost|p2a: Corviknight|def|1
|move|p1a: Toxapex|Toxic Spikes|p2a: Corviknight
|-sidestart|p2: 8thjim|move: Toxic Spikes
|
|upkeep
|turn|59
|
|t:|1607805402
|move|p2a: Corviknight|Brave Bird|p1a: Toxapex
|-damage|p1a: Toxapex|59/100
|-damage|p2a: Corviknight|84/100|[from] item: Rocky Helmet|[of] p1a: Toxapex
|-damage|p2a: Corviknight|74/100|[from] Recoil
|move|p1a: Toxapex|Haze|p1a: Toxapex
|-clearallboost
|
|upkeep
|turn|60
|
|t:|1607805408
|switch|p1a: Mandibuzz|Mandibuzz, F|35/100
|move|p2a: Corviknight|Bulk Up|p2a: Corviknight
|-boost|p2a: Corviknight|atk|1
|-boost|p2a: Corviknight|def|1
|
|upkeep
|turn|61
|
|t:|1607805413
|move|p1a: Mandibuzz|Roost|p1a: Mandibuzz
|-heal|p1a: Mandibuzz|85/100
|-singleturn|p1a: Mandibuzz|move: Roost
|move|p2a: Corviknight|Brave Bird|p1a: Mandibuzz
|-damage|p1a: Mandibuzz|46/100
|-damage|p2a: Corviknight|61/100|[from] Recoil
|
|upkeep
|turn|62
|
|t:|1607805421
|move|p1a: Mandibuzz|Roost|p1a: Mandibuzz
|-heal|p1a: Mandibuzz|96/100
|-singleturn|p1a: Mandibuzz|move: Roost
|move|p2a: Corviknight|Roost|p2a: Corviknight
|-heal|p2a: Corviknight|100/100
|-singleturn|p2a: Corviknight|move: Roost
|
|upkeep
|turn|63
|j| Effect volume
|
|t:|1607805426
|switch|p1a: Toxapex|Toxapex, M|93/100
|move|p2a: Corviknight|Bulk Up|p2a: Corviknight
|-boost|p2a: Corviknight|atk|1
|-boost|p2a: Corviknight|def|1
|
|upkeep
|turn|64
|
|t:|1607805429
|move|p2a: Corviknight|Brave Bird|p1a: Toxapex
|-damage|p1a: Toxapex|41/100
|-damage|p2a: Corviknight|84/100|[from] item: Rocky Helmet|[of] p1a: Toxapex
|-damage|p2a: Corviknight|71/100|[from] Recoil
|move|p1a: Toxapex|Haze|p1a: Toxapex
|-clearallboost
|
|upkeep
|turn|65
|
|t:|1607805434
|move|p2a: Corviknight|Bulk Up|p2a: Corviknight
|-boost|p2a: Corviknight|atk|1
|-boost|p2a: Corviknight|def|1
|move|p1a: Toxapex|Recover|p1a: Toxapex
|-heal|p1a: Toxapex|91/100
|
|upkeep
|turn|66
|
|t:|1607805443
|move|p2a: Corviknight|Brave Bird|p1a: Toxapex
|-crit|p1a: Toxapex
|-damage|p1a: Toxapex|42/100
|-damage|p2a: Corviknight|55/100|[from] item: Rocky Helmet|[of] p1a: Toxapex
|-damage|p2a: Corviknight|42/100|[from] Recoil
|move|p1a: Toxapex|Haze|p1a: Toxapex
|-clearallboost
|
|upkeep
|turn|67
|
|t:|1607805448
|move|p2a: Corviknight|Roost|p2a: Corviknight
|-heal|p2a: Corviknight|92/100
|-singleturn|p2a: Corviknight|move: Roost
|move|p1a: Toxapex|Recover|p1a: Toxapex
|-heal|p1a: Toxapex|92/100
|
|upkeep
|turn|68
|
|t:|1607805451
|move|p2a: Corviknight|Bulk Up|p2a: Corviknight
|-boost|p2a: Corviknight|atk|1
|-boost|p2a: Corviknight|def|1
|move|p1a: Toxapex|Scald|p2a: Corviknight
|-activate|p2a: Corviknight|move: Substitute|[damage]
|
|upkeep
|turn|69
|
|t:|1607805457
|move|p2a: Corviknight|Bulk Up|p2a: Corviknight
|-boost|p2a: Corviknight|atk|1
|-boost|p2a: Corviknight|def|1
|move|p1a: Toxapex|Haze|p1a: Toxapex
|-clearallboost
|
|upkeep
|turn|70
|
|t:|1607805463
|move|p2a: Corviknight|Bulk Up|p2a: Corviknight
|-boost|p2a: Corviknight|atk|1
|-boost|p2a: Corviknight|def|1
|move|p1a: Toxapex|Scald|p2a: Corviknight
|-activate|p2a: Corviknight|move: Substitute|[damage]
|
|upkeep
|turn|71
|
|t:|1607805470
|switch|p2a: Toxtricity|Toxtricity, M|64/100
|-sideend|p2: 8thjim|move: Toxic Spikes|[of] p2a: Toxtricity
|-damage|p2a: Toxtricity|52/100|[from] Stealth Rock
|move|p1a: Toxapex|Haze|p1a: Toxapex
|-clearallboost
|
|upkeep
|turn|72
|j| thankNEXT
|
|t:|1607805479
|switch|p1a: Landorus|Landorus-Therian, M|100/100
|-ability|p1a: Landorus|Intimidate|boost
|-unboost|p2a: Toxtricity|atk|1
|move|p2a: Toxtricity|Boomburst|p1a: Landorus
|-damage|p1a: Landorus|0 fnt
|faint|p1a: Landorus
|
|upkeep
|
|t:|1607805483
|switch|p1a: Cinderace|Cinderace, M|51/100
|turn|73
|
|t:|1607805495
|switch|p2a: Tapu Fini|Tapu Fini|100/100
|-damage|p2a: Tapu Fini|88/100|[from] Stealth Rock
|-fieldstart|move: Misty Terrain|[from] ability: Misty Surge|[of] p2a: Tapu Fini
|move|p1a: Cinderace|Pyro Ball|p2a: Tapu Fini
|-resisted|p2a: Tapu Fini
|-damage|p2a: Tapu Fini|63/100
|
|-heal|p2a: Tapu Fini|69/100|[from] item: Leftovers
|upkeep
|turn|74
|
|t:|1607805501
|move|p1a: Cinderace|Gunk Shot|p2a: Tapu Fini
|-start|p1a: Cinderace|typechange|Poison|[from] ability: Libero
|-supereffective|p2a: Tapu Fini
|-damage|p2a: Tapu Fini|0 fnt
|faint|p2a: Tapu Fini
|
|upkeep
|
|t:|1607805512
|switch|p2a: Dragonite|Dragonite, M, shiny|94/100 brn
|turn|75
|j| OUTB 2012
|
|t:|1607805527
|move|p1a: Cinderace|U-turn|p2a: Dragonite
|-start|p1a: Cinderace|typechange|Bug|[from] ability: Libero
|-resisted|p2a: Dragonite
|-damage|p2a: Dragonite|80/100 brn
|l| OUTB 2012
|
|t:|1607805531
|switch|p1a: Mandibuzz|Mandibuzz, F|96/100|[from]move: U-turn
|move|p2a: Dragonite|Dragon Dance|p2a: Dragonite
|-boost|p2a: Dragonite|atk|1
|-boost|p2a: Dragonite|spe|1
|
|-damage|p2a: Dragonite|73/100 brn|[from] brn
|upkeep
|turn|76
|
|t:|1607805539
|move|p2a: Dragonite|Roost|p2a: Dragonite
|-heal|p2a: Dragonite|100/100 brn
|-singleturn|p2a: Dragonite|move: Roost
|move|p1a: Mandibuzz|U-turn|p2a: Dragonite
|-damage|p2a: Dragonite|96/100 brn
|
|t:|1607805541
|switch|p1a: Toxapex|Toxapex, M|100/100|[from]move: U-turn
|
|-damage|p2a: Dragonite|89/100 brn|[from] brn
|upkeep
|turn|77
|
|t:|1607805551
|switch|p2a: Toxtricity|Toxtricity, M|52/100
|-damage|p2a: Toxtricity|40/100|[from] Stealth Rock
|move|p1a: Toxapex|Scald|p2a: Toxtricity
|-damage|p2a: Toxtricity|12/100
|
|-fieldend|Misty Terrain
|upkeep
|turn|78
|
|t:|1607805559
|switch|p1a: Ferrothorn|Ferrothorn, M|99/100
|move|p2a: Toxtricity|Boomburst|p1a: Ferrothorn
|-resisted|p1a: Ferrothorn
|-damage|p1a: Ferrothorn|75/100
|
|-heal|p1a: Ferrothorn|81/100|[from] item: Leftovers
|upkeep
|turn|79
|
|t:|1607805568
|move|p2a: Toxtricity|Boomburst|p1a: Ferrothorn
|-resisted|p1a: Ferrothorn
|-damage|p1a: Ferrothorn|55/100
|move|p1a: Ferrothorn|Leech Seed|p2a: Toxtricity
|-start|p2a: Toxtricity|move: Leech Seed
|
|-heal|p1a: Ferrothorn|62/100|[from] item: Leftovers
|-damage|p2a: Toxtricity|0 fnt|[from] Leech Seed|[of] p1a: Ferrothorn
|-heal|p1a: Ferrothorn|71/100|[silent]
|faint|p2a: Toxtricity
|upkeep
|
|t:|1607805571
|switch|p2a: Moltres|Moltres-Galar|100/100
|turn|80
|
|t:|1607805580
|move|p2a: Moltres|Agility|p2a: Moltres
|-boost|p2a: Moltres|spe|2
|move|p1a: Ferrothorn|Gyro Ball|p2a: Moltres
|-damage|p2a: Moltres|43/100
|-ability|p2a: Moltres|Berserk|boost
|-boost|p2a: Moltres|spa|1
|
|-heal|p1a: Ferrothorn|77/100|[from] item: Leftovers
|upkeep
|turn|81
|
|t:|1607805590
|move|p2a: Moltres|Nasty Plot|p2a: Moltres
|-boost|p2a: Moltres|spa|2
|move|p1a: Ferrothorn|Leech Seed|p2a: Moltres|[miss]
|-miss|p1a: Ferrothorn|p2a: Moltres
|
|-heal|p1a: Ferrothorn|83/100|[from] item: Leftovers
|upkeep
|turn|82
|
|t:|1607805594
|move|p2a: Moltres|Fiery Wrath|p1a: Ferrothorn
|-damage|p1a: Ferrothorn|15/100
|move|p1a: Ferrothorn|Leech Seed|p2a: Moltres
|-start|p2a: Moltres|move: Leech Seed
|
|-heal|p1a: Ferrothorn|21/100|[from] item: Leftovers
|-damage|p2a: Moltres|30/100|[from] Leech Seed|[of] p1a: Ferrothorn
|-heal|p1a: Ferrothorn|33/100|[silent]
|upkeep
|turn|83
|
|t:|1607805600
|move|p1a: Ferrothorn|Protect|p1a: Ferrothorn
|-singleturn|p1a: Ferrothorn|Protect
|move|p2a: Moltres|Fiery Wrath|p1a: Ferrothorn
|-activate|p1a: Ferrothorn|move: Protect
|
|-heal|p1a: Ferrothorn|39/100|[from] item: Leftovers
|-damage|p2a: Moltres|18/100|[from] Leech Seed|[of] p1a: Ferrothorn
|-heal|p1a: Ferrothorn|50/100|[silent]
|upkeep
|turn|84
|
|t:|1607805611
|move|p1a: Ferrothorn|Protect|p1a: Ferrothorn
|-singleturn|p1a: Ferrothorn|Protect
|move|p2a: Moltres|Air Slash|p1a: Ferrothorn
|-activate|p1a: Ferrothorn|move: Protect
|
|-heal|p1a: Ferrothorn|56/100|[from] item: Leftovers
|-damage|p2a: Moltres|5/100|[from] Leech Seed|[of] p1a: Ferrothorn
|-heal|p1a: Ferrothorn|68/100|[silent]
|upkeep
|turn|85
|
|t:|1607805623
|switch|p1a: Mandibuzz|Mandibuzz, F|96/100
|move|p2a: Moltres|Air Slash|p1a: Mandibuzz
|-damage|p1a: Mandibuzz|33/100
|
|-damage|p2a: Moltres|0 fnt|[from] Leech Seed|[of] p1a: Mandibuzz
|-heal|p1a: Mandibuzz|37/100|[silent]
|faint|p2a: Moltres
|upkeep
|c|☆8thjim|That’s some rewarding shit rite there
|-message|8thjim forfeited.
|
|win|PedroGrug
|l|☆8thjim
||Ladder (probably) updated, but score could not be retrieved (Request timeout).
|l| Effect volume
|l| thankNEXT
|l|☆PedroGrug
