|j|☆batataplays
|j|☆pens6426
|t:|1662505314
|gametype|singles
|player|p1|batataplays|furisodegirl-blue|1671
|player|p2|pens6426|170|1667
|teamsize|p1|6
|teamsize|p2|6
|gen|8
|tier|[Gen 8] OU
|rated|
|rule|Sleep Clause Mod: Limit one foe put to sleep
|rule|Species Clause: Limit one of each Pokémon
|rule|OHKO Clause: OHKO moves are banned
|rule|Evasion Items Clause: Evasion items are banned
|rule|Evasion Moves Clause: Evasion moves are banned
|rule|Endless Battle Clause: Forcing endless battles is banned
|rule|HP Percentage Mod: HP is shown in percentages
|rule|Dynamax Clause: You cannot dynamax
|clearpoke
|poke|p1|Nihilego|
|poke|p1|Zapdos-Galar|
|poke|p1|Kartana|
|poke|p1|Celesteela|
|poke|p1|Garchomp, F|
|poke|p1|Tapu Fini|
|poke|p2|Slowking-Galar, M|
|poke|p2|Garchomp, M|
|poke|p2|Magnezone|
|poke|p2|Kartana|
|poke|p2|Rotom-Wash|
|poke|p2|Rillaboom, F|
|teampreview
|inactive|Battle timer is ON: inactive players will automatically lose when time's up. (requested by pens6426)
|
|t:|1662505340
|start
|switch|p1a: Zapdos|Zapdos-Galar|100/100
|switch|p2a: Garchomp|Garchomp, M|100/100
|turn|1
|
|t:|1662505346
|move|p2a: Garchomp|Protect|p2a: Garchomp
|-singleturn|p2a: Garchomp|Protect
|move|p1a: Zapdos|Close Combat|p2a: Garchomp
|-activate|p2a: Garchomp|move: Protect
|
|upkeep
|turn|2
|
|t:|1662505361
|move|p1a: Zapdos|Close Combat|p2a: Garchomp
|-damage|p2a: Garchomp|27/100
|-unboost|p1a: Zapdos|def|1
|-unboost|p1a: Zapdos|spd|1
|-damage|p1a: Zapdos|88/100|[from] ability: Rough Skin|[of] p2a: Garchomp
|move|p2a: Garchomp|Stealth Rock|p1a: Zapdos
|-sidestart|p1: batataplays|move: Stealth Rock
|
|-heal|p2a: Garchomp|34/100|[from] item: Leftovers
|upkeep
|turn|3
|inactive|batataplays has 120 seconds left.
|
|t:|1662505403
|move|p2a: Garchomp|Protect|p2a: Garchomp
|-singleturn|p2a: Garchomp|Protect
|move|p1a: Zapdos|Close Combat|p2a: Garchomp
|-activate|p2a: Garchomp|move: Protect
|
|-heal|p2a: Garchomp|40/100|[from] item: Leftovers
|upkeep
|turn|4
|
|t:|1662505410
|switch|p1a: Garchomp|Garchomp, F|100/100
|-damage|p1a: Garchomp|94/100|[from] Stealth Rock
|switch|p2a: Slowking|Slowking-Galar, M|100/100
|
|upkeep
|turn|5
|inactive|batataplays has 120 seconds left.
|
|t:|1662505441
|switch|p2a: Rotom|Rotom-Wash|100/100
|move|p1a: Garchomp|Stealth Rock|p2a: Rotom
|-sidestart|p2: pens6426|move: Stealth Rock
|
|upkeep
|turn|6
|
|t:|1662505446
|move|p1a: Garchomp|Toxic|p2a: Rotom
|-status|p2a: Rotom|tox
|move|p2a: Rotom|Toxic|p1a: Garchomp
|-status|p1a: Garchomp|tox
|
|-damage|p1a: Garchomp|88/100 tox|[from] psn
|-damage|p2a: Rotom|94/100 tox|[from] psn
|upkeep
|turn|7
|
|t:|1662505457
|switch|p1a: Nihilego|Nihilego|100/100
|-damage|p1a: Nihilego|88/100|[from] Stealth Rock
|move|p2a: Rotom|Hydro Pump|p1a: Nihilego
|-supereffective|p1a: Nihilego
|-damage|p1a: Nihilego|24/100
|
|-heal|p2a: Rotom|100/100 tox|[from] item: Leftovers
|-damage|p2a: Rotom|88/100 tox|[from] psn
|upkeep
|turn|8
|
|t:|1662505467
|switch|p2a: Garchomp|Garchomp, M|40/100
|-damage|p2a: Garchomp|34/100|[from] Stealth Rock
|move|p1a: Nihilego|Meteor Beam||[still]
|-prepare|p1a: Nihilego|Meteor Beam
|-boost|p1a: Nihilego|spa|1
|-enditem|p1a: Nihilego|Power Herb
|-anim|p1a: Nihilego|Meteor Beam|p2a: Garchomp|[miss]
|-miss|p1a: Nihilego|p2a: Garchomp
|
|-heal|p2a: Garchomp|40/100|[from] item: Leftovers
|upkeep
|turn|9
|inactive|batataplays has 120 seconds left.
|
|t:|1662505479
|move|p1a: Nihilego|Grass Knot|p2a: Garchomp
|-damage|p2a: Garchomp|14/100
|-damage|p1a: Nihilego|12/100|[from] ability: Rough Skin|[of] p2a: Garchomp
|move|p2a: Garchomp|Earthquake|p1a: Nihilego
|-supereffective|p1a: Nihilego
|-damage|p1a: Nihilego|0 fnt
|faint|p1a: Nihilego
|
|-heal|p2a: Garchomp|20/100|[from] item: Leftovers
|upkeep
|
|t:|1662505484
|switch|p1a: Celesteela|Celesteela|100/100
|-damage|p1a: Celesteela|88/100|[from] Stealth Rock
|turn|10
|
|t:|1662505494
|switch|p2a: Slowking|Slowking-Galar, M|100/100
|-damage|p2a: Slowking|88/100|[from] Stealth Rock
|move|p1a: Celesteela|Autotomize|p1a: Celesteela
|-boost|p1a: Celesteela|spe|2
|-start|p1a: Celesteela|Autotomize
|
|-heal|p2a: Slowking|94/100|[from] item: Black Sludge
|upkeep
|turn|11
|
|t:|1662505503
|switch|p1a: Garchomp|Garchomp, F|88/100 tox
|-damage|p1a: Garchomp|82/100 tox|[from] Stealth Rock
|move|p2a: Slowking|Trick|p1a: Garchomp
|-activate|p2a: Slowking|move: Trick|[of] p1a: Garchomp
|-item|p1a: Garchomp|Black Sludge|[from] move: Trick
|-item|p2a: Slowking|Rocky Helmet|[from] move: Trick
|
|-damage|p1a: Garchomp|69/100 tox|[from] item: Black Sludge
|-damage|p1a: Garchomp|63/100 tox|[from] psn
|upkeep
|turn|12
|
|t:|1662505512
|switch|p1a: Zapdos|Zapdos-Galar|88/100
|-damage|p1a: Zapdos|76/100|[from] Stealth Rock
|switch|p2a: Garchomp|Garchomp, M|20/100
|-damage|p2a: Garchomp|14/100|[from] Stealth Rock
|
|-heal|p2a: Garchomp|20/100|[from] item: Leftovers
|upkeep
|turn|13
|
|t:|1662505521
|move|p1a: Zapdos|Brave Bird|p2a: Garchomp
|-damage|p2a: Garchomp|0 fnt
|-damage|p1a: Zapdos|63/100|[from] ability: Rough Skin|[of] p2a: Garchomp
|faint|p2a: Garchomp
|-damage|p1a: Zapdos|55/100|[from] Recoil
|
|upkeep
|
|t:|1662505527
|switch|p2a: Magnezone|Magnezone|100/100
|-damage|p2a: Magnezone|94/100|[from] Stealth Rock
|turn|14
|
|t:|1662505533
|switch|p1a: Garchomp|Garchomp, F|63/100 tox
|-damage|p1a: Garchomp|57/100 tox|[from] Stealth Rock
|move|p2a: Magnezone|Flash Cannon|p1a: Garchomp
|-damage|p1a: Garchomp|22/100 tox
|
|-damage|p1a: Garchomp|10/100 tox|[from] item: Black Sludge
|-damage|p1a: Garchomp|3/100 tox|[from] psn
|upkeep
|turn|15
|
|t:|1662505543
|switch|p1a: Zapdos|Zapdos-Galar|55/100
|-damage|p1a: Zapdos|42/100|[from] Stealth Rock
|switch|p2a: Rotom|Rotom-Wash|88/100 tox
|-damage|p2a: Rotom|75/100 tox|[from] Stealth Rock
|
|-heal|p2a: Rotom|82/100 tox|[from] item: Leftovers
|-damage|p2a: Rotom|75/100 tox|[from] psn
|upkeep
|turn|16
|
|t:|1662505559
|move|p1a: Zapdos|U-turn|p2a: Rotom
|-damage|p2a: Rotom|45/100 tox
|
|t:|1662505562
|switch|p1a: Garchomp|Garchomp, F|3/100 tox|[from]move: U-turn
|-damage|p1a: Garchomp|0 fnt|[from] Stealth Rock
|faint|p1a: Garchomp
|move|p2a: Rotom|Volt Switch|p1: Garchomp|[notarget]
|-fail|p2a: Rotom
|
|-heal|p2a: Rotom|51/100 tox|[from] item: Leftovers
|-damage|p2a: Rotom|39/100 tox|[from] psn
|upkeep
|
|t:|1662505566
|switch|p1a: Zapdos|Zapdos-Galar|42/100
|-damage|p1a: Zapdos|30/100|[from] Stealth Rock
|turn|17
|
|t:|1662505573
|move|p1a: Zapdos|Close Combat|p2a: Rotom
|-damage|p2a: Rotom|0 fnt
|-unboost|p1a: Zapdos|def|1
|-unboost|p1a: Zapdos|spd|1
|faint|p2a: Rotom
|
|upkeep
|
|t:|1662505579
|switch|p2a: Slowking|Slowking-Galar, M|100/100
|-damage|p2a: Slowking|88/100|[from] Stealth Rock
|turn|18
|
|t:|1662505590
|switch|p1a: Tapu Fini|Tapu Fini|100/100
|-damage|p1a: Tapu Fini|88/100|[from] Stealth Rock
|-fieldstart|move: Misty Terrain|[from] ability: Misty Surge|[of] p1a: Tapu Fini
|move|p2a: Slowking|Future Sight|p1a: Tapu Fini
|-start|p2a: Slowking|move: Future Sight
|
|-heal|p1a: Tapu Fini|94/100|[from] item: Leftovers
|upkeep
|turn|19
|
|t:|1662505601
|move|p1a: Tapu Fini|Scald|p2a: Slowking
|-damage|p2a: Slowking|70/100
|move|p2a: Slowking|Trick|p1a: Tapu Fini
|-activate|p2a: Slowking|move: Trick|[of] p1a: Tapu Fini
|-item|p1a: Tapu Fini|Rocky Helmet|[from] move: Trick
|-item|p2a: Slowking|Leftovers|[from] move: Trick
|
|-heal|p2a: Slowking|76/100|[from] item: Leftovers
|upkeep
|turn|20
|inactive|batataplays has 120 seconds left.
|
|t:|1662505638
|move|p1a: Tapu Fini|Scald|p2a: Slowking
|-crit|p2a: Slowking
|-damage|p2a: Slowking|51/100
|move|p2a: Slowking|Sludge Bomb|p1a: Tapu Fini
|-supereffective|p1a: Tapu Fini
|-damage|p1a: Tapu Fini|33/100
|
|-end|p1a: Tapu Fini|move: Future Sight
|-damage|p1a: Tapu Fini|0 fnt
|faint|p1a: Tapu Fini
|-heal|p2a: Slowking|57/100|[from] item: Leftovers
|upkeep
|
|t:|1662505644
|switch|p1a: Zapdos|Zapdos-Galar|30/100
|-damage|p1a: Zapdos|17/100|[from] Stealth Rock
|turn|21
|
|t:|1662505669
|switch|p2a: Rillaboom|Rillaboom, F|100/100
|-damage|p2a: Rillaboom|88/100|[from] Stealth Rock
|-fieldstart|move: Grassy Terrain|[from] ability: Grassy Surge|[of] p2a: Rillaboom
|move|p1a: Zapdos|Stomping Tantrum|p2a: Rillaboom
|-resisted|p2a: Rillaboom
|-damage|p2a: Rillaboom|67/100
|
|-heal|p2a: Rillaboom|73/100|[from] Grassy Terrain
|upkeep
|turn|22
|
|t:|1662505682
|move|p1a: Zapdos|Stomping Tantrum|p2a: Rillaboom
|-resisted|p2a: Rillaboom
|-damage|p2a: Rillaboom|51/100
|move|p2a: Rillaboom|Swords Dance|p2a: Rillaboom
|-boost|p2a: Rillaboom|atk|2
|
|-heal|p2a: Rillaboom|57/100|[from] Grassy Terrain
|upkeep
|turn|23
|
|t:|1662505691
|move|p2a: Rillaboom|Grassy Glide|p1a: Zapdos
|-resisted|p1a: Zapdos
|-damage|p1a: Zapdos|0 fnt
|faint|p1a: Zapdos
|-damage|p2a: Rillaboom|47/100|[from] item: Life Orb
|
|-heal|p2a: Rillaboom|54/100|[from] Grassy Terrain
|upkeep
|
|t:|1662505694
|switch|p1a: Celesteela|Celesteela|88/100
|-damage|p1a: Celesteela|76/100|[from] Stealth Rock
|turn|24
|
|t:|1662505700
|move|p2a: Rillaboom|Superpower|p1a: Celesteela
|-damage|p1a: Celesteela|0 fnt
|-unboost|p2a: Rillaboom|atk|1
|-unboost|p2a: Rillaboom|def|1
|faint|p1a: Celesteela
|-damage|p2a: Rillaboom|44/100|[from] item: Life Orb
|
|-heal|p2a: Rillaboom|50/100|[from] Grassy Terrain
|upkeep
|
|t:|1662505703
|switch|p1a: Kartana|Kartana|100/100
|-damage|p1a: Kartana|94/100|[from] Stealth Rock
|turn|25
|
|t:|1662505711
|move|p1a: Kartana|Knock Off|p2a: Rillaboom
|-damage|p2a: Rillaboom|0 fnt
|-enditem|p2a: Rillaboom|Life Orb|[from] move: Knock Off|[of] p1a: Kartana
|faint|p2a: Rillaboom
|-ability|p1a: Kartana|Beast Boost|boost
|-boost|p1a: Kartana|atk|1
|
|-heal|p1a: Kartana|100/100|[from] Grassy Terrain
|-fieldend|move: Grassy Terrain
|upkeep
|j| ohhKazi
|
|t:|1662505734
|switch|p2a: Kartana|Kartana|100/100
|-damage|p2a: Kartana|94/100|[from] Stealth Rock
|turn|26
|
|t:|1662505738
|move|p1a: Kartana|Knock Off|p2a: Kartana
|-damage|p2a: Kartana|28/100
|-enditem|p2a: Kartana|Choice Scarf|[from] move: Knock Off|[of] p1a: Kartana
|move|p2a: Kartana|Knock Off|p1a: Kartana
|-damage|p1a: Kartana|55/100
|-enditem|p1a: Kartana|Choice Scarf|[from] move: Knock Off|[of] p2a: Kartana
|
|upkeep
|turn|27
|
|t:|1662505747
|move|p2a: Kartana|Knock Off|p1a: Kartana
|-damage|p1a: Kartana|26/100
|move|p1a: Kartana|Knock Off|p2a: Kartana
|-damage|p2a: Kartana|0 fnt
|faint|p2a: Kartana
|-ability|p1a: Kartana|Beast Boost|boost
|-boost|p1a: Kartana|atk|1
|
|upkeep
|
|t:|1662505754
|switch|p2a: Magnezone|Magnezone|94/100
|-damage|p2a: Magnezone|88/100|[from] Stealth Rock
|turn|28
|
|t:|1662505758
|move|p1a: Kartana|Sacred Sword|p2a: Magnezone
|-supereffective|p2a: Magnezone
|-enditem|p2a: Magnezone|Chople Berry|[eat]
|-enditem|p2a: Magnezone|Chople Berry|[weaken]
|-damage|p2a: Magnezone|20/100
|move|p2a: Magnezone|Thunderbolt|p1a: Kartana
|-resisted|p1a: Kartana
|-damage|p1a: Kartana|0 fnt
|faint|p1a: Kartana
|
|win|pens6426
|raw|batataplays's rating: 1650 &rarr; <strong>1631</strong><br />(-19 for losing)
|raw|pens6426's rating: 1667 &rarr; <strong>1686</strong><br />(+19 for winning)
|l|☆batataplays
|l|☆pens6426
||Ladder isn't responding, score probably updated but might not have (Request timeout).
