|j|☆hf1
|j|☆Justin UA
|t:|1633810997
|gametype|singles
|player|p1|hf1|steven|1503
|player|p2|Justin UA|ethan|1506
|teamsize|p1|6
|teamsize|p2|6
|gen|8
|tier|[Gen 8] OU
|rated|
|rule|Sleep Clause Mod: Limit one foe put to sleep
|rule|Species Clause: Limit one of each Pokémon
|rule|OHKO Clause: OHKO moves are banned
|rule|Evasion Moves Clause: Evasion moves are banned
|rule|Endless Battle Clause: Forcing endless battles is banned
|rule|HP Percentage Mod: HP is shown in percentages
|rule|Dynamax Clause: You cannot dynamax
|clearpoke
|poke|p1|Tornadus-Therian, M|
|poke|p1|Blissey, F|
|poke|p1|Clefable, F|
|poke|p1|Hippowdon, F|
|poke|p1|Ferrothorn, F|
|poke|p1|Toxapex, F|
|poke|p2|Zeraora|
|poke|p2|Urshifu-*, F|
|poke|p2|Corviknight, M|
|poke|p2|Slowbro, F|
|poke|p2|Landorus-Therian, M|
|poke|p2|Dragapult, M|
|teampreview
|inactive|Battle timer is ON: inactive players will automatically lose when time's up. (requested by hf1)
|
|t:|1633811016
|start
|switch|p1a: Ferrothorn|Ferrothorn, F|100/100
|switch|p2a: Urshifu|Urshifu-Rapid-Strike, F|100/100
|turn|1
|
|t:|1633811028
|switch|p1a: Toxapex|Toxapex, F|100/100
|move|p2a: Urshifu|Close Combat|p1a: Toxapex
|-resisted|p1a: Toxapex
|-damage|p1a: Toxapex|71/100
|-unboost|p2a: Urshifu|def|1
|-unboost|p2a: Urshifu|spd|1
|
|-heal|p1a: Toxapex|77/100|[from] item: Black Sludge
|upkeep
|turn|2
|
|t:|1633811039
|switch|p2a: Landorus|Landorus-Therian, M|100/100
|-ability|p2a: Landorus|Intimidate|boost
|-unboost|p1a: Toxapex|atk|1
|move|p1a: Toxapex|Toxic|p2a: Landorus
|-status|p2a: Landorus|tox
|
|-heal|p1a: Toxapex|84/100|[from] item: Black Sludge
|-damage|p2a: Landorus|94/100 tox|[from] psn
|upkeep
|turn|3
|
|t:|1633811055
|switch|p1a: Ferrothorn|Ferrothorn, F|100/100
|move|p2a: Landorus|Stealth Rock|p1a: Ferrothorn
|-sidestart|p1: hf1|move: Stealth Rock
|
|-damage|p2a: Landorus|82/100 tox|[from] psn
|upkeep
|turn|4
|
|t:|1633811070
|switch|p2a: Zeraora|Zeraora|100/100
|move|p1a: Ferrothorn|Spikes|p2a: Zeraora
|-sidestart|p2: Justin UA|Spikes
|
|upkeep
|turn|5
|
|t:|1633811079
|move|p2a: Zeraora|Bulk Up|p2a: Zeraora
|-boost|p2a: Zeraora|atk|1
|-boost|p2a: Zeraora|def|1
|move|p1a: Ferrothorn|Leech Seed|p2a: Zeraora
|-start|p2a: Zeraora|move: Leech Seed
|
|-damage|p2a: Zeraora|88/100|[from] Leech Seed|[of] p1a: Ferrothorn
|upkeep
|turn|6
|
|t:|1633811089
|switch|p1a: Clefable|Clefable, F|100/100
|move|p2a: Zeraora|Close Combat|p1a: Clefable
|-resisted|p1a: Clefable
|-damage|p1a: Clefable|86/100
|-unboost|p2a: Zeraora|def|1
|-unboost|p2a: Zeraora|spd|1
|
|-damage|p2a: Zeraora|76/100|[from] Leech Seed|[of] p1a: Clefable
|-heal|p1a: Clefable|96/100|[silent]
|upkeep
|turn|7
|
|t:|1633811099
|switch|p2a: Slowbro|Slowbro, F|100/100
|move|p1a: Clefable|Calm Mind|p1a: Clefable
|-boost|p1a: Clefable|spa|1
|-boost|p1a: Clefable|spd|1
|
|upkeep
|turn|8
|
|t:|1633811108
|move|p1a: Clefable|Moonblast|p2a: Slowbro
|-crit|p2a: Slowbro
|-damage|p2a: Slowbro|23/100
|-unboost|p2a: Slowbro|spa|1
|move|p2a: Slowbro|Future Sight|p1a: Clefable
|-start|p2a: Slowbro|move: Future Sight
|
|upkeep
|turn|9
|
|t:|1633811117
|switch|p2a: Corviknight|Corviknight, M|100/100
|-ability|p2a: Corviknight|Pressure
|move|p1a: Clefable|Moonblast|p2a: Corviknight
|-resisted|p2a: Corviknight
|-damage|p2a: Corviknight|81/100
|
|-heal|p2a: Corviknight|87/100|[from] item: Leftovers
|upkeep
|turn|10
|
|t:|1633811125
|move|p1a: Clefable|Calm Mind|p1a: Clefable
|-boost|p1a: Clefable|spa|1
|-boost|p1a: Clefable|spd|1
|move|p2a: Corviknight|U-turn|p1a: Clefable
|-resisted|p1a: Clefable
|-damage|p1a: Clefable|91/100
|
|t:|1633811129
|switch|p2a: Urshifu|Urshifu-Rapid-Strike, F|100/100|[from]move: U-turn
|-damage|p2a: Urshifu|88/100|[from] Spikes
|
|-end|p1a: Clefable|move: Future Sight
|-damage|p1a: Clefable|71/100
|upkeep
|turn|11
|
|t:|1633811141
|move|p2a: Urshifu|Surging Strikes|p1a: Clefable
|-crit|p1a: Clefable
|-damage|p1a: Clefable|48/100
|-crit|p1a: Clefable
|-damage|p1a: Clefable|27/100
|-crit|p1a: Clefable
|-damage|p1a: Clefable|5/100
|-hitcount|p1a: Clefable|3
|move|p1a: Clefable|Moonblast|p2a: Urshifu
|-supereffective|p2a: Urshifu
|-damage|p2a: Urshifu|0 fnt
|faint|p2a: Urshifu
|
|upkeep
|
|t:|1633811146
|switch|p2a: Dragapult|Dragapult, M|100/100
|-damage|p2a: Dragapult|88/100|[from] Spikes
|turn|12
|
|t:|1633811151
|move|p2a: Dragapult|U-turn|p1a: Clefable
|-resisted|p1a: Clefable
|-damage|p1a: Clefable|0 fnt
|faint|p1a: Clefable
|
|t:|1633811154
|switch|p2a: Zeraora|Zeraora|76/100|[from]move: U-turn
|
|upkeep
|
|t:|1633811165
|switch|p1a: Hippowdon|Hippowdon, F|100/100
|-damage|p1a: Hippowdon|94/100|[from] Stealth Rock
|-weather|Sandstorm|[from] ability: Sand Stream|[of] p1a: Hippowdon
|turn|13
|
|t:|1633811172
|switch|p2a: Corviknight|Corviknight, M|87/100
|-ability|p2a: Corviknight|Pressure
|move|p1a: Hippowdon|Whirlwind|p2a: Corviknight
|drag|p2a: Zeraora|Zeraora|76/100
|
|-weather|Sandstorm|[upkeep]
|-damage|p2a: Zeraora|70/100|[from] Sandstorm
|-heal|p1a: Hippowdon|100/100|[from] item: Leftovers
|upkeep
|turn|14
|
|t:|1633811185
|switch|p2a: Corviknight|Corviknight, M|87/100
|-ability|p2a: Corviknight|Pressure
|move|p1a: Hippowdon|Earthquake|p2a: Corviknight
|-immune|p2a: Corviknight
|
|-weather|Sandstorm|[upkeep]
|-heal|p2a: Corviknight|93/100|[from] item: Leftovers
|upkeep
|turn|15
|
|t:|1633811195
|switch|p1a: Ferrothorn|Ferrothorn, F|100/100
|-damage|p1a: Ferrothorn|94/100|[from] Stealth Rock
|move|p2a: Corviknight|Defog|p1a: Ferrothorn
|-unboost|p1a: Ferrothorn|evasion|1
|-sideend|p1: hf1|Stealth Rock|[from] move: Defog|[of] p2a: Corviknight
|-sideend|p2: Justin UA|Spikes|[from] move: Defog|[of] p2a: Corviknight
|
|-weather|Sandstorm|[upkeep]
|-heal|p2a: Corviknight|99/100|[from] item: Leftovers
|-heal|p1a: Ferrothorn|100/100|[from] item: Leftovers
|upkeep
|turn|16
|
|t:|1633811203
|switch|p2a: Slowbro|Slowbro, F|56/100
|move|p1a: Ferrothorn|Knock Off|p2a: Slowbro
|-supereffective|p2a: Slowbro
|-damage|p2a: Slowbro|32/100
|-enditem|p2a: Slowbro|Heavy-Duty Boots|[from] move: Knock Off|[of] p1a: Ferrothorn
|
|-weather|Sandstorm|[upkeep]
|-damage|p2a: Slowbro|26/100|[from] Sandstorm
|upkeep
|turn|17
|
|t:|1633811213
|move|p1a: Ferrothorn|Toxic|p2a: Slowbro|[miss]
|-miss|p1a: Ferrothorn|p2a: Slowbro
|move|p2a: Slowbro|Slack Off|p2a: Slowbro
|-heal|p2a: Slowbro|76/100
|
|-weather|none
|upkeep
|turn|18
|
|t:|1633811230
|switch|p2a: Corviknight|Corviknight, M|99/100
|-ability|p2a: Corviknight|Pressure
|move|p1a: Ferrothorn|Spikes|p2a: Corviknight
|-sidestart|p2: Justin UA|Spikes
|
|-heal|p2a: Corviknight|100/100|[from] item: Leftovers
|upkeep
|turn|19
|
|t:|1633811239
|move|p2a: Corviknight|Defog|p1a: Ferrothorn
|-unboost|p1a: Ferrothorn|evasion|1
|-sideend|p2: Justin UA|Spikes|[from] move: Defog|[of] p2a: Corviknight
|move|p1a: Ferrothorn|Leech Seed|p2a: Corviknight|[miss]
|-miss|p1a: Ferrothorn|p2a: Corviknight
|
|upkeep
|turn|20
|
|t:|1633811249
|switch|p2a: Slowbro|Slowbro, F|100/100
|move|p1a: Ferrothorn|Spikes|p2a: Slowbro
|-sidestart|p2: Justin UA|Spikes
|
|upkeep
|turn|21
|
|t:|1633811255
|move|p1a: Ferrothorn|Leech Seed|p2a: Slowbro
|-start|p2a: Slowbro|move: Leech Seed
|move|p2a: Slowbro|Scald|p1a: Ferrothorn
|-resisted|p1a: Ferrothorn
|-damage|p1a: Ferrothorn|88/100
|-status|p1a: Ferrothorn|brn
|
|-heal|p1a: Ferrothorn|95/100 brn|[from] item: Leftovers
|-damage|p2a: Slowbro|88/100|[from] Leech Seed|[of] p1a: Ferrothorn
|-heal|p1a: Ferrothorn|100/100 brn|[silent]
|-damage|p1a: Ferrothorn|94/100 brn|[from] brn
|upkeep
|turn|22
|
|t:|1633811266
|move|p1a: Ferrothorn|Spikes|p2a: Slowbro
|-sidestart|p2: Justin UA|Spikes
|move|p2a: Slowbro|Future Sight|p1a: Ferrothorn
|-start|p2a: Slowbro|move: Future Sight
|
|-heal|p1a: Ferrothorn|100/100 brn|[from] item: Leftovers
|-damage|p2a: Slowbro|76/100|[from] Leech Seed|[of] p1a: Ferrothorn
|-damage|p1a: Ferrothorn|94/100 brn|[from] brn
|upkeep
|turn|23
|
|t:|1633811269
|switch|p2a: Corviknight|Corviknight, M|100/100
|-ability|p2a: Corviknight|Pressure
|move|p1a: Ferrothorn|Toxic|p2a: Corviknight
|-immune|p2a: Corviknight
|
|-heal|p1a: Ferrothorn|100/100 brn|[from] item: Leftovers
|-damage|p1a: Ferrothorn|94/100 brn|[from] brn
|upkeep
|turn|24
|
|t:|1633811274
|move|p2a: Corviknight|Defog|p1a: Ferrothorn
|-unboost|p1a: Ferrothorn|evasion|1
|-sideend|p2: Justin UA|Spikes|[from] move: Defog|[of] p2a: Corviknight
|move|p1a: Ferrothorn|Leech Seed|p2a: Corviknight
|-start|p2a: Corviknight|move: Leech Seed
|
|-end|p1a: Ferrothorn|move: Future Sight
|-resisted|p1a: Ferrothorn
|-damage|p1a: Ferrothorn|77/100 brn
|-heal|p1a: Ferrothorn|83/100 brn|[from] item: Leftovers
|-damage|p2a: Corviknight|88/100|[from] Leech Seed|[of] p1a: Ferrothorn
|-heal|p1a: Ferrothorn|98/100 brn|[silent]
|-damage|p1a: Ferrothorn|91/100 brn|[from] brn
|upkeep
|turn|25
|
|t:|1633811281
|switch|p2a: Slowbro|Slowbro, F|100/100
|move|p1a: Ferrothorn|Spikes|p2a: Slowbro
|-sidestart|p2: Justin UA|Spikes
|
|-heal|p1a: Ferrothorn|98/100 brn|[from] item: Leftovers
|-damage|p1a: Ferrothorn|91/100 brn|[from] brn
|upkeep
|turn|26
|
|t:|1633811288
|switch|p2a: Corviknight|Corviknight, M|88/100
|-ability|p2a: Corviknight|Pressure
|move|p1a: Ferrothorn|Toxic|p2a: Corviknight
|-immune|p2a: Corviknight
|
|-heal|p2a: Corviknight|94/100|[from] item: Leftovers
|-heal|p1a: Ferrothorn|98/100 brn|[from] item: Leftovers
|-damage|p1a: Ferrothorn|91/100 brn|[from] brn
|upkeep
|turn|27
|
|t:|1633811296
|switch|p2a: Slowbro|Slowbro, F|100/100
|-damage|p2a: Slowbro|88/100|[from] Spikes
|move|p1a: Ferrothorn|Knock Off|p2a: Slowbro
|-supereffective|p2a: Slowbro
|-damage|p2a: Slowbro|79/100
|
|-heal|p1a: Ferrothorn|98/100 brn|[from] item: Leftovers
|-damage|p1a: Ferrothorn|91/100 brn|[from] brn
|upkeep
|turn|28
|
|t:|1633811303
|switch|p2a: Corviknight|Corviknight, M|94/100
|-ability|p2a: Corviknight|Pressure
|move|p1a: Ferrothorn|Toxic|p2a: Corviknight
|-immune|p2a: Corviknight
|
|-heal|p2a: Corviknight|100/100|[from] item: Leftovers
|-heal|p1a: Ferrothorn|98/100 brn|[from] item: Leftovers
|-damage|p1a: Ferrothorn|91/100 brn|[from] brn
|upkeep
|turn|29
|
|t:|1633811311
|move|p2a: Corviknight|Defog|p1a: Ferrothorn
|-unboost|p1a: Ferrothorn|evasion|1
|-sideend|p2: Justin UA|Spikes|[from] move: Defog|[of] p2a: Corviknight
|move|p1a: Ferrothorn|Knock Off|p2a: Corviknight
|-damage|p2a: Corviknight|93/100
|-enditem|p2a: Corviknight|Leftovers|[from] move: Knock Off|[of] p1a: Ferrothorn
|
|-heal|p1a: Ferrothorn|98/100 brn|[from] item: Leftovers
|-damage|p1a: Ferrothorn|91/100 brn|[from] brn
|upkeep
|turn|30
|
|t:|1633811320
|switch|p2a: Landorus|Landorus-Therian, M|82/100 tox
|-ability|p2a: Landorus|Intimidate|boost
|-unboost|p1a: Ferrothorn|atk|1
|move|p1a: Ferrothorn|Leech Seed|p2a: Landorus
|-start|p2a: Landorus|move: Leech Seed
|
|-heal|p1a: Ferrothorn|98/100 brn|[from] item: Leftovers
|-damage|p2a: Landorus|70/100 tox|[from] Leech Seed|[of] p1a: Ferrothorn
|-heal|p1a: Ferrothorn|100/100 brn|[silent]
|-damage|p2a: Landorus|64/100 tox|[from] psn
|-damage|p1a: Ferrothorn|94/100 brn|[from] brn
|upkeep
|turn|31
|
|t:|1633811341
|move|p2a: Landorus|Knock Off|p1a: Ferrothorn
|-damage|p1a: Ferrothorn|77/100 brn
|-damage|p2a: Landorus|52/100 tox|[from] ability: Iron Barbs|[of] p1a: Ferrothorn
|-enditem|p1a: Ferrothorn|Leftovers|[from] move: Knock Off|[of] p2a: Landorus
|move|p1a: Ferrothorn|Spikes|p2a: Landorus
|-sidestart|p2: Justin UA|Spikes
|
|-damage|p2a: Landorus|40/100 tox|[from] Leech Seed|[of] p1a: Ferrothorn
|-heal|p1a: Ferrothorn|91/100 brn|[silent]
|-damage|p2a: Landorus|27/100 tox|[from] psn
|-damage|p1a: Ferrothorn|85/100 brn|[from] brn
|upkeep
|turn|32
|
|t:|1633811351
|switch|p2a: Corviknight|Corviknight, M|93/100
|-ability|p2a: Corviknight|Pressure
|move|p1a: Ferrothorn|Spikes|p2a: Corviknight
|-sidestart|p2: Justin UA|Spikes
|
|-damage|p1a: Ferrothorn|78/100 brn|[from] brn
|upkeep
|turn|33
|
|t:|1633811366
|move|p2a: Corviknight|Defog|p1a: Ferrothorn
|-unboost|p1a: Ferrothorn|evasion|1
|-sideend|p2: Justin UA|Spikes|[from] move: Defog|[of] p2a: Corviknight
|move|p1a: Ferrothorn|Spikes|p2a: Corviknight
|-sidestart|p2: Justin UA|Spikes
|
|-damage|p1a: Ferrothorn|72/100 brn|[from] brn
|upkeep
|turn|34
|
|t:|1633811372
|switch|p2a: Slowbro|Slowbro, F|100/100
|-damage|p2a: Slowbro|88/100|[from] Spikes
|move|p1a: Ferrothorn|Spikes|p2a: Slowbro
|-sidestart|p2: Justin UA|Spikes
|
|-damage|p1a: Ferrothorn|66/100 brn|[from] brn
|upkeep
|turn|35
|
|t:|1633811376
|switch|p2a: Corviknight|Corviknight, M|93/100
|-ability|p2a: Corviknight|Pressure
|move|p1a: Ferrothorn|Toxic|p2a: Corviknight
|-immune|p2a: Corviknight
|
|-damage|p1a: Ferrothorn|60/100 brn|[from] brn
|upkeep
|turn|36
|
|t:|1633811396
|move|p2a: Corviknight|Defog|p1a: Ferrothorn
|-unboost|p1a: Ferrothorn|evasion|1
|-sideend|p2: Justin UA|Spikes|[from] move: Defog|[of] p2a: Corviknight
|move|p1a: Ferrothorn|Leech Seed|p2a: Corviknight
|-start|p2a: Corviknight|move: Leech Seed
|
|-damage|p2a: Corviknight|81/100|[from] Leech Seed|[of] p1a: Ferrothorn
|-heal|p1a: Ferrothorn|74/100 brn|[silent]
|-damage|p1a: Ferrothorn|68/100 brn|[from] brn
|upkeep
|turn|37
|
|t:|1633811403
|switch|p2a: Slowbro|Slowbro, F|100/100
|move|p1a: Ferrothorn|Toxic|p2a: Slowbro
|-status|p2a: Slowbro|tox
|
|-damage|p2a: Slowbro|94/100 tox|[from] psn
|-damage|p1a: Ferrothorn|61/100 brn|[from] brn
|upkeep
|turn|38
|
|t:|1633811422
|switch|p1a: Blissey|Blissey, F|100/100
|move|p2a: Slowbro|Future Sight|p1a: Blissey
|-start|p2a: Slowbro|move: Future Sight
|
|-damage|p2a: Slowbro|82/100 tox|[from] psn
|upkeep
|turn|39
|
|t:|1633811431
|move|p1a: Blissey|Seismic Toss|p2a: Slowbro
|-damage|p2a: Slowbro|57/100 tox
|move|p2a: Slowbro|Teleport|p2a: Slowbro
|
|t:|1633811440
|switch|p2a: Landorus|Landorus-Therian, M|27/100 tox|[from]move: Teleport
|-ability|p2a: Landorus|Intimidate|boost
|-unboost|p1a: Blissey|atk|1
|
|-damage|p2a: Landorus|21/100 tox|[from] psn
|upkeep
|turn|40
|
|t:|1633811450
|move|p2a: Landorus|Stealth Rock|p1a: Blissey
|-sidestart|p1: hf1|move: Stealth Rock
|move|p1a: Blissey|Soft-Boiled||[still]
|-fail|p1a: Blissey|heal
|
|-end|p1a: Blissey|move: Future Sight
|-damage|p1a: Blissey|85/100
|-damage|p2a: Landorus|9/100 tox|[from] psn
|upkeep
|turn|41
|
|t:|1633811457
|move|p2a: Landorus|U-turn|p1a: Blissey
|-damage|p1a: Blissey|67/100
|
|t:|1633811463
|switch|p2a: Slowbro|Slowbro, F|90/100 tox|[from]move: U-turn
|move|p1a: Blissey|Soft-Boiled|p1a: Blissey
|-heal|p1a: Blissey|100/100
|
|-damage|p2a: Slowbro|84/100 tox|[from] psn
|upkeep
|turn|42
|
|t:|1633811467
|move|p1a: Blissey|Aromatherapy|p1a: Blissey
|-activate|p1a: Blissey|move: Aromatherapy
|-curestatus|p1: Ferrothorn|brn|[msg]
|move|p2a: Slowbro|Scald|p1a: Blissey
|-damage|p1a: Blissey|90/100
|
|-damage|p2a: Slowbro|72/100 tox|[from] psn
|upkeep
|turn|43
|
|t:|1633811474
|move|p1a: Blissey|Seismic Toss|p2a: Slowbro
|-damage|p2a: Slowbro|46/100 tox
|move|p2a: Slowbro|Future Sight|p1a: Blissey
|-start|p2a: Slowbro|move: Future Sight
|
|-damage|p2a: Slowbro|28/100 tox|[from] psn
|upkeep
|turn|44
|
|t:|1633811479
|switch|p2a: Corviknight|Corviknight, M|81/100
|-ability|p2a: Corviknight|Pressure
|move|p1a: Blissey|Seismic Toss|p2a: Corviknight
|-damage|p2a: Corviknight|56/100
|
|upkeep
|turn|45
|
|t:|1633811493
|move|p2a: Corviknight|Roost|p2a: Corviknight
|-heal|p2a: Corviknight|100/100
|-singleturn|p2a: Corviknight|move: Roost
|move|p1a: Blissey|Soft-Boiled|p1a: Blissey
|-heal|p1a: Blissey|100/100
|
|-end|p1a: Blissey|move: Future Sight
|-damage|p1a: Blissey|86/100
|upkeep
|turn|46
|
|t:|1633811516
|move|p2a: Corviknight|U-turn|p1a: Blissey
|-damage|p1a: Blissey|74/100
|
|t:|1633811526
|switch|p2a: Dragapult|Dragapult, M|88/100|[from]move: U-turn
|move|p1a: Blissey|Teleport|p1a: Blissey
|
|t:|1633811538
|switch|p1a: Hippowdon|Hippowdon, F|100/100|[from]move: Teleport
|-damage|p1a: Hippowdon|94/100|[from] Stealth Rock
|-weather|Sandstorm|[from] ability: Sand Stream|[of] p1a: Hippowdon
|
|-weather|Sandstorm|[upkeep]
|-damage|p2a: Dragapult|82/100|[from] Sandstorm
|-heal|p1a: Hippowdon|100/100|[from] item: Leftovers
|upkeep
|turn|47
|
|t:|1633811552
|switch|p1a: Blissey|Blissey, F|74/100
|move|p2a: Dragapult|Shadow Ball|p1a: Blissey
|-immune|p1a: Blissey
|
|-weather|Sandstorm|[upkeep]
|-damage|p2a: Dragapult|76/100|[from] Sandstorm
|-damage|p1a: Blissey|68/100|[from] Sandstorm
|upkeep
|turn|48
|
|t:|1633811557
|switch|p2a: Corviknight|Corviknight, M|100/100
|-ability|p2a: Corviknight|Pressure
|move|p1a: Blissey|Soft-Boiled|p1a: Blissey
|-heal|p1a: Blissey|100/100
|
|-weather|Sandstorm|[upkeep]
|-damage|p1a: Blissey|94/100|[from] Sandstorm
|upkeep
|turn|49
|
|t:|1633811566
|move|p2a: Corviknight|U-turn|p1a: Blissey
|-damage|p1a: Blissey|82/100
|
|t:|1633811569
|switch|p2a: Dragapult|Dragapult, M|76/100|[from]move: U-turn
|move|p1a: Blissey|Teleport|p1a: Blissey
|
|t:|1633811575
|switch|p1a: Toxapex|Toxapex, F|100/100|[from]move: Teleport
|-damage|p1a: Toxapex|88/100|[from] Stealth Rock
|
|-weather|Sandstorm|[upkeep]
|-damage|p2a: Dragapult|70/100|[from] Sandstorm
|-damage|p1a: Toxapex|82/100|[from] Sandstorm
|-heal|p1a: Toxapex|88/100|[from] item: Black Sludge
|upkeep
|turn|50
|
|t:|1633811586
|move|p2a: Dragapult|U-turn|p1a: Toxapex
|-resisted|p1a: Toxapex
|-damage|p1a: Toxapex|83/100
|
|t:|1633811589
|switch|p2a: Slowbro|Slowbro, F|61/100 tox|[from]move: U-turn
|move|p1a: Toxapex|Recover|p1a: Toxapex
|-heal|p1a: Toxapex|100/100
|
|-weather|none
|-damage|p2a: Slowbro|55/100 tox|[from] psn
|upkeep
|turn|51
|
|t:|1633811600
|switch|p1a: Tornadus|Tornadus-Therian, M|100/100
|move|p2a: Slowbro|Future Sight|p1a: Tornadus
|-start|p2a: Slowbro|move: Future Sight
|
|-damage|p2a: Slowbro|43/100 tox|[from] psn
|upkeep
|turn|52
|
|t:|1633811610
|switch|p2a: Corviknight|Corviknight, M|100/100
|-ability|p2a: Corviknight|Pressure
|move|p1a: Tornadus|Defog|p2a: Corviknight
|-unboost|p2a: Corviknight|evasion|1
|-sideend|p1: hf1|Stealth Rock|[from] move: Defog|[of] p1a: Tornadus
|
|upkeep
|turn|53
|
|t:|1633811625
|switch|p1a: Blissey|Blissey, F|82/100
|move|p2a: Corviknight|U-turn|p1a: Blissey
|-damage|p1a: Blissey|70/100
|
|t:|1633811629
|switch|p2a: Zeraora|Zeraora|70/100|[from]move: U-turn
|
|-end|p1a: Blissey|move: Future Sight
|-damage|p1a: Blissey|54/100
|upkeep
|turn|54
|
|t:|1633811639
|switch|p1a: Hippowdon|Hippowdon, F|100/100
|-weather|Sandstorm|[from] ability: Sand Stream|[of] p1a: Hippowdon
|move|p2a: Zeraora|Knock Off|p1a: Hippowdon
|-damage|p1a: Hippowdon|80/100
|-enditem|p1a: Hippowdon|Leftovers|[from] move: Knock Off|[of] p2a: Zeraora
|
|-weather|Sandstorm|[upkeep]
|-damage|p2a: Zeraora|64/100|[from] Sandstorm
|upkeep
|turn|55
|
|t:|1633811645
|switch|p2a: Corviknight|Corviknight, M|100/100
|-ability|p2a: Corviknight|Pressure
|move|p1a: Hippowdon|Whirlwind|p2a: Corviknight
|drag|p2a: Dragapult|Dragapult, M|70/100
|
|-weather|Sandstorm|[upkeep]
|-damage|p2a: Dragapult|64/100|[from] Sandstorm
|upkeep
|turn|56
|
|t:|1633811650
|switch|p1a: Blissey|Blissey, F|54/100
|move|p2a: Dragapult|Shadow Ball|p1a: Blissey
|-immune|p1a: Blissey
|
|-weather|Sandstorm|[upkeep]
|-damage|p2a: Dragapult|58/100|[from] Sandstorm
|-damage|p1a: Blissey|48/100|[from] Sandstorm
|upkeep
|turn|57
|
|t:|1633811657
|switch|p2a: Zeraora|Zeraora|64/100
|move|p1a: Blissey|Soft-Boiled|p1a: Blissey
|-heal|p1a: Blissey|98/100
|
|-weather|Sandstorm|[upkeep]
|-damage|p2a: Zeraora|58/100|[from] Sandstorm
|-damage|p1a: Blissey|91/100|[from] Sandstorm
|upkeep
|turn|58
|
|t:|1633811669
|switch|p1a: Hippowdon|Hippowdon, F|80/100
|move|p2a: Zeraora|Close Combat|p1a: Hippowdon
|-damage|p1a: Hippowdon|53/100
|-unboost|p2a: Zeraora|def|1
|-unboost|p2a: Zeraora|spd|1
|
|-weather|none
|upkeep
|turn|59
|
|t:|1633811675
|switch|p2a: Slowbro|Slowbro, F|76/100 tox
|move|p1a: Hippowdon|Slack Off|p1a: Hippowdon
|-heal|p1a: Hippowdon|100/100
|
|-damage|p2a: Slowbro|70/100 tox|[from] psn
|upkeep
|turn|60
|
|t:|1633811685
|switch|p1a: Ferrothorn|Ferrothorn, F|61/100
|move|p2a: Slowbro|Future Sight|p1a: Ferrothorn
|-start|p2a: Slowbro|move: Future Sight
|
|-damage|p2a: Slowbro|58/100 tox|[from] psn
|upkeep
|turn|61
|j| kitttenthembo
|
|t:|1633811692
|move|p1a: Ferrothorn|Leech Seed|p2a: Slowbro
|-start|p2a: Slowbro|move: Leech Seed
|move|p2a: Slowbro|Teleport|p2a: Slowbro
|
|t:|1633811696
|switch|p2a: Zeraora|Zeraora|58/100|[from]move: Teleport
|
|upkeep
|turn|62
|l| kitttenthembo
|
|t:|1633811713
|move|p2a: Zeraora|Close Combat|p1a: Ferrothorn
|-supereffective|p1a: Ferrothorn
|-damage|p1a: Ferrothorn|14/100
|-unboost|p2a: Zeraora|def|1
|-unboost|p2a: Zeraora|spd|1
|-damage|p2a: Zeraora|46/100|[from] ability: Iron Barbs|[of] p1a: Ferrothorn
|move|p1a: Ferrothorn|Leech Seed|p2a: Zeraora|[miss]
|-miss|p1a: Ferrothorn|p2a: Zeraora
|
|-end|p1a: Ferrothorn|move: Future Sight
|-resisted|p1a: Ferrothorn
|-damage|p1a: Ferrothorn|0 fnt
|faint|p1a: Ferrothorn
|upkeep
|
|t:|1633811727
|switch|p1a: Hippowdon|Hippowdon, F|100/100
|-weather|Sandstorm|[from] ability: Sand Stream|[of] p1a: Hippowdon
|turn|63
|
|t:|1633811733
|switch|p2a: Corviknight|Corviknight, M|100/100
|-ability|p2a: Corviknight|Pressure
|move|p1a: Hippowdon|Whirlwind|p2a: Corviknight
|drag|p2a: Landorus|Landorus-Therian, M|9/100 tox
|-ability|p2a: Landorus|Intimidate|boost
|-unboost|p1a: Hippowdon|atk|1
|
|-weather|Sandstorm|[upkeep]
|-damage|p2a: Landorus|3/100 tox|[from] psn
|upkeep
|turn|64
|
|t:|1633811748
|switch|p1a: Tornadus|Tornadus-Therian, M|100/100
|move|p2a: Landorus|U-turn|p1a: Tornadus
|-resisted|p1a: Tornadus
|-crit|p1a: Tornadus
|-damage|p1a: Tornadus|84/100
|
|t:|1633811755
|switch|p2a: Zeraora|Zeraora|46/100|[from]move: U-turn
|
|-weather|Sandstorm|[upkeep]
|-damage|p2a: Zeraora|40/100|[from] Sandstorm
|-damage|p1a: Tornadus|78/100|[from] Sandstorm
|upkeep
|turn|65
|
|t:|1633811763
|switch|p2a: Corviknight|Corviknight, M|100/100
|-ability|p2a: Corviknight|Pressure
|switch|p1a: Hippowdon|Hippowdon, F|100/100
|
|-weather|Sandstorm|[upkeep]
|upkeep
|turn|66
|
|t:|1633811780
|move|p2a: Corviknight|U-turn|p1a: Hippowdon
|-damage|p1a: Hippowdon|90/100
|
|t:|1633811783
|switch|p2a: Slowbro|Slowbro, F|91/100 tox|[from]move: U-turn
|move|p1a: Hippowdon|Whirlwind|p2a: Slowbro
|drag|p2a: Corviknight|Corviknight, M|100/100
|-ability|p2a: Corviknight|Pressure
|
|-weather|Sandstorm|[upkeep]
|upkeep
|turn|67
|
|t:|1633811791
|move|p2a: Corviknight|Brave Bird|p1a: Hippowdon
|-damage|p1a: Hippowdon|64/100
|-damage|p2a: Corviknight|91/100|[from] Recoil
|move|p1a: Hippowdon|Earthquake|p2a: Corviknight
|-immune|p2a: Corviknight
|
|-weather|none
|upkeep
|turn|68
|
|t:|1633811801
|move|p2a: Corviknight|U-turn|p1a: Hippowdon
|-damage|p1a: Hippowdon|53/100
|
|t:|1633811804
|switch|p2a: Slowbro|Slowbro, F|100/100 tox|[from]move: U-turn
|move|p1a: Hippowdon|Slack Off|p1a: Hippowdon
|-heal|p1a: Hippowdon|100/100
|
|-damage|p2a: Slowbro|94/100 tox|[from] psn
|upkeep
|turn|69
|
|t:|1633811815
|switch|p1a: Blissey|Blissey, F|91/100
|move|p2a: Slowbro|Scald|p1a: Blissey
|-damage|p1a: Blissey|82/100
|
|-damage|p2a: Slowbro|82/100 tox|[from] psn
|upkeep
|turn|70
|
|t:|1633811823
|move|p1a: Blissey|Seismic Toss|p2a: Slowbro
|-damage|p2a: Slowbro|57/100 tox
|move|p2a: Slowbro|Future Sight|p1a: Blissey
|-start|p2a: Slowbro|move: Future Sight
|
|-damage|p2a: Slowbro|39/100 tox|[from] psn
|upkeep
|turn|71
|
|t:|1633811830
|switch|p2a: Dragapult|Dragapult, M|58/100
|move|p1a: Blissey|Seismic Toss|p2a: Dragapult
|-immune|p2a: Dragapult
|
|upkeep
|turn|72
|
|t:|1633811836
|move|p2a: Dragapult|U-turn|p1a: Blissey
|-damage|p1a: Blissey|66/100
|
|t:|1633811840
|switch|p2a: Corviknight|Corviknight, M|91/100|[from]move: U-turn
|-ability|p2a: Corviknight|Pressure
|move|p1a: Blissey|Soft-Boiled|p1a: Blissey
|-heal|p1a: Blissey|100/100
|
|-end|p1a: Blissey|move: Future Sight
|-damage|p1a: Blissey|85/100
|upkeep
|turn|73
|
|t:|1633811849
|move|p2a: Corviknight|U-turn|p1a: Blissey
|-damage|p1a: Blissey|73/100
|
|t:|1633811853
|switch|p2a: Dragapult|Dragapult, M|58/100|[from]move: U-turn
|move|p1a: Blissey|Seismic Toss|p2a: Dragapult
|-immune|p2a: Dragapult
|
|upkeep
|turn|74
|
|t:|1633811870
|move|p2a: Dragapult|U-turn|p1a: Blissey
|-damage|p1a: Blissey|59/100
|
|t:|1633811875
|switch|p2a: Slowbro|Slowbro, F|72/100 tox|[from]move: U-turn
|move|p1a: Blissey|Teleport|p1a: Blissey
|
|t:|1633811892
|switch|p1a: Toxapex|Toxapex, F|100/100|[from]move: Teleport
|
|-damage|p2a: Slowbro|66/100 tox|[from] psn
|upkeep
|turn|75
|
|t:|1633811898
|move|p1a: Toxapex|Scald|p2a: Slowbro
|-resisted|p2a: Slowbro
|-damage|p2a: Slowbro|58/100 tox
|move|p2a: Slowbro|Future Sight|p1a: Toxapex
|-start|p2a: Slowbro|move: Future Sight
|
|-damage|p2a: Slowbro|46/100 tox|[from] psn
|upkeep
|turn|76
|
|t:|1633811911
|switch|p1a: Blissey|Blissey, F|59/100
|move|p2a: Slowbro|Teleport|p2a: Slowbro
|j| KLEAV0R
|
|t:|1633811916
|switch|p2a: Zeraora|Zeraora|40/100|[from]move: Teleport
|
|upkeep
|turn|77
|
|t:|1633811923
|switch|p2a: Dragapult|Dragapult, M|58/100
|switch|p1a: Hippowdon|Hippowdon, F|100/100
|-weather|Sandstorm|[from] ability: Sand Stream|[of] p1a: Hippowdon
|
|-weather|Sandstorm|[upkeep]
|-damage|p2a: Dragapult|52/100|[from] Sandstorm
|-end|p1a: Hippowdon|move: Future Sight
|-damage|p1a: Hippowdon|70/100
|upkeep
|turn|78
|
|t:|1633811929
|move|p2a: Dragapult|U-turn|p1a: Hippowdon
|-damage|p1a: Hippowdon|57/100
|
|t:|1633811933
|switch|p2a: Corviknight|Corviknight, M|91/100|[from]move: U-turn
|-ability|p2a: Corviknight|Pressure
|move|p1a: Hippowdon|Slack Off|p1a: Hippowdon
|-heal|p1a: Hippowdon|100/100
|
|-weather|Sandstorm|[upkeep]
|upkeep
|turn|79
|
|t:|1633811944
|move|p2a: Corviknight|Brave Bird|p1a: Hippowdon
|-damage|p1a: Hippowdon|74/100
|-damage|p2a: Corviknight|82/100|[from] Recoil
|move|p1a: Hippowdon|Earthquake|p2a: Corviknight
|-immune|p2a: Corviknight
|
|-weather|Sandstorm|[upkeep]
|upkeep
|turn|80
|
|t:|1633811952
|move|p2a: Corviknight|Brave Bird|p1a: Hippowdon
|-damage|p1a: Hippowdon|47/100
|-damage|p2a: Corviknight|72/100|[from] Recoil
|move|p1a: Hippowdon|Slack Off|p1a: Hippowdon
|-heal|p1a: Hippowdon|97/100
|
|-weather|Sandstorm|[upkeep]
|upkeep
|turn|81
|
|t:|1633811963
|move|p2a: Corviknight|U-turn|p1a: Hippowdon
|-damage|p1a: Hippowdon|87/100
|
|t:|1633811965
|switch|p2a: Slowbro|Slowbro, F|79/100 tox|[from]move: U-turn
|move|p1a: Hippowdon|Whirlwind|p2a: Slowbro
|drag|p2a: Corviknight|Corviknight, M|72/100
|-ability|p2a: Corviknight|Pressure
|
|-weather|none
|upkeep
|turn|82
|
|t:|1633811978
|move|p2a: Corviknight|Brave Bird|p1a: Hippowdon
|-damage|p1a: Hippowdon|59/100
|-damage|p2a: Corviknight|63/100|[from] Recoil
|move|p1a: Hippowdon|Slack Off|p1a: Hippowdon
|-heal|p1a: Hippowdon|100/100
|
|upkeep
|turn|83
|
|t:|1633811985
|move|p2a: Corviknight|Brave Bird|p1a: Hippowdon
|-damage|p1a: Hippowdon|74/100
|-damage|p2a: Corviknight|53/100|[from] Recoil
|move|p1a: Hippowdon|Earthquake|p2a: Corviknight
|-immune|p2a: Corviknight
|
|upkeep
|turn|84
|
|t:|1633811990
|move|p2a: Corviknight|Roost|p2a: Corviknight
|-heal|p2a: Corviknight|100/100
|-singleturn|p2a: Corviknight|move: Roost
|move|p1a: Hippowdon|Earthquake|p2a: Corviknight
|-supereffective|p2a: Corviknight
|-damage|p2a: Corviknight|51/100
|
|upkeep
|turn|85
|
|t:|1633812006
|move|p2a: Corviknight|Defog|p1a: Hippowdon
|-unboost|p1a: Hippowdon|evasion|1
|move|p1a: Hippowdon|Slack Off|p1a: Hippowdon
|-heal|p1a: Hippowdon|100/100
|
|upkeep
|turn|86
|
|t:|1633812011
|move|p2a: Corviknight|Roost|p2a: Corviknight
|-heal|p2a: Corviknight|100/100
|-singleturn|p2a: Corviknight|move: Roost
|move|p1a: Hippowdon|Whirlwind|p2a: Corviknight
|drag|p2a: Dragapult|Dragapult, M|52/100
|
|upkeep
|turn|87
|
|t:|1633812023
|move|p2a: Dragapult|U-turn|p1a: Hippowdon
|-damage|p1a: Hippowdon|88/100
|
|t:|1633812026
|switch|p2a: Corviknight|Corviknight, M|100/100|[from]move: U-turn
|-ability|p2a: Corviknight|Pressure
|move|p1a: Hippowdon|Toxic|p2a: Corviknight
|-immune|p2a: Corviknight
|
|upkeep
|turn|88
|
|t:|1633812033
|switch|p1a: Toxapex|Toxapex, F|100/100
|move|p2a: Corviknight|U-turn|p1a: Toxapex
|-resisted|p1a: Toxapex
|-damage|p1a: Toxapex|96/100
|
|t:|1633812039
|switch|p2a: Slowbro|Slowbro, F|100/100 tox|[from]move: U-turn
|
|-heal|p1a: Toxapex|100/100|[from] item: Black Sludge
|-damage|p2a: Slowbro|94/100 tox|[from] psn
|upkeep
|turn|89
|
|t:|1633812047
|switch|p1a: Blissey|Blissey, F|59/100
|move|p2a: Slowbro|Teleport|p2a: Slowbro
|
|t:|1633812050
|switch|p2a: Zeraora|Zeraora|40/100|[from]move: Teleport
|
|upkeep
|turn|90
|
|t:|1633812057
|switch|p1a: Hippowdon|Hippowdon, F|88/100
|-weather|Sandstorm|[from] ability: Sand Stream|[of] p1a: Hippowdon
|move|p2a: Zeraora|Close Combat|p1a: Hippowdon
|-damage|p1a: Hippowdon|62/100
|-unboost|p2a: Zeraora|def|1
|-unboost|p2a: Zeraora|spd|1
|
|-weather|Sandstorm|[upkeep]
|-damage|p2a: Zeraora|34/100|[from] Sandstorm
|upkeep
|turn|91
|
|t:|1633812064
|switch|p2a: Corviknight|Corviknight, M|100/100
|-ability|p2a: Corviknight|Pressure
|move|p1a: Hippowdon|Whirlwind|p2a: Corviknight
|drag|p2a: Zeraora|Zeraora|34/100
|
|-weather|Sandstorm|[upkeep]
|-damage|p2a: Zeraora|28/100|[from] Sandstorm
|upkeep
|turn|92
|
|t:|1633812072
|switch|p2a: Corviknight|Corviknight, M|100/100
|-ability|p2a: Corviknight|Pressure
|move|p1a: Hippowdon|Slack Off|p1a: Hippowdon
|-heal|p1a: Hippowdon|100/100
|
|-weather|Sandstorm|[upkeep]
|upkeep
|turn|93
|
|t:|1633812079
|move|p2a: Corviknight|Brave Bird|p1a: Hippowdon
|-damage|p1a: Hippowdon|75/100
|-damage|p2a: Corviknight|92/100|[from] Recoil
|move|p1a: Hippowdon|Whirlwind|p2a: Corviknight
|drag|p2a: Landorus|Landorus-Therian, M|3/100 tox
|-ability|p2a: Landorus|Intimidate|boost
|-unboost|p1a: Hippowdon|atk|1
|
|-weather|Sandstorm|[upkeep]
|-damage|p2a: Landorus|0 fnt|[from] psn
|faint|p2a: Landorus
|upkeep
|
|t:|1633812083
|switch|p2a: Corviknight|Corviknight, M|92/100
|-ability|p2a: Corviknight|Pressure
|turn|94
|
|t:|1633812093
|move|p2a: Corviknight|Brave Bird|p1a: Hippowdon
|-damage|p1a: Hippowdon|52/100
|-damage|p2a: Corviknight|83/100|[from] Recoil
|move|p1a: Hippowdon|Whirlwind|p2a: Corviknight
|drag|p2a: Dragapult|Dragapult, M|52/100
|
|-weather|none
|upkeep
|turn|95
|inactive|Justin UA has 120 seconds left.
|
|t:|1633812127
|move|p2a: Dragapult|U-turn|p1a: Hippowdon
|-damage|p1a: Hippowdon|40/100
|
|t:|1633812130
|switch|p2a: Corviknight|Corviknight, M|83/100|[from]move: U-turn
|-ability|p2a: Corviknight|Pressure
|move|p1a: Hippowdon|Slack Off|p1a: Hippowdon
|-heal|p1a: Hippowdon|90/100
|
|upkeep
|turn|96
|
|t:|1633812152
|move|p2a: Corviknight|U-turn|p1a: Hippowdon
|-damage|p1a: Hippowdon|80/100
|
|t:|1633812155
|switch|p2a: Slowbro|Slowbro, F|100/100 tox|[from]move: U-turn
|move|p1a: Hippowdon|Whirlwind|p2a: Slowbro
|drag|p2a: Dragapult|Dragapult, M|52/100
|
|upkeep
|turn|97
|
|t:|1633812163
|move|p2a: Dragapult|U-turn|p1a: Hippowdon
|-damage|p1a: Hippowdon|68/100
|
|t:|1633812166
|switch|p2a: Corviknight|Corviknight, M|83/100|[from]move: U-turn
|-ability|p2a: Corviknight|Pressure
|move|p1a: Hippowdon|Toxic|p2a: Corviknight
|-immune|p2a: Corviknight
|
|upkeep
|turn|98
|
|t:|1633812175
|move|p2a: Corviknight|Brave Bird|p1a: Hippowdon
|-damage|p1a: Hippowdon|40/100
|-damage|p2a: Corviknight|74/100|[from] Recoil
|move|p1a: Hippowdon|Slack Off|p1a: Hippowdon
|-heal|p1a: Hippowdon|90/100
|
|upkeep
|turn|99
|inactive|Justin UA has 120 seconds left.
|inactive|Justin UA has 90 seconds left.
|
|t:|1633812237
|switch|p1a: Tornadus|Tornadus-Therian, M|100/100
|move|p2a: Corviknight|Brave Bird|p1a: Tornadus
|-damage|p1a: Tornadus|64/100
|-damage|p2a: Corviknight|63/100|[from] Recoil
|
|upkeep
|turn|100
|
|t:|1633812247
|move|p1a: Tornadus|Heat Wave|p2a: Corviknight
|-supereffective|p2a: Corviknight
|-damage|p2a: Corviknight|20/100
|move|p2a: Corviknight|Roost|p2a: Corviknight
|-heal|p2a: Corviknight|70/100
|-singleturn|p2a: Corviknight|move: Roost
|
|upkeep
|turn|101
|
|t:|1633812256
|switch|p2a: Slowbro|Slowbro, F|100/100 tox
|move|p1a: Tornadus|Heat Wave|p2a: Slowbro
|-resisted|p2a: Slowbro
|-damage|p2a: Slowbro|88/100 tox
|
|-damage|p2a: Slowbro|81/100 tox|[from] psn
|upkeep
|turn|102
|
|t:|1633812265
|move|p1a: Tornadus|Hurricane|p2a: Slowbro
|-damage|p2a: Slowbro|39/100 tox
|move|p2a: Slowbro|Teleport|p2a: Slowbro
|
|t:|1633812268
|switch|p2a: Dragapult|Dragapult, M|52/100|[from]move: Teleport
|
|upkeep
|turn|103
|
|t:|1633812274
|switch|p1a: Toxapex|Toxapex, F|100/100
|move|p2a: Dragapult|U-turn|p1a: Toxapex
|-resisted|p1a: Toxapex
|-damage|p1a: Toxapex|94/100
|
|t:|1633812278
|switch|p2a: Slowbro|Slowbro, F|72/100 tox|[from]move: U-turn
|
|-heal|p1a: Toxapex|100/100|[from] item: Black Sludge
|-damage|p2a: Slowbro|66/100 tox|[from] psn
|upkeep
|turn|104
|
|t:|1633812293
|switch|p1a: Blissey|Blissey, F|59/100
|move|p2a: Slowbro|Teleport|p2a: Slowbro
|
|t:|1633812308
|switch|p2a: Zeraora|Zeraora|28/100|[from]move: Teleport
|
|upkeep
|turn|105
|
|t:|1633812314
|switch|p1a: Hippowdon|Hippowdon, F|90/100
|-weather|Sandstorm|[from] ability: Sand Stream|[of] p1a: Hippowdon
|move|p2a: Zeraora|Plasma Fists|p1a: Hippowdon
|-immune|p1a: Hippowdon
|
|-weather|Sandstorm|[upkeep]
|-damage|p2a: Zeraora|22/100|[from] Sandstorm
|upkeep
|turn|106
|
|t:|1633812324
|switch|p2a: Corviknight|Corviknight, M|70/100
|-ability|p2a: Corviknight|Pressure
|move|p1a: Hippowdon|Whirlwind|p2a: Corviknight
|drag|p2a: Slowbro|Slowbro, F|99/100 tox
|
|-weather|Sandstorm|[upkeep]
|-damage|p2a: Slowbro|93/100 tox|[from] Sandstorm
|-damage|p2a: Slowbro|87/100 tox|[from] psn
|upkeep
|turn|107
|inactive|hf1 has 120 seconds left.
|
|t:|1633812346
|switch|p1a: Tornadus|Tornadus-Therian, M|97/100
|move|p2a: Slowbro|Scald|p1a: Tornadus
|-damage|p1a: Tornadus|67/100
|
|-weather|Sandstorm|[upkeep]
|-damage|p1a: Tornadus|61/100|[from] Sandstorm
|-damage|p2a: Slowbro|81/100 tox|[from] Sandstorm
|-damage|p2a: Slowbro|69/100 tox|[from] psn
|upkeep
|turn|108
|inactive|hf1 has 120 seconds left.
|inactive|Justin UA has 90 seconds left.
|
|t:|1633812391
|switch|p1a: Blissey|Blissey, F|59/100
|move|p2a: Slowbro|Teleport|p2a: Slowbro
|
|t:|1633812396
|switch|p2a: Corviknight|Corviknight, M|70/100|[from]move: Teleport
|-ability|p2a: Corviknight|Pressure
|
|-weather|Sandstorm|[upkeep]
|-damage|p1a: Blissey|53/100|[from] Sandstorm
|upkeep
|turn|109
|inactive|hf1 has 120 seconds left.
|
|t:|1633812404
|move|p2a: Corviknight|Brave Bird|p1a: Blissey
|-damage|p1a: Blissey|24/100
|-damage|p2a: Corviknight|53/100|[from] Recoil
|move|p1a: Blissey|Soft-Boiled|p1a: Blissey
|-heal|p1a: Blissey|74/100
|
|-weather|none
|upkeep
|turn|110
|inactive|hf1 has 120 seconds left.
|
|t:|1633812416
|switch|p2a: Dragapult|Dragapult, M|52/100
|move|p1a: Blissey|Seismic Toss|p2a: Dragapult
|-immune|p2a: Dragapult
|
|upkeep
|turn|111
|
|t:|1633812422
|move|p2a: Dragapult|Shadow Ball|p1a: Blissey
|-immune|p1a: Blissey
|move|p1a: Blissey|Soft-Boiled|p1a: Blissey
|-heal|p1a: Blissey|100/100
|
|upkeep
|turn|112
|
|t:|1633812427
|move|p2a: Dragapult|Shadow Ball|p1a: Blissey
|-immune|p1a: Blissey
|move|p1a: Blissey|Teleport|p1a: Blissey
|
|t:|1633812436
|switch|p1a: Toxapex|Toxapex, F|100/100|[from]move: Teleport
|
|upkeep
|turn|113
|inactive|Justin UA has 90 seconds left.
|inactive|Justin UA has 60 seconds left.
|
|t:|1633812497
|switch|p2a: Slowbro|Slowbro, F|100/100 tox
|move|p1a: Toxapex|Toxic|p2a: Slowbro
|-fail|p2a: Slowbro|tox
|
|-damage|p2a: Slowbro|94/100 tox|[from] psn
|upkeep
|turn|114
|inactive|hf1 has 120 seconds left.
|
|t:|1633812516
|switch|p1a: Tornadus|Tornadus-Therian, M|94/100
|move|p2a: Slowbro|Scald|p1a: Tornadus
|-damage|p1a: Tornadus|67/100
|
|-damage|p2a: Slowbro|82/100 tox|[from] psn
|upkeep
|turn|115
|
|t:|1633812527
|move|p1a: Tornadus|Hurricane|p2a: Slowbro
|-crit|p2a: Slowbro
|-damage|p2a: Slowbro|23/100 tox
|move|p2a: Slowbro|Teleport|p2a: Slowbro
|
|t:|1633812532
|switch|p2a: Zeraora|Zeraora|22/100|[from]move: Teleport
|
|upkeep
|turn|116
|
|t:|1633812546
|switch|p2a: Corviknight|Corviknight, M|53/100
|-ability|p2a: Corviknight|Pressure
|switch|p1a: Hippowdon|Hippowdon, F|90/100
|-weather|Sandstorm|[from] ability: Sand Stream|[of] p1a: Hippowdon
|
|-weather|Sandstorm|[upkeep]
|upkeep
|turn|117
|inactive|hf1 has 90 seconds left.
|
|t:|1633812575
|move|p2a: Corviknight|Roost|p2a: Corviknight
|-heal|p2a: Corviknight|100/100
|-singleturn|p2a: Corviknight|move: Roost
|move|p1a: Hippowdon|Earthquake|p2a: Corviknight
|-supereffective|p2a: Corviknight
|-damage|p2a: Corviknight|49/100
|
|-weather|Sandstorm|[upkeep]
|upkeep
|turn|118
|
|t:|1633812590
|switch|p1a: Blissey|Blissey, F|100/100
|move|p2a: Corviknight|Roost|p2a: Corviknight
|-heal|p2a: Corviknight|99/100
|-singleturn|p2a: Corviknight|move: Roost
|
|-weather|Sandstorm|[upkeep]
|-damage|p1a: Blissey|94/100|[from] Sandstorm
|upkeep
|turn|119
|
|t:|1633812596
|move|p2a: Corviknight|U-turn|p1a: Blissey
|-damage|p1a: Blissey|82/100
|
|t:|1633812598
|switch|p2a: Dragapult|Dragapult, M|52/100|[from]move: U-turn
|move|p1a: Blissey|Seismic Toss|p2a: Dragapult
|-immune|p2a: Dragapult
|
|-weather|Sandstorm|[upkeep]
|-damage|p2a: Dragapult|46/100|[from] Sandstorm
|-damage|p1a: Blissey|76/100|[from] Sandstorm
|upkeep
|turn|120
|inactive|hf1 has 90 seconds left.
|
|t:|1633812607
|move|p2a: Dragapult|U-turn|p1a: Blissey
|-damage|p1a: Blissey|62/100
|
|t:|1633812611
|switch|p2a: Corviknight|Corviknight, M|99/100|[from]move: U-turn
|-ability|p2a: Corviknight|Pressure
|move|p1a: Blissey|Teleport|p1a: Blissey
|
|t:|1633812617
|switch|p1a: Tornadus|Tornadus-Therian, M|99/100|[from]move: Teleport
|
|-weather|none
|upkeep
|turn|121
|inactive|Justin UA has 60 seconds left.
|inactive|Justin UA has 30 seconds left.
|
|t:|1633812665
|move|p1a: Tornadus|Defog|p2a: Corviknight
|-unboost|p2a: Corviknight|evasion|1
|move|p2a: Corviknight|U-turn|p1a: Tornadus
|-resisted|p1a: Tornadus
|-damage|p1a: Tornadus|93/100
|inactive|Justin UA has 30 seconds left this turn.
|
|t:|1633812668
|switch|p2a: Zeraora|Zeraora|22/100|[from]move: U-turn
|
|upkeep
|turn|122
|
|t:|1633812675
|switch|p1a: Hippowdon|Hippowdon, F|90/100
|-weather|Sandstorm|[from] ability: Sand Stream|[of] p1a: Hippowdon
|move|p2a: Zeraora|Plasma Fists|p1a: Hippowdon
|-immune|p1a: Hippowdon
|
|-weather|Sandstorm|[upkeep]
|-damage|p2a: Zeraora|16/100|[from] Sandstorm
|upkeep
|turn|123
|
|t:|1633812687
|switch|p2a: Corviknight|Corviknight, M|99/100
|-ability|p2a: Corviknight|Pressure
|move|p1a: Hippowdon|Whirlwind|p2a: Corviknight
|drag|p2a: Dragapult|Dragapult, M|46/100
|
|-weather|Sandstorm|[upkeep]
|-damage|p2a: Dragapult|40/100|[from] Sandstorm
|upkeep
|turn|124
|inactive|Justin UA has 30 seconds left.
|inactive|Justin UA has 20 seconds left.
|inactive|Justin UA has 15 seconds left.
|inactive|Justin UA has 10 seconds left.
|inactive|Justin UA has 5 seconds left.
|
|t:|1633812728
|switch|p2a: Slowbro|Slowbro, F|56/100 tox
|move|p1a: Hippowdon|Toxic|p2a: Slowbro
|-fail|p2a: Slowbro|tox
|
|-weather|Sandstorm|[upkeep]
|-damage|p2a: Slowbro|50/100 tox|[from] Sandstorm
|-damage|p2a: Slowbro|44/100 tox|[from] psn
|upkeep
|turn|125
|inactive|Justin UA has 10 seconds left this turn.
|inactive|Justin UA has 5 seconds left.
|inactive|hf1 has 90 seconds left.
|
|t:|1633812739
|switch|p2a: Corviknight|Corviknight, M|99/100
|-ability|p2a: Corviknight|Pressure
|move|p1a: Hippowdon|Whirlwind|p2a: Corviknight
|drag|p2a: Dragapult|Dragapult, M|40/100
|
|-weather|Sandstorm|[upkeep]
|-damage|p2a: Dragapult|34/100|[from] Sandstorm
|upkeep
|turn|126
|inactive|Justin UA has 10 seconds left this turn.
|inactive|hf1 has 90 seconds left.
|
|t:|1633812748
|move|p2a: Dragapult|U-turn|p1a: Hippowdon
|-damage|p1a: Hippowdon|79/100
|inactive|Justin UA has 15 seconds left this turn.
|
|t:|1633812751
|switch|p2a: Corviknight|Corviknight, M|99/100|[from]move: U-turn
|-ability|p2a: Corviknight|Pressure
|move|p1a: Hippowdon|Toxic|p2a: Corviknight|[miss]
|-miss|p1a: Hippowdon|p2a: Corviknight
|
|-weather|none
|upkeep
|turn|127
|inactive|Justin UA has 20 seconds left this turn.
|inactive|Justin UA has 15 seconds left.
|inactive|hf1 has 90 seconds left.
|
|t:|1633812773
|switch|p1a: Toxapex|Toxapex, F|100/100
|move|p2a: Corviknight|Brave Bird|p1a: Toxapex
|-damage|p1a: Toxapex|75/100
|-damage|p2a: Corviknight|93/100|[from] Recoil
|
|-heal|p1a: Toxapex|81/100|[from] item: Black Sludge
|upkeep
|turn|128
|inactive|Justin UA has 20 seconds left this turn.
|inactive|Justin UA has 15 seconds left.
|
|t:|1633812779
|switch|p2a: Slowbro|Slowbro, F|77/100 tox
|move|p1a: Toxapex|Scald|p2a: Slowbro
|-resisted|p2a: Slowbro
|-damage|p2a: Slowbro|69/100 tox
|
|-heal|p1a: Toxapex|87/100|[from] item: Black Sludge
|-damage|p2a: Slowbro|63/100 tox|[from] psn
|upkeep
|turn|129
|inactive|Justin UA has 20 seconds left this turn.
|
|t:|1633812799
|move|p1a: Toxapex|Scald|p2a: Slowbro
|-resisted|p2a: Slowbro
|-damage|p2a: Slowbro|55/100 tox
|move|p2a: Slowbro|Future Sight|p1a: Toxapex
|-start|p2a: Slowbro|move: Future Sight
|
|-heal|p1a: Toxapex|93/100|[from] item: Black Sludge
|-damage|p2a: Slowbro|43/100 tox|[from] psn
|upkeep
|turn|130
|inactive|Justin UA has 25 seconds left this turn.
|
|t:|1633812815
|switch|p1a: Hippowdon|Hippowdon, F|79/100
|-weather|Sandstorm|[from] ability: Sand Stream|[of] p1a: Hippowdon
|move|p2a: Slowbro|Teleport|p2a: Slowbro
|inactive|Justin UA has 30 seconds left this turn.
|
|t:|1633812821
|switch|p2a: Dragapult|Dragapult, M|34/100|[from]move: Teleport
|
|-weather|Sandstorm|[upkeep]
|-damage|p2a: Dragapult|28/100|[from] Sandstorm
|upkeep
|turn|131
|inactive|Justin UA has 30 seconds left this turn.
|
|t:|1633812828
|switch|p1a: Blissey|Blissey, F|62/100
|move|p2a: Dragapult|U-turn|p1a: Blissey
|-damage|p1a: Blissey|48/100
|
|t:|1633812831
|switch|p2a: Zeraora|Zeraora|16/100|[from]move: U-turn
|
|-weather|Sandstorm|[upkeep]
|-damage|p2a: Zeraora|10/100|[from] Sandstorm
|-damage|p1a: Blissey|42/100|[from] Sandstorm
|-end|p1a: Blissey|move: Future Sight
|-damage|p1a: Blissey|26/100
|upkeep
|turn|132
|
|t:|1633812845
|switch|p2a: Corviknight|Corviknight, M|93/100
|-ability|p2a: Corviknight|Pressure
|switch|p1a: Hippowdon|Hippowdon, F|79/100
|
|-weather|Sandstorm|[upkeep]
|upkeep
|turn|133
|
|t:|1633812856
|switch|p1a: Tornadus|Tornadus-Therian, M|100/100
|move|p2a: Corviknight|Brave Bird|p1a: Tornadus
|-damage|p1a: Tornadus|63/100
|-damage|p2a: Corviknight|82/100|[from] Recoil
|
|-weather|Sandstorm|[upkeep]
|-damage|p1a: Tornadus|57/100|[from] Sandstorm
|upkeep
|turn|134
|
|t:|1633812860
|switch|p2a: Slowbro|Slowbro, F|76/100 tox
|move|p1a: Tornadus|Heat Wave|p2a: Slowbro
|-resisted|p2a: Slowbro
|-damage|p2a: Slowbro|64/100 tox
|
|-weather|none
|-damage|p2a: Slowbro|58/100 tox|[from] psn
|upkeep
|turn|135
|
|t:|1633812866
|switch|p1a: Blissey|Blissey, F|26/100
|move|p2a: Slowbro|Teleport|p2a: Slowbro
|
|t:|1633812871
|switch|p2a: Zeraora|Zeraora|10/100|[from]move: Teleport
|
|upkeep
|turn|136
|
|t:|1633812886
|switch|p2a: Corviknight|Corviknight, M|82/100
|-ability|p2a: Corviknight|Pressure
|switch|p1a: Hippowdon|Hippowdon, F|79/100
|-weather|Sandstorm|[from] ability: Sand Stream|[of] p1a: Hippowdon
|
|-weather|Sandstorm|[upkeep]
|upkeep
|turn|137
|
|t:|1633812893
|move|p2a: Corviknight|U-turn|p1a: Hippowdon
|-damage|p1a: Hippowdon|68/100
|
|t:|1633812895
|switch|p2a: Slowbro|Slowbro, F|91/100 tox|[from]move: U-turn
|move|p1a: Hippowdon|Whirlwind|p2a: Slowbro
|drag|p2a: Corviknight|Corviknight, M|82/100
|-ability|p2a: Corviknight|Pressure
|
|-weather|Sandstorm|[upkeep]
|upkeep
|turn|138
|
|t:|1633812909
|switch|p1a: Toxapex|Toxapex, F|100/100
|move|p2a: Corviknight|Brave Bird|p1a: Toxapex
|-damage|p1a: Toxapex|75/100
|-damage|p2a: Corviknight|75/100|[from] Recoil
|
|-weather|Sandstorm|[upkeep]
|-damage|p1a: Toxapex|68/100|[from] Sandstorm
|-heal|p1a: Toxapex|75/100|[from] item: Black Sludge
|upkeep
|turn|139
|inactive|hf1 has 60 seconds left.
|
|t:|1633812925
|move|p2a: Corviknight|U-turn|p1a: Toxapex
|-resisted|p1a: Toxapex
|-damage|p1a: Toxapex|70/100
|inactive|Justin UA has 60 seconds left.
|
|t:|1633812946
|switch|p2a: Slowbro|Slowbro, F|100/100 tox|[from]move: U-turn
|move|p1a: Toxapex|Scald|p2a: Slowbro
|-resisted|p2a: Slowbro
|-damage|p2a: Slowbro|93/100 tox
|
|-weather|Sandstorm|[upkeep]
|-damage|p1a: Toxapex|64/100|[from] Sandstorm
|-damage|p2a: Slowbro|87/100 tox|[from] Sandstorm
|-heal|p1a: Toxapex|70/100|[from] item: Black Sludge
|-damage|p2a: Slowbro|80/100 tox|[from] psn
|upkeep
|turn|140
|inactive|hf1 has 60 seconds left.
|
|t:|1633812956
|switch|p1a: Tornadus|Tornadus-Therian, M|90/100
|move|p2a: Slowbro|Teleport|p2a: Slowbro
|inactive|Justin UA has 60 seconds left.
|
|t:|1633812964
|switch|p2a: Corviknight|Corviknight, M|75/100|[from]move: Teleport
|-ability|p2a: Corviknight|Pressure
|
|-weather|none
|upkeep
|turn|141
|
|t:|1633812969
|move|p1a: Tornadus|Heat Wave|p2a: Corviknight
|-supereffective|p2a: Corviknight
|-damage|p2a: Corviknight|34/100
|move|p2a: Corviknight|Roost|p2a: Corviknight
|-heal|p2a: Corviknight|84/100
|-singleturn|p2a: Corviknight|move: Roost
|
|upkeep
|turn|142
|
|t:|1633812979
|switch|p1a: Blissey|Blissey, F|26/100
|switch|p2a: Slowbro|Slowbro, F|100/100 tox
|
|-damage|p2a: Slowbro|94/100 tox|[from] psn
|upkeep
|turn|143
|
|t:|1633812984
|move|p1a: Blissey|Soft-Boiled|p1a: Blissey
|-heal|p1a: Blissey|76/100
|move|p2a: Slowbro|Scald|p1a: Blissey
|-damage|p1a: Blissey|65/100
|
|-damage|p2a: Slowbro|82/100 tox|[from] psn
|upkeep
|turn|144
|
|t:|1633812993
|move|p1a: Blissey|Soft-Boiled|p1a: Blissey
|-heal|p1a: Blissey|100/100
|move|p2a: Slowbro|Future Sight|p1a: Blissey
|-start|p2a: Slowbro|move: Future Sight
|
|-damage|p2a: Slowbro|64/100 tox|[from] psn
|upkeep
|turn|145
|
|t:|1633812999
|switch|p2a: Dragapult|Dragapult, M|28/100
|move|p1a: Blissey|Seismic Toss|p2a: Dragapult
|-immune|p2a: Dragapult
|
|upkeep
|turn|146
|
|t:|1633813005
|move|p2a: Dragapult|U-turn|p1a: Blissey
|-damage|p1a: Blissey|86/100
|
|t:|1633813009
|switch|p2a: Slowbro|Slowbro, F|97/100 tox|[from]move: U-turn
|move|p1a: Blissey|Teleport|p1a: Blissey
|
|t:|1633813012
|switch|p1a: Hippowdon|Hippowdon, F|68/100|[from]move: Teleport
|-weather|Sandstorm|[from] ability: Sand Stream|[of] p1a: Hippowdon
|
|-weather|Sandstorm|[upkeep]
|-damage|p2a: Slowbro|91/100 tox|[from] Sandstorm
|-end|p1a: Hippowdon|move: Future Sight
|-damage|p1a: Hippowdon|41/100
|-damage|p2a: Slowbro|85/100 tox|[from] psn
|upkeep
|turn|147
|inactive|Justin UA has 90 seconds left.
|
|t:|1633813043
|move|p1a: Hippowdon|Slack Off|p1a: Hippowdon
|-heal|p1a: Hippowdon|91/100
|move|p2a: Slowbro|Scald|p1a: Hippowdon
|-supereffective|p1a: Hippowdon
|-damage|p1a: Hippowdon|49/100
|
|-weather|Sandstorm|[upkeep]
|-damage|p2a: Slowbro|79/100 tox|[from] Sandstorm
|-damage|p2a: Slowbro|67/100 tox|[from] psn
|upkeep
|turn|148
|inactive|hf1 has 90 seconds left.
|
|t:|1633813049
|move|p1a: Hippowdon|Slack Off|p1a: Hippowdon
|-heal|p1a: Hippowdon|99/100
|move|p2a: Slowbro|Scald|p1a: Hippowdon
|-supereffective|p1a: Hippowdon
|-damage|p1a: Hippowdon|59/100
|
|-weather|Sandstorm|[upkeep]
|-damage|p2a: Slowbro|61/100 tox|[from] Sandstorm
|-damage|p2a: Slowbro|42/100 tox|[from] psn
|upkeep
|turn|149
|inactive|hf1 has 90 seconds left.
Justin UA is offering a tie.
|
|t:|1633813063
|switch|p1a: Toxapex|Toxapex, F|100/100
|switch|p2a: Corviknight|Corviknight, M|84/100
|-ability|p2a: Corviknight|Pressure
|
|-weather|Sandstorm|[upkeep]
|-damage|p1a: Toxapex|94/100|[from] Sandstorm
|-heal|p1a: Toxapex|100/100|[from] item: Black Sludge
|upkeep
|turn|150
|
|t:|1633813080
|move|p2a: Corviknight|U-turn|p1a: Toxapex
|-resisted|p1a: Toxapex
|-damage|p1a: Toxapex|96/100
|
|t:|1633813082
|switch|p2a: Slowbro|Slowbro, F|76/100 tox|[from]move: U-turn
|move|p1a: Toxapex|Scald|p2a: Slowbro
|-resisted|p2a: Slowbro
|-damage|p2a: Slowbro|67/100 tox
|
|-weather|none
|-heal|p1a: Toxapex|100/100|[from] item: Black Sludge
|-damage|p2a: Slowbro|61/100 tox|[from] psn
|upkeep
|turn|151
|
|t:|1633813095
|move|p1a: Toxapex|Toxic|p2a: Slowbro
|-fail|p2a: Slowbro|tox
|move|p2a: Slowbro|Scald|p1a: Toxapex
|-resisted|p1a: Toxapex
|-damage|p1a: Toxapex|91/100
|
|-heal|p1a: Toxapex|98/100|[from] item: Black Sludge
|-damage|p2a: Slowbro|49/100 tox|[from] psn
|upkeep
|turn|152
|
|t:|1633813101
|move|p1a: Toxapex|Scald|p2a: Slowbro
|-resisted|p2a: Slowbro
|-damage|p2a: Slowbro|41/100 tox
|move|p2a: Slowbro|Teleport|p2a: Slowbro
|
|t:|1633813104
|switch|p2a: Corviknight|Corviknight, M|84/100|[from]move: Teleport
|-ability|p2a: Corviknight|Pressure
|
|-heal|p1a: Toxapex|100/100|[from] item: Black Sludge
|upkeep
|turn|153
|
|t:|1633813107
|switch|p2a: Slowbro|Slowbro, F|74/100 tox
|move|p1a: Toxapex|Scald|p2a: Slowbro
|-resisted|p2a: Slowbro
|-damage|p2a: Slowbro|67/100 tox
|
|-damage|p2a: Slowbro|61/100 tox|[from] psn
|upkeep
|turn|154
|
|t:|1633813113
|switch|p1a: Hippowdon|Hippowdon, F|59/100
|-weather|Sandstorm|[from] ability: Sand Stream|[of] p1a: Hippowdon
|move|p2a: Slowbro|Teleport|p2a: Slowbro
|inactive|Justin UA has 90 seconds left.
|
|t:|1633813118
|switch|p2a: Corviknight|Corviknight, M|84/100|[from]move: Teleport
|-ability|p2a: Corviknight|Pressure
|
|-weather|Sandstorm|[upkeep]
|upkeep
|turn|155
|
|t:|1633813125
|move|p2a: Corviknight|Brave Bird|p1a: Hippowdon
|-damage|p1a: Hippowdon|32/100
|-damage|p2a: Corviknight|75/100|[from] Recoil
|move|p1a: Hippowdon|Whirlwind|p2a: Corviknight
|drag|p2a: Zeraora|Zeraora|10/100
|
|-weather|Sandstorm|[upkeep]
|-damage|p2a: Zeraora|4/100|[from] Sandstorm
|upkeep
|turn|156
|
|t:|1633813130
|switch|p2a: Slowbro|Slowbro, F|94/100 tox
|move|p1a: Hippowdon|Slack Off|p1a: Hippowdon
|-heal|p1a: Hippowdon|82/100
|
|-weather|Sandstorm|[upkeep]
|-damage|p2a: Slowbro|88/100 tox|[from] Sandstorm
|-damage|p2a: Slowbro|82/100 tox|[from] psn
|upkeep
|turn|157
|inactive|hf1 has 60 seconds left.
|
|t:|1633813145
|switch|p1a: Toxapex|Toxapex, F|100/100
|move|p2a: Slowbro|Scald|p1a: Toxapex
|-resisted|p1a: Toxapex
|-damage|p1a: Toxapex|92/100
|-status|p1a: Toxapex|brn
|
|-weather|Sandstorm|[upkeep]
|-damage|p1a: Toxapex|85/100 brn|[from] Sandstorm
|-damage|p2a: Slowbro|76/100 tox|[from] Sandstorm
|-heal|p1a: Toxapex|92/100 brn|[from] item: Black Sludge
|-damage|p2a: Slowbro|63/100 tox|[from] psn
|-damage|p1a: Toxapex|85/100 brn|[from] brn
|upkeep
|turn|158
|inactive|hf1 has 60 seconds left.
|inactive|Justin UA has 90 seconds left.
|
|t:|1633813177
|move|p1a: Toxapex|Scald|p2a: Slowbro
|-resisted|p2a: Slowbro
|-damage|p2a: Slowbro|56/100 tox
|move|p2a: Slowbro|Future Sight|p1a: Toxapex
|-start|p2a: Slowbro|move: Future Sight
|
|-weather|none
|-heal|p1a: Toxapex|92/100 brn|[from] item: Black Sludge
|-damage|p2a: Slowbro|38/100 tox|[from] psn
|-damage|p1a: Toxapex|85/100 brn|[from] brn
|upkeep
|turn|159
|
|t:|1633813190
|switch|p1a: Hippowdon|Hippowdon, F|82/100
|-weather|Sandstorm|[from] ability: Sand Stream|[of] p1a: Hippowdon
|move|p2a: Slowbro|Teleport|p2a: Slowbro
|
|t:|1633813198
|switch|p2a: Corviknight|Corviknight, M|75/100|[from]move: Teleport
|-ability|p2a: Corviknight|Pressure
|
|-weather|Sandstorm|[upkeep]
|upkeep
|turn|160
|
|t:|1633813205
|switch|p1a: Tornadus|Tornadus-Therian, M|100/100
|move|p2a: Corviknight|Brave Bird|p1a: Tornadus
|-crit|p1a: Tornadus
|-damage|p1a: Tornadus|46/100
|-damage|p2a: Corviknight|58/100|[from] Recoil
|
|-weather|Sandstorm|[upkeep]
|-damage|p1a: Tornadus|39/100|[from] Sandstorm
|-end|p1a: Tornadus|move: Future Sight
|-damage|p1a: Tornadus|0 fnt
|faint|p1a: Tornadus
|upkeep
|
|t:|1633813220
|switch|p1a: Toxapex|Toxapex, F|100/100 brn
|turn|161
|
|t:|1633813224
|switch|p2a: Slowbro|Slowbro, F|71/100 tox
|move|p1a: Toxapex|Scald|p2a: Slowbro
|-resisted|p2a: Slowbro
|-damage|p2a: Slowbro|63/100 tox
|
|-weather|Sandstorm|[upkeep]
|-damage|p1a: Toxapex|94/100 brn|[from] Sandstorm
|-damage|p2a: Slowbro|57/100 tox|[from] Sandstorm
|-heal|p1a: Toxapex|100/100 brn|[from] item: Black Sludge
|-damage|p2a: Slowbro|51/100 tox|[from] psn
|-damage|p1a: Toxapex|94/100 brn|[from] brn
|upkeep
|turn|162
|inactive|hf1 has 30 seconds left.
|
|t:|1633813237
|switch|p1a: Blissey|Blissey, F|86/100
|move|p2a: Slowbro|Slack Off|p2a: Slowbro
|-heal|p2a: Slowbro|100/100 tox
|
|-weather|Sandstorm|[upkeep]
|-damage|p1a: Blissey|80/100|[from] Sandstorm
|-damage|p2a: Slowbro|94/100 tox|[from] Sandstorm
|-damage|p2a: Slowbro|82/100 tox|[from] psn
|upkeep
|turn|163
|inactive|hf1 has 30 seconds left this turn.
|
|t:|1633813243
|move|p1a: Blissey|Aromatherapy|p1a: Blissey
|-activate|p1a: Blissey|move: Aromatherapy
|-curestatus|p1: Toxapex|brn|[msg]
|move|p2a: Slowbro|Teleport|p2a: Slowbro
|inactive|hf1 has 30 seconds left this turn.
|
|t:|1633813245
|switch|p2a: Corviknight|Corviknight, M|58/100|[from]move: Teleport
|-ability|p2a: Corviknight|Pressure
|
|-weather|none
|upkeep
|turn|164
|inactive|hf1 has 30 seconds left this turn.
|
|t:|1633813253
|move|p2a: Corviknight|Roost|p2a: Corviknight
|-heal|p2a: Corviknight|100/100
|-singleturn|p2a: Corviknight|move: Roost
|move|p1a: Blissey|Teleport|p1a: Blissey
|inactive|hf1 has 30 seconds left this turn.
|
|t:|1633813258
|switch|p1a: Hippowdon|Hippowdon, F|82/100|[from]move: Teleport
|-weather|Sandstorm|[from] ability: Sand Stream|[of] p1a: Hippowdon
|
|-weather|Sandstorm|[upkeep]
|upkeep
|turn|165
|inactive|hf1 has 25 seconds left this turn.
|inactive|hf1 has 20 seconds left.
|
|t:|1633813264
|switch|p1a: Toxapex|Toxapex, F|100/100
|move|p2a: Corviknight|Defog|p1a: Toxapex
|-unboost|p1a: Toxapex|evasion|1
|
|-weather|Sandstorm|[upkeep]
|-damage|p1a: Toxapex|94/100|[from] Sandstorm
|-heal|p1a: Toxapex|100/100|[from] item: Black Sludge
|upkeep
|turn|166
|inactive|hf1 has 25 seconds left this turn.
|
|t:|1633813268
|move|p2a: Corviknight|U-turn|p1a: Toxapex
|-resisted|p1a: Toxapex
|-damage|p1a: Toxapex|96/100
|inactive|hf1 has 25 seconds left this turn.
|
|t:|1633813271
|switch|p2a: Slowbro|Slowbro, F|100/100 tox|[from]move: U-turn
|move|p1a: Toxapex|Scald|p2a: Slowbro
|-resisted|p2a: Slowbro
|-damage|p2a: Slowbro|93/100 tox
|
|-weather|Sandstorm|[upkeep]
|-damage|p1a: Toxapex|89/100|[from] Sandstorm
|-damage|p2a: Slowbro|87/100 tox|[from] Sandstorm
|-heal|p1a: Toxapex|96/100|[from] item: Black Sludge
|-damage|p2a: Slowbro|81/100 tox|[from] psn
|upkeep
|turn|167
|inactive|hf1 has 30 seconds left this turn.
|
|t:|1633813278
|switch|p1a: Blissey|Blissey, F|80/100
|move|p2a: Slowbro|Scald|p1a: Blissey
|-damage|p1a: Blissey|69/100
|
|-weather|Sandstorm|[upkeep]
|-damage|p1a: Blissey|63/100|[from] Sandstorm
|-damage|p2a: Slowbro|75/100 tox|[from] Sandstorm
|-damage|p2a: Slowbro|63/100 tox|[from] psn
|upkeep
|turn|168
|inactive|hf1 has 25 seconds left this turn.
|inactive|hf1 has 20 seconds left.
|
|t:|1633813286
|move|p1a: Blissey|Seismic Toss|p2a: Slowbro
|-damage|p2a: Slowbro|37/100 tox
|move|p2a: Slowbro|Teleport|p2a: Slowbro
|inactive|hf1 has 25 seconds left this turn.
|
|t:|1633813289
|switch|p2a: Corviknight|Corviknight, M|100/100|[from]move: Teleport
|-ability|p2a: Corviknight|Pressure
|
|-weather|none
|upkeep
|turn|169
|inactive|hf1 has 25 seconds left this turn.
|inactive|hf1 has 20 seconds left.
|
|t:|1633813296
|move|p2a: Corviknight|U-turn|p1a: Blissey
|-damage|p1a: Blissey|50/100
|inactive|hf1 has 25 seconds left this turn.
|
|t:|1633813298
|switch|p2a: Slowbro|Slowbro, F|71/100 tox|[from]move: U-turn
|move|p1a: Blissey|Soft-Boiled|p1a: Blissey
|-heal|p1a: Blissey|99/100
|
|-damage|p2a: Slowbro|64/100 tox|[from] psn
|upkeep
|turn|170
|inactive|hf1 has 25 seconds left this turn.
|
|t:|1633813305
|move|p1a: Blissey|Seismic Toss|p2a: Slowbro
|-damage|p2a: Slowbro|39/100 tox
|move|p2a: Slowbro|Teleport|p2a: Slowbro
|inactive|hf1 has 30 seconds left this turn.
|
|t:|1633813308
|switch|p2a: Corviknight|Corviknight, M|100/100|[from]move: Teleport
|-ability|p2a: Corviknight|Pressure
|
|upkeep
|turn|171
|inactive|hf1 has 30 seconds left this turn.
|inactive|hf1 has 20 seconds left.
|
|t:|1633813319
|move|p2a: Corviknight|Defog|p1a: Blissey
|-unboost|p1a: Blissey|evasion|1
|move|p1a: Blissey|Teleport|p1a: Blissey
|inactive|hf1 has 25 seconds left this turn.
|
|t:|1633813323
|switch|p1a: Toxapex|Toxapex, F|100/100|[from]move: Teleport
|
|upkeep
|turn|172
|inactive|hf1 has 25 seconds left this turn.
|
|t:|1633813328
|move|p2a: Corviknight|U-turn|p1a: Toxapex
|-resisted|p1a: Toxapex
|-damage|p1a: Toxapex|96/100
|inactive|hf1 has 30 seconds left this turn.
|
|t:|1633813331
|switch|p2a: Slowbro|Slowbro, F|72/100 tox|[from]move: U-turn
|move|p1a: Toxapex|Scald|p2a: Slowbro
|-resisted|p2a: Slowbro
|-damage|p2a: Slowbro|64/100 tox
|
|-heal|p1a: Toxapex|100/100|[from] item: Black Sludge
|-damage|p2a: Slowbro|58/100 tox|[from] psn
|upkeep
|turn|173
|inactive|hf1 has 30 seconds left this turn.
|inactive|hf1 has 20 seconds left.
|
|t:|1633813343
|switch|p1a: Hippowdon|Hippowdon, F|82/100
|-weather|Sandstorm|[from] ability: Sand Stream|[of] p1a: Hippowdon
|move|p2a: Slowbro|Scald|p1a: Hippowdon
|-supereffective|p1a: Hippowdon
|-damage|p1a: Hippowdon|39/100
|
|-weather|Sandstorm|[upkeep]
|-damage|p2a: Slowbro|52/100 tox|[from] Sandstorm
|-damage|p2a: Slowbro|40/100 tox|[from] psn
|upkeep
|turn|174
|inactive|hf1 has 25 seconds left this turn.
|inactive|hf1 has 20 seconds left.
|inactive|Justin UA has 90 seconds left.
|
|t:|1633813350
|switch|p2a: Corviknight|Corviknight, M|100/100
|-ability|p2a: Corviknight|Pressure
|move|p1a: Hippowdon|Slack Off|p1a: Hippowdon
|-heal|p1a: Hippowdon|89/100
|
|-weather|Sandstorm|[upkeep]
|upkeep
|turn|175
|inactive|hf1 has 20 seconds left this turn.
|inactive|hf1 has 15 seconds left.
|
|t:|1633813359
|switch|p1a: Toxapex|Toxapex, F|100/100
|move|p2a: Corviknight|U-turn|p1a: Toxapex
|-resisted|p1a: Toxapex
|-damage|p1a: Toxapex|96/100
|inactive|hf1 has 20 seconds left this turn.
|
|t:|1633813362
|switch|p2a: Slowbro|Slowbro, F|73/100 tox|[from]move: U-turn
|
|-weather|Sandstorm|[upkeep]
|-damage|p1a: Toxapex|89/100|[from] Sandstorm
|-damage|p2a: Slowbro|67/100 tox|[from] Sandstorm
|-heal|p1a: Toxapex|96/100|[from] item: Black Sludge
|-damage|p2a: Slowbro|61/100 tox|[from] psn
|upkeep
|turn|176
|inactive|hf1 has 20 seconds left this turn.
|inactive|hf1 has 15 seconds left.
|
|t:|1633813368
|move|p1a: Toxapex|Haze|p1a: Toxapex
|-clearallboost
|move|p2a: Slowbro|Scald|p1a: Toxapex
|-resisted|p1a: Toxapex
|-damage|p1a: Toxapex|86/100
|
|-weather|Sandstorm|[upkeep]
|-damage|p1a: Toxapex|80/100|[from] Sandstorm
|-damage|p2a: Slowbro|55/100 tox|[from] Sandstorm
|-heal|p1a: Toxapex|86/100|[from] item: Black Sludge
|-damage|p2a: Slowbro|43/100 tox|[from] psn
|upkeep
|turn|177
|inactive|hf1 has 20 seconds left this turn.
|
|t:|1633813372
|move|p1a: Toxapex|Haze|p1a: Toxapex
|-clearallboost
|move|p2a: Slowbro|Slack Off|p2a: Slowbro
|-heal|p2a: Slowbro|93/100 tox
|
|-weather|none
|-heal|p1a: Toxapex|93/100|[from] item: Black Sludge
|-damage|p2a: Slowbro|75/100 tox|[from] psn
|upkeep
|turn|178
|inactive|hf1 has 20 seconds left this turn.
|
|t:|1633813375
|move|p1a: Toxapex|Haze|p1a: Toxapex
|-clearallboost
|move|p2a: Slowbro|Teleport|p2a: Slowbro
|inactive|hf1 has 25 seconds left this turn.
|
|t:|1633813380
|switch|p2a: Corviknight|Corviknight, M|100/100|[from]move: Teleport
|-ability|p2a: Corviknight|Pressure
|
|-heal|p1a: Toxapex|99/100|[from] item: Black Sludge
|upkeep
|turn|179
|inactive|hf1 has 25 seconds left this turn.
|
|t:|1633813385
|switch|p2a: Slowbro|Slowbro, F|100/100 tox
|move|p1a: Toxapex|Haze|p1a: Toxapex
|-clearallboost
|
|-heal|p1a: Toxapex|100/100|[from] item: Black Sludge
|-damage|p2a: Slowbro|94/100 tox|[from] psn
|upkeep
|turn|180
|inactive|hf1 has 30 seconds left this turn.
|
|t:|1633813388
|switch|p2a: Corviknight|Corviknight, M|100/100
|-ability|p2a: Corviknight|Pressure
|move|p1a: Toxapex|Scald|p2a: Corviknight
|-damage|p2a: Corviknight|86/100
|-status|p2a: Corviknight|brn
|
|-damage|p2a: Corviknight|80/100 brn|[from] brn
|upkeep
|turn|181
|inactive|hf1 has 30 seconds left this turn.
|
|t:|1633813392
|switch|p2a: Slowbro|Slowbro, F|100/100 tox
|move|p1a: Toxapex|Haze|p1a: Toxapex
|-clearallboost
|
|-damage|p2a: Slowbro|94/100 tox|[from] psn
|upkeep
|turn|182
|inactive|hf1 has 30 seconds left.
|
|t:|1633813398
|switch|p1a: Hippowdon|Hippowdon, F|89/100
|-weather|Sandstorm|[from] ability: Sand Stream|[of] p1a: Hippowdon
|move|p2a: Slowbro|Teleport|p2a: Slowbro
|inactive|hf1 has 30 seconds left this turn.
|
|t:|1633813401
|switch|p2a: Corviknight|Corviknight, M|80/100 brn|[from]move: Teleport
|-ability|p2a: Corviknight|Pressure
|
|-weather|Sandstorm|[upkeep]
|-damage|p2a: Corviknight|74/100 brn|[from] brn
|upkeep
|turn|183
|
|t:|1633813407
|switch|p1a: Toxapex|Toxapex, F|100/100
|move|p2a: Corviknight|U-turn|p1a: Toxapex
|-resisted|p1a: Toxapex
|-damage|p1a: Toxapex|98/100
|
|t:|1633813409
|switch|p2a: Slowbro|Slowbro, F|100/100 tox|[from]move: U-turn
|
|-weather|Sandstorm|[upkeep]
|-damage|p1a: Toxapex|92/100|[from] Sandstorm
|-damage|p2a: Slowbro|94/100 tox|[from] Sandstorm
|-heal|p1a: Toxapex|98/100|[from] item: Black Sludge
|-damage|p2a: Slowbro|88/100 tox|[from] psn
|upkeep
|turn|184
|
|t:|1633813420
|switch|p2a: Corviknight|Corviknight, M|74/100 brn
|-ability|p2a: Corviknight|Pressure
|move|p1a: Toxapex|Haze|p1a: Toxapex
|-clearallboost
|
|-weather|Sandstorm|[upkeep]
|-damage|p1a: Toxapex|92/100|[from] Sandstorm
|-heal|p1a: Toxapex|98/100|[from] item: Black Sludge
|-damage|p2a: Corviknight|67/100 brn|[from] brn
|upkeep
|turn|185
|
|t:|1633813424
|switch|p2a: Slowbro|Slowbro, F|100/100 tox
|move|p1a: Toxapex|Scald|p2a: Slowbro
|-resisted|p2a: Slowbro
|-damage|p2a: Slowbro|93/100 tox
|
|-weather|Sandstorm|[upkeep]
|-damage|p1a: Toxapex|92/100|[from] Sandstorm
|-damage|p2a: Slowbro|87/100 tox|[from] Sandstorm
|-heal|p1a: Toxapex|98/100|[from] item: Black Sludge
|-damage|p2a: Slowbro|80/100 tox|[from] psn
|upkeep
|turn|186
|
|t:|1633813429
|switch|p2a: Corviknight|Corviknight, M|67/100 brn
|-ability|p2a: Corviknight|Pressure
|move|p1a: Toxapex|Haze|p1a: Toxapex
|-clearallboost
|
|-weather|none
|-heal|p1a: Toxapex|100/100|[from] item: Black Sludge
|-damage|p2a: Corviknight|61/100 brn|[from] brn
|upkeep
|turn|187
|
|t:|1633813433
|switch|p2a: Slowbro|Slowbro, F|100/100 tox
|move|p1a: Toxapex|Scald|p2a: Slowbro
|-resisted|p2a: Slowbro
|-damage|p2a: Slowbro|92/100 tox
|
|-damage|p2a: Slowbro|86/100 tox|[from] psn
|upkeep
|turn|188
|
|t:|1633813438
|move|p1a: Toxapex|Scald|p2a: Slowbro
|-resisted|p2a: Slowbro
|-damage|p2a: Slowbro|78/100 tox
|move|p2a: Slowbro|Teleport|p2a: Slowbro
|
|t:|1633813441
|switch|p2a: Corviknight|Corviknight, M|61/100 brn|[from]move: Teleport
|-ability|p2a: Corviknight|Pressure
|
|-damage|p2a: Corviknight|55/100 brn|[from] brn
|upkeep
|turn|189
|
|t:|1633813445
|switch|p2a: Slowbro|Slowbro, F|100/100 tox
|switch|p1a: Hippowdon|Hippowdon, F|89/100
|-weather|Sandstorm|[from] ability: Sand Stream|[of] p1a: Hippowdon
|
|-weather|Sandstorm|[upkeep]
|-damage|p2a: Slowbro|94/100 tox|[from] Sandstorm
|-damage|p2a: Slowbro|88/100 tox|[from] psn
|upkeep
|turn|190
|
|t:|1633813450
|move|p2a: Slowbro|Scald|p1a: Hippowdon
|-supereffective|p1a: Hippowdon
|-damage|p1a: Hippowdon|48/100
|move|p1a: Hippowdon|Whirlwind|p2a: Slowbro
|drag|p2a: Zeraora|Zeraora|4/100
|
|-weather|Sandstorm|[upkeep]
|-damage|p2a: Zeraora|0 fnt|[from] Sandstorm
|faint|p2a: Zeraora
|upkeep
|
|t:|1633813455
|switch|p2a: Slowbro|Slowbro, F|100/100 tox
|turn|191
|
|t:|1633813461
|switch|p1a: Blissey|Blissey, F|99/100
|move|p2a: Slowbro|Future Sight|p1a: Blissey
|-start|p2a: Slowbro|move: Future Sight
|
|-weather|Sandstorm|[upkeep]
|-damage|p1a: Blissey|94/100|[from] Sandstorm
|-damage|p2a: Slowbro|94/100 tox|[from] Sandstorm
|-damage|p2a: Slowbro|88/100 tox|[from] psn
|upkeep
|turn|192
|
|t:|1633813467
|move|p1a: Blissey|Seismic Toss|p2a: Slowbro
|-damage|p2a: Slowbro|63/100 tox
|move|p2a: Slowbro|Teleport|p2a: Slowbro
|
|t:|1633813469
|switch|p2a: Corviknight|Corviknight, M|55/100 brn|[from]move: Teleport
|-ability|p2a: Corviknight|Pressure
|
|-weather|Sandstorm|[upkeep]
|-damage|p1a: Blissey|88/100|[from] Sandstorm
|-damage|p2a: Corviknight|49/100 brn|[from] brn
|upkeep
|turn|193
|
|t:|1633813476
|move|p2a: Corviknight|Roost|p2a: Corviknight
|-heal|p2a: Corviknight|99/100 brn
|-singleturn|p2a: Corviknight|move: Roost
|move|p1a: Blissey|Seismic Toss|p2a: Corviknight
|-damage|p2a: Corviknight|74/100 brn
|
|-weather|none
|-end|p1a: Blissey|move: Future Sight
|-damage|p1a: Blissey|72/100
|-damage|p2a: Corviknight|67/100 brn|[from] brn
|upkeep
|turn|194
|
|t:|1633813482
|switch|p2a: Dragapult|Dragapult, M|28/100
|move|p1a: Blissey|Seismic Toss|p2a: Dragapult
|-immune|p2a: Dragapult
|
|upkeep
|turn|195
|inactive|Justin UA has 120 seconds left.
|
|t:|1633813495
|move|p2a: Dragapult|U-turn|p1a: Blissey
|-damage|p1a: Blissey|58/100
|
|t:|1633813498
|switch|p2a: Slowbro|Slowbro, F|96/100 tox|[from]move: U-turn
|move|p1a: Blissey|Teleport|p1a: Blissey
|
|t:|1633813507
|switch|p1a: Hippowdon|Hippowdon, F|48/100|[from]move: Teleport
|-weather|Sandstorm|[from] ability: Sand Stream|[of] p1a: Hippowdon
|
|-weather|Sandstorm|[upkeep]
|-damage|p2a: Slowbro|90/100 tox|[from] Sandstorm
|-damage|p2a: Slowbro|84/100 tox|[from] psn
|upkeep
|turn|196
|inactive|Justin UA has 120 seconds left.
|
|t:|1633813516
|switch|p1a: Toxapex|Toxapex, F|100/100
|move|p2a: Slowbro|Scald|p1a: Toxapex
|-resisted|p1a: Toxapex
|-damage|p1a: Toxapex|91/100
|-status|p1a: Toxapex|brn
|
|-weather|Sandstorm|[upkeep]
|-damage|p1a: Toxapex|85/100 brn|[from] Sandstorm
|-damage|p2a: Slowbro|78/100 tox|[from] Sandstorm
|-heal|p1a: Toxapex|91/100 brn|[from] item: Black Sludge
|-damage|p2a: Slowbro|66/100 tox|[from] psn
|-damage|p1a: Toxapex|85/100 brn|[from] brn
|upkeep
|turn|197
|inactive|Justin UA has 120 seconds left.
|
|t:|1633813522
|move|p1a: Toxapex|Scald|p2a: Slowbro
|-resisted|p2a: Slowbro
|-damage|p2a: Slowbro|57/100 tox
|move|p2a: Slowbro|Teleport|p2a: Slowbro
|
|t:|1633813525
|switch|p2a: Corviknight|Corviknight, M|67/100 brn|[from]move: Teleport
|-ability|p2a: Corviknight|Pressure
|
|-weather|Sandstorm|[upkeep]
|-damage|p1a: Toxapex|79/100 brn|[from] Sandstorm
|-heal|p1a: Toxapex|85/100 brn|[from] item: Black Sludge
|-damage|p2a: Corviknight|61/100 brn|[from] brn
|-damage|p1a: Toxapex|79/100 brn|[from] brn
|upkeep
|turn|198
|
|t:|1633813530
|switch|p2a: Slowbro|Slowbro, F|91/100 tox
|move|p1a: Toxapex|Haze|p1a: Toxapex
|-clearallboost
|
|-weather|Sandstorm|[upkeep]
|-damage|p1a: Toxapex|73/100 brn|[from] Sandstorm
|-damage|p2a: Slowbro|85/100 tox|[from] Sandstorm
|-heal|p1a: Toxapex|79/100 brn|[from] item: Black Sludge
|-damage|p2a: Slowbro|78/100 tox|[from] psn
|-damage|p1a: Toxapex|73/100 brn|[from] brn
|upkeep
|turn|199
|inactive|Justin UA has 120 seconds left.
|
|t:|1633813537
|move|p1a: Toxapex|Haze|p1a: Toxapex
|-clearallboost
|move|p2a: Slowbro|Teleport|p2a: Slowbro
|
|t:|1633813539
|switch|p2a: Corviknight|Corviknight, M|61/100 brn|[from]move: Teleport
|-ability|p2a: Corviknight|Pressure
|
|-weather|none
|-heal|p1a: Toxapex|79/100 brn|[from] item: Black Sludge
|-damage|p2a: Corviknight|55/100 brn|[from] brn
|-damage|p1a: Toxapex|73/100 brn|[from] brn
|upkeep
|turn|200
|inactive|Justin UA has 120 seconds left.
|
|t:|1633813548
|switch|p1a: Hippowdon|Hippowdon, F|48/100
|-weather|Sandstorm|[from] ability: Sand Stream|[of] p1a: Hippowdon
|move|p2a: Corviknight|U-turn|p1a: Hippowdon
|-crit|p1a: Hippowdon
|-damage|p1a: Hippowdon|41/100
|
|t:|1633813551
|switch|p2a: Slowbro|Slowbro, F|100/100 tox|[from]move: U-turn
|
|-weather|Sandstorm|[upkeep]
|-damage|p2a: Slowbro|94/100 tox|[from] Sandstorm
|-damage|p2a: Slowbro|88/100 tox|[from] psn
|upkeep
|turn|201
|
|t:|1633813554
|move|p1a: Hippowdon|Slack Off|p1a: Hippowdon
|-heal|p1a: Hippowdon|91/100
|move|p2a: Slowbro|Scald|p1a: Hippowdon
|-supereffective|p1a: Hippowdon
|-damage|p1a: Hippowdon|51/100
|
|-weather|Sandstorm|[upkeep]
|-damage|p2a: Slowbro|82/100 tox|[from] Sandstorm
|-damage|p2a: Slowbro|70/100 tox|[from] psn
|upkeep
|turn|202
|
|t:|1633813563
|switch|p1a: Toxapex|Toxapex, F|100/100 brn
|switch|p2a: Corviknight|Corviknight, M|55/100 brn
|-ability|p2a: Corviknight|Pressure
|
|-weather|Sandstorm|[upkeep]
|-damage|p1a: Toxapex|94/100 brn|[from] Sandstorm
|-heal|p1a: Toxapex|100/100 brn|[from] item: Black Sludge
|-damage|p2a: Corviknight|49/100 brn|[from] brn
|-damage|p1a: Toxapex|94/100 brn|[from] brn
|upkeep
|turn|203
|
|t:|1633813579
|switch|p1a: Hippowdon|Hippowdon, F|51/100
|move|p2a: Corviknight|Roost|p2a: Corviknight
|-heal|p2a: Corviknight|99/100 brn
|-singleturn|p2a: Corviknight|move: Roost
|
|-weather|Sandstorm|[upkeep]
|-damage|p2a: Corviknight|92/100 brn|[from] brn
|upkeep
|turn|204
|
|t:|1633813589
|switch|p2a: Slowbro|Slowbro, F|100/100 tox
|move|p1a: Hippowdon|Slack Off|p1a: Hippowdon
|-heal|p1a: Hippowdon|100/100
|
|-weather|none
|-damage|p2a: Slowbro|94/100 tox|[from] psn
|upkeep
|turn|205
|
|t:|1633813597
|switch|p1a: Toxapex|Toxapex, F|100/100 brn
|switch|p2a: Corviknight|Corviknight, M|92/100 brn
|-ability|p2a: Corviknight|Pressure
|
|-damage|p2a: Corviknight|86/100 brn|[from] brn
|-damage|p1a: Toxapex|94/100 brn|[from] brn
|upkeep
|turn|206
|
|t:|1633813604
|switch|p2a: Slowbro|Slowbro, F|100/100 tox
|move|p1a: Toxapex|Haze|p1a: Toxapex
|-clearallboost
|
|-heal|p1a: Toxapex|100/100 brn|[from] item: Black Sludge
|-damage|p2a: Slowbro|94/100 tox|[from] psn
|-damage|p1a: Toxapex|94/100 brn|[from] brn
|upkeep
|turn|207
|inactive|Justin UA has 120 seconds left.
|
|t:|1633813616
|switch|p1a: Blissey|Blissey, F|58/100
|switch|p2a: Corviknight|Corviknight, M|86/100 brn
|-ability|p2a: Corviknight|Pressure
|
|-damage|p2a: Corviknight|80/100 brn|[from] brn
|upkeep
|turn|208
|
|t:|1633813626
|switch|p2a: Dragapult|Dragapult, M|28/100
|move|p1a: Blissey|Teleport|p1a: Blissey
|
|t:|1633813631
|switch|p1a: Hippowdon|Hippowdon, F|100/100|[from]move: Teleport
|-weather|Sandstorm|[from] ability: Sand Stream|[of] p1a: Hippowdon
|
|-weather|Sandstorm|[upkeep]
|-damage|p2a: Dragapult|22/100|[from] Sandstorm
|upkeep
|turn|209
|
|t:|1633813635
|move|p2a: Dragapult|U-turn|p1a: Hippowdon
|-damage|p1a: Hippowdon|88/100
|
|t:|1633813639
|switch|p2a: Slowbro|Slowbro, F|100/100 tox|[from]move: U-turn
|move|p1a: Hippowdon|Whirlwind|p2a: Slowbro
|drag|p2a: Corviknight|Corviknight, M|80/100 brn
|-ability|p2a: Corviknight|Pressure
|
|-weather|Sandstorm|[upkeep]
|-damage|p2a: Corviknight|74/100 brn|[from] brn
|upkeep
|turn|210
|
|t:|1633813652
|switch|p1a: Toxapex|Toxapex, F|100/100 brn
|move|p2a: Corviknight|U-turn|p1a: Toxapex
|-resisted|p1a: Toxapex
|-damage|p1a: Toxapex|98/100 brn
|
|t:|1633813656
|switch|p2a: Slowbro|Slowbro, F|100/100 tox|[from]move: U-turn
|
|-weather|Sandstorm|[upkeep]
|-damage|p1a: Toxapex|92/100 brn|[from] Sandstorm
|-damage|p2a: Slowbro|94/100 tox|[from] Sandstorm
|-heal|p1a: Toxapex|98/100 brn|[from] item: Black Sludge
|-damage|p2a: Slowbro|88/100 tox|[from] psn
|-damage|p1a: Toxapex|92/100 brn|[from] brn
|upkeep
|turn|211
|
|t:|1633813663
|switch|p2a: Corviknight|Corviknight, M|74/100 brn
|-ability|p2a: Corviknight|Pressure
|move|p1a: Toxapex|Haze|p1a: Toxapex
|-clearallboost
|
|-weather|Sandstorm|[upkeep]
|-damage|p1a: Toxapex|85/100 brn|[from] Sandstorm
|-heal|p1a: Toxapex|92/100 brn|[from] item: Black Sludge
|-damage|p2a: Corviknight|67/100 brn|[from] brn
|-damage|p1a: Toxapex|85/100 brn|[from] brn
|upkeep
|turn|212
|inactive|hf1 has 30 seconds left.
|
|t:|1633813675
|switch|p2a: Slowbro|Slowbro, F|100/100 tox
|move|p1a: Toxapex|Haze|p1a: Toxapex
|-clearallboost
|
|-weather|none
|-heal|p1a: Toxapex|92/100 brn|[from] item: Black Sludge
|-damage|p2a: Slowbro|94/100 tox|[from] psn
|-damage|p1a: Toxapex|85/100 brn|[from] brn
|upkeep
|turn|213
|inactive|hf1 has 30 seconds left this turn.
|
|t:|1633813681
|switch|p1a: Hippowdon|Hippowdon, F|88/100
|-weather|Sandstorm|[from] ability: Sand Stream|[of] p1a: Hippowdon
|switch|p2a: Corviknight|Corviknight, M|67/100 brn
|-ability|p2a: Corviknight|Pressure
|
|-weather|Sandstorm|[upkeep]
|-damage|p2a: Corviknight|61/100 brn|[from] brn
|upkeep
|turn|214
|inactive|hf1 has 30 seconds left this turn.
|inactive|hf1 has 20 seconds left.
|
|t:|1633813691
|switch|p2a: Slowbro|Slowbro, F|100/100 tox
|move|p1a: Hippowdon|Earthquake|p2a: Slowbro
|-damage|p2a: Slowbro|78/100 tox
|
|-weather|Sandstorm|[upkeep]
|-damage|p2a: Slowbro|72/100 tox|[from] Sandstorm
|-damage|p2a: Slowbro|66/100 tox|[from] psn
|upkeep
|turn|215
|inactive|hf1 has 25 seconds left this turn.
|inactive|hf1 has 20 seconds left.
|
|t:|1633813700
|switch|p1a: Blissey|Blissey, F|58/100
|switch|p2a: Corviknight|Corviknight, M|61/100 brn
|-ability|p2a: Corviknight|Pressure
|
|-weather|Sandstorm|[upkeep]
|-damage|p1a: Blissey|52/100|[from] Sandstorm
|-damage|p2a: Corviknight|55/100 brn|[from] brn
|upkeep
|turn|216
|inactive|hf1 has 20 seconds left this turn.
|inactive|Justin UA has 120 seconds left.
|
|t:|1633813705
|switch|p2a: Slowbro|Slowbro, F|99/100 tox
|move|p1a: Blissey|Soft-Boiled|p1a: Blissey
|-heal|p1a: Blissey|100/100
|
|-weather|Sandstorm|[upkeep]
|-damage|p1a: Blissey|94/100|[from] Sandstorm
|-damage|p2a: Slowbro|93/100 tox|[from] Sandstorm
|-damage|p2a: Slowbro|87/100 tox|[from] psn
|upkeep
|turn|217
|inactive|hf1 has 25 seconds left this turn.
|
|t:|1633813710
|move|p1a: Blissey|Seismic Toss|p2a: Slowbro
|-damage|p2a: Slowbro|62/100 tox
|move|p2a: Slowbro|Teleport|p2a: Slowbro
|inactive|hf1 has 25 seconds left this turn.
|
|t:|1633813712
|switch|p2a: Corviknight|Corviknight, M|55/100 brn|[from]move: Teleport
|-ability|p2a: Corviknight|Pressure
|
|-weather|none
|-damage|p2a: Corviknight|49/100 brn|[from] brn
|upkeep
|turn|218
|inactive|hf1 has 30 seconds left this turn.
|
|t:|1633813717
|switch|p2a: Slowbro|Slowbro, F|95/100 tox
|move|p1a: Blissey|Seismic Toss|p2a: Slowbro
|-damage|p2a: Slowbro|70/100 tox
|
|-damage|p2a: Slowbro|64/100 tox|[from] psn
|upkeep
|turn|219
|inactive|hf1 has 30 seconds left this turn.
|
|t:|1633813722
|move|p1a: Blissey|Seismic Toss|p2a: Slowbro
|-damage|p2a: Slowbro|38/100 tox
|move|p2a: Slowbro|Slack Off|p2a: Slowbro
|-heal|p2a: Slowbro|88/100 tox
|
|-damage|p2a: Slowbro|76/100 tox|[from] psn
|upkeep
|turn|220
|inactive|hf1 has 30 seconds left this turn.
|
|t:|1633813729
|move|p1a: Blissey|Aromatherapy|p1a: Blissey
|-activate|p1a: Blissey|move: Aromatherapy
|-curestatus|p1: Toxapex|brn|[msg]
|move|p2a: Slowbro|Teleport|p2a: Slowbro
|inactive|hf1 has 25 seconds left this turn.
|
|t:|1633813734
|switch|p2a: Dragapult|Dragapult, M|22/100|[from]move: Teleport
|
|upkeep
|turn|221
|inactive|hf1 has 30 seconds left this turn.
|
|t:|1633813739
|move|p2a: Dragapult|U-turn|p1a: Blissey
|-damage|p1a: Blissey|79/100
|inactive|hf1 has 25 seconds left this turn.
|
|t:|1633813743
|switch|p2a: Slowbro|Slowbro, F|100/100 tox|[from]move: U-turn
|move|p1a: Blissey|Teleport|p1a: Blissey
|inactive|hf1 has 30 seconds left this turn.
|
|t:|1633813747
|switch|p1a: Toxapex|Toxapex, F|100/100|[from]move: Teleport
|
|-damage|p2a: Slowbro|94/100 tox|[from] psn
|upkeep
|turn|222
|inactive|hf1 has 30 seconds left this turn.
|
|t:|1633813758
|switch|p2a: Corviknight|Corviknight, M|49/100 brn
|-ability|p2a: Corviknight|Pressure
|move|p1a: Toxapex|Haze|p1a: Toxapex
|-clearallboost
|
|-damage|p2a: Corviknight|42/100 brn|[from] brn
|upkeep
|turn|223
|inactive|hf1 has 30 seconds left this turn.
|
|t:|1633813765
|move|p2a: Corviknight|Roost|p2a: Corviknight
|-heal|p2a: Corviknight|92/100 brn
|-singleturn|p2a: Corviknight|move: Roost
|move|p1a: Toxapex|Scald|p2a: Corviknight
|-damage|p2a: Corviknight|79/100 brn
|
|-damage|p2a: Corviknight|72/100 brn|[from] brn
|upkeep
|turn|224
|inactive|hf1 has 25 seconds left this turn.
|inactive|hf1 has 20 seconds left.
|
|t:|1633813774
|move|p2a: Corviknight|Defog|p1a: Toxapex
|-unboost|p1a: Toxapex|evasion|1
|move|p1a: Toxapex|Haze|p1a: Toxapex
|-clearallboost
|
|-damage|p2a: Corviknight|66/100 brn|[from] brn
|upkeep
|turn|225
|inactive|hf1 has 25 seconds left this turn.
|
|t:|1633813780
|switch|p2a: Slowbro|Slowbro, F|100/100 tox
|move|p1a: Toxapex|Haze|p1a: Toxapex
|-clearallboost
|
|-damage|p2a: Slowbro|94/100 tox|[from] psn
|upkeep
|turn|226
|inactive|hf1 has 25 seconds left this turn.
|inactive|hf1 has 20 seconds left.
|inactive|Justin UA has 120 seconds left.
|
|t:|1633813790
|switch|p2a: Corviknight|Corviknight, M|66/100 brn
|-ability|p2a: Corviknight|Pressure
|move|p1a: Toxapex|Haze|p1a: Toxapex
|-clearallboost
|
|-damage|p2a: Corviknight|60/100 brn|[from] brn
|upkeep
|turn|227
|inactive|hf1 has 25 seconds left this turn.
|inactive|hf1 has 20 seconds left.
|
|t:|1633813799
|switch|p2a: Slowbro|Slowbro, F|100/100 tox
|move|p1a: Toxapex|Haze|p1a: Toxapex
|-clearallboost
|
|-damage|p2a: Slowbro|94/100 tox|[from] psn
|upkeep
|turn|228
|inactive|hf1 has 20 seconds left this turn.
|inactive|hf1 has 15 seconds left.
|inactive|Justin UA has 120 seconds left.
|
|t:|1633813810
|move|p1a: Toxapex|Haze|p1a: Toxapex
|-clearallboost
|move|p2a: Slowbro|Scald|p1a: Toxapex
|-resisted|p1a: Toxapex
|-damage|p1a: Toxapex|90/100
|
|-heal|p1a: Toxapex|96/100|[from] item: Black Sludge
|-damage|p2a: Slowbro|82/100 tox|[from] psn
|upkeep
|turn|229
|inactive|hf1 has 20 seconds left this turn.
|
|t:|1633813814
|switch|p1a: Blissey|Blissey, F|79/100
|switch|p2a: Corviknight|Corviknight, M|60/100 brn
|-ability|p2a: Corviknight|Pressure
|
|-damage|p2a: Corviknight|54/100 brn|[from] brn
|upkeep
|turn|230
|inactive|hf1 has 20 seconds left this turn.
|
|t:|1633813818
|switch|p2a: Dragapult|Dragapult, M|22/100
|move|p1a: Blissey|Teleport|p1a: Blissey
|inactive|hf1 has 25 seconds left this turn.
|
|t:|1633813821
|switch|p1a: Hippowdon|Hippowdon, F|88/100|[from]move: Teleport
|-weather|Sandstorm|[from] ability: Sand Stream|[of] p1a: Hippowdon
|
|-weather|Sandstorm|[upkeep]
|-damage|p2a: Dragapult|16/100|[from] Sandstorm
|upkeep
|turn|231
|inactive|hf1 has 25 seconds left this turn.
|
|t:|1633813824
|switch|p1a: Toxapex|Toxapex, F|100/100
|move|p2a: Dragapult|U-turn|p1a: Toxapex
|-resisted|p1a: Toxapex
|-damage|p1a: Toxapex|95/100
|inactive|hf1 has 30 seconds left this turn.
|
|t:|1633813828
|switch|p2a: Slowbro|Slowbro, F|100/100 tox|[from]move: U-turn
|
|-weather|Sandstorm|[upkeep]
|-damage|p1a: Toxapex|88/100|[from] Sandstorm
|-damage|p2a: Slowbro|94/100 tox|[from] Sandstorm
|-heal|p1a: Toxapex|95/100|[from] item: Black Sludge
|-damage|p2a: Slowbro|88/100 tox|[from] psn
|upkeep
|turn|232
|inactive|hf1 has 30 seconds left this turn.
|
|t:|1633813836
|switch|p2a: Corviknight|Corviknight, M|54/100 brn
|-ability|p2a: Corviknight|Pressure
|move|p1a: Toxapex|Haze|p1a: Toxapex
|-clearallboost
|
|-weather|Sandstorm|[upkeep]
|-damage|p1a: Toxapex|88/100|[from] Sandstorm
|-heal|p1a: Toxapex|95/100|[from] item: Black Sludge
|-damage|p2a: Corviknight|47/100 brn|[from] brn
|upkeep
|turn|233
|inactive|hf1 has 30 seconds left this turn.
|
|t:|1633813843
|switch|p1a: Hippowdon|Hippowdon, F|88/100
|move|p2a: Corviknight|Defog|p1a: Hippowdon
|-unboost|p1a: Hippowdon|evasion|1
|
|-weather|Sandstorm|[upkeep]
|-damage|p2a: Corviknight|41/100 brn|[from] brn
|upkeep
|turn|234
|inactive|hf1 has 25 seconds left this turn.
|inactive|hf1 has 20 seconds left.
|inactive|Justin UA has 120 seconds left.
|
|t:|1633813850
|switch|p1a: Blissey|Blissey, F|79/100
|move|p2a: Corviknight|Roost|p2a: Corviknight
|-heal|p2a: Corviknight|91/100 brn
|-singleturn|p2a: Corviknight|move: Roost
|
|-weather|none
|-damage|p2a: Corviknight|85/100 brn|[from] brn
|upkeep
|turn|235
|inactive|hf1 has 25 seconds left this turn.
|
|t:|1633813855
|move|p2a: Corviknight|U-turn|p1a: Blissey
|-damage|p1a: Blissey|72/100
|inactive|hf1 has 25 seconds left this turn.
|
|t:|1633813857
|switch|p2a: Slowbro|Slowbro, F|100/100 tox|[from]move: U-turn
|move|p1a: Blissey|Seismic Toss|p2a: Slowbro
|-damage|p2a: Slowbro|75/100 tox
|
|-damage|p2a: Slowbro|69/100 tox|[from] psn
|upkeep
|turn|236
|inactive|hf1 has 30 seconds left this turn.
|
|t:|1633813862
|move|p2a: Slowbro|Slack Off|p2a: Slowbro
|-heal|p2a: Slowbro|100/100 tox
|move|p1a: Blissey|Teleport|p1a: Blissey
|inactive|hf1 has 30 seconds left this turn.
|
|t:|1633813866
|switch|p1a: Hippowdon|Hippowdon, F|88/100|[from]move: Teleport
|-weather|Sandstorm|[from] ability: Sand Stream|[of] p1a: Hippowdon
|
|-weather|Sandstorm|[upkeep]
|-damage|p2a: Slowbro|94/100 tox|[from] Sandstorm
|-damage|p2a: Slowbro|82/100 tox|[from] psn
|upkeep
|turn|237
|
|t:|1633813873
|switch|p1a: Toxapex|Toxapex, F|100/100
|move|p2a: Slowbro|Scald|p1a: Toxapex
|-resisted|p1a: Toxapex
|-damage|p1a: Toxapex|91/100
|
|-weather|Sandstorm|[upkeep]
|-damage|p1a: Toxapex|85/100|[from] Sandstorm
|-damage|p2a: Slowbro|76/100 tox|[from] Sandstorm
|-heal|p1a: Toxapex|91/100|[from] item: Black Sludge
|-damage|p2a: Slowbro|58/100 tox|[from] psn
|upkeep
|turn|238
|
|t:|1633813876
|switch|p2a: Corviknight|Corviknight, M|85/100 brn
|-ability|p2a: Corviknight|Pressure
|move|p1a: Toxapex|Haze|p1a: Toxapex
|-clearallboost
|
|-weather|Sandstorm|[upkeep]
|-damage|p1a: Toxapex|85/100|[from] Sandstorm
|-heal|p1a: Toxapex|91/100|[from] item: Black Sludge
|-damage|p2a: Corviknight|79/100 brn|[from] brn
|upkeep
|turn|239
|
|t:|1633813881
|switch|p2a: Slowbro|Slowbro, F|91/100 tox
|move|p1a: Toxapex|Toxic|p2a: Slowbro
|-fail|p2a: Slowbro|tox
|
|-weather|Sandstorm|[upkeep]
|-damage|p1a: Toxapex|85/100|[from] Sandstorm
|-damage|p2a: Slowbro|85/100 tox|[from] Sandstorm
|-heal|p1a: Toxapex|91/100|[from] item: Black Sludge
|-damage|p2a: Slowbro|79/100 tox|[from] psn
|upkeep
|turn|240
|
|t:|1633813884
|switch|p2a: Corviknight|Corviknight, M|79/100 brn
|-ability|p2a: Corviknight|Pressure
|move|p1a: Toxapex|Haze|p1a: Toxapex
|-clearallboost
|
|-weather|none
|-heal|p1a: Toxapex|97/100|[from] item: Black Sludge
|-damage|p2a: Corviknight|72/100 brn|[from] brn
|upkeep
|turn|241
|
|t:|1633813892
|switch|p2a: Slowbro|Slowbro, F|100/100 tox
|switch|p1a: Hippowdon|Hippowdon, F|88/100
|-weather|Sandstorm|[from] ability: Sand Stream|[of] p1a: Hippowdon
|
|-weather|Sandstorm|[upkeep]
|-damage|p2a: Slowbro|94/100 tox|[from] Sandstorm
|-damage|p2a: Slowbro|88/100 tox|[from] psn
|upkeep
|turn|242
|
|t:|1633813897
|switch|p1a: Blissey|Blissey, F|72/100
|move|p2a: Slowbro|Teleport|p2a: Slowbro
|
|t:|1633813900
|switch|p2a: Corviknight|Corviknight, M|72/100 brn|[from]move: Teleport
|-ability|p2a: Corviknight|Pressure
|
|-weather|Sandstorm|[upkeep]
|-damage|p1a: Blissey|66/100|[from] Sandstorm
|-damage|p2a: Corviknight|66/100 brn|[from] brn
|upkeep
|turn|243
|
|t:|1633813908
|switch|p2a: Slowbro|Slowbro, F|100/100 tox
|move|p1a: Blissey|Teleport|p1a: Blissey
|
|t:|1633813913
|switch|p1a: Toxapex|Toxapex, F|100/100|[from]move: Teleport
|
|-weather|Sandstorm|[upkeep]
|-damage|p1a: Toxapex|94/100|[from] Sandstorm
|-damage|p2a: Slowbro|94/100 tox|[from] Sandstorm
|-heal|p1a: Toxapex|100/100|[from] item: Black Sludge
|-damage|p2a: Slowbro|88/100 tox|[from] psn
|upkeep
|turn|244
|
|t:|1633813919
|switch|p2a: Corviknight|Corviknight, M|66/100 brn
|-ability|p2a: Corviknight|Pressure
|move|p1a: Toxapex|Haze|p1a: Toxapex
|-clearallboost
|
|-weather|Sandstorm|[upkeep]
|-damage|p1a: Toxapex|94/100|[from] Sandstorm
|-heal|p1a: Toxapex|100/100|[from] item: Black Sludge
|-damage|p2a: Corviknight|60/100 brn|[from] brn
|upkeep
|turn|245
|
|t:|1633813927
|switch|p1a: Blissey|Blissey, F|66/100
|move|p2a: Corviknight|Defog|p1a: Blissey
|-unboost|p1a: Blissey|evasion|1
|
|-weather|none
|-damage|p2a: Corviknight|54/100 brn|[from] brn
|upkeep
|turn|246
|
|t:|1633813933
|switch|p2a: Slowbro|Slowbro, F|100/100 tox
|move|p1a: Blissey|Soft-Boiled|p1a: Blissey
|-heal|p1a: Blissey|100/100
|
|-damage|p2a: Slowbro|94/100 tox|[from] psn
|upkeep
|turn|247
|
|t:|1633813944
|switch|p2a: Corviknight|Corviknight, M|54/100 brn
|-ability|p2a: Corviknight|Pressure
|move|p1a: Blissey|Seismic Toss|p2a: Corviknight
|-damage|p2a: Corviknight|29/100 brn
|
|-damage|p2a: Corviknight|22/100 brn|[from] brn
|upkeep
|turn|248
|
|t:|1633813951
|switch|p2a: Slowbro|Slowbro, F|100/100 tox
|move|p1a: Blissey|Seismic Toss|p2a: Slowbro
|-damage|p2a: Slowbro|75/100 tox
|
|-damage|p2a: Slowbro|69/100 tox|[from] psn
|upkeep
|turn|249
|
|t:|1633813955
|switch|p2a: Dragapult|Dragapult, M|16/100
|move|p1a: Blissey|Teleport|p1a: Blissey
|
|t:|1633813959
|switch|p1a: Hippowdon|Hippowdon, F|88/100|[from]move: Teleport
|-weather|Sandstorm|[from] ability: Sand Stream|[of] p1a: Hippowdon
|
|-weather|Sandstorm|[upkeep]
|-damage|p2a: Dragapult|10/100|[from] Sandstorm
|upkeep
|turn|250
|
|t:|1633813964
|move|p2a: Dragapult|U-turn|p1a: Hippowdon
|-damage|p1a: Hippowdon|76/100
|
|t:|1633813966
|switch|p2a: Slowbro|Slowbro, F|100/100 tox|[from]move: U-turn
|move|p1a: Hippowdon|Whirlwind|p2a: Slowbro
|drag|p2a: Dragapult|Dragapult, M|10/100
|
|-weather|Sandstorm|[upkeep]
|-damage|p2a: Dragapult|4/100|[from] Sandstorm
|upkeep
|turn|251
|
|t:|1633813974
|move|p2a: Dragapult|U-turn|p1a: Hippowdon
|-damage|p1a: Hippowdon|64/100
|
|t:|1633813978
|switch|p2a: Slowbro|Slowbro, F|100/100 tox|[from]move: U-turn
|move|p1a: Hippowdon|Whirlwind|p2a: Slowbro
|drag|p2a: Dragapult|Dragapult, M|4/100
|
|-weather|Sandstorm|[upkeep]
|-damage|p2a: Dragapult|0 fnt|[from] Sandstorm
|faint|p2a: Dragapult
|upkeep
|
|t:|1633813982
|switch|p2a: Corviknight|Corviknight, M|22/100 brn
|-ability|p2a: Corviknight|Pressure
|turn|252
|
|t:|1633813990
|move|p2a: Corviknight|Roost|p2a: Corviknight
|-heal|p2a: Corviknight|72/100 brn
|-singleturn|p2a: Corviknight|move: Roost
|move|p1a: Hippowdon|Earthquake|p2a: Corviknight
|-supereffective|p2a: Corviknight
|-damage|p2a: Corviknight|24/100 brn
|
|-weather|Sandstorm|[upkeep]
|-damage|p2a: Corviknight|18/100 brn|[from] brn
|upkeep
|turn|253
|
|t:|1633814002
|move|p2a: Corviknight|Roost|p2a: Corviknight
|-heal|p2a: Corviknight|68/100 brn
|-singleturn|p2a: Corviknight|move: Roost
|move|p1a: Hippowdon|Earthquake|p2a: Corviknight
|-supereffective|p2a: Corviknight
|-damage|p2a: Corviknight|15/100 brn
|
|-weather|none
|-damage|p2a: Corviknight|9/100 brn|[from] brn
|upkeep
|turn|254
|inactive|hf1 has 30 seconds left.
|
|t:|1633814013
|move|p2a: Corviknight|Roost|p2a: Corviknight
|-heal|p2a: Corviknight|59/100 brn
|-singleturn|p2a: Corviknight|move: Roost
|move|p1a: Hippowdon|Whirlwind|p2a: Corviknight
|drag|p2a: Slowbro|Slowbro, F|100/100 tox
|
|-damage|p2a: Slowbro|94/100 tox|[from] psn
|upkeep
|turn|255
|inactive|hf1 has 30 seconds left.
|
|t:|1633814021
|switch|p1a: Toxapex|Toxapex, F|100/100
|switch|p2a: Corviknight|Corviknight, M|59/100 brn
|-ability|p2a: Corviknight|Pressure
|
|-damage|p2a: Corviknight|53/100 brn|[from] brn
|upkeep
|turn|256
|inactive|hf1 has 30 seconds left this turn.
|
|t:|1633814029
|switch|p2a: Slowbro|Slowbro, F|100/100 tox
|switch|p1a: Blissey|Blissey, F|100/100
|
|-damage|p2a: Slowbro|94/100 tox|[from] psn
|upkeep
|turn|257
|inactive|hf1 has 30 seconds left this turn.
|
|t:|1633814037
|move|p2a: Slowbro|Future Sight|p1a: Blissey
|-start|p2a: Slowbro|move: Future Sight
|move|p1a: Blissey|Teleport|p1a: Blissey
|inactive|hf1 has 25 seconds left this turn.
|
|t:|1633814039
|switch|p1a: Hippowdon|Hippowdon, F|64/100|[from]move: Teleport
|-weather|Sandstorm|[from] ability: Sand Stream|[of] p1a: Hippowdon
|
|-weather|Sandstorm|[upkeep]
|-damage|p2a: Slowbro|88/100 tox|[from] Sandstorm
|-damage|p2a: Slowbro|76/100 tox|[from] psn
|upkeep
|turn|258
|inactive|hf1 has 30 seconds left this turn.
|
|t:|1633814044
|switch|p1a: Blissey|Blissey, F|100/100
|move|p2a: Slowbro|Scald|p1a: Blissey
|-damage|p1a: Blissey|90/100
|-status|p1a: Blissey|brn
|
|-weather|Sandstorm|[upkeep]
|-damage|p1a: Blissey|84/100 brn|[from] Sandstorm
|-damage|p2a: Slowbro|70/100 tox|[from] Sandstorm
|-damage|p2a: Slowbro|52/100 tox|[from] psn
|-damage|p1a: Blissey|78/100 brn|[from] brn
|upkeep
|turn|259
|inactive|hf1 has 30 seconds left this turn.
|
|t:|1633814053
|move|p1a: Blissey|Seismic Toss|p2a: Slowbro
|-damage|p2a: Slowbro|26/100 tox
|move|p2a: Slowbro|Slack Off|p2a: Slowbro
|-heal|p2a: Slowbro|76/100 tox
|
|-weather|Sandstorm|[upkeep]
|-damage|p1a: Blissey|72/100 brn|[from] Sandstorm
|-damage|p2a: Slowbro|70/100 tox|[from] Sandstorm
|-end|p1a: Blissey|move: Future Sight
|-damage|p1a: Blissey|56/100 brn
|-damage|p2a: Slowbro|46/100 tox|[from] psn
|-damage|p1a: Blissey|50/100 brn|[from] brn
|upkeep
|turn|260
|inactive|hf1 has 30 seconds left this turn.
|
|t:|1633814062
|move|p1a: Blissey|Soft-Boiled|p1a: Blissey
|-heal|p1a: Blissey|99/100 brn
|move|p2a: Slowbro|Teleport|p2a: Slowbro
|inactive|hf1 has 25 seconds left this turn.
|
|t:|1633814064
|switch|p2a: Corviknight|Corviknight, M|53/100 brn|[from]move: Teleport
|-ability|p2a: Corviknight|Pressure
|
|-weather|Sandstorm|[upkeep]
|-damage|p1a: Blissey|94/100 brn|[from] Sandstorm
|-damage|p2a: Corviknight|46/100 brn|[from] brn
|-damage|p1a: Blissey|87/100 brn|[from] brn
|upkeep
|turn|261
|inactive|hf1 has 30 seconds left this turn.
|
|t:|1633814073
|switch|p2a: Slowbro|Slowbro, F|79/100 tox
|move|p1a: Blissey|Teleport|p1a: Blissey
|inactive|hf1 has 25 seconds left this turn.
|
|t:|1633814077
|-curestatus|p1a: Blissey|brn|[from] ability: Natural Cure
|switch|p1a: Toxapex|Toxapex, F|100/100|[from]move: Teleport
|
|-weather|none
|-damage|p2a: Slowbro|73/100 tox|[from] psn
|upkeep
|turn|262
|inactive|hf1 has 30 seconds left this turn.
|
|t:|1633814085
|move|p1a: Toxapex|Haze|p1a: Toxapex
|-clearallboost
|move|p2a: Slowbro|Future Sight|p1a: Toxapex
|-start|p2a: Slowbro|move: Future Sight
|
|-damage|p2a: Slowbro|61/100 tox|[from] psn
|upkeep
|turn|263
|inactive|hf1 has 30 seconds left this turn.
|
|t:|1633814092
|switch|p1a: Blissey|Blissey, F|87/100
|switch|p2a: Corviknight|Corviknight, M|46/100 brn
|-ability|p2a: Corviknight|Pressure
|
|-damage|p2a: Corviknight|40/100 brn|[from] brn
|upkeep
|turn|264
|inactive|hf1 has 30 seconds left this turn.
|
|t:|1633814098
|switch|p2a: Slowbro|Slowbro, F|94/100 tox
|move|p1a: Blissey|Seismic Toss|p2a: Slowbro
|-damage|p2a: Slowbro|69/100 tox
|
|-end|p1a: Blissey|move: Future Sight
|-damage|p1a: Blissey|73/100
|-damage|p2a: Slowbro|63/100 tox|[from] psn
|upkeep
|turn|265
|inactive|hf1 has 25 seconds left this turn.
|inactive|hf1 has 20 seconds left.
|
|t:|1633814103
|move|p1a: Blissey|Teleport|p1a: Blissey
|inactive|hf1 has 25 seconds left this turn.
|
|t:|1633814107
|switch|p1a: Hippowdon|Hippowdon, F|64/100|[from]move: Teleport
|-weather|Sandstorm|[from] ability: Sand Stream|[of] p1a: Hippowdon
|move|p2a: Slowbro|Teleport|p2a: Slowbro
|inactive|hf1 has 25 seconds left this turn.
|
|t:|1633814114
|switch|p2a: Corviknight|Corviknight, M|40/100 brn|[from]move: Teleport
|-ability|p2a: Corviknight|Pressure
|
|-weather|Sandstorm|[upkeep]
|-damage|p2a: Corviknight|34/100 brn|[from] brn
|upkeep
|turn|266
|inactive|hf1 has 30 seconds left this turn.
|
|t:|1633814124
|switch|p2a: Slowbro|Slowbro, F|96/100 tox
|move|p1a: Hippowdon|Toxic|p2a: Slowbro
|-fail|p2a: Slowbro|tox
|
|-weather|Sandstorm|[upkeep]
|-damage|p2a: Slowbro|90/100 tox|[from] Sandstorm
|-damage|p2a: Slowbro|84/100 tox|[from] psn
|upkeep
|turn|267
|inactive|hf1 has 25 seconds left this turn.
|
|t:|1633814144
|switch|p1a: Toxapex|Toxapex, F|100/100
|move|p2a: Slowbro|Teleport|p2a: Slowbro
|inactive|hf1 has 30 seconds left this turn.
|
|t:|1633814147
|switch|p2a: Corviknight|Corviknight, M|34/100 brn|[from]move: Teleport
|-ability|p2a: Corviknight|Pressure
|
|-weather|Sandstorm|[upkeep]
|-damage|p1a: Toxapex|94/100|[from] Sandstorm
|-heal|p1a: Toxapex|100/100|[from] item: Black Sludge
|-damage|p2a: Corviknight|28/100 brn|[from] brn
|upkeep
|turn|268
|inactive|hf1 has 30 seconds left this turn.
|
|t:|1633814152
|move|p2a: Corviknight|Roost|p2a: Corviknight
|-heal|p2a: Corviknight|78/100 brn
|-singleturn|p2a: Corviknight|move: Roost
|move|p1a: Toxapex|Haze|p1a: Toxapex
|-clearallboost
|
|-weather|Sandstorm|[upkeep]
|-damage|p1a: Toxapex|94/100|[from] Sandstorm
|-heal|p1a: Toxapex|100/100|[from] item: Black Sludge
|-damage|p2a: Corviknight|71/100 brn|[from] brn
|upkeep
|turn|269
|
|t:|1633814160
|switch|p2a: Slowbro|Slowbro, F|100/100 tox
|move|p1a: Toxapex|Scald|p2a: Slowbro
|-resisted|p2a: Slowbro
|-damage|p2a: Slowbro|93/100 tox
|
|-weather|none
|-damage|p2a: Slowbro|87/100 tox|[from] psn
|upkeep
|turn|270
|inactive|hf1 has 30 seconds left.
|inactive|Justin UA has 120 seconds left.
|inactive|Justin UA has 90 seconds left.
|
|t:|1633814218
|switch|p1a: Hippowdon|Hippowdon, F|64/100
|-weather|Sandstorm|[from] ability: Sand Stream|[of] p1a: Hippowdon
|move|p2a: Slowbro|Future Sight|p1a: Hippowdon
|-start|p2a: Slowbro|move: Future Sight
|
|-weather|Sandstorm|[upkeep]
|-damage|p2a: Slowbro|81/100 tox|[from] Sandstorm
|-damage|p2a: Slowbro|69/100 tox|[from] psn
|upkeep
|turn|271
|inactive|hf1 has 30 seconds left.
|
|t:|1633814227
|switch|p1a: Blissey|Blissey, F|73/100
|move|p2a: Slowbro|Scald|p1a: Blissey
|-damage|p1a: Blissey|64/100
|
|-weather|Sandstorm|[upkeep]
|-damage|p1a: Blissey|58/100|[from] Sandstorm
|-damage|p2a: Slowbro|63/100 tox|[from] Sandstorm
|-damage|p2a: Slowbro|45/100 tox|[from] psn
|upkeep
|turn|272
|inactive|hf1 has 30 seconds left this turn.
|
|t:|1633814235
|move|p1a: Blissey|Seismic Toss|p2a: Slowbro
|-damage|p2a: Slowbro|19/100 tox
|move|p2a: Slowbro|Teleport|p2a: Slowbro
|inactive|hf1 has 30 seconds left this turn.
|
|t:|1633814238
|switch|p2a: Corviknight|Corviknight, M|71/100 brn|[from]move: Teleport
|-ability|p2a: Corviknight|Pressure
|
|-weather|Sandstorm|[upkeep]
|-damage|p1a: Blissey|52/100|[from] Sandstorm
|-end|p1a: Blissey|move: Future Sight
|-damage|p1a: Blissey|37/100
|-damage|p2a: Corviknight|65/100 brn|[from] brn
|upkeep
|turn|273
|inactive|hf1 has 30 seconds left this turn.
|inactive|hf1 has 20 seconds left.
|
|t:|1633814250
|switch|p1a: Toxapex|Toxapex, F|100/100
|move|p2a: Corviknight|U-turn|p1a: Toxapex
|-resisted|p1a: Toxapex
|-damage|p1a: Toxapex|98/100
|inactive|hf1 has 25 seconds left this turn.
|
|t:|1633814253
|switch|p2a: Slowbro|Slowbro, F|53/100 tox|[from]move: U-turn
|
|-weather|Sandstorm|[upkeep]
|-damage|p1a: Toxapex|92/100|[from] Sandstorm
|-damage|p2a: Slowbro|46/100 tox|[from] Sandstorm
|-heal|p1a: Toxapex|98/100|[from] item: Black Sludge
|-damage|p2a: Slowbro|40/100 tox|[from] psn
|upkeep
|turn|274
|inactive|hf1 has 25 seconds left this turn.
|inactive|hf1 has 20 seconds left.
|
|t:|1633814262
|move|p1a: Toxapex|Haze|p1a: Toxapex
|-clearallboost
|move|p2a: Slowbro|Slack Off|p2a: Slowbro
|-heal|p2a: Slowbro|90/100 tox
|
|-weather|none
|-heal|p1a: Toxapex|100/100|[from] item: Black Sludge
|-damage|p2a: Slowbro|78/100 tox|[from] psn
|upkeep
|turn|275
|inactive|hf1 has 25 seconds left this turn.
|inactive|hf1 has 20 seconds left.
|inactive|Justin UA has 90 seconds left.
|
|t:|1633814270
|switch|p1a: Hippowdon|Hippowdon, F|64/100
|-weather|Sandstorm|[from] ability: Sand Stream|[of] p1a: Hippowdon
|switch|p2a: Corviknight|Corviknight, M|65/100 brn
|-ability|p2a: Corviknight|Pressure
|
|-weather|Sandstorm|[upkeep]
|-damage|p2a: Corviknight|59/100 brn|[from] brn
|upkeep
|turn|276
|inactive|hf1 has 20 seconds left this turn.
|inactive|hf1 has 15 seconds left.
|
|t:|1633814277
|move|p2a: Corviknight|U-turn|p1a: Hippowdon
|-damage|p1a: Hippowdon|59/100
|inactive|hf1 has 20 seconds left this turn.
|
|t:|1633814280
|switch|p2a: Slowbro|Slowbro, F|100/100 tox|[from]move: U-turn
|move|p1a: Hippowdon|Slack Off|p1a: Hippowdon
|-heal|p1a: Hippowdon|100/100
|
|-weather|Sandstorm|[upkeep]
|-damage|p2a: Slowbro|94/100 tox|[from] Sandstorm
|-damage|p2a: Slowbro|88/100 tox|[from] psn
|upkeep
|turn|277
|inactive|hf1 has 20 seconds left this turn.
|inactive|hf1 has 15 seconds left.
|
|t:|1633814286
|switch|p1a: Toxapex|Toxapex, F|100/100
|switch|p2a: Corviknight|Corviknight, M|59/100 brn
|-ability|p2a: Corviknight|Pressure
|
|-weather|Sandstorm|[upkeep]
|-damage|p1a: Toxapex|94/100|[from] Sandstorm
|-heal|p1a: Toxapex|100/100|[from] item: Black Sludge
|-damage|p2a: Corviknight|53/100 brn|[from] brn
|upkeep
|turn|278
|inactive|hf1 has 20 seconds left this turn.
|inactive|hf1 has 15 seconds left.
|
|t:|1633814294
|switch|p2a: Slowbro|Slowbro, F|100/100 tox
|move|p1a: Toxapex|Scald|p2a: Slowbro
|-resisted|p2a: Slowbro
|-damage|p2a: Slowbro|92/100 tox
|
|-weather|Sandstorm|[upkeep]
|-damage|p1a: Toxapex|94/100|[from] Sandstorm
|-damage|p2a: Slowbro|86/100 tox|[from] Sandstorm
|-heal|p1a: Toxapex|100/100|[from] item: Black Sludge
|-damage|p2a: Slowbro|80/100 tox|[from] psn
|upkeep
|turn|279
|inactive|hf1 has 15 seconds left this turn.
|
|t:|1633814303
|switch|p1a: Blissey|Blissey, F|37/100
|move|p2a: Slowbro|Scald|p1a: Blissey
|-damage|p1a: Blissey|28/100
|
|-weather|none
|-damage|p2a: Slowbro|68/100 tox|[from] psn
|upkeep
|turn|280
|inactive|hf1 has 20 seconds left this turn.
|inactive|hf1 has 15 seconds left.
|
|t:|1633814311
|move|p1a: Blissey|Soft-Boiled|p1a: Blissey
|-heal|p1a: Blissey|78/100
|move|p2a: Slowbro|Scald|p1a: Blissey
|-damage|p1a: Blissey|67/100
|-status|p1a: Blissey|brn
|
|-damage|p2a: Slowbro|49/100 tox|[from] psn
|-damage|p1a: Blissey|61/100 brn|[from] brn
|upkeep
|turn|281
|inactive|hf1 has 15 seconds left this turn.
|inactive|hf1 has 10 seconds left.
|inactive|Justin UA has 90 seconds left.
|
|t:|1633814319
|move|p2a: Slowbro|Slack Off|p2a: Slowbro
|-heal|p2a: Slowbro|99/100 tox
|move|p1a: Blissey|Teleport|p1a: Blissey
|inactive|hf1 has 15 seconds left this turn.
|
|t:|1633814323
|-curestatus|p1a: Blissey|brn|[from] ability: Natural Cure
|switch|p1a: Toxapex|Toxapex, F|100/100|[from]move: Teleport
|
|-damage|p2a: Slowbro|75/100 tox|[from] psn
|upkeep
|turn|282
|inactive|hf1 has 15 seconds left this turn.
|inactive|hf1 has 10 seconds left.
|
|t:|1633814331
|switch|p2a: Corviknight|Corviknight, M|53/100 brn
|-ability|p2a: Corviknight|Pressure
|move|p1a: Toxapex|Toxic||[still]
|-fail|p1a: Toxapex
|
|-damage|p2a: Corviknight|46/100 brn|[from] brn
|upkeep
|turn|283
|inactive|hf1 has 15 seconds left this turn.
|inactive|hf1 has 10 seconds left.
|
|t:|1633814338
|switch|p2a: Slowbro|Slowbro, F|100/100 tox
|move|p1a: Toxapex|Haze|p1a: Toxapex
|-clearallboost
|
|-damage|p2a: Slowbro|94/100 tox|[from] psn
|upkeep
|turn|284
|inactive|hf1 has 10 seconds left this turn.
|inactive|Justin UA has 90 seconds left.
|
|t:|1633814349
|move|p1a: Toxapex|Haze|p1a: Toxapex
|-clearallboost
|move|p2a: Slowbro|Teleport|p2a: Slowbro
|inactive|hf1 has 15 seconds left this turn.
|
|t:|1633814351
|switch|p2a: Corviknight|Corviknight, M|46/100 brn|[from]move: Teleport
|-ability|p2a: Corviknight|Pressure
|
|-damage|p2a: Corviknight|40/100 brn|[from] brn
|upkeep
|turn|285
|inactive|hf1 has 15 seconds left this turn.
|
|t:|1633814354
|move|p2a: Corviknight|U-turn|p1a: Toxapex
|-resisted|p1a: Toxapex
|-damage|p1a: Toxapex|98/100
|inactive|hf1 has 20 seconds left this turn.
|
|t:|1633814357
|switch|p2a: Slowbro|Slowbro, F|100/100 tox|[from]move: U-turn
|move|p1a: Toxapex|Toxic|p2a: Slowbro
|-fail|p2a: Slowbro|tox
|
|-heal|p1a: Toxapex|100/100|[from] item: Black Sludge
|-damage|p2a: Slowbro|94/100 tox|[from] psn
|upkeep
|turn|286
|inactive|hf1 has 20 seconds left this turn.
|
|t:|1633814364
|switch|p1a: Blissey|Blissey, F|61/100
|move|p2a: Slowbro|Future Sight|p1a: Blissey
|-start|p2a: Slowbro|move: Future Sight
|
|-damage|p2a: Slowbro|82/100 tox|[from] psn
|upkeep
|turn|287
|inactive|hf1 has 25 seconds left this turn.
|inactive|hf1 has 20 seconds left.
|
|t:|1633814371
|move|p1a: Blissey|Seismic Toss|p2a: Slowbro
|-damage|p2a: Slowbro|57/100 tox
|move|p2a: Slowbro|Scald|p1a: Blissey
|-damage|p1a: Blissey|51/100
|
|-damage|p2a: Slowbro|39/100 tox|[from] psn
|upkeep
|turn|288
|inactive|hf1 has 20 seconds left this turn.
|
|t:|1633814375
|move|p1a: Blissey|Soft-Boiled|p1a: Blissey
|-heal|p1a: Blissey|100/100
|move|p2a: Slowbro|Teleport|p2a: Slowbro
|inactive|hf1 has 25 seconds left this turn.
|
|t:|1633814379
|switch|p2a: Corviknight|Corviknight, M|40/100 brn|[from]move: Teleport
|-ability|p2a: Corviknight|Pressure
|
|-end|p1a: Blissey|move: Future Sight
|-crit|p1a: Blissey
|-damage|p1a: Blissey|79/100
|-damage|p2a: Corviknight|34/100 brn|[from] brn
|upkeep
|turn|289
|inactive|hf1 has 25 seconds left this turn.
|
|t:|1633814383
|switch|p2a: Slowbro|Slowbro, F|72/100 tox
|move|p1a: Blissey|Teleport|p1a: Blissey
|inactive|hf1 has 30 seconds left this turn.
|
|t:|1633814386
|switch|p1a: Hippowdon|Hippowdon, F|100/100|[from]move: Teleport
|-weather|Sandstorm|[from] ability: Sand Stream|[of] p1a: Hippowdon
|
|-weather|Sandstorm|[upkeep]
|-damage|p2a: Slowbro|66/100 tox|[from] Sandstorm
|-damage|p2a: Slowbro|60/100 tox|[from] psn
|upkeep
|turn|290
|inactive|hf1 has 30 seconds left this turn.
|
|t:|1633814392
|switch|p1a: Toxapex|Toxapex, F|100/100
|switch|p2a: Corviknight|Corviknight, M|34/100 brn
|-ability|p2a: Corviknight|Pressure
|
|-weather|Sandstorm|[upkeep]
|-damage|p1a: Toxapex|94/100|[from] Sandstorm
|-heal|p1a: Toxapex|100/100|[from] item: Black Sludge
|-damage|p2a: Corviknight|28/100 brn|[from] brn
|upkeep
|turn|291
|inactive|hf1 has 30 seconds left.
|
|t:|1633814398
|switch|p2a: Slowbro|Slowbro, F|93/100 tox
|move|p1a: Toxapex|Haze|p1a: Toxapex
|-clearallboost
|
|-weather|Sandstorm|[upkeep]
|-damage|p1a: Toxapex|94/100|[from] Sandstorm
|-damage|p2a: Slowbro|87/100 tox|[from] Sandstorm
|-heal|p1a: Toxapex|100/100|[from] item: Black Sludge
|-damage|p2a: Slowbro|81/100 tox|[from] psn
|upkeep
|turn|292
|inactive|hf1 has 30 seconds left this turn.
|
|t:|1633814402
|switch|p2a: Corviknight|Corviknight, M|28/100 brn
|-ability|p2a: Corviknight|Pressure
|move|p1a: Toxapex|Toxic||[still]
|-fail|p1a: Toxapex
|
|-weather|Sandstorm|[upkeep]
|-damage|p1a: Toxapex|94/100|[from] Sandstorm
|-heal|p1a: Toxapex|100/100|[from] item: Black Sludge
|-damage|p2a: Corviknight|21/100 brn|[from] brn
|upkeep
|turn|293
|
|t:|1633814407
|move|p2a: Corviknight|U-turn|p1a: Toxapex
|-resisted|p1a: Toxapex
|-damage|p1a: Toxapex|98/100
|
|t:|1633814410
|switch|p2a: Slowbro|Slowbro, F|100/100 tox|[from]move: U-turn
|move|p1a: Toxapex|Recover|p1a: Toxapex
|-heal|p1a: Toxapex|100/100
|
|-weather|none
|-damage|p2a: Slowbro|94/100 tox|[from] psn
|upkeep
|turn|294
|
|t:|1633814421
|switch|p1a: Hippowdon|Hippowdon, F|100/100
|-weather|Sandstorm|[from] ability: Sand Stream|[of] p1a: Hippowdon
|switch|p2a: Corviknight|Corviknight, M|21/100 brn
|-ability|p2a: Corviknight|Pressure
|
|-weather|Sandstorm|[upkeep]
|-damage|p2a: Corviknight|15/100 brn|[from] brn
|upkeep
|turn|295
|inactive|hf1 has 30 seconds left.
|
|t:|1633814428
|switch|p1a: Toxapex|Toxapex, F|100/100
|move|p2a: Corviknight|U-turn|p1a: Toxapex
|-resisted|p1a: Toxapex
|-damage|p1a: Toxapex|98/100
|
|t:|1633814432
|switch|p2a: Slowbro|Slowbro, F|100/100 tox|[from]move: U-turn
|
|-weather|Sandstorm|[upkeep]
|-damage|p1a: Toxapex|92/100|[from] Sandstorm
|-damage|p2a: Slowbro|94/100 tox|[from] Sandstorm
|-heal|p1a: Toxapex|98/100|[from] item: Black Sludge
|-damage|p2a: Slowbro|88/100 tox|[from] psn
|upkeep
|turn|296
|inactive|hf1 has 30 seconds left.
|
|t:|1633814441
|move|p1a: Toxapex|Haze|p1a: Toxapex
|-clearallboost
|move|p2a: Slowbro|Slack Off|p2a: Slowbro
|-heal|p2a: Slowbro|100/100 tox
|
|-weather|Sandstorm|[upkeep]
|-damage|p1a: Toxapex|92/100|[from] Sandstorm
|-damage|p2a: Slowbro|94/100 tox|[from] Sandstorm
|-heal|p1a: Toxapex|98/100|[from] item: Black Sludge
|-damage|p2a: Slowbro|82/100 tox|[from] psn
|upkeep
|turn|297
|
|t:|1633814448
|move|p1a: Toxapex|Recover|p1a: Toxapex
|-heal|p1a: Toxapex|100/100
|move|p2a: Slowbro|Scald|p1a: Toxapex
|-resisted|p1a: Toxapex
|-damage|p1a: Toxapex|91/100
|
|-weather|Sandstorm|[upkeep]
|-damage|p1a: Toxapex|84/100|[from] Sandstorm
|-damage|p2a: Slowbro|76/100 tox|[from] Sandstorm
|-heal|p1a: Toxapex|91/100|[from] item: Black Sludge
|-damage|p2a: Slowbro|58/100 tox|[from] psn
|upkeep
|turn|298
|inactive|hf1 has 30 seconds left.
|
|t:|1633814455
|switch|p2a: Corviknight|Corviknight, M|15/100 brn
|-ability|p2a: Corviknight|Pressure
|move|p1a: Toxapex|Haze|p1a: Toxapex
|-clearallboost
|
|-weather|none
|-heal|p1a: Toxapex|97/100|[from] item: Black Sludge
|-damage|p2a: Corviknight|9/100 brn|[from] brn
|upkeep
|turn|299
|inactive|hf1 has 30 seconds left.
|
|t:|1633814460
|switch|p1a: Hippowdon|Hippowdon, F|100/100
|-weather|Sandstorm|[from] ability: Sand Stream|[of] p1a: Hippowdon
|move|p2a: Corviknight|U-turn|p1a: Hippowdon
|-damage|p1a: Hippowdon|95/100
|inactive|hf1 has 30 seconds left this turn.
|
|t:|1633814463
|switch|p2a: Slowbro|Slowbro, F|91/100 tox|[from]move: U-turn
|
|-weather|Sandstorm|[upkeep]
|-damage|p2a: Slowbro|85/100 tox|[from] Sandstorm
|-damage|p2a: Slowbro|79/100 tox|[from] psn
|upkeep
|turn|300
|
|t:|1633814468
|switch|p2a: Corviknight|Corviknight, M|9/100 brn
|-ability|p2a: Corviknight|Pressure
|move|p1a: Hippowdon|Toxic||[still]
|-fail|p1a: Hippowdon
|
|-weather|Sandstorm|[upkeep]
|-damage|p2a: Corviknight|3/100 brn|[from] brn
|upkeep
|turn|301
|
|t:|1633814475
|switch|p2a: Slowbro|Slowbro, F|100/100 tox
|switch|p1a: Toxapex|Toxapex, F|100/100
|
|-weather|Sandstorm|[upkeep]
|-damage|p1a: Toxapex|94/100|[from] Sandstorm
|-damage|p2a: Slowbro|94/100 tox|[from] Sandstorm
|-heal|p1a: Toxapex|100/100|[from] item: Black Sludge
|-damage|p2a: Slowbro|88/100 tox|[from] psn
|upkeep
|turn|302
|
|t:|1633814481
|switch|p2a: Corviknight|Corviknight, M|3/100 brn
|-ability|p2a: Corviknight|Pressure
|move|p1a: Toxapex|Toxic||[still]
|-fail|p1a: Toxapex
|
|-weather|Sandstorm|[upkeep]
|-damage|p1a: Toxapex|94/100|[from] Sandstorm
|-heal|p1a: Toxapex|100/100|[from] item: Black Sludge
|-damage|p2a: Corviknight|0 fnt|[from] brn
|faint|p2a: Corviknight
|upkeep
|
|t:|1633814484
|switch|p2a: Slowbro|Slowbro, F|100/100 tox
|turn|303
|c|☆hf1|gg
|
|t:|1633814489
|switch|p1a: Blissey|Blissey, F|79/100
|move|p2a: Slowbro|Slack Off||[still]
|-fail|p2a: Slowbro|heal
|
|-weather|none
|-damage|p2a: Slowbro|94/100 tox|[from] psn
|upkeep
|turn|304
|c|☆Justin UA|fuck no
|-message|Justin UA forfeited.
|
|win|hf1
|raw|hf1's rating: 1503 &rarr; <strong>1523</strong><br />(+20 for winning)
|raw|Justin UA's rating: 1506 &rarr; <strong>1486</strong><br />(-20 for losing)
|l|☆Justin UA
