|j|☆2(H2O)
|j|☆NA Weezing
|t:|1663488813
|gametype|singles
|player|p1|2(H2O)|chase|1770
|player|p2|NA Weezing|101|1711
|teamsize|p1|6
|teamsize|p2|6
|gen|8
|tier|[Gen 8] OU
|rated|
|rule|Sleep Clause Mod: Limit one foe put to sleep
|rule|Species Clause: Limit one of each Pokémon
|rule|OHKO Clause: OHKO moves are banned
|rule|Evasion Items Clause: Evasion items are banned
|rule|Evasion Moves Clause: Evasion moves are banned
|rule|Endless Battle Clause: Forcing endless battles is banned
|rule|HP Percentage Mod: HP is shown in percentages
|rule|Dynamax Clause: You cannot dynamax
|clearpoke
|poke|p1|Weavile, M|
|poke|p1|Melmetal|
|poke|p1|Dragonite, M|
|poke|p1|Victini|
|poke|p1|Landorus-Therian, M|
|poke|p1|Tapu Koko|
|poke|p2|Corviknight, M|
|poke|p2|Tornadus-Therian, M|
|poke|p2|Swoobat, F|
|poke|p2|Toxapex, F|
|poke|p2|Shedinja|
|poke|p2|Clefable, M|
|teampreview
|j| kocklanjiaocibai
|inactive|Battle timer is ON: inactive players will automatically lose when time's up. (requested by 2(H2O))
|
|t:|1663488830
|start
|switch|p1a: Landorus|Landorus-Therian, M|100/100
|switch|p2a: Swoobat|Swoobat, F|100/100
|-ability|p1a: Landorus|Intimidate|boost
|-unboost|p2a: Swoobat|atk|1
|turn|1
|
|t:|1663488835
|move|p2a: Swoobat|Trick|p1a: Landorus
|-activate|p2a: Swoobat|move: Trick|[of] p1a: Landorus
|-item|p1a: Landorus|Assault Vest|[from] move: Trick
|-item|p2a: Swoobat|Leftovers|[from] move: Trick
|move|p1a: Landorus|Stealth Rock|p2a: Swoobat
|-sidestart|p2: NA Weezing|move: Stealth Rock
|
|upkeep
|turn|2
|
|t:|1663488840
|move|p2a: Swoobat|Defog|p1a: Landorus
|-unboost|p1a: Landorus|evasion|1
|-sideend|p2: NA Weezing|Stealth Rock|[from] move: Defog|[of] p2a: Swoobat
|move|p1a: Landorus|U-turn|p2a: Swoobat
|-damage|p2a: Swoobat|62/100
|
|t:|1663488842
|switch|p1a: Weavile|Weavile, M|100/100|[from]move: U-turn
|-ability|p1a: Weavile|Pressure
|
|upkeep
|turn|3
|j| visuals boss
|j| Masaki Suda
|
|t:|1663488845
|switch|p1a: Landorus|Landorus-Therian, M|100/100
|-ability|p1a: Landorus|Intimidate|boost
|-unboost|p2a: Swoobat|atk|1
|switch|p2a: Toxapex|Toxapex, F|100/100
|
|upkeep
|turn|4
|
|t:|1663488849
|switch|p2a: Tornadus|Tornadus-Therian, M|100/100
|move|p1a: Landorus|U-turn|p2a: Tornadus
|-resisted|p2a: Tornadus
|-damage|p2a: Tornadus|88/100
|
|t:|1663488852
|switch|p1a: Tapu Koko|Tapu Koko|100/100|[from]move: U-turn
|-fieldstart|move: Electric Terrain|[from] ability: Electric Surge|[of] p1a: Tapu Koko
|
|upkeep
|turn|5
|
|t:|1663488856
|switch|p2a: Shedinja|Shedinja|100/100
|move|p1a: Tapu Koko|Thunderbolt|p2a: Shedinja
|-immune|p2a: Shedinja|[from] ability: Wonder Guard
|
|upkeep
|turn|6
|
|t:|1663488864
|switch|p1a: Landorus|Landorus-Therian, M|100/100
|-ability|p1a: Landorus|Intimidate|boost
|-unboost|p2a: Shedinja|atk|1
|move|p2a: Shedinja|Toxic|p1a: Landorus
|-status|p1a: Landorus|tox
|
|-damage|p1a: Landorus|94/100 tox|[from] psn
|upkeep
|turn|7
|
|t:|1663488868
|move|p2a: Shedinja|Protect|p2a: Shedinja
|-singleturn|p2a: Shedinja|Protect
|move|p1a: Landorus|U-turn|p2a: Shedinja
|-activate|p2a: Shedinja|move: Protect
|
|-damage|p1a: Landorus|82/100 tox|[from] psn
|upkeep
|turn|8
|
|t:|1663488877
|switch|p2a: Tornadus|Tornadus-Therian, M|100/100
|move|p1a: Landorus|U-turn|p2a: Tornadus
|-resisted|p2a: Tornadus
|-damage|p2a: Tornadus|89/100
|
|t:|1663488881
|switch|p1a: Weavile|Weavile, M|100/100|[from]move: U-turn
|-ability|p1a: Weavile|Pressure
|
|-fieldend|move: Electric Terrain
|upkeep
|turn|9
|
|t:|1663488884
|switch|p2a: Toxapex|Toxapex, F|100/100
|move|p1a: Weavile|Beat Up|p2a: Toxapex
|-damage|p2a: Toxapex|92/100
|-damage|p2a: Toxapex|82/100
|-damage|p2a: Toxapex|74/100
|-crit|p2a: Toxapex
|-damage|p2a: Toxapex|61/100
|-damage|p2a: Toxapex|53/100
|-hitcount|p2a: Toxapex|5
|
|-heal|p2a: Toxapex|60/100|[from] item: Black Sludge
|upkeep
|turn|10
|
|t:|1663488894
|move|p1a: Weavile|Swords Dance|p1a: Weavile
|-boost|p1a: Weavile|atk|2
|move|p2a: Toxapex|Recover|p2a: Toxapex
|-heal|p2a: Toxapex|100/100
|
|upkeep
|turn|11
|
|t:|1663488899
|move|p1a: Weavile|Beat Up|p2a: Toxapex
|-damage|p2a: Toxapex|85/100
|-damage|p2a: Toxapex|65/100
|-damage|p2a: Toxapex|48/100
|-damage|p2a: Toxapex|33/100
|-damage|p2a: Toxapex|19/100
|-hitcount|p2a: Toxapex|5
|move|p2a: Toxapex|Toxic|p1a: Weavile
|-status|p1a: Weavile|tox
|
|-heal|p2a: Toxapex|25/100|[from] item: Black Sludge
|-damage|p1a: Weavile|94/100 tox|[from] psn
|upkeep
|turn|12
|
|t:|1663488907
|switch|p2a: Clefable|Clefable, M|100/100
|move|p1a: Weavile|Swords Dance|p1a: Weavile
|-boost|p1a: Weavile|atk|2
|
|-damage|p1a: Weavile|82/100 tox|[from] psn
|upkeep
|turn|13
|
|t:|1663488910
|move|p1a: Weavile|Triple Axel|p2a: Clefable
|-damage|p2a: Clefable|92/100
|-damage|p2a: Clefable|74/100
|-damage|p2a: Clefable|50/100
|-hitcount|p2a: Clefable|3
|move|p2a: Clefable|Soft-Boiled|p2a: Clefable
|-heal|p2a: Clefable|100/100
|
|-damage|p1a: Weavile|64/100 tox|[from] psn
|upkeep
|turn|14
|
|t:|1663488917
|move|p1a: Weavile|Triple Axel|p2a: Clefable
|-damage|p2a: Clefable|93/100
|-damage|p2a: Clefable|77/100
|-damage|p2a: Clefable|53/100
|-hitcount|p2a: Clefable|3
|move|p2a: Clefable|Soft-Boiled|p2a: Clefable
|-heal|p2a: Clefable|100/100
|
|-damage|p1a: Weavile|40/100 tox|[from] psn
|upkeep
|turn|15
|
|t:|1663488924
|switch|p1a: Victini|Victini|100/100
|move|p2a: Clefable|Soft-Boiled||[still]
|-fail|p2a: Clefable|heal
|
|upkeep
|turn|16
|l| kocklanjiaocibai
|
|t:|1663488929
|move|p1a: Victini|V-create|p2a: Clefable
|-damage|p2a: Clefable|40/100
|-unboost|p1a: Victini|spe|1
|-unboost|p1a: Victini|def|1
|-unboost|p1a: Victini|spd|1
|move|p2a: Clefable|Soft-Boiled|p2a: Clefable
|-heal|p2a: Clefable|90/100
|
|-heal|p2a: Clefable|96/100|[from] item: Leftovers
|upkeep
|turn|17
|
|t:|1663488936
|move|p1a: Victini|V-create|p2a: Clefable
|-damage|p2a: Clefable|32/100
|-unboost|p1a: Victini|spe|1
|-unboost|p1a: Victini|def|1
|-unboost|p1a: Victini|spd|1
|move|p2a: Clefable|Soft-Boiled|p2a: Clefable
|-heal|p2a: Clefable|82/100
|
|-heal|p2a: Clefable|88/100|[from] item: Leftovers
|upkeep
|turn|18
|c|☆2(H2O)|gg
|c|☆NA Weezing|gg
|l| Masaki Suda
|c|☆2(H2O)|this thing is unbreakable XD
|c|☆2(H2O)|wp
|-message|2(H2O) forfeited.
|
|win|NA Weezing
|raw|2(H2O)'s rating: 1770 &rarr; <strong>1747</strong><br />(-23 for losing)
|raw|NA Weezing's rating: 1711 &rarr; <strong>1734</strong><br />(+23 for winning)
