|j|☆Capital Cruiser
|j|☆Fastpitchkiller
|t:|1658814567
|gametype|singles
|player|p1|Capital Cruiser|brycen|1586
|player|p2|Fastpitchkiller|101|1705
|teamsize|p1|6
|teamsize|p2|6
|gen|8
|tier|[Gen 8] OU
|rated|
|rule|Sleep Clause Mod: Limit one foe put to sleep
|rule|Species Clause: Limit one of each Pokémon
|rule|OHKO Clause: OHKO moves are banned
|rule|Evasion Moves Clause: Evasion moves are banned
|rule|Endless Battle Clause: Forcing endless battles is banned
|rule|HP Percentage Mod: HP is shown in percentages
|rule|Dynamax Clause: You cannot dynamax
|clearpoke
|poke|p1|Mamoswine, F|
|poke|p1|Keldeo|
|poke|p1|Zapdos|
|poke|p1|Heatran, M|
|poke|p1|Dragonite, M|
|poke|p1|Aegislash, F|
|poke|p2|Blaziken, F|
|poke|p2|Slowbro, M|
|poke|p2|Tyranitar, F|
|poke|p2|Corviknight, M|
|poke|p2|Landorus-Therian, M|
|poke|p2|Tapu Koko|
|teampreview
|inactive|Battle timer is ON: inactive players will automatically lose when time's up. (requested by Capital Cruiser)
|j| heartsxyz
|c| heartsxyz|CRUISERRR
|
|t:|1658814586
|start
|switch|p1a: Keldeo|Keldeo|100/100
|switch|p2a: Enamorousito|Landorus-Therian, M|100/100
|-ability|p2a: Enamorousito|Intimidate|boost
|-unboost|p1a: Keldeo|atk|1
|turn|1
|c| heartsxyz|IM YOUR BIGGEST FAN
|c| heartsxyz|dont lose to rng pls
|c| heartsxyz|LMAOOOOOO
|c|☆Capital Cruiser|Still waiting for that challenge newbie, kinda keep dodging trying to fight me.
|inactive|Capital Cruiser has 120 seconds left.
|c| heartsxyz|i sent it
|
|t:|1658814619
|switch|p2a: Slowgatell|Slowbro, M|100/100
|move|p1a: Keldeo|Surf|p2a: Slowgatell
|-resisted|p2a: Slowgatell
|-damage|p2a: Slowgatell|66/100
|
|upkeep
|turn|2
|j| ikoero
|l| ikoero
|c| heartsxyz|but your not doing it right
|inactive|Capital Cruiser has 120 seconds left.
|c|☆Capital Cruiser|You gave up twice in the process
|c| heartsxyz|you see u have to kill the tirtouga
|
|t:|1658814635
|switch|p1a: Aegislash|Aegislash, F, shiny|100/100
|move|p2a: Slowgatell|Future Sight|p1a: Aegislash
|-start|p2a: Slowgatell|move: Future Sight
|
|upkeep
|turn|3
|c| heartsxyz|bc your setting up rocks on a riolu
|inactive|Capital Cruiser has 120 seconds left.
|
|t:|1658814640
|switch|p2a: Enamorousito|Landorus-Therian, M|100/100
|-ability|p2a: Enamorousito|Intimidate|boost
|-unboost|p1a: Aegislash|atk|1
|-formechange|p1a: Aegislash|Aegislash-Blade||[from] ability: Stance Change
|move|p1a: Aegislash|Shadow Ball|p2a: Enamorousito
|-damage|p2a: Enamorousito|27/100
|
|-heal|p2a: Enamorousito|33/100|[from] item: Leftovers
|upkeep
|turn|4
|c|☆Capital Cruiser|LOL
|
|t:|1658814653
|-formechange|p1a: Aegislash|Aegislash||[from] ability: Stance Change
|move|p1a: Aegislash|King's Shield|p1a: Aegislash
|-singleturn|p1a: Aegislash|Protect
|move|p2a: Enamorousito|Smack Down|p1a: Aegislash
|-activate|p1a: Aegislash|move: Protect
|
|-end|p1a: Aegislash|move: Future Sight
|-resisted|p1a: Aegislash
|-damage|p1a: Aegislash|85/100
|-heal|p2a: Enamorousito|39/100|[from] item: Leftovers
|upkeep
|turn|5
|c| heartsxyz|you see if you killed it
|c|☆Capital Cruiser|You sound like a major dumbass right now.
|c| heartsxyz|it would have worked
|
|t:|1658814667
|switch|p1a: Keldeo|Keldeo|100/100
|move|p2a: Enamorousito|Substitute|p2a: Enamorousito
|-start|p2a: Enamorousito|Substitute
|-damage|p2a: Enamorousito|14/100
|
|-heal|p2a: Enamorousito|20/100|[from] item: Leftovers
|upkeep
|turn|6
|
|t:|1658814675
|move|p1a: Keldeo|Surf|p2a: Enamorousito
|-supereffective|p2a: Enamorousito
|-end|p2a: Enamorousito|Substitute
|move|p2a: Enamorousito|Earthquake|p1a: Keldeo
|-damage|p1a: Keldeo|35/100
|
|-heal|p2a: Enamorousito|26/100|[from] item: Leftovers
|upkeep
|turn|7
|c| heartsxyz|and you seem like sucha buzzkill for not letting me have my fun
|c| heartsxyz|so i gotta do it in these games where you say your "handicapping" yourself
|inactive|Capital Cruiser has 120 seconds left.
|c|☆Capital Cruiser|Seems like your using the excuse for using terrible team like that, cause you don't want to play a real team, get fucked up then look stupid
|
|t:|1658814712
|switch|p2a: Slowgatell|Slowbro, M|99/100
|move|p1a: Keldeo|Surf|p2a: Slowgatell
|-resisted|p2a: Slowgatell
|-damage|p2a: Slowgatell|62/100
|
|upkeep
|turn|8
|c| heartsxyz|and then watch you lose your games
|c| heartsxyz|cruiser dont lose to the timer again
|inactive|Capital Cruiser has 120 seconds left.
|
|t:|1658814719
|switch|p1a: Aegislash|Aegislash, F, shiny|85/100
|move|p2a: Slowgatell|Teleport|p2a: Slowgatell
|c| heartsxyz|ah cruiser cruiser
|
|t:|1658814729
|switch|p2a: Claudio|Blaziken, F|100/100|[from]move: Teleport
|
|upkeep
|turn|9
|c| heartsxyz|you got burned once and then gave up
|c| heartsxyz|said rng
|
|t:|1658814743
|switch|p1a: Dragonite|Dragonite, M, shiny|100/100
|move|p2a: Claudio|Knock Off|p1a: Dragonite
|-damage|p1a: Dragonite|85/100
|-enditem|p1a: Dragonite|Heavy-Duty Boots|[from] move: Knock Off|[of] p2a: Claudio
|
|-ability|p2a: Claudio|Speed Boost|boost
|-boost|p2a: Claudio|spe|1
|upkeep
|turn|10
|c| heartsxyz|and then had your ego hurt
|c| heartsxyz|cmon now
|
|t:|1658814754
|switch|p2a: Slowgatell|Slowbro, M|96/100
|move|p1a: Dragonite|Roost|p1a: Dragonite
|-heal|p1a: Dragonite|100/100
|-singleturn|p1a: Dragonite|move: Roost
|
|upkeep
|turn|11
|c| heartsxyz|if you really thought you were all that you wouldnt need to prove shit
|c| heartsxyz|LMAOOOO
|inactive|Capital Cruiser has 120 seconds left.
|c| heartsxyz|pitch killer got this in the bag tho
|c| heartsxyz|unless like u say rng
|c| heartsxyz|cruiser dont spend your time typing to me
|c|☆Capital Cruiser|Sorry if i'm trying to play a "competitive game" then losing to someone who clearly can't even manage to even set an OU match challenge me to AG<
|inactive|Capital Cruiser has 90 seconds left.
|c| heartsxyz|your timer gonna run out like last time
|
|t:|1658814803
|switch|p1a: Zapdos|Zapdos, shiny|100/100
|move|p2a: Slowgatell|Teleport|p2a: Slowgatell
|c| heartsxyz|i sent you an ou one
|c| heartsxyz|and and ag one using the same team
|
|t:|1658814812
|switch|p2a: GODzilla|Tyranitar, F|100/100|[from]move: Teleport
|-weather|Sandstorm|[from] ability: Sand Stream|[of] p2a: GODzilla
|
|-weather|Sandstorm|[upkeep]
|-damage|p1a: Zapdos|94/100|[from] Sandstorm
|upkeep
|turn|12
|c| heartsxyz|yet you still couldnt do it right and let me have my fun
|c| heartsxyz|boring
|inactive|Capital Cruiser has 90 seconds left.
|c| heartsxyz|cruiser im just running your timer now
|c| heartsxyz|cmon man
|c| heartsxyz|you cant lose another ranked game
|c|☆Capital Cruiser|But, you like coming into my running your mouth though, but nowhere is a challenge to be seen, it's like you guys are fucking wusses.
|c| heartsxyz|that would be 3 in a row
|
|t:|1658814851
|move|p1a: Zapdos|Thunderbolt|p2a: GODzilla
|-damage|p2a: GODzilla|78/100
|-status|p2a: GODzilla|par
|move|p2a: GODzilla|Stealth Rock|p1a: Zapdos
|-sidestart|p1: Capital Cruiser|move: Stealth Rock
|
|-weather|Sandstorm|[upkeep]
|-damage|p1a: Zapdos|88/100|[from] Sandstorm
|-heal|p2a: GODzilla|84/100 par|[from] item: Leftovers
|upkeep
|turn|13
|
|t:|1658814861
|switch|p1a: Heatran|Heatran, M, shiny|100/100
|-damage|p1a: Heatran|88/100|[from] Stealth Rock
|cant|p2a: GODzilla|par
|
|-weather|Sandstorm|[upkeep]
|-heal|p1a: Heatran|94/100|[from] item: Leftovers
|-heal|p2a: GODzilla|90/100 par|[from] item: Leftovers
|upkeep
|turn|14
|c| heartsxyz|you have challenges off
|c| heartsxyz|you have dms off
|c| heartsxyz|after this math when i hop off for the night
|c| heartsxyz|you can prove to all the other low elo players how good you are yk
|inactive|Capital Cruiser has 60 seconds left.
|c| heartsxyz|feed that ego of yours
|c| heartsxyz|peak 1800 player
|c| heartsxyz|un gen 7 ubers
|c| heartsxyz|cruiser your timer
|c|☆Capital Cruiser|I quit because you clearly don't have the balls to challenge with a real team, cause you know you will be walking out upset like everyone else I end up fighting.
|
|t:|1658814906
|move|p1a: Heatran|Stealth Rock|p2a: GODzilla
|-sidestart|p2: Fastpitchkiller|move: Stealth Rock
|move|p2a: GODzilla|Earthquake|p1a: Heatran
|-supereffective|p1a: Heatran
|-damage|p1a: Heatran|0 fnt
|faint|p1a: Heatran
|
|-weather|Sandstorm|[upkeep]
|-heal|p2a: GODzilla|96/100 par|[from] item: Leftovers
|upkeep
|c| heartsxyz|writing me another paragraph?
|
|t:|1658814910
|switch|p1a: Keldeo|Keldeo|35/100
|-damage|p1a: Keldeo|29/100|[from] Stealth Rock
|turn|15
|c| heartsxyz|how cute
|c| heartsxyz|you lost to me again? quitting and ff again?
|
|t:|1658814929
|switch|p2a: Slowgatell|Slowbro, M|100/100
|-damage|p2a: Slowgatell|88/100|[from] Stealth Rock
|move|p1a: Keldeo|Focus Blast|p2a: Slowgatell
|-resisted|p2a: Slowgatell
|-damage|p2a: Slowgatell|42/100
|
|-weather|none
|upkeep
|turn|16
|c| heartsxyz|it seems like your the only one walking out upset of your previous matches
|c|☆Capital Cruiser|Yeah, but I see you're still here, running your mouth though, all talk from the luckiest players in the game.
|
|t:|1658814948
|switch|p2a: Precoz|Tapu Koko|100/100
|-fieldstart|move: Electric Terrain|[from] ability: Electric Surge|[of] p2a: Precoz
|move|p1a: Keldeo|Focus Blast|p2a: Precoz
|-resisted|p2a: Precoz
|-damage|p2a: Precoz|30/100
|
|upkeep
|turn|17
|
|t:|1658814957
|switch|p1a: Mamoswine|Mamoswine, F, shiny|100/100
|-damage|p1a: Mamoswine|88/100|[from] Stealth Rock
|move|p2a: Precoz|Roost|p2a: Precoz
|-heal|p2a: Precoz|81/100
|-singleturn|p2a: Precoz|move: Roost
|
|upkeep
|turn|18
|c| heartsxyz|your comma placement is immaculate
|inactive|Capital Cruiser has 60 seconds left.
|
|t:|1658814965
|move|p2a: Precoz|U-turn|p1a: Mamoswine
|-damage|p1a: Mamoswine|69/100
|
|t:|1658814968
|switch|p2a: Corvikstall|Corviknight, M|100/100|[from]move: U-turn
|-damage|p2a: Corvikstall|88/100|[from] Stealth Rock
|-ability|p2a: Corvikstall|Pressure
|move|p1a: Mamoswine|Icicle Crash|p2a: Corvikstall
|-damage|p2a: Corvikstall|39/100
|
|upkeep
|turn|19
|
|t:|1658814978
|switch|p2a: Slowgatell|Slowbro, M|75/100
|-damage|p2a: Slowgatell|63/100|[from] Stealth Rock
|move|p1a: Mamoswine|Icicle Crash|p2a: Slowgatell
|-resisted|p2a: Slowgatell
|-damage|p2a: Slowgatell|40/100
|
|upkeep
|turn|20
|c| heartsxyz|all this talk and yet you lost multiple in a row bc of me man
|
|t:|1658814986
|switch|p2a: Corvikstall|Corviknight, M|39/100
|-damage|p2a: Corvikstall|27/100|[from] Stealth Rock
|-ability|p2a: Corvikstall|Pressure
|move|p1a: Mamoswine|Icicle Crash|p2a: Corvikstall
|-damage|p2a: Corvikstall|0 fnt
|faint|p2a: Corvikstall
|
|-fieldend|move: Electric Terrain
|upkeep
|c| heartsxyz|you lost the last bc of me and you werent even fighting me
|c| heartsxyz|i must live in your head or something man
|
|t:|1658815001
|switch|p2a: Claudio|Blaziken, F|100/100
|-damage|p2a: Claudio|88/100|[from] Stealth Rock
|turn|21
|inactive|Capital Cruiser has 90 seconds left.
|c|☆Capital Cruiser|"Multiple times" we only fought once outside of the two times you auto forfeited <
|
|t:|1658815016
|switch|p1a: Dragonite|Dragonite, M, shiny|100/100
|-damage|p1a: Dragonite|76/100|[from] Stealth Rock
|move|p2a: Claudio|Close Combat|p1a: Dragonite
|-resisted|p1a: Dragonite
|-damage|p1a: Dragonite|47/100
|-unboost|p2a: Claudio|def|1
|-unboost|p2a: Claudio|spd|1
|
|-ability|p2a: Claudio|Speed Boost|boost
|-boost|p2a: Claudio|spe|1
|upkeep
|turn|22
|inactive|Capital Cruiser has 90 seconds left.
|
|t:|1658815028
|switch|p2a: Precoz|Tapu Koko|81/100
|-fieldstart|move: Electric Terrain|[from] ability: Electric Surge|[of] p2a: Precoz
|move|p1a: Dragonite|Roost|p1a: Dragonite
|-heal|p1a: Dragonite|97/100
|-singleturn|p1a: Dragonite|move: Roost
|
|upkeep
|turn|23
|c| heartsxyz|i auto ff with a riolu and tirtouga
|c|☆Capital Cruiser|Stupid.
|inactive|Capital Cruiser has 90 seconds left.
|c| heartsxyz|bc you werent doint it right
|
|t:|1658815043
|move|p2a: Precoz|U-turn|p1a: Dragonite
|-resisted|p1a: Dragonite
|-damage|p1a: Dragonite|92/100
|
|t:|1658815046
|switch|p2a: Slowgatell|Slowbro, M|73/100|[from]move: U-turn
|-damage|p2a: Slowgatell|61/100|[from] Stealth Rock
|move|p1a: Dragonite|Earthquake|p2a: Slowgatell
|-damage|p2a: Slowgatell|41/100
|
|upkeep
|turn|24
|c| heartsxyz|does that make you happy? you beat a riolu?
|inactive|Capital Cruiser has 90 seconds left.
|
|t:|1658815057
|switch|p1a: Aegislash|Aegislash, F, shiny|85/100
|-damage|p1a: Aegislash|79/100|[from] Stealth Rock
|move|p2a: Slowgatell|Teleport|p2a: Slowgatell
|
|t:|1658815065
|switch|p2a: Claudio|Blaziken, F|88/100|[from]move: Teleport
|-damage|p2a: Claudio|76/100|[from] Stealth Rock
|
|upkeep
|turn|25
|
|t:|1658815071
|switch|p1a: Dragonite|Dragonite, M, shiny|92/100
|-damage|p1a: Dragonite|67/100|[from] Stealth Rock
|move|p2a: Claudio|Flare Blitz|p1a: Dragonite
|-resisted|p1a: Dragonite
|-damage|p1a: Dragonite|36/100
|-damage|p2a: Claudio|63/100|[from] Recoil
|
|-ability|p2a: Claudio|Speed Boost|boost
|-boost|p2a: Claudio|spe|1
|upkeep
|turn|26
|
|t:|1658815082
|switch|p2a: Precoz|Tapu Koko|81/100
|move|p1a: Dragonite|Roost|p1a: Dragonite
|-heal|p1a: Dragonite|86/100
|-singleturn|p1a: Dragonite|move: Roost
|
|-fieldend|move: Electric Terrain
|upkeep
|turn|27
|c| heartsxyz|go cruiser go
|c| heartsxyz|go cruier go
|inactive|Capital Cruiser has 120 seconds left.
|
|t:|1658815090
|move|p2a: Precoz|Dazzling Gleam|p1a: Dragonite
|-supereffective|p1a: Dragonite
|-damage|p1a: Dragonite|30/100
|move|p1a: Dragonite|Earthquake|p2a: Precoz
|-supereffective|p2a: Precoz
|-damage|p2a: Precoz|5/100
|
|upkeep
|turn|28
|c| heartsxyz|ah rng
|
|t:|1658815103
|move|p2a: Precoz|Dazzling Gleam|p1a: Dragonite
|-supereffective|p1a: Dragonite
|-damage|p1a: Dragonite|0 fnt
|faint|p1a: Dragonite
|
|upkeep
|c| heartsxyz|it was a low roll
|
|t:|1658815106
|switch|p1a: Aegislash|Aegislash, F, shiny|79/100
|-damage|p1a: Aegislash|73/100|[from] Stealth Rock
|turn|29
|
|t:|1658815115
|switch|p2a: GODzilla|Tyranitar, F|96/100 par
|-damage|p2a: GODzilla|84/100 par|[from] Stealth Rock
|-weather|Sandstorm|[from] ability: Sand Stream|[of] p2a: GODzilla
|-formechange|p1a: Aegislash|Aegislash-Blade||[from] ability: Stance Change
|move|p1a: Aegislash|Shadow Ball|p2a: GODzilla
|-resisted|p2a: GODzilla
|-damage|p2a: GODzilla|72/100 par
|
|-weather|Sandstorm|[upkeep]
|-heal|p2a: GODzilla|78/100 par|[from] item: Leftovers
|upkeep
|turn|30
|c| heartsxyz|go cruiser go
|c| heartsxyz|go cruiser go
|
|t:|1658815129
|move|p1a: Aegislash|Close Combat|p2a: GODzilla
|-supereffective|p2a: GODzilla
|-damage|p2a: GODzilla|0 fnt
|-unboost|p1a: Aegislash|def|1
|-unboost|p1a: Aegislash|spd|1
|faint|p2a: GODzilla
|
|-weather|Sandstorm|[upkeep]
|upkeep
|
|t:|1658815139
|switch|p2a: Claudio|Blaziken, F|63/100
|-damage|p2a: Claudio|51/100|[from] Stealth Rock
|turn|31
|c| heartsxyz|hurry up cruiser i need to sleep now
|
|t:|1658815144
|move|p1a: Aegislash|Shadow Sneak|p2a: Claudio
|-damage|p2a: Claudio|16/100
|move|p2a: Claudio|Flare Blitz|p1a: Aegislash
|-supereffective|p1a: Aegislash
|-damage|p1a: Aegislash|0 fnt
|faint|p1a: Aegislash
|-damage|p2a: Claudio|0 fnt|[from] Recoil
|faint|p2a: Claudio
|
|-weather|Sandstorm|[upkeep]
|upkeep
|
|t:|1658815157
|switch|p2a: Slowgatell|Slowbro, M|75/100
|switch|p1a: Zapdos|Zapdos, shiny|88/100
|-damage|p1a: Zapdos|63/100|[from] Stealth Rock
|-damage|p2a: Slowgatell|62/100|[from] Stealth Rock
|turn|32
|
|t:|1658815163
|move|p1a: Zapdos|Hurricane|p2a: Slowgatell|[miss]
|-miss|p1a: Zapdos|p2a: Slowgatell
|move|p2a: Slowgatell|Teleport|p2a: Slowgatell
|c| heartsxyz|rng
|c| heartsxyz|rng
|
|t:|1658815167
|switch|p2a: Enamorousito|Landorus-Therian, M|26/100|[from]move: Teleport
|-damage|p2a: Enamorousito|14/100|[from] Stealth Rock
|-ability|p2a: Enamorousito|Intimidate|boost
|-unboost|p1a: Zapdos|atk|1
|
|-weather|Sandstorm|[upkeep]
|-damage|p1a: Zapdos|57/100|[from] Sandstorm
|-heal|p2a: Enamorousito|20/100|[from] item: Leftovers
|upkeep
|turn|33
|c| heartsxyz|rng
|c| heartsxyz|unlucky cruiser
|
|t:|1658815179
|move|p2a: Enamorousito|Smack Down|p1a: Zapdos
|-supereffective|p1a: Zapdos
|-damage|p1a: Zapdos|21/100
|-start|p1a: Zapdos|Smack Down
|-enditem|p1a: Zapdos|Sitrus Berry|[eat]
|-heal|p1a: Zapdos|46/100|[from] item: Sitrus Berry
|move|p1a: Zapdos|Heat Wave|p2a: Enamorousito|[miss]
|-miss|p1a: Zapdos|p2a: Enamorousito
|
|-weather|none
|-heal|p2a: Enamorousito|26/100|[from] item: Leftovers
|upkeep
|turn|34
|c| heartsxyz|unlucky
|c| heartsxyz|wow
|c| heartsxyz|cruiser
|
|t:|1658815191
|switch|p1a: Keldeo|Keldeo|29/100
|-damage|p1a: Keldeo|23/100|[from] Stealth Rock
|move|p2a: Enamorousito|Earthquake|p1a: Keldeo
|-damage|p1a: Keldeo|0 fnt
|faint|p1a: Keldeo
|
|-heal|p2a: Enamorousito|32/100|[from] item: Leftovers
|upkeep
|c| heartsxyz|ff maybe?
|
|t:|1658815209
|switch|p1a: Mamoswine|Mamoswine, F, shiny|69/100
|-damage|p1a: Mamoswine|57/100|[from] Stealth Rock
|turn|35
|c| heartsxyz|pitch killer is just too lucky
|
|t:|1658815216
|switch|p2a: Slowgatell|Slowbro, M|95/100
|-damage|p2a: Slowgatell|83/100|[from] Stealth Rock
|move|p1a: Mamoswine|Knock Off|p2a: Slowgatell
|-supereffective|p2a: Slowgatell
|-crit|p2a: Slowgatell
|-damage|p2a: Slowgatell|0 fnt
|-damage|p1a: Mamoswine|40/100|[from] item: Rocky Helmet|[of] p2a: Slowgatell
|-enditem|p2a: Slowgatell|Rocky Helmet|[from] move: Knock Off|[of] p1a: Mamoswine
|faint|p2a: Slowgatell
|
|upkeep
|
|t:|1658815228
|switch|p2a: Precoz|Tapu Koko|5/100
|-fieldstart|move: Electric Terrain|[from] ability: Electric Surge|[of] p2a: Precoz
|turn|36
|c| heartsxyz|no way u lucky too u got the crit
|
|t:|1658815232
|switch|p1a: Zapdos|Zapdos, shiny|46/100
|-damage|p1a: Zapdos|21/100|[from] Stealth Rock
|move|p2a: Precoz|Dazzling Gleam|p1a: Zapdos
|-damage|p1a: Zapdos|0 fnt
|faint|p1a: Zapdos
|
|upkeep
|
|t:|1658815235
|switch|p1a: Mamoswine|Mamoswine, F, shiny|40/100
|-damage|p1a: Mamoswine|28/100|[from] Stealth Rock
|turn|37
|-message|Fastpitchkiller forfeited.
|
|win|Capital Cruiser
|raw|Capital Cruiser's rating: 1586 &rarr; <strong>1613</strong><br />(+27 for winning)
|raw|Fastpitchkiller's rating: 1705 &rarr; <strong>1678</strong><br />(-27 for losing)
|l|☆Fastpitchkiller
|c| heartsxyz|iceshard wins u this now
