|j|☆n.silver
|j|☆noudle soop
|t:|1632505656
|gametype|singles
|player|p1|n.silver|2|1519
|player|p2|noudle soop|266|1634
|teamsize|p1|6
|teamsize|p2|6
|gen|8
|tier|[Gen 8] OU
|rated|
|rule|Sleep Clause Mod: Limit one foe put to sleep
|rule|Species Clause: Limit one of each Pokémon
|rule|OHKO Clause: OHKO moves are banned
|rule|Evasion Moves Clause: Evasion moves are banned
|rule|Endless Battle Clause: Forcing endless battles is banned
|rule|HP Percentage Mod: HP is shown in percentages
|rule|Dynamax Clause: You cannot dynamax
|clearpoke
|poke|p1|Dragonite, F|
|poke|p1|Kartana|
|poke|p1|Hawlucha, M|
|poke|p1|Tapu Koko|
|poke|p1|Mew|
|poke|p1|Clefable, F|
|poke|p2|Hydreigon, M|
|poke|p2|Kyurem|
|poke|p2|Clefable, F|
|poke|p2|Toxapex, M|
|poke|p2|Kartana|
|poke|p2|Excadrill, M|
|teampreview
|inactive|Battle timer is ON: inactive players will automatically lose when time's up. (requested by noudle soop)
|
|t:|1632505674
|start
|switch|p1a: Dragonite|Dragonite, F|100/100
|switch|p2a: Excadrill|Excadrill, M|100/100
|-ability|p2a: Excadrill|Mold Breaker
|turn|1
|
|t:|1632505683
|move|p1a: Dragonite|Earthquake|p2a: Excadrill
|-supereffective|p2a: Excadrill
|-damage|p2a: Excadrill|6/100
|move|p2a: Excadrill|Toxic|p1a: Dragonite
|-status|p1a: Dragonite|tox
|
|-heal|p2a: Excadrill|12/100|[from] item: Leftovers
|-damage|p1a: Dragonite|94/100 tox|[from] psn
|upkeep
|turn|2
|
|t:|1632505694
|switch|p2a: Clefable|Clefable, F|100/100
|move|p1a: Dragonite|Earthquake|p2a: Clefable
|-damage|p2a: Clefable|69/100
|
|-damage|p1a: Dragonite|82/100 tox|[from] psn
|upkeep
|turn|3
|
|t:|1632505715
|switch|p1a: Tapu Koko|Tapu Koko|100/100
|-fieldstart|move: Electric Terrain|[from] ability: Electric Surge|[of] p1a: Tapu Koko
|switch|p2a: Excadrill|Excadrill, M|12/100
|-ability|p2a: Excadrill|Mold Breaker
|
|-heal|p2a: Excadrill|18/100|[from] item: Leftovers
|upkeep
|turn|4
|
|t:|1632505729
|move|p1a: Tapu Koko|Reflect|p1a: Tapu Koko
|-sidestart|p1: n.silver|Reflect
|move|p2a: Excadrill|Stealth Rock|p1a: Tapu Koko
|-sidestart|p1: n.silver|move: Stealth Rock
|
|-heal|p2a: Excadrill|24/100|[from] item: Leftovers
|upkeep
|turn|5
|
|t:|1632505743
|move|p1a: Tapu Koko|Light Screen|p1a: Tapu Koko
|-sidestart|p1: n.silver|move: Light Screen
|move|p2a: Excadrill|Toxic|p1a: Tapu Koko
|-status|p1a: Tapu Koko|tox
|
|-heal|p2a: Excadrill|30/100|[from] item: Leftovers
|-damage|p1a: Tapu Koko|94/100 tox|[from] psn
|upkeep
|turn|6
|
|t:|1632505757
|switch|p1a: Hawlucha|Hawlucha, M|100/100
|-damage|p1a: Hawlucha|88/100|[from] Stealth Rock
|-enditem|p1a: Hawlucha|Electric Seed
|-boost|p1a: Hawlucha|def|1|[from] item: Electric Seed
|move|p2a: Excadrill|Toxic|p1a: Hawlucha
|-status|p1a: Hawlucha|tox
|
|-heal|p2a: Excadrill|36/100|[from] item: Leftovers
|-damage|p1a: Hawlucha|82/100 tox|[from] psn
|upkeep
|turn|7
|
|t:|1632505768
|switch|p2a: Clefable|Clefable, F|69/100
|move|p1a: Hawlucha|Swords Dance|p1a: Hawlucha
|-boost|p1a: Hawlucha|atk|2
|
|-damage|p1a: Hawlucha|70/100 tox|[from] psn
|-fieldend|move: Electric Terrain
|upkeep
|turn|8
|
|t:|1632505775
|move|p1a: Hawlucha|Acrobatics|p2a: Clefable
|-damage|p2a: Clefable|27/100
|move|p2a: Clefable|Soft-Boiled|p2a: Clefable
|-heal|p2a: Clefable|77/100
|
|-damage|p1a: Hawlucha|52/100 tox|[from] psn
|upkeep
|turn|9
|
|t:|1632505783
|move|p1a: Hawlucha|Acrobatics|p2a: Clefable
|-damage|p2a: Clefable|36/100
|move|p2a: Clefable|Soft-Boiled|p2a: Clefable
|-heal|p2a: Clefable|86/100
|
|-damage|p1a: Hawlucha|28/100 tox|[from] psn
|upkeep
|turn|10
|
|t:|1632505792
|move|p1a: Hawlucha|Acrobatics|p2a: Clefable
|-damage|p2a: Clefable|38/100
|move|p2a: Clefable|Soft-Boiled|p2a: Clefable
|-heal|p2a: Clefable|88/100
|
|-damage|p1a: Hawlucha|0 fnt|[from] psn
|faint|p1a: Hawlucha
|upkeep
|
|t:|1632505812
|switch|p1a: Kartana|Kartana|100/100
|-damage|p1a: Kartana|94/100|[from] Stealth Rock
|turn|11
|
|t:|1632505822
|move|p1a: Kartana|Swords Dance|p1a: Kartana
|-boost|p1a: Kartana|atk|2
|move|p2a: Clefable|Flamethrower|p1a: Kartana
|-supereffective|p1a: Kartana
|-damage|p1a: Kartana|0 fnt
|faint|p1a: Kartana
|
|-sideend|p1: n.silver|Reflect
|upkeep
|
|t:|1632505833
|switch|p1a: Clefable|Clefable, F|100/100
|turn|12
|
|t:|1632505839
|move|p1a: Clefable|Toxic|p2a: Clefable
|-status|p2a: Clefable|tox
|move|p2a: Clefable|Calm Mind|p2a: Clefable
|-boost|p2a: Clefable|spa|1
|-boost|p2a: Clefable|spd|1
|
|-damage|p2a: Clefable|82/100 tox|[from] psn
|-sideend|p1: n.silver|move: Light Screen
|upkeep
|turn|13
|
|t:|1632505847
|switch|p2a: Excadrill|Excadrill, M|36/100
|-ability|p2a: Excadrill|Mold Breaker
|move|p1a: Clefable|Calm Mind|p1a: Clefable
|-boost|p1a: Clefable|spa|1
|-boost|p1a: Clefable|spd|1
|
|-heal|p2a: Excadrill|42/100|[from] item: Leftovers
|upkeep
|turn|14
|c|☆noudle soop|thats cool
|c|☆noudle soop|you rarely see that
|
|t:|1632505857
|switch|p1a: Mew|Mew|100/100
|-damage|p1a: Mew|88/100|[from] Stealth Rock
|move|p2a: Excadrill|Toxic|p1a: Mew
|-status|p1a: Mew|tox
|-activate|p1a: Mew|ability: Synchronize
|-immune|p2a: Excadrill
|
|-heal|p1a: Mew|94/100 tox|[from] item: Leftovers
|-heal|p2a: Excadrill|49/100|[from] item: Leftovers
|-damage|p1a: Mew|88/100 tox|[from] psn
|upkeep
|turn|15
|
|t:|1632505870
|switch|p2a: Hydreigon|Hydreigon, M|100/100
|move|p1a: Mew|Iron Defense|p1a: Mew
|-boost|p1a: Mew|def|2
|
|-heal|p1a: Mew|94/100 tox|[from] item: Leftovers
|-damage|p1a: Mew|82/100 tox|[from] psn
|upkeep
|turn|16
|
|t:|1632505882
|switch|p1a: Clefable|Clefable, F|100/100
|move|p2a: Hydreigon|Draco Meteor|p1a: Clefable
|-immune|p1a: Clefable
|
|upkeep
|turn|17
|
|t:|1632505902
|switch|p2a: Toxapex|Toxapex, M|100/100
|move|p1a: Clefable|Calm Mind|p1a: Clefable
|-boost|p1a: Clefable|spa|1
|-boost|p1a: Clefable|spd|1
|
|upkeep
|turn|18
|
|t:|1632505909
|move|p1a: Clefable|Moonblast|p2a: Toxapex
|-resisted|p2a: Toxapex
|-damage|p2a: Toxapex|82/100
|-unboost|p2a: Toxapex|spa|1
|move|p2a: Toxapex|Haze|p2a: Toxapex
|-clearallboost
|
|upkeep
|turn|19
|
|t:|1632505923
|switch|p1a: Tapu Koko|Tapu Koko|94/100 tox
|-damage|p1a: Tapu Koko|82/100 tox|[from] Stealth Rock
|-fieldstart|move: Electric Terrain|[from] ability: Electric Surge|[of] p1a: Tapu Koko
|move|p2a: Toxapex|Toxic Spikes|p1a: Tapu Koko
|-sidestart|p1: n.silver|move: Toxic Spikes
|
|-damage|p1a: Tapu Koko|76/100 tox|[from] psn
|upkeep
|turn|20
|
|t:|1632505935
|move|p1a: Tapu Koko|Reflect|p1a: Tapu Koko
|-sidestart|p1: n.silver|Reflect
|move|p2a: Toxapex|Scald|p1a: Tapu Koko
|-damage|p1a: Tapu Koko|54/100 tox
|
|-damage|p1a: Tapu Koko|42/100 tox|[from] psn
|upkeep
|turn|21
|
|t:|1632505944
|switch|p2a: Kyurem|Kyurem|100/100
|-ability|p2a: Kyurem|Pressure
|move|p1a: Tapu Koko|Thunderbolt|p2a: Kyurem
|-resisted|p2a: Kyurem
|-damage|p2a: Kyurem|83/100
|
|-damage|p1a: Tapu Koko|24/100 tox|[from] psn
|upkeep
|turn|22
|
|t:|1632505952
|move|p1a: Tapu Koko|Toxic|p2a: Kyurem
|-status|p2a: Kyurem|tox
|move|p2a: Kyurem|Substitute|p2a: Kyurem
|-start|p2a: Kyurem|Substitute
|-damage|p2a: Kyurem|58/100 tox
|
|-damage|p1a: Tapu Koko|0 fnt|[from] psn
|faint|p1a: Tapu Koko
|-damage|p2a: Kyurem|52/100 tox|[from] psn
|upkeep
|
|t:|1632505977
|switch|p1a: Dragonite|Dragonite, F|82/100 tox
|-damage|p1a: Dragonite|57/100 tox|[from] Stealth Rock
|turn|23
|
|t:|1632505987
|move|p2a: Kyurem|Freeze-Dry|p1a: Dragonite
|-supereffective|p1a: Dragonite
|-damage|p1a: Dragonite|0 fnt
|faint|p1a: Dragonite
|
|-damage|p2a: Kyurem|40/100 tox|[from] psn
|-fieldend|move: Electric Terrain
|upkeep
|
|t:|1632505998
|switch|p1a: Clefable|Clefable, F|100/100
|-status|p1a: Clefable|psn
|turn|24
|
|t:|1632506007
|switch|p2a: Toxapex|Toxapex, M|100/100
|move|p1a: Clefable|Calm Mind|p1a: Clefable
|-boost|p1a: Clefable|spa|1
|-boost|p1a: Clefable|spd|1
|
|upkeep
|turn|25
|
|t:|1632506014
|move|p1a: Clefable|Calm Mind|p1a: Clefable
|-boost|p1a: Clefable|spa|1
|-boost|p1a: Clefable|spd|1
|move|p2a: Toxapex|Haze|p2a: Toxapex
|-clearallboost
|
|upkeep
|turn|26
|
|t:|1632506021
|move|p1a: Clefable|Calm Mind|p1a: Clefable
|-boost|p1a: Clefable|spa|1
|-boost|p1a: Clefable|spd|1
|move|p2a: Toxapex|Scald|p1a: Clefable
|-damage|p1a: Clefable|90/100 psn
|
|-heal|p1a: Clefable|96/100 psn|[from] item: Leftovers
|upkeep
|turn|27
|
|t:|1632506029
|move|p1a: Clefable|Calm Mind|p1a: Clefable
|-boost|p1a: Clefable|spa|1
|-boost|p1a: Clefable|spd|1
|move|p2a: Toxapex|Haze|p2a: Toxapex
|-clearallboost
|
|-heal|p1a: Clefable|100/100 psn|[from] item: Leftovers
|-sideend|p1: n.silver|Reflect
|upkeep
|turn|28
|
|t:|1632506043
|move|p1a: Clefable|Calm Mind|p1a: Clefable
|-boost|p1a: Clefable|spa|1
|-boost|p1a: Clefable|spd|1
|move|p2a: Toxapex|Haze|p2a: Toxapex
|-clearallboost
|
|upkeep
|turn|29
|
|t:|1632506054
|switch|p2a: Kartana|Kartana|100/100
|move|p1a: Clefable|Calm Mind|p1a: Clefable
|-boost|p1a: Clefable|spa|1
|-boost|p1a: Clefable|spd|1
|
|upkeep
|turn|30
|
|t:|1632506061
|move|p2a: Kartana|Smart Strike|p1a: Clefable
|-supereffective|p1a: Clefable
|-damage|p1a: Clefable|33/100 psn
|move|p1a: Clefable|Moonblast|p2a: Kartana
|-resisted|p2a: Kartana
|-damage|p2a: Kartana|30/100
|
|-heal|p1a: Clefable|40/100 psn|[from] item: Leftovers
|upkeep
|turn|31
|
|t:|1632506071
|switch|p1a: Mew|Mew|82/100 tox
|-damage|p1a: Mew|70/100 tox|[from] Stealth Rock
|move|p2a: Kartana|Smart Strike|p1a: Mew
|-damage|p1a: Mew|32/100 tox
|
|-heal|p1a: Mew|38/100 tox|[from] item: Leftovers
|-damage|p1a: Mew|32/100 tox|[from] psn
|upkeep
|turn|32
|
|t:|1632506084
|move|p2a: Kartana|Smart Strike|p1a: Mew
|-damage|p1a: Mew|0 fnt
|faint|p1a: Mew
|-ability|p2a: Kartana|Beast Boost|boost
|-boost|p2a: Kartana|atk|1
|
|upkeep
|
|t:|1632506090
|switch|p1a: Clefable|Clefable, F|40/100 psn
|turn|33
|
|t:|1632506096
|move|p2a: Kartana|Smart Strike|p1a: Clefable
|-supereffective|p1a: Clefable
|-damage|p1a: Clefable|0 fnt
|faint|p1a: Clefable
|
|win|noudle soop
|raw|n.silver's rating: 1519 &rarr; <strong>1505</strong><br />(-14 for losing)
|raw|noudle soop's rating: 1634 &rarr; <strong>1648</strong><br />(+14 for winning)
