|j|☆d18l
|j|☆PokeaimMBA
|t:|1664941066
|gametype|singles
|player|p1|d18l|backpacker|1816
|player|p2|PokeaimMBA|ltsurge|1760
|teamsize|p1|6
|teamsize|p2|6
|gen|8
|tier|[Gen 8] OU
|rated|
|rule|Sleep Clause Mod: Limit one foe put to sleep
|rule|Species Clause: Limit one of each Pokémon
|rule|OHKO Clause: OHKO moves are banned
|rule|Evasion Items Clause: Evasion items are banned
|rule|Evasion Moves Clause: Evasion moves are banned
|rule|Endless Battle Clause: Forcing endless battles is banned
|rule|HP Percentage Mod: HP is shown in percentages
|rule|Dynamax Clause: You cannot dynamax
|clearpoke
|poke|p1|Tapu Koko|
|poke|p1|Victini|
|poke|p1|Landorus-Therian, M|
|poke|p1|Tornadus-Therian, M|
|poke|p1|Rotom-Wash|
|poke|p1|Ferrothorn, F|
|poke|p2|Zapdos|
|poke|p2|Weavile, M|
|poke|p2|Kartana|
|poke|p2|Landorus-Therian, M|
|poke|p2|Volcanion|
|poke|p2|Melmetal|
|teampreview
|inactive|Battle timer is ON: inactive players will automatically lose when time's up. (requested by PokeaimMBA)
|
|t:|1664941090
|start
|switch|p1a: Ferrothorn|Ferrothorn, F|100/100
|switch|p2a: Weavile|Weavile, M|100/100
|turn|1
|
|t:|1664941094
|switch|p2a: Volcanion|Volcanion|100/100
|move|p1a: Ferrothorn|Body Press|p2a: Volcanion
|-damage|p2a: Volcanion|71/100
|
|upkeep
|turn|2
|
|t:|1664941102
|switch|p1a: Rotom|Rotom-Wash|100/100
|move|p2a: Volcanion|Sludge Bomb|p1a: Rotom
|-damage|p1a: Rotom|53/100
|
|-heal|p1a: Rotom|59/100|[from] item: Leftovers
|upkeep
|turn|3
|inactive|d18l has 120 seconds left.
|
|t:|1664941135
|switch|p2a: Zapdos|Zapdos|100/100
|switch|p1a: Landorus|Landorus-Therian, M|100/100
|-ability|p1a: Landorus|Intimidate|boost
|-unboost|p2a: Zapdos|atk|1
|
|upkeep
|turn|4
|
|t:|1664941139
|move|p2a: Zapdos|Hurricane|p1a: Landorus|[miss]
|-miss|p2a: Zapdos|p1a: Landorus
|move|p1a: Landorus|Toxic|p2a: Zapdos
|-status|p2a: Zapdos|tox
|
|-damage|p2a: Zapdos|94/100 tox|[from] psn
|upkeep
|turn|5
|
|t:|1664941148
|switch|p1a: Tapu Koko|Tapu Koko|100/100
|-fieldstart|move: Electric Terrain|[from] ability: Electric Surge|[of] p1a: Tapu Koko
|move|p2a: Zapdos|Hurricane|p1a: Tapu Koko
|-resisted|p1a: Tapu Koko
|-damage|p1a: Tapu Koko|52/100
|-start|p1a: Tapu Koko|confusion
|
|-damage|p2a: Zapdos|82/100 tox|[from] psn
|upkeep
|turn|6
|
|t:|1664941157
|-activate|p1a: Tapu Koko|confusion
|-damage|p1a: Tapu Koko|40/100|[from] confusion
|move|p2a: Zapdos|Volt Switch|p1a: Tapu Koko
|-resisted|p1a: Tapu Koko
|-damage|p1a: Tapu Koko|11/100
|
|t:|1664941162
|switch|p2a: Kartana|Kartana|100/100|[from]move: Volt Switch
|
|upkeep
|turn|7
|
|t:|1664941170
|switch|p1a: Ferrothorn|Ferrothorn, F|100/100
|move|p2a: Kartana|Knock Off|p1a: Ferrothorn
|-damage|p1a: Ferrothorn|77/100
|-damage|p2a: Kartana|88/100|[from] ability: Iron Barbs|[of] p1a: Ferrothorn
|-damage|p2a: Kartana|72/100|[from] item: Rocky Helmet|[of] p1a: Ferrothorn
|-enditem|p1a: Ferrothorn|Rocky Helmet|[from] move: Knock Off|[of] p2a: Kartana
|
|upkeep
|turn|8
|j| swoley ghost
|
|t:|1664941177
|switch|p2a: Volcanion|Volcanion|71/100
|move|p1a: Ferrothorn|Stealth Rock|p2a: Volcanion
|-sidestart|p2: PokeaimMBA|move: Stealth Rock
|
|upkeep
|turn|9
|
|t:|1664941188
|switch|p1a: Rotom|Rotom-Wash|59/100
|move|p2a: Volcanion|Flamethrower|p1a: Rotom
|-resisted|p1a: Rotom
|-damage|p1a: Rotom|23/100
|
|-heal|p1a: Rotom|29/100|[from] item: Leftovers
|-fieldend|move: Electric Terrain
|upkeep
|turn|10
|c| swoley ghost|d18l i like ur team
|
|t:|1664941209
|switch|p1a: Victini|Victini|100/100
|move|p2a: Volcanion|Flamethrower|p1a: Victini
|-resisted|p1a: Victini
|-damage|p1a: Victini|62/100
|
|upkeep
|turn|11
|
|t:|1664941216
|switch|p2a: Landorus|Landorus-Therian, M|100/100
|-damage|p2a: Landorus|88/100|[from] Stealth Rock
|-ability|p2a: Landorus|Intimidate|boost
|-unboost|p1a: Victini|atk|1
|move|p1a: Victini|U-turn|p2a: Landorus
|-resisted|p2a: Landorus
|-damage|p2a: Landorus|81/100
|
|t:|1664941220
|switch|p1a: Rotom|Rotom-Wash|29/100|[from]move: U-turn
|
|-heal|p2a: Landorus|87/100|[from] item: Leftovers
|-heal|p1a: Rotom|34/100|[from] item: Leftovers
|upkeep
|turn|12
|
|t:|1664941227
|move|p2a: Landorus|Defog|p1a: Rotom
|-unboost|p1a: Rotom|evasion|1
|-sideend|p2: PokeaimMBA|Stealth Rock|[from] move: Defog|[of] p2a: Landorus
|move|p1a: Rotom|Hydro Pump|p2a: Landorus
|-supereffective|p2a: Landorus
|-damage|p2a: Landorus|20/100
|
|-heal|p2a: Landorus|26/100|[from] item: Leftovers
|-heal|p1a: Rotom|40/100|[from] item: Leftovers
|upkeep
|turn|13
|
|t:|1664941236
|move|p2a: Landorus|U-turn|p1a: Rotom
|-damage|p1a: Rotom|21/100
|
|t:|1664941238
|switch|p2a: Zapdos|Zapdos|82/100 tox|[from]move: U-turn
|move|p1a: Rotom|Volt Switch|p2a: Zapdos
|-damage|p2a: Zapdos|52/100 tox
|
|t:|1664941242
|switch|p1a: Tapu Koko|Tapu Koko|11/100|[from]move: Volt Switch
|-fieldstart|move: Electric Terrain|[from] ability: Electric Surge|[of] p1a: Tapu Koko
|
|-damage|p2a: Zapdos|46/100 tox|[from] psn
|upkeep
|turn|14
|
|t:|1664941246
|switch|p2a: Landorus|Landorus-Therian, M|26/100
|-ability|p2a: Landorus|Intimidate|boost
|-unboost|p1a: Tapu Koko|atk|1
|move|p1a: Tapu Koko|Dazzling Gleam|p2a: Landorus
|-damage|p2a: Landorus|0 fnt
|faint|p2a: Landorus
|
|upkeep
|
|t:|1664941251
|switch|p2a: Melmetal|Melmetal, shiny|100/100
|turn|15
|
|t:|1664941274
|switch|p1a: Landorus|Landorus-Therian, M|100/100
|-ability|p1a: Landorus|Intimidate|boost
|-unboost|p2a: Melmetal|atk|1
|move|p2a: Melmetal|Double Iron Bash|p1a: Landorus
|-damage|p1a: Landorus|78/100
|-damage|p1a: Landorus|55/100
|-hitcount|p1a: Landorus|2
|
|-heal|p1a: Landorus|61/100|[from] item: Leftovers
|upkeep
|turn|16
|
|t:|1664941283
|move|p1a: Landorus|U-turn|p2a: Melmetal
|-resisted|p2a: Melmetal
|-damage|p2a: Melmetal|94/100
|
|t:|1664941287
|switch|p1a: Rotom|Rotom-Wash|21/100|[from]move: U-turn
|move|p2a: Melmetal|Ice Punch|p1a: Rotom
|-resisted|p1a: Rotom
|-damage|p1a: Rotom|12/100
|
|-heal|p1a: Rotom|18/100|[from] item: Leftovers
|upkeep
|turn|17
|
|t:|1664941299
|move|p1a: Rotom|Will-O-Wisp|p2a: Melmetal
|-status|p2a: Melmetal|brn
|move|p2a: Melmetal|Thunder Punch|p1a: Rotom
|-damage|p1a: Rotom|7/100
|
|-heal|p1a: Rotom|13/100|[from] item: Leftovers
|-damage|p2a: Melmetal|88/100 brn|[from] brn
|-fieldend|move: Electric Terrain
|upkeep
|turn|18
|j| I'M AT MY LIMIT!
|
|t:|1664941311
|move|p1a: Rotom|Pain Split|p2a: Melmetal
|-sethp|p2a: Melmetal|49/100 brn|[from] move: Pain Split|[silent]
|-sethp|p1a: Rotom|71/100|[from] move: Pain Split
|move|p2a: Melmetal|Thunder Punch|p1a: Rotom
|-damage|p1a: Rotom|62/100
|
|-heal|p1a: Rotom|68/100|[from] item: Leftovers
|-damage|p2a: Melmetal|42/100 brn|[from] brn
|upkeep
|turn|19
|
|t:|1664941319
|move|p1a: Rotom|Volt Switch|p2a: Melmetal
|-damage|p2a: Melmetal|31/100 brn
|
|t:|1664941322
|switch|p1a: Landorus|Landorus-Therian, M|61/100|[from]move: Volt Switch
|-ability|p1a: Landorus|Intimidate|boost
|-unboost|p2a: Melmetal|atk|1
|move|p2a: Melmetal|Thunder Punch|p1a: Landorus
|-immune|p1a: Landorus
|
|-heal|p1a: Landorus|67/100|[from] item: Leftovers
|-damage|p2a: Melmetal|25/100 brn|[from] brn
|upkeep
|turn|20
|
|t:|1664941330
|switch|p2a: Zapdos|Zapdos|46/100 tox
|move|p1a: Landorus|U-turn|p2a: Zapdos
|-resisted|p2a: Zapdos
|-damage|p2a: Zapdos|34/100 tox
|
|t:|1664941334
|switch|p1a: Tapu Koko|Tapu Koko|11/100|[from]move: U-turn
|-fieldstart|move: Electric Terrain|[from] ability: Electric Surge|[of] p1a: Tapu Koko
|
|-damage|p2a: Zapdos|28/100 tox|[from] psn
|upkeep
|turn|21
|-message|PokeaimMBA forfeited.
|
|win|d18l
|raw|d18l's rating: 1816 &rarr; <strong>1833</strong><br />(+17 for winning)
|raw|PokeaimMBA's rating: 1760 &rarr; <strong>1743</strong><br />(-17 for losing)
|l|☆PokeaimMBA
