|j|☆Bloody Busybody
|j|☆SiriCelebi
|t:|1664530511
|gametype|singles
|player|p1|Bloody Busybody|bugcatcher|1698
|player|p2|SiriCelebi|waitress-gen4|1663
|teamsize|p1|6
|teamsize|p2|6
|gen|8
|tier|[Gen 8] OU
|rated|
|rule|Sleep Clause Mod: Limit one foe put to sleep
|rule|Species Clause: Limit one of each Pokémon
|rule|OHKO Clause: OHKO moves are banned
|rule|Evasion Items Clause: Evasion items are banned
|rule|Evasion Moves Clause: Evasion moves are banned
|rule|Endless Battle Clause: Forcing endless battles is banned
|rule|HP Percentage Mod: HP is shown in percentages
|rule|Dynamax Clause: You cannot dynamax
|clearpoke
|poke|p1|Volcanion|
|poke|p1|Corviknight, M|
|poke|p1|Mamoswine, F|
|poke|p1|Blissey, F|
|poke|p1|Rillaboom, M|
|poke|p1|Hydreigon, M|
|poke|p2|Slowbro, F|
|poke|p2|Heatran, M|
|poke|p2|Kartana|
|poke|p2|Landorus-Therian, M|
|poke|p2|Zapdos-Galar|
|poke|p2|Blissey, F|
|teampreview
|inactive|Battle timer is ON: inactive players will automatically lose when time's up. (requested by Bloody Busybody)
|
|t:|1664530522
|start
|switch|p1a: Volcanion|Volcanion|100/100
|switch|p2a: 这是我烤的甜甜花酿姬|Zapdos-Galar, shiny|100/100
|turn|1
|
|t:|1664530528
|switch|p2a: 你可曾注意到，阴谋得逞者在狞笑|Blissey, F, shiny|100/100
|move|p1a: Volcanion|Steam Eruption|p2a: 你可曾注意到，阴谋得逞者在狞笑
|-damage|p2a: 你可曾注意到，阴谋得逞者在狞笑|68/100
|-status|p2a: 你可曾注意到，阴谋得逞者在狞笑|brn
|
|-heal|p2a: 你可曾注意到，阴谋得逞者在狞笑|74/100 brn|[from] item: Leftovers
|-damage|p2a: 你可曾注意到，阴谋得逞者在狞笑|68/100 brn|[from] brn
|upkeep
|turn|2
|
|t:|1664530532
|switch|p1a: Rillaboom|Rillaboom, M|100/100
|-fieldstart|move: Grassy Terrain|[from] ability: Grassy Surge|[of] p1a: Rillaboom
|move|p2a: 你可曾注意到，阴谋得逞者在狞笑|Soft-Boiled|p2a: 你可曾注意到，阴谋得逞者在狞笑
|-heal|p2a: 你可曾注意到，阴谋得逞者在狞笑|100/100 brn
|
|-damage|p2a: 你可曾注意到，阴谋得逞者在狞笑|94/100 brn|[from] brn
|upkeep
|turn|3
|
|t:|1664530537
|-curestatus|p2a: 你可曾注意到，阴谋得逞者在狞笑|brn|[from] ability: Natural Cure
|switch|p2a: 你是否感受到，城市在分崩离析|Heatran, M, shiny|100/100
|move|p1a: Rillaboom|Knock Off|p2a: 你是否感受到，城市在分崩离析
|-damage|p2a: 你是否感受到，城市在分崩离析|53/100
|-enditem|p2a: 你是否感受到，城市在分崩离析|Leftovers|[from] move: Knock Off|[of] p1a: Rillaboom
|
|-heal|p2a: 你是否感受到，城市在分崩离析|60/100|[from] Grassy Terrain
|upkeep
|turn|4
|
|t:|1664530543
|switch|p1a: Hydreigon|Hydreigon, M|100/100
|move|p2a: 你是否感受到，城市在分崩离析|Stealth Rock|p1a: Hydreigon
|-sidestart|p1: Bloody Busybody|move: Stealth Rock
|
|-heal|p2a: 你是否感受到，城市在分崩离析|66/100|[from] Grassy Terrain
|upkeep
|turn|5
|
|t:|1664530546
|switch|p2a: 这是我烤的甜甜花酿姬|Zapdos-Galar, shiny|100/100
|move|p1a: Hydreigon|Nasty Plot|p1a: Hydreigon
|-boost|p1a: Hydreigon|spa|2
|
|upkeep
|turn|6
|
|t:|1664530550
|switch|p1a: Corviknight|Corviknight, M|100/100
|-damage|p1a: Corviknight|88/100|[from] Stealth Rock
|-ability|p1a: Corviknight|Pressure
|move|p2a: 这是我烤的甜甜花酿姬|Close Combat|p1a: Corviknight
|-damage|p1a: Corviknight|52/100
|-unboost|p2a: 这是我烤的甜甜花酿姬|def|1
|-unboost|p2a: 这是我烤的甜甜花酿姬|spd|1
|-damage|p2a: 这是我烤的甜甜花酿姬|84/100|[from] item: Rocky Helmet|[of] p1a: Corviknight
|
|-fieldend|move: Grassy Terrain
|upkeep
|turn|7
|
|t:|1664530554
|switch|p2a: 你是否感受到，城市在分崩离析|Heatran, M, shiny|66/100
|move|p1a: Corviknight|Roost|p1a: Corviknight
|-heal|p1a: Corviknight|100/100
|-singleturn|p1a: Corviknight|move: Roost
|
|upkeep
|turn|8
|
|t:|1664530559
|switch|p1a: Blissey|Blissey, F|100/100
|move|p2a: 你是否感受到，城市在分崩离析|Magma Storm|p1a: Blissey
|-damage|p1a: Blissey|85/100
|-activate|p1a: Blissey|move: Magma Storm|[of] p2a: 你是否感受到，城市在分崩离析
|
|-damage|p1a: Blissey|72/100|[from] move: Magma Storm|[partiallytrapped]
|upkeep
|turn|9
|
|t:|1664530561
|move|p2a: 你是否感受到，城市在分崩离析|Taunt|p1a: Blissey
|-start|p1a: Blissey|move: Taunt
|move|p1a: Blissey|Seismic Toss|p2a: 你是否感受到，城市在分崩离析
|-damage|p2a: 你是否感受到，城市在分崩离析|40/100
|
|-damage|p1a: Blissey|60/100|[from] move: Magma Storm|[partiallytrapped]
|upkeep
|turn|10
|
|t:|1664530563
|move|p2a: 你是否感受到，城市在分崩离析|Magma Storm|p1a: Blissey|[miss]
|-miss|p2a: 你是否感受到，城市在分崩离析|p1a: Blissey
|move|p1a: Blissey|Seismic Toss|p2a: 你是否感受到，城市在分崩离析
|-damage|p2a: 你是否感受到，城市在分崩离析|14/100
|
|-damage|p1a: Blissey|47/100|[from] move: Magma Storm|[partiallytrapped]
|upkeep
|turn|11
|
|t:|1664530566
|switch|p2a: 这是我烤的甜甜花酿姬|Zapdos-Galar, shiny|84/100
|move|p1a: Blissey|Seismic Toss|p2a: 这是我烤的甜甜花酿姬
|-damage|p2a: 这是我烤的甜甜花酿姬|53/100
|
|-end|p1a: Blissey|Magma Storm|[partiallytrapped]|[silent]
|-end|p1a: Blissey|move: Taunt
|upkeep
|turn|12
|
|t:|1664530573
|switch|p1a: Corviknight|Corviknight, M|100/100
|-damage|p1a: Corviknight|88/100|[from] Stealth Rock
|-ability|p1a: Corviknight|Pressure
|move|p2a: 这是我烤的甜甜花酿姬|Close Combat|p1a: Corviknight
|-damage|p1a: Corviknight|54/100
|-unboost|p2a: 这是我烤的甜甜花酿姬|def|1
|-unboost|p2a: 这是我烤的甜甜花酿姬|spd|1
|-damage|p2a: 这是我烤的甜甜花酿姬|36/100|[from] item: Rocky Helmet|[of] p1a: Corviknight
|
|upkeep
|turn|13
|
|t:|1664530578
|switch|p2a: 你有没有听到，孩子们的悲鸣？|Slowbro, F|100/100
|move|p1a: Corviknight|Roost|p1a: Corviknight
|-heal|p1a: Corviknight|100/100
|-singleturn|p1a: Corviknight|move: Roost
|
|upkeep
|turn|14
|
|t:|1664530580
|move|p1a: Corviknight|Defog|p2a: 你有没有听到，孩子们的悲鸣？
|-unboost|p2a: 你有没有听到，孩子们的悲鸣？|evasion|1
|-sideend|p1: Bloody Busybody|Stealth Rock|[from] move: Defog|[of] p1a: Corviknight
|move|p2a: 你有没有听到，孩子们的悲鸣？|Future Sight|p1a: Corviknight
|-start|p2a: 你有没有听到，孩子们的悲鸣？|move: Future Sight
|
|upkeep
|turn|15
|
|t:|1664530582
|move|p1a: Corviknight|U-turn|p2a: 你有没有听到，孩子们的悲鸣？
|-supereffective|p2a: 你有没有听到，孩子们的悲鸣？
|-damage|p2a: 你有没有听到，孩子们的悲鸣？|83/100
|-damage|p1a: Corviknight|84/100|[from] item: Rocky Helmet|[of] p2a: 你有没有听到，孩子们的悲鸣？
|
|t:|1664530588
|switch|p1a: Rillaboom|Rillaboom, M|100/100|[from]move: U-turn
|-fieldstart|move: Grassy Terrain|[from] ability: Grassy Surge|[of] p1a: Rillaboom
|move|p2a: 你有没有听到，孩子们的悲鸣？|Teleport|p2a: 你有没有听到，孩子们的悲鸣？
|
|t:|1664530593
|switch|p2a: 朋友不再是朋友，家园不再是家园|Landorus-Therian, M, shiny|100/100|[from]move: Teleport
|-ability|p2a: 朋友不再是朋友，家园不再是家园|Intimidate|boost
|-unboost|p1a: Rillaboom|atk|1
|
|upkeep
|turn|16
|
|t:|1664530597
|move|p2a: 朋友不再是朋友，家园不再是家园|U-turn|p1a: Rillaboom
|-supereffective|p1a: Rillaboom
|-damage|p1a: Rillaboom|51/100
|
|t:|1664530601
|switch|p2a: 你有没有听到，孩子们的悲鸣？|Slowbro, F|100/100|[from]move: U-turn
|move|p1a: Rillaboom|U-turn|p2a: 你有没有听到，孩子们的悲鸣？
|-supereffective|p2a: 你有没有听到，孩子们的悲鸣？
|-damage|p2a: 你有没有听到，孩子们的悲鸣？|71/100
|-damage|p1a: Rillaboom|34/100|[from] item: Rocky Helmet|[of] p2a: 你有没有听到，孩子们的悲鸣？
|
|t:|1664530604
|switch|p1a: Hydreigon|Hydreigon, M|100/100|[from]move: U-turn
|
|-end|p1a: Hydreigon|move: Future Sight
|-immune|p1a: Hydreigon
|-heal|p2a: 你有没有听到，孩子们的悲鸣？|77/100|[from] Grassy Terrain
|upkeep
|turn|17
|
|t:|1664530612
|move|p1a: Hydreigon|Nasty Plot|p1a: Hydreigon
|-boost|p1a: Hydreigon|spa|2
|move|p2a: 你有没有听到，孩子们的悲鸣？|Teleport|p2a: 你有没有听到，孩子们的悲鸣？
|
|t:|1664530614
|switch|p2a: 这是我烤的甜甜花酿姬|Zapdos-Galar, shiny|36/100|[from]move: Teleport
|
|upkeep
|turn|18
|
|t:|1664530616
|switch|p2a: 你是否感受到，城市在分崩离析|Heatran, M, shiny|14/100
|switch|p1a: Corviknight|Corviknight, M|84/100
|-ability|p1a: Corviknight|Pressure
|
|-heal|p2a: 你是否感受到，城市在分崩离析|20/100|[from] Grassy Terrain
|upkeep
|turn|19
|
|t:|1664530621
|switch|p1a: Volcanion|Volcanion|100/100
|move|p2a: 你是否感受到，城市在分崩离析|Magma Storm|p1a: Volcanion
|-resisted|p1a: Volcanion
|-damage|p1a: Volcanion|86/100
|-activate|p1a: Volcanion|move: Magma Storm|[of] p2a: 你是否感受到，城市在分崩离析
|
|-heal|p2a: 你是否感受到，城市在分崩离析|26/100|[from] Grassy Terrain
|-heal|p1a: Volcanion|92/100|[from] Grassy Terrain
|-damage|p1a: Volcanion|80/100|[from] move: Magma Storm|[partiallytrapped]
|-fieldend|move: Grassy Terrain
|upkeep
|turn|20
|
|t:|1664530625
|switch|p2a: 你可曾注意到，阴谋得逞者在狞笑|Blissey, F, shiny|94/100
|move|p1a: Volcanion|Steam Eruption|p2a: 你可曾注意到，阴谋得逞者在狞笑
|-crit|p2a: 你可曾注意到，阴谋得逞者在狞笑
|-damage|p2a: 你可曾注意到，阴谋得逞者在狞笑|45/100
|-status|p2a: 你可曾注意到，阴谋得逞者在狞笑|brn
|
|-heal|p2a: 你可曾注意到，阴谋得逞者在狞笑|52/100 brn|[from] item: Leftovers
|-damage|p2a: 你可曾注意到，阴谋得逞者在狞笑|45/100 brn|[from] brn
|-end|p1a: Volcanion|Magma Storm|[partiallytrapped]|[silent]
|upkeep
|turn|21
|
|t:|1664530630
|switch|p1a: Mamoswine|Mamoswine, F|100/100
|move|p2a: 你可曾注意到，阴谋得逞者在狞笑|Soft-Boiled|p2a: 你可曾注意到，阴谋得逞者在狞笑
|-heal|p2a: 你可曾注意到，阴谋得逞者在狞笑|95/100 brn
|
|-heal|p2a: 你可曾注意到，阴谋得逞者在狞笑|100/100 brn|[from] item: Leftovers
|-damage|p2a: 你可曾注意到，阴谋得逞者在狞笑|94/100 brn|[from] brn
|upkeep
|turn|22
|
|t:|1664530633
|-curestatus|p2a: 你可曾注意到，阴谋得逞者在狞笑|brn|[from] ability: Natural Cure
|switch|p2a: 你有没有听到，孩子们的悲鸣？|Slowbro, F|100/100
|move|p1a: Mamoswine|Stealth Rock|p2a: 你有没有听到，孩子们的悲鸣？
|-sidestart|p2: SiriCelebi|move: Stealth Rock
|
|upkeep
|turn|23
|
|t:|1664530641
|switch|p1a: Hydreigon|Hydreigon, M|100/100
|move|p2a: 你有没有听到，孩子们的悲鸣？|Teleport|p2a: 你有没有听到，孩子们的悲鸣？
|
|t:|1664530643
|switch|p2a: 草，谢谢你|Kartana, shiny|100/100|[from]move: Teleport
|-damage|p2a: 草，谢谢你|94/100|[from] Stealth Rock
|
|upkeep
|turn|24
|
|t:|1664530645
|switch|p1a: Corviknight|Corviknight, M|84/100
|-ability|p1a: Corviknight|Pressure
|move|p2a: 草，谢谢你|Sacred Sword|p1a: Corviknight
|-damage|p1a: Corviknight|47/100
|-damage|p2a: 草，谢谢你|78/100|[from] item: Rocky Helmet|[of] p1a: Corviknight
|
|upkeep
|turn|25
|
|t:|1664530650
|switch|p2a: 你可曾注意到，阴谋得逞者在狞笑|Blissey, F, shiny|94/100
|-damage|p2a: 你可曾注意到，阴谋得逞者在狞笑|82/100|[from] Stealth Rock
|move|p1a: Corviknight|Roost|p1a: Corviknight
|-heal|p1a: Corviknight|97/100
|-singleturn|p1a: Corviknight|move: Roost
|
|-heal|p2a: 你可曾注意到，阴谋得逞者在狞笑|88/100|[from] item: Leftovers
|upkeep
|turn|26
|
|t:|1664530653
|move|p1a: Corviknight|Body Press|p2a: 你可曾注意到，阴谋得逞者在狞笑
|-supereffective|p2a: 你可曾注意到，阴谋得逞者在狞笑
|-damage|p2a: 你可曾注意到，阴谋得逞者在狞笑|45/100
|move|p2a: 你可曾注意到，阴谋得逞者在狞笑|Wish|p2a: 你可曾注意到，阴谋得逞者在狞笑
|
|-heal|p2a: 你可曾注意到，阴谋得逞者在狞笑|52/100|[from] item: Leftovers
|upkeep
|turn|27
|
|t:|1664530657
|switch|p2a: 这是我烤的甜甜花酿姬|Zapdos-Galar, shiny|36/100
|-damage|p2a: 这是我烤的甜甜花酿姬|24/100|[from] Stealth Rock
|move|p1a: Corviknight|U-turn|p2a: 这是我烤的甜甜花酿姬
|-resisted|p2a: 这是我烤的甜甜花酿姬
|-damage|p2a: 这是我烤的甜甜花酿姬|20/100
|
|t:|1664530660
|switch|p1a: Mamoswine|Mamoswine, F|100/100|[from]move: U-turn
|
|-heal|p2a: 这是我烤的甜甜花酿姬|100/100|[from] move: Wish|[wisher] 你可曾注意到，阴谋得逞者在狞笑
|upkeep
|turn|28
|
|t:|1664530666
|switch|p2a: 你有没有听到，孩子们的悲鸣？|Slowbro, F|100/100
|-damage|p2a: 你有没有听到，孩子们的悲鸣？|88/100|[from] Stealth Rock
|move|p1a: Mamoswine|Icicle Crash|p2a: 你有没有听到，孩子们的悲鸣？
|-resisted|p2a: 你有没有听到，孩子们的悲鸣？
|-damage|p2a: 你有没有听到，孩子们的悲鸣？|75/100
|
|upkeep
|turn|29
|
|t:|1664530673
|switch|p1a: Hydreigon|Hydreigon, M|100/100
|move|p2a: 你有没有听到，孩子们的悲鸣？|Teleport|p2a: 你有没有听到，孩子们的悲鸣？
|
|t:|1664530679
|switch|p2a: 草，谢谢你|Kartana, shiny|78/100|[from]move: Teleport
|-damage|p2a: 草，谢谢你|72/100|[from] Stealth Rock
|
|upkeep
|turn|30
|
|t:|1664530684
|move|p2a: 草，谢谢你|Knock Off|p1a: Hydreigon
|-resisted|p1a: Hydreigon
|-damage|p1a: Hydreigon|61/100
|-enditem|p1a: Hydreigon|Life Orb|[from] move: Knock Off|[of] p2a: 草，谢谢你
|move|p1a: Hydreigon|Dark Pulse|p2a: 草，谢谢你
|-damage|p2a: 草，谢谢你|0 fnt
|faint|p2a: 草，谢谢你
|
|upkeep
|
|t:|1664530688
|switch|p2a: 这是我烤的甜甜花酿姬|Zapdos-Galar, shiny|100/100
|-damage|p2a: 这是我烤的甜甜花酿姬|88/100|[from] Stealth Rock
|turn|31
|
|t:|1664530694
|switch|p1a: Corviknight|Corviknight, M|97/100
|-ability|p1a: Corviknight|Pressure
|move|p2a: 这是我烤的甜甜花酿姬|U-turn|p1a: Corviknight
|-resisted|p1a: Corviknight
|-damage|p1a: Corviknight|93/100
|-damage|p2a: 这是我烤的甜甜花酿姬|72/100|[from] item: Rocky Helmet|[of] p1a: Corviknight
|
|t:|1664530699
|switch|p2a: 你有没有听到，孩子们的悲鸣？|Slowbro, F|100/100|[from]move: U-turn
|-damage|p2a: 你有没有听到，孩子们的悲鸣？|88/100|[from] Stealth Rock
|
|upkeep
|turn|32
|
|t:|1664530703
|move|p1a: Corviknight|U-turn|p2a: 你有没有听到，孩子们的悲鸣？
|-supereffective|p2a: 你有没有听到，孩子们的悲鸣？
|-damage|p2a: 你有没有听到，孩子们的悲鸣？|70/100
|-damage|p1a: Corviknight|77/100|[from] item: Rocky Helmet|[of] p2a: 你有没有听到，孩子们的悲鸣？
|
|t:|1664530707
|switch|p1a: Mamoswine|Mamoswine, F|100/100|[from]move: U-turn
|move|p2a: 你有没有听到，孩子们的悲鸣？|Ice Beam|p1a: Mamoswine
|-damage|p1a: Mamoswine|86/100
|
|upkeep
|turn|33
|
|t:|1664530727
|switch|p1a: Volcanion|Volcanion|80/100
|move|p2a: 你有没有听到，孩子们的悲鸣？|Teleport|p2a: 你有没有听到，孩子们的悲鸣？
|
|t:|1664530730
|switch|p2a: 你可曾注意到，阴谋得逞者在狞笑|Blissey, F, shiny|52/100|[from]move: Teleport
|-damage|p2a: 你可曾注意到，阴谋得逞者在狞笑|39/100|[from] Stealth Rock
|
|-heal|p2a: 你可曾注意到，阴谋得逞者在狞笑|45/100|[from] item: Leftovers
|upkeep
|turn|34
|
|t:|1664530734
|switch|p1a: Rillaboom|Rillaboom, M|34/100
|-fieldstart|move: Grassy Terrain|[from] ability: Grassy Surge|[of] p1a: Rillaboom
|move|p2a: 你可曾注意到，阴谋得逞者在狞笑|Soft-Boiled|p2a: 你可曾注意到，阴谋得逞者在狞笑
|-heal|p2a: 你可曾注意到，阴谋得逞者在狞笑|95/100
|
|-heal|p1a: Rillaboom|40/100|[from] Grassy Terrain
|-heal|p2a: 你可曾注意到，阴谋得逞者在狞笑|100/100|[from] Grassy Terrain
|upkeep
|turn|35
|
|t:|1664530742
|switch|p2a: 朋友不再是朋友，家园不再是家园|Landorus-Therian, M, shiny|100/100
|-damage|p2a: 朋友不再是朋友，家园不再是家园|88/100|[from] Stealth Rock
|-ability|p2a: 朋友不再是朋友，家园不再是家园|Intimidate|boost
|-unboost|p1a: Rillaboom|atk|1
|move|p1a: Rillaboom|High Horsepower|p2a: 朋友不再是朋友，家园不再是家园
|-immune|p2a: 朋友不再是朋友，家园不再是家园
|
|-heal|p2a: 朋友不再是朋友，家园不再是家园|94/100|[from] item: Leftovers
|-heal|p1a: Rillaboom|47/100|[from] Grassy Terrain
|upkeep
|turn|36
|
|t:|1664530747
|switch|p1a: Mamoswine|Mamoswine, F|86/100
|move|p2a: 朋友不再是朋友，家园不再是家园|Defog|p1a: Mamoswine
|-unboost|p1a: Mamoswine|evasion|1
|-sideend|p2: SiriCelebi|Stealth Rock|[from] move: Defog|[of] p2a: 朋友不再是朋友，家园不再是家园
|-fieldend|move: Grassy Terrain
|
|-heal|p2a: 朋友不再是朋友，家园不再是家园|99/100|[from] item: Leftovers
|upkeep
|turn|37
|
|t:|1664530752
|switch|p2a: 你有没有听到，孩子们的悲鸣？|Slowbro, F|100/100
|move|p1a: Mamoswine|Stealth Rock|p2a: 你有没有听到，孩子们的悲鸣？
|-sidestart|p2: SiriCelebi|move: Stealth Rock
|
|upkeep
|turn|38
|
|t:|1664530768
|switch|p1a: Rillaboom|Rillaboom, M|47/100
|-fieldstart|move: Grassy Terrain|[from] ability: Grassy Surge|[of] p1a: Rillaboom
|move|p2a: 你有没有听到，孩子们的悲鸣？|Future Sight|p1a: Rillaboom
|-start|p2a: 你有没有听到，孩子们的悲鸣？|move: Future Sight
|
|-heal|p1a: Rillaboom|53/100|[from] Grassy Terrain
|upkeep
|turn|39
|
|t:|1664530774
|switch|p2a: 朋友不再是朋友，家园不再是家园|Landorus-Therian, M, shiny|99/100
|-damage|p2a: 朋友不再是朋友，家园不再是家园|88/100|[from] Stealth Rock
|-ability|p2a: 朋友不再是朋友，家园不再是家园|Intimidate|boost
|-unboost|p1a: Rillaboom|atk|1
|move|p1a: Rillaboom|Knock Off|p2a: 朋友不再是朋友，家园不再是家园
|-damage|p2a: 朋友不再是朋友，家园不再是家园|55/100
|-enditem|p2a: 朋友不再是朋友，家园不再是家园|Leftovers|[from] move: Knock Off|[of] p1a: Rillaboom
|
|-heal|p1a: Rillaboom|59/100|[from] Grassy Terrain
|upkeep
|turn|40
|
|t:|1664530780
|switch|p1a: Corviknight|Corviknight, M|77/100
|-ability|p1a: Corviknight|Pressure
|move|p2a: 朋友不再是朋友，家园不再是家园|U-turn|p1a: Corviknight
|-resisted|p1a: Corviknight
|-damage|p1a: Corviknight|74/100
|-damage|p2a: 朋友不再是朋友，家园不再是家园|38/100|[from] item: Rocky Helmet|[of] p1a: Corviknight
|
|t:|1664530801
|switch|p2a: 你可曾注意到，阴谋得逞者在狞笑|Blissey, F, shiny|100/100|[from]move: U-turn
|-damage|p2a: 你可曾注意到，阴谋得逞者在狞笑|88/100|[from] Stealth Rock
|
|-end|p1a: Corviknight|move: Future Sight
|-resisted|p1a: Corviknight
|-damage|p1a: Corviknight|52/100
|-heal|p2a: 你可曾注意到，阴谋得逞者在狞笑|94/100|[from] Grassy Terrain
|-heal|p2a: 你可曾注意到，阴谋得逞者在狞笑|99/100|[from] item: Leftovers
|upkeep
|turn|41
|
|t:|1664530803
|move|p1a: Corviknight|Body Press|p2a: 你可曾注意到，阴谋得逞者在狞笑
|-supereffective|p2a: 你可曾注意到，阴谋得逞者在狞笑
|-damage|p2a: 你可曾注意到，阴谋得逞者在狞笑|51/100
|move|p2a: 你可曾注意到，阴谋得逞者在狞笑|Wish|p2a: 你可曾注意到，阴谋得逞者在狞笑
|
|-heal|p2a: 你可曾注意到，阴谋得逞者在狞笑|58/100|[from] Grassy Terrain
|-heal|p2a: 你可曾注意到，阴谋得逞者在狞笑|64/100|[from] item: Leftovers
|upkeep
|turn|42
|
|t:|1664530808
|move|p1a: Corviknight|Body Press|p2a: 你可曾注意到，阴谋得逞者在狞笑
|-supereffective|p2a: 你可曾注意到，阴谋得逞者在狞笑
|-damage|p2a: 你可曾注意到，阴谋得逞者在狞笑|16/100
|move|p2a: 你可曾注意到，阴谋得逞者在狞笑|Seismic Toss|p1a: Corviknight
|-damage|p1a: Corviknight|27/100
|-damage|p2a: 你可曾注意到，阴谋得逞者在狞笑|0 fnt|[from] item: Rocky Helmet|[of] p1a: Corviknight
|faint|p2a: 你可曾注意到，阴谋得逞者在狞笑
|
|-fieldend|move: Grassy Terrain
|upkeep
|
|t:|1664530813
|switch|p2a: 这是我烤的甜甜花酿姬|Zapdos-Galar, shiny|72/100
|-damage|p2a: 这是我烤的甜甜花酿姬|59/100|[from] Stealth Rock
|turn|43
|c|☆Bloody Busybody|oopsie
|
|t:|1664530827
|switch|p1a: Blissey|Blissey, F|47/100
|move|p2a: 这是我烤的甜甜花酿姬|Close Combat|p1a: Blissey
|-supereffective|p1a: Blissey
|-damage|p1a: Blissey|0 fnt
|-unboost|p2a: 这是我烤的甜甜花酿姬|def|1
|-unboost|p2a: 这是我烤的甜甜花酿姬|spd|1
|faint|p1a: Blissey
|
|upkeep
|
|t:|1664530829
|switch|p1a: Mamoswine|Mamoswine, F|86/100
|turn|44
|
|t:|1664530840
|switch|p2a: 你是否感受到，城市在分崩离析|Heatran, M, shiny|26/100
|-damage|p2a: 你是否感受到，城市在分崩离析|14/100|[from] Stealth Rock
|move|p1a: Mamoswine|Ice Shard|p2a: 你是否感受到，城市在分崩离析
|-resisted|p2a: 你是否感受到，城市在分崩离析
|-damage|p2a: 你是否感受到，城市在分崩离析|10/100
|
|upkeep
|turn|45
|
|t:|1664530849
|move|p1a: Mamoswine|High Horsepower|p2a: 你是否感受到，城市在分崩离析
|-supereffective|p2a: 你是否感受到，城市在分崩离析
|-damage|p2a: 你是否感受到，城市在分崩离析|0 fnt
|faint|p2a: 你是否感受到，城市在分崩离析
|
|upkeep
|
|t:|1664530855
|switch|p2a: 你有没有听到，孩子们的悲鸣？|Slowbro, F|100/100
|-damage|p2a: 你有没有听到，孩子们的悲鸣？|88/100|[from] Stealth Rock
|turn|46
|
|t:|1664530859
|switch|p1a: Volcanion|Volcanion|80/100
|move|p2a: 你有没有听到，孩子们的悲鸣？|Teleport|p2a: 你有没有听到，孩子们的悲鸣？
|
|t:|1664530866
|switch|p2a: 朋友不再是朋友，家园不再是家园|Landorus-Therian, M, shiny|38/100|[from]move: Teleport
|-damage|p2a: 朋友不再是朋友，家园不再是家园|26/100|[from] Stealth Rock
|-ability|p2a: 朋友不再是朋友，家园不再是家园|Intimidate|boost
|-unboost|p1a: Volcanion|atk|1
|
|upkeep
|turn|47
|j| Ran Kob
|
|t:|1664530871
|switch|p1a: Rillaboom|Rillaboom, M|59/100
|-fieldstart|move: Grassy Terrain|[from] ability: Grassy Surge|[of] p1a: Rillaboom
|move|p2a: 朋友不再是朋友，家园不再是家园|Earthquake|p1a: Rillaboom
|-resisted|p1a: Rillaboom
|-damage|p1a: Rillaboom|46/100
|
|-heal|p1a: Rillaboom|52/100|[from] Grassy Terrain
|upkeep
|turn|48
|
|t:|1664530880
|move|p1a: Rillaboom|Grassy Glide|p2a: 朋友不再是朋友，家园不再是家园
|-damage|p2a: 朋友不再是朋友，家园不再是家园|0 fnt
|faint|p2a: 朋友不再是朋友，家园不再是家园
|
|-heal|p1a: Rillaboom|58/100|[from] Grassy Terrain
|upkeep
|
|t:|1664530881
|switch|p2a: 这是我烤的甜甜花酿姬|Zapdos-Galar, shiny|59/100
|-damage|p2a: 这是我烤的甜甜花酿姬|47/100|[from] Stealth Rock
|turn|49
|
|t:|1664530883
|move|p1a: Rillaboom|Grassy Glide|p2a: 这是我烤的甜甜花酿姬
|-resisted|p2a: 这是我烤的甜甜花酿姬
|-damage|p2a: 这是我烤的甜甜花酿姬|5/100
|move|p2a: 这是我烤的甜甜花酿姬|Close Combat|p1a: Rillaboom
|-damage|p1a: Rillaboom|0 fnt
|-unboost|p2a: 这是我烤的甜甜花酿姬|def|1
|-unboost|p2a: 这是我烤的甜甜花酿姬|spd|1
|faint|p1a: Rillaboom
|
|upkeep
|
|t:|1664530887
|switch|p1a: Mamoswine|Mamoswine, F|86/100
|turn|50
|
|t:|1664530892
|move|p1a: Mamoswine|Ice Shard|p2a: 这是我烤的甜甜花酿姬
|-supereffective|p2a: 这是我烤的甜甜花酿姬
|-damage|p2a: 这是我烤的甜甜花酿姬|0 fnt
|faint|p2a: 这是我烤的甜甜花酿姬
|
|-heal|p1a: Mamoswine|92/100|[from] Grassy Terrain
|upkeep
|
|t:|1664530893
|switch|p2a: 你有没有听到，孩子们的悲鸣？|Slowbro, F|100/100
|-damage|p2a: 你有没有听到，孩子们的悲鸣？|88/100|[from] Stealth Rock
|turn|51
|-message|SiriCelebi forfeited.
|
|win|Bloody Busybody
|raw|Bloody Busybody's rating: 1698 &rarr; <strong>1716</strong><br />(+18 for winning)
|raw|SiriCelebi's rating: 1663 &rarr; <strong>1645</strong><br />(-18 for losing)
|l|☆SiriCelebi
|l| Ran Kob
||Ladder isn't responding, score probably updated but might not have (Request timeout).
