|raw|<div class="broadcast-blue"><strong>This battle is required to be public due to a player having a name starting with 'lt92pf'.</div>
|j|☆LT92PF Hikozaru
|j|☆Escalando
|t:|1660174252
|gametype|singles
|player|p1|LT92PF Hikozaru|rocketgrunt|1819
|player|p2|Escalando|hiker-gen4|1752
|teamsize|p1|6
|teamsize|p2|6
|gen|8
|tier|[Gen 8] OU
|rated|
|rule|Sleep Clause Mod: Limit one foe put to sleep
|rule|Species Clause: Limit one of each Pokémon
|rule|OHKO Clause: OHKO moves are banned
|rule|Evasion Items Clause: Evasion items are banned
|rule|Evasion Moves Clause: Evasion moves are banned
|rule|Endless Battle Clause: Forcing endless battles is banned
|rule|HP Percentage Mod: HP is shown in percentages
|rule|Dynamax Clause: You cannot dynamax
|clearpoke
|poke|p1|Buzzwole|
|poke|p1|Dragapult, F|
|poke|p1|Zapdos|
|poke|p1|Clefable, M|
|poke|p1|Heatran, M|
|poke|p1|Landorus-Therian, M|
|poke|p2|Tyranitar, F|
|poke|p2|Tangrowth, F|
|poke|p2|Clefable, M|
|poke|p2|Excadrill, F|
|poke|p2|Slowking, M|
|poke|p2|Tornadus-Therian, M|
|teampreview
|inactive|Battle timer is ON: inactive players will automatically lose when time's up. (requested by LT92PF Hikozaru)
|
|t:|1660174283
|start
|switch|p1a: Clefable|Clefable, M|100/100
|switch|p2a: Tornadus|Tornadus-Therian, M|100/100
|turn|1
|
|t:|1660174304
|move|p2a: Tornadus|Knock Off|p1a: Clefable
|-resisted|p1a: Clefable
|-damage|p1a: Clefable|92/100
|-enditem|p1a: Clefable|Leftovers|[from] move: Knock Off|[of] p2a: Tornadus
|move|p1a: Clefable|Knock Off|p2a: Tornadus
|-damage|p2a: Tornadus|85/100
|-enditem|p2a: Tornadus|Heavy-Duty Boots|[from] move: Knock Off|[of] p1a: Clefable
|
|upkeep
|turn|2
|
|t:|1660174319
|move|p2a: Tornadus|Hurricane|p1a: Clefable|[miss]
|-miss|p2a: Tornadus|p1a: Clefable
|move|p1a: Clefable|Thunder Wave|p2a: Tornadus
|-status|p2a: Tornadus|par
|
|upkeep
|turn|3
|
|t:|1660174325
|move|p2a: Tornadus|Knock Off|p1a: Clefable
|-resisted|p1a: Clefable
|-damage|p1a: Clefable|87/100
|move|p1a: Clefable|Knock Off|p2a: Tornadus
|-damage|p2a: Tornadus|75/100 par
|
|upkeep
|turn|4
|
|t:|1660174338
|move|p2a: Tornadus|U-turn|p1a: Clefable
|-resisted|p1a: Clefable
|-damage|p1a: Clefable|81/100
|
|t:|1660174339
|switch|p2a: Clefable|Clefable, M|100/100|[from]move: U-turn
|move|p1a: Clefable|Moonblast|p2a: Clefable
|-damage|p2a: Clefable|74/100
|
|upkeep
|turn|5
|
|t:|1660174347
|move|p2a: Clefable|Stealth Rock|p1a: Clefable
|-sidestart|p1: LT92PF Hikozaru|move: Stealth Rock
|move|p1a: Clefable|Thunder Wave|p2a: Clefable
|-status|p2a: Clefable|par
|
|upkeep
|turn|6
|
|t:|1660174351
|move|p1a: Clefable|Knock Off|p2a: Clefable
|-resisted|p2a: Clefable
|-damage|p2a: Clefable|68/100 par
|-enditem|p2a: Clefable|Rocky Helmet|[from] move: Knock Off|[of] p1a: Clefable
|cant|p2a: Clefable|par
|
|upkeep
|turn|7
|
|t:|1660174359
|move|p1a: Clefable|Soft-Boiled|p1a: Clefable
|-heal|p1a: Clefable|100/100
|move|p2a: Clefable|Soft-Boiled|p2a: Clefable
|-heal|p2a: Clefable|100/100 par
|
|upkeep
|turn|8
|
|t:|1660174364
|move|p1a: Clefable|Moonblast|p2a: Clefable
|-damage|p2a: Clefable|72/100 par
|-unboost|p2a: Clefable|spa|1
|move|p2a: Clefable|Moonblast|p1a: Clefable
|-damage|p1a: Clefable|83/100
|-unboost|p1a: Clefable|spa|1
|
|upkeep
|turn|9
|
|t:|1660174371
|move|p1a: Clefable|Moonblast|p2a: Clefable
|-damage|p2a: Clefable|54/100 par
|cant|p2a: Clefable|par
|
|upkeep
|turn|10
|
|t:|1660174384
|move|p1a: Clefable|Moonblast|p2a: Clefable
|-damage|p2a: Clefable|36/100 par
|-unboost|p2a: Clefable|spa|1
|move|p2a: Clefable|Soft-Boiled|p2a: Clefable
|-heal|p2a: Clefable|86/100 par
|
|upkeep
|turn|11
|
|t:|1660174390
|move|p1a: Clefable|Knock Off|p2a: Clefable
|-resisted|p2a: Clefable
|-damage|p2a: Clefable|82/100 par
|cant|p2a: Clefable|par
|
|upkeep
|turn|12
|
|t:|1660174394
|move|p1a: Clefable|Moonblast|p2a: Clefable
|-damage|p2a: Clefable|65/100 par
|cant|p2a: Clefable|par
|
|upkeep
|turn|13
|
|t:|1660174398
|move|p1a: Clefable|Moonblast|p2a: Clefable
|-damage|p2a: Clefable|48/100 par
|cant|p2a: Clefable|par
|
|upkeep
|turn|14
|
|t:|1660174404
|move|p1a: Clefable|Moonblast|p2a: Clefable
|-damage|p2a: Clefable|30/100 par
|cant|p2a: Clefable|par
|
|upkeep
|turn|15
|
|t:|1660174408
|move|p1a: Clefable|Moonblast|p2a: Clefable
|-damage|p2a: Clefable|13/100 par
|-unboost|p2a: Clefable|spa|1
|move|p2a: Clefable|Soft-Boiled|p2a: Clefable
|-heal|p2a: Clefable|63/100 par
|
|upkeep
|turn|16
|
|t:|1660174415
|move|p1a: Clefable|Knock Off|p2a: Clefable
|-resisted|p2a: Clefable
|-damage|p2a: Clefable|59/100 par
|move|p2a: Clefable|Soft-Boiled|p2a: Clefable
|-heal|p2a: Clefable|100/100 par
|
|upkeep
|turn|17
|
|t:|1660174419
|move|p1a: Clefable|Soft-Boiled|p1a: Clefable
|-heal|p1a: Clefable|100/100
|move|p2a: Clefable|Aromatherapy|p2a: Clefable
|-activate|p2a: Clefable|move: Aromatherapy
|-curestatus|p2a: Clefable|par|[msg]
|-curestatus|p2: Tornadus|par|[msg]
|
|upkeep
|turn|18
|
|t:|1660174429
|switch|p2a: Slowking|Slowking, M|100/100
|move|p1a: Clefable|Knock Off|p2a: Slowking
|-supereffective|p2a: Slowking
|-damage|p2a: Slowking|73/100
|-enditem|p2a: Slowking|Heavy-Duty Boots|[from] move: Knock Off|[of] p1a: Clefable
|
|upkeep
|turn|19
|
|t:|1660174434
|move|p1a: Clefable|Thunder Wave|p2a: Slowking
|-status|p2a: Slowking|par
|move|p2a: Slowking|Future Sight|p1a: Clefable
|-start|p2a: Slowking|move: Future Sight
|
|upkeep
|turn|20
|
|t:|1660174448
|move|p1a: Clefable|Moonblast|p2a: Slowking
|-damage|p2a: Slowking|60/100 par
|move|p2a: Slowking|Teleport|p2a: Slowking
|
|t:|1660174454
|switch|p2a: Tyranitar|Tyranitar, F|100/100|[from]move: Teleport
|-weather|Sandstorm|[from] ability: Sand Stream|[of] p2a: Tyranitar
|
|-weather|Sandstorm|[upkeep]
|upkeep
|turn|21
|
|t:|1660174467
|move|p2a: Tyranitar|Stone Edge|p1a: Clefable
|-damage|p1a: Clefable|34/100
|move|p1a: Clefable|Knock Off|p2a: Tyranitar
|-resisted|p2a: Tyranitar
|-damage|p2a: Tyranitar|94/100
|-enditem|p2a: Tyranitar|Choice Band|[from] move: Knock Off|[of] p1a: Clefable
|
|-weather|Sandstorm|[upkeep]
|-end|p1a: Clefable|move: Future Sight
|-damage|p1a: Clefable|0 fnt
|faint|p1a: Clefable
|upkeep
|
|t:|1660174476
|switch|p1a: Buzzwole|Buzzwole|100/100
|-damage|p1a: Buzzwole|88/100|[from] Stealth Rock
|turn|22
|
|t:|1660174484
|switch|p2a: Clefable|Clefable, M|100/100
|move|p1a: Buzzwole|Poison Jab|p2a: Clefable
|-supereffective|p2a: Clefable
|-damage|p2a: Clefable|22/100
|-status|p2a: Clefable|psn
|
|-weather|Sandstorm|[upkeep]
|-damage|p1a: Buzzwole|82/100|[from] Sandstorm
|upkeep
|turn|23
|
|t:|1660174504
|move|p1a: Buzzwole|Poison Jab|p2a: Clefable
|-supereffective|p2a: Clefable
|-damage|p2a: Clefable|0 fnt
|faint|p2a: Clefable
|-ability|p1a: Buzzwole|Beast Boost|boost
|-boost|p1a: Buzzwole|atk|1
|
|-weather|Sandstorm|[upkeep]
|-damage|p1a: Buzzwole|76/100|[from] Sandstorm
|upkeep
|
|t:|1660174507
|switch|p2a: Tornadus|Tornadus-Therian, M|100/100
|turn|24
|
|t:|1660174513
|switch|p1a: Zapdos|Zapdos|100/100
|move|p2a: Tornadus|Knock Off|p1a: Zapdos
|-damage|p1a: Zapdos|86/100
|-enditem|p1a: Zapdos|Heavy-Duty Boots|[from] move: Knock Off|[of] p2a: Tornadus
|
|-weather|none
|upkeep
|turn|25
|
|t:|1660174519
|switch|p2a: Excadrill|Excadrill, F|100/100
|move|p1a: Zapdos|Defog|p2a: Excadrill
|-unboost|p2a: Excadrill|evasion|1
|-sideend|p1: LT92PF Hikozaru|Stealth Rock|[from] move: Defog|[of] p1a: Zapdos
|
|upkeep
|turn|26
|
|t:|1660174527
|switch|p2a: Tyranitar|Tyranitar, F|94/100
|-weather|Sandstorm|[from] ability: Sand Stream|[of] p2a: Tyranitar
|switch|p1a: Landorus|Landorus-Therian, M|100/100
|-ability|p1a: Landorus|Intimidate|boost
|-unboost|p2a: Tyranitar|atk|1
|
|-weather|Sandstorm|[upkeep]
|upkeep
|turn|27
|
|t:|1660174535
|switch|p2a: Tornadus|Tornadus-Therian, M|100/100
|move|p1a: Landorus|U-turn|p2a: Tornadus
|-resisted|p2a: Tornadus
|-damage|p2a: Tornadus|89/100
|
|t:|1660174539
|switch|p1a: Zapdos|Zapdos|86/100|[from]move: U-turn
|
|-weather|Sandstorm|[upkeep]
|-damage|p2a: Tornadus|83/100|[from] Sandstorm
|-damage|p1a: Zapdos|79/100|[from] Sandstorm
|upkeep
|turn|28
|
|t:|1660174544
|switch|p2a: Excadrill|Excadrill, F|100/100
|move|p1a: Zapdos|Hurricane|p2a: Excadrill
|-resisted|p2a: Excadrill
|-damage|p2a: Excadrill|73/100
|-start|p2a: Excadrill|confusion
|
|-weather|Sandstorm|[upkeep]
|-damage|p1a: Zapdos|73/100|[from] Sandstorm
|-heal|p2a: Excadrill|79/100|[from] item: Leftovers
|upkeep
|turn|29
|
|t:|1660174551
|switch|p2a: Tyranitar|Tyranitar, F|94/100
|switch|p1a: Landorus|Landorus-Therian, M|100/100
|-ability|p1a: Landorus|Intimidate|boost
|-unboost|p2a: Tyranitar|atk|1
|
|-weather|Sandstorm|[upkeep]
|upkeep
|turn|30
|
|t:|1660174557
|switch|p2a: Tornadus|Tornadus-Therian, M|100/100
|move|p1a: Landorus|Stealth Rock|p2a: Tornadus
|-sidestart|p2: Escalando|move: Stealth Rock
|
|-weather|none
|upkeep
|turn|31
|
|t:|1660174561
|move|p2a: Tornadus|Hurricane|p1a: Landorus|[miss]
|-miss|p2a: Tornadus|p1a: Landorus
|move|p1a: Landorus|Toxic|p2a: Tornadus
|-status|p2a: Tornadus|tox
|
|-damage|p2a: Tornadus|94/100 tox|[from] psn
|upkeep
|turn|32
|
|t:|1660174573
|move|p2a: Tornadus|Knock Off|p1a: Landorus
|-damage|p1a: Landorus|81/100
|-enditem|p1a: Landorus|Leftovers|[from] move: Knock Off|[of] p2a: Tornadus
|move|p1a: Landorus|U-turn|p2a: Tornadus
|-resisted|p2a: Tornadus
|-damage|p2a: Tornadus|84/100 tox
|
|t:|1660174581
|switch|p1a: Dragapult|Dragapult, F|100/100|[from]move: U-turn
|
|-damage|p2a: Tornadus|71/100 tox|[from] psn
|upkeep
|turn|33
|
|t:|1660174591
|move|p1a: Dragapult|Draco Meteor|p2a: Tornadus
|-damage|p2a: Tornadus|0 fnt
|-unboost|p1a: Dragapult|spa|2
|faint|p2a: Tornadus
|
|upkeep
|
|t:|1660174595
|switch|p2a: Excadrill|Excadrill, F|79/100
|-damage|p2a: Excadrill|76/100|[from] Stealth Rock
|turn|34
|
|t:|1660174600
|switch|p1a: Zapdos|Zapdos|73/100
|move|p2a: Excadrill|Rapid Spin|p1a: Zapdos
|-damage|p1a: Zapdos|57/100
|-boost|p2a: Excadrill|spe|1
|-status|p2a: Excadrill|par|[from] ability: Static|[of] p1a: Zapdos
|-sideend|p2: Escalando|Stealth Rock|[from] move: Rapid Spin|[of] p2a: Excadrill
|
|-heal|p2a: Excadrill|83/100 par|[from] item: Leftovers
|upkeep
|turn|35
|
|t:|1660174607
|switch|p1a: Landorus|Landorus-Therian, M|81/100
|-ability|p1a: Landorus|Intimidate|boost
|-unboost|p2a: Excadrill|atk|1
|switch|p2a: Tyranitar|Tyranitar, F|94/100
|-weather|Sandstorm|[from] ability: Sand Stream|[of] p2a: Tyranitar
|
|-weather|Sandstorm|[upkeep]
|upkeep
|turn|36
|inactive|LT92PF Hikozaru has 120 seconds left.
|
|t:|1660174642
|switch|p1a: Heatran|Heatran, M|100/100
|move|p2a: Tyranitar|Stone Edge|p1a: Heatran
|-damage|p1a: Heatran|49/100
|
|-weather|Sandstorm|[upkeep]
|-heal|p1a: Heatran|55/100|[from] item: Leftovers
|upkeep
|turn|37
|inactive|LT92PF Hikozaru has 120 seconds left.
|
|t:|1660174658
|move|p1a: Heatran|Protect|p1a: Heatran
|-singleturn|p1a: Heatran|Protect
|move|p2a: Tyranitar|Stone Edge|p1a: Heatran
|-activate|p1a: Heatran|move: Protect
|
|-weather|Sandstorm|[upkeep]
|-heal|p1a: Heatran|62/100|[from] item: Leftovers
|upkeep
|turn|38
|
|t:|1660174665
|move|p2a: Tyranitar|Stone Edge|p1a: Heatran
|-damage|p1a: Heatran|12/100
|move|p1a: Heatran|Magma Storm|p2a: Tyranitar|[miss]
|-miss|p1a: Heatran|p2a: Tyranitar
|
|-weather|Sandstorm|[upkeep]
|-heal|p1a: Heatran|18/100|[from] item: Leftovers
|upkeep
|turn|39
|
|t:|1660174673
|move|p1a: Heatran|Protect|p1a: Heatran
|-singleturn|p1a: Heatran|Protect
|move|p2a: Tyranitar|Crunch|p1a: Heatran
|-activate|p1a: Heatran|move: Protect
|
|-weather|none
|-heal|p1a: Heatran|24/100|[from] item: Leftovers
|upkeep
|turn|40
|
|t:|1660174689
|move|p2a: Tyranitar|Stone Edge|p1a: Heatran|[miss]
|-miss|p2a: Tyranitar|p1a: Heatran
|move|p1a: Heatran|Earth Power|p2a: Tyranitar
|-supereffective|p2a: Tyranitar
|-damage|p2a: Tyranitar|47/100
|
|-heal|p1a: Heatran|30/100|[from] item: Leftovers
|upkeep
|turn|41
|
|t:|1660174696
|move|p1a: Heatran|Protect|p1a: Heatran
|-singleturn|p1a: Heatran|Protect
|move|p2a: Tyranitar|Crunch|p1a: Heatran
|-activate|p1a: Heatran|move: Protect
|
|-heal|p1a: Heatran|37/100|[from] item: Leftovers
|upkeep
|turn|42
|
|t:|1660174708
|move|p2a: Tyranitar|Stone Edge|p1a: Heatran
|-damage|p1a: Heatran|0 fnt
|faint|p1a: Heatran
|
|upkeep
|
|t:|1660174711
|switch|p1a: Buzzwole|Buzzwole|76/100
|turn|43
|
|t:|1660174719
|switch|p2a: Tangrowth|Tangrowth, F|100/100
|move|p1a: Buzzwole|Close Combat|p2a: Tangrowth
|-damage|p2a: Tangrowth|39/100
|-unboost|p1a: Buzzwole|def|1
|-unboost|p1a: Buzzwole|spd|1
|-damage|p1a: Buzzwole|59/100|[from] item: Rocky Helmet|[of] p2a: Tangrowth
|
|upkeep
|turn|44
|
|t:|1660174723
|switch|p2a: Slowking|Slowking, M|93/100 par
|move|p1a: Buzzwole|Close Combat|p2a: Slowking
|-resisted|p2a: Slowking
|-damage|p2a: Slowking|46/100 par
|-unboost|p1a: Buzzwole|def|1
|-unboost|p1a: Buzzwole|spd|1
|
|upkeep
|turn|45
|
|t:|1660174732
|switch|p2a: Tangrowth|Tangrowth, F|73/100
|move|p1a: Buzzwole|Close Combat|p2a: Tangrowth
|-damage|p2a: Tangrowth|16/100
|-unboost|p1a: Buzzwole|def|1
|-unboost|p1a: Buzzwole|spd|1
|-damage|p1a: Buzzwole|42/100|[from] item: Rocky Helmet|[of] p2a: Tangrowth
|
|upkeep
|turn|46
|
|t:|1660174738
|move|p1a: Buzzwole|Close Combat|p2a: Tangrowth
|-damage|p2a: Tangrowth|0 fnt
|-unboost|p1a: Buzzwole|def|1
|-unboost|p1a: Buzzwole|spd|1
|-damage|p1a: Buzzwole|26/100|[from] item: Rocky Helmet|[of] p2a: Tangrowth
|faint|p2a: Tangrowth
|-ability|p1a: Buzzwole|Beast Boost|boost
|-boost|p1a: Buzzwole|atk|1
|
|upkeep
|
|t:|1660174740
|switch|p2a: Slowking|Slowking, M|79/100 par
|turn|47
|
|t:|1660174751
|move|p1a: Buzzwole|Close Combat|p2a: Slowking
|-resisted|p2a: Slowking
|-damage|p2a: Slowking|0 fnt
|-unboost|p1a: Buzzwole|def|1
|-unboost|p1a: Buzzwole|spd|1
|faint|p2a: Slowking
|-ability|p1a: Buzzwole|Beast Boost|boost
|-boost|p1a: Buzzwole|atk|1
|
|upkeep
|-message|Escalando forfeited.
|
|win|LT92PF Hikozaru
|raw|LT92PF Hikozaru's rating: 1819 &rarr; <strong>1835</strong><br />(+16 for winning)
|raw|Escalando's rating: 1752 &rarr; <strong>1736</strong><br />(-16 for losing)
|l|☆Escalando
