|j|☆Stunfisk2140
|j|☆RggV
|t:|1643194137
|gametype|singles
|player|p1|Stunfisk2140|marshal|
|player|p2|RggV|scientist-gen4|
|teamsize|p1|6
|teamsize|p2|6
|gen|8
|tier|[Gen 8] OU
|rule|Sleep Clause Mod: Limit one foe put to sleep
|rule|Species Clause: Limit one of each Pokémon
|rule|OHKO Clause: OHKO moves are banned
|rule|Evasion Moves Clause: Evasion moves are banned
|rule|Endless Battle Clause: Forcing endless battles is banned
|rule|HP Percentage Mod: HP is shown in percentages
|rule|Dynamax Clause: You cannot dynamax
|clearpoke
|poke|p1|Hatterene, F|
|poke|p1|Porygon2|
|poke|p1|Marowak-Alola, M|
|poke|p1|Cresselia, F|
|poke|p1|Melmetal|
|poke|p1|Dhelmise|
|poke|p2|Politoed, F|
|poke|p2|Heliolisk, F|
|poke|p2|Kingdra, M|
|poke|p2|Mudsdale, F|
|poke|p2|Victini|
|poke|p2|Scizor, M|
|teampreview
|inactive|Battle timer is ON: inactive players will automatically lose when time's up. (requested by RggV)
|c|☆Stunfisk2140|glhf
|c|☆RggV|Glhf
|
|t:|1643194155
|start
|switch|p1a: JACK SPARROW|Dhelmise|100/100
|switch|p2a: Victini|Victini|100/100
|turn|1
|
|t:|1643194172
|switch|p1a: Phantom|Marowak-Alola, M, shiny|100/100
|move|p2a: Victini|V-create|p1a: Phantom
|-resisted|p1a: Phantom
|-damage|p1a: Phantom|47/100
|-unboost|p2a: Victini|spe|1
|-unboost|p2a: Victini|def|1
|-unboost|p2a: Victini|spd|1
|
|upkeep
|turn|2
|
|t:|1643194183
|switch|p1a: EPILOGUE|Cresselia, F|100/100
|move|p2a: Victini|V-create|p1a: EPILOGUE
|-damage|p1a: EPILOGUE|47/100
|-unboost|p2a: Victini|spe|1
|-unboost|p2a: Victini|def|1
|-unboost|p2a: Victini|spd|1
|-damage|p2a: Victini|84/100|[from] item: Rocky Helmet|[of] p1a: EPILOGUE
|
|upkeep
|turn|3
|c|☆Stunfisk2140|tf
|
|t:|1643194202
|move|p2a: Victini|V-create|p1a: EPILOGUE
|-damage|p1a: EPILOGUE|0 fnt
|-unboost|p2a: Victini|spe|1
|-unboost|p2a: Victini|def|1
|-unboost|p2a: Victini|spd|1
|-damage|p2a: Victini|68/100|[from] item: Rocky Helmet|[of] p1a: EPILOGUE
|faint|p1a: EPILOGUE
|
|upkeep
|
|t:|1643194209
|switch|p1a: Pillar Woman|Hatterene, F|100/100
|turn|4
|c|☆Stunfisk2140|suspect victini
|
|t:|1643194218
|move|p2a: Victini|V-create|p1a: Pillar Woman
|-enditem|p1a: Pillar Woman|Focus Sash
|-damage|p1a: Pillar Woman|1/100
|-unboost|p2a: Victini|spe|1
|-unboost|p2a: Victini|def|1
|-unboost|p2a: Victini|spd|1
|move|p1a: Pillar Woman|Trick Room|p1a: Pillar Woman
|-fieldstart|move: Trick Room|[of] p1a: Pillar Woman
|
|upkeep
|turn|5
|c|☆Stunfisk2140|that was max hp max def cress
|
|t:|1643194225
|move|p1a: Pillar Woman|Healing Wish|p1a: Pillar Woman
|faint|p1a: Pillar Woman
|move|p2a: Victini|V-create|p1: Pillar Woman|[notarget]
|-fail|p2a: Victini
|
|upkeep
|
|t:|1643194231
|switch|p1a: Phantom|Marowak-Alola, M, shiny|47/100
|-heal|p1a: Phantom|100/100|[from] move: Healing Wish
|turn|6
|
|t:|1643194238
|switch|p2a: Heliolisk|Heliolisk, F|100/100
|move|p1a: Phantom|Swords Dance|p1a: Phantom
|-boost|p1a: Phantom|atk|2
|
|upkeep
|turn|7
|
|t:|1643194246
|switch|p2a: Politoed|Politoed, F, shiny|100/100
|-weather|RainDance|[from] ability: Drizzle|[of] p2a: Politoed
|move|p1a: Phantom|Bonemerang|p2a: Politoed
|-damage|p2a: Politoed|32/100
|-damage|p2a: Politoed|0 fnt
|faint|p2a: Politoed
|-hitcount|p2: Politoed|2
|
|-weather|RainDance|[upkeep]
|upkeep
|
|t:|1643194250
|switch|p2a: Heliolisk|Heliolisk, F|100/100
|turn|8
|c|☆Stunfisk2140|now its my turn
|
|t:|1643194260
|switch|p2a: Mudsdale|Mudsdale, F, shiny|100/100
|move|p1a: Phantom|Bonemerang|p2a: Mudsdale
|-damage|p2a: Mudsdale|65/100
|-ability|p2a: Mudsdale|Stamina|boost
|-boost|p2a: Mudsdale|def|1
|-damage|p2a: Mudsdale|41/100
|-ability|p2a: Mudsdale|Stamina|boost
|-boost|p2a: Mudsdale|def|1
|-hitcount|p2a: Mudsdale|2
|
|-weather|RainDance|[upkeep]
|-heal|p2a: Mudsdale|47/100|[from] item: Leftovers
|-fieldend|move: Trick Room
|upkeep
|turn|9
|
|t:|1643194271
|move|p2a: Mudsdale|Earthquake|p1a: Phantom
|-supereffective|p1a: Phantom
|-damage|p1a: Phantom|13/100
|move|p1a: Phantom|Poltergeist|p2a: Mudsdale
|-activate|p2a: Mudsdale|move: Poltergeist|Leftovers
|-damage|p2a: Mudsdale|0 fnt
|faint|p2a: Mudsdale
|
|-weather|RainDance|[upkeep]
|upkeep
|
|t:|1643194286
|switch|p2a: Heliolisk|Heliolisk, F|100/100
|turn|10
|inactive|Stunfisk2140 has 270 seconds left.
|c|☆RggV|Lmao
|
|t:|1643194323
|switch|p1a: Dat Duck Got OoO|Porygon2, shiny|100/100
|-ability|p1a: Dat Duck Got OoO|Dry Skin|[from] ability: Trace|[of] p2a: Heliolisk
|move|p2a: Heliolisk|Volt Switch|p1a: Dat Duck Got OoO
|-damage|p1a: Dat Duck Got OoO|81/100
|-damage|p2a: Heliolisk|91/100|[from] item: Life Orb
|c|☆RggV|Yeah cb tini hits hard
|
|t:|1643194332
|switch|p2a: Victini|Victini|68/100|[from]move: Volt Switch
|
|-weather|RainDance|[upkeep]
|-heal|p1a: Dat Duck Got OoO|93/100|[from] ability: Dry Skin
|upkeep
|turn|11
|c|☆Stunfisk2140|very hard
|
|t:|1643194338
|move|p2a: Victini|Trick|p1a: Dat Duck Got OoO
|-activate|p2a: Victini|move: Trick|[of] p1a: Dat Duck Got OoO
|-item|p1a: Dat Duck Got OoO|Choice Band|[from] move: Trick
|-item|p2a: Victini|Eviolite|[from] move: Trick
|move|p1a: Dat Duck Got OoO|Trick Room|p1a: Dat Duck Got OoO
|-fieldstart|move: Trick Room|[of] p1a: Dat Duck Got OoO
|
|-weather|none
|upkeep
|turn|12
|
|t:|1643194346
|switch|p1a: Phantom|Marowak-Alola, M, shiny|13/100
|move|p2a: Victini|V-create|p1a: Phantom
|-resisted|p1a: Phantom
|-damage|p1a: Phantom|0 fnt
|-unboost|p2a: Victini|spe|1
|-unboost|p2a: Victini|def|1
|-unboost|p2a: Victini|spd|1
|faint|p1a: Phantom
|
|upkeep
|
|t:|1643194355
|switch|p1a: JACK SPARROW|Dhelmise|100/100
|turn|13
|
|t:|1643194365
|switch|p2a: Scizor|Scizor, M|100/100
|move|p1a: JACK SPARROW|Earthquake|p2a: Scizor
|-damage|p2a: Scizor|44/100
|
|upkeep
|turn|14
|c|☆Stunfisk2140|scizor is ass
|
|t:|1643194374
|move|p2a: Scizor|Bullet Punch|p1a: JACK SPARROW
|-damage|p1a: JACK SPARROW|75/100
|move|p1a: JACK SPARROW|Earthquake|p2a: Scizor
|-damage|p2a: Scizor|0 fnt
|faint|p2a: Scizor
|
|upkeep
|
|t:|1643194376
|switch|p2a: Kingdra|Kingdra, M|100/100
|turn|15
|
|t:|1643194382
|switch|p1a: Big Guy|Melmetal|100/100
|move|p2a: Kingdra|Surf|p1a: Big Guy
|-damage|p1a: Big Guy|34/100
|
|-fieldend|move: Trick Room
|upkeep
|turn|16
|
|t:|1643194389
|switch|p1a: JACK SPARROW|Dhelmise|75/100
|move|p2a: Kingdra|Surf|p1a: JACK SPARROW
|-resisted|p1a: JACK SPARROW
|-damage|p1a: JACK SPARROW|42/100
|
|upkeep
|turn|17
|c|☆RggV|Scizor is super ass
|
|t:|1643194403
|move|p2a: Kingdra|Surf|p1a: JACK SPARROW
|-resisted|p1a: JACK SPARROW
|-damage|p1a: JACK SPARROW|5/100
|move|p1a: JACK SPARROW|Poltergeist|p2a: Kingdra
|-activate|p2a: Kingdra|move: Poltergeist|Choice Specs
|-damage|p2a: Kingdra|0 fnt
|faint|p2a: Kingdra
|
|upkeep
|
|t:|1643194411
|switch|p2a: Heliolisk|Heliolisk, F|91/100
|turn|18
|
|t:|1643194426
|move|p2a: Heliolisk|Surf|p1a: JACK SPARROW
|-resisted|p1a: JACK SPARROW
|-damage|p1a: JACK SPARROW|0 fnt
|faint|p1a: JACK SPARROW
|-damage|p2a: Heliolisk|81/100|[from] item: Life Orb
|
|upkeep
|
|t:|1643194432
|switch|p1a: Dat Duck Got OoO|Porygon2, shiny|93/100
|-ability|p1a: Dat Duck Got OoO|Dry Skin|[from] ability: Trace|[of] p2a: Heliolisk
|turn|19
|
|t:|1643194453
|move|p2a: Heliolisk|Volt Switch|p1a: Dat Duck Got OoO
|-crit|p1a: Dat Duck Got OoO
|-damage|p1a: Dat Duck Got OoO|51/100
|-damage|p2a: Heliolisk|71/100|[from] item: Life Orb
|
|t:|1643194456
|switch|p2a: Victini|Victini|68/100|[from]move: Volt Switch
|move|p1a: Dat Duck Got OoO|Trick Room|p1a: Dat Duck Got OoO
|-fieldstart|move: Trick Room|[of] p1a: Dat Duck Got OoO
|
|upkeep
|turn|20
|c|☆Stunfisk2140|u tricked the band to porygon
|
|t:|1643194461
|move|p2a: Victini|Trick|p1a: Dat Duck Got OoO
|-activate|p2a: Victini|move: Trick|[of] p1a: Dat Duck Got OoO
|-item|p1a: Dat Duck Got OoO|Eviolite|[from] move: Trick
|-item|p2a: Victini|Choice Band|[from] move: Trick
|move|p1a: Dat Duck Got OoO|Trick Room|p1a: Dat Duck Got OoO
|-fieldend|move: Trick Room
|
|upkeep
|turn|21
|c|☆Stunfisk2140|tf
|
|t:|1643194470
|move|p2a: Victini|V-create|p1a: Dat Duck Got OoO
|-damage|p1a: Dat Duck Got OoO|0 fnt
|-unboost|p2a: Victini|spe|1
|-unboost|p2a: Victini|def|1
|-unboost|p2a: Victini|spd|1
|faint|p1a: Dat Duck Got OoO
|
|upkeep
|c|☆Stunfisk2140|pog move ngl
|
|t:|1643194477
|switch|p1a: Big Guy|Melmetal|34/100
|turn|22
|c|☆Stunfisk2140|gg
|c|☆Stunfisk2140|funny match
|c|☆RggV|200 iq
|c|☆Stunfisk2140|ye
|
|t:|1643194491
|move|p2a: Victini|V-create|p1a: Big Guy
|-supereffective|p1a: Big Guy
|-damage|p1a: Big Guy|0 fnt
|-unboost|p2a: Victini|spe|1
|-unboost|p2a: Victini|def|1
|-unboost|p2a: Victini|spd|1
|faint|p1a: Big Guy
|
|win|RggV
|c|☆RggV|Gg man
|c|☆RggV|It was def fun
|c|☆Stunfisk2140|scizor bad
|c|☆RggV|Scizor.some cheeeks
|c|☆Stunfisk2140|eq 2hkod smh
|c|☆RggV|It's spD tho
|c|☆RggV|Still max hp
|l|☆Stunfisk2140
