|j|☆ultimategoogolplex
|j|☆minimax_ai
|t:|1667953535
|gametype|singles
|player|p1|ultimategoogolplex|1|1630
|player|p2|minimax_ai|169|1643
|teamsize|p1|6
|teamsize|p2|6
|gen|8
|tier|[Gen 8] OU
|rated|
|rule|Sleep Clause Mod: Limit one foe put to sleep
|rule|Species Clause: Limit one of each Pokémon
|rule|OHKO Clause: OHKO moves are banned
|rule|Evasion Items Clause: Evasion items are banned
|rule|Evasion Moves Clause: Evasion moves are banned
|rule|Endless Battle Clause: Forcing endless battles is banned
|rule|HP Percentage Mod: HP is shown in percentages
|rule|Dynamax Clause: You cannot dynamax
|clearpoke
|poke|p1|Weavile, F|
|poke|p1|Volcanion|
|poke|p1|Zapdos|
|poke|p1|Landorus-Therian, M|
|poke|p1|Kartana|
|poke|p1|Melmetal|
|poke|p2|Rotom-Wash|
|poke|p2|Weavile, M|
|poke|p2|Landorus-Therian, M|
|poke|p2|Heatran, M|
|poke|p2|Tangrowth, F|
|poke|p2|Melmetal|
|teampreview
|inactive|Battle timer is ON: inactive players will automatically lose when time's up. (requested by ultimategoogolplex)
|c|☆minimax_ai|hf
|inactive|minimax_ai also wants the timer to be on.
|
|t:|1667953543
|start
|switch|p1a: Kartana|Kartana|100/100
|switch|p2a: rotomwash|Rotom-Wash|100/100
|turn|1
|
|t:|1667953548
|switch|p1a: Volcanion|Volcanion|100/100
|switch|p2a: Tangrowth|Tangrowth, F|100/100
|
|upkeep
|turn|2
|
|t:|1667953564
|switch|p2a: rotomwash|Rotom-Wash|100/100
|move|p1a: Volcanion|Steam Eruption|p2a: rotomwash
|-resisted|p2a: rotomwash
|-damage|p2a: rotomwash|53/100
|
|-heal|p2a: rotomwash|59/100|[from] item: Leftovers
|upkeep
|turn|3
|
|t:|1667953571
|switch|p1a: Melmetal|Melmetal|100/100
|move|p2a: rotomwash|Thunderbolt|p1a: Melmetal
|-damage|p1a: Melmetal|81/100
|
|-heal|p2a: rotomwash|66/100|[from] item: Leftovers
|upkeep
|turn|4
|
|t:|1667953575
|move|p2a: rotomwash|Pain Split|p1a: Melmetal
|-sethp|p1a: Melmetal|63/100|[from] move: Pain Split|[silent]
|-sethp|p2a: rotomwash|91/100|[from] move: Pain Split
|move|p1a: Melmetal|Ice Punch|p2a: rotomwash
|-resisted|p2a: rotomwash
|-damage|p2a: rotomwash|73/100
|
|-heal|p2a: rotomwash|79/100|[from] item: Leftovers
|upkeep
|turn|5
|
|t:|1667953580
|switch|p1a: Zapdos|Zapdos|100/100
|move|p2a: rotomwash|Hydro Pump|p1a: Zapdos|[miss]
|-miss|p2a: rotomwash|p1a: Zapdos
|
|-heal|p2a: rotomwash|86/100|[from] item: Leftovers
|upkeep
|turn|6
|
|t:|1667953582
|move|p2a: rotomwash|Pain Split|p1a: Zapdos
|-sethp|p1a: Zapdos|84/100|[from] move: Pain Split|[silent]
|-sethp|p2a: rotomwash|100/100|[from] move: Pain Split
|move|p1a: Zapdos|Volt Switch|p2a: rotomwash
|-damage|p2a: rotomwash|69/100
|
|t:|1667953588
|switch|p1a: Weavile|Weavile, F|100/100|[from]move: Volt Switch
|-ability|p1a: Weavile|Pressure
|
|-heal|p2a: rotomwash|75/100|[from] item: Leftovers
|upkeep
|turn|7
|
|t:|1667953591
|move|p1a: Weavile|Knock Off|p2a: rotomwash
|-damage|p2a: rotomwash|0 fnt
|-enditem|p2a: rotomwash|Leftovers|[from] move: Knock Off|[of] p1a: Weavile
|faint|p2a: rotomwash
|
|upkeep
|
|t:|1667953592
|switch|p2a: Weavile|Weavile, M|100/100
|-ability|p2a: Weavile|Pressure
|turn|8
|
|t:|1667953605
|move|p2a: Weavile|Knock Off|p1a: Weavile
|-resisted|p1a: Weavile
|-damage|p1a: Weavile|42/100
|-enditem|p1a: Weavile|Choice Band|[from] move: Knock Off|[of] p2a: Weavile
|move|p1a: Weavile|Knock Off|p2a: Weavile
|-resisted|p2a: Weavile
|-damage|p2a: Weavile|58/100
|-enditem|p2a: Weavile|Choice Band|[from] move: Knock Off|[of] p1a: Weavile
|
|upkeep
|turn|9
|
|t:|1667953620
|move|p2a: Weavile|Knock Off|p1a: Weavile
|-resisted|p1a: Weavile
|-damage|p1a: Weavile|13/100
|move|p1a: Weavile|Knock Off|p2a: Weavile
|-resisted|p2a: Weavile
|-damage|p2a: Weavile|27/100
|
|upkeep
|turn|10
|
|t:|1667953628
|switch|p2a: Melmetal|Melmetal|100/100
|switch|p1a: Kartana|Kartana|100/100
|
|upkeep
|turn|11
|
|t:|1667953635
|switch|p1a: Zapdos|Zapdos|84/100
|move|p2a: Melmetal|Double Iron Bash|p1a: Zapdos
|-resisted|p1a: Zapdos
|-damage|p1a: Zapdos|69/100
|-status|p2a: Melmetal|par|[from] ability: Static|[of] p1a: Zapdos
|-resisted|p1a: Zapdos
|-damage|p1a: Zapdos|53/100
|-hitcount|p1a: Zapdos|2
|
|upkeep
|turn|12
|
|t:|1667953643
|move|p1a: Zapdos|Roost|p1a: Zapdos
|-heal|p1a: Zapdos|100/100
|-singleturn|p1a: Zapdos|move: Roost
|move|p2a: Melmetal|Double Iron Bash|p1a: Zapdos
|-resisted|p1a: Zapdos
|-damage|p1a: Zapdos|85/100
|-resisted|p1a: Zapdos
|-damage|p1a: Zapdos|69/100
|-hitcount|p1a: Zapdos|2
|
|upkeep
|turn|13
|
|t:|1667953646
|move|p1a: Zapdos|Volt Switch|p2a: Melmetal
|-damage|p2a: Melmetal|84/100 par
|
|t:|1667953649
|switch|p1a: Volcanion|Volcanion|100/100|[from]move: Volt Switch
|move|p2a: Melmetal|Double Iron Bash|p1a: Volcanion
|-resisted|p1a: Volcanion
|-damage|p1a: Volcanion|91/100
|-resisted|p1a: Volcanion
|-damage|p1a: Volcanion|81/100
|-hitcount|p1a: Volcanion|2
|
|upkeep
|turn|14
|
|t:|1667953662
|move|p1a: Volcanion|Steam Eruption|p2a: Melmetal
|-damage|p2a: Melmetal|37/100 par
|move|p2a: Melmetal|Earthquake|p1a: Volcanion
|-supereffective|p1a: Volcanion
|-damage|p1a: Volcanion|9/100
|
|upkeep
|turn|15
|
|t:|1667953666
|move|p1a: Volcanion|Steam Eruption|p2a: Melmetal
|-damage|p2a: Melmetal|0 fnt
|faint|p2a: Melmetal
|
|upkeep
|
|t:|1667953666
|switch|p2a: Heatran|Heatran, M|100/100
|-item|p2a: Heatran|Air Balloon
|turn|16
|
|t:|1667953679
|move|p2a: Heatran|Eruption|p1a: Volcanion
|-resisted|p1a: Volcanion
|-crit|p1a: Volcanion
|-damage|p1a: Volcanion|0 fnt
|faint|p1a: Volcanion
|
|upkeep
|
|t:|1667953693
|switch|p1a: Kartana|Kartana|100/100
|turn|17
|
|t:|1667953697
|switch|p2a: Tangrowth|Tangrowth, F|100/100
|move|p1a: Kartana|Sacred Sword|p2a: Tangrowth
|-damage|p2a: Tangrowth|79/100
|-damage|p1a: Kartana|84/100|[from] item: Rocky Helmet|[of] p2a: Tangrowth
|
|upkeep
|turn|18
|
|t:|1667953700
|switch|p1a: Zapdos|Zapdos|69/100
|move|p2a: Tangrowth|Sleep Powder|p1a: Zapdos
|-status|p1a: Zapdos|slp|[from] move: Sleep Powder
|
|upkeep
|turn|19
|
|t:|1667953707
|switch|p1a: Melmetal|Melmetal|63/100
|switch|p2a: Heatran|Heatran, M|100/100
|-item|p2a: Heatran|Air Balloon
|
|upkeep
|turn|20
|
|t:|1667953714
|switch|p1a: Weavile|Weavile, F|13/100
|-ability|p1a: Weavile|Pressure
|move|p2a: Heatran|Magma Storm|p1a: Weavile|[miss]
|-miss|p2a: Heatran|p1a: Weavile
|
|upkeep
|turn|21
|
|t:|1667953725
|move|p1a: Weavile|Beat Up|p2a: Heatran
|-crit|p2a: Heatran
|-damage|p2a: Heatran|86/100
|-enditem|p2a: Heatran|Air Balloon
|-crit|p2a: Heatran
|-damage|p2a: Heatran|69/100
|-damage|p2a: Heatran|58/100
|-damage|p2a: Heatran|44/100
|-hitcount|p2a: Heatran|4
|move|p2a: Heatran|Magma Storm|p1a: Weavile|[miss]
|-miss|p2a: Heatran|p1a: Weavile
|
|upkeep
|turn|22
|
|t:|1667953736
|move|p1a: Weavile|Beat Up|p2a: Heatran
|-damage|p2a: Heatran|35/100
|-damage|p2a: Heatran|24/100
|-damage|p2a: Heatran|15/100
|-damage|p2a: Heatran|1/100
|-hitcount|p2a: Heatran|4
|move|p2a: Heatran|Magma Storm|p1a: Weavile
|-supereffective|p1a: Weavile
|-damage|p1a: Weavile|0 fnt
|faint|p1a: Weavile
|
|upkeep
|
|t:|1667953745
|switch|p1a: Kartana|Kartana|84/100
|turn|23
|
|t:|1667953748
|switch|p2a: Tangrowth|Tangrowth, F|100/100
|move|p1a: Kartana|Knock Off|p2a: Tangrowth
|-damage|p2a: Tangrowth|79/100
|-damage|p1a: Kartana|67/100|[from] item: Rocky Helmet|[of] p2a: Tangrowth
|-enditem|p2a: Tangrowth|Rocky Helmet|[from] move: Knock Off|[of] p1a: Kartana
|
|upkeep
|turn|24
|
|t:|1667953752
|switch|p1a: Zapdos|Zapdos|69/100 slp
|move|p2a: Tangrowth|Knock Off|p1a: Zapdos
|-damage|p1a: Zapdos|50/100 slp
|-enditem|p1a: Zapdos|Heavy-Duty Boots|[from] move: Knock Off|[of] p2a: Tangrowth
|
|upkeep
|turn|25
|
|t:|1667953757
|switch|p1a: Landorus|Landorus-Therian, M|100/100
|-ability|p1a: Landorus|Intimidate|boost
|-unboost|p2a: Tangrowth|atk|1
|switch|p2a: Heatran|Heatran, M|1/100
|
|upkeep
|turn|26
|
|t:|1667953764
|switch|p2a: landorustherian|Landorus-Therian, M|100/100
|-ability|p2a: landorustherian|Intimidate|boost
|-unboost|p1a: Landorus|atk|1
|move|p1a: Landorus|U-turn|p2a: landorustherian
|-resisted|p2a: landorustherian
|-damage|p2a: landorustherian|94/100
|
|t:|1667953771
|switch|p1a: Kartana|Kartana|67/100|[from]move: U-turn
|
|-heal|p2a: landorustherian|99/100|[from] item: Leftovers
|upkeep
|turn|27
|
|t:|1667953776
|switch|p2a: Tangrowth|Tangrowth, F|100/100
|move|p1a: Kartana|Smart Strike|p2a: Tangrowth
|-damage|p2a: Tangrowth|77/100
|
|upkeep
|turn|28
|
|t:|1667953782
|move|p1a: Kartana|Smart Strike|p2a: Tangrowth
|-damage|p2a: Tangrowth|54/100
|move|p2a: Tangrowth|Knock Off|p1a: Kartana
|-damage|p1a: Kartana|43/100
|-enditem|p1a: Kartana|Choice Scarf|[from] move: Knock Off|[of] p2a: Tangrowth
|
|upkeep
|turn|29
|
|t:|1667953785
|move|p1a: Kartana|Smart Strike|p2a: Tangrowth
|-damage|p2a: Tangrowth|30/100
|move|p2a: Tangrowth|Focus Blast|p1a: Kartana|[miss]
|-miss|p2a: Tangrowth|p1a: Kartana
|
|upkeep
|turn|30
|
|t:|1667953798
|switch|p1a: Melmetal|Melmetal|63/100
|switch|p2a: landorustherian|Landorus-Therian, M|99/100
|-ability|p2a: landorustherian|Intimidate|boost
|-unboost|p1a: Melmetal|atk|1
|
|-heal|p2a: landorustherian|100/100|[from] item: Leftovers
|upkeep
|turn|31
|
|t:|1667953808
|switch|p1a: Landorus|Landorus-Therian, M|100/100
|-ability|p1a: Landorus|Intimidate|boost
|-unboost|p2a: landorustherian|atk|1
|move|p2a: landorustherian|U-turn|p1a: Landorus
|-resisted|p1a: Landorus
|-damage|p1a: Landorus|95/100
|
|t:|1667953808
|switch|p2a: Tangrowth|Tangrowth, F|64/100|[from]move: U-turn
|
|-heal|p1a: Landorus|100/100|[from] item: Leftovers
|upkeep
|turn|32
|
|t:|1667953810
|move|p1a: Landorus|Toxic|p2a: Tangrowth|[miss]
|-miss|p1a: Landorus|p2a: Tangrowth
|move|p2a: Tangrowth|Knock Off|p1a: Landorus
|-damage|p1a: Landorus|84/100
|-enditem|p1a: Landorus|Leftovers|[from] move: Knock Off|[of] p2a: Tangrowth
|
|upkeep
|turn|33
|
|t:|1667953812
|move|p1a: Landorus|Toxic|p2a: Tangrowth
|-status|p2a: Tangrowth|tox
|move|p2a: Tangrowth|Giga Drain|p1a: Landorus
|-damage|p1a: Landorus|52/100
|-heal|p2a: Tangrowth|79/100 tox|[from] drain|[of] p1a: Landorus
|
|-damage|p2a: Tangrowth|73/100 tox|[from] psn
|upkeep
|turn|34
|
|t:|1667953816
|switch|p2a: landorustherian|Landorus-Therian, M|100/100
|-ability|p2a: landorustherian|Intimidate|boost
|-unboost|p1a: Landorus|atk|1
|move|p1a: Landorus|Stealth Rock|p2a: landorustherian
|-sidestart|p2: minimax_ai|move: Stealth Rock
|
|upkeep
|turn|35
|
|t:|1667953818
|move|p1a: Landorus|Toxic|p2a: landorustherian
|-status|p2a: landorustherian|tox
|move|p2a: landorustherian|Defog|p1a: Landorus
|-unboost|p1a: Landorus|evasion|1
|-sideend|p2: minimax_ai|Stealth Rock|[from] move: Defog|[of] p2a: landorustherian
|
|-damage|p2a: landorustherian|94/100 tox|[from] psn
|upkeep
|turn|36
|
|t:|1667953821
|move|p1a: Landorus|Stealth Rock|p2a: landorustherian
|-sidestart|p2: minimax_ai|move: Stealth Rock
|move|p2a: landorustherian|Earthquake|p1a: Landorus
|-immune|p1a: Landorus
|
|-heal|p2a: landorustherian|100/100 tox|[from] item: Leftovers
|-damage|p2a: landorustherian|88/100 tox|[from] psn
|upkeep
|turn|37
|
|t:|1667953824
|move|p1a: Landorus|Stealth Rock||[still]
|-fail|p1a: Landorus
|move|p2a: landorustherian|Defog|p1a: Landorus
|-unboost|p1a: Landorus|evasion|1
|-sideend|p2: minimax_ai|Stealth Rock|[from] move: Defog|[of] p2a: landorustherian
|
|-heal|p2a: landorustherian|94/100 tox|[from] item: Leftovers
|-damage|p2a: landorustherian|76/100 tox|[from] psn
|upkeep
|turn|38
|
|t:|1667953828
|move|p1a: Landorus|Stealth Rock|p2a: landorustherian
|-sidestart|p2: minimax_ai|move: Stealth Rock
|move|p2a: landorustherian|U-turn|p1a: Landorus
|-resisted|p1a: Landorus
|-damage|p1a: Landorus|44/100
|
|t:|1667953828
|switch|p2a: Tangrowth|Tangrowth, F|100/100 tox|[from]move: U-turn
|-damage|p2a: Tangrowth|88/100 tox|[from] Stealth Rock
|
|-damage|p2a: Tangrowth|82/100 tox|[from] psn
|upkeep
|turn|39
|
|t:|1667953833
|switch|p2a: landorustherian|Landorus-Therian, M|76/100 tox
|-damage|p2a: landorustherian|64/100 tox|[from] Stealth Rock
|-ability|p2a: landorustherian|Intimidate|boost
|-unboost|p1a: Landorus|atk|1
|move|p1a: Landorus|U-turn|p2a: landorustherian
|-resisted|p2a: landorustherian
|-damage|p2a: landorustherian|59/100 tox
|
|t:|1667953837
|switch|p1a: Kartana|Kartana|43/100|[from]move: U-turn
|
|-heal|p2a: landorustherian|65/100 tox|[from] item: Leftovers
|-damage|p2a: landorustherian|59/100 tox|[from] psn
|upkeep
|turn|40
|
|t:|1667953843
|switch|p1a: Landorus|Landorus-Therian, M|44/100
|-ability|p1a: Landorus|Intimidate|boost
|-unboost|p2a: landorustherian|atk|1
|switch|p2a: Tangrowth|Tangrowth, F|100/100 tox
|-damage|p2a: Tangrowth|88/100 tox|[from] Stealth Rock
|
|-damage|p2a: Tangrowth|82/100 tox|[from] psn
|upkeep
|turn|41
|
|t:|1667953846
|switch|p2a: landorustherian|Landorus-Therian, M|59/100 tox
|-damage|p2a: landorustherian|46/100 tox|[from] Stealth Rock
|-ability|p2a: landorustherian|Intimidate|boost
|-unboost|p1a: Landorus|atk|1
|move|p1a: Landorus|U-turn|p2a: landorustherian
|-resisted|p2a: landorustherian
|-damage|p2a: landorustherian|39/100 tox
|
|t:|1667953848
|switch|p1a: Kartana|Kartana|43/100|[from]move: U-turn
|
|-heal|p2a: landorustherian|45/100 tox|[from] item: Leftovers
|-damage|p2a: landorustherian|39/100 tox|[from] psn
|upkeep
|turn|42
|
|t:|1667953855
|switch|p2a: Tangrowth|Tangrowth, F|100/100 tox
|-damage|p2a: Tangrowth|88/100 tox|[from] Stealth Rock
|move|p1a: Kartana|Smart Strike|p2a: Tangrowth
|-damage|p2a: Tangrowth|63/100 tox
|
|-damage|p2a: Tangrowth|57/100 tox|[from] psn
|upkeep
|turn|43
|j| LVNT
|
|t:|1667953863
|switch|p1a: Melmetal|Melmetal|63/100
|move|p2a: Tangrowth|Focus Blast|p1a: Melmetal|[miss]
|-miss|p2a: Tangrowth|p1a: Melmetal
|
|-damage|p2a: Tangrowth|44/100 tox|[from] psn
|upkeep
|turn|44
|
|t:|1667953866
|switch|p2a: landorustherian|Landorus-Therian, M|39/100 tox
|-damage|p2a: landorustherian|27/100 tox|[from] Stealth Rock
|-ability|p2a: landorustherian|Intimidate|boost
|-unboost|p1a: Melmetal|atk|1
|move|p1a: Melmetal|Double Iron Bash|p2a: landorustherian
|-damage|p2a: landorustherian|3/100 tox
|-damage|p2a: landorustherian|0 fnt
|faint|p2a: landorustherian
|-hitcount|p2: landorustherian|2
|
|upkeep
|
|t:|1667953866
|switch|p2a: Tangrowth|Tangrowth, F|77/100 tox
|-damage|p2a: Tangrowth|65/100 tox|[from] Stealth Rock
|turn|45
|j| Jongruenwald
|
|t:|1667953870
|move|p2a: Tangrowth|Giga Drain|p1a: Melmetal
|-resisted|p1a: Melmetal
|-crit|p1a: Melmetal
|-damage|p1a: Melmetal|51/100
|-heal|p2a: Tangrowth|72/100 tox|[from] drain|[of] p1a: Melmetal
|move|p1a: Melmetal|Double Iron Bash|p2a: Tangrowth
|-damage|p2a: Tangrowth|58/100 tox
|-damage|p2a: Tangrowth|43/100 tox
|-hitcount|p2a: Tangrowth|2
|
|-damage|p2a: Tangrowth|37/100 tox|[from] psn
|upkeep
|turn|46
|
|t:|1667953879
|switch|p2a: Heatran|Heatran, M|1/100
|-damage|p2a: Heatran|0 fnt|[from] Stealth Rock
|faint|p2a: Heatran
|switch|p1a: Landorus|Landorus-Therian, M|44/100
|
|upkeep
|
|t:|1667953879
|switch|p2a: Weavile|Weavile, M|27/100
|-damage|p2a: Weavile|2/100|[from] Stealth Rock
|-ability|p2a: Weavile|Pressure
|turn|47
|
|t:|1667953883
|move|p2a: Weavile|Triple Axel|p1a: Landorus
|-supereffective|p1a: Landorus
|-damage|p1a: Landorus|13/100
|-supereffective|p1a: Landorus
|-damage|p1a: Landorus|0 fnt
|faint|p1a: Landorus
|-hitcount|p1: Landorus|2
|
|upkeep
|
|t:|1667953887
|switch|p1a: Kartana|Kartana|43/100
|turn|48
|
|t:|1667953891
|move|p2a: Weavile|Triple Axel|p1a: Kartana|[miss]
|-miss|p2a: Weavile|p1a: Kartana
|move|p1a: Kartana|Smart Strike|p2a: Weavile
|-supereffective|p2a: Weavile
|-damage|p2a: Weavile|0 fnt
|faint|p2a: Weavile
|-ability|p1a: Kartana|Beast Boost|boost
|-boost|p1a: Kartana|atk|1
|
|upkeep
|
|t:|1667953891
|switch|p2a: Tangrowth|Tangrowth, F|70/100 tox
|-damage|p2a: Tangrowth|58/100 tox|[from] Stealth Rock
|turn|49
|
|t:|1667953897
|move|p1a: Kartana|Smart Strike|p2a: Tangrowth
|-crit|p2a: Tangrowth
|-damage|p2a: Tangrowth|2/100 tox
|move|p2a: Tangrowth|Focus Blast|p1a: Kartana|[miss]
|-miss|p2a: Tangrowth|p1a: Kartana
|
|-damage|p2a: Tangrowth|0 fnt|[from] psn
|faint|p2a: Tangrowth
|
|win|ultimategoogolplex
|upkeep
|raw|ultimategoogolplex's rating: 1630 &rarr; <strong>1651</strong><br />(+21 for winning)
|raw|minimax_ai's rating: 1643 &rarr; <strong>1622</strong><br />(-21 for losing)
|c|☆minimax_ai|gg
