|j|☆Vitasven
|j|☆LECH24
|t:|1655368954
|gametype|singles
|player|p1|Vitasven|crasherwake|1549
|player|p2|LECH24|266|1592
|teamsize|p1|6
|teamsize|p2|6
|gen|8
|tier|[Gen 8] OU
|rated|
|rule|Sleep Clause Mod: Limit one foe put to sleep
|rule|Species Clause: Limit one of each Pokémon
|rule|OHKO Clause: OHKO moves are banned
|rule|Evasion Moves Clause: Evasion moves are banned
|rule|Endless Battle Clause: Forcing endless battles is banned
|rule|HP Percentage Mod: HP is shown in percentages
|rule|Dynamax Clause: You cannot dynamax
|clearpoke
|poke|p1|Heatran, M|
|poke|p1|Garchomp, F|
|poke|p1|Ferrothorn, F|
|poke|p1|Kartana|
|poke|p1|Slowking, F|
|poke|p1|Tapu Lele|
|poke|p2|Ninetales-Alola, M|
|poke|p2|Ferrothorn, M|
|poke|p2|Zapdos-Galar|
|poke|p2|Araquanid, F|
|poke|p2|Hatterene, F|
|poke|p2|Bisharp, M|
|teampreview
|inactive|Battle timer is ON: inactive players will automatically lose when time's up. (requested by Vitasven)
|inactive|LECH24 has 120 seconds left.
|
|t:|1655368992
|start
|switch|p1a: Heatran|Heatran, M|100/100
|switch|p2a: Ninetales|Ninetales-Alola, M|100/100
|-weather|Hail|[from] ability: Snow Warning|[of] p2a: Ninetales
|-item|p1a: Heatran|Air Balloon
|turn|1
|
|t:|1655368999
|move|p2a: Ninetales|Hypnosis|p1a: Heatran
|-status|p1a: Heatran|slp|[from] move: Hypnosis
|cant|p1a: Heatran|slp
|
|-weather|Hail|[upkeep]
|-damage|p1a: Heatran|94/100 slp|[from] Hail
|upkeep
|turn|2
|
|t:|1655369002
|move|p2a: Ninetales|Aurora Veil|p2a: Ninetales
|-sidestart|p2: LECH24|move: Aurora Veil
|-curestatus|p1a: Heatran|slp|[msg]
|move|p1a: Heatran|Eruption|p2a: Ninetales
|-supereffective|p2a: Ninetales
|-damage|p2a: Ninetales|28/100
|
|-weather|Hail|[upkeep]
|-damage|p1a: Heatran|88/100|[from] Hail
|upkeep
|turn|3
|
|t:|1655369015
|switch|p1a: Garchomp|Garchomp, F|100/100
|move|p2a: Ninetales|Hypnosis|p1a: Garchomp|[miss]
|-miss|p2a: Ninetales|p1a: Garchomp
|
|-weather|Hail|[upkeep]
|-damage|p1a: Garchomp|94/100|[from] Hail
|-heal|p1a: Garchomp|100/100|[from] item: Leftovers
|upkeep
|turn|4
|
|t:|1655369024
|switch|p1a: Ferrothorn|Ferrothorn, F|100/100
|move|p2a: Ninetales|Freeze-Dry|p1a: Ferrothorn
|-damage|p1a: Ferrothorn|82/100
|
|-weather|Hail|[upkeep]
|-damage|p1a: Ferrothorn|75/100|[from] Hail
|-heal|p1a: Ferrothorn|82/100|[from] item: Leftovers
|upkeep
|turn|5
|
|t:|1655369034
|switch|p1a: Slowking|Slowking, F|100/100
|move|p2a: Ninetales|Hypnosis|p1a: Slowking
|-status|p1a: Slowking|slp|[from] move: Hypnosis
|
|-weather|none
|upkeep
|turn|6
|
|t:|1655369041
|switch|p2a: Hatterene|Hatterene, F|100/100
|switch|p1a: Heatran|Heatran, M|88/100
|-item|p1a: Heatran|Air Balloon
|
|upkeep
|turn|7
|
|t:|1655369045
|switch|p2a: Araquanid|Araquanid, F|100/100
|move|p1a: Heatran|Magma Storm|p2a: Araquanid
|-damage|p2a: Araquanid|90/100
|-activate|p2a: Araquanid|move: Magma Storm|[of] p1a: Heatran
|
|-damage|p2a: Araquanid|78/100|[from] move: Magma Storm|[partiallytrapped]
|upkeep
|turn|8
|
|t:|1655369053
|switch|p1a: Ferrothorn|Ferrothorn, F|82/100
|move|p2a: Araquanid|Infestation|p1a: Ferrothorn
|-damage|p1a: Ferrothorn|79/100
|-activate|p1a: Ferrothorn|move: Infestation|[of] p2a: Araquanid
|-damage|p2a: Araquanid|66/100|[from] ability: Iron Barbs|[of] p1a: Ferrothorn
|
|-heal|p1a: Ferrothorn|85/100|[from] item: Leftovers
|-end|p2a: Araquanid|Magma Storm|[partiallytrapped]|[silent]
|-damage|p1a: Ferrothorn|73/100|[from] move: Infestation|[partiallytrapped]
|upkeep
|turn|9
|
|t:|1655369058
|switch|p2a: Hatterene|Hatterene, F|100/100
|move|p1a: Ferrothorn|Leech Seed|p2a: Hatterene
|move|p2a: Hatterene|Leech Seed|p1a: Ferrothorn|[from]ability: Magic Bounce
|-immune|p1a: Ferrothorn
|
|-heal|p1a: Ferrothorn|79/100|[from] item: Leftovers
|-end|p1a: Ferrothorn|Infestation|[partiallytrapped]|[silent]
|-sideend|p2: LECH24|move: Aurora Veil
|upkeep
|turn|10
|
|t:|1655369063
|switch|p2a: Zapdos|Zapdos-Galar|100/100
|move|p1a: Ferrothorn|Knock Off|p2a: Zapdos
|-resisted|p2a: Zapdos
|-crit|p2a: Zapdos
|-damage|p2a: Zapdos|83/100
|-enditem|p2a: Zapdos|Choice Band|[from] move: Knock Off|[of] p1a: Ferrothorn
|
|-heal|p1a: Ferrothorn|85/100|[from] item: Leftovers
|upkeep
|turn|11
|
|t:|1655369069
|move|p2a: Zapdos|Brave Bird|p1a: Ferrothorn
|-damage|p1a: Ferrothorn|48/100
|-damage|p2a: Zapdos|71/100|[from] ability: Iron Barbs|[of] p1a: Ferrothorn
|-damage|p2a: Zapdos|57/100|[from] Recoil
|move|p1a: Ferrothorn|Leech Seed|p2a: Zapdos
|-start|p2a: Zapdos|move: Leech Seed
|
|-heal|p1a: Ferrothorn|54/100|[from] item: Leftovers
|-damage|p2a: Zapdos|45/100|[from] Leech Seed|[of] p1a: Ferrothorn
|-heal|p1a: Ferrothorn|66/100|[silent]
|upkeep
|turn|12
|
|t:|1655369078
|switch|p1a: Heatran|Heatran, M|88/100
|-item|p1a: Heatran|Air Balloon
|move|p2a: Zapdos|Brave Bird|p1a: Heatran
|-resisted|p1a: Heatran
|-crit|p1a: Heatran
|-damage|p1a: Heatran|44/100
|-enditem|p1a: Heatran|Air Balloon
|-damage|p2a: Zapdos|30/100|[from] Recoil
|
|-damage|p2a: Zapdos|18/100|[from] Leech Seed|[of] p1a: Heatran
|-heal|p1a: Heatran|57/100|[silent]
|upkeep
|turn|13
|
|t:|1655369088
|move|p2a: Zapdos|Brave Bird|p1a: Heatran
|-resisted|p1a: Heatran
|-damage|p1a: Heatran|24/100
|-damage|p2a: Zapdos|7/100|[from] Recoil
|move|p1a: Heatran|Eruption|p2a: Zapdos
|-damage|p2a: Zapdos|0 fnt
|faint|p2a: Zapdos
|
|upkeep
|
|t:|1655369097
|switch|p2a: Bisharp|Bisharp, M|100/100
|turn|14
|
|t:|1655369100
|switch|p1a: Garchomp|Garchomp, F|100/100
|move|p2a: Bisharp|Knock Off|p1a: Garchomp
|-damage|p1a: Garchomp|55/100
|-damage|p2a: Bisharp|88/100|[from] ability: Rough Skin|[of] p1a: Garchomp
|-enditem|p1a: Garchomp|Leftovers|[from] move: Knock Off|[of] p2a: Bisharp
|-damage|p2a: Bisharp|78/100|[from] item: Life Orb
|
|upkeep
|turn|15
|
|t:|1655369108
|switch|p2a: Hatterene|Hatterene, F|100/100
|move|p1a: Garchomp|Earthquake|p2a: Hatterene
|-damage|p2a: Hatterene|50/100
|
|upkeep
|turn|16
|
|t:|1655369114
|switch|p1a: Heatran|Heatran, M|24/100
|switch|p2a: Araquanid|Araquanid, F|66/100
|
|upkeep
|turn|17
|
|t:|1655369122
|switch|p1a: Ferrothorn|Ferrothorn, F|66/100
|move|p2a: Araquanid|Sticky Web|p1a: Ferrothorn
|-sidestart|p1: Vitasven|move: Sticky Web
|
|-heal|p1a: Ferrothorn|72/100|[from] item: Leftovers
|upkeep
|turn|18
|
|t:|1655369130
|switch|p2a: Ferrothorn|Ferrothorn, M|100/100
|move|p1a: Ferrothorn|Knock Off|p2a: Ferrothorn
|-damage|p2a: Ferrothorn|88/100
|-damage|p1a: Ferrothorn|60/100|[from] ability: Iron Barbs|[of] p2a: Ferrothorn
|-enditem|p2a: Ferrothorn|Shed Shell|[from] move: Knock Off|[of] p1a: Ferrothorn
|
|-heal|p1a: Ferrothorn|66/100|[from] item: Leftovers
|upkeep
|turn|19
|
|t:|1655369134
|switch|p2a: Hatterene|Hatterene, F|50/100
|move|p1a: Ferrothorn|Body Press|p2a: Hatterene
|-resisted|p2a: Hatterene
|-damage|p2a: Hatterene|41/100
|
|-heal|p1a: Ferrothorn|72/100|[from] item: Leftovers
|upkeep
|turn|20
|
|t:|1655369140
|move|p2a: Hatterene|Psyshock|p1a: Ferrothorn
|-resisted|p1a: Ferrothorn
|-damage|p1a: Ferrothorn|59/100
|move|p1a: Ferrothorn|Knock Off|p2a: Hatterene
|-damage|p2a: Hatterene|16/100
|-enditem|p2a: Hatterene|Focus Sash|[from] move: Knock Off|[of] p1a: Ferrothorn
|
|-heal|p1a: Ferrothorn|65/100|[from] item: Leftovers
|upkeep
|turn|21
|
|t:|1655369154
|move|p2a: Hatterene|Mystical Fire|p1a: Ferrothorn
|-supereffective|p1a: Ferrothorn
|-damage|p1a: Ferrothorn|0 fnt
|faint|p1a: Ferrothorn
|
|upkeep
|
|t:|1655369164
|switch|p1a: Heatran|Heatran, M|24/100
|-activate|p1a: Heatran|move: Sticky Web
|-unboost|p1a: Heatran|spe|1
|turn|22
|
|t:|1655369168
|switch|p2a: Araquanid|Araquanid, F|66/100
|move|p1a: Heatran|Magma Storm|p2a: Araquanid|[miss]
|-miss|p1a: Heatran|p2a: Araquanid
|
|upkeep
|turn|23
|
|t:|1655369173
|switch|p1a: Garchomp|Garchomp, F|55/100
|-activate|p1a: Garchomp|move: Sticky Web
|-unboost|p1a: Garchomp|spe|1
|move|p2a: Araquanid|Liquidation|p1a: Garchomp
|-damage|p1a: Garchomp|22/100
|-damage|p2a: Araquanid|53/100|[from] ability: Rough Skin|[of] p1a: Garchomp
|
|upkeep
|turn|24
|
|t:|1655369180
|switch|p2a: Hatterene|Hatterene, F|16/100
|move|p1a: Garchomp|Stealth Rock|p2a: Hatterene
|move|p2a: Hatterene|Stealth Rock|p1a: Garchomp|[from]ability: Magic Bounce
|-sidestart|p1: Vitasven|move: Stealth Rock
|
|upkeep
|turn|25
|
|t:|1655369190
|move|p1a: Garchomp|Earthquake|p2a: Hatterene
|-damage|p2a: Hatterene|0 fnt
|faint|p2a: Hatterene
|
|upkeep
|
|t:|1655369192
|switch|p2a: Ninetales|Ninetales-Alola, M|28/100
|-weather|Hail|[from] ability: Snow Warning|[of] p2a: Ninetales
|turn|26
|
|t:|1655369196
|move|p2a: Ninetales|Freeze-Dry|p1a: Garchomp
|-supereffective|p1a: Garchomp
|-damage|p1a: Garchomp|0 fnt
|faint|p1a: Garchomp
|
|-weather|Hail|[upkeep]
|upkeep
|
|t:|1655369205
|switch|p1a: Kartana|Kartana|100/100
|-activate|p1a: Kartana|move: Sticky Web
|-unboost|p1a: Kartana|spe|1
|-damage|p1a: Kartana|94/100|[from] Stealth Rock
|turn|27
|
|t:|1655369214
|move|p1a: Kartana|Sacred Sword|p2a: Ninetales
|-damage|p2a: Ninetales|0 fnt
|faint|p2a: Ninetales
|-ability|p1a: Kartana|Beast Boost|boost
|-boost|p1a: Kartana|atk|1
|
|-weather|Hail|[upkeep]
|-damage|p1a: Kartana|88/100|[from] Hail
|upkeep
|
|t:|1655369220
|switch|p2a: Araquanid|Araquanid, F|53/100
|turn|28
|
|t:|1655369248
|switch|p1a: Slowking|Slowking, F|100/100 slp
|move|p2a: Araquanid|Liquidation|p1a: Slowking
|-resisted|p1a: Slowking
|-damage|p1a: Slowking|75/100 slp
|-unboost|p1a: Slowking|def|1
|
|-weather|Hail|[upkeep]
|-damage|p2a: Araquanid|47/100|[from] Hail
|-damage|p1a: Slowking|69/100 slp|[from] Hail
|upkeep
|turn|29
|
|t:|1655369259
|switch|p2a: Bisharp|Bisharp, M|78/100
|switch|p1a: Heatran|Heatran, M|24/100
|-activate|p1a: Heatran|move: Sticky Web
|-unboost|p1a: Heatran|spe|1
|-damage|p1a: Heatran|12/100|[from] Stealth Rock
|
|-weather|Hail|[upkeep]
|-damage|p2a: Bisharp|72/100|[from] Hail
|-damage|p1a: Heatran|5/100|[from] Hail
|upkeep
|turn|30
|
|t:|1655369265
|move|p2a: Bisharp|Knock Off|p1a: Heatran
|-damage|p1a: Heatran|0 fnt
|faint|p1a: Heatran
|-damage|p2a: Bisharp|62/100|[from] item: Life Orb
|
|-weather|none
|upkeep
|
|t:|1655369281
|switch|p1a: Kartana|Kartana|88/100
|-activate|p1a: Kartana|move: Sticky Web
|-unboost|p1a: Kartana|spe|1
|-damage|p1a: Kartana|82/100|[from] Stealth Rock
|turn|31
|
|t:|1655369285
|switch|p2a: Araquanid|Araquanid, F|47/100
|move|p1a: Kartana|Sacred Sword|p2a: Araquanid
|-resisted|p2a: Araquanid
|-damage|p2a: Araquanid|30/100
|
|upkeep
|turn|32
|
|t:|1655369295
|switch|p1a: Tapu Lele|Tapu Lele|100/100
|-activate|p1a: Tapu Lele|move: Sticky Web
|-unboost|p1a: Tapu Lele|spe|1
|-damage|p1a: Tapu Lele|88/100|[from] Stealth Rock
|-fieldstart|move: Psychic Terrain|[from] ability: Psychic Surge|[of] p1a: Tapu Lele
|move|p2a: Araquanid|Liquidation|p1a: Tapu Lele
|-damage|p1a: Tapu Lele|12/100
|
|upkeep
|turn|33
|
|t:|1655369303
|move|p1a: Tapu Lele|Focus Blast|p2a: Araquanid|[miss]
|-miss|p1a: Tapu Lele|p2a: Araquanid
|move|p2a: Araquanid|Liquidation|p1a: Tapu Lele
|-damage|p1a: Tapu Lele|0 fnt
|faint|p1a: Tapu Lele
|
|upkeep
|
|t:|1655369306
|switch|p1a: Kartana|Kartana|82/100
|-activate|p1a: Kartana|move: Sticky Web
|-unboost|p1a: Kartana|spe|1
|-damage|p1a: Kartana|76/100|[from] Stealth Rock
|turn|34
|
|t:|1655369312
|move|p1a: Kartana|Sacred Sword|p2a: Araquanid
|-resisted|p2a: Araquanid
|-crit|p2a: Araquanid
|-damage|p2a: Araquanid|4/100
|move|p2a: Araquanid|Liquidation|p1a: Kartana
|-resisted|p1a: Kartana
|-damage|p1a: Kartana|48/100
|
|upkeep
|turn|35
|
|t:|1655369319
|switch|p2a: Ferrothorn|Ferrothorn, M|88/100
|move|p1a: Kartana|Sacred Sword|p2a: Ferrothorn
|-supereffective|p2a: Ferrothorn
|-damage|p2a: Ferrothorn|37/100
|-damage|p1a: Kartana|36/100|[from] ability: Iron Barbs|[of] p2a: Ferrothorn
|
|upkeep
|turn|36
|
|t:|1655369325
|switch|p2a: Araquanid|Araquanid, F|4/100
|move|p1a: Kartana|Sacred Sword|p2a: Araquanid
|-resisted|p2a: Araquanid
|-damage|p2a: Araquanid|0 fnt
|faint|p2a: Araquanid
|-ability|p1a: Kartana|Beast Boost|boost
|-boost|p1a: Kartana|atk|1
|
|-fieldend|move: Psychic Terrain
|upkeep
|
|t:|1655369327
|switch|p2a: Bisharp|Bisharp, M|62/100
|turn|37
|
|t:|1655369334
|move|p2a: Bisharp|Sucker Punch|p1a: Kartana
|-damage|p1a: Kartana|0 fnt
|faint|p1a: Kartana
|-damage|p2a: Bisharp|53/100|[from] item: Life Orb
|
|upkeep
|-message|Vitasven forfeited.
|
|win|LECH24
|raw|Vitasven's rating: 1549 &rarr; <strong>1531</strong><br />(-18 for losing)
|raw|LECH24's rating: 1592 &rarr; <strong>1610</strong><br />(+18 for winning)
|l|☆Vitasven
|l|☆LECH24
