|j|☆SaffedhSchneizel
|j|☆cump2
|t:|1661303413
|gametype|singles
|player|p1|SaffedhSchneizel|guzma|1558
|player|p2|cump2|doctor|1719
|teamsize|p1|6
|teamsize|p2|6
|gen|8
|tier|[Gen 8] OU
|rated|
|rule|Sleep Clause Mod: Limit one foe put to sleep
|rule|Species Clause: Limit one of each Pokémon
|rule|OHKO Clause: OHKO moves are banned
|rule|Evasion Items Clause: Evasion items are banned
|rule|Evasion Moves Clause: Evasion moves are banned
|rule|Endless Battle Clause: Forcing endless battles is banned
|rule|HP Percentage Mod: HP is shown in percentages
|rule|Dynamax Clause: You cannot dynamax
|clearpoke
|poke|p1|Thundurus-Therian, M|
|poke|p1|Pelipper, F|
|poke|p1|Crawdaunt, F|
|poke|p1|Kingdra, M|
|poke|p1|Ferrothorn, M|
|poke|p1|Melmetal|
|poke|p2|Heatran, M|
|poke|p2|Mandibuzz, F|
|poke|p2|Landorus-Therian, M|
|poke|p2|Urshifu-*, F|
|poke|p2|Dragapult, F|
|poke|p2|Kartana|
|teampreview
|c|☆SaffedhSchneizel|hf
|c|☆cump2|hf
|
|t:|1661303427
|start
|switch|p1a: Pelipper|Pelipper, F|100/100
|switch|p2a: Dragapult|Dragapult, F, shiny|100/100
|-weather|RainDance|[from] ability: Drizzle|[of] p1a: Pelipper
|turn|1
|
|t:|1661303430
|switch|p1a: Melmetal|Melmetal|100/100
|move|p2a: Dragapult|Shadow Ball|p1a: Melmetal
|-damage|p1a: Melmetal|71/100
|
|-weather|RainDance|[upkeep]
|upkeep
|turn|2
|
|t:|1661303436
|switch|p2a: Heatran|Heatran, M|100/100
|move|p1a: Melmetal|Double Iron Bash|p2a: Heatran
|-resisted|p2a: Heatran
|-damage|p2a: Heatran|92/100
|-resisted|p2a: Heatran
|-damage|p2a: Heatran|85/100
|-hitcount|p2a: Heatran|2
|
|-weather|RainDance|[upkeep]
|-heal|p2a: Heatran|91/100|[from] item: Leftovers
|upkeep
|turn|3
|
|t:|1661303438
|move|p2a: Heatran|Protect|p2a: Heatran
|-singleturn|p2a: Heatran|Protect
|move|p1a: Melmetal|Earthquake|p2a: Heatran
|-activate|p2a: Heatran|move: Protect
|
|-weather|RainDance|[upkeep]
|-heal|p2a: Heatran|97/100|[from] item: Leftovers
|upkeep
|turn|4
|
|t:|1661303443
|switch|p2a: Landorus|Landorus-Therian, M|100/100
|-ability|p2a: Landorus|Intimidate|boost
|-unboost|p1a: Melmetal|atk|1
|move|p1a: Melmetal|Earthquake|p2a: Landorus
|-immune|p2a: Landorus
|
|-weather|RainDance|[upkeep]
|upkeep
|turn|5
|
|t:|1661303447
|switch|p1a: Thundurus|Thundurus-Therian, M|100/100
|move|p2a: Landorus|Earthquake|p1a: Thundurus
|-immune|p1a: Thundurus
|
|-weather|RainDance|[upkeep]
|upkeep
|turn|6
|
|t:|1661303453
|switch|p2a: Dragapult|Dragapult, F, shiny|100/100
|move|p1a: Thundurus|Weather Ball|p2a: Dragapult
|-resisted|p2a: Dragapult
|-damage|p2a: Dragapult|60/100
|
|-weather|RainDance|[upkeep]
|upkeep
|turn|7
|
|t:|1661303459
|switch|p1a: Melmetal|Melmetal|71/100
|move|p2a: Dragapult|Shadow Ball|p1a: Melmetal
|-damage|p1a: Melmetal|41/100
|
|-weather|RainDance|[upkeep]
|upkeep
|turn|8
|
|t:|1661303464
|switch|p2a: Landorus|Landorus-Therian, M|100/100
|-ability|p2a: Landorus|Intimidate|boost
|-unboost|p1a: Melmetal|atk|1
|move|p1a: Melmetal|Ice Punch|p2a: Landorus
|-supereffective|p2a: Landorus
|-damage|p2a: Landorus|0 fnt
|faint|p2a: Landorus
|
|-weather|none
|upkeep
|
|t:|1661303469
|switch|p2a: Urshifu|Urshifu-Rapid-Strike, F|100/100
|turn|9
|
|t:|1661303534
|switch|p1a: Pelipper|Pelipper, F|100/100
|-weather|RainDance|[from] ability: Drizzle|[of] p1a: Pelipper
|move|p2a: Urshifu|Surging Strikes|p1a: Pelipper
|-resisted|p1a: Pelipper
|-crit|p1a: Pelipper
|-damage|p1a: Pelipper|89/100
|-resisted|p1a: Pelipper
|-crit|p1a: Pelipper
|-damage|p1a: Pelipper|78/100
|-resisted|p1a: Pelipper
|-crit|p1a: Pelipper
|-damage|p1a: Pelipper|68/100
|-hitcount|p1a: Pelipper|3
|
|-weather|RainDance|[upkeep]
|upkeep
|turn|10
|
|t:|1661303540
|move|p2a: Urshifu|Surging Strikes|p1a: Pelipper
|-resisted|p1a: Pelipper
|-crit|p1a: Pelipper
|-damage|p1a: Pelipper|56/100
|-resisted|p1a: Pelipper
|-crit|p1a: Pelipper
|-damage|p1a: Pelipper|44/100
|-resisted|p1a: Pelipper
|-crit|p1a: Pelipper
|-damage|p1a: Pelipper|32/100
|-hitcount|p1a: Pelipper|3
|move|p1a: Pelipper|U-turn|p2a: Urshifu
|-resisted|p2a: Urshifu
|-damage|p2a: Urshifu|96/100
|
|t:|1661303545
|switch|p1a: Thundurus|Thundurus-Therian, M|100/100|[from]move: U-turn
|
|-weather|RainDance|[upkeep]
|upkeep
|turn|11
|
|t:|1661303550
|switch|p2a: Heatran|Heatran, M|97/100
|move|p1a: Thundurus|Thunder|p2a: Heatran
|-crit|p2a: Heatran
|-damage|p2a: Heatran|36/100
|
|-weather|RainDance|[upkeep]
|-heal|p2a: Heatran|42/100|[from] item: Leftovers
|upkeep
|turn|12
|
|t:|1661303556
|move|p2a: Heatran|Protect|p2a: Heatran
|-singleturn|p2a: Heatran|Protect
|move|p1a: Thundurus|Nasty Plot|p1a: Thundurus
|-boost|p1a: Thundurus|spa|2
|
|-weather|RainDance|[upkeep]
|-heal|p2a: Heatran|48/100|[from] item: Leftovers
|upkeep
|turn|13
|
|t:|1661303567
|move|p1a: Thundurus|Weather Ball|p2a: Heatran
|-supereffective|p2a: Heatran
|-damage|p2a: Heatran|0 fnt
|faint|p2a: Heatran
|
|-weather|RainDance|[upkeep]
|upkeep
|
|t:|1661303578
|switch|p2a: Dragapult|Dragapult, F, shiny|60/100
|turn|14
|
|t:|1661303581
|move|p2a: Dragapult|Draco Meteor|p1a: Thundurus
|-damage|p1a: Thundurus|0 fnt
|-unboost|p2a: Dragapult|spa|2
|faint|p1a: Thundurus
|
|-weather|RainDance|[upkeep]
|upkeep
|
|t:|1661303584
|switch|p1a: Crawdaunt|Crawdaunt, F|100/100
|turn|15
|
|t:|1661303603
|switch|p2a: Urshifu|Urshifu-Rapid-Strike, F|96/100
|move|p1a: Crawdaunt|Crabhammer|p2a: Urshifu
|-resisted|p2a: Urshifu
|-damage|p2a: Urshifu|11/100
|
|-weather|RainDance|[upkeep]
|upkeep
|turn|16
|
|t:|1661303613
|switch|p1a: Ferrothorn|Ferrothorn, M|100/100
|move|p2a: Urshifu|Close Combat|p1a: Ferrothorn
|-supereffective|p1a: Ferrothorn
|-damage|p1a: Ferrothorn|22/100
|-unboost|p2a: Urshifu|def|1
|-unboost|p2a: Urshifu|spd|1
|-activate|p1a: Ferrothorn|ability: Iron Barbs
|-activate|p2a: Urshifu|item: Protective Pads
|
|-weather|none
|-heal|p1a: Ferrothorn|28/100|[from] item: Leftovers
|upkeep
|turn|17
|
|t:|1661303618
|switch|p1a: Pelipper|Pelipper, F|32/100
|-weather|RainDance|[from] ability: Drizzle|[of] p1a: Pelipper
|move|p2a: Urshifu|Close Combat|p1a: Pelipper
|-resisted|p1a: Pelipper
|-damage|p1a: Pelipper|7/100
|-unboost|p2a: Urshifu|def|1
|-unboost|p2a: Urshifu|spd|1
|
|-weather|RainDance|[upkeep]
|upkeep
|turn|18
|
|t:|1661303629
|switch|p1a: Ferrothorn|Ferrothorn, M|28/100
|move|p2a: Urshifu|Surging Strikes|p1a: Ferrothorn
|-resisted|p1a: Ferrothorn
|-crit|p1a: Ferrothorn
|-damage|p1a: Ferrothorn|20/100
|-activate|p1a: Ferrothorn|ability: Iron Barbs
|-activate|p2a: Urshifu|item: Protective Pads
|-resisted|p1a: Ferrothorn
|-crit|p1a: Ferrothorn
|-damage|p1a: Ferrothorn|10/100
|-activate|p1a: Ferrothorn|ability: Iron Barbs
|-activate|p2a: Urshifu|item: Protective Pads
|-resisted|p1a: Ferrothorn
|-crit|p1a: Ferrothorn
|-damage|p1a: Ferrothorn|2/100
|-activate|p1a: Ferrothorn|ability: Iron Barbs
|-activate|p2a: Urshifu|item: Protective Pads
|-hitcount|p1a: Ferrothorn|3
|
|-weather|RainDance|[upkeep]
|-heal|p1a: Ferrothorn|8/100|[from] item: Leftovers
|upkeep
|turn|19
|
|t:|1661303652
|move|p2a: Urshifu|Surging Strikes|p1a: Ferrothorn
|-resisted|p1a: Ferrothorn
|-crit|p1a: Ferrothorn
|-damage|p1a: Ferrothorn|0 fnt
|-activate|p1a: Ferrothorn|ability: Iron Barbs
|-activate|p2a: Urshifu|item: Protective Pads
|faint|p1a: Ferrothorn
|-hitcount|p1: Ferrothorn|1
|
|-weather|RainDance|[upkeep]
|upkeep
|
|t:|1661303654
|switch|p1a: Kingdra|Kingdra, M|100/100
|turn|20
|
|t:|1661303685
|switch|p2a: Mandibuzz|Mandibuzz, F|100/100
|move|p1a: Kingdra|Hurricane|p2a: Mandibuzz
|-damage|p2a: Mandibuzz|57/100
|
|-weather|RainDance|[upkeep]
|upkeep
|turn|21
|
|t:|1661303693
|switch|p1a: Crawdaunt|Crawdaunt, F|100/100
|move|p2a: Mandibuzz|Foul Play|p1a: Crawdaunt
|-resisted|p1a: Crawdaunt
|-damage|p1a: Crawdaunt|61/100
|
|-weather|RainDance|[upkeep]
|upkeep
|turn|22
|
|t:|1661303700
|switch|p2a: Kartana|Kartana, shiny|100/100
|move|p1a: Crawdaunt|Crabhammer|p2a: Kartana
|-resisted|p2a: Kartana
|-damage|p2a: Kartana|21/100
|
|-weather|RainDance|[upkeep]
|upkeep
|turn|23
|
|t:|1661303710
|switch|p1a: Melmetal|Melmetal|41/100
|move|p2a: Kartana|Sacred Sword|p1a: Melmetal
|-supereffective|p1a: Melmetal
|-damage|p1a: Melmetal|0 fnt
|faint|p1a: Melmetal
|-ability|p2a: Kartana|Beast Boost|boost
|-boost|p2a: Kartana|atk|1
|
|-weather|RainDance|[upkeep]
|upkeep
|
|t:|1661303713
|switch|p1a: Crawdaunt|Crawdaunt, F|61/100
|turn|24
|
|t:|1661303749
|switch|p2a: Dragapult|Dragapult, F, shiny|60/100
|move|p1a: Crawdaunt|Aqua Jet|p2a: Dragapult
|-resisted|p2a: Dragapult
|-damage|p2a: Dragapult|12/100
|
|-weather|none
|upkeep
|turn|25
|
|t:|1661303757
|move|p1a: Crawdaunt|Aqua Jet|p2a: Dragapult
|-resisted|p2a: Dragapult
|-damage|p2a: Dragapult|0 fnt
|faint|p2a: Dragapult
|
|upkeep
|
|t:|1661303763
|switch|p2a: Mandibuzz|Mandibuzz, F|57/100
|turn|26
|
|t:|1661303766
|switch|p1a: Pelipper|Pelipper, F|7/100
|-weather|RainDance|[from] ability: Drizzle|[of] p1a: Pelipper
|move|p2a: Mandibuzz|Roost|p2a: Mandibuzz
|-heal|p2a: Mandibuzz|100/100
|-singleturn|p2a: Mandibuzz|move: Roost
|
|-weather|RainDance|[upkeep]
|upkeep
|turn|27
|
|t:|1661303769
|move|p2a: Mandibuzz|Toxic|p1a: Pelipper
|-status|p1a: Pelipper|tox
|move|p1a: Pelipper|U-turn|p2a: Mandibuzz
|-damage|p2a: Mandibuzz|96/100
|
|t:|1661303772
|switch|p1a: Crawdaunt|Crawdaunt, F|61/100|[from]move: U-turn
|
|-weather|RainDance|[upkeep]
|upkeep
|turn|28
|
|t:|1661303777
|move|p1a: Crawdaunt|Crabhammer|p2a: Mandibuzz
|-damage|p2a: Mandibuzz|0 fnt
|faint|p2a: Mandibuzz
|
|-weather|RainDance|[upkeep]
|upkeep
|
|t:|1661303780
|switch|p2a: Kartana|Kartana, shiny|21/100
|turn|29
|
|t:|1661303783
|move|p2a: Kartana|Leaf Blade|p1a: Crawdaunt
|-supereffective|p1a: Crawdaunt
|-damage|p1a: Crawdaunt|0 fnt
|faint|p1a: Crawdaunt
|-ability|p2a: Kartana|Beast Boost|boost
|-boost|p2a: Kartana|atk|1
|
|-weather|RainDance|[upkeep]
|upkeep
|
|t:|1661303786
|switch|p1a: Kingdra|Kingdra, M|100/100
|turn|30
|
|t:|1661303788
|move|p1a: Kingdra|Hurricane|p2a: Kartana
|-damage|p2a: Kartana|0 fnt
|faint|p2a: Kartana
|
|-weather|RainDance|[upkeep]
|upkeep
|
|t:|1661303790
|switch|p2a: Urshifu|Urshifu-Rapid-Strike, F|11/100
|turn|31
|c|☆SaffedhSchneizel|gg
|c|☆cump2|gg
|
|t:|1661303809
|move|p1a: Kingdra|Hurricane|p2a: Urshifu
|-supereffective|p2a: Urshifu
|-crit|p2a: Urshifu
|-damage|p2a: Urshifu|0 fnt
|faint|p2a: Urshifu
|
|win|SaffedhSchneizel
|raw|SaffedhSchneizel's rating: 1558 &rarr; <strong>1586</strong><br />(+28 for winning)
|raw|cump2's rating: 1702 &rarr; <strong>1674</strong><br />(-28 for losing)
|l|☆cump2
||Ladder isn't responding, score probably updated but might not have (Request timeout).
