|j|☆Arcangel666
|j|☆Polyzon
|t:|1647830984
|gametype|singles
|player|p1|Arcangel666|grimsley|1528
|player|p2|Polyzon|ninjaboy-gen3|1478
|teamsize|p1|6
|teamsize|p2|6
|gen|8
|tier|[Gen 8] OU
|rated|
|rule|Sleep Clause Mod: Limit one foe put to sleep
|rule|Species Clause: Limit one of each Pokémon
|rule|OHKO Clause: OHKO moves are banned
|rule|Evasion Moves Clause: Evasion moves are banned
|rule|Endless Battle Clause: Forcing endless battles is banned
|rule|HP Percentage Mod: HP is shown in percentages
|rule|Dynamax Clause: You cannot dynamax
|clearpoke
|poke|p1|Melmetal|
|poke|p1|Dragapult, M|
|poke|p1|Regieleki|
|poke|p1|Landorus-Therian, M|
|poke|p1|Hydreigon, M|
|poke|p1|Tapu Fini|
|poke|p2|Incineroar, M|
|poke|p2|Heatran, M|
|poke|p2|Tapu Koko|
|poke|p2|Rillaboom, F|
|poke|p2|Ferrothorn, M|
|poke|p2|Tapu Fini|
|teampreview
|
|t:|1647830992
|start
|switch|p1a: Landorus|Landorus-Therian, M, shiny|100/100
|switch|p2a: Perseus|Rillaboom, F|100/100
|-fieldstart|move: Grassy Terrain|[from] ability: Grassy Surge|[of] p2a: Perseus
|-ability|p1a: Landorus|Intimidate|boost
|-unboost|p2a: Perseus|atk|1
|turn|1
|
|t:|1647831001
|switch|p2a: Crateris|Ferrothorn, M|100/100
|move|p1a: Landorus|U-turn|p2a: Crateris
|-damage|p2a: Crateris|87/100
|-damage|p1a: Landorus|88/100|[from] ability: Iron Barbs|[of] p2a: Crateris
|
|t:|1647831004
|switch|p1a: Hydreigon|Hydreigon, M, shiny|100/100|[from]move: U-turn
|
|-heal|p2a: Crateris|93/100|[from] Grassy Terrain
|-heal|p2a: Crateris|99/100|[from] item: Leftovers
|upkeep
|turn|2
|
|t:|1647831013
|switch|p1a: Melmetal|Melmetal, shiny|100/100
|switch|p2a: Aquarius|Tapu Fini|100/100
|-fieldstart|move: Misty Terrain|[from] ability: Misty Surge|[of] p2a: Aquarius
|
|upkeep
|turn|3
|
|t:|1647831020
|switch|p2a: Crateris|Ferrothorn, M|99/100
|move|p1a: Melmetal|Ice Punch|p2a: Crateris
|-damage|p2a: Crateris|79/100
|-damage|p1a: Melmetal|88/100|[from] ability: Iron Barbs|[of] p2a: Crateris
|
|-heal|p2a: Crateris|85/100|[from] item: Leftovers
|upkeep
|turn|4
|
|t:|1647831028
|switch|p1a: Landorus|Landorus-Therian, M, shiny|88/100
|-ability|p1a: Landorus|Intimidate|boost
|-unboost|p2a: Crateris|atk|1
|switch|p2a: Orion|Incineroar, M|100/100
|-ability|p2a: Orion|Intimidate|boost
|-unboost|p1a: Landorus|atk|1
|
|upkeep
|turn|5
|
|t:|1647831039
|switch|p2a: Perseus|Rillaboom, F|100/100
|-fieldstart|move: Grassy Terrain|[from] ability: Grassy Surge|[of] p2a: Perseus
|move|p1a: Landorus|Stealth Rock|p2a: Perseus
|-sidestart|p2: Polyzon|move: Stealth Rock
|
|upkeep
|turn|6
|
|t:|1647831054
|move|p2a: Perseus|Wood Hammer|p1a: Landorus
|-damage|p1a: Landorus|0 fnt
|-damage|p2a: Perseus|84/100|[from] item: Rocky Helmet|[of] p1a: Landorus
|faint|p1a: Landorus
|-damage|p2a: Perseus|52/100|[from] Recoil
|
|-heal|p2a: Perseus|58/100|[from] Grassy Terrain
|upkeep
|
|t:|1647831060
|switch|p1a: Hydreigon|Hydreigon, M, shiny|100/100
|turn|7
|
|t:|1647831066
|switch|p2a: Aquarius|Tapu Fini|100/100
|-damage|p2a: Aquarius|88/100|[from] Stealth Rock
|-fieldstart|move: Misty Terrain|[from] ability: Misty Surge|[of] p2a: Aquarius
|move|p1a: Hydreigon|Nasty Plot|p1a: Hydreigon
|-boost|p1a: Hydreigon|spa|2
|
|-heal|p2a: Aquarius|94/100|[from] item: Leftovers
|upkeep
|turn|8
|
|t:|1647831074
|move|p1a: Hydreigon|Flash Cannon|p2a: Aquarius
|-crit|p2a: Aquarius
|-damage|p2a: Aquarius|28/100
|-damage|p1a: Hydreigon|91/100|[from] item: Life Orb
|move|p2a: Aquarius|Moonblast|p1a: Hydreigon
|-supereffective|p1a: Hydreigon
|-damage|p1a: Hydreigon|0 fnt
|faint|p1a: Hydreigon
|
|-heal|p2a: Aquarius|34/100|[from] item: Leftovers
|upkeep
|
|t:|1647831077
|switch|p1a: Regieleki|Regieleki, shiny|100/100
|turn|9
|
|t:|1647831099
|switch|p2a: Crateris|Ferrothorn, M|85/100
|-damage|p2a: Crateris|79/100|[from] Stealth Rock
|move|p1a: Regieleki|Electro Ball|p2a: Crateris
|-resisted|p2a: Crateris
|-damage|p2a: Crateris|29/100
|
|-heal|p2a: Crateris|35/100|[from] item: Leftovers
|upkeep
|turn|10
|
|t:|1647831109
|move|p1a: Regieleki|Electro Ball|p2a: Crateris
|-resisted|p2a: Crateris
|-damage|p2a: Crateris|0 fnt
|faint|p2a: Crateris
|
|upkeep
|
|t:|1647831121
|switch|p2a: Perseus|Rillaboom, F|58/100
|-damage|p2a: Perseus|45/100|[from] Stealth Rock
|-fieldstart|move: Grassy Terrain|[from] ability: Grassy Surge|[of] p2a: Perseus
|turn|11
|
|t:|1647831127
|switch|p1a: Melmetal|Melmetal, shiny|88/100
|move|p2a: Perseus|Grassy Glide|p1a: Melmetal
|-resisted|p1a: Melmetal
|-damage|p1a: Melmetal|69/100
|
|-heal|p2a: Perseus|52/100|[from] Grassy Terrain
|-heal|p1a: Melmetal|76/100|[from] Grassy Terrain
|upkeep
|turn|12
|
|t:|1647831152
|switch|p2a: Orion|Incineroar, M|100/100
|-damage|p2a: Orion|76/100|[from] Stealth Rock
|-ability|p2a: Orion|Intimidate|boost
|-unboost|p1a: Melmetal|atk|1
|switch|p1a: Dragapult|Dragapult, M, shiny|100/100
|
|-heal|p2a: Orion|82/100|[from] Grassy Terrain
|upkeep
|turn|13
|
|t:|1647831162
|switch|p1a: Tapu Fini|Tapu Fini, shiny|100/100
|-fieldstart|move: Misty Terrain|[from] ability: Misty Surge|[of] p1a: Tapu Fini
|move|p2a: Orion|Knock Off|p1a: Tapu Fini
|-resisted|p1a: Tapu Fini
|-damage|p1a: Tapu Fini|82/100
|-enditem|p1a: Tapu Fini|Leftovers|[from] move: Knock Off|[of] p2a: Orion
|
|upkeep
|turn|14
|
|t:|1647831181
|switch|p2a: Perseus|Rillaboom, F|52/100
|-damage|p2a: Perseus|39/100|[from] Stealth Rock
|-fieldstart|move: Grassy Terrain|[from] ability: Grassy Surge|[of] p2a: Perseus
|move|p1a: Tapu Fini|Draining Kiss|p2a: Perseus
|-damage|p2a: Perseus|17/100
|-heal|p1a: Tapu Fini|98/100|[from] drain|[of] p2a: Perseus
|
|-heal|p2a: Perseus|23/100|[from] Grassy Terrain
|-heal|p1a: Tapu Fini|100/100|[from] Grassy Terrain
|upkeep
|turn|15
|
|t:|1647831199
|move|p2a: Perseus|U-turn|p1a: Tapu Fini
|-resisted|p1a: Tapu Fini
|-damage|p1a: Tapu Fini|85/100
|
|t:|1647831211
|switch|p2a: Australis|Tapu Koko|100/100|[from]move: U-turn
|-fieldstart|move: Electric Terrain|[from] ability: Electric Surge|[of] p2a: Australis
|move|p1a: Tapu Fini|Draining Kiss|p2a: Australis
|-damage|p2a: Australis|73/100
|-heal|p1a: Tapu Fini|100/100|[from] drain|[of] p2a: Australis
|
|upkeep
|turn|16
|
|t:|1647831219
|move|p2a: Australis|Thunderbolt|p1a: Tapu Fini
|-supereffective|p1a: Tapu Fini
|-damage|p1a: Tapu Fini|42/100
|move|p1a: Tapu Fini|Draining Kiss|p2a: Australis
|-crit|p2a: Australis
|-damage|p2a: Australis|35/100
|-heal|p1a: Tapu Fini|66/100|[from] drain|[of] p2a: Australis
|
|upkeep
|turn|17
|
|t:|1647831225
|move|p2a: Australis|Thunderbolt|p1a: Tapu Fini
|-supereffective|p1a: Tapu Fini
|-crit|p1a: Tapu Fini
|-damage|p1a: Tapu Fini|0 fnt
|faint|p1a: Tapu Fini
|
|upkeep
|
|t:|1647831228
|switch|p1a: Dragapult|Dragapult, M, shiny|100/100
|turn|18
|
|t:|1647831235
|switch|p2a: Orion|Incineroar, M|82/100
|-damage|p2a: Orion|57/100|[from] Stealth Rock
|-ability|p2a: Orion|Intimidate|boost
|-fail|p1a: Dragapult|unboost|[from] ability: Clear Body|[of] p1a: Dragapult
|move|p1a: Dragapult|Dragon Dance|p1a: Dragapult
|-boost|p1a: Dragapult|atk|1
|-boost|p1a: Dragapult|spe|1
|
|upkeep
|turn|19
|
|t:|1647831244
|move|p1a: Dragapult|Dragon Darts|p2a: Orion
|-damage|p2a: Orion|16/100
|-anim|p1a: Dragapult|Dragon Darts|p2a: Orion
|-damage|p2a: Orion|0 fnt
|faint|p2a: Orion
|
|-fieldend|move: Electric Terrain
|upkeep
|
|t:|1647831261
|switch|p2a: Aquarius|Tapu Fini|34/100
|-damage|p2a: Aquarius|21/100|[from] Stealth Rock
|-fieldstart|move: Misty Terrain|[from] ability: Misty Surge|[of] p2a: Aquarius
|turn|20
|
|t:|1647831263
|move|p1a: Dragapult|Phantom Force||[still]
|-prepare|p1a: Dragapult|Phantom Force
|move|p2a: Aquarius|Moonblast|p1a: Dragapult|[miss]
|-miss|p2a: Aquarius|p1a: Dragapult
|
|-heal|p2a: Aquarius|28/100|[from] item: Leftovers
|upkeep
|turn|21
|
|t:|1647831273
|move|p1a: Dragapult|Phantom Force|p2a: Aquarius|[from]lockedmove
|-damage|p2a: Aquarius|0 fnt
|faint|p2a: Aquarius
|
|upkeep
|
|t:|1647831286
|switch|p2a: Fornacis|Heatran, M|100/100
|-damage|p2a: Fornacis|88/100|[from] Stealth Rock
|turn|22
|
|t:|1647831290
|move|p1a: Dragapult|Phantom Force||[still]
|-prepare|p1a: Dragapult|Phantom Force
|move|p2a: Fornacis|Nature Power|p1a: Dragapult|[miss]
|-miss|p2a: Fornacis|p1a: Dragapult
|
|upkeep
|turn|23
|
|t:|1647831295
|move|p1a: Dragapult|Phantom Force|p2a: Fornacis|[from]lockedmove
|-damage|p2a: Fornacis|16/100
|move|p2a: Fornacis|Nature Power|p1a: Dragapult
|move|p2a: Fornacis|Moonblast|p1a: Dragapult|[from]move: Nature Power
|-supereffective|p1a: Dragapult
|-crit|p1a: Dragapult
|-damage|p1a: Dragapult|0 fnt
|faint|p1a: Dragapult
|
|upkeep
|
|t:|1647831300
|switch|p1a: Melmetal|Melmetal, shiny|76/100
|turn|24
|
|t:|1647831323
|switch|p2a: Australis|Tapu Koko|35/100
|-fieldstart|move: Electric Terrain|[from] ability: Electric Surge|[of] p2a: Australis
|move|p1a: Melmetal|Double Iron Bash|p2a: Australis
|-damage|p2a: Australis|0 fnt
|faint|p2a: Australis
|-hitcount|p2: Australis|1
|
|upkeep
|
|t:|1647831332
|switch|p2a: Fornacis|Heatran, M|16/100
|-damage|p2a: Fornacis|3/100|[from] Stealth Rock
|turn|25
|
|t:|1647831338
|switch|p1a: Regieleki|Regieleki, shiny|100/100
|move|p2a: Fornacis|Overheat|p1a: Regieleki
|-damage|p1a: Regieleki|0 fnt
|-unboost|p2a: Fornacis|spa|2
|faint|p1a: Regieleki
|
|upkeep
|
|t:|1647831340
|switch|p1a: Melmetal|Melmetal, shiny|76/100
|turn|26
|
|t:|1647831344
|move|p2a: Fornacis|Overheat|p1a: Melmetal
|-supereffective|p1a: Melmetal
|-damage|p1a: Melmetal|30/100
|-unboost|p2a: Fornacis|spa|2
|move|p1a: Melmetal|Earthquake|p2a: Fornacis
|-supereffective|p2a: Fornacis
|-damage|p2a: Fornacis|0 fnt
|faint|p2a: Fornacis
|
|upkeep
|
|t:|1647831350
|switch|p2a: Perseus|Rillaboom, F|23/100
|-damage|p2a: Perseus|11/100|[from] Stealth Rock
|-fieldstart|move: Grassy Terrain|[from] ability: Grassy Surge|[of] p2a: Perseus
|turn|27
|
|t:|1647831394
|move|p2a: Perseus|Wood Hammer|p1a: Melmetal
|-resisted|p1a: Melmetal
|-damage|p1a: Melmetal|0 fnt
|faint|p1a: Melmetal
|-damage|p2a: Perseus|0 fnt|[from] Recoil
|faint|p2a: Perseus
|
|win|Polyzon
|raw|Arcangel666's rating: 1528 &rarr; <strong>1505</strong><br />(-23 for losing)
|raw|Polyzon's rating: 1478 &rarr; <strong>1501</strong><br />(+23 for winning)
|l|☆Arcangel666
|c|☆Polyzon|gg man
