|raw|<div class="broadcast-blue"><strong>This battle is required to be public due to a player having a name starting with 'lt91bb'.</div>
|j|☆LT91BB MDB2
|j|☆LT91BB animefan
|t:|1659564494
|gametype|singles
|player|p1|LT91BB MDB2|1|2103
|player|p2|LT91BB animefan|265|2079
|teamsize|p1|6
|teamsize|p2|6
|gen|8
|tier|[Gen 8] OU
|rated|
|rule|Sleep Clause Mod: Limit one foe put to sleep
|rule|Species Clause: Limit one of each Pokémon
|rule|OHKO Clause: OHKO moves are banned
|rule|Evasion Moves Clause: Evasion moves are banned
|rule|Endless Battle Clause: Forcing endless battles is banned
|rule|HP Percentage Mod: HP is shown in percentages
|rule|Dynamax Clause: You cannot dynamax
|clearpoke
|poke|p1|Hippowdon, M|
|poke|p1|Corviknight, M|
|poke|p1|Toxapex, F|
|poke|p1|Clefable, M|
|poke|p1|Tornadus-Therian, M|
|poke|p1|Blissey, F|
|poke|p2|Cresselia, F|
|poke|p2|Clefable, M|
|poke|p2|Quagsire, M|
|poke|p2|Skarmory, F|
|poke|p2|Zapdos|
|poke|p2|Toxapex, F|
|teampreview
|inactive|Battle timer is ON: inactive players will automatically lose when time's up. (requested by LT91BB animefan)
|
|t:|1659564516
|start
|switch|p1a: Toxapex|Toxapex, F|100/100
|switch|p2a: Toxapex|Toxapex, F|100/100
|turn|1
|j| irgendwasmitmeeem
|
|t:|1659564519
|move|p2a: Toxapex|Knock Off|p1a: Toxapex
|-damage|p1a: Toxapex|92/100
|-enditem|p1a: Toxapex|Shed Shell|[from] move: Knock Off|[of] p2a: Toxapex
|move|p1a: Toxapex|Knock Off|p2a: Toxapex
|-damage|p2a: Toxapex|87/100
|-enditem|p2a: Toxapex|Shed Shell|[from] move: Knock Off|[of] p1a: Toxapex
|
|upkeep
|turn|2
|
|t:|1659564529
|switch|p1a: Tornadus|Tornadus-Therian, M, shiny|100/100
|move|p2a: Toxapex|Toxic Spikes|p1a: Tornadus
|-sidestart|p1: LT91BB MDB2|move: Toxic Spikes
|
|upkeep
|turn|3
|j| Wicket Ticket
|
|t:|1659564535
|move|p1a: Tornadus|Nasty Plot|p1a: Tornadus
|-boost|p1a: Tornadus|spa|2
|move|p2a: Toxapex|Knock Off|p1a: Tornadus
|-damage|p1a: Tornadus|86/100
|-enditem|p1a: Tornadus|Heavy-Duty Boots|[from] move: Knock Off|[of] p2a: Toxapex
|
|upkeep
|turn|4
|
|t:|1659564538
|move|p1a: Tornadus|Hurricane|p2a: Toxapex
|-damage|p2a: Toxapex|38/100
|-start|p2a: Toxapex|confusion
|-activate|p2a: Toxapex|confusion
|move|p2a: Toxapex|Haze|p2a: Toxapex
|-clearallboost
|
|upkeep
|turn|5
|
|t:|1659564547
|switch|p2a: Zapdos|Zapdos|100/100
|-ability|p2a: Zapdos|Pressure
|move|p1a: Tornadus|Nasty Plot|p1a: Tornadus
|-boost|p1a: Tornadus|spa|2
|
|upkeep
|turn|6
|j| terrastallize
|j| gen 3 OFOV
|
|t:|1659564550
|move|p1a: Tornadus|Sludge Bomb|p2a: Zapdos
|-damage|p2a: Zapdos|65/100
|move|p2a: Zapdos|Volt Switch|p1a: Tornadus
|-supereffective|p1a: Tornadus
|-crit|p1a: Tornadus
|-damage|p1a: Tornadus|0 fnt
|faint|p1a: Tornadus
|j| misterioussaint
|j| fluffeluff
|j| gen5malk
|j| horsehunter
|
|t:|1659564553
|switch|p2a: Toxapex|Toxapex, F|71/100|[from]move: Volt Switch
|
|upkeep
|j| LT91BB Ox
|j| Skip The Drip
|j| Foutaise.1
|j| Fire and wrath
|j| LT91BB Punny
|j| LT91BB Tace
|j| RNN YasuKe
|
|t:|1659564561
|switch|p1a: Toxapex|Toxapex, F|100/100
|-sideend|p1: LT91BB MDB2|move: Toxic Spikes|[of] p1a: Toxapex
|turn|7
|j| Referrals
|
|t:|1659564570
|switch|p1a: Hippowdon|Hippowdon, M|100/100
|-weather|Sandstorm|[from] ability: Sand Stream|[of] p1a: Hippowdon
|move|p2a: Toxapex|Toxic Spikes|p1a: Hippowdon
|-sidestart|p1: LT91BB MDB2|move: Toxic Spikes
|
|-weather|Sandstorm|[upkeep]
|-damage|p2a: Toxapex|65/100|[from] Sandstorm
|upkeep
|turn|8
|j| H.M.N.I.P
|l| gen 3 OFOV
|j| KFC Chizza
|
|t:|1659564578
|switch|p1a: Toxapex|Toxapex, F|100/100
|-sideend|p1: LT91BB MDB2|move: Toxic Spikes|[of] p1a: Toxapex
|switch|p2a: Clefable|Clefable, M|100/100
|
|-weather|Sandstorm|[upkeep]
|-damage|p1a: Toxapex|95/100|[from] Sandstorm
|upkeep
|turn|9
|j| Master 8 leon
|j| r56k453
|
|t:|1659564582
|switch|p1a: Hippowdon|Hippowdon, M|100/100
|move|p2a: Clefable|Stealth Rock|p1a: Hippowdon
|-sidestart|p1: LT91BB MDB2|move: Stealth Rock
|
|-weather|Sandstorm|[upkeep]
|upkeep
|turn|10
|
|t:|1659564586
|switch|p2a: Zapdos|Zapdos|65/100
|-ability|p2a: Zapdos|Pressure
|move|p1a: Hippowdon|Stealth Rock|p2a: Zapdos
|-sidestart|p2: LT91BB animefan|move: Stealth Rock
|
|-weather|Sandstorm|[upkeep]
|-damage|p2a: Zapdos|59/100|[from] Sandstorm
|upkeep
|turn|11
|
|t:|1659564590
|switch|p2a: Skarmory|Skarmory, F|100/100
|-damage|p2a: Skarmory|88/100|[from] Stealth Rock
|move|p1a: Hippowdon|Toxic|p2a: Skarmory
|-immune|p2a: Skarmory
|
|-weather|none
|upkeep
|turn|12
|
|t:|1659564593
|switch|p1a: Toxapex|Toxapex, F|100/100
|-damage|p1a: Toxapex|88/100|[from] Stealth Rock
|move|p2a: Skarmory|Spikes|p1a: Toxapex
|-sidestart|p1: LT91BB MDB2|Spikes
|
|upkeep
|turn|13
|
|t:|1659564597
|switch|p2a: Toxapex|Toxapex, F|99/100
|-damage|p2a: Toxapex|86/100|[from] Stealth Rock
|switch|p1a: Hippowdon|Hippowdon, M|100/100
|-damage|p1a: Hippowdon|94/100|[from] Stealth Rock
|-damage|p1a: Hippowdon|82/100|[from] Spikes
|-weather|Sandstorm|[from] ability: Sand Stream|[of] p1a: Hippowdon
|
|-weather|Sandstorm|[upkeep]
|-damage|p2a: Toxapex|80/100|[from] Sandstorm
|-heal|p1a: Hippowdon|88/100|[from] item: Leftovers
|upkeep
|turn|14
|
|t:|1659564600
|switch|p1a: Toxapex|Toxapex, F|100/100
|-damage|p1a: Toxapex|88/100|[from] Stealth Rock
|-damage|p1a: Toxapex|76/100|[from] Spikes
|move|p2a: Toxapex|Knock Off|p1a: Toxapex
|-damage|p1a: Toxapex|70/100
|
|-weather|Sandstorm|[upkeep]
|-damage|p2a: Toxapex|74/100|[from] Sandstorm
|-damage|p1a: Toxapex|64/100|[from] Sandstorm
|upkeep
|turn|15
|j| winterfield
|j| Sificon~
|
|t:|1659564606
|switch|p1a: Corviknight|Corviknight, M|100/100
|-damage|p1a: Corviknight|88/100|[from] Stealth Rock
|-ability|p1a: Corviknight|Pressure
|move|p2a: Toxapex|Knock Off|p1a: Corviknight
|-damage|p1a: Corviknight|79/100
|-enditem|p1a: Corviknight|Leftovers|[from] move: Knock Off|[of] p2a: Toxapex
|
|-weather|Sandstorm|[upkeep]
|-damage|p2a: Toxapex|68/100|[from] Sandstorm
|upkeep
|turn|16
|j| saapokx
|
|t:|1659564613
|switch|p1a: Toxapex|Toxapex, F|97/100
|-damage|p1a: Toxapex|85/100|[from] Stealth Rock
|-damage|p1a: Toxapex|73/100|[from] Spikes
|switch|p2a: Clefable|Clefable, M|100/100
|
|-weather|Sandstorm|[upkeep]
|-damage|p1a: Toxapex|67/100|[from] Sandstorm
|upkeep
|turn|17
|
|t:|1659564618
|switch|p2a: Toxapex|Toxapex, F|100/100
|-damage|p2a: Toxapex|88/100|[from] Stealth Rock
|move|p1a: Toxapex|Knock Off|p2a: Toxapex
|-damage|p2a: Toxapex|80/100
|
|-weather|none
|upkeep
|turn|18
|
|t:|1659564621
|move|p2a: Toxapex|Haze|p2a: Toxapex
|-clearallboost
|move|p1a: Toxapex|Light Screen|p1a: Toxapex
|-sidestart|p1: LT91BB MDB2|move: Light Screen
|
|upkeep
|turn|19
|
|t:|1659564624
|move|p2a: Toxapex|Haze|p2a: Toxapex
|-clearallboost
|move|p1a: Toxapex|Light Screen||[still]
|-fail|p1a: Toxapex
|
|upkeep
|turn|20
|
|t:|1659564628
|move|p2a: Toxapex|Haze|p2a: Toxapex
|-clearallboost
|move|p1a: Toxapex|Light Screen||[still]
|-fail|p1a: Toxapex
|
|upkeep
|turn|21
|
|t:|1659564631
|move|p2a: Toxapex|Haze|p2a: Toxapex
|-clearallboost
|move|p1a: Toxapex|Light Screen||[still]
|-fail|p1a: Toxapex
|
|upkeep
|turn|22
|
|t:|1659564638
|switch|p2a: Clefable|Clefable, M|100/100
|move|p1a: Toxapex|Light Screen||[still]
|-fail|p1a: Toxapex
|
|-sideend|p1: LT91BB MDB2|move: Light Screen
|upkeep
|turn|23
|j| 070 $HAKE
|
|t:|1659564642
|switch|p2a: Toxapex|Toxapex, F|100/100
|-damage|p2a: Toxapex|88/100|[from] Stealth Rock
|switch|p1a: Clefable|Clefable, M|100/100
|
|upkeep
|turn|24
|
|t:|1659564646
|switch|p1a: Toxapex|Toxapex, F|99/100
|-damage|p1a: Toxapex|88/100|[from] Stealth Rock
|-damage|p1a: Toxapex|76/100|[from] Spikes
|switch|p2a: Zapdos|Zapdos|59/100
|-ability|p2a: Zapdos|Pressure
|
|upkeep
|turn|25
|l| KFC Chizza
|j| gen 3 OFOV
|
|t:|1659564650
|move|p2a: Zapdos|Toxic|p1a: Toxapex
|-immune|p1a: Toxapex
|move|p1a: Toxapex|Knock Off|p2a: Zapdos
|-damage|p2a: Zapdos|46/100
|-enditem|p2a: Zapdos|Heavy-Duty Boots|[from] move: Knock Off|[of] p1a: Toxapex
|
|upkeep
|turn|26
|j| xavgb
|c|☆LT91BB animefan|er
|j| lt91bb mind
|c|☆LT91BB animefan|i goofed
|
|t:|1659564661
|move|p2a: Zapdos|Roost|p2a: Zapdos
|-heal|p2a: Zapdos|96/100
|-singleturn|p2a: Zapdos|move: Roost
|move|p1a: Toxapex|Toxic|p2a: Zapdos
|-status|p2a: Zapdos|tox
|
|-damage|p2a: Zapdos|90/100 tox|[from] psn
|upkeep
|turn|27
|
|t:|1659564664
|switch|p1a: Hippowdon|Hippowdon, M|88/100
|-damage|p1a: Hippowdon|82/100|[from] Stealth Rock
|-damage|p1a: Hippowdon|70/100|[from] Spikes
|-weather|Sandstorm|[from] ability: Sand Stream|[of] p1a: Hippowdon
|move|p2a: Zapdos|Volt Switch|p1a: Hippowdon
|-immune|p1a: Hippowdon
|
|-weather|Sandstorm|[upkeep]
|-damage|p2a: Zapdos|84/100 tox|[from] Sandstorm
|-heal|p1a: Hippowdon|76/100|[from] item: Leftovers
|-damage|p2a: Zapdos|72/100 tox|[from] psn
|upkeep
|turn|28
|
|t:|1659564669
|move|p2a: Zapdos|Volt Switch|p1a: Hippowdon
|-immune|p1a: Hippowdon
|move|p1a: Hippowdon|Slack Off|p1a: Hippowdon
|-heal|p1a: Hippowdon|100/100
|
|-weather|Sandstorm|[upkeep]
|-damage|p2a: Zapdos|66/100 tox|[from] Sandstorm
|-damage|p2a: Zapdos|48/100 tox|[from] psn
|upkeep
|turn|29
|
|t:|1659564674
|switch|p2a: Clefable|Clefable, M|100/100
|move|p1a: Hippowdon|Earthquake|p2a: Clefable
|-damage|p2a: Clefable|71/100
|
|-weather|Sandstorm|[upkeep]
|upkeep
|turn|30
|j| Skyrio
|
|t:|1659564678
|switch|p2a: Toxapex|Toxapex, F|100/100
|-damage|p2a: Toxapex|88/100|[from] Stealth Rock
|switch|p1a: Toxapex|Toxapex, F|100/100
|-damage|p1a: Toxapex|88/100|[from] Stealth Rock
|-damage|p1a: Toxapex|76/100|[from] Spikes
|
|-weather|Sandstorm|[upkeep]
|-damage|p2a: Toxapex|82/100|[from] Sandstorm
|-damage|p1a: Toxapex|70/100|[from] Sandstorm
|upkeep
|turn|31
|
|t:|1659564685
|switch|p2a: Clefable|Clefable, M|71/100
|move|p1a: Toxapex|Light Screen|p1a: Toxapex
|-sidestart|p1: LT91BB MDB2|move: Light Screen
|
|-weather|none
|upkeep
|turn|32
|
|t:|1659564690
|switch|p2a: Toxapex|Toxapex, F|100/100
|-damage|p2a: Toxapex|88/100|[from] Stealth Rock
|switch|p1a: Hippowdon|Hippowdon, M|100/100
|-damage|p1a: Hippowdon|94/100|[from] Stealth Rock
|-damage|p1a: Hippowdon|82/100|[from] Spikes
|-weather|Sandstorm|[from] ability: Sand Stream|[of] p1a: Hippowdon
|
|-weather|Sandstorm|[upkeep]
|-damage|p2a: Toxapex|82/100|[from] Sandstorm
|-heal|p1a: Hippowdon|88/100|[from] item: Leftovers
|upkeep
|turn|33
|
|t:|1659564694
|switch|p1a: Toxapex|Toxapex, F|100/100
|-damage|p1a: Toxapex|88/100|[from] Stealth Rock
|-damage|p1a: Toxapex|76/100|[from] Spikes
|switch|p2a: Quagsire|Quagsire, M|100/100
|-damage|p2a: Quagsire|94/100|[from] Stealth Rock
|
|-weather|Sandstorm|[upkeep]
|-damage|p1a: Toxapex|70/100|[from] Sandstorm
|-heal|p2a: Quagsire|100/100|[from] item: Leftovers
|upkeep
|turn|34
|j| Zeno420
|j| Trannos
|l| Sificon~
|
|t:|1659564698
|switch|p2a: Toxapex|Toxapex, F|100/100
|-damage|p2a: Toxapex|88/100|[from] Stealth Rock
|move|p1a: Toxapex|Knock Off|p2a: Toxapex
|-damage|p2a: Toxapex|80/100
|
|-weather|Sandstorm|[upkeep]
|-damage|p2a: Toxapex|74/100|[from] Sandstorm
|-damage|p1a: Toxapex|64/100|[from] Sandstorm
|upkeep
|turn|35
|
|t:|1659564701
|move|p2a: Toxapex|Haze|p2a: Toxapex
|-clearallboost
|move|p1a: Toxapex|Knock Off|p2a: Toxapex
|-damage|p2a: Toxapex|66/100
|
|-weather|Sandstorm|[upkeep]
|-damage|p2a: Toxapex|60/100|[from] Sandstorm
|-damage|p1a: Toxapex|58/100|[from] Sandstorm
|-sideend|p1: LT91BB MDB2|move: Light Screen
|upkeep
|turn|36
|
|t:|1659564705
|move|p2a: Toxapex|Knock Off|p1a: Toxapex
|-damage|p1a: Toxapex|52/100
|move|p1a: Toxapex|Knock Off|p2a: Toxapex
|-damage|p2a: Toxapex|52/100
|
|-weather|none
|upkeep
|turn|37
|
|t:|1659564707
|move|p2a: Toxapex|Haze|p2a: Toxapex
|-clearallboost
|move|p1a: Toxapex|Light Screen|p1a: Toxapex
|-sidestart|p1: LT91BB MDB2|move: Light Screen
|
|upkeep
|turn|38
|j| qxfn143
|j| Ren
|
|t:|1659564711
|move|p2a: Toxapex|Recover|p2a: Toxapex
|-heal|p2a: Toxapex|100/100
|move|p1a: Toxapex|Light Screen||[still]
|-fail|p1a: Toxapex
|
|upkeep
|turn|39
|j| sdiubfgadfig
|
|t:|1659564714
|move|p2a: Toxapex|Haze|p2a: Toxapex
|-clearallboost
|move|p1a: Toxapex|Knock Off|p2a: Toxapex
|-damage|p2a: Toxapex|92/100
|
|upkeep
|turn|40
|
|t:|1659564717
|move|p2a: Toxapex|Haze|p2a: Toxapex
|-clearallboost
|move|p1a: Toxapex|Knock Off|p2a: Toxapex
|-damage|p2a: Toxapex|84/100
|
|upkeep
|turn|41
|
|t:|1659564724
|move|p2a: Toxapex|Haze|p2a: Toxapex
|-clearallboost
|move|p1a: Toxapex|Knock Off|p2a: Toxapex
|-damage|p2a: Toxapex|75/100
|
|-sideend|p1: LT91BB MDB2|move: Light Screen
|upkeep
|turn|42
|
|t:|1659564726
|move|p2a: Toxapex|Haze|p2a: Toxapex
|-clearallboost
|move|p1a: Toxapex|Light Screen|p1a: Toxapex
|-sidestart|p1: LT91BB MDB2|move: Light Screen
|
|upkeep
|turn|43
|
|t:|1659564730
|switch|p1a: Corviknight|Corviknight, M|79/100
|-damage|p1a: Corviknight|66/100|[from] Stealth Rock
|-ability|p1a: Corviknight|Pressure
|move|p2a: Toxapex|Haze|p2a: Toxapex
|-clearallboost
|
|upkeep
|turn|44
|
|t:|1659564734
|switch|p2a: Clefable|Clefable, M|71/100
|move|p1a: Corviknight|Body Press|p2a: Clefable
|-resisted|p2a: Clefable
|-damage|p2a: Clefable|61/100
|
|-damage|p1a: Corviknight|54/100|[from] item: Sticky Barb
|upkeep
|turn|45
|
|t:|1659564741
|move|p1a: Corviknight|Roost|p1a: Corviknight
|-heal|p1a: Corviknight|100/100
|-singleturn|p1a: Corviknight|move: Roost
|move|p2a: Clefable|Soft-Boiled|p2a: Clefable
|-heal|p2a: Clefable|100/100
|
|-damage|p1a: Corviknight|88/100|[from] item: Sticky Barb
|upkeep
|turn|46
|
|t:|1659564745
|switch|p1a: Toxapex|Toxapex, F|85/100
|-damage|p1a: Toxapex|73/100|[from] Stealth Rock
|-damage|p1a: Toxapex|61/100|[from] Spikes
|move|p2a: Clefable|Heal Bell|p2a: Clefable
|-activate|p2a: Clefable|move: Heal Bell
|-curestatus|p2: Zapdos|tox|[msg]
|
|-sideend|p1: LT91BB MDB2|move: Light Screen
|upkeep
|turn|47
|j| erikvidas
|j| LT91BB Storm
|
|t:|1659564751
|switch|p2a: Toxapex|Toxapex, F|100/100
|-damage|p2a: Toxapex|88/100|[from] Stealth Rock
|move|p1a: Toxapex|Light Screen|p1a: Toxapex
|-sidestart|p1: LT91BB MDB2|move: Light Screen
|
|upkeep
|turn|48
|l| qxfn143
|j| nodragondanceinrb
|j| Kate
|
|t:|1659564769
|switch|p2a: Clefable|Clefable, M|100/100
|switch|p1a: Hippowdon|Hippowdon, M|88/100
|-damage|p1a: Hippowdon|82/100|[from] Stealth Rock
|-damage|p1a: Hippowdon|70/100|[from] Spikes
|-weather|Sandstorm|[from] ability: Sand Stream|[of] p1a: Hippowdon
|
|-weather|Sandstorm|[upkeep]
|-heal|p1a: Hippowdon|76/100|[from] item: Leftovers
|upkeep
|turn|49
|
|t:|1659564775
|switch|p2a: Skarmory|Skarmory, F|88/100
|-damage|p2a: Skarmory|76/100|[from] Stealth Rock
|move|p1a: Hippowdon|Stealth Rock||[still]
|-fail|p1a: Hippowdon
|
|-weather|Sandstorm|[upkeep]
|-heal|p1a: Hippowdon|82/100|[from] item: Leftovers
|upkeep
|turn|50
|l| nodragondanceinrb
|
|t:|1659564781
|switch|p1a: Clefable|Clefable, M|100/100
|move|p2a: Skarmory|Spikes|p1a: Clefable
|-sidestart|p1: LT91BB MDB2|Spikes
|
|-weather|Sandstorm|[upkeep]
|-damage|p1a: Clefable|94/100|[from] Sandstorm
|upkeep
|turn|51
|
|t:|1659564784
|move|p2a: Skarmory|Toxic|p1a: Clefable
|-status|p1a: Clefable|tox
|move|p1a: Clefable|Moonblast|p2a: Skarmory
|-resisted|p2a: Skarmory
|-crit|p2a: Skarmory
|-damage|p2a: Skarmory|45/100
|
|-weather|Sandstorm|[upkeep]
|-damage|p1a: Clefable|88/100 tox|[from] Sandstorm
|-damage|p1a: Clefable|82/100 tox|[from] psn
|-sideend|p1: LT91BB MDB2|move: Light Screen
|upkeep
|turn|52
|
|t:|1659564790
|switch|p2a: Toxapex|Toxapex, F|100/100
|-damage|p2a: Toxapex|88/100|[from] Stealth Rock
|move|p1a: Clefable|Flamethrower|p2a: Toxapex
|-resisted|p2a: Toxapex
|-damage|p2a: Toxapex|82/100
|
|-weather|none
|-damage|p1a: Clefable|70/100 tox|[from] psn
|upkeep
|turn|53
|
|t:|1659564796
|switch|p1a: Corviknight|Corviknight, M|88/100
|-damage|p1a: Corviknight|75/100|[from] Stealth Rock
|-ability|p1a: Corviknight|Pressure
|switch|p2a: Clefable|Clefable, M|100/100
|
|-damage|p1a: Corviknight|63/100|[from] item: Sticky Barb
|upkeep
|turn|54
|j| LT91BB Lou
|
|t:|1659564803
|move|p1a: Corviknight|Roost|p1a: Corviknight
|-heal|p1a: Corviknight|100/100
|-singleturn|p1a: Corviknight|move: Roost
|move|p2a: Clefable|Moonblast|p1a: Corviknight
|-resisted|p1a: Corviknight
|-damage|p1a: Corviknight|87/100
|-unboost|p1a: Corviknight|spa|1
|
|-damage|p1a: Corviknight|74/100|[from] item: Sticky Barb
|upkeep
|turn|55
|j| zhanikov
|
|t:|1659564807
|switch|p1a: Blissey|Blissey, F|100/100
|move|p2a: Clefable|Moonblast|p1a: Blissey
|-damage|p1a: Blissey|89/100
|
|upkeep
|turn|56
|j| 56kurumaisu
|
|t:|1659564814
|switch|p2a: Toxapex|Toxapex, F|100/100
|-damage|p2a: Toxapex|88/100|[from] Stealth Rock
|move|p1a: Blissey|Seismic Toss|p2a: Toxapex
|-damage|p2a: Toxapex|55/100
|
|upkeep
|turn|57
|
|t:|1659564820
|switch|p2a: Quagsire|Quagsire, M|100/100
|-damage|p2a: Quagsire|94/100|[from] Stealth Rock
|move|p1a: Blissey|Seismic Toss|p2a: Quagsire
|-damage|p2a: Quagsire|69/100
|
|-heal|p2a: Quagsire|75/100|[from] item: Leftovers
|upkeep
|turn|58
|
|t:|1659564824
|switch|p2a: Toxapex|Toxapex, F|89/100
|-damage|p2a: Toxapex|76/100|[from] Stealth Rock
|move|p1a: Blissey|Seismic Toss|p2a: Toxapex
|-damage|p2a: Toxapex|43/100
|
|upkeep
|turn|59
|j| Plasmeek
|j| CB Bhris Breezy
|
|t:|1659564826
|move|p1a: Blissey|Seismic Toss|p2a: Toxapex
|-damage|p2a: Toxapex|10/100
|move|p2a: Toxapex|Recover|p2a: Toxapex
|-heal|p2a: Toxapex|61/100
|
|upkeep
|turn|60
|
|t:|1659564829
|move|p1a: Blissey|Seismic Toss|p2a: Toxapex
|-damage|p2a: Toxapex|28/100
|move|p2a: Toxapex|Knock Off|p1a: Blissey
|-damage|p1a: Blissey|77/100
|-enditem|p1a: Blissey|Heavy-Duty Boots|[from] move: Knock Off|[of] p2a: Toxapex
|
|upkeep
|turn|61
|
|t:|1659564834
|switch|p2a: Quagsire|Quagsire, M|75/100
|-damage|p2a: Quagsire|69/100|[from] Stealth Rock
|move|p1a: Blissey|Toxic|p2a: Quagsire
|-status|p2a: Quagsire|tox
|
|-heal|p2a: Quagsire|75/100 tox|[from] item: Leftovers
|-damage|p2a: Quagsire|69/100 tox|[from] psn
|upkeep
|turn|62
|
|t:|1659564839
|switch|p2a: Cresselia|Cresselia, F|100/100
|-damage|p2a: Cresselia|88/100|[from] Stealth Rock
|move|p1a: Blissey|Seismic Toss|p2a: Cresselia
|-damage|p2a: Cresselia|65/100
|
|-heal|p2a: Cresselia|72/100|[from] item: Leftovers
|upkeep
|turn|63
|
|t:|1659564842
|move|p2a: Cresselia|Protect|p2a: Cresselia
|-singleturn|p2a: Cresselia|Protect
|move|p1a: Blissey|Heal Bell|p1a: Blissey
|-activate|p1a: Blissey|move: Heal Bell
|-curestatus|p1: Clefable|tox|[msg]
|
|-heal|p2a: Cresselia|78/100|[from] item: Leftovers
|upkeep
|turn|64
|j| nodragondanceinrb
|
|t:|1659564847
|move|p2a: Cresselia|Toxic|p1a: Blissey
|-status|p1a: Blissey|tox
|move|p1a: Blissey|Toxic|p2a: Cresselia
|-status|p2a: Cresselia|tox
|
|-heal|p2a: Cresselia|84/100 tox|[from] item: Leftovers
|-damage|p2a: Cresselia|78/100 tox|[from] psn
|-damage|p1a: Blissey|70/100 tox|[from] psn
|upkeep
|turn|65
|j| lt91bb star
|
|t:|1659564867
|switch|p2a: Toxapex|Toxapex, F|61/100
|-damage|p2a: Toxapex|49/100|[from] Stealth Rock
|-curestatus|p1a: Blissey|tox|[from] ability: Natural Cure
|switch|p1a: Clefable|Clefable, M|70/100
|
|upkeep
|turn|66
|
|t:|1659564874
|switch|p2a: Clefable|Clefable, M|100/100
|move|p1a: Clefable|Calm Mind|p1a: Clefable
|-boost|p1a: Clefable|spa|1
|-boost|p1a: Clefable|spd|1
|
|upkeep
|turn|67
|
|t:|1659564877
|switch|p2a: Toxapex|Toxapex, F|82/100
|-damage|p2a: Toxapex|70/100|[from] Stealth Rock
|move|p1a: Clefable|Moonblast|p2a: Toxapex
|-resisted|p2a: Toxapex
|-damage|p2a: Toxapex|55/100
|
|upkeep
|turn|68
|j| Zoraah
|
|t:|1659564882
|switch|p1a: Corviknight|Corviknight, M|74/100
|-damage|p1a: Corviknight|62/100|[from] Stealth Rock
|-ability|p1a: Corviknight|Pressure
|move|p2a: Toxapex|Recover|p2a: Toxapex
|-heal|p2a: Toxapex|100/100
|
|-damage|p1a: Corviknight|49/100|[from] item: Sticky Barb
|upkeep
|turn|69
|
|t:|1659564885
|switch|p2a: Clefable|Clefable, M|100/100
|move|p1a: Corviknight|Roost|p1a: Corviknight
|-heal|p1a: Corviknight|99/100
|-singleturn|p1a: Corviknight|move: Roost
|
|-damage|p1a: Corviknight|87/100|[from] item: Sticky Barb
|upkeep
|turn|70
|j| outz u
|
|t:|1659564888
|switch|p1a: Toxapex|Toxapex, F|94/100
|-damage|p1a: Toxapex|82/100|[from] Stealth Rock
|-damage|p1a: Toxapex|65/100|[from] Spikes
|move|p2a: Clefable|Heal Bell|p2a: Clefable
|-activate|p2a: Clefable|move: Heal Bell
|-curestatus|p2: Cresselia|tox|[msg]
|-curestatus|p2: Quagsire|tox|[msg]
|
|upkeep
|turn|71
|j| Heiwa June ☾
|
|t:|1659564893
|switch|p2a: Toxapex|Toxapex, F|100/100
|-damage|p2a: Toxapex|88/100|[from] Stealth Rock
|switch|p1a: Clefable|Clefable, M|70/100
|
|upkeep
|turn|72
|
|t:|1659564898
|switch|p2a: Clefable|Clefable, M|100/100
|move|p1a: Clefable|Moonblast|p2a: Clefable
|-damage|p2a: Clefable|69/100
|
|upkeep
|turn|73
|
|t:|1659564904
|switch|p2a: Toxapex|Toxapex, F|100/100
|-damage|p2a: Toxapex|88/100|[from] Stealth Rock
|move|p1a: Clefable|Calm Mind|p1a: Clefable
|-boost|p1a: Clefable|spa|1
|-boost|p1a: Clefable|spd|1
|
|upkeep
|turn|74
|
|t:|1659564908
|move|p1a: Clefable|Calm Mind|p1a: Clefable
|-boost|p1a: Clefable|spa|1
|-boost|p1a: Clefable|spd|1
|move|p2a: Toxapex|Toxic Spikes|p1a: Clefable
|-sidestart|p1: LT91BB MDB2|move: Toxic Spikes
|
|upkeep
|turn|75
|l| Heiwa June ☾
|j| LT91BB typical
|
|t:|1659564910
|move|p1a: Clefable|Calm Mind|p1a: Clefable
|-boost|p1a: Clefable|spa|1
|-boost|p1a: Clefable|spd|1
|move|p2a: Toxapex|Haze|p2a: Toxapex
|-clearallboost
|
|upkeep
|turn|76
|
|t:|1659564914
|switch|p1a: Corviknight|Corviknight, M|87/100
|-damage|p1a: Corviknight|74/100|[from] Stealth Rock
|-ability|p1a: Corviknight|Pressure
|switch|p2a: Clefable|Clefable, M|69/100
|
|-damage|p1a: Corviknight|62/100|[from] item: Sticky Barb
|upkeep
|turn|77
|j| LT91BB AYT
|j| Zirpurze
|
|t:|1659564934
|switch|p1a: Clefable|Clefable, M|70/100
|switch|p2a: Quagsire|Quagsire, M|69/100
|-damage|p2a: Quagsire|63/100|[from] Stealth Rock
|
|-heal|p2a: Quagsire|69/100|[from] item: Leftovers
|upkeep
|turn|78
|
|t:|1659564940
|move|p1a: Clefable|Moonblast|p2a: Quagsire
|-damage|p2a: Quagsire|37/100
|move|p2a: Quagsire|Recover|p2a: Quagsire
|-heal|p2a: Quagsire|87/100
|
|-heal|p2a: Quagsire|93/100|[from] item: Leftovers
|upkeep
|turn|79
|
|t:|1659564946
|switch|p1a: Toxapex|Toxapex, F|99/100
|-damage|p1a: Toxapex|86/100|[from] Stealth Rock
|-damage|p1a: Toxapex|70/100|[from] Spikes
|-sideend|p1: LT91BB MDB2|move: Toxic Spikes|[of] p1a: Toxapex
|move|p2a: Quagsire|Scald|p1a: Toxapex
|-resisted|p1a: Toxapex
|-damage|p1a: Toxapex|63/100
|
|-heal|p2a: Quagsire|99/100|[from] item: Leftovers
|upkeep
|turn|80
|
|t:|1659564951
|switch|p2a: Toxapex|Toxapex, F|100/100
|-damage|p2a: Toxapex|88/100|[from] Stealth Rock
|move|p1a: Toxapex|Knock Off|p2a: Toxapex
|-damage|p2a: Toxapex|80/100
|
|upkeep
|turn|81
|j| Curryisnotgood
|j| gvydvyuve
|
|t:|1659564955
|switch|p2a: Clefable|Clefable, M|69/100
|switch|p1a: Clefable|Clefable, M|70/100
|
|upkeep
|turn|82
|
|t:|1659564960
|switch|p2a: Toxapex|Toxapex, F|100/100
|-damage|p2a: Toxapex|88/100|[from] Stealth Rock
|move|p1a: Clefable|Flamethrower|p2a: Toxapex
|-resisted|p2a: Toxapex
|-damage|p2a: Toxapex|82/100
|
|upkeep
|turn|83
|
|t:|1659564963
|switch|p2a: Quagsire|Quagsire, M|99/100
|-damage|p2a: Quagsire|93/100|[from] Stealth Rock
|move|p1a: Clefable|Flamethrower|p2a: Quagsire
|-resisted|p2a: Quagsire
|-damage|p2a: Quagsire|82/100
|
|-heal|p2a: Quagsire|88/100|[from] item: Leftovers
|upkeep
|turn|84
|l| Wicket Ticket
|
|t:|1659564969
|switch|p1a: Toxapex|Toxapex, F|96/100
|-damage|p1a: Toxapex|84/100|[from] Stealth Rock
|-damage|p1a: Toxapex|67/100|[from] Spikes
|move|p2a: Quagsire|Scald|p1a: Toxapex
|-resisted|p1a: Toxapex
|-damage|p1a: Toxapex|61/100
|
|-heal|p2a: Quagsire|94/100|[from] item: Leftovers
|upkeep
|turn|85
|
|t:|1659564974
|switch|p2a: Clefable|Clefable, M|69/100
|switch|p1a: Clefable|Clefable, M|70/100
|
|upkeep
|turn|86
|j| SubmergedWater
|
|t:|1659564978
|switch|p2a: Toxapex|Toxapex, F|100/100
|-damage|p2a: Toxapex|88/100|[from] Stealth Rock
|move|p1a: Clefable|Flamethrower|p2a: Toxapex
|-resisted|p2a: Toxapex
|-damage|p2a: Toxapex|82/100
|
|upkeep
|turn|87
|j| abab rhyme
|
|t:|1659564983
|switch|p1a: Toxapex|Toxapex, F|94/100
|-damage|p1a: Toxapex|82/100|[from] Stealth Rock
|-damage|p1a: Toxapex|65/100|[from] Spikes
|switch|p2a: Quagsire|Quagsire, M|94/100
|-damage|p2a: Quagsire|88/100|[from] Stealth Rock
|
|-heal|p2a: Quagsire|94/100|[from] item: Leftovers
|upkeep
|turn|88
|j| HiroZ
|
|t:|1659564990
|switch|p1a: Clefable|Clefable, M|70/100
|switch|p2a: Toxapex|Toxapex, F|100/100
|-damage|p2a: Toxapex|88/100|[from] Stealth Rock
|
|upkeep
|turn|89
|
|t:|1659564995
|switch|p1a: Toxapex|Toxapex, F|99/100
|-damage|p1a: Toxapex|86/100|[from] Stealth Rock
|-damage|p1a: Toxapex|70/100|[from] Spikes
|switch|p2a: Quagsire|Quagsire, M|94/100
|-damage|p2a: Quagsire|88/100|[from] Stealth Rock
|
|-heal|p2a: Quagsire|94/100|[from] item: Leftovers
|upkeep
|turn|90
|
|t:|1659564999
|switch|p2a: Zapdos|Zapdos|48/100
|-damage|p2a: Zapdos|23/100|[from] Stealth Rock
|-ability|p2a: Zapdos|Pressure
|switch|p1a: Clefable|Clefable, M|70/100
|
|upkeep
|turn|91
|
|t:|1659565007
|switch|p1a: Hippowdon|Hippowdon, M|82/100
|-damage|p1a: Hippowdon|76/100|[from] Stealth Rock
|-damage|p1a: Hippowdon|59/100|[from] Spikes
|-weather|Sandstorm|[from] ability: Sand Stream|[of] p1a: Hippowdon
|move|p2a: Zapdos|Roost|p2a: Zapdos
|-heal|p2a: Zapdos|73/100
|-singleturn|p2a: Zapdos|move: Roost
|
|-weather|Sandstorm|[upkeep]
|-damage|p2a: Zapdos|67/100|[from] Sandstorm
|-heal|p1a: Hippowdon|65/100|[from] item: Leftovers
|upkeep
|turn|92
|l| Trannos
|l| misterioussaint
|
|t:|1659565011
|switch|p2a: Skarmory|Skarmory, F|45/100
|-damage|p2a: Skarmory|32/100|[from] Stealth Rock
|move|p1a: Hippowdon|Toxic|p2a: Skarmory
|-immune|p2a: Skarmory
|
|-weather|Sandstorm|[upkeep]
|-heal|p1a: Hippowdon|71/100|[from] item: Leftovers
|upkeep
|turn|93
|
|t:|1659565014
|move|p2a: Skarmory|Toxic|p1a: Hippowdon|[miss]
|-miss|p2a: Skarmory|p1a: Hippowdon
|move|p1a: Hippowdon|Earthquake|p2a: Skarmory
|-immune|p2a: Skarmory
|
|-weather|Sandstorm|[upkeep]
|-heal|p1a: Hippowdon|78/100|[from] item: Leftovers
|upkeep
|turn|94
|
|t:|1659565020
|switch|p1a: Clefable|Clefable, M|70/100
|move|p2a: Skarmory|Roost|p2a: Skarmory
|-heal|p2a: Skarmory|82/100
|-singleturn|p2a: Skarmory|move: Roost
|
|-weather|Sandstorm|[upkeep]
|-damage|p1a: Clefable|64/100|[from] Sandstorm
|upkeep
|turn|95
|j| ItJustSamX
|
|t:|1659565025
|switch|p2a: Toxapex|Toxapex, F|100/100
|-damage|p2a: Toxapex|88/100|[from] Stealth Rock
|move|p1a: Clefable|Soft-Boiled|p1a: Clefable
|-heal|p1a: Clefable|100/100
|
|-weather|none
|upkeep
|turn|96
|
|t:|1659565030
|switch|p1a: Toxapex|Toxapex, F|100/100
|-damage|p1a: Toxapex|88/100|[from] Stealth Rock
|-damage|p1a: Toxapex|72/100|[from] Spikes
|switch|p2a: Quagsire|Quagsire, M|94/100
|-damage|p2a: Quagsire|88/100|[from] Stealth Rock
|
|-heal|p2a: Quagsire|94/100|[from] item: Leftovers
|upkeep
|turn|97
|
|t:|1659565034
|switch|p2a: Toxapex|Toxapex, F|100/100
|-damage|p2a: Toxapex|88/100|[from] Stealth Rock
|switch|p1a: Clefable|Clefable, M|100/100
|
|upkeep
|turn|98
|
|t:|1659565038
|switch|p1a: Toxapex|Toxapex, F|100/100
|-damage|p1a: Toxapex|88/100|[from] Stealth Rock
|-damage|p1a: Toxapex|72/100|[from] Spikes
|switch|p2a: Quagsire|Quagsire, M|94/100
|-damage|p2a: Quagsire|88/100|[from] Stealth Rock
|
|-heal|p2a: Quagsire|94/100|[from] item: Leftovers
|upkeep
|turn|99
|
|t:|1659565040
|switch|p2a: Clefable|Clefable, M|69/100
|switch|p1a: Clefable|Clefable, M|100/100
|
|upkeep
|turn|100
|
|t:|1659565043
|switch|p2a: Toxapex|Toxapex, F|100/100
|-damage|p2a: Toxapex|88/100|[from] Stealth Rock
|switch|p1a: Toxapex|Toxapex, F|100/100
|-damage|p1a: Toxapex|88/100|[from] Stealth Rock
|-damage|p1a: Toxapex|72/100|[from] Spikes
|
|upkeep
|turn|101
|
|t:|1659565048
|switch|p2a: Clefable|Clefable, M|69/100
|switch|p1a: Corviknight|Corviknight, M|62/100
|-damage|p1a: Corviknight|49/100|[from] Stealth Rock
|-ability|p1a: Corviknight|Pressure
|
|-damage|p1a: Corviknight|37/100|[from] item: Sticky Barb
|upkeep
|turn|102
|
|t:|1659565052
|switch|p2a: Zapdos|Zapdos|67/100
|-damage|p2a: Zapdos|42/100|[from] Stealth Rock
|-ability|p2a: Zapdos|Pressure
|move|p1a: Corviknight|Roost|p1a: Corviknight
|-heal|p1a: Corviknight|87/100
|-singleturn|p1a: Corviknight|move: Roost
|
|-damage|p1a: Corviknight|74/100|[from] item: Sticky Barb
|upkeep
|turn|103
|
|t:|1659565057
|switch|p1a: Blissey|Blissey, F|70/100
|-damage|p1a: Blissey|58/100|[from] Stealth Rock
|-damage|p1a: Blissey|41/100|[from] Spikes
|move|p2a: Zapdos|Roost|p2a: Zapdos
|-heal|p2a: Zapdos|92/100
|-singleturn|p2a: Zapdos|move: Roost
|
|upkeep
|turn|104
|
|t:|1659565063
|switch|p2a: Skarmory|Skarmory, F|82/100
|-damage|p2a: Skarmory|70/100|[from] Stealth Rock
|move|p1a: Blissey|Soft-Boiled|p1a: Blissey
|-heal|p1a: Blissey|91/100
|
|upkeep
|turn|105
|j| HereForFrens
|
|t:|1659565067
|move|p2a: Skarmory|Spikes|p1a: Blissey
|-sidestart|p1: LT91BB MDB2|Spikes
|move|p1a: Blissey|Seismic Toss|p2a: Skarmory
|-damage|p2a: Skarmory|40/100
|
|upkeep
|turn|106
|
|t:|1659565071
|move|p2a: Skarmory|Roost|p2a: Skarmory
|-heal|p2a: Skarmory|90/100
|-singleturn|p2a: Skarmory|move: Roost
|move|p1a: Blissey|Seismic Toss|p2a: Skarmory
|-damage|p2a: Skarmory|60/100
|
|upkeep
|turn|107
|l| horsehunter
|
|t:|1659565073
|move|p2a: Skarmory|Body Press|p1a: Blissey
|-supereffective|p1a: Blissey
|-damage|p1a: Blissey|39/100
|move|p1a: Blissey|Seismic Toss|p2a: Skarmory
|-damage|p2a: Skarmory|30/100
|
|upkeep
|turn|108
|
|t:|1659565076
|move|p2a: Skarmory|Roost|p2a: Skarmory
|-heal|p2a: Skarmory|80/100
|-singleturn|p2a: Skarmory|move: Roost
|move|p1a: Blissey|Soft-Boiled|p1a: Blissey
|-heal|p1a: Blissey|89/100
|
|upkeep
|turn|109
|
|t:|1659565081
|switch|p1a: Toxapex|Toxapex, F|100/100
|-damage|p1a: Toxapex|88/100|[from] Stealth Rock
|-damage|p1a: Toxapex|64/100|[from] Spikes
|move|p2a: Skarmory|Body Press|p1a: Toxapex
|-resisted|p1a: Toxapex
|-damage|p1a: Toxapex|55/100
|
|upkeep
|turn|110
|
|t:|1659565086
|switch|p1a: Clefable|Clefable, M|100/100
|move|p2a: Skarmory|Spikes||[still]
|-fail|p2a: Skarmory
|
|upkeep
|turn|111
|
|t:|1659565092
|switch|p1a: Toxapex|Toxapex, F|88/100
|-damage|p1a: Toxapex|76/100|[from] Stealth Rock
|-damage|p1a: Toxapex|51/100|[from] Spikes
|move|p2a: Skarmory|Toxic|p1a: Toxapex
|-immune|p1a: Toxapex
|
|upkeep
|turn|112
|j| LT91BB VERSACE
|
|t:|1659565097
|switch|p1a: Clefable|Clefable, M|100/100
|move|p2a: Skarmory|Spikes||[still]
|-fail|p2a: Skarmory
|
|upkeep
|turn|113
|l| Foutaise.1
|
|t:|1659565101
|switch|p2a: Toxapex|Toxapex, F|100/100
|-damage|p2a: Toxapex|88/100|[from] Stealth Rock
|switch|p1a: Toxapex|Toxapex, F|85/100
|-damage|p1a: Toxapex|72/100|[from] Stealth Rock
|-damage|p1a: Toxapex|48/100|[from] Spikes
|
|upkeep
|turn|114
|
|t:|1659565107
|switch|p2a: Clefable|Clefable, M|69/100
|switch|p1a: Clefable|Clefable, M|100/100
|
|upkeep
|turn|115
|
|t:|1659565112
|switch|p2a: Toxapex|Toxapex, F|100/100
|-damage|p2a: Toxapex|88/100|[from] Stealth Rock
|switch|p1a: Toxapex|Toxapex, F|81/100
|-damage|p1a: Toxapex|69/100|[from] Stealth Rock
|-damage|p1a: Toxapex|44/100|[from] Spikes
|
|upkeep
|turn|116
|l| Zeno420
|
|t:|1659565116
|switch|p2a: Clefable|Clefable, M|69/100
|switch|p1a: Clefable|Clefable, M|100/100
|
|upkeep
|turn|117
|
|t:|1659565123
|switch|p2a: Quagsire|Quagsire, M|94/100
|-damage|p2a: Quagsire|88/100|[from] Stealth Rock
|switch|p1a: Toxapex|Toxapex, F|77/100
|-damage|p1a: Toxapex|65/100|[from] Stealth Rock
|-damage|p1a: Toxapex|40/100|[from] Spikes
|
|-heal|p2a: Quagsire|94/100|[from] item: Leftovers
|upkeep
|turn|118
|
|t:|1659565128
|switch|p2a: Clefable|Clefable, M|69/100
|switch|p1a: Clefable|Clefable, M|100/100
|
|upkeep
|turn|119
|
|t:|1659565132
|switch|p2a: Quagsire|Quagsire, M|94/100
|-damage|p2a: Quagsire|88/100|[from] Stealth Rock
|switch|p1a: Toxapex|Toxapex, F|74/100
|-damage|p1a: Toxapex|62/100|[from] Stealth Rock
|-damage|p1a: Toxapex|37/100|[from] Spikes
|
|-heal|p2a: Quagsire|94/100|[from] item: Leftovers
|upkeep
|turn|120
|j| WhatColorIsThis?
|
|t:|1659565137
|move|p1a: Toxapex|Recover|p1a: Toxapex
|-heal|p1a: Toxapex|87/100
|move|p2a: Quagsire|Scald|p1a: Toxapex
|-resisted|p1a: Toxapex
|-damage|p1a: Toxapex|80/100
|
|-heal|p2a: Quagsire|100/100|[from] item: Leftovers
|upkeep
|turn|121
|
|t:|1659565140
|switch|p2a: Clefable|Clefable, M|69/100
|switch|p1a: Clefable|Clefable, M|100/100
|
|upkeep
|turn|122
|
|t:|1659565144
|switch|p1a: Toxapex|Toxapex, F|100/100
|-damage|p1a: Toxapex|88/100|[from] Stealth Rock
|-damage|p1a: Toxapex|64/100|[from] Spikes
|move|p2a: Clefable|Moonblast|p1a: Toxapex
|-resisted|p1a: Toxapex
|-crit|p1a: Toxapex
|-damage|p1a: Toxapex|45/100
|-unboost|p1a: Toxapex|spa|1
|
|upkeep
|turn|123
|
|t:|1659565148
|switch|p2a: Toxapex|Toxapex, F|100/100
|-damage|p2a: Toxapex|88/100|[from] Stealth Rock
|move|p1a: Toxapex|Light Screen|p1a: Toxapex
|-sidestart|p1: LT91BB MDB2|move: Light Screen
|
|upkeep
|turn|124
|l| r56k453
|l| WhatColorIsThis?
|l| SubmergedWater
|
|t:|1659565155
|switch|p2a: Clefable|Clefable, M|69/100
|switch|p1a: Clefable|Clefable, M|100/100
|
|upkeep
|turn|125
|
|t:|1659565160
|switch|p2a: Quagsire|Quagsire, M|100/100
|-damage|p2a: Quagsire|94/100|[from] Stealth Rock
|switch|p1a: Toxapex|Toxapex, F|78/100
|-damage|p1a: Toxapex|66/100|[from] Stealth Rock
|-damage|p1a: Toxapex|41/100|[from] Spikes
|
|-heal|p2a: Quagsire|100/100|[from] item: Leftovers
|upkeep
|turn|126
|
|t:|1659565164
|switch|p2a: Toxapex|Toxapex, F|100/100
|-damage|p2a: Toxapex|88/100|[from] Stealth Rock
|move|p1a: Toxapex|Knock Off|p2a: Toxapex
|-damage|p2a: Toxapex|79/100
|
|upkeep
|turn|127
|
|t:|1659565169
|switch|p2a: Clefable|Clefable, M|69/100
|move|p1a: Toxapex|Recover|p1a: Toxapex
|-heal|p1a: Toxapex|92/100
|
|-sideend|p1: LT91BB MDB2|move: Light Screen
|upkeep
|turn|128
|j| gridline
|
|t:|1659565173
|switch|p2a: Toxapex|Toxapex, F|100/100
|-damage|p2a: Toxapex|88/100|[from] Stealth Rock
|switch|p1a: Clefable|Clefable, M|100/100
|
|upkeep
|turn|129
|
|t:|1659565176
|switch|p1a: Toxapex|Toxapex, F|100/100
|-damage|p1a: Toxapex|88/100|[from] Stealth Rock
|-damage|p1a: Toxapex|64/100|[from] Spikes
|switch|p2a: Quagsire|Quagsire, M|100/100
|-damage|p2a: Quagsire|94/100|[from] Stealth Rock
|
|-heal|p2a: Quagsire|100/100|[from] item: Leftovers
|upkeep
|turn|130
|l| 56kurumaisu
|
|t:|1659565180
|switch|p2a: Toxapex|Toxapex, F|100/100
|-damage|p2a: Toxapex|88/100|[from] Stealth Rock
|switch|p1a: Clefable|Clefable, M|100/100
|
|upkeep
|turn|131
|
|t:|1659565183
|switch|p1a: Toxapex|Toxapex, F|97/100
|-damage|p1a: Toxapex|85/100|[from] Stealth Rock
|-damage|p1a: Toxapex|60/100|[from] Spikes
|switch|p2a: Quagsire|Quagsire, M|100/100
|-damage|p2a: Quagsire|94/100|[from] Stealth Rock
|
|-heal|p2a: Quagsire|100/100|[from] item: Leftovers
|upkeep
|turn|132
|
|t:|1659565186
|switch|p2a: Clefable|Clefable, M|69/100
|switch|p1a: Clefable|Clefable, M|100/100
|
|upkeep
|turn|133
|
|t:|1659565189
|switch|p2a: Toxapex|Toxapex, F|100/100
|-damage|p2a: Toxapex|88/100|[from] Stealth Rock
|switch|p1a: Toxapex|Toxapex, F|93/100
|-damage|p1a: Toxapex|81/100|[from] Stealth Rock
|-damage|p1a: Toxapex|56/100|[from] Spikes
|
|upkeep
|turn|134
|
|t:|1659565198
|switch|p2a: Clefable|Clefable, M|69/100
|move|p1a: Toxapex|Light Screen|p1a: Toxapex
|-sidestart|p1: LT91BB MDB2|move: Light Screen
|
|upkeep
|turn|135
|
|t:|1659565201
|switch|p2a: Quagsire|Quagsire, M|100/100
|-damage|p2a: Quagsire|94/100|[from] Stealth Rock
|switch|p1a: Clefable|Clefable, M|100/100
|
|-heal|p2a: Quagsire|100/100|[from] item: Leftovers
|upkeep
|turn|136
|
|t:|1659565203
|switch|p1a: Toxapex|Toxapex, F|90/100
|-damage|p1a: Toxapex|77/100|[from] Stealth Rock
|-damage|p1a: Toxapex|53/100|[from] Spikes
|move|p2a: Quagsire|Scald|p1a: Toxapex
|-resisted|p1a: Toxapex
|-damage|p1a: Toxapex|49/100
|
|upkeep
|turn|137
|
|t:|1659565207
|switch|p1a: Clefable|Clefable, M|100/100
|move|p2a: Quagsire|Scald|p1a: Clefable
|-damage|p1a: Clefable|92/100
|
|upkeep
|turn|138
|c| LT91BB typical|this is painful to watch
|
|t:|1659565211
|switch|p1a: Toxapex|Toxapex, F|82/100
|-damage|p1a: Toxapex|70/100|[from] Stealth Rock
|-damage|p1a: Toxapex|45/100|[from] Spikes
|move|p2a: Quagsire|Scald|p1a: Toxapex
|-resisted|p1a: Toxapex
|-damage|p1a: Toxapex|41/100
|-status|p1a: Toxapex|brn
|
|-damage|p1a: Toxapex|35/100 brn|[from] brn
|-sideend|p1: LT91BB MDB2|move: Light Screen
|upkeep
|turn|139
|l| sdiubfgadfig
|l| LT91BB Ox
|
|t:|1659565217
|switch|p1a: Corviknight|Corviknight, M|74/100
|-damage|p1a: Corviknight|62/100|[from] Stealth Rock
|-ability|p1a: Corviknight|Pressure
|switch|p2a: Skarmory|Skarmory, F|80/100
|-damage|p2a: Skarmory|67/100|[from] Stealth Rock
|
|-damage|p1a: Corviknight|49/100|[from] item: Sticky Barb
|upkeep
|turn|140
|l| gen 3 OFOV
|
|t:|1659565223
|move|p2a: Skarmory|Body Press|p1a: Corviknight
|-damage|p1a: Corviknight|31/100
|move|p1a: Corviknight|Defog|p2a: Skarmory
|-unboost|p2a: Skarmory|evasion|1
|-sideend|p2: LT91BB animefan|Stealth Rock|[from] move: Defog|[of] p1a: Corviknight
|-sideend|p1: LT91BB MDB2|Spikes|[from] move: Defog|[of] p1a: Corviknight
|-sideend|p1: LT91BB MDB2|Stealth Rock|[from] move: Defog|[of] p1a: Corviknight
|
|-damage|p1a: Corviknight|18/100|[from] item: Sticky Barb
|upkeep
|turn|141
|j| chokst du
|
|t:|1659565231
|move|p2a: Skarmory|Body Press|p1a: Corviknight
|-damage|p1a: Corviknight|1/100
|move|p1a: Corviknight|Roost|p1a: Corviknight
|-heal|p1a: Corviknight|51/100
|-singleturn|p1a: Corviknight|move: Roost
|
|-damage|p1a: Corviknight|38/100|[from] item: Sticky Barb
|upkeep
|turn|142
|
|t:|1659565235
|move|p2a: Skarmory|Spikes|p1a: Corviknight
|-sidestart|p1: LT91BB MDB2|Spikes
|move|p1a: Corviknight|Roost|p1a: Corviknight
|-heal|p1a: Corviknight|88/100
|-singleturn|p1a: Corviknight|move: Roost
|
|-damage|p1a: Corviknight|76/100|[from] item: Sticky Barb
|upkeep
|turn|143
|l| chokst du
|
|t:|1659565243
|switch|p1a: Clefable|Clefable, M|92/100
|move|p2a: Skarmory|Roost|p2a: Skarmory
|-heal|p2a: Skarmory|100/100
|-singleturn|p2a: Skarmory|move: Roost
|
|upkeep
|turn|144
|
|t:|1659565246
|switch|p2a: Zapdos|Zapdos|92/100
|-ability|p2a: Zapdos|Pressure
|move|p1a: Clefable|Moonblast|p2a: Zapdos
|-damage|p2a: Zapdos|69/100
|-unboost|p2a: Zapdos|spa|1
|
|upkeep
|turn|145
|
|t:|1659565251
|switch|p1a: Blissey|Blissey, F|89/100
|-damage|p1a: Blissey|77/100|[from] Spikes
|move|p2a: Zapdos|Toxic|p1a: Blissey
|-status|p1a: Blissey|tox
|
|-damage|p1a: Blissey|71/100 tox|[from] psn
|upkeep
|turn|146
|
|t:|1659565254
|move|p2a: Zapdos|Volt Switch|p1a: Blissey
|-damage|p1a: Blissey|64/100 tox
|
|t:|1659565256
|switch|p2a: Clefable|Clefable, M|69/100|[from]move: Volt Switch
|move|p1a: Blissey|Heal Bell|p1a: Blissey
|-activate|p1a: Blissey|move: Heal Bell
|-curestatus|p1a: Blissey|tox|[msg]
|-curestatus|p1: Toxapex|brn|[msg]
|
|upkeep
|turn|147
|j| gen 3 OFOV
|l| LT91BB AYT
|
|t:|1659565262
|move|p2a: Clefable|Stealth Rock|p1a: Blissey
|-sidestart|p1: LT91BB MDB2|move: Stealth Rock
|move|p1a: Blissey|Soft-Boiled|p1a: Blissey
|-heal|p1a: Blissey|100/100
|
|upkeep
|turn|148
|
|t:|1659565267
|switch|p2a: Skarmory|Skarmory, F|100/100
|switch|p1a: Toxapex|Toxapex, F|68/100
|-damage|p1a: Toxapex|56/100|[from] Spikes
|-damage|p1a: Toxapex|44/100|[from] Stealth Rock
|
|upkeep
|turn|149
|
|t:|1659565271
|switch|p1a: Clefable|Clefable, M|92/100
|move|p2a: Skarmory|Spikes|p1a: Clefable
|-sidestart|p1: LT91BB MDB2|Spikes
|
|upkeep
|turn|150
|j| KingCrimson21M8
|
|t:|1659565274
|switch|p2a: Zapdos|Zapdos|69/100
|-ability|p2a: Zapdos|Pressure
|switch|p1a: Toxapex|Toxapex, F|77/100
|-damage|p1a: Toxapex|61/100|[from] Spikes
|-damage|p1a: Toxapex|49/100|[from] Stealth Rock
|
|upkeep
|turn|151
|
|t:|1659565278
|switch|p1a: Hippowdon|Hippowdon, M|78/100
|-damage|p1a: Hippowdon|61/100|[from] Spikes
|-damage|p1a: Hippowdon|55/100|[from] Stealth Rock
|-weather|Sandstorm|[from] ability: Sand Stream|[of] p1a: Hippowdon
|move|p2a: Zapdos|Volt Switch|p1a: Hippowdon
|-immune|p1a: Hippowdon
|
|-weather|Sandstorm|[upkeep]
|-damage|p2a: Zapdos|63/100|[from] Sandstorm
|-heal|p1a: Hippowdon|61/100|[from] item: Leftovers
|upkeep
|turn|152
|
|t:|1659565282
|switch|p1a: Clefable|Clefable, M|92/100
|move|p2a: Zapdos|Toxic|p1a: Clefable
|-status|p1a: Clefable|tox
|
|-weather|Sandstorm|[upkeep]
|-damage|p2a: Zapdos|57/100|[from] Sandstorm
|-damage|p1a: Clefable|86/100 tox|[from] Sandstorm
|-damage|p1a: Clefable|80/100 tox|[from] psn
|upkeep
|turn|153
|
|t:|1659565286
|switch|p1a: Hippowdon|Hippowdon, M|61/100
|-damage|p1a: Hippowdon|44/100|[from] Spikes
|-damage|p1a: Hippowdon|38/100|[from] Stealth Rock
|move|p2a: Zapdos|Toxic|p1a: Hippowdon
|-status|p1a: Hippowdon|tox
|
|-weather|Sandstorm|[upkeep]
|-damage|p2a: Zapdos|51/100|[from] Sandstorm
|-heal|p1a: Hippowdon|44/100 tox|[from] item: Leftovers
|-damage|p1a: Hippowdon|38/100 tox|[from] psn
|upkeep
|turn|154
|l| Kate
|l| Skip The Drip
|
|t:|1659565288
|move|p2a: Zapdos|Heat Wave|p1a: Hippowdon|[miss]
|-miss|p2a: Zapdos|p1a: Hippowdon
|move|p1a: Hippowdon|Slack Off|p1a: Hippowdon
|-heal|p1a: Hippowdon|88/100 tox
|
|-weather|Sandstorm|[upkeep]
|-damage|p2a: Zapdos|45/100|[from] Sandstorm
|-heal|p1a: Hippowdon|94/100 tox|[from] item: Leftovers
|-damage|p1a: Hippowdon|82/100 tox|[from] psn
|upkeep
|turn|155
|
|t:|1659565291
|move|p2a: Zapdos|Roost|p2a: Zapdos
|-heal|p2a: Zapdos|95/100
|-singleturn|p2a: Zapdos|move: Roost
|move|p1a: Hippowdon|Toxic|p2a: Zapdos
|-status|p2a: Zapdos|tox
|
|-weather|none
|-heal|p1a: Hippowdon|88/100 tox|[from] item: Leftovers
|-damage|p2a: Zapdos|89/100 tox|[from] psn
|-damage|p1a: Hippowdon|70/100 tox|[from] psn
|upkeep
|turn|156
|j| eating stone
|
|t:|1659565296
|move|p2a: Zapdos|Heat Wave|p1a: Hippowdon
|-crit|p1a: Hippowdon
|-damage|p1a: Hippowdon|42/100 tox
|move|p1a: Hippowdon|Stealth Rock|p2a: Zapdos
|-sidestart|p2: LT91BB animefan|move: Stealth Rock
|
|-heal|p1a: Hippowdon|48/100 tox|[from] item: Leftovers
|-damage|p2a: Zapdos|77/100 tox|[from] psn
|-damage|p1a: Hippowdon|24/100 tox|[from] psn
|upkeep
|turn|157
|j| fuckmonsongawd
|
|t:|1659565299
|move|p2a: Zapdos|Heat Wave|p1a: Hippowdon
|-damage|p1a: Hippowdon|6/100 tox
|move|p1a: Hippowdon|Slack Off|p1a: Hippowdon
|-heal|p1a: Hippowdon|56/100 tox
|
|-heal|p1a: Hippowdon|62/100 tox|[from] item: Leftovers
|-damage|p2a: Zapdos|59/100 tox|[from] psn
|-damage|p1a: Hippowdon|31/100 tox|[from] psn
|upkeep
|turn|158
|
|t:|1659565305
|switch|p2a: Skarmory|Skarmory, F|100/100
|-damage|p2a: Skarmory|88/100|[from] Stealth Rock
|move|p1a: Hippowdon|Slack Off|p1a: Hippowdon
|-heal|p1a: Hippowdon|81/100 tox
|
|-heal|p1a: Hippowdon|87/100 tox|[from] item: Leftovers
|-damage|p1a: Hippowdon|50/100 tox|[from] psn
|upkeep
|turn|159
|
|t:|1659565313
|switch|p1a: Toxapex|Toxapex, F|82/100
|-damage|p1a: Toxapex|66/100|[from] Spikes
|-damage|p1a: Toxapex|53/100|[from] Stealth Rock
|move|p2a: Skarmory|Spikes|p1a: Toxapex
|-sidestart|p1: LT91BB MDB2|Spikes
|
|upkeep
|turn|160
|
|t:|1659565318
|switch|p2a: Toxapex|Toxapex, F|100/100
|-damage|p2a: Toxapex|88/100|[from] Stealth Rock
|move|p1a: Toxapex|Light Screen|p1a: Toxapex
|-sidestart|p1: LT91BB MDB2|move: Light Screen
|
|upkeep
|turn|161
|
|t:|1659565322
|switch|p2a: Clefable|Clefable, M|69/100
|switch|p1a: Blissey|Blissey, F|100/100
|-damage|p1a: Blissey|76/100|[from] Spikes
|-damage|p1a: Blissey|63/100|[from] Stealth Rock
|
|upkeep
|turn|162
|
|t:|1659565327
|move|p2a: Clefable|Heal Bell|p2a: Clefable
|-activate|p2a: Clefable|move: Heal Bell
|-curestatus|p2: Zapdos|tox|[msg]
|move|p1a: Blissey|Heal Bell|p1a: Blissey
|-activate|p1a: Blissey|move: Heal Bell
|-curestatus|p1: Clefable|tox|[msg]
|-curestatus|p1: Hippowdon|tox|[msg]
|
|upkeep
|turn|163
|
|t:|1659565332
|switch|p2a: Toxapex|Toxapex, F|100/100
|-damage|p2a: Toxapex|88/100|[from] Stealth Rock
|move|p1a: Blissey|Seismic Toss|p2a: Toxapex
|-damage|p2a: Toxapex|55/100
|
|upkeep
|turn|164
|j| KFC Chizza
|
|t:|1659565336
|switch|p2a: Skarmory|Skarmory, F|88/100
|-damage|p2a: Skarmory|76/100|[from] Stealth Rock
|move|p1a: Blissey|Seismic Toss|p2a: Skarmory
|-damage|p2a: Skarmory|46/100
|
|-sideend|p1: LT91BB MDB2|move: Light Screen
|upkeep
|turn|165
|
|t:|1659565342
|move|p2a: Skarmory|Roost|p2a: Skarmory
|-heal|p2a: Skarmory|96/100
|-singleturn|p2a: Skarmory|move: Roost
|move|p1a: Blissey|Seismic Toss|p2a: Skarmory
|-damage|p2a: Skarmory|66/100
|
|upkeep
|turn|166
|
|t:|1659565347
|move|p2a: Skarmory|Body Press|p1a: Blissey
|-supereffective|p1a: Blissey
|-damage|p1a: Blissey|16/100
|move|p1a: Blissey|Soft-Boiled|p1a: Blissey
|-heal|p1a: Blissey|66/100
|
|upkeep
|turn|167
|
|t:|1659565353
|move|p2a: Skarmory|Toxic|p1a: Blissey
|-status|p1a: Blissey|tox
|move|p1a: Blissey|Soft-Boiled|p1a: Blissey
|-heal|p1a: Blissey|100/100 tox
|
|-damage|p1a: Blissey|94/100 tox|[from] psn
|upkeep
|turn|168
|
|t:|1659565356
|-curestatus|p1a: Blissey|tox|[from] ability: Natural Cure
|switch|p1a: Toxapex|Toxapex, F|87/100
|-damage|p1a: Toxapex|62/100|[from] Spikes
|-damage|p1a: Toxapex|50/100|[from] Stealth Rock
|move|p2a: Skarmory|Roost|p2a: Skarmory
|-heal|p2a: Skarmory|100/100
|-singleturn|p2a: Skarmory|move: Roost
|
|upkeep
|turn|169
|j| PSaddict123
|
|t:|1659565362
|move|p2a: Skarmory|Toxic|p1a: Toxapex
|-immune|p1a: Toxapex
|move|p1a: Toxapex|Toxic|p2a: Skarmory
|-immune|p2a: Skarmory
|
|upkeep
|turn|170
|
|t:|1659565366
|switch|p2a: Clefable|Clefable, M|69/100
|move|p1a: Toxapex|Toxic|p2a: Clefable
|-status|p2a: Clefable|tox
|
|upkeep
|turn|171
|
|t:|1659565373
|switch|p2a: Toxapex|Toxapex, F|89/100
|-damage|p2a: Toxapex|76/100|[from] Stealth Rock
|move|p1a: Toxapex|Knock Off|p2a: Toxapex
|-damage|p2a: Toxapex|68/100
|
|upkeep
|turn|172
|
|t:|1659565379
|switch|p2a: Clefable|Clefable, M|69/100 tox
|move|p1a: Toxapex|Light Screen|p1a: Toxapex
|-sidestart|p1: LT91BB MDB2|move: Light Screen
|
|upkeep
|turn|173
|
|t:|1659565381
|switch|p2a: Toxapex|Toxapex, F|100/100
|-damage|p2a: Toxapex|88/100|[from] Stealth Rock
|switch|p1a: Hippowdon|Hippowdon, M|50/100
|-damage|p1a: Hippowdon|25/100|[from] Spikes
|-damage|p1a: Hippowdon|19/100|[from] Stealth Rock
|-weather|Sandstorm|[from] ability: Sand Stream|[of] p1a: Hippowdon
|
|-weather|Sandstorm|[upkeep]
|-damage|p2a: Toxapex|82/100|[from] Sandstorm
|-heal|p1a: Hippowdon|25/100|[from] item: Leftovers
|upkeep
|turn|174
|
|t:|1659565387
|move|p1a: Hippowdon|Slack Off|p1a: Hippowdon
|-heal|p1a: Hippowdon|75/100
|move|p2a: Toxapex|Knock Off|p1a: Hippowdon
|-damage|p1a: Hippowdon|64/100
|-enditem|p1a: Hippowdon|Leftovers|[from] move: Knock Off|[of] p2a: Toxapex
|
|-weather|Sandstorm|[upkeep]
|-damage|p2a: Toxapex|76/100|[from] Sandstorm
|upkeep
|turn|175
|l| nodragondanceinrb
|
|t:|1659565396
|switch|p2a: Skarmory|Skarmory, F|100/100
|-damage|p2a: Skarmory|88/100|[from] Stealth Rock
|move|p1a: Hippowdon|Slack Off|p1a: Hippowdon
|-heal|p1a: Hippowdon|100/100
|
|-weather|Sandstorm|[upkeep]
|upkeep
|turn|176
|j| nodragondanceinrb
|
|t:|1659565401
|switch|p2a: Clefable|Clefable, M|69/100 tox
|switch|p1a: Clefable|Clefable, M|80/100
|
|-weather|Sandstorm|[upkeep]
|-damage|p1a: Clefable|74/100|[from] Sandstorm
|-sideend|p1: LT91BB MDB2|move: Light Screen
|upkeep
|turn|177
|l| gen5malk
|l| Ren
|inactive|LT91BB MDB2 has 120 seconds left.
|l| KFC Chizza
|l| nodragondanceinrb
|inactive|LT91BB MDB2 has 90 seconds left.
|j| nodragondanceinrb
|l| KingCrimson21M8
|j| Ren
|inactive|LT91BB MDB2 has 60 seconds left.
|j| white ceiling
|
|t:|1659565514
|switch|p2a: Toxapex|Toxapex, F|100/100
|-damage|p2a: Toxapex|88/100|[from] Stealth Rock
|switch|p1a: Toxapex|Toxapex, F|83/100
|-damage|p1a: Toxapex|58/100|[from] Spikes
|-damage|p1a: Toxapex|46/100|[from] Stealth Rock
|
|-weather|none
|upkeep
|turn|178
|
|t:|1659565525
|switch|p2a: Clefable|Clefable, M|69/100 tox
|move|p1a: Toxapex|Light Screen|p1a: Toxapex
|-sidestart|p1: LT91BB MDB2|move: Light Screen
|
|upkeep
|turn|179
|
|t:|1659565529
|switch|p2a: Toxapex|Toxapex, F|100/100
|-damage|p2a: Toxapex|88/100|[from] Stealth Rock
|switch|p1a: Clefable|Clefable, M|74/100
|
|upkeep
|turn|180
|l| HiroZ
|c| PSaddict123|what is cresselia for? aint no mega medicham
|
|t:|1659565536
|switch|p1a: Toxapex|Toxapex, F|79/100
|-damage|p1a: Toxapex|55/100|[from] Spikes
|-damage|p1a: Toxapex|42/100|[from] Stealth Rock
|switch|p2a: Quagsire|Quagsire, M|100/100
|-damage|p2a: Quagsire|94/100|[from] Stealth Rock
|
|-heal|p2a: Quagsire|100/100|[from] item: Leftovers
|upkeep
|turn|181
|
|t:|1659565544
|switch|p1a: Clefable|Clefable, M|74/100
|switch|p2a: Clefable|Clefable, M|69/100 tox
|
|upkeep
|turn|182
|inactive|LT91BB MDB2 has 30 seconds left.
|
|t:|1659565578
|switch|p2a: Quagsire|Quagsire, M|100/100
|-damage|p2a: Quagsire|94/100|[from] Stealth Rock
|switch|p1a: Toxapex|Toxapex, F|76/100
|-damage|p1a: Toxapex|51/100|[from] Spikes
|-damage|p1a: Toxapex|39/100|[from] Stealth Rock
|
|-heal|p2a: Quagsire|100/100|[from] item: Leftovers
|-sideend|p1: LT91BB MDB2|move: Light Screen
|upkeep
|turn|183
|inactive|LT91BB MDB2 has 30 seconds left this turn.
|
|t:|1659565584
|switch|p1a: Clefable|Clefable, M|74/100
|move|p2a: Quagsire|Earthquake|p1a: Clefable
|-damage|p1a: Clefable|52/100
|
|upkeep
|turn|184
|
|t:|1659565588
|move|p1a: Clefable|Moonblast|p2a: Quagsire
|-damage|p2a: Quagsire|63/100
|move|p2a: Quagsire|Scald|p1a: Clefable
|-damage|p1a: Clefable|36/100
|-status|p1a: Clefable|brn
|
|-heal|p2a: Quagsire|69/100|[from] item: Leftovers
|-damage|p1a: Clefable|29/100 brn|[from] brn
|upkeep
|turn|185
|
|t:|1659565593
|move|p1a: Clefable|Soft-Boiled|p1a: Clefable
|-heal|p1a: Clefable|79/100 brn
|move|p2a: Quagsire|Earthquake|p1a: Clefable
|-crit|p1a: Clefable
|-damage|p1a: Clefable|44/100 brn
|
|-heal|p2a: Quagsire|76/100|[from] item: Leftovers
|-damage|p1a: Clefable|38/100 brn|[from] brn
|upkeep
|turn|186
|
|t:|1659565596
|move|p1a: Clefable|Soft-Boiled|p1a: Clefable
|-heal|p1a: Clefable|88/100 brn
|move|p2a: Quagsire|Earthquake|p1a: Clefable
|-crit|p1a: Clefable
|-damage|p1a: Clefable|52/100 brn
|
|-heal|p2a: Quagsire|82/100|[from] item: Leftovers
|-damage|p1a: Clefable|46/100 brn|[from] brn
|upkeep
|turn|187
|
|t:|1659565599
|move|p1a: Clefable|Soft-Boiled|p1a: Clefable
|-heal|p1a: Clefable|96/100 brn
|move|p2a: Quagsire|Earthquake|p1a: Clefable
|-damage|p1a: Clefable|70/100 brn
|
|-heal|p2a: Quagsire|88/100|[from] item: Leftovers
|-damage|p1a: Clefable|64/100 brn|[from] brn
|upkeep
|turn|188
|
|t:|1659565603
|switch|p1a: Blissey|Blissey, F|94/100
|-damage|p1a: Blissey|69/100|[from] Spikes
|-damage|p1a: Blissey|57/100|[from] Stealth Rock
|switch|p2a: Zapdos|Zapdos|59/100
|-damage|p2a: Zapdos|34/100|[from] Stealth Rock
|-ability|p2a: Zapdos|Pressure
|
|upkeep
|turn|189
|
|t:|1659565606
|move|p2a: Zapdos|Roost|p2a: Zapdos
|-heal|p2a: Zapdos|84/100
|-singleturn|p2a: Zapdos|move: Roost
|move|p1a: Blissey|Toxic|p2a: Zapdos
|-status|p2a: Zapdos|tox
|
|-damage|p2a: Zapdos|78/100 tox|[from] psn
|upkeep
|turn|190
|j| burgercute
|l| fuckmonsongawd
|inactive|LT91BB MDB2 has 60 seconds left.
|
|t:|1659565612
|move|p2a: Zapdos|Volt Switch|p1a: Blissey
|-damage|p1a: Blissey|46/100
|j| Phxo'
|
|t:|1659565617
|switch|p2a: Toxapex|Toxapex, F|100/100|[from]move: Volt Switch
|-damage|p2a: Toxapex|88/100|[from] Stealth Rock
|move|p1a: Blissey|Seismic Toss|p2a: Toxapex
|-damage|p2a: Toxapex|55/100
|
|upkeep
|turn|191
|l| burgercute
|
|t:|1659565621
|switch|p2a: Clefable|Clefable, M|69/100 tox
|move|p1a: Blissey|Soft-Boiled|p1a: Blissey
|-heal|p1a: Blissey|96/100
|
|upkeep
|turn|192
|j| fuckmonsongawd
|
|t:|1659565625
|switch|p2a: Toxapex|Toxapex, F|89/100
|-damage|p2a: Toxapex|76/100|[from] Stealth Rock
|move|p1a: Blissey|Heal Bell|p1a: Blissey
|-activate|p1a: Blissey|move: Heal Bell
|-curestatus|p1: Clefable|brn|[msg]
|
|upkeep
|turn|193
|
|t:|1659565632
|switch|p1a: Corviknight|Corviknight, M|76/100
|-damage|p1a: Corviknight|63/100|[from] Stealth Rock
|-ability|p1a: Corviknight|Pressure
|move|p2a: Toxapex|Haze|p2a: Toxapex
|-clearallboost
|
|-damage|p1a: Corviknight|51/100|[from] item: Sticky Barb
|upkeep
|turn|194
|j| burgercute
|
|t:|1659565641
|switch|p2a: Quagsire|Quagsire, M|88/100
|-damage|p2a: Quagsire|82/100|[from] Stealth Rock
|move|p1a: Corviknight|Defog|p2a: Quagsire
|-unboost|p2a: Quagsire|evasion|1
|-sideend|p2: LT91BB animefan|Stealth Rock|[from] move: Defog|[of] p1a: Corviknight
|-sideend|p1: LT91BB MDB2|Spikes|[from] move: Defog|[of] p1a: Corviknight
|-sideend|p1: LT91BB MDB2|Stealth Rock|[from] move: Defog|[of] p1a: Corviknight
|
|-heal|p2a: Quagsire|88/100|[from] item: Leftovers
|-damage|p1a: Corviknight|38/100|[from] item: Sticky Barb
|upkeep
|turn|195
|j| sdsdfasdwe
|
|t:|1659565645
|move|p1a: Corviknight|Roost|p1a: Corviknight
|-heal|p1a: Corviknight|88/100
|-singleturn|p1a: Corviknight|move: Roost
|move|p2a: Quagsire|Scald|p1a: Corviknight
|-damage|p1a: Corviknight|71/100
|-status|p1a: Corviknight|brn
|
|-heal|p2a: Quagsire|94/100|[from] item: Leftovers
|-damage|p1a: Corviknight|64/100 brn|[from] brn
|-damage|p1a: Corviknight|52/100 brn|[from] item: Sticky Barb
|upkeep
|turn|196
|
|t:|1659565650
|switch|p1a: Clefable|Clefable, M|64/100
|move|p2a: Quagsire|Earthquake|p1a: Clefable
|-damage|p1a: Clefable|40/100
|
|-heal|p2a: Quagsire|99/100|[from] item: Leftovers
|upkeep
|turn|197
|
|t:|1659565653
|move|p1a: Clefable|Soft-Boiled|p1a: Clefable
|-heal|p1a: Clefable|90/100
|move|p2a: Quagsire|Scald|p1a: Clefable
|-damage|p1a: Clefable|74/100
|
|-heal|p2a: Quagsire|100/100|[from] item: Leftovers
|upkeep
|turn|198
|
|t:|1659565657
|switch|p1a: Toxapex|Toxapex, F|72/100
|switch|p2a: Clefable|Clefable, M|69/100 tox
|
|upkeep
|turn|199
|inactive|LT91BB MDB2 has 90 seconds left.
|
|t:|1659565665
|switch|p1a: Clefable|Clefable, M|74/100
|move|p2a: Clefable|Stealth Rock|p1a: Clefable
|-sidestart|p1: LT91BB MDB2|move: Stealth Rock
|
|upkeep
|turn|200
|
|t:|1659565669
|switch|p2a: Toxapex|Toxapex, F|100/100
|switch|p1a: Toxapex|Toxapex, F|100/100
|-damage|p1a: Toxapex|88/100|[from] Stealth Rock
|
|upkeep
|turn|201
|inactive|LT91BB MDB2 has 90 seconds left.
|
|t:|1659565677
|switch|p2a: Skarmory|Skarmory, F|88/100
|switch|p1a: Hippowdon|Hippowdon, M|100/100
|-damage|p1a: Hippowdon|94/100|[from] Stealth Rock
|-weather|Sandstorm|[from] ability: Sand Stream|[of] p1a: Hippowdon
|
|-weather|Sandstorm|[upkeep]
|upkeep
|turn|202
|
|t:|1659565681
|switch|p1a: Toxapex|Toxapex, F|100/100
|-damage|p1a: Toxapex|88/100|[from] Stealth Rock
|move|p2a: Skarmory|Toxic|p1a: Toxapex
|-immune|p1a: Toxapex
|
|-weather|Sandstorm|[upkeep]
|-damage|p1a: Toxapex|82/100|[from] Sandstorm
|upkeep
|turn|203
|
|t:|1659565685
|move|p2a: Skarmory|Spikes|p1a: Toxapex
|-sidestart|p1: LT91BB MDB2|Spikes
|move|p1a: Toxapex|Knock Off|p2a: Skarmory
|-damage|p2a: Skarmory|78/100
|-enditem|p2a: Skarmory|Shed Shell|[from] move: Knock Off|[of] p1a: Toxapex
|
|-weather|Sandstorm|[upkeep]
|-damage|p1a: Toxapex|76/100|[from] Sandstorm
|upkeep
|turn|204
|inactive|LT91BB MDB2 has 90 seconds left.
|
|t:|1659565693
|switch|p1a: Clefable|Clefable, M|74/100
|move|p2a: Skarmory|Spikes|p1a: Clefable
|-sidestart|p1: LT91BB MDB2|Spikes
|
|-weather|Sandstorm|[upkeep]
|-damage|p1a: Clefable|68/100|[from] Sandstorm
|upkeep
|turn|205
|l| fuckmonsongawd
|j| fuckmonsongawd
|
|t:|1659565717
|switch|p2a: Toxapex|Toxapex, F|100/100
|switch|p1a: Toxapex|Toxapex, F|100/100
|-damage|p1a: Toxapex|88/100|[from] Stealth Rock
|-damage|p1a: Toxapex|72/100|[from] Spikes
|
|-weather|none
|upkeep
|turn|206
|inactive|LT91BB MDB2 has 90 seconds left.
|l| LT91BB Storm
|inactive|LT91BB MDB2 has 60 seconds left.
|
|t:|1659565768
|move|p2a: Toxapex|Toxic Spikes|p1a: Toxapex
|-sidestart|p1: LT91BB MDB2|move: Toxic Spikes
|move|p1a: Toxapex|Light Screen|p1a: Toxapex
|-sidestart|p1: LT91BB MDB2|move: Light Screen
|
|upkeep
|turn|207
|inactive|LT91BB animefan has 120 seconds left.
|inactive|LT91BB MDB2 has 30 seconds left.
|
|t:|1659565794
|switch|p2a: Skarmory|Skarmory, F|78/100
|switch|p1a: Clefable|Clefable, M|68/100
|
|upkeep
|turn|208
|inactive|LT91BB MDB2 has 25 seconds left this turn.
|l| Fire and wrath
|inactive|LT91BB MDB2 has 20 seconds left.
|
|t:|1659565802
|switch|p2a: Toxapex|Toxapex, F|100/100
|move|p1a: Clefable|Flamethrower|p2a: Toxapex
|-resisted|p2a: Toxapex
|-damage|p2a: Toxapex|94/100
|
|upkeep
|turn|209
|inactive|LT91BB MDB2 has 25 seconds left this turn.
|inactive|LT91BB MDB2 has 20 seconds left.
|
|t:|1659565809
|switch|p2a: Quagsire|Quagsire, M|100/100
|move|p1a: Clefable|Flamethrower|p2a: Quagsire
|-resisted|p2a: Quagsire
|-damage|p2a: Quagsire|90/100
|
|-heal|p2a: Quagsire|96/100|[from] item: Leftovers
|upkeep
|turn|210
|inactive|LT91BB MDB2 has 20 seconds left this turn.
|
|t:|1659565813
|move|p1a: Clefable|Calm Mind|p1a: Clefable
|-boost|p1a: Clefable|spa|1
|-boost|p1a: Clefable|spd|1
|move|p2a: Quagsire|Scald|p1a: Clefable
|-damage|p1a: Clefable|60/100
|
|-heal|p2a: Quagsire|100/100|[from] item: Leftovers
|-sideend|p1: LT91BB MDB2|move: Light Screen
|upkeep
|turn|211
|inactive|LT91BB MDB2 has 25 seconds left this turn.
|l| LT91BB typical
|
|t:|1659565818
|move|p1a: Clefable|Flamethrower|p2a: Quagsire
|-resisted|p2a: Quagsire
|-damage|p2a: Quagsire|89/100
|-status|p2a: Quagsire|brn
|move|p2a: Quagsire|Scald|p1a: Clefable
|-damage|p1a: Clefable|44/100
|
|-heal|p2a: Quagsire|96/100 brn|[from] item: Leftovers
|-damage|p2a: Quagsire|89/100 brn|[from] brn
|upkeep
|turn|212
|inactive|LT91BB MDB2 has 25 seconds left this turn.
|inactive|LT91BB MDB2 has 20 seconds left.
|j|+Icemaster
|
|t:|1659565824
|move|p1a: Clefable|Soft-Boiled|p1a: Clefable
|-heal|p1a: Clefable|94/100
|move|p2a: Quagsire|Scald|p1a: Clefable
|-damage|p1a: Clefable|77/100
|
|-heal|p2a: Quagsire|96/100 brn|[from] item: Leftovers
|-damage|p2a: Quagsire|89/100 brn|[from] brn
|upkeep
|turn|213
|inactive|LT91BB MDB2 has 25 seconds left this turn.
|
|t:|1659565829
|switch|p1a: Toxapex|Toxapex, F|100/100
|-damage|p1a: Toxapex|88/100|[from] Stealth Rock
|-damage|p1a: Toxapex|72/100|[from] Spikes
|-sideend|p1: LT91BB MDB2|move: Toxic Spikes|[of] p1a: Toxapex
|switch|p2a: Cresselia|Cresselia, F|78/100
|
|-heal|p2a: Cresselia|84/100|[from] item: Leftovers
|upkeep
|turn|214
|inactive|LT91BB MDB2 has 25 seconds left this turn.
|inactive|LT91BB MDB2 has 20 seconds left.
|inactive|LT91BB animefan has 120 seconds left.
|
|t:|1659565835
|switch|p2a: Skarmory|Skarmory, F|78/100
|switch|p1a: Clefable|Clefable, M|77/100
|
|upkeep
|turn|215
|inactive|LT91BB MDB2 has 25 seconds left this turn.
|
|t:|1659565838
|switch|p2a: Cresselia|Cresselia, F|84/100
|switch|p1a: Toxapex|Toxapex, F|100/100
|-damage|p1a: Toxapex|88/100|[from] Stealth Rock
|-damage|p1a: Toxapex|72/100|[from] Spikes
|
|-heal|p2a: Cresselia|90/100|[from] item: Leftovers
|upkeep
|turn|216
|inactive|LT91BB MDB2 has 25 seconds left this turn.
|
|t:|1659565840
|switch|p2a: Skarmory|Skarmory, F|78/100
|switch|p1a: Clefable|Clefable, M|77/100
|
|upkeep
|turn|217
|inactive|LT91BB MDB2 has 30 seconds left this turn.
|
|t:|1659565842
|switch|p2a: Cresselia|Cresselia, F|90/100
|switch|p1a: Toxapex|Toxapex, F|100/100
|-damage|p1a: Toxapex|88/100|[from] Stealth Rock
|-damage|p1a: Toxapex|72/100|[from] Spikes
|
|-heal|p2a: Cresselia|96/100|[from] item: Leftovers
|upkeep
|turn|218
|inactive|LT91BB MDB2 has 30 seconds left this turn.
|
|t:|1659565846
|move|p2a: Cresselia|Toxic|p1a: Toxapex
|-immune|p1a: Toxapex
|move|p1a: Toxapex|Light Screen|p1a: Toxapex
|-sidestart|p1: LT91BB MDB2|move: Light Screen
|
|-heal|p2a: Cresselia|100/100|[from] item: Leftovers
|upkeep
|turn|219
|j| chokst du
|inactive|LT91BB MDB2 has 30 seconds left.
|
|t:|1659565852
|switch|p2a: Skarmory|Skarmory, F|78/100
|switch|p1a: Clefable|Clefable, M|77/100
|
|upkeep
|turn|220
|inactive|LT91BB MDB2 has 30 seconds left this turn.
|
|t:|1659565855
|switch|p2a: Cresselia|Cresselia, F|100/100
|switch|p1a: Toxapex|Toxapex, F|100/100
|-damage|p1a: Toxapex|88/100|[from] Stealth Rock
|-damage|p1a: Toxapex|72/100|[from] Spikes
|
|upkeep
|turn|221
|
|t:|1659565856
|switch|p2a: Skarmory|Skarmory, F|78/100
|switch|p1a: Clefable|Clefable, M|77/100
|
|upkeep
|turn|222
|
|t:|1659565858
|switch|p2a: Cresselia|Cresselia, F|100/100
|switch|p1a: Toxapex|Toxapex, F|100/100
|-damage|p1a: Toxapex|88/100|[from] Stealth Rock
|-damage|p1a: Toxapex|72/100|[from] Spikes
|
|-sideend|p1: LT91BB MDB2|move: Light Screen
|upkeep
|turn|223
|
|t:|1659565860
|switch|p2a: Skarmory|Skarmory, F|78/100
|move|p1a: Toxapex|Toxic|p2a: Skarmory
|-immune|p2a: Skarmory
|
|upkeep
|turn|224
|
|t:|1659565863
|switch|p1a: Clefable|Clefable, M|77/100
|move|p2a: Skarmory|Toxic|p1a: Clefable
|-status|p1a: Clefable|tox
|
|-damage|p1a: Clefable|71/100 tox|[from] psn
|upkeep
|turn|225
|j| Bloody alfa
|l| abab rhyme
|
|t:|1659565868
|switch|p2a: Cresselia|Cresselia, F|100/100
|switch|p1a: Blissey|Blissey, F|96/100
|-damage|p1a: Blissey|84/100|[from] Stealth Rock
|-damage|p1a: Blissey|67/100|[from] Spikes
|
|upkeep
|turn|226
|
|t:|1659565873
|switch|p2a: Clefable|Clefable, M|69/100 tox
|move|p1a: Blissey|Seismic Toss|p2a: Clefable
|-damage|p2a: Clefable|43/100 tox
|
|upkeep
|turn|227
|l| Bloody alfa
|
|t:|1659565880
|move|p2a: Clefable|Soft-Boiled|p2a: Clefable
|-heal|p2a: Clefable|93/100 tox
|move|p1a: Blissey|Heal Bell|p1a: Blissey
|-activate|p1a: Blissey|move: Heal Bell
|-curestatus|p1: Corviknight|brn|[msg]
|-curestatus|p1: Clefable|tox|[msg]
|
|upkeep
|turn|228
|
|t:|1659565883
|move|p2a: Clefable|Heal Bell|p2a: Clefable
|-activate|p2a: Clefable|move: Heal Bell
|-curestatus|p2a: Clefable|tox|[msg]
|-curestatus|p2: Quagsire|brn|[msg]
|-curestatus|p2: Zapdos|tox|[msg]
|move|p1a: Blissey|Soft-Boiled|p1a: Blissey
|-heal|p1a: Blissey|100/100
|
|upkeep
|turn|229
|
|t:|1659565887
|move|p2a: Clefable|Moonblast|p1a: Blissey
|-damage|p1a: Blissey|89/100
|-unboost|p1a: Blissey|spa|1
|move|p1a: Blissey|Toxic|p2a: Clefable
|-status|p2a: Clefable|tox
|
|upkeep
|turn|230
|
|t:|1659565891
|switch|p2a: Skarmory|Skarmory, F|78/100
|move|p1a: Blissey|Seismic Toss|p2a: Skarmory
|-damage|p2a: Skarmory|48/100
|
|upkeep
|turn|231
|
|t:|1659565895
|move|p2a: Skarmory|Roost|p2a: Skarmory
|-heal|p2a: Skarmory|98/100
|-singleturn|p2a: Skarmory|move: Roost
|move|p1a: Blissey|Seismic Toss|p2a: Skarmory
|-damage|p2a: Skarmory|68/100
|
|upkeep
|turn|232
|j| sdiubfgadfig
|l| HereForFrens
|j| WhatColorIsThis?
|
|t:|1659565903
|switch|p2a: Clefable|Clefable, M|93/100 tox
|move|p1a: Blissey|Toxic|p2a: Clefable
|-fail|p2a: Clefable|tox
|
|upkeep
|turn|233
|j| buggy enjoyer
|l| sdiubfgadfig
|l| chokst du
|
|t:|1659565910
|switch|p2a: Toxapex|Toxapex, F|100/100
|move|p1a: Blissey|Seismic Toss|p2a: Toxapex
|-damage|p2a: Toxapex|67/100
|
|upkeep
|turn|234
|j| je rappelle
|j| DrasticLightning
|
|t:|1659565918
|switch|p2a: Clefable|Clefable, M|93/100 tox
|move|p1a: Blissey|Seismic Toss|p2a: Clefable
|-damage|p2a: Clefable|68/100 tox
|
|upkeep
|turn|235
|
|t:|1659565923
|switch|p2a: Toxapex|Toxapex, F|100/100
|switch|p1a: Clefable|Clefable, M|71/100
|
|upkeep
|turn|236
|l| je rappelle
|l| WhatColorIsThis?
|
|t:|1659565933
|switch|p1a: Toxapex|Toxapex, F|100/100
|-damage|p1a: Toxapex|88/100|[from] Stealth Rock
|-damage|p1a: Toxapex|72/100|[from] Spikes
|switch|p2a: Zapdos|Zapdos|78/100
|-ability|p2a: Zapdos|Pressure
|
|upkeep
|turn|237
|
|t:|1659565938
|switch|p2a: Skarmory|Skarmory, F|68/100
|switch|p1a: Hippowdon|Hippowdon, M|94/100
|-damage|p1a: Hippowdon|88/100|[from] Stealth Rock
|-damage|p1a: Hippowdon|71/100|[from] Spikes
|-weather|Sandstorm|[from] ability: Sand Stream|[of] p1a: Hippowdon
|
|-weather|Sandstorm|[upkeep]
|upkeep
|turn|238
|
|t:|1659565943
|switch|p1a: Toxapex|Toxapex, F|100/100
|-damage|p1a: Toxapex|88/100|[from] Stealth Rock
|-damage|p1a: Toxapex|72/100|[from] Spikes
|move|p2a: Skarmory|Toxic|p1a: Toxapex
|-immune|p1a: Toxapex
|
|-weather|Sandstorm|[upkeep]
|-damage|p1a: Toxapex|66/100|[from] Sandstorm
|upkeep
|turn|239
|
|t:|1659565947
|switch|p2a: Toxapex|Toxapex, F|100/100
|switch|p1a: Hippowdon|Hippowdon, M|71/100
|-damage|p1a: Hippowdon|65/100|[from] Stealth Rock
|-damage|p1a: Hippowdon|49/100|[from] Spikes
|
|-weather|Sandstorm|[upkeep]
|-damage|p2a: Toxapex|95/100|[from] Sandstorm
|upkeep
|turn|240
|j|+Wildfiree ❤
|
|t:|1659565955
|switch|p2a: Cresselia|Cresselia, F|100/100
|move|p1a: Hippowdon|Stealth Rock|p2a: Cresselia
|-sidestart|p2: LT91BB animefan|move: Stealth Rock
|
|-weather|Sandstorm|[upkeep]
|-damage|p2a: Cresselia|94/100|[from] Sandstorm
|-heal|p2a: Cresselia|100/100|[from] item: Leftovers
|upkeep
|turn|241
|
|t:|1659565960
|move|p2a: Cresselia|Toxic|p1a: Hippowdon
|-status|p1a: Hippowdon|tox
|move|p1a: Hippowdon|Toxic|p2a: Cresselia
|-status|p2a: Cresselia|tox
|
|-weather|none
|-damage|p2a: Cresselia|94/100 tox|[from] psn
|-damage|p1a: Hippowdon|42/100 tox|[from] psn
|upkeep
|turn|242
|j| Ernstbusch
|
|t:|1659565968
|move|p2a: Cresselia|Ice Beam|p1a: Hippowdon
|-supereffective|p1a: Hippowdon
|-damage|p1a: Hippowdon|18/100 tox
|move|p1a: Hippowdon|Slack Off|p1a: Hippowdon
|-heal|p1a: Hippowdon|68/100 tox
|
|-heal|p2a: Cresselia|100/100 tox|[from] item: Leftovers
|-damage|p2a: Cresselia|88/100 tox|[from] psn
|-damage|p1a: Hippowdon|56/100 tox|[from] psn
|upkeep
|turn|243
|
|t:|1659565973
|switch|p2a: Zapdos|Zapdos|78/100
|-damage|p2a: Zapdos|54/100|[from] Stealth Rock
|-ability|p2a: Zapdos|Pressure
|move|p1a: Hippowdon|Slack Off|p1a: Hippowdon
|-heal|p1a: Hippowdon|100/100 tox
|
|-damage|p1a: Hippowdon|82/100 tox|[from] psn
|upkeep
|turn|244
|
|t:|1659565977
|switch|p1a: Toxapex|Toxapex, F|99/100
|-damage|p1a: Toxapex|87/100|[from] Stealth Rock
|-damage|p1a: Toxapex|70/100|[from] Spikes
|move|p2a: Zapdos|Roost|p2a: Zapdos
|-heal|p2a: Zapdos|100/100
|-singleturn|p2a: Zapdos|move: Roost
|
|upkeep
|turn|245
|
|t:|1659565984
|move|p2a: Zapdos|Volt Switch|p1a: Toxapex
|-supereffective|p1a: Toxapex
|-damage|p1a: Toxapex|21/100
|
|t:|1659565988
|switch|p2a: Quagsire|Quagsire, M|89/100|[from]move: Volt Switch
|-damage|p2a: Quagsire|83/100|[from] Stealth Rock
|move|p1a: Toxapex|Recover|p1a: Toxapex
|-heal|p1a: Toxapex|71/100
|
|-heal|p2a: Quagsire|89/100|[from] item: Leftovers
|upkeep
|turn|246
|
|t:|1659565992
|switch|p1a: Clefable|Clefable, M|71/100
|switch|p2a: Toxapex|Toxapex, F|100/100
|-damage|p2a: Toxapex|88/100|[from] Stealth Rock
|
|upkeep
|turn|247
|
|t:|1659565998
|switch|p2a: Quagsire|Quagsire, M|89/100
|-damage|p2a: Quagsire|83/100|[from] Stealth Rock
|move|p1a: Clefable|Moonblast|p2a: Quagsire
|-damage|p2a: Quagsire|47/100
|
|-heal|p2a: Quagsire|53/100|[from] item: Leftovers
|upkeep
|turn|248
|
|t:|1659566009
|move|p1a: Clefable|Moonblast|p2a: Quagsire
|-damage|p2a: Quagsire|17/100
|move|p2a: Quagsire|Recover|p2a: Quagsire
|-heal|p2a: Quagsire|67/100
|
|-heal|p2a: Quagsire|73/100|[from] item: Leftovers
|upkeep
|turn|249
|j| jhehehehe
|
|t:|1659566015
|switch|p1a: Toxapex|Toxapex, F|100/100
|-damage|p1a: Toxapex|88/100|[from] Stealth Rock
|-damage|p1a: Toxapex|72/100|[from] Spikes
|move|p2a: Quagsire|Recover|p2a: Quagsire
|-heal|p2a: Quagsire|100/100
|
|upkeep
|turn|250
|j| lt91bb ez
|
|t:|1659566025
|switch|p1a: Clefable|Clefable, M|71/100
|switch|p2a: Toxapex|Toxapex, F|100/100
|-damage|p2a: Toxapex|88/100|[from] Stealth Rock
|
|upkeep
|turn|251
|
|t:|1659566029
|switch|p2a: Clefable|Clefable, M|68/100 tox
|move|p1a: Clefable|Moonblast|p2a: Clefable
|-damage|p2a: Clefable|38/100 tox
|-unboost|p2a: Clefable|spa|1
|
|upkeep
|turn|252
|l| RNN YasuKe
|
|t:|1659566033
|move|p2a: Clefable|Soft-Boiled|p2a: Clefable
|-heal|p2a: Clefable|88/100 tox
|move|p1a: Clefable|Moonblast|p2a: Clefable
|-damage|p2a: Clefable|57/100 tox
|
|upkeep
|turn|253
|
|t:|1659566037
|switch|p2a: Quagsire|Quagsire, M|100/100
|-damage|p2a: Quagsire|94/100|[from] Stealth Rock
|move|p1a: Clefable|Calm Mind|p1a: Clefable
|-boost|p1a: Clefable|spa|1
|-boost|p1a: Clefable|spd|1
|
|-heal|p2a: Quagsire|100/100|[from] item: Leftovers
|upkeep
|turn|254
|
|t:|1659566043
|switch|p1a: Toxapex|Toxapex, F|100/100
|-damage|p1a: Toxapex|88/100|[from] Stealth Rock
|-damage|p1a: Toxapex|72/100|[from] Spikes
|move|p2a: Quagsire|Scald|p1a: Toxapex
|-resisted|p1a: Toxapex
|-damage|p1a: Toxapex|64/100
|
|upkeep
|turn|255
|
|t:|1659566051
|switch|p2a: Toxapex|Toxapex, F|100/100
|-damage|p2a: Toxapex|88/100|[from] Stealth Rock
|switch|p1a: Clefable|Clefable, M|71/100
|
|upkeep
|turn|256
|
|t:|1659566056
|switch|p1a: Toxapex|Toxapex, F|98/100
|-damage|p1a: Toxapex|85/100|[from] Stealth Rock
|-damage|p1a: Toxapex|69/100|[from] Spikes
|move|p2a: Toxapex|Haze|p2a: Toxapex
|-clearallboost
|
|upkeep
|turn|257
|
|t:|1659566067
|switch|p2a: Clefable|Clefable, M|57/100 tox
|move|p1a: Toxapex|Light Screen|p1a: Toxapex
|-sidestart|p1: LT91BB MDB2|move: Light Screen
|
|upkeep
|turn|258
|
|t:|1659566076
|switch|p2a: Toxapex|Toxapex, F|100/100
|-damage|p2a: Toxapex|88/100|[from] Stealth Rock
|switch|p1a: Clefable|Clefable, M|71/100
|
|upkeep
|turn|259
|
|t:|1659566080
|switch|p1a: Toxapex|Toxapex, F|100/100
|-damage|p1a: Toxapex|88/100|[from] Stealth Rock
|-damage|p1a: Toxapex|72/100|[from] Spikes
|switch|p2a: Quagsire|Quagsire, M|100/100
|-damage|p2a: Quagsire|94/100|[from] Stealth Rock
|
|-heal|p2a: Quagsire|100/100|[from] item: Leftovers
|upkeep
|turn|260
|
|t:|1659566083
|switch|p2a: Clefable|Clefable, M|57/100 tox
|switch|p1a: Clefable|Clefable, M|71/100
|
|upkeep
|turn|261
|
|t:|1659566086
|switch|p2a: Toxapex|Toxapex, F|100/100
|-damage|p2a: Toxapex|88/100|[from] Stealth Rock
|switch|p1a: Toxapex|Toxapex, F|100/100
|-damage|p1a: Toxapex|88/100|[from] Stealth Rock
|-damage|p1a: Toxapex|72/100|[from] Spikes
|
|-sideend|p1: LT91BB MDB2|move: Light Screen
|upkeep
|turn|262
|
|t:|1659566095
|switch|p1a: Corviknight|Corviknight, M|52/100
|-damage|p1a: Corviknight|39/100|[from] Stealth Rock
|-ability|p1a: Corviknight|Pressure
|move|p2a: Toxapex|Haze|p2a: Toxapex
|-clearallboost
|
|-damage|p1a: Corviknight|27/100|[from] item: Sticky Barb
|upkeep
|turn|263
|
|t:|1659566103
|switch|p2a: Zapdos|Zapdos|100/100
|-damage|p2a: Zapdos|76/100|[from] Stealth Rock
|-ability|p2a: Zapdos|Pressure
|move|p1a: Corviknight|Roost|p1a: Corviknight
|-heal|p1a: Corviknight|77/100
|-singleturn|p1a: Corviknight|move: Roost
|
|-damage|p1a: Corviknight|64/100|[from] item: Sticky Barb
|upkeep
|turn|264
|
|t:|1659566109
|switch|p1a: Clefable|Clefable, M|71/100
|move|p2a: Zapdos|Volt Switch|p1a: Clefable
|-damage|p1a: Clefable|46/100
|
|t:|1659566115
|switch|p2a: Toxapex|Toxapex, F|100/100|[from]move: Volt Switch
|-damage|p2a: Toxapex|88/100|[from] Stealth Rock
|
|upkeep
|turn|265
|l|+Wildfiree ❤
|
|t:|1659566121
|switch|p2a: Zapdos|Zapdos|76/100
|-damage|p2a: Zapdos|51/100|[from] Stealth Rock
|-ability|p2a: Zapdos|Pressure
|move|p1a: Clefable|Soft-Boiled|p1a: Clefable
|-heal|p1a: Clefable|96/100
|
|upkeep
|turn|266
|inactive|LT91BB MDB2 has 30 seconds left.
|
|t:|1659566128
|switch|p1a: Blissey|Blissey, F|89/100
|-damage|p1a: Blissey|76/100|[from] Stealth Rock
|-damage|p1a: Blissey|59/100|[from] Spikes
|move|p2a: Zapdos|Roost|p2a: Zapdos
|-heal|p2a: Zapdos|100/100
|-singleturn|p2a: Zapdos|move: Roost
|
|upkeep
|turn|267
|j| Xtern
|
|t:|1659566133
|move|p2a: Zapdos|Volt Switch|p1a: Blissey
|-damage|p1a: Blissey|49/100
|
|t:|1659566136
|switch|p2a: Skarmory|Skarmory, F|68/100|[from]move: Volt Switch
|-damage|p2a: Skarmory|55/100|[from] Stealth Rock
|move|p1a: Blissey|Soft-Boiled|p1a: Blissey
|-heal|p1a: Blissey|99/100
|
|upkeep
|turn|268
|
|t:|1659566142
|move|p2a: Skarmory|Roost|p2a: Skarmory
|-heal|p2a: Skarmory|100/100
|-singleturn|p2a: Skarmory|move: Roost
|move|p1a: Blissey|Seismic Toss|p2a: Skarmory
|-damage|p2a: Skarmory|70/100
|
|upkeep
|turn|269
|j| LT91BB Futility
|l| Zirpurze
|
|t:|1659566157
|move|p2a: Skarmory|Spikes|p1a: Blissey
|-sidestart|p1: LT91BB MDB2|Spikes
|move|p1a: Blissey|Seismic Toss|p2a: Skarmory
|-damage|p2a: Skarmory|40/100
|
|upkeep
|turn|270
|
|t:|1659566163
|move|p2a: Skarmory|Roost|p2a: Skarmory
|-heal|p2a: Skarmory|90/100
|-singleturn|p2a: Skarmory|move: Roost
|move|p1a: Blissey|Seismic Toss|p2a: Skarmory
|-damage|p2a: Skarmory|60/100
|
|upkeep
|turn|271
|
|t:|1659566170
|move|p2a: Skarmory|Body Press|p1a: Blissey
|-supereffective|p1a: Blissey
|-crit|p1a: Blissey
|-damage|p1a: Blissey|26/100
|move|p1a: Blissey|Seismic Toss|p2a: Skarmory
|-damage|p2a: Skarmory|30/100
|
|upkeep
|turn|272
|
|t:|1659566175
|move|p2a: Skarmory|Roost|p2a: Skarmory
|-heal|p2a: Skarmory|80/100
|-singleturn|p2a: Skarmory|move: Roost
|move|p1a: Blissey|Soft-Boiled|p1a: Blissey
|-heal|p1a: Blissey|76/100
|
|upkeep
|turn|273
|
|t:|1659566179
|switch|p2a: Toxapex|Toxapex, F|100/100
|-damage|p2a: Toxapex|88/100|[from] Stealth Rock
|switch|p1a: Corviknight|Corviknight, M|64/100
|-damage|p1a: Corviknight|52/100|[from] Stealth Rock
|-ability|p1a: Corviknight|Pressure
|
|-damage|p1a: Corviknight|39/100|[from] item: Sticky Barb
|upkeep
|turn|274
|
|t:|1659566184
|switch|p2a: Zapdos|Zapdos|100/100
|-damage|p2a: Zapdos|76/100|[from] Stealth Rock
|-ability|p2a: Zapdos|Pressure
|move|p1a: Corviknight|Defog|p2a: Zapdos
|-unboost|p2a: Zapdos|evasion|1
|-sideend|p2: LT91BB animefan|Stealth Rock|[from] move: Defog|[of] p1a: Corviknight
|-sideend|p1: LT91BB MDB2|Spikes|[from] move: Defog|[of] p1a: Corviknight
|-sideend|p1: LT91BB MDB2|Stealth Rock|[from] move: Defog|[of] p1a: Corviknight
|
|-damage|p1a: Corviknight|27/100|[from] item: Sticky Barb
|upkeep
|turn|275
|
|t:|1659566187
|switch|p2a: Clefable|Clefable, M|57/100 tox
|switch|p1a: Hippowdon|Hippowdon, M|82/100 tox
|-weather|Sandstorm|[from] ability: Sand Stream|[of] p1a: Hippowdon
|
|-weather|Sandstorm|[upkeep]
|-damage|p1a: Hippowdon|76/100 tox|[from] psn
|upkeep
|turn|276
|
|t:|1659566191
|switch|p1a: Corviknight|Corviknight, M|27/100
|-ability|p1a: Corviknight|Pressure
|move|p2a: Clefable|Stealth Rock|p1a: Corviknight
|-sidestart|p1: LT91BB MDB2|move: Stealth Rock
|
|-weather|Sandstorm|[upkeep]
|-damage|p1a: Corviknight|15/100|[from] item: Sticky Barb
|upkeep
|turn|277
|l| LT91BB Lou
|
|t:|1659566196
|move|p1a: Corviknight|Roost|p1a: Corviknight
|-heal|p1a: Corviknight|64/100
|-singleturn|p1a: Corviknight|move: Roost
|move|p2a: Clefable|Moonblast|p1a: Corviknight
|-resisted|p1a: Corviknight
|-damage|p1a: Corviknight|51/100
|-unboost|p1a: Corviknight|spa|1
|
|-weather|Sandstorm|[upkeep]
|-damage|p1a: Corviknight|39/100|[from] item: Sticky Barb
|upkeep
|turn|278
|
|t:|1659566200
|move|p1a: Corviknight|Roost|p1a: Corviknight
|-heal|p1a: Corviknight|89/100
|-singleturn|p1a: Corviknight|move: Roost
|move|p2a: Clefable|Moonblast|p1a: Corviknight
|-resisted|p1a: Corviknight
|-damage|p1a: Corviknight|75/100
|
|-weather|Sandstorm|[upkeep]
|-damage|p1a: Corviknight|63/100|[from] item: Sticky Barb
|upkeep
|turn|279
|l| jhehehehe
|
|t:|1659566212
|switch|p1a: Clefable|Clefable, M|96/100
|switch|p2a: Skarmory|Skarmory, F|80/100
|
|-weather|none
|upkeep
|turn|280
|
|t:|1659566218
|switch|p1a: Blissey|Blissey, F|76/100
|-damage|p1a: Blissey|63/100|[from] Stealth Rock
|move|p2a: Skarmory|Toxic|p1a: Blissey
|-status|p1a: Blissey|tox
|
|-damage|p1a: Blissey|57/100 tox|[from] psn
|upkeep
|turn|281
|
|t:|1659566224
|-curestatus|p1a: Blissey|tox|[from] ability: Natural Cure
|switch|p1a: Toxapex|Toxapex, F|100/100
|-damage|p1a: Toxapex|88/100|[from] Stealth Rock
|move|p2a: Skarmory|Spikes|p1a: Toxapex
|-sidestart|p1: LT91BB MDB2|Spikes
|
|upkeep
|turn|282
|
|t:|1659566230
|switch|p2a: Clefable|Clefable, M|57/100 tox
|switch|p1a: Clefable|Clefable, M|96/100
|
|upkeep
|turn|283
|
|t:|1659566237
|switch|p2a: Toxapex|Toxapex, F|100/100
|move|p1a: Clefable|Moonblast|p2a: Toxapex
|-resisted|p2a: Toxapex
|-damage|p2a: Toxapex|91/100
|
|upkeep
|turn|284
|
|t:|1659566242
|switch|p2a: Quagsire|Quagsire, M|100/100
|move|p1a: Clefable|Moonblast|p2a: Quagsire
|-damage|p2a: Quagsire|65/100
|
|-heal|p2a: Quagsire|71/100|[from] item: Leftovers
|upkeep
|turn|285
|
|t:|1659566247
|switch|p1a: Blissey|Blissey, F|57/100
|-damage|p1a: Blissey|44/100|[from] Stealth Rock
|-damage|p1a: Blissey|32/100|[from] Spikes
|move|p2a: Quagsire|Scald|p1a: Blissey
|-damage|p1a: Blissey|25/100
|-status|p1a: Blissey|brn
|
|-heal|p2a: Quagsire|77/100|[from] item: Leftovers
|-damage|p1a: Blissey|19/100 brn|[from] brn
|upkeep
|turn|286
|l| lt91bb ez
|
|t:|1659566251
|switch|p2a: Skarmory|Skarmory, F|80/100
|move|p1a: Blissey|Soft-Boiled|p1a: Blissey
|-heal|p1a: Blissey|69/100 brn
|
|-damage|p1a: Blissey|63/100 brn|[from] brn
|upkeep
|turn|287
|
|t:|1659566254
|move|p2a: Skarmory|Spikes|p1a: Blissey
|-sidestart|p1: LT91BB MDB2|Spikes
|move|p1a: Blissey|Heal Bell|p1a: Blissey
|-activate|p1a: Blissey|move: Heal Bell
|-curestatus|p1a: Blissey|brn|[msg]
|-curestatus|p1: Hippowdon|tox|[msg]
|
|upkeep
|turn|288
|
|t:|1659566259
|switch|p2a: Toxapex|Toxapex, F|100/100
|move|p1a: Blissey|Soft-Boiled|p1a: Blissey
|-heal|p1a: Blissey|100/100
|
|upkeep
|turn|289
|
|t:|1659566264
|switch|p1a: Toxapex|Toxapex, F|100/100
|-damage|p1a: Toxapex|88/100|[from] Stealth Rock
|-damage|p1a: Toxapex|72/100|[from] Spikes
|switch|p2a: Clefable|Clefable, M|57/100 tox
|
|upkeep
|turn|290
|inactive|LT91BB MDB2 has 30 seconds left.
|inactive|LT91BB MDB2 has 20 seconds left.
|
|t:|1659566307
|switch|p1a: Clefable|Clefable, M|96/100
|move|p2a: Clefable|Soft-Boiled|p2a: Clefable
|-heal|p2a: Clefable|100/100 tox
|
|upkeep
|turn|291
|inactive|LT91BB MDB2 has 20 seconds left this turn.
|
|t:|1659566316
|switch|p2a: Toxapex|Toxapex, F|100/100
|switch|p1a: Toxapex|Toxapex, F|100/100
|-damage|p1a: Toxapex|88/100|[from] Stealth Rock
|-damage|p1a: Toxapex|72/100|[from] Spikes
|
|upkeep
|turn|292
|inactive|LT91BB MDB2 has 25 seconds left this turn.
|
|t:|1659566319
|switch|p1a: Clefable|Clefable, M|96/100
|move|p2a: Toxapex|Knock Off|p1a: Clefable
|-resisted|p1a: Clefable
|-damage|p1a: Clefable|90/100
|-enditem|p1a: Clefable|Heavy-Duty Boots|[from] move: Knock Off|[of] p2a: Toxapex
|
|upkeep
|turn|293
|inactive|LT91BB MDB2 has 25 seconds left this turn.
|inactive|LT91BB MDB2 has 20 seconds left.
|inactive|LT91BB MDB2 has 15 seconds left.
|c|☆LT91BB MDB2|Weird
|inactive|LT91BB MDB2 has 10 seconds left.
|j| CutePokesOnly
|c|☆LT91BB MDB2|gg
|c|☆LT91BB animefan|gg
|inactive|LT91BB MDB2 has 5 seconds left.
|c| DrasticLightning|gg
|-message|LT91BB MDB2 forfeited.
|
|win|LT91BB animefan
|inactive|LT91BB MDB2 has 5 seconds left this turn.
|raw|LT91BB MDB2's rating: 2103 &rarr; <strong>2082</strong><br />(-21 for losing)
|raw|LT91BB animefan's rating: 2079 &rarr; <strong>2100</strong><br />(+21 for winning)
|l| CutePokesOnly
|l| LT91BB Tace
|j| CutePokesOnly
|l| LT91BB Punny
|l| DrasticLightning
|l|☆LT91BB MDB2
|l| buggy enjoyer
|l| terrastallize
|l|☆LT91BB animefan
|l| sdsdfasdwe
|l| Referrals
|l| CutePokesOnly
|l|+Icemaster
