|j|☆The Last Hero
|j|☆Assbender42069
|t:|1607442630
|player|p1|The Last Hero|acetrainersnow|1846
|player|p2|Assbender42069|101|1794
|teamsize|p1|6
|teamsize|p2|6
|gametype|singles
|gen|8
|tier|[Gen 8] OU
|rated|
|clearpoke
|poke|p1|Tyranitar, F|
|poke|p1|Garchomp, M|
|poke|p1|Magnezone|
|poke|p1|Clefable, F|
|poke|p1|Mantine, M|
|poke|p1|Cinderace, M|
|poke|p2|Pelipper, F|
|poke|p2|Blissey, F|
|poke|p2|Barraskewda, F|
|poke|p2|Ferrothorn, F|
|poke|p2|Urshifu-*, F|
|poke|p2|Tornadus-Therian, M|
|rule|Sleep Clause Mod: Limit one foe put to sleep
|rule|Species Clause: Limit one of each Pokémon
|rule|OHKO Clause: OHKO moves are banned
|rule|Evasion Moves Clause: Evasion moves are banned
|rule|Endless Battle Clause: Forcing endless battles is banned
|rule|HP Percentage Mod: HP is shown in percentages
|rule|Dynamax Clause: You cannot dynamax
|teampreview
|inactive|Battle timer is ON: inactive players will automatically lose when time's up. (requested by Assbender42069)
|j| vip10086
|
|t:|1607442646
|start
|switch|p1a: Fabiole|Clefable, F|100/100
|switch|p2a: Pelipper|Pelipper, F|100/100
|-weather|RainDance|[from] ability: Drizzle|[of] p2a: Pelipper
|turn|1
|
|t:|1607442654
|move|p1a: Fabiole|Calm Mind|p1a: Fabiole
|-boost|p1a: Fabiole|spa|1
|-boost|p1a: Fabiole|spd|1
|move|p2a: Pelipper|U-turn|p1a: Fabiole
|-resisted|p1a: Fabiole
|-damage|p1a: Fabiole|97/100
|
|t:|1607442661
|switch|p2a: Urshifu|Urshifu-Rapid-Strike, F|100/100|[from]move: U-turn
|
|-weather|RainDance|[upkeep]
|-heal|p1a: Fabiole|100/100|[from] item: Leftovers
|upkeep
|turn|2
|j| SemiProHawk707
|j| camelott
|j| Gigashrimps
|j| bigbadbbear
|j| deepesh1
|c| Gigashrimps|Mantine pog
|c| Gigashrimps|Flying pancake
|inactive|Assbender42069 has 120 seconds left.
|
|t:|1607442710
|switch|p1a: Mantarraya|Mantine, M|100/100
|move|p2a: Urshifu|Surging Strikes|p1a: Mantarraya
|-immune|p1a: Mantarraya|[from] ability: Water Absorb
|
|-weather|RainDance|[upkeep]
|upkeep
|turn|3
|j| skyexperimenter
|
|t:|1607442720
|switch|p2a: Ferrothorn|Ferrothorn, F|100/100
|move|p1a: Mantarraya|Scald|p2a: Ferrothorn
|-resisted|p2a: Ferrothorn
|-damage|p2a: Ferrothorn|86/100
|-status|p2a: Ferrothorn|brn
|
|-weather|RainDance|[upkeep]
|-damage|p2a: Ferrothorn|79/100 brn|[from] brn
|upkeep
|turn|4
|
|t:|1607442731
|switch|p1a: Fabiole|Clefable, F|100/100
|move|p2a: Ferrothorn|Stealth Rock|p1a: Fabiole
|-sidestart|p1: The Last Hero|move: Stealth Rock
|
|-weather|RainDance|[upkeep]
|-damage|p2a: Ferrothorn|73/100 brn|[from] brn
|upkeep
|turn|5
|
|t:|1607442739
|move|p1a: Fabiole|Calm Mind|p1a: Fabiole
|-boost|p1a: Fabiole|spa|1
|-boost|p1a: Fabiole|spd|1
|move|p2a: Ferrothorn|Knock Off|p1a: Fabiole
|-resisted|p1a: Fabiole
|-damage|p1a: Fabiole|97/100
|-enditem|p1a: Fabiole|Leftovers|[from] move: Knock Off|[of] p2a: Ferrothorn
|
|-weather|RainDance|[upkeep]
|-damage|p2a: Ferrothorn|67/100 brn|[from] brn
|upkeep
|turn|6
|
|t:|1607442752
|switch|p2a: Barraskewda|Barraskewda, F|100/100
|move|p1a: Fabiole|Calm Mind|p1a: Fabiole
|-boost|p1a: Fabiole|spa|1
|-boost|p1a: Fabiole|spd|1
|
|-weather|RainDance|[upkeep]
|upkeep
|turn|7
|
|t:|1607442761
|move|p2a: Barraskewda|Liquidation|p1a: Fabiole
|-damage|p1a: Fabiole|14/100
|move|p1a: Fabiole|Thunder|p2a: Barraskewda
|-supereffective|p2a: Barraskewda
|-damage|p2a: Barraskewda|0 fnt
|faint|p2a: Barraskewda
|
|-weather|RainDance|[upkeep]
|upkeep
|
|t:|1607442773
|switch|p2a: Urshifu|Urshifu-Rapid-Strike, F|100/100
|turn|8
|
|t:|1607442778
|switch|p1a: Magnetroll|Magnezone|100/100
|-damage|p1a: Magnetroll|94/100|[from] Stealth Rock
|move|p2a: Urshifu|Thunder Punch|p1a: Magnetroll
|-resisted|p1a: Magnetroll
|-damage|p1a: Magnetroll|72/100
|
|-weather|none
|upkeep
|turn|9
|
|t:|1607442788
|switch|p2a: Blissey|Blissey, F|100/100
|move|p1a: Magnetroll|Volt Switch|p2a: Blissey
|-damage|p2a: Blissey|85/100
|
|t:|1607442791
|switch|p1a: Fabiole|Clefable, F|14/100|[from]move: Volt Switch
|
|upkeep
|turn|10
|
|t:|1607442800
|move|p1a: Fabiole|Soft-Boiled|p1a: Fabiole
|-heal|p1a: Fabiole|65/100
|move|p2a: Blissey|Teleport|p2a: Blissey
|
|t:|1607442805
|switch|p2a: Pelipper|Pelipper, F|100/100|[from]move: Teleport
|-weather|RainDance|[from] ability: Drizzle|[of] p2a: Pelipper
|
|-weather|RainDance|[upkeep]
|upkeep
|turn|11
|
|t:|1607442812
|move|p1a: Fabiole|Soft-Boiled|p1a: Fabiole
|-heal|p1a: Fabiole|100/100
|move|p2a: Pelipper|U-turn|p1a: Fabiole
|-resisted|p1a: Fabiole
|-damage|p1a: Fabiole|97/100
|
|t:|1607442819
|switch|p2a: Urshifu|Urshifu-Rapid-Strike, F|100/100|[from]move: U-turn
|
|-weather|RainDance|[upkeep]
|upkeep
|turn|12
|j| outb pj
|
|t:|1607442824
|switch|p1a: Magnetroll|Magnezone|72/100
|-damage|p1a: Magnetroll|66/100|[from] Stealth Rock
|move|p2a: Urshifu|Surging Strikes|p1a: Magnetroll
|-crit|p1a: Magnetroll
|-damage|p1a: Magnetroll|14/100
|-crit|p1a: Magnetroll
|-damage|p1a: Magnetroll|0 fnt
|-hitcount|p1a: Magnetroll|2
|faint|p1a: Magnetroll
|
|-weather|RainDance|[upkeep]
|upkeep
|
|t:|1607442828
|switch|p1a: Mantarraya|Mantine, M|100/100
|turn|13
|
|t:|1607442844
|switch|p2a: Ferrothorn|Ferrothorn, F|67/100 brn
|move|p1a: Mantarraya|Defog|p2a: Ferrothorn
|-unboost|p2a: Ferrothorn|evasion|1
|-sideend|p1: The Last Hero|Stealth Rock|[from] move: Defog|[of] p1a: Mantarraya
|
|-weather|RainDance|[upkeep]
|-damage|p2a: Ferrothorn|61/100 brn|[from] brn
|upkeep
|turn|14
|
|t:|1607442860
|switch|p1a: Fabiole|Clefable, F|97/100
|move|p2a: Ferrothorn|Stealth Rock|p1a: Fabiole
|-sidestart|p1: The Last Hero|move: Stealth Rock
|
|-weather|RainDance|[upkeep]
|-damage|p2a: Ferrothorn|54/100 brn|[from] brn
|upkeep
|turn|15
|
|t:|1607442868
|switch|p2a: Urshifu|Urshifu-Rapid-Strike, F|100/100
|move|p1a: Fabiole|Moonblast|p2a: Urshifu
|-supereffective|p2a: Urshifu
|-crit|p2a: Urshifu
|-damage|p2a: Urshifu|0 fnt
|faint|p2a: Urshifu
|
|-weather|RainDance|[upkeep]
|upkeep
|
|t:|1607442878
|switch|p2a: Tornadus|Tornadus-Therian, M|100/100
|turn|16
|
|t:|1607442882
|move|p2a: Tornadus|Nasty Plot|p2a: Tornadus
|-boost|p2a: Tornadus|spa|2
|move|p1a: Fabiole|Thunder|p2a: Tornadus
|-supereffective|p2a: Tornadus
|-damage|p2a: Tornadus|37/100
|
|-weather|RainDance|[upkeep]
|upkeep
|turn|17
|
|t:|1607442894
|switch|p1a: Jurasica|Tyranitar, F|100/100
|-damage|p1a: Jurasica|88/100|[from] Stealth Rock
|-weather|Sandstorm|[from] ability: Sand Stream|[of] p1a: Jurasica
|move|p2a: Tornadus|Hurricane|p1a: Jurasica|[miss]
|-miss|p2a: Tornadus|p1a: Jurasica
|
|-weather|Sandstorm|[upkeep]
|-damage|p2a: Tornadus|31/100|[from] Sandstorm
|upkeep
|turn|18
|
|t:|1607442908
|switch|p1a: Mantarraya|Mantine, M|100/100
|move|p2a: Tornadus|Weather Ball|p1a: Mantarraya
|-supereffective|p1a: Mantarraya
|-damage|p1a: Mantarraya|22/100
|
|-weather|Sandstorm|[upkeep]
|-damage|p2a: Tornadus|25/100|[from] Sandstorm
|-damage|p1a: Mantarraya|16/100|[from] Sandstorm
|upkeep
|turn|19
|
|t:|1607442917
|move|p2a: Tornadus|Hurricane|p1a: Mantarraya
|-damage|p1a: Mantarraya|0 fnt
|faint|p1a: Mantarraya
|
|-weather|Sandstorm|[upkeep]
|-damage|p2a: Tornadus|19/100|[from] Sandstorm
|upkeep
|
|t:|1607442920
|switch|p1a: Sonic|Cinderace, M|100/100
|-damage|p1a: Sonic|76/100|[from] Stealth Rock
|turn|20
|
|t:|1607442930
|switch|p2a: Ferrothorn|Ferrothorn, F|54/100 brn
|move|p1a: Sonic|U-turn|p2a: Ferrothorn
|-start|p1a: Sonic|typechange|Bug|[from] ability: Libero
|-damage|p2a: Ferrothorn|34/100 brn
|-damage|p1a: Sonic|63/100|[from] ability: Iron Barbs|[of] p2a: Ferrothorn
|-damage|p1a: Sonic|47/100|[from] item: Rocky Helmet|[of] p2a: Ferrothorn
|
|t:|1607442935
|switch|p1a: Chompy|Garchomp, M|100/100|[from]move: U-turn
|-damage|p1a: Chompy|94/100|[from] Stealth Rock
|
|-weather|Sandstorm|[upkeep]
|-heal|p1a: Chompy|100/100|[from] item: Leftovers
|-damage|p2a: Ferrothorn|27/100 brn|[from] brn
|upkeep
|turn|21
|
|t:|1607442949
|move|p1a: Chompy|Substitute|p1a: Chompy
|-start|p1a: Chompy|Substitute
|-damage|p1a: Chompy|76/100
|move|p2a: Ferrothorn|Leech Seed||[still]
|-fail|p2a: Ferrothorn
|
|-weather|Sandstorm|[upkeep]
|-heal|p1a: Chompy|82/100|[from] item: Leftovers
|-damage|p2a: Ferrothorn|21/100 brn|[from] brn
|upkeep
|turn|22
|
|t:|1607442959
|switch|p2a: Pelipper|Pelipper, F|100/100
|-weather|RainDance|[from] ability: Drizzle|[of] p2a: Pelipper
|move|p1a: Chompy|Swords Dance|p1a: Chompy
|-boost|p1a: Chompy|atk|2
|
|-weather|RainDance|[upkeep]
|-heal|p1a: Chompy|88/100|[from] item: Leftovers
|upkeep
|turn|23
|
|t:|1607442971
|move|p1a: Chompy|Scale Shot|p2a: Pelipper
|-damage|p2a: Pelipper|81/100
|-damage|p2a: Pelipper|59/100
|-damage|p2a: Pelipper|42/100
|-hitcount|p2a: Pelipper|3
|-unboost|p1a: Chompy|def|1
|-boost|p1a: Chompy|spe|1
|move|p2a: Pelipper|Scald|p1a: Chompy
|-end|p1a: Chompy|Substitute
|
|-weather|RainDance|[upkeep]
|-heal|p1a: Chompy|94/100|[from] item: Leftovers
|upkeep
|turn|24
|
|t:|1607442985
|move|p1a: Chompy|Scale Shot|p2a: Pelipper
|-damage|p2a: Pelipper|22/100
|-damage|p2a: Pelipper|1/100
|-crit|p2a: Pelipper
|-damage|p2a: Pelipper|0 fnt
|-hitcount|p2a: Pelipper|3
|-unboost|p1a: Chompy|def|1
|-boost|p1a: Chompy|spe|1
|faint|p2a: Pelipper
|
|-weather|RainDance|[upkeep]
|-heal|p1a: Chompy|99/100|[from] item: Leftovers
|upkeep
|j| Zombini62
|j| Vessev
|j| OilyBootySpex
|j| caracolamola
|j| Cure bball
|l| caracolamola
|-message|Assbender42069 forfeited.
|
|win|The Last Hero
|l|☆Assbender42069
|l| Zombini62
|l| OilyBootySpex
|l| skyexperimenter
|l| Gigashrimps
|l| bigbadbbear
||Ladder (probably) updated, but score could not be retrieved (Request timeout).
|l|☆The Last Hero
|l| camelott
|l| SemiProHawk707
|l| deepesh1
|l| outb pj
