|j|☆Delibird Heart
|j|☆MortalDom
|t:|1667148654
|gametype|singles
|player|p1|Delibird Heart|guitarist-gen4|1636
|player|p2|MortalDom|psychic-gen4|1680
|teamsize|p1|6
|teamsize|p2|6
|gen|8
|tier|[Gen 8] OU
|rated|
|rule|Sleep Clause Mod: Limit one foe put to sleep
|rule|Species Clause: Limit one of each Pokémon
|rule|OHKO Clause: OHKO moves are banned
|rule|Evasion Items Clause: Evasion items are banned
|rule|Evasion Moves Clause: Evasion moves are banned
|rule|Endless Battle Clause: Forcing endless battles is banned
|rule|HP Percentage Mod: HP is shown in percentages
|rule|Dynamax Clause: You cannot dynamax
|clearpoke
|poke|p1|Ninetales-Alola, M|
|poke|p1|Arctozolt|
|poke|p1|Blissey, F|
|poke|p1|Zapdos|
|poke|p1|Garchomp, F|
|poke|p1|Ferrothorn, F|
|poke|p2|Landorus-Therian, M|
|poke|p2|Tapu Fini|
|poke|p2|Zapdos|
|poke|p2|Corviknight, F|
|poke|p2|Pelipper, F|
|poke|p2|Dragapult, M|
|teampreview
|inactive|Battle timer is ON: inactive players will automatically lose when time's up. (requested by Delibird Heart)
|
|t:|1667148666
|start
|switch|p1a: Ninetales|Ninetales-Alola, M|100/100
|switch|p2a: Pelipper|Pelipper, F|100/100
|-weather|Hail|[from] ability: Snow Warning|[of] p1a: Ninetales
|-weather|RainDance|[from] ability: Drizzle|[of] p2a: Pelipper
|turn|1
|j| zabanya9
|
|t:|1667148678
|switch|p1a: Ferrothorn|Ferrothorn, F|100/100
|switch|p2a: Corviknight|Corviknight, F|100/100
|-ability|p2a: Corviknight|Pressure
|
|-weather|RainDance|[upkeep]
|upkeep
|turn|2
|j| Swas ❤
|
|t:|1667148694
|switch|p2a: Pelipper|Pelipper, F|100/100
|move|p1a: Ferrothorn|Knock Off|p2a: Pelipper
|-damage|p2a: Pelipper|71/100
|-enditem|p2a: Pelipper|Choice Specs|[from] move: Knock Off|[of] p1a: Ferrothorn
|
|-weather|RainDance|[upkeep]
|upkeep
|turn|3
|
|t:|1667148701
|switch|p1a: Blissey|Blissey, F|100/100
|move|p2a: Pelipper|Hurricane|p1a: Blissey
|-damage|p1a: Blissey|82/100
|
|-weather|RainDance|[upkeep]
|upkeep
|turn|4
|
|t:|1667148709
|move|p2a: Pelipper|Hurricane|p1a: Blissey
|-damage|p1a: Blissey|64/100
|-start|p1a: Blissey|confusion
|-activate|p1a: Blissey|confusion
|-damage|p1a: Blissey|63/100|[from] confusion
|
|-weather|RainDance|[upkeep]
|upkeep
|turn|5
|
|t:|1667148715
|move|p2a: Pelipper|U-turn|p1a: Blissey
|-damage|p1a: Blissey|56/100
|
|t:|1667148717
|switch|p2a: Landorus|Landorus-Therian, M|100/100|[from]move: U-turn
|-ability|p2a: Landorus|Intimidate|boost
|-unboost|p1a: Blissey|atk|1
|-activate|p1a: Blissey|confusion
|move|p1a: Blissey|Soft-Boiled|p1a: Blissey
|-heal|p1a: Blissey|100/100
|
|-weather|none
|upkeep
|turn|6
|
|t:|1667148725
|switch|p1a: Ninetales|Ninetales-Alola, M|100/100
|-weather|Hail|[from] ability: Snow Warning|[of] p1a: Ninetales
|move|p2a: Landorus|Stone Edge|p1a: Ninetales
|-supereffective|p1a: Ninetales
|-damage|p1a: Ninetales|0 fnt
|faint|p1a: Ninetales
|
|-weather|Hail|[upkeep]
|-damage|p2a: Landorus|94/100|[from] Hail
|upkeep
|
|t:|1667148728
|switch|p1a: Arctozolt|Arctozolt|100/100
|turn|7
|j| Resnatxi
|
|t:|1667148734
|switch|p2a: Pelipper|Pelipper, F|71/100
|-weather|RainDance|[from] ability: Drizzle|[of] p2a: Pelipper
|move|p1a: Arctozolt|Bolt Beak|p2a: Pelipper
|-supereffective|p2a: Pelipper
|-damage|p2a: Pelipper|0 fnt
|faint|p2a: Pelipper
|-damage|p1a: Arctozolt|91/100|[from] item: Life Orb
|
|-weather|RainDance|[upkeep]
|upkeep
|
|t:|1667148737
|switch|p2a: Landorus|Landorus-Therian, M|94/100
|-ability|p2a: Landorus|Intimidate|boost
|-unboost|p1a: Arctozolt|atk|1
|turn|8
|
|t:|1667148741
|switch|p1a: Ferrothorn|Ferrothorn, F|100/100
|move|p2a: Landorus|Earthquake|p1a: Ferrothorn
|-damage|p1a: Ferrothorn|49/100
|
|-weather|RainDance|[upkeep]
|-heal|p1a: Ferrothorn|55/100|[from] item: Leftovers
|upkeep
|turn|9
|j| GalarianN00b3
|
|t:|1667148745
|switch|p1a: Zapdos|Zapdos|100/100
|move|p2a: Landorus|Earthquake|p1a: Zapdos
|-immune|p1a: Zapdos
|
|-weather|RainDance|[upkeep]
|upkeep
|turn|10
|
|t:|1667148751
|switch|p2a: Dragapult|Dragapult, M|100/100
|move|p1a: Zapdos|Volt Switch|p2a: Dragapult
|-resisted|p2a: Dragapult
|-damage|p2a: Dragapult|81/100
|
|t:|1667148755
|switch|p1a: Arctozolt|Arctozolt|91/100|[from]move: Volt Switch
|
|-weather|RainDance|[upkeep]
|upkeep
|turn|11
|
|t:|1667148760
|move|p2a: Dragapult|U-turn|p1a: Arctozolt
|-damage|p1a: Arctozolt|71/100
|
|t:|1667148762
|switch|p2a: Landorus|Landorus-Therian, M|94/100|[from]move: U-turn
|-ability|p2a: Landorus|Intimidate|boost
|-unboost|p1a: Arctozolt|atk|1
|move|p1a: Arctozolt|Icicle Crash|p2a: Landorus
|-supereffective|p2a: Landorus
|-damage|p2a: Landorus|0 fnt
|faint|p2a: Landorus
|-damage|p1a: Arctozolt|61/100|[from] item: Life Orb
|
|-weather|none
|upkeep
|
|t:|1667148768
|switch|p2a: Dragapult|Dragapult, M|81/100
|turn|12
|
|t:|1667148770
|switch|p1a: Blissey|Blissey, F|100/100
|move|p2a: Dragapult|U-turn|p1a: Blissey
|-damage|p1a: Blissey|85/100
|
|t:|1667148773
|switch|p2a: Corviknight|Corviknight, F|100/100|[from]move: U-turn
|-ability|p2a: Corviknight|Pressure
|
|upkeep
|turn|13
|
|t:|1667148777
|move|p2a: Corviknight|Agility|p2a: Corviknight
|-boost|p2a: Corviknight|spe|2
|move|p1a: Blissey|Teleport|p1a: Blissey
|
|t:|1667148785
|switch|p1a: Zapdos|Zapdos|100/100|[from]move: Teleport
|
|upkeep
|turn|14
|
|t:|1667148789
|move|p2a: Corviknight|Bulk Up|p2a: Corviknight
|-boost|p2a: Corviknight|atk|1
|-boost|p2a: Corviknight|def|1
|move|p1a: Zapdos|Heat Wave|p2a: Corviknight
|-supereffective|p2a: Corviknight
|-damage|p2a: Corviknight|58/100
|-enditem|p2a: Corviknight|Weakness Policy
|-boost|p2a: Corviknight|atk|2|[from] item: Weakness Policy
|-boost|p2a: Corviknight|spa|2|[from] item: Weakness Policy
|
|upkeep
|turn|15
|
|t:|1667148799
|move|p2a: Corviknight|Roost|p2a: Corviknight
|-heal|p2a: Corviknight|100/100
|-singleturn|p2a: Corviknight|move: Roost
|move|p1a: Zapdos|Heat Wave|p2a: Corviknight|[miss]
|-miss|p1a: Zapdos|p2a: Corviknight
|
|upkeep
|turn|16
|
|t:|1667148802
|move|p2a: Corviknight|Bulk Up|p2a: Corviknight
|-boost|p2a: Corviknight|atk|1
|-boost|p2a: Corviknight|def|1
|move|p1a: Zapdos|Heat Wave|p2a: Corviknight
|-supereffective|p2a: Corviknight
|-damage|p2a: Corviknight|60/100
|-status|p2a: Corviknight|brn
|
|-damage|p2a: Corviknight|54/100 brn|[from] brn
|upkeep
|turn|17
|
|t:|1667148809
|move|p2a: Corviknight|Roost|p2a: Corviknight
|-heal|p2a: Corviknight|100/100 brn
|-singleturn|p2a: Corviknight|move: Roost
|move|p1a: Zapdos|Volt Switch|p2a: Corviknight
|-damage|p2a: Corviknight|77/100 brn
|
|t:|1667148819
|switch|p1a: Ferrothorn|Ferrothorn, F|55/100|[from]move: Volt Switch
|
|-heal|p1a: Ferrothorn|61/100|[from] item: Leftovers
|-damage|p2a: Corviknight|71/100 brn|[from] brn
|upkeep
|turn|18
|
|t:|1667148825
|move|p2a: Corviknight|Bulk Up|p2a: Corviknight
|-boost|p2a: Corviknight|atk|1
|-boost|p2a: Corviknight|def|1
|move|p1a: Ferrothorn|Leech Seed|p2a: Corviknight
|-start|p2a: Corviknight|move: Leech Seed
|
|-heal|p1a: Ferrothorn|67/100|[from] item: Leftovers
|-damage|p2a: Corviknight|59/100 brn|[from] Leech Seed|[of] p1a: Ferrothorn
|-heal|p1a: Ferrothorn|81/100|[silent]
|-damage|p2a: Corviknight|53/100 brn|[from] brn
|upkeep
|turn|19
|
|t:|1667148831
|switch|p1a: Zapdos|Zapdos|100/100
|move|p2a: Corviknight|Bulk Up|p2a: Corviknight
|-boost|p2a: Corviknight|atk|1
|-boost|p2a: Corviknight|def|1
|
|-damage|p2a: Corviknight|40/100 brn|[from] Leech Seed|[of] p1a: Zapdos
|-damage|p2a: Corviknight|34/100 brn|[from] brn
|upkeep
|turn|20
|
|t:|1667148837
|move|p2a: Corviknight|Roost|p2a: Corviknight
|-heal|p2a: Corviknight|84/100 brn
|-singleturn|p2a: Corviknight|move: Roost
|move|p1a: Zapdos|Heat Wave|p2a: Corviknight
|-supereffective|p2a: Corviknight
|-damage|p2a: Corviknight|42/100 brn
|
|-damage|p2a: Corviknight|30/100 brn|[from] Leech Seed|[of] p1a: Zapdos
|-damage|p2a: Corviknight|24/100 brn|[from] brn
|upkeep
|turn|21
|
|t:|1667148839
|move|p2a: Corviknight|Roost|p2a: Corviknight
|-heal|p2a: Corviknight|74/100 brn
|-singleturn|p2a: Corviknight|move: Roost
|move|p1a: Zapdos|Heat Wave|p2a: Corviknight
|-supereffective|p2a: Corviknight
|-damage|p2a: Corviknight|30/100 brn
|
|-damage|p2a: Corviknight|18/100 brn|[from] Leech Seed|[of] p1a: Zapdos
|-damage|p2a: Corviknight|12/100 brn|[from] brn
|upkeep
|turn|22
|
|t:|1667148858
|switch|p1a: Garchomp|Garchomp, F|100/100
|move|p2a: Corviknight|Roost|p2a: Corviknight
|-heal|p2a: Corviknight|62/100 brn
|-singleturn|p2a: Corviknight|move: Roost
|
|-damage|p2a: Corviknight|49/100 brn|[from] Leech Seed|[of] p1a: Garchomp
|-damage|p2a: Corviknight|43/100 brn|[from] brn
|upkeep
|turn|23
|
|t:|1667148865
|move|p2a: Corviknight|Power Trip|p1a: Garchomp
|-damage|p1a: Garchomp|22/100
|-damage|p2a: Corviknight|31/100 brn|[from] ability: Rough Skin|[of] p1a: Garchomp
|-damage|p2a: Corviknight|14/100 brn|[from] item: Rocky Helmet|[of] p1a: Garchomp
|move|p1a: Garchomp|Earthquake|p2a: Corviknight
|-immune|p2a: Corviknight
|
|-damage|p2a: Corviknight|2/100 brn|[from] Leech Seed|[of] p1a: Garchomp
|-heal|p1a: Garchomp|34/100|[silent]
|-damage|p2a: Corviknight|0 fnt|[from] brn
|faint|p2a: Corviknight
|upkeep
|
|t:|1667148870
|switch|p2a: Dragapult|Dragapult, M|81/100
|turn|24
|
|t:|1667148876
|move|p2a: Dragapult|U-turn|p1a: Garchomp
|-damage|p1a: Garchomp|23/100
|-damage|p2a: Dragapult|68/100|[from] ability: Rough Skin|[of] p1a: Garchomp
|-damage|p2a: Dragapult|52/100|[from] item: Rocky Helmet|[of] p1a: Garchomp
|
|t:|1667148879
|switch|p2a: Zapdos|Zapdos|100/100|[from]move: U-turn
|move|p1a: Garchomp|Toxic|p2a: Zapdos
|-status|p2a: Zapdos|tox
|
|-damage|p2a: Zapdos|94/100 tox|[from] psn
|upkeep
|turn|25
|
|t:|1667148889
|move|p1a: Garchomp|Stealth Rock|p2a: Zapdos
|-sidestart|p2: MortalDom|move: Stealth Rock
|move|p2a: Zapdos|Hurricane|p1a: Garchomp
|-damage|p1a: Garchomp|0 fnt
|faint|p1a: Garchomp
|
|-damage|p2a: Zapdos|82/100 tox|[from] psn
|upkeep
|
|t:|1667148896
|switch|p1a: Arctozolt|Arctozolt|61/100
|turn|26
|
|t:|1667148904
|move|p2a: Zapdos|Volt Switch|p1a: Arctozolt
|-resisted|p1a: Arctozolt
|-damage|p1a: Arctozolt|40/100
|
|t:|1667148905
|switch|p2a: Dragapult|Dragapult, M|52/100|[from]move: Volt Switch
|-damage|p2a: Dragapult|40/100|[from] Stealth Rock
|move|p1a: Arctozolt|Bolt Beak|p2a: Dragapult
|-resisted|p2a: Dragapult
|-damage|p2a: Dragapult|0 fnt
|faint|p2a: Dragapult
|-damage|p1a: Arctozolt|30/100|[from] item: Life Orb
|
|upkeep
|
|t:|1667148907
|switch|p2a: Tapu Fini|Tapu Fini|100/100
|-damage|p2a: Tapu Fini|88/100|[from] Stealth Rock
|-fieldstart|move: Misty Terrain|[from] ability: Misty Surge|[of] p2a: Tapu Fini
|turn|27
|
|t:|1667148911
|switch|p1a: Ferrothorn|Ferrothorn, F|81/100
|move|p2a: Tapu Fini|Surf|p1a: Ferrothorn
|-resisted|p1a: Ferrothorn
|-damage|p1a: Ferrothorn|67/100
|
|-heal|p2a: Tapu Fini|94/100|[from] item: Leftovers
|-heal|p1a: Ferrothorn|73/100|[from] item: Leftovers
|upkeep
|turn|28
|l| GalarianN00b3
|
|t:|1667148915
|move|p2a: Tapu Fini|Calm Mind|p2a: Tapu Fini
|-boost|p2a: Tapu Fini|spa|1
|-boost|p2a: Tapu Fini|spd|1
|move|p1a: Ferrothorn|Knock Off|p2a: Tapu Fini
|-resisted|p2a: Tapu Fini
|-damage|p2a: Tapu Fini|87/100
|-enditem|p2a: Tapu Fini|Leftovers|[from] move: Knock Off|[of] p1a: Ferrothorn
|
|-heal|p1a: Ferrothorn|79/100|[from] item: Leftovers
|upkeep
|turn|29
|
|t:|1667148921
|move|p2a: Tapu Fini|Calm Mind|p2a: Tapu Fini
|-boost|p2a: Tapu Fini|spa|1
|-boost|p2a: Tapu Fini|spd|1
|move|p1a: Ferrothorn|Gyro Ball|p2a: Tapu Fini
|-damage|p2a: Tapu Fini|53/100
|
|-heal|p1a: Ferrothorn|85/100|[from] item: Leftovers
|upkeep
|turn|30
|
|t:|1667148923
|move|p2a: Tapu Fini|Surf|p1a: Ferrothorn
|-resisted|p1a: Ferrothorn
|-damage|p1a: Ferrothorn|60/100
|move|p1a: Ferrothorn|Gyro Ball|p2a: Tapu Fini
|-damage|p2a: Tapu Fini|17/100
|
|-heal|p1a: Ferrothorn|66/100|[from] item: Leftovers
|upkeep
|turn|31
|
|t:|1667148926
|move|p2a: Tapu Fini|Surf|p1a: Ferrothorn
|-resisted|p1a: Ferrothorn
|-damage|p1a: Ferrothorn|42/100
|move|p1a: Ferrothorn|Gyro Ball|p2a: Tapu Fini
|-damage|p2a: Tapu Fini|0 fnt
|faint|p2a: Tapu Fini
|
|-heal|p1a: Ferrothorn|48/100|[from] item: Leftovers
|-fieldend|Misty Terrain
|upkeep
|
|t:|1667148928
|switch|p2a: Zapdos|Zapdos|82/100 tox
|turn|32
|
|t:|1667148931
|switch|p1a: Blissey|Blissey, F|85/100
|move|p2a: Zapdos|Hurricane|p1a: Blissey
|-damage|p1a: Blissey|67/100
|
|-damage|p2a: Zapdos|75/100 tox|[from] psn
|upkeep
|turn|33
|
|t:|1667148934
|move|p2a: Zapdos|Volt Switch|p1a: Blissey
|-damage|p1a: Blissey|56/100
|move|p1a: Blissey|Seismic Toss|p2a: Zapdos
|-damage|p2a: Zapdos|49/100 tox
|
|-damage|p2a: Zapdos|37/100 tox|[from] psn
|upkeep
|turn|34
|c|☆Delibird Heart|gg
|
|t:|1667148937
|move|p2a: Zapdos|Roost|p2a: Zapdos
|-heal|p2a: Zapdos|87/100 tox
|-singleturn|p2a: Zapdos|move: Roost
|move|p1a: Blissey|Seismic Toss|p2a: Zapdos
|-damage|p2a: Zapdos|61/100 tox
|
|-damage|p2a: Zapdos|42/100 tox|[from] psn
|upkeep
|turn|35
|l| Resnatxi
|c|☆MortalDom|lucky + bad + ratio
|c|☆Delibird Heart|lmao
|c|☆Delibird Heart|dude
|
|t:|1667148949
|move|p2a: Zapdos|Defog|p1a: Blissey
|-unboost|p1a: Blissey|evasion|1
|-sideend|p2: MortalDom|Stealth Rock|[from] move: Defog|[of] p2a: Zapdos
|move|p1a: Blissey|Seismic Toss|p2a: Zapdos
|-damage|p2a: Zapdos|16/100 tox
|
|-damage|p2a: Zapdos|0 fnt|[from] psn
|faint|p2a: Zapdos
|
|win|Delibird Heart
|upkeep
|raw|Delibird Heart's rating: 1636 &rarr; <strong>1659</strong><br />(+23 for winning)
|raw|MortalDom's rating: 1680 &rarr; <strong>1657</strong><br />(-23 for losing)
|c|☆Delibird Heart|when was i lucky
|c|☆MortalDom|'burn
|l| Swas ❤
|c|☆Delibird Heart|u were sitting on me for 10 turns
|c|☆Delibird Heart|it had to happen
|c|☆MortalDom|u didnt click it for 10 turns
|l|☆MortalDom
|l| zabanya9
||Ladder isn't responding, score probably updated but might not have (Request timeout).
