|j|☆Copoy
|j|☆PokeDa
|player|p1|Copoy|lyra|1458
|player|p2|PokeDa|wallace|1421
|teamsize|p1|6
|teamsize|p2|6
|gametype|singles
|gen|8
|tier|[Gen 8] OU
|rated|
|clearpoke
|poke|p1|Zeraora|
|poke|p1|Keldeo-Resolute|
|poke|p1|Ferrothorn, M|
|poke|p1|Mandibuzz, F|
|poke|p1|Togekiss, F|
|poke|p1|Kommo-o, F|
|poke|p2|Pelipper, M|
|poke|p2|Dracovish|
|poke|p2|Mantine, M|
|poke|p2|Seismitoad, M|
|poke|p2|Ferrothorn, F|
|poke|p2|Jirachi|
|rule|Sleep Clause Mod: Limit one foe put to sleep
|rule|Species Clause: Limit one of each Pokémon
|rule|OHKO Clause: OHKO moves are banned
|rule|Evasion Moves Clause: Evasion moves are banned
|rule|Endless Battle Clause: Forcing endless battles is banned
|rule|HP Percentage Mod: HP is shown in percentages
|rule|Dynamax Clause: You cannot dynamax
|teampreview
|
|start
|switch|p1a: Zeraora|Zeraora|100/100
|switch|p2a: Ferrothorn|Ferrothorn, F|100/100
|turn|1
|
|move|p1a: Zeraora|Close Combat|p2a: Ferrothorn
|-supereffective|p2a: Ferrothorn
|-damage|p2a: Ferrothorn|47/100
|-unboost|p1a: Zeraora|def|1
|-unboost|p1a: Zeraora|spd|1
|-damage|p1a: Zeraora|88/100|[from] ability: Iron Barbs|[of] p2a: Ferrothorn
|-damage|p1a: Zeraora|72/100|[from] item: Rocky Helmet|[of] p2a: Ferrothorn
|-damage|p1a: Zeraora|62/100|[from] item: Life Orb
|move|p2a: Ferrothorn|Knock Off|p1a: Zeraora
|-damage|p1a: Zeraora|13/100
|-enditem|p1a: Zeraora|Life Orb|[from] move: Knock Off|[of] p2a: Ferrothorn
|
|upkeep
|turn|2
|
|switch|p1a: Keldeo|Keldeo-Resolute|100/100
|move|p2a: Ferrothorn|Stealth Rock|p1a: Keldeo
|-sidestart|p1: Copoy|move: Stealth Rock
|
|upkeep
|turn|3
|
|switch|p2a: Pelipper|Pelipper, M|100/100
|-weather|RainDance|[from] ability: Drizzle|[of] p2a: Pelipper
|move|p1a: Keldeo|Secret Sword|p2a: Pelipper
|-resisted|p2a: Pelipper
|-damage|p2a: Pelipper|68/100
|
|-weather|RainDance|[upkeep]
|upkeep
|turn|4
|
|switch|p1a: Ferrothorn|Ferrothorn, M|100/100
|-damage|p1a: Ferrothorn|94/100|[from] Stealth Rock
|move|p2a: Pelipper|U-turn|p1a: Ferrothorn
|-damage|p1a: Ferrothorn|88/100
|-damage|p2a: Pelipper|56/100|[from] ability: Iron Barbs|[of] p1a: Ferrothorn
|inactive|Battle timer is ON: inactive players will automatically lose when time's up. (requested by Copoy)
|
|switch|p2a: Mantine|Mantine, M|100/100|[from]move: U-turn
|
|-weather|RainDance|[upkeep]
|-heal|p1a: Ferrothorn|94/100|[from] item: Leftovers
|upkeep
|turn|5
|
|move|p2a: Mantine|Hurricane|p1a: Ferrothorn
|-damage|p1a: Ferrothorn|44/100
|move|p1a: Ferrothorn|Thunder Wave|p2a: Mantine|[miss]
|-miss|p1a: Ferrothorn|p2a: Mantine
|
|-weather|RainDance|[upkeep]
|-heal|p1a: Ferrothorn|50/100|[from] item: Leftovers
|upkeep
|turn|6
|
|move|p2a: Mantine|Hurricane|p1a: Ferrothorn
|-damage|p1a: Ferrothorn|0 fnt
|faint|p1a: Ferrothorn
|
|-weather|RainDance|[upkeep]
|upkeep
|-message|Copoy forfeited.
|
|win|PokeDa
|l|☆Copoy
|raw|Copoy's rating: 1458 &rarr; <strong>1436</strong><br />(-22 for losing)
|raw|PokeDa's rating: 1416 &rarr; <strong>1438</strong><br />(+22 for winning)
