|j|☆Meracx
|j|☆minimax_ai
|t:|1661774834
|gametype|singles
|player|p1|Meracx|thorton|1841
|player|p2|minimax_ai|lusamine-nihilego|1701
|teamsize|p1|6
|teamsize|p2|6
|gen|8
|tier|[Gen 8] OU
|rated|
|rule|Sleep Clause Mod: Limit one foe put to sleep
|rule|Species Clause: Limit one of each Pokémon
|rule|OHKO Clause: OHKO moves are banned
|rule|Evasion Items Clause: Evasion items are banned
|rule|Evasion Moves Clause: Evasion moves are banned
|rule|Endless Battle Clause: Forcing endless battles is banned
|rule|HP Percentage Mod: HP is shown in percentages
|rule|Dynamax Clause: You cannot dynamax
|clearpoke
|poke|p1|Dragonite, F|
|poke|p1|Landorus-Therian, M|
|poke|p1|Ferrothorn, F|
|poke|p1|Toxapex, M|
|poke|p1|Weavile, M|
|poke|p1|Magnezone|
|poke|p2|Rotom-Wash|
|poke|p2|Weavile, M|
|poke|p2|Landorus-Therian, M|
|poke|p2|Heatran, M|
|poke|p2|Tangrowth, F|
|poke|p2|Melmetal|
|teampreview
|c|☆minimax_ai|hf
|inactive|Battle timer is ON: inactive players will automatically lose when time's up. (requested by minimax_ai)
|
|t:|1661774849
|start
|switch|p1a: Landorus|Landorus-Therian, M|100/100
|switch|p2a: Heatran|Heatran, M|100/100
|-item|p2a: Heatran|Air Balloon
|-ability|p1a: Landorus|Intimidate|boost
|-unboost|p2a: Heatran|atk|1
|turn|1
|
|t:|1661774857
|move|p2a: Heatran|Eruption|p1a: Landorus
|-damage|p1a: Landorus|42/100
|move|p1a: Landorus|U-turn|p2a: Heatran
|-resisted|p2a: Heatran
|-damage|p2a: Heatran|95/100
|-enditem|p2a: Heatran|Air Balloon
|
|t:|1661774864
|switch|p1a: Dragonite|Dragonite, F|100/100|[from]move: U-turn
|
|upkeep
|turn|2
|
|t:|1661774867
|switch|p1a: Landorus|Landorus-Therian, M|42/100
|-ability|p1a: Landorus|Intimidate|boost
|-unboost|p2a: Heatran|atk|1
|switch|p2a: Melmetal|Melmetal|100/100
|
|-heal|p1a: Landorus|48/100|[from] item: Leftovers
|upkeep
|turn|3
|
|t:|1661774873
|move|p1a: Landorus|Stealth Rock|p2a: Melmetal
|-sidestart|p2: minimax_ai|move: Stealth Rock
|move|p2a: Melmetal|Ice Punch|p1a: Landorus
|-supereffective|p1a: Landorus
|-damage|p1a: Landorus|0 fnt
|faint|p1a: Landorus
|
|upkeep
|
|t:|1661774877
|switch|p1a: Magnezone|Magnezone|100/100
|-item|p1a: Magnezone|Air Balloon
|turn|4
|
|t:|1661774878
|move|p1a: Magnezone|Iron Defense|p1a: Magnezone
|-boost|p1a: Magnezone|def|2
|move|p2a: Melmetal|Ice Punch|p1a: Magnezone
|-resisted|p1a: Magnezone
|-damage|p1a: Magnezone|94/100
|-status|p1a: Magnezone|frz
|-enditem|p1a: Magnezone|Air Balloon
|
|upkeep
|turn|5
|
|t:|1661774883
|-curestatus|p1a: Magnezone|frz|[msg]
|move|p1a: Magnezone|Magnet Rise|p1a: Magnezone
|-start|p1a: Magnezone|Magnet Rise
|move|p2a: Melmetal|Earthquake|p1a: Magnezone
|-immune|p1a: Magnezone
|
|upkeep
|turn|6
|
|t:|1661774887
|move|p1a: Magnezone|Iron Defense|p1a: Magnezone
|-boost|p1a: Magnezone|def|2
|move|p2a: Melmetal|Ice Punch|p1a: Magnezone
|-resisted|p1a: Magnezone
|-damage|p1a: Magnezone|89/100
|
|upkeep
|turn|7
|
|t:|1661774889
|move|p1a: Magnezone|Body Press|p2a: Melmetal
|-supereffective|p2a: Melmetal
|-damage|p2a: Melmetal|17/100
|move|p2a: Melmetal|Ice Punch|p1a: Magnezone
|-resisted|p1a: Magnezone
|-damage|p1a: Magnezone|85/100
|
|upkeep
|turn|8
|
|t:|1661774894
|move|p1a: Magnezone|Body Press|p2a: Melmetal
|-supereffective|p2a: Melmetal
|-damage|p2a: Melmetal|0 fnt
|faint|p2a: Melmetal
|
|upkeep
|
|t:|1661774894
|switch|p2a: Heatran|Heatran, M|95/100
|-damage|p2a: Heatran|83/100|[from] Stealth Rock
|turn|9
|
|t:|1661774896
|move|p2a: Heatran|Magma Storm|p1a: Magnezone|[miss]
|-miss|p2a: Heatran|p1a: Magnezone
|move|p1a: Magnezone|Body Press|p2a: Heatran
|-supereffective|p2a: Heatran
|-damage|p2a: Heatran|0 fnt
|faint|p2a: Heatran
|
|-end|p1a: Magnezone|Magnet Rise
|upkeep
|
|t:|1661774896
|switch|p2a: landorustherian|Landorus-Therian, M|100/100
|-damage|p2a: landorustherian|88/100|[from] Stealth Rock
|-ability|p2a: landorustherian|Intimidate|boost
|-unboost|p1a: Magnezone|atk|1
|turn|10
|j| Serena Dori Dori
|
|t:|1661774899
|move|p1a: Magnezone|Magnet Rise|p1a: Magnezone
|-start|p1a: Magnezone|Magnet Rise
|move|p2a: landorustherian|Defog|p1a: Magnezone
|-unboost|p1a: Magnezone|evasion|1
|-sideend|p2: minimax_ai|Stealth Rock|[from] move: Defog|[of] p2a: landorustherian
|
|-heal|p2a: landorustherian|94/100|[from] item: Leftovers
|upkeep
|turn|11
|
|t:|1661774906
|switch|p2a: Tangrowth|Tangrowth, F|100/100
|move|p1a: Magnezone|Iron Defense|p1a: Magnezone
|-boost|p1a: Magnezone|def|2
|
|upkeep
|turn|12
|
|t:|1661774908
|move|p1a: Magnezone|Body Press|p2a: Tangrowth
|-crit|p2a: Tangrowth
|-damage|p2a: Tangrowth|25/100
|-damage|p1a: Magnezone|68/100|[from] item: Rocky Helmet|[of] p2a: Tangrowth
|move|p2a: Tangrowth|Sleep Powder|p1a: Magnezone
|-status|p1a: Magnezone|slp|[from] move: Sleep Powder
|
|upkeep
|turn|13
|
|t:|1661774911
|cant|p1a: Magnezone|slp
|move|p2a: Tangrowth|Focus Blast|p1a: Magnezone
|-supereffective|p1a: Magnezone
|-damage|p1a: Magnezone|0 fnt
|faint|p1a: Magnezone
|
|upkeep
|
|t:|1661774916
|switch|p1a: Weavile|Weavile, M|100/100
|-ability|p1a: Weavile|Pressure
|turn|14
|
|t:|1661774918
|move|p1a: Weavile|Knock Off|p2a: Tangrowth
|-damage|p2a: Tangrowth|1/100
|-damage|p1a: Weavile|84/100|[from] item: Rocky Helmet|[of] p2a: Tangrowth
|-enditem|p2a: Tangrowth|Rocky Helmet|[from] move: Knock Off|[of] p1a: Weavile
|move|p2a: Tangrowth|Giga Drain|p1a: Weavile
|-damage|p1a: Weavile|45/100
|-heal|p2a: Tangrowth|15/100|[from] drain|[of] p1a: Weavile
|
|upkeep
|turn|15
|
|t:|1661774920
|switch|p2a: Weavile|Weavile, M|100/100
|-ability|p2a: Weavile|Pressure
|move|p1a: Weavile|Knock Off|p2a: Weavile
|-resisted|p2a: Weavile
|-damage|p2a: Weavile|57/100
|-enditem|p2a: Weavile|Choice Band|[from] move: Knock Off|[of] p1a: Weavile
|
|upkeep
|turn|16
|
|t:|1661774929
|switch|p1a: Ferrothorn|Ferrothorn, F|100/100
|move|p2a: Weavile|Low Kick|p1a: Ferrothorn
|-supereffective|p1a: Ferrothorn
|-damage|p1a: Ferrothorn|61/100
|-damage|p2a: Weavile|45/100|[from] ability: Iron Barbs|[of] p1a: Ferrothorn
|
|-heal|p1a: Ferrothorn|67/100|[from] item: Leftovers
|upkeep
|turn|17
|
|t:|1661774932
|switch|p2a: Tangrowth|Tangrowth, F|48/100
|move|p1a: Ferrothorn|Body Press|p2a: Tangrowth
|-damage|p2a: Tangrowth|31/100
|
|-heal|p1a: Ferrothorn|73/100|[from] item: Leftovers
|upkeep
|turn|18
|
|t:|1661774935
|switch|p1a: Toxapex|Toxapex, M|100/100
|move|p2a: Tangrowth|Focus Blast|p1a: Toxapex|[miss]
|-miss|p2a: Tangrowth|p1a: Toxapex
|
|upkeep
|turn|19
|
|t:|1661774938
|switch|p2a: rotomwash|Rotom-Wash|100/100
|move|p1a: Toxapex|Toxic|p2a: rotomwash
|-status|p2a: rotomwash|tox
|
|-damage|p2a: rotomwash|94/100 tox|[from] psn
|upkeep
|turn|20
|
|t:|1661774946
|switch|p2a: Tangrowth|Tangrowth, F|64/100
|switch|p1a: Dragonite|Dragonite, F|100/100
|
|upkeep
|turn|21
|
|t:|1661774952
|switch|p2a: rotomwash|Rotom-Wash|94/100 tox
|move|p1a: Dragonite|Dual Wingbeat|p2a: rotomwash
|-resisted|p2a: rotomwash
|-damage|p2a: rotomwash|84/100 tox
|-resisted|p2a: rotomwash
|-damage|p2a: rotomwash|71/100 tox
|-hitcount|p2a: rotomwash|2
|
|-heal|p2a: rotomwash|77/100 tox|[from] item: Leftovers
|-damage|p2a: rotomwash|71/100 tox|[from] psn
|upkeep
|turn|22
|
|t:|1661774957
|move|p1a: Dragonite|Dragon Dance|p1a: Dragonite
|-boost|p1a: Dragonite|atk|1
|-boost|p1a: Dragonite|spe|1
|move|p2a: rotomwash|Nasty Plot|p2a: rotomwash
|-boost|p2a: rotomwash|spa|2
|
|-heal|p2a: rotomwash|77/100 tox|[from] item: Leftovers
|-damage|p2a: rotomwash|65/100 tox|[from] psn
|upkeep
|turn|23
|
|t:|1661774963
|move|p1a: Dragonite|Dragon Dance|p1a: Dragonite
|-boost|p1a: Dragonite|atk|1
|-boost|p1a: Dragonite|spe|1
|move|p2a: rotomwash|Thunderbolt|p1a: Dragonite
|-damage|p1a: Dragonite|64/100
|
|-heal|p2a: rotomwash|71/100 tox|[from] item: Leftovers
|-damage|p2a: rotomwash|52/100 tox|[from] psn
|upkeep
|turn|24
|
|t:|1661774965
|move|p1a: Dragonite|Roost|p1a: Dragonite
|-heal|p1a: Dragonite|100/100
|-singleturn|p1a: Dragonite|move: Roost
|move|p2a: rotomwash|Thunderbolt|p1a: Dragonite
|-resisted|p1a: Dragonite
|-damage|p1a: Dragonite|82/100
|
|-heal|p2a: rotomwash|59/100 tox|[from] item: Leftovers
|-damage|p2a: rotomwash|34/100 tox|[from] psn
|upkeep
|turn|25
|
|t:|1661774970
|move|p1a: Dragonite|Roost|p1a: Dragonite
|-heal|p1a: Dragonite|100/100
|-singleturn|p1a: Dragonite|move: Roost
|move|p2a: rotomwash|Thunderbolt|p1a: Dragonite
|-resisted|p1a: Dragonite
|-damage|p1a: Dragonite|82/100
|-status|p1a: Dragonite|par
|
|-heal|p2a: rotomwash|40/100 tox|[from] item: Leftovers
|-damage|p2a: rotomwash|9/100 tox|[from] psn
|upkeep
|turn|26
|
|t:|1661774973
|cant|p1a: Dragonite|par
|move|p2a: rotomwash|Pain Split|p1a: Dragonite
|-sethp|p1a: Dragonite|45/100 par|[from] move: Pain Split|[silent]
|-sethp|p2a: rotomwash|48/100 tox|[from] move: Pain Split
|
|-heal|p2a: rotomwash|54/100 tox|[from] item: Leftovers
|-damage|p2a: rotomwash|17/100 tox|[from] psn
|upkeep
|turn|27
|
|t:|1661774975
|cant|p1a: Dragonite|par
|move|p2a: rotomwash|Thunderbolt|p1a: Dragonite
|-damage|p1a: Dragonite|0 fnt
|faint|p1a: Dragonite
|
|-heal|p2a: rotomwash|23/100 tox|[from] item: Leftovers
|-damage|p2a: rotomwash|0 fnt|[from] psn
|faint|p2a: rotomwash
|upkeep
|
|t:|1661774985
|switch|p1a: Toxapex|Toxapex, M|100/100
|switch|p2a: landorustherian|Landorus-Therian, M|94/100
|-ability|p2a: landorustherian|Intimidate|boost
|-unboost|p1a: Toxapex|atk|1
|turn|28
|
|t:|1661774989
|move|p2a: landorustherian|Earthquake|p1a: Toxapex
|-supereffective|p1a: Toxapex
|-damage|p1a: Toxapex|43/100
|-enditem|p1a: Toxapex|Eject Button
|
|t:|1661774993
|switch|p1a: Weavile|Weavile, M|45/100
|-ability|p1a: Weavile|Pressure
|
|-heal|p2a: landorustherian|99/100|[from] item: Leftovers
|upkeep
|turn|29
|
|t:|1661774997
|switch|p2a: Tangrowth|Tangrowth, F|98/100
|move|p1a: Weavile|Triple Axel|p2a: Tangrowth|[miss]
|-miss|p1a: Weavile|p2a: Tangrowth
|
|upkeep
|turn|30
|
|t:|1661775001
|move|p1a: Weavile|Triple Axel|p2a: Tangrowth
|-supereffective|p2a: Tangrowth
|-damage|p2a: Tangrowth|87/100
|-supereffective|p2a: Tangrowth
|-damage|p2a: Tangrowth|67/100
|-supereffective|p2a: Tangrowth
|-damage|p2a: Tangrowth|39/100
|-hitcount|p2a: Tangrowth|3
|move|p2a: Tangrowth|Giga Drain|p1a: Weavile
|-damage|p1a: Weavile|7/100
|-heal|p2a: Tangrowth|52/100|[from] drain|[of] p1a: Weavile
|
|upkeep
|turn|31
|
|t:|1661775010
|move|p1a: Weavile|Swords Dance|p1a: Weavile
|-boost|p1a: Weavile|atk|2
|move|p2a: Tangrowth|Giga Drain|p1a: Weavile
|-damage|p1a: Weavile|0 fnt
|-heal|p2a: Tangrowth|54/100|[from] drain|[of] p1a: Weavile
|faint|p1a: Weavile
|
|upkeep
|-message|Meracx forfeited.
|
|win|minimax_ai
|raw|Meracx's rating: 1841 &rarr; <strong>1813</strong><br />(-28 for losing)
|raw|minimax_ai's rating: 1701 &rarr; <strong>1729</strong><br />(+28 for winning)
|c|☆minimax_ai|gg
|l|☆Meracx
