|raw|<div class="broadcast-blue"><strong>This battle is required to be public due to a player having a name starting with 'lt91bb'.</div>
|j|☆antarctozolt
|j|☆LT91BB stareal
|t:|1659341962
|gametype|singles
|player|p1|antarctozolt|skier|1982
|player|p2|LT91BB stareal|169|1992
|teamsize|p1|6
|teamsize|p2|6
|gen|8
|tier|[Gen 8] OU
|rated|
|rule|Sleep Clause Mod: Limit one foe put to sleep
|rule|Species Clause: Limit one of each Pokémon
|rule|OHKO Clause: OHKO moves are banned
|rule|Evasion Moves Clause: Evasion moves are banned
|rule|Endless Battle Clause: Forcing endless battles is banned
|rule|HP Percentage Mod: HP is shown in percentages
|rule|Dynamax Clause: You cannot dynamax
|clearpoke
|poke|p1|Mew|
|poke|p1|Weavile, F|
|poke|p1|Celesteela|
|poke|p1|Crawdaunt, M|
|poke|p1|Garchomp, F|
|poke|p1|Blacephalon|
|poke|p2|Gastrodon-East, F|
|poke|p2|Blissey, F|
|poke|p2|Toxapex, F|
|poke|p2|Clefable, M|
|poke|p2|Corviknight, F|
|poke|p2|Slowking-Galar, M|
|teampreview
|inactive|Battle timer is ON: inactive players will automatically lose when time's up. (requested by LT91BB stareal)
|
|t:|1659341975
|start
|switch|p1a: Mew|Mew, shiny|100/100
|switch|p2a: Slowking|Slowking-Galar, M|100/100
|turn|1
|
|t:|1659341981
|move|p1a: Mew|Thunder Wave|p2a: Slowking|[miss]
|-miss|p1a: Mew|p2a: Slowking
|move|p2a: Slowking|Sludge Bomb|p1a: Mew
|-damage|p1a: Mew|63/100
|
|upkeep
|turn|2
|
|t:|1659341984
|move|p1a: Mew|Stealth Rock|p2a: Slowking
|-sidestart|p2: LT91BB stareal|move: Stealth Rock
|move|p2a: Slowking|Sludge Bomb|p1a: Mew
|-damage|p1a: Mew|27/100
|
|upkeep
|turn|3
|
|t:|1659341987
|move|p1a: Mew|Spikes|p2a: Slowking
|-sidestart|p2: LT91BB stareal|Spikes
|move|p2a: Slowking|Sludge Bomb|p1a: Mew
|-damage|p1a: Mew|0 fnt
|faint|p1a: Mew
|
|upkeep
|
|t:|1659341990
|switch|p1a: Crawdaunt|Crawdaunt, M, shiny|100/100
|turn|4
|j| LT91BB Storm
|
|t:|1659341994
|move|p1a: Crawdaunt|Knock Off|p2a: Slowking
|-supereffective|p2a: Slowking
|-damage|p2a: Slowking|0 fnt
|-enditem|p2a: Slowking|Assault Vest|[from] move: Knock Off|[of] p1a: Crawdaunt
|faint|p2a: Slowking
|-damage|p1a: Crawdaunt|91/100|[from] item: Life Orb
|
|upkeep
|
|t:|1659341997
|switch|p2a: Corviknight|Corviknight, F|100/100
|-damage|p2a: Corviknight|88/100|[from] Stealth Rock
|-ability|p2a: Corviknight|Pressure
|turn|5
|
|t:|1659342004
|move|p1a: Crawdaunt|Swords Dance|p1a: Crawdaunt
|-boost|p1a: Crawdaunt|atk|2
|move|p2a: Corviknight|Iron Defense|p2a: Corviknight
|-boost|p2a: Corviknight|def|2
|
|upkeep
|turn|6
|
|t:|1659342008
|move|p1a: Crawdaunt|Knock Off|p2a: Corviknight
|-damage|p2a: Corviknight|31/100
|-enditem|p2a: Corviknight|Shed Shell|[from] move: Knock Off|[of] p1a: Crawdaunt
|-damage|p1a: Crawdaunt|81/100|[from] item: Life Orb
|move|p2a: Corviknight|Defog|p1a: Crawdaunt
|-unboost|p1a: Crawdaunt|evasion|1
|-sideend|p2: LT91BB stareal|Spikes|[from] move: Defog|[of] p2a: Corviknight
|-sideend|p2: LT91BB stareal|Stealth Rock|[from] move: Defog|[of] p2a: Corviknight
|
|upkeep
|turn|7
|j| croo
|
|t:|1659342014
|move|p1a: Crawdaunt|Crabhammer|p2a: Corviknight
|-damage|p2a: Corviknight|0 fnt
|faint|p2a: Corviknight
|-damage|p1a: Crawdaunt|71/100|[from] item: Life Orb
|
|upkeep
|
|t:|1659342019
|switch|p2a: Clefable|Clefable, M|100/100
|turn|8
|
|t:|1659342023
|switch|p1a: Blacephalon|Blacephalon, shiny|100/100
|move|p2a: Clefable|Moonblast|p1a: Blacephalon
|-resisted|p1a: Blacephalon
|-damage|p1a: Blacephalon|73/100
|
|upkeep
|turn|9
|j|+pichus
|
|t:|1659342028
|switch|p2a: Gastrodon|Gastrodon-East, F|100/100
|move|p1a: Blacephalon|Trick|p2a: Gastrodon
|-activate|p1a: Blacephalon|move: Trick|[of] p2a: Gastrodon
|-item|p2a: Gastrodon|Choice Scarf|[from] move: Trick
|-item|p1a: Blacephalon|Leftovers|[from] move: Trick
|
|-heal|p1a: Blacephalon|79/100|[from] item: Leftovers
|upkeep
|turn|10
|
|t:|1659342032
|switch|p1a: Garchomp|Garchomp, F, shiny|100/100
|move|p2a: Gastrodon|Scald|p1a: Garchomp
|-damage|p1a: Garchomp|74/100
|-status|p1a: Garchomp|brn
|-enditem|p1a: Garchomp|Lum Berry|[eat]
|-curestatus|p1a: Garchomp|brn|[msg]
|
|upkeep
|turn|11
|j| rhythm buckshot
|j| LT91BBYoruVelaNoxx
|j| Drunkensailer
|
|t:|1659342043
|switch|p2a: Clefable|Clefable, M|100/100
|move|p1a: Garchomp|Earthquake|p2a: Clefable
|-damage|p2a: Clefable|59/100
|
|-heal|p2a: Clefable|65/100|[from] item: Leftovers
|upkeep
|turn|12
|
|t:|1659342047
|switch|p1a: Blacephalon|Blacephalon, shiny|79/100
|move|p2a: Clefable|Soft-Boiled|p2a: Clefable
|-heal|p2a: Clefable|100/100
|
|-heal|p1a: Blacephalon|85/100|[from] item: Leftovers
|upkeep
|turn|13
|
|t:|1659342049
|switch|p2a: Toxapex|Toxapex, F|100/100
|move|p1a: Blacephalon|Shadow Ball|p2a: Toxapex
|-damage|p2a: Toxapex|59/100
|
|-heal|p1a: Blacephalon|91/100|[from] item: Leftovers
|upkeep
|turn|14
|
|t:|1659342052
|switch|p1a: Crawdaunt|Crawdaunt, M, shiny|71/100
|move|p2a: Toxapex|Toxic Spikes|p1a: Crawdaunt
|-sidestart|p1: antarctozolt|move: Toxic Spikes
|
|upkeep
|turn|15
|j| eastnovel
|
|t:|1659342059
|switch|p2a: Clefable|Clefable, M|100/100
|move|p1a: Crawdaunt|Knock Off|p2a: Clefable
|-resisted|p2a: Clefable
|-damage|p2a: Clefable|63/100
|-enditem|p2a: Clefable|Leftovers|[from] move: Knock Off|[of] p1a: Crawdaunt
|-damage|p1a: Crawdaunt|62/100|[from] item: Life Orb
|
|upkeep
|turn|16
|j| animefan fan
|
|t:|1659342065
|switch|p2a: Gastrodon|Gastrodon-East, F|100/100
|move|p1a: Crawdaunt|Crabhammer|p2a: Gastrodon
|-ability|p2a: Gastrodon|Storm Drain|boost
|-boost|p2a: Gastrodon|spa|1
|
|upkeep
|turn|17
|j| egal★vanc
|
|t:|1659342073
|switch|p2a: Toxapex|Toxapex, F|92/100
|move|p1a: Crawdaunt|Knock Off|p2a: Toxapex
|-damage|p2a: Toxapex|31/100
|-enditem|p2a: Toxapex|Shed Shell|[from] move: Knock Off|[of] p1a: Crawdaunt
|-damage|p1a: Crawdaunt|52/100|[from] item: Life Orb
|
|upkeep
|turn|18
|j| savx
|j| SmartInResults
|
|t:|1659342080
|move|p1a: Crawdaunt|Knock Off|p2a: Toxapex
|-damage|p2a: Toxapex|0 fnt
|faint|p2a: Toxapex
|-damage|p1a: Crawdaunt|42/100|[from] item: Life Orb
|
|upkeep
|
|t:|1659342087
|switch|p2a: Blissey|Blissey, F|100/100
|turn|19
|j| ripreckful
|j| angrrry
|
|t:|1659342094
|move|p1a: Crawdaunt|Knock Off|p2a: Blissey
|-damage|p2a: Blissey|15/100
|-enditem|p2a: Blissey|Heavy-Duty Boots|[from] move: Knock Off|[of] p1a: Crawdaunt
|-damage|p1a: Crawdaunt|32/100|[from] item: Life Orb
|move|p2a: Blissey|Soft-Boiled|p2a: Blissey
|-heal|p2a: Blissey|65/100
|
|upkeep
|turn|20
|
|t:|1659342098
|switch|p2a: Gastrodon|Gastrodon-East, F|100/100
|move|p1a: Crawdaunt|Knock Off|p2a: Gastrodon
|-damage|p2a: Gastrodon|5/100
|-enditem|p2a: Gastrodon|Choice Scarf|[from] move: Knock Off|[of] p1a: Crawdaunt
|-damage|p1a: Crawdaunt|23/100|[from] item: Life Orb
|
|upkeep
|turn|21
|j| lt91bb empo
|c|☆LT91BB stareal|i lived
|-message|LT91BB stareal forfeited.
|
|win|antarctozolt
|raw|antarctozolt's rating: 1982 &rarr; <strong>2003</strong><br />(+21 for winning)
|raw|LT91BB stareal's rating: 1992 &rarr; <strong>1971</strong><br />(-21 for losing)
|l|☆LT91BB stareal
|l| SmartInResults
|c|☆antarctozolt|gg
|l| LT91BB Storm
|j| SmartInResults
|l| SmartInResults
|l| ripreckful
|j| LowGxeDoritos
|l|+pichus
|l|☆antarctozolt
|l| eastnovel
|l| egal★vanc
|l| rhythm buckshot
|j|☆antarctozolt
|player|p1|antarctozolt|skier
