|j|☆outd blundar
|j|☆minimax_ai
|t:|1667821608
|gametype|singles
|player|p1|outd blundar|101|1530
|player|p2|minimax_ai|169|1590
|teamsize|p1|6
|teamsize|p2|6
|gen|8
|tier|[Gen 8] OU
|rated|
|rule|Sleep Clause Mod: Limit one foe put to sleep
|rule|Species Clause: Limit one of each Pokémon
|rule|OHKO Clause: OHKO moves are banned
|rule|Evasion Items Clause: Evasion items are banned
|rule|Evasion Moves Clause: Evasion moves are banned
|rule|Endless Battle Clause: Forcing endless battles is banned
|rule|HP Percentage Mod: HP is shown in percentages
|rule|Dynamax Clause: You cannot dynamax
|clearpoke
|poke|p1|Chansey, F|
|poke|p1|Drapion, M|
|poke|p1|Landorus-Therian, M|
|poke|p1|Rillaboom, F|
|poke|p1|Regieleki|
|poke|p1|Heliolisk, F|
|poke|p2|Rotom-Wash|
|poke|p2|Weavile, F|
|poke|p2|Landorus-Therian, M|
|poke|p2|Heatran, M|
|poke|p2|Tangrowth, F|
|poke|p2|Melmetal|
|teampreview
|c|☆minimax_ai|hf
|inactive|Battle timer is ON: inactive players will automatically lose when time's up. (requested by minimax_ai)
|
|t:|1667821616
|start
|switch|p1a: Landorus|Landorus-Therian, M|100/100
|switch|p2a: Melmetal|Melmetal|100/100
|-ability|p1a: Landorus|Intimidate|boost
|-unboost|p2a: Melmetal|atk|1
|turn|1
|
|t:|1667821621
|move|p1a: Landorus|Fling|p2a: Melmetal
|-damage|p2a: Melmetal|95/100
|-status|p2a: Melmetal|par
|-enditem|p1a: Landorus|Light Ball|[from] move: Fling
|move|p2a: Melmetal|Ice Punch|p1a: Landorus
|-supereffective|p1a: Landorus
|-damage|p1a: Landorus|30/100
|
|upkeep
|turn|2
|
|t:|1667821624
|move|p1a: Landorus|Stealth Rock|p2a: Melmetal
|-sidestart|p2: minimax_ai|move: Stealth Rock
|move|p2a: Melmetal|Double Iron Bash|p1a: Landorus
|-crit|p1a: Landorus
|-damage|p1a: Landorus|0 fnt
|faint|p1a: Landorus
|-hitcount|p1: Landorus|1
|
|upkeep
|
|t:|1667821630
|switch|p1a: Regieleki|Regieleki|100/100
|turn|3
|
|t:|1667821634
|switch|p2a: landorustherian|Landorus-Therian, M|100/100
|-damage|p2a: landorustherian|88/100|[from] Stealth Rock
|-ability|p2a: landorustherian|Intimidate|boost
|-unboost|p1a: Regieleki|atk|1
|move|p1a: Regieleki|Reflect|p1a: Regieleki
|-sidestart|p1: outd blundar|Reflect
|
|-heal|p2a: landorustherian|94/100|[from] item: Leftovers
|upkeep
|turn|4
|
|t:|1667821635
|switch|p1a: Heliolisk|Heliolisk, F|100/100
|move|p2a: landorustherian|Defog|p1a: Heliolisk
|-unboost|p1a: Heliolisk|evasion|1
|-sideend|p1: outd blundar|Reflect
|-sideend|p2: minimax_ai|Stealth Rock|[from] move: Defog|[of] p2a: landorustherian
|
|-heal|p2a: landorustherian|99/100|[from] item: Leftovers
|upkeep
|turn|5
|
|t:|1667821637
|move|p1a: Heliolisk|Glare|p2a: landorustherian
|-status|p2a: landorustherian|par
|move|p2a: landorustherian|U-turn|p1a: Heliolisk
|-damage|p1a: Heliolisk|48/100
|
|t:|1667821637
|switch|p2a: Weavile|Weavile, F|100/100|[from]move: U-turn
|-ability|p2a: Weavile|Pressure
|
|upkeep
|turn|6
|j| cypherstest
|
|t:|1667821639
|move|p1a: Heliolisk|Glare|p2a: Weavile
|-status|p2a: Weavile|par
|move|p2a: Weavile|Triple Axel|p1a: Heliolisk
|-damage|p1a: Heliolisk|16/100
|-damage|p1a: Heliolisk|0 fnt
|faint|p1a: Heliolisk
|-hitcount|p1: Heliolisk|2
|
|upkeep
|
|t:|1667821641
|switch|p1a: Regieleki|Regieleki|100/100
|turn|7
|
|t:|1667821643
|move|p1a: Regieleki|Reflect|p1a: Regieleki
|-sidestart|p1: outd blundar|Reflect
|move|p2a: Weavile|Triple Axel|p1a: Regieleki
|-damage|p1a: Regieleki|89/100
|-damage|p1a: Regieleki|63/100
|-damage|p1a: Regieleki|25/100
|-hitcount|p1a: Regieleki|3
|
|upkeep
|turn|8
|
|t:|1667821644
|switch|p2a: landorustherian|Landorus-Therian, M|99/100 par
|-ability|p2a: landorustherian|Intimidate|boost
|-unboost|p1a: Regieleki|atk|1
|move|p1a: Regieleki|Light Screen|p1a: Regieleki
|-sidestart|p1: outd blundar|move: Light Screen
|
|-heal|p2a: landorustherian|100/100 par|[from] item: Leftovers
|upkeep
|turn|9
|
|t:|1667821649
|switch|p1a: Drapion|Drapion, M|100/100
|cant|p2a: landorustherian|par
|
|upkeep
|turn|10
|
|t:|1667821656
|move|p1a: Drapion|Taunt|p2a: landorustherian
|-start|p2a: landorustherian|move: Taunt
|cant|p2a: landorustherian|move: Taunt|Defog
|
|upkeep
|turn|11
|
|t:|1667821658
|switch|p1a: Rillaboom|Rillaboom, F|100/100
|-fieldstart|move: Grassy Terrain|[from] ability: Grassy Surge|[of] p1a: Rillaboom
|move|p2a: landorustherian|U-turn|p1a: Rillaboom
|-supereffective|p1a: Rillaboom
|-damage|p1a: Rillaboom|78/100
|-enditem|p1a: Rillaboom|Eject Button
|
|t:|1667821661
|switch|p1a: Drapion|Drapion, M|100/100
|
|upkeep
|turn|12
|
|t:|1667821663
|move|p1a: Drapion|Acupressure|p1a: Drapion
|-boost|p1a: Drapion|spd|2
|move|p2a: landorustherian|U-turn|p1a: Drapion
|-damage|p1a: Drapion|90/100
|
|t:|1667821663
|switch|p2a: Melmetal|Melmetal|95/100 par|[from]move: U-turn
|
|-heal|p1a: Drapion|96/100|[from] Grassy Terrain
|-heal|p1a: Drapion|100/100|[from] item: Black Sludge
|-heal|p2a: Melmetal|100/100 par|[from] Grassy Terrain
|upkeep
|turn|13
|
|t:|1667821667
|move|p1a: Drapion|Acupressure|p1a: Drapion
|-boost|p1a: Drapion|atk|2
|move|p2a: Melmetal|Double Iron Bash|p1a: Drapion
|-damage|p1a: Drapion|82/100
|-damage|p1a: Drapion|63/100
|-hitcount|p1a: Drapion|2
|
|-heal|p1a: Drapion|69/100|[from] Grassy Terrain
|-heal|p1a: Drapion|75/100|[from] item: Black Sludge
|upkeep
|turn|14
|
|t:|1667821670
|move|p1a: Drapion|Acupressure|p1a: Drapion
|-boost|p1a: Drapion|spe|2
|move|p2a: Melmetal|Double Iron Bash|p1a: Drapion
|-damage|p1a: Drapion|58/100
|-damage|p1a: Drapion|38/100
|-hitcount|p1a: Drapion|2
|
|-heal|p1a: Drapion|44/100|[from] Grassy Terrain
|-heal|p1a: Drapion|50/100|[from] item: Black Sludge
|-sideend|p1: outd blundar|Reflect
|upkeep
|turn|15
|
|t:|1667821675
|switch|p1a: Chansey|Chansey, F|100/100
|move|p2a: Melmetal|Double Iron Bash|p1a: Chansey
|-damage|p1a: Chansey|74/100
|-damage|p1a: Chansey|49/100
|-hitcount|p1a: Chansey|2
|
|-heal|p1a: Chansey|55/100|[from] Grassy Terrain
|-sideend|p1: outd blundar|move: Light Screen
|-fieldend|move: Grassy Terrain
|upkeep
|turn|16
|
|t:|1667821678
|move|p1a: Chansey|Soft-Boiled|p1a: Chansey
|-heal|p1a: Chansey|100/100
|move|p2a: Melmetal|Double Iron Bash|p1a: Chansey
|-damage|p1a: Chansey|72/100
|-damage|p1a: Chansey|47/100
|-hitcount|p1a: Chansey|2
|
|upkeep
|turn|17
|
|t:|1667821679
|move|p1a: Chansey|Soft-Boiled|p1a: Chansey
|-heal|p1a: Chansey|97/100
|move|p2a: Melmetal|Double Iron Bash|p1a: Chansey
|-damage|p1a: Chansey|70/100
|-damage|p1a: Chansey|44/100
|-hitcount|p1a: Chansey|2
|
|upkeep
|turn|18
|
|t:|1667821682
|move|p1a: Chansey|Soft-Boiled|p1a: Chansey
|-heal|p1a: Chansey|94/100
|move|p2a: Melmetal|Double Iron Bash|p1a: Chansey
|-damage|p1a: Chansey|68/100
|-damage|p1a: Chansey|43/100
|-hitcount|p1a: Chansey|2
|
|upkeep
|turn|19
|
|t:|1667821684
|move|p1a: Chansey|Soft-Boiled|p1a: Chansey
|-heal|p1a: Chansey|93/100
|cant|p2a: Melmetal|par
|
|upkeep
|turn|20
|
|t:|1667821688
|move|p1a: Chansey|Ice Beam|p2a: Melmetal
|-resisted|p2a: Melmetal
|-damage|p2a: Melmetal|98/100 par
|move|p2a: Melmetal|Double Iron Bash|p1a: Chansey
|-damage|p1a: Chansey|66/100
|-crit|p1a: Chansey
|-damage|p1a: Chansey|26/100
|-hitcount|p1a: Chansey|2
|
|upkeep
|turn|21
|
|t:|1667821689
|move|p1a: Chansey|Soft-Boiled|p1a: Chansey
|-heal|p1a: Chansey|76/100
|cant|p2a: Melmetal|par
|
|upkeep
|turn|22
|
|t:|1667821692
|move|p1a: Chansey|Ice Beam|p2a: Melmetal
|-resisted|p2a: Melmetal
|-damage|p2a: Melmetal|96/100 par
|move|p2a: Melmetal|Ice Punch|p1a: Chansey
|-damage|p1a: Chansey|53/100
|
|upkeep
|turn|23
|
|t:|1667821694
|move|p1a: Chansey|Soft-Boiled|p1a: Chansey
|-heal|p1a: Chansey|100/100
|cant|p2a: Melmetal|par
|
|upkeep
|turn|24
|
|t:|1667821697
|move|p1a: Chansey|Ice Beam|p2a: Melmetal
|-resisted|p2a: Melmetal
|-damage|p2a: Melmetal|93/100 par
|move|p2a: Melmetal|Ice Punch|p1a: Chansey
|-damage|p1a: Chansey|80/100
|
|upkeep
|turn|25
|
|t:|1667821699
|move|p1a: Chansey|Ice Beam|p2a: Melmetal
|-resisted|p2a: Melmetal
|-damage|p2a: Melmetal|91/100 par
|move|p2a: Melmetal|Ice Punch|p1a: Chansey
|-damage|p1a: Chansey|60/100
|
|upkeep
|turn|26
|
|t:|1667821703
|move|p1a: Chansey|Ice Beam|p2a: Melmetal
|-resisted|p2a: Melmetal
|-damage|p2a: Melmetal|88/100 par
|move|p2a: Melmetal|Ice Punch|p1a: Chansey
|-damage|p1a: Chansey|39/100
|
|upkeep
|turn|27
|
|t:|1667821707
|move|p1a: Chansey|Soft-Boiled|p1a: Chansey
|-heal|p1a: Chansey|89/100
|move|p2a: Melmetal|Ice Punch|p1a: Chansey
|-damage|p1a: Chansey|66/100
|
|upkeep
|turn|28
|
|t:|1667821711
|move|p2a: Melmetal|Ice Punch|p1a: Chansey
|-damage|p1a: Chansey|44/100
|move|p1a: Chansey|Counter|p2a: Melmetal
|-damage|p2a: Melmetal|20/100 par
|
|upkeep
|turn|29
|
|t:|1667821713
|switch|p2a: landorustherian|Landorus-Therian, M|100/100 par
|-ability|p2a: landorustherian|Intimidate|boost
|-unboost|p1a: Chansey|atk|1
|move|p1a: Chansey|Soft-Boiled|p1a: Chansey
|-heal|p1a: Chansey|94/100
|
|upkeep
|turn|30
|
|t:|1667821715
|move|p1a: Chansey|Ice Beam|p2a: landorustherian
|-supereffective|p2a: landorustherian
|-damage|p2a: landorustherian|73/100 par
|cant|p2a: landorustherian|par
|
|-heal|p2a: landorustherian|79/100 par|[from] item: Leftovers
|upkeep
|turn|31
|
|t:|1667821718
|move|p1a: Chansey|Ice Beam|p2a: landorustherian
|-supereffective|p2a: landorustherian
|-damage|p2a: landorustherian|49/100 par
|cant|p2a: landorustherian|par
|
|-heal|p2a: landorustherian|55/100 par|[from] item: Leftovers
|upkeep
|turn|32
|
|t:|1667821721
|switch|p1a: Drapion|Drapion, M|50/100
|cant|p2a: landorustherian|par
|
|-heal|p1a: Drapion|57/100|[from] item: Black Sludge
|-heal|p2a: landorustherian|61/100 par|[from] item: Leftovers
|upkeep
|turn|33
|
|t:|1667821723
|switch|p1a: Rillaboom|Rillaboom, F|78/100
|-fieldstart|move: Grassy Terrain|[from] ability: Grassy Surge|[of] p1a: Rillaboom
|move|p2a: landorustherian|Earthquake|p1a: Rillaboom
|-resisted|p1a: Rillaboom
|-damage|p1a: Rillaboom|66/100
|
|-heal|p1a: Rillaboom|73/100|[from] Grassy Terrain
|-heal|p2a: landorustherian|67/100 par|[from] item: Leftovers
|upkeep
|turn|34
|
|t:|1667821731
|switch|p1a: Regieleki|Regieleki|25/100
|switch|p2a: Tangrowth|Tangrowth, F|100/100
|
|-heal|p1a: Regieleki|31/100|[from] Grassy Terrain
|upkeep
|turn|35
|
|t:|1667821735
|move|p1a: Regieleki|Light Screen|p1a: Regieleki
|-sidestart|p1: outd blundar|move: Light Screen
|move|p2a: Tangrowth|Knock Off|p1a: Regieleki
|-damage|p1a: Regieleki|0 fnt
|-enditem|p1a: Regieleki|Light Clay|[from] move: Knock Off|[of] p2a: Tangrowth
|faint|p1a: Regieleki
|
|upkeep
|
|t:|1667821737
|switch|p1a: Drapion|Drapion, M|57/100
|turn|36
|
|t:|1667821740
|move|p1a: Drapion|Substitute|p1a: Drapion
|-start|p1a: Drapion|Substitute
|-damage|p1a: Drapion|32/100
|move|p2a: Tangrowth|Knock Off|p1a: Drapion
|-resisted|p1a: Drapion
|-activate|p1a: Drapion|move: Substitute|[damage]
|
|-heal|p1a: Drapion|38/100|[from] Grassy Terrain
|-heal|p1a: Drapion|44/100|[from] item: Black Sludge
|upkeep
|turn|37
|
|t:|1667821741
|switch|p2a: landorustherian|Landorus-Therian, M|67/100 par
|-ability|p2a: landorustherian|Intimidate|boost
|-immune|p1a: Drapion
|move|p1a: Drapion|Acupressure|p1a: Drapion
|-boost|p1a: Drapion|accuracy|2
|
|-heal|p1a: Drapion|50/100|[from] Grassy Terrain
|-heal|p1a: Drapion|56/100|[from] item: Black Sludge
|-heal|p2a: landorustherian|73/100 par|[from] item: Leftovers
|-fieldend|move: Grassy Terrain
|upkeep
|turn|38
|
|t:|1667821744
|move|p1a: Drapion|Acupressure|p1a: Drapion
|-boost|p1a: Drapion|spa|2
|move|p2a: landorustherian|Earthquake|p1a: Drapion
|-supereffective|p1a: Drapion
|-end|p1a: Drapion|Substitute
|
|-heal|p1a: Drapion|62/100|[from] item: Black Sludge
|-heal|p2a: landorustherian|79/100 par|[from] item: Leftovers
|upkeep
|turn|39
|
|t:|1667821748
|switch|p1a: Rillaboom|Rillaboom, F|73/100
|-fieldstart|move: Grassy Terrain|[from] ability: Grassy Surge|[of] p1a: Rillaboom
|move|p2a: landorustherian|Earthquake|p1a: Rillaboom
|-resisted|p1a: Rillaboom
|-crit|p1a: Rillaboom
|-damage|p1a: Rillaboom|54/100
|
|-heal|p1a: Rillaboom|60/100|[from] Grassy Terrain
|-heal|p2a: landorustherian|85/100 par|[from] item: Leftovers
|upkeep
|turn|40
|
|t:|1667821752
|switch|p2a: Tangrowth|Tangrowth, F|100/100
|move|p1a: Rillaboom|Grassy Glide|p2a: Tangrowth
|-resisted|p2a: Tangrowth
|-damage|p2a: Tangrowth|88/100
|-damage|p1a: Rillaboom|44/100|[from] item: Rocky Helmet|[of] p2a: Tangrowth
|
|-heal|p1a: Rillaboom|50/100|[from] Grassy Terrain
|-heal|p2a: Tangrowth|94/100|[from] Grassy Terrain
|upkeep
|turn|41
|
|t:|1667821756
|move|p1a: Rillaboom|Knock Off|p2a: Tangrowth
|-damage|p2a: Tangrowth|74/100
|-damage|p1a: Rillaboom|33/100|[from] item: Rocky Helmet|[of] p2a: Tangrowth
|-enditem|p2a: Tangrowth|Rocky Helmet|[from] move: Knock Off|[of] p1a: Rillaboom
|move|p2a: Tangrowth|Knock Off|p1a: Rillaboom
|-damage|p1a: Rillaboom|18/100
|
|-heal|p1a: Rillaboom|25/100|[from] Grassy Terrain
|-heal|p2a: Tangrowth|80/100|[from] Grassy Terrain
|upkeep
|turn|42
|
|t:|1667821759
|move|p1a: Rillaboom|Superpower|p2a: Tangrowth
|-damage|p2a: Tangrowth|56/100
|-unboost|p1a: Rillaboom|atk|1
|-unboost|p1a: Rillaboom|def|1
|move|p2a: Tangrowth|Knock Off|p1a: Rillaboom
|-damage|p1a: Rillaboom|3/100
|
|-heal|p1a: Rillaboom|9/100|[from] Grassy Terrain
|-heal|p2a: Tangrowth|63/100|[from] Grassy Terrain
|-sideend|p1: outd blundar|move: Light Screen
|upkeep
|turn|43
|
|t:|1667821760
|switch|p1a: Chansey|Chansey, F|94/100
|move|p2a: Tangrowth|Giga Drain|p1a: Chansey
|-damage|p1a: Chansey|84/100
|-heal|p2a: Tangrowth|72/100|[from] drain|[of] p1a: Chansey
|
|-heal|p1a: Chansey|90/100|[from] Grassy Terrain
|-heal|p2a: Tangrowth|78/100|[from] Grassy Terrain
|-fieldend|move: Grassy Terrain
|upkeep
|turn|44
|
|t:|1667821762
|switch|p2a: landorustherian|Landorus-Therian, M|85/100 par
|-ability|p2a: landorustherian|Intimidate|boost
|-unboost|p1a: Chansey|atk|1
|move|p1a: Chansey|Ice Beam|p2a: landorustherian
|-supereffective|p2a: landorustherian
|-crit|p2a: landorustherian
|-damage|p2a: landorustherian|44/100 par
|
|-heal|p2a: landorustherian|50/100 par|[from] item: Leftovers
|upkeep
|turn|45
|
|t:|1667821766
|switch|p1a: Rillaboom|Rillaboom, F|9/100
|-fieldstart|move: Grassy Terrain|[from] ability: Grassy Surge|[of] p1a: Rillaboom
|move|p2a: landorustherian|Earthquake|p1a: Rillaboom
|-resisted|p1a: Rillaboom
|-damage|p1a: Rillaboom|0 fnt
|faint|p1a: Rillaboom
|
|-heal|p2a: landorustherian|56/100 par|[from] item: Leftovers
|upkeep
|
|t:|1667821767
|switch|p1a: Drapion|Drapion, M|62/100
|turn|46
|
|t:|1667821769
|switch|p2a: Heatran|Heatran, M|100/100
|-item|p2a: Heatran|Air Balloon
|move|p1a: Drapion|Substitute|p1a: Drapion
|-start|p1a: Drapion|Substitute
|-damage|p1a: Drapion|37/100
|
|-heal|p1a: Drapion|43/100|[from] Grassy Terrain
|-heal|p1a: Drapion|49/100|[from] item: Black Sludge
|upkeep
|turn|47
|
|t:|1667821770
|move|p2a: Heatran|Magma Storm|p1a: Drapion|[miss]
|-miss|p2a: Heatran|p1a: Drapion
|move|p1a: Drapion|Acupressure|p1a: Drapion
|-boost|p1a: Drapion|spd|2
|
|-heal|p1a: Drapion|55/100|[from] Grassy Terrain
|-heal|p1a: Drapion|62/100|[from] item: Black Sludge
|upkeep
|turn|48
|
|t:|1667821772
|move|p2a: Heatran|Magma Storm|p1a: Drapion
|-end|p1a: Drapion|Substitute
|move|p1a: Drapion|Acupressure|p1a: Drapion
|-boost|p1a: Drapion|evasion|2
|
|-heal|p1a: Drapion|68/100|[from] Grassy Terrain
|-heal|p1a: Drapion|74/100|[from] item: Black Sludge
|upkeep
|turn|49
|
|t:|1667821776
|move|p2a: Heatran|Earth Power|p1a: Drapion
|-supereffective|p1a: Drapion
|-damage|p1a: Drapion|42/100
|move|p1a: Drapion|Acupressure|p1a: Drapion
|-boost|p1a: Drapion|atk|2
|
|-heal|p1a: Drapion|48/100|[from] Grassy Terrain
|-heal|p1a: Drapion|55/100|[from] item: Black Sludge
|-fieldend|move: Grassy Terrain
|upkeep
|turn|50
|
|t:|1667821779
|switch|p2a: landorustherian|Landorus-Therian, M|56/100 par
|-ability|p2a: landorustherian|Intimidate|boost
|-unboost|p1a: Drapion|atk|1
|move|p1a: Drapion|Acupressure|p1a: Drapion
|-boost|p1a: Drapion|spd|2
|
|-heal|p1a: Drapion|61/100|[from] item: Black Sludge
|-heal|p2a: landorustherian|62/100 par|[from] item: Leftovers
|upkeep
|turn|51
|
|t:|1667821782
|move|p1a: Drapion|Substitute|p1a: Drapion
|-start|p1a: Drapion|Substitute
|-damage|p1a: Drapion|36/100
|move|p2a: landorustherian|Earthquake|p1a: Drapion|[miss]
|-miss|p2a: landorustherian|p1a: Drapion
|
|-heal|p1a: Drapion|42/100|[from] item: Black Sludge
|-heal|p2a: landorustherian|68/100 par|[from] item: Leftovers
|upkeep
|turn|52
|
|t:|1667821783
|switch|p2a: rotomwash|Rotom-Wash|100/100
|move|p1a: Drapion|Acupressure|p1a: Drapion
|-boost|p1a: Drapion|atk|2
|
|-heal|p1a: Drapion|48/100|[from] item: Black Sludge
|upkeep
|turn|53
|j| Ran Kob
|
|t:|1667821786
|switch|p2a: Melmetal|Melmetal|20/100 par
|move|p1a: Drapion|Acupressure|p1a: Drapion
|-boost|p1a: Drapion|spe|2
|
|-heal|p1a: Drapion|54/100|[from] item: Black Sludge
|upkeep
|turn|54
|
|t:|1667821791
|move|p1a: Drapion|Acupressure|p1a: Drapion
|-boost|p1a: Drapion|evasion|2
|move|p2a: Melmetal|Ice Punch|p1a: Drapion
|-end|p1a: Drapion|Substitute
|
|-heal|p1a: Drapion|60/100|[from] item: Black Sludge
|upkeep
|turn|55
|
|t:|1667821797
|move|p1a: Drapion|Substitute|p1a: Drapion
|-start|p1a: Drapion|Substitute
|-damage|p1a: Drapion|35/100
|move|p2a: Melmetal|Earthquake|p1a: Drapion|[miss]
|-miss|p2a: Melmetal|p1a: Drapion
|
|-heal|p1a: Drapion|41/100|[from] item: Black Sludge
|upkeep
|turn|56
|
|t:|1667821798
|move|p1a: Drapion|Acupressure|p1a: Drapion
|-boost|p1a: Drapion|def|2
|move|p2a: Melmetal|Ice Punch|p1a: Drapion|[miss]
|-miss|p2a: Melmetal|p1a: Drapion
|
|-heal|p1a: Drapion|47/100|[from] item: Black Sludge
|upkeep
|turn|57
|
|t:|1667821800
|move|p1a: Drapion|Acupressure|p1a: Drapion
|-boost|p1a: Drapion|def|2
|move|p2a: Melmetal|Earthquake|p1a: Drapion|[miss]
|-miss|p2a: Melmetal|p1a: Drapion
|
|-heal|p1a: Drapion|53/100|[from] item: Black Sludge
|upkeep
|turn|58
|
|t:|1667821803
|move|p1a: Drapion|Acupressure|p1a: Drapion
|-boost|p1a: Drapion|spd|2
|cant|p2a: Melmetal|par
|
|-heal|p1a: Drapion|60/100|[from] item: Black Sludge
|upkeep
|turn|59
|
|t:|1667821805
|move|p1a: Drapion|Acupressure|p1a: Drapion
|-boost|p1a: Drapion|evasion|2
|move|p2a: Melmetal|Earthquake|p1a: Drapion|[miss]
|-miss|p2a: Melmetal|p1a: Drapion
|
|-heal|p1a: Drapion|66/100|[from] item: Black Sludge
|upkeep
|turn|60
|
|t:|1667821807
|move|p1a: Drapion|Acupressure|p1a: Drapion
|-boost|p1a: Drapion|spe|2
|move|p2a: Melmetal|Earthquake|p1a: Drapion
|-supereffective|p1a: Drapion
|-end|p1a: Drapion|Substitute
|
|-heal|p1a: Drapion|72/100|[from] item: Black Sludge
|upkeep
|turn|61
|
|t:|1667821810
|move|p1a: Drapion|Substitute|p1a: Drapion
|-start|p1a: Drapion|Substitute
|-damage|p1a: Drapion|47/100
|move|p2a: Melmetal|Earthquake|p1a: Drapion|[miss]
|-miss|p2a: Melmetal|p1a: Drapion
|
|-heal|p1a: Drapion|53/100|[from] item: Black Sludge
|upkeep
|turn|62
|
|t:|1667821812
|move|p1a: Drapion|Acupressure|p1a: Drapion
|-boost|p1a: Drapion|accuracy|2
|move|p2a: Melmetal|Earthquake|p1a: Drapion|[miss]
|-miss|p2a: Melmetal|p1a: Drapion
|
|-heal|p1a: Drapion|59/100|[from] item: Black Sludge
|upkeep
|turn|63
|
|t:|1667821814
|move|p1a: Drapion|Acupressure|p1a: Drapion
|-boost|p1a: Drapion|def|2
|move|p2a: Melmetal|Earthquake|p1a: Drapion
|-supereffective|p1a: Drapion
|-activate|p1a: Drapion|move: Substitute|[damage]
|
|-heal|p1a: Drapion|65/100|[from] item: Black Sludge
|upkeep
|turn|64
|
|t:|1667821815
|move|p1a: Drapion|Acupressure|p1a: Drapion
|-boost|p1a: Drapion|accuracy|2
|move|p2a: Melmetal|Thunder Punch|p1a: Drapion
|-end|p1a: Drapion|Substitute
|
|-heal|p1a: Drapion|71/100|[from] item: Black Sludge
|upkeep
|turn|65
|
|t:|1667821817
|move|p1a: Drapion|Substitute|p1a: Drapion
|-start|p1a: Drapion|Substitute
|-damage|p1a: Drapion|46/100
|cant|p2a: Melmetal|par
|
|-heal|p1a: Drapion|52/100|[from] item: Black Sludge
|upkeep
|turn|66
|
|t:|1667821820
|move|p1a: Drapion|Acupressure|p1a: Drapion
|-boost|p1a: Drapion|spe|2
|move|p2a: Melmetal|Thunder Punch|p1a: Drapion|[miss]
|-miss|p2a: Melmetal|p1a: Drapion
|
|-heal|p1a: Drapion|58/100|[from] item: Black Sludge
|upkeep
|turn|67
|
|t:|1667821821
|move|p1a: Drapion|Acupressure|p1a: Drapion
|-boost|p1a: Drapion|accuracy|2
|move|p2a: Melmetal|Thunder Punch|p1a: Drapion
|-activate|p1a: Drapion|move: Substitute|[damage]
|
|-heal|p1a: Drapion|64/100|[from] item: Black Sludge
|upkeep
|turn|68
|
|t:|1667821823
|move|p1a: Drapion|Acupressure|p1a: Drapion
|-boost|p1a: Drapion|atk|2
|move|p2a: Melmetal|Thunder Punch|p1a: Drapion|[miss]
|-miss|p2a: Melmetal|p1a: Drapion
|
|-heal|p1a: Drapion|71/100|[from] item: Black Sludge
|upkeep
|turn|69
|
|t:|1667821825
|move|p1a: Drapion|Acupressure|p1a: Drapion
|-boost|p1a: Drapion|spa|2
|move|p2a: Melmetal|Thunder Punch|p1a: Drapion|[miss]
|-miss|p2a: Melmetal|p1a: Drapion
|
|-heal|p1a: Drapion|77/100|[from] item: Black Sludge
|upkeep
|turn|70
|
|t:|1667821828
|move|p1a: Drapion|Acupressure|p1a: Drapion
|-boost|p1a: Drapion|atk|1
|move|p2a: Melmetal|Thunder Punch|p1a: Drapion|[miss]
|-miss|p2a: Melmetal|p1a: Drapion
|
|-heal|p1a: Drapion|83/100|[from] item: Black Sludge
|upkeep
|turn|71
|
|t:|1667821829
|move|p1a: Drapion|Knock Off|p2a: Melmetal
|-damage|p2a: Melmetal|0 fnt
|-enditem|p2a: Melmetal|Assault Vest|[from] move: Knock Off|[of] p1a: Drapion
|faint|p2a: Melmetal
|
|-heal|p1a: Drapion|89/100|[from] item: Black Sludge
|upkeep
|
|t:|1667821829
|switch|p2a: landorustherian|Landorus-Therian, M|68/100 par
|-ability|p2a: landorustherian|Intimidate|boost
|-immune|p1a: Drapion
|turn|72
|
|t:|1667821832
|move|p1a: Drapion|Knock Off|p2a: landorustherian
|-damage|p2a: landorustherian|0 fnt
|-enditem|p2a: landorustherian|Leftovers|[from] move: Knock Off|[of] p1a: Drapion
|faint|p2a: landorustherian
|
|-heal|p1a: Drapion|95/100|[from] item: Black Sludge
|upkeep
|
|t:|1667821832
|switch|p2a: Tangrowth|Tangrowth, F|100/100
|turn|73
|
|t:|1667821835
|switch|p2a: Weavile|Weavile, F|100/100 par
|-ability|p2a: Weavile|Pressure
|move|p1a: Drapion|Knock Off|p2a: Weavile
|-resisted|p2a: Weavile
|-damage|p2a: Weavile|3/100 par
|-enditem|p2a: Weavile|Choice Band|[from] move: Knock Off|[of] p1a: Drapion
|
|-heal|p1a: Drapion|100/100|[from] item: Black Sludge
|upkeep
|turn|74
|
|t:|1667821837
|move|p1a: Drapion|Knock Off|p2a: Weavile
|-resisted|p2a: Weavile
|-damage|p2a: Weavile|0 fnt
|faint|p2a: Weavile
|
|upkeep
|
|t:|1667821837
|switch|p2a: Tangrowth|Tangrowth, F|100/100
|turn|75
|
|t:|1667821838
|switch|p2a: rotomwash|Rotom-Wash|100/100
|move|p1a: Drapion|Knock Off|p2a: rotomwash
|-crit|p2a: rotomwash
|-damage|p2a: rotomwash|0 fnt
|-enditem|p2a: rotomwash|Leftovers|[from] move: Knock Off|[of] p1a: Drapion
|faint|p2a: rotomwash
|
|upkeep
|
|t:|1667821838
|switch|p2a: Tangrowth|Tangrowth, F|100/100
|turn|76
|
|t:|1667821840
|move|p1a: Drapion|Knock Off|p2a: Tangrowth
|-damage|p2a: Tangrowth|61/100
|move|p2a: Tangrowth|Focus Blast|p1a: Drapion|[miss]
|-miss|p2a: Tangrowth|p1a: Drapion
|
|upkeep
|turn|77
|
|t:|1667821842
|move|p1a: Drapion|Knock Off|p2a: Tangrowth
|-damage|p2a: Tangrowth|16/100
|move|p2a: Tangrowth|Focus Blast|p1a: Drapion|[miss]
|-miss|p2a: Tangrowth|p1a: Drapion
|
|upkeep
|turn|78
|
|t:|1667821843
|move|p1a: Drapion|Knock Off|p2a: Tangrowth
|-damage|p2a: Tangrowth|0 fnt
|faint|p2a: Tangrowth
|
|upkeep
|
|t:|1667821843
|switch|p2a: Heatran|Heatran, M|100/100
|-item|p2a: Heatran|Air Balloon
|turn|79
|
|t:|1667821845
|move|p1a: Drapion|Knock Off|p2a: Heatran
|-damage|p2a: Heatran|0 fnt
|-enditem|p2a: Heatran|Air Balloon
|faint|p2a: Heatran
|
|win|outd blundar
|raw|outd blundar's rating: 1530 &rarr; <strong>1553</strong><br />(+23 for winning)
|raw|minimax_ai's rating: 1590 &rarr; <strong>1567</strong><br />(-23 for losing)
|c|☆minimax_ai|gg
