|html|<div class="broadcast-blue"><strong>[Gen 8] OU is currently suspecting Melmetal! For information on how to participate check out the <a href="https://www.smogon.com/forums/threads/np-ss-ou-suspect-process-round-12-monster-mash.3709234/">suspect thread</a>.</strong></div>
|j|‽minimax_ai
|j|☆ldailey19
|t:|1665982257
|gametype|singles
|player|p1|minimax_ai|265|1529
|player|p2|ldailey19|lance|1620
|teamsize|p1|6
|teamsize|p2|6
|gen|8
|tier|[Gen 8] OU
|rated|
|rule|Sleep Clause Mod: Limit one foe put to sleep
|rule|Species Clause: Limit one of each Pokémon
|rule|OHKO Clause: OHKO moves are banned
|rule|Evasion Items Clause: Evasion items are banned
|rule|Evasion Moves Clause: Evasion moves are banned
|rule|Endless Battle Clause: Forcing endless battles is banned
|rule|HP Percentage Mod: HP is shown in percentages
|rule|Dynamax Clause: You cannot dynamax
|clearpoke
|poke|p1|Rotom-Wash|
|poke|p1|Weavile, F|
|poke|p1|Landorus-Therian, M|
|poke|p1|Heatran, M|
|poke|p1|Tangrowth, F|
|poke|p1|Melmetal|
|poke|p2|Magnezone|
|poke|p2|Weavile, F|
|poke|p2|Urshifu-*, F|
|poke|p2|Heatran, F|
|poke|p2|Landorus-Therian, M|
|poke|p2|Dragapult, M|
|teampreview
|inactive|Battle timer is ON: inactive players will automatically lose when time's up. (requested by ldailey19)
|inactive|minimax_ai also wants the timer to be on.
|inactive|ldailey19 has 120 seconds left.
|inactive|ldailey19 has 90 seconds left.
|
|t:|1665982322
|start
|switch|p1a: Rotom|Rotom-Wash|100/100
|switch|p2a: Weavile|Weavile, F|100/100
|-ability|p2a: Weavile|Pressure
|turn|1
|
|t:|1665982325
|move|p2a: Weavile|Knock Off|p1a: Rotom
|-damage|p1a: Rotom|24/100
|-enditem|p1a: Rotom|Leftovers|[from] move: Knock Off|[of] p2a: Weavile
|move|p1a: Rotom|Thunderbolt|p2a: Weavile
|-damage|p2a: Weavile|48/100
|
|upkeep
|turn|2
|
|t:|1665982343
|switch|p1a: Tangrowth|Tangrowth, F|100/100
|move|p2a: Weavile|Knock Off|p1a: Tangrowth
|-damage|p1a: Tangrowth|63/100
|-damage|p2a: Weavile|32/100|[from] item: Rocky Helmet|[of] p1a: Tangrowth
|-enditem|p1a: Tangrowth|Rocky Helmet|[from] move: Knock Off|[of] p2a: Weavile
|
|upkeep
|turn|3
|
|t:|1665982358
|move|p2a: Weavile|Knock Off|p1a: Tangrowth
|-damage|p1a: Tangrowth|38/100
|move|p1a: Tangrowth|Giga Drain|p2a: Weavile
|-damage|p2a: Weavile|0 fnt
|-heal|p1a: Tangrowth|49/100|[from] drain|[of] p2a: Weavile
|faint|p2a: Weavile
|
|upkeep
|inactive|ldailey19 has 120 seconds left.
|
|t:|1665982385
|switch|p2a: Magnezone|Magnezone, shiny|100/100
|turn|4
|
|t:|1665982390
|switch|p1a: Melmetal|Melmetal|100/100
|move|p2a: Magnezone|Flash Cannon|p1a: Melmetal
|-resisted|p1a: Melmetal
|-damage|p1a: Melmetal|83/100
|
|upkeep
|turn|5
|
|t:|1665982393
|move|p2a: Magnezone|Volt Switch|p1a: Melmetal
|-damage|p1a: Melmetal|60/100
|
|t:|1665982397
|switch|p2a: Landorus|Landorus-Therian, M|100/100|[from]move: Volt Switch
|-ability|p2a: Landorus|Intimidate|boost
|-unboost|p1a: Melmetal|atk|1
|move|p1a: Melmetal|Earthquake|p2a: Landorus
|-immune|p2a: Landorus
|
|upkeep
|turn|6
|
|t:|1665982404
|switch|p1a: Landorus|Landorus-Therian, M|100/100
|-ability|p1a: Landorus|Intimidate|boost
|-unboost|p2a: Landorus|atk|1
|move|p2a: Landorus|Knock Off|p1a: Landorus
|-damage|p1a: Landorus|81/100
|-enditem|p1a: Landorus|Leftovers|[from] move: Knock Off|[of] p2a: Landorus
|
|upkeep
|turn|7
|
|t:|1665982410
|move|p2a: Landorus|Stealth Rock|p1a: Landorus
|-sidestart|p1: minimax_ai|move: Stealth Rock
|move|p1a: Landorus|Earthquake|p2a: Landorus
|-immune|p2a: Landorus
|
|upkeep
|turn|8
|j| OWOWOWOWOWO OWO
|
|t:|1665982416
|move|p2a: Landorus|Knock Off|p1a: Landorus
|-damage|p1a: Landorus|66/100
|move|p1a: Landorus|Defog|p2a: Landorus
|-unboost|p2a: Landorus|evasion|1
|-sideend|p1: minimax_ai|Stealth Rock|[from] move: Defog|[of] p1a: Landorus
|
|upkeep
|turn|9
|
|t:|1665982424
|move|p2a: Landorus|Knock Off|p1a: Landorus
|-damage|p1a: Landorus|52/100
|move|p1a: Landorus|Earthquake|p2a: Landorus
|-immune|p2a: Landorus
|
|upkeep
|turn|10
|
|t:|1665982430
|move|p2a: Landorus|Knock Off|p1a: Landorus
|-damage|p1a: Landorus|39/100
|move|p1a: Landorus|Earthquake|p2a: Landorus
|-immune|p2a: Landorus
|
|upkeep
|turn|11
|j| Celtis
|
|t:|1665982439
|move|p2a: Landorus|Knock Off|p1a: Landorus
|-damage|p1a: Landorus|26/100
|move|p1a: Landorus|Earthquake|p2a: Landorus
|-immune|p2a: Landorus
|
|upkeep
|turn|12
|
|t:|1665982446
|move|p2a: Landorus|Knock Off|p1a: Landorus
|-damage|p1a: Landorus|13/100
|move|p1a: Landorus|Earthquake|p2a: Landorus
|-immune|p2a: Landorus
|
|upkeep
|turn|13
|
|t:|1665982451
|switch|p1a: Heatran|Heatran, M|100/100
|-item|p1a: Heatran|Air Balloon
|move|p2a: Landorus|Stealth Rock|p1a: Heatran
|-sidestart|p1: minimax_ai|move: Stealth Rock
|
|upkeep
|turn|14
|
|t:|1665982458
|move|p1a: Heatran|Eruption|p2a: Landorus
|-damage|p2a: Landorus|10/100
|move|p2a: Landorus|Knock Off|p1a: Heatran
|-damage|p1a: Heatran|78/100
|-enditem|p1a: Heatran|Air Balloon
|
|upkeep
|turn|15
|
|t:|1665982469
|switch|p1a: Tangrowth|Tangrowth, F|82/100
|-damage|p1a: Tangrowth|70/100|[from] Stealth Rock
|switch|p2a: Heatran|Heatran, F, shiny|100/100
|-item|p2a: Heatran|Air Balloon
|
|upkeep
|turn|16
|
|t:|1665982474
|switch|p1a: Landorus|Landorus-Therian, M|13/100
|-damage|p1a: Landorus|0 fnt|[from] Stealth Rock
|faint|p1a: Landorus
|move|p2a: Heatran|Flamethrower|p1: Landorus|[notarget]
|-fail|p2a: Heatran
|
|upkeep
|
|t:|1665982474
|switch|p1a: Weavile|Weavile, F|100/100
|-damage|p1a: Weavile|76/100|[from] Stealth Rock
|-ability|p1a: Weavile|Pressure
|turn|17
|
|t:|1665982478
|move|p2a: Heatran|Protect|p2a: Heatran
|-singleturn|p2a: Heatran|Protect
|move|p1a: Weavile|Low Kick|p2a: Heatran
|-activate|p2a: Heatran|move: Protect
|
|upkeep
|turn|18
|
|t:|1665982489
|switch|p2a: Dragapult|Dragapult, M, shiny|100/100
|move|p1a: Weavile|Low Kick|p2a: Dragapult
|-immune|p2a: Dragapult
|
|upkeep
|turn|19
|
|t:|1665982500
|switch|p1a: Heatran|Heatran, M|78/100
|-damage|p1a: Heatran|66/100|[from] Stealth Rock
|move|p2a: Dragapult|U-turn|p1a: Heatran
|-resisted|p1a: Heatran
|-damage|p1a: Heatran|60/100
|j| StellaLuo
|
|t:|1665982505
|switch|p2a: Heatran|Heatran, F, shiny|100/100|[from]move: U-turn
|-item|p2a: Heatran|Air Balloon
|
|upkeep
|turn|20
|
|t:|1665982513
|switch|p1a: Rotom|Rotom-Wash|24/100
|-damage|p1a: Rotom|11/100|[from] Stealth Rock
|move|p2a: Heatran|Toxic|p1a: Rotom|[miss]
|-miss|p2a: Heatran|p1a: Rotom
|
|upkeep
|turn|21
|
|t:|1665982523
|move|p1a: Rotom|Hydro Pump|p2a: Heatran
|-supereffective|p2a: Heatran
|-crit|p2a: Heatran
|-damage|p2a: Heatran|3/100
|-enditem|p2a: Heatran|Air Balloon
|move|p2a: Heatran|Flamethrower|p1a: Rotom
|-resisted|p1a: Rotom
|-damage|p1a: Rotom|0 fnt
|faint|p1a: Rotom
|
|upkeep
|
|t:|1665982523
|switch|p1a: Melmetal|Melmetal|60/100
|-damage|p1a: Melmetal|54/100|[from] Stealth Rock
|turn|22
|
|t:|1665982530
|move|p2a: Heatran|Flamethrower|p1a: Melmetal
|-supereffective|p1a: Melmetal
|-damage|p1a: Melmetal|13/100
|move|p1a: Melmetal|Double Iron Bash|p2a: Heatran
|-resisted|p2a: Heatran
|-damage|p2a: Heatran|0 fnt
|faint|p2a: Heatran
|-hitcount|p2: Heatran|1
|
|upkeep
|
|t:|1665982545
|switch|p2a: Magnezone|Magnezone, shiny|100/100
|turn|23
|
|t:|1665982547
|move|p2a: Magnezone|Volt Switch|p1a: Melmetal
|-damage|p1a: Melmetal|0 fnt
|faint|p1a: Melmetal
|
|t:|1665982554
|switch|p2a: Dragapult|Dragapult, M, shiny|100/100|[from]move: Volt Switch
|
|upkeep
|
|t:|1665982554
|switch|p1a: Weavile|Weavile, F|76/100
|-damage|p1a: Weavile|51/100|[from] Stealth Rock
|-ability|p1a: Weavile|Pressure
|turn|24
|
|t:|1665982558
|move|p1a: Weavile|Ice Shard|p2a: Dragapult
|-supereffective|p2a: Dragapult
|-damage|p2a: Dragapult|18/100
|move|p2a: Dragapult|U-turn|p1a: Weavile
|-supereffective|p1a: Weavile
|-damage|p1a: Weavile|0 fnt
|faint|p1a: Weavile
|
|t:|1665982570
|switch|p2a: Landorus|Landorus-Therian, M|10/100|[from]move: U-turn
|
|upkeep
|
|t:|1665982570
|switch|p1a: Heatran|Heatran, M|60/100
|-damage|p1a: Heatran|47/100|[from] Stealth Rock
|turn|25
|
|t:|1665982575
|move|p1a: Heatran|Magma Storm|p2a: Landorus
|-damage|p2a: Landorus|0 fnt
|faint|p2a: Landorus
|
|upkeep
|
|t:|1665982584
|switch|p2a: Urshifu|Urshifu-Rapid-Strike, F|100/100
|turn|26
|
|t:|1665982588
|move|p2a: Urshifu|Close Combat|p1a: Heatran
|-supereffective|p1a: Heatran
|-damage|p1a: Heatran|0 fnt
|-unboost|p2a: Urshifu|def|1
|-unboost|p2a: Urshifu|spd|1
|faint|p1a: Heatran
|
|upkeep
|
|t:|1665982588
|switch|p1a: Tangrowth|Tangrowth, F|100/100
|-damage|p1a: Tangrowth|88/100|[from] Stealth Rock
|turn|27
|
|t:|1665982598
|switch|p2a: Magnezone|Magnezone, shiny|100/100
|move|p1a: Tangrowth|Knock Off|p2a: Magnezone
|-damage|p2a: Magnezone|80/100
|-enditem|p2a: Magnezone|Assault Vest|[from] move: Knock Off|[of] p1a: Tangrowth
|
|upkeep
|turn|28
|
|t:|1665982602
|move|p2a: Magnezone|Flash Cannon|p1a: Tangrowth
|-damage|p1a: Tangrowth|17/100
|move|p1a: Tangrowth|Sleep Powder|p2a: Magnezone
|-status|p2a: Magnezone|slp|[from] move: Sleep Powder
|
|upkeep
|turn|29
|
|t:|1665982616
|cant|p2a: Magnezone|slp
|move|p1a: Tangrowth|Giga Drain|p2a: Magnezone
|-resisted|p2a: Magnezone
|-damage|p2a: Magnezone|66/100 slp
|-heal|p1a: Tangrowth|24/100|[from] drain|[of] p2a: Magnezone
|
|upkeep
|turn|30
|
|t:|1665982623
|cant|p2a: Magnezone|slp
|move|p1a: Tangrowth|Giga Drain|p2a: Magnezone
|-resisted|p2a: Magnezone
|-damage|p2a: Magnezone|51/100 slp
|-heal|p1a: Tangrowth|30/100|[from] drain|[of] p2a: Magnezone
|
|upkeep
|turn|31
|
|t:|1665982627
|cant|p2a: Magnezone|slp
|move|p1a: Tangrowth|Giga Drain|p2a: Magnezone
|-resisted|p2a: Magnezone
|-damage|p2a: Magnezone|37/100 slp
|-heal|p1a: Tangrowth|36/100|[from] drain|[of] p2a: Magnezone
|
|upkeep
|turn|32
|
|t:|1665982630
|-curestatus|p2a: Magnezone|slp|[msg]
|move|p2a: Magnezone|Flash Cannon|p1a: Tangrowth
|-damage|p1a: Tangrowth|0 fnt
|faint|p1a: Tangrowth
|
|win|ldailey19
|raw|minimax_ai's rating: 1529 &rarr; <strong>1514</strong><br />(-15 for losing)
|raw|ldailey19's rating: 1620 &rarr; <strong>1635</strong><br />(+15 for winning)
|l|‽minimax_ai
