|j|☆NixHex
|j|☆supersam10001
|inactive|Battle timer is ON: inactive players will automatically lose when time's up.
|t:|1611132695
|player|p1|NixHex|1|
|player|p2|supersam10001|wallace|
|teamsize|p1|6
|teamsize|p2|6
|gametype|singles
|gen|8
|tier|[Gen 8] OU
|rated|Tournament battle
|clearpoke
|poke|p1|Porygon-Z|
|poke|p1|Obstagoon, F|
|poke|p1|Tyranitar, F|
|poke|p1|Blissey, F|
|poke|p1|Dragapult, F|
|poke|p1|Rillaboom, F|
|poke|p2|Zapdos|
|poke|p2|Cinderace, F|
|poke|p2|Tyranitar, M|
|poke|p2|Excadrill, M|
|poke|p2|Tangrowth, M|
|poke|p2|Slowbro, F|
|rule|Sleep Clause Mod: Limit one foe put to sleep
|rule|Species Clause: Limit one of each Pokémon
|rule|OHKO Clause: OHKO moves are banned
|rule|Evasion Moves Clause: Evasion moves are banned
|rule|Endless Battle Clause: Forcing endless battles is banned
|rule|HP Percentage Mod: HP is shown in percentages
|rule|Dynamax Clause: You cannot dynamax
|rule|Inverse Mod: Weaknesses become resistances, while resistances and immunities become weaknesses.
|teampreview
|inactive|supersam10001 also wants the timer to be on.
|j| FirenLazerg
|c|☆supersam10001|hf
|c|☆NixHex|u2
|
|t:|1611132712
|start
|switch|p1a: Blissey|Blissey, F|100/100
|switch|p2a: Zappy|Zapdos|100/100
|turn|1
|j| Sceptile6797
|j|+georgiethefirst
|c|☆supersam10001|how fast can i lose ?
|
|t:|1611132723
|move|p2a: Zappy|Volt Switch|p1a: Blissey
|-damage|p1a: Blissey|78/100
|
|t:|1611132726
|switch|p2a: Amnesiac|Slowbro, F|100/100|[from]move: Volt Switch
|move|p1a: Blissey|Teleport|p1a: Blissey
|c|+georgiethefirst|just win
|
|t:|1611132735
|switch|p1a: Tyranitar|Tyranitar, F|100/100|[from]move: Teleport
|-weather|Sandstorm|[from] ability: Sand Stream|[of] p1a: Tyranitar
|
|-weather|Sandstorm|[upkeep]
|-damage|p2a: Amnesiac|94/100|[from] Sandstorm
|upkeep
|turn|2
|j| ShaylaTheShark
|c|☆NixHex|great album
|
|t:|1611132748
|move|p1a: Tyranitar|Stealth Rock|p2a: Amnesiac
|-sidestart|p2: supersam10001|move: Stealth Rock
|move|p2a: Amnesiac|Teleport|p2a: Amnesiac
|c|☆NixHex|underrated
|
|t:|1611132752
|switch|p2a: Messi|Cinderace, F|100/100|[from]move: Teleport
|
|-weather|Sandstorm|[upkeep]
|-damage|p2a: Messi|95/100|[from] Sandstorm
|upkeep
|turn|3
|
|t:|1611132768
|move|p2a: Messi|Pyro Ball|p1a: Tyranitar
|-supereffective|p1a: Tyranitar
|-damage|p1a: Tyranitar|1/100
|move|p1a: Tyranitar|Thunder Wave|p2a: Messi
|-status|p2a: Messi|par
|
|-weather|Sandstorm|[upkeep]
|-damage|p2a: Messi|89/100 par|[from] Sandstorm
|-heal|p1a: Tyranitar|7/100|[from] item: Leftovers
|upkeep
|turn|4
|c|+georgiethefirst|god evs
|c|☆supersam10001|evs
|c|☆NixHex|hey, it hit!
|
|t:|1611132781
|switch|p1a: Rillaboom|Rillaboom, F|100/100
|-fieldstart|move: Grassy Terrain|[from] ability: Grassy Surge|[of] p1a: Rillaboom
|cant|p2a: Messi|par
|
|-weather|Sandstorm|[upkeep]
|-damage|p1a: Rillaboom|94/100|[from] Sandstorm
|-damage|p2a: Messi|83/100 par|[from] Sandstorm
|-heal|p1a: Rillaboom|100/100|[from] Grassy Terrain
|-heal|p2a: Messi|89/100 par|[from] Grassy Terrain
|upkeep
|turn|5
|l| Sceptile6797
|
|t:|1611132793
|switch|p2a: Amnesiac|Slowbro, F|100/100
|move|p1a: Rillaboom|U-turn|p2a: Amnesiac
|-resisted|p2a: Amnesiac
|-damage|p2a: Amnesiac|89/100
|
|t:|1611132803
|switch|p1a: Porygon-Z|Porygon-Z, shiny|100/100|[from]move: U-turn
|
|-weather|none
|-heal|p2a: Amnesiac|95/100|[from] Grassy Terrain
|upkeep
|turn|6
|
|t:|1611132814
|switch|p2a: Godzilla|Tyranitar, M|100/100
|-damage|p2a: Godzilla|88/100|[from] Stealth Rock
|-weather|Sandstorm|[from] ability: Sand Stream|[of] p2a: Godzilla
|move|p1a: Porygon-Z|Tri Attack|p2a: Godzilla
|-supereffective|p2a: Godzilla
|-damage|p2a: Godzilla|12/100
|-status|p2a: Godzilla|frz
|
|-weather|Sandstorm|[upkeep]
|-damage|p1a: Porygon-Z|94/100|[from] Sandstorm
|-heal|p1a: Porygon-Z|100/100|[from] Grassy Terrain
|-heal|p2a: Godzilla|18/100 frz|[from] Grassy Terrain
|-heal|p2a: Godzilla|24/100 frz|[from] item: Leftovers
|upkeep
|turn|7
|
|t:|1611132828
|move|p1a: Porygon-Z|Tri Attack|p2a: Godzilla
|-supereffective|p2a: Godzilla
|-damage|p2a: Godzilla|0 fnt
|faint|p2a: Godzilla
|
|-weather|Sandstorm|[upkeep]
|-damage|p1a: Porygon-Z|94/100|[from] Sandstorm
|-heal|p1a: Porygon-Z|100/100|[from] Grassy Terrain
|upkeep
|
|t:|1611132838
|switch|p2a: Mole|Excadrill, M|100/100
|-damage|p2a: Mole|51/100|[from] Stealth Rock
|turn|8
|j| rattlethehead
|c|+georgiethefirst|wow 50%
|c|+georgiethefirst|drill is mega dookey
|j| Baloor
|c|☆supersam10001|how did i lose it ?
|c|+georgiethefirst|rocks
|inactive|NixHex has 120 seconds left.
|c|☆supersam10001|oh
|c|☆supersam10001|LMAOO
|c|+georgiethefirst|reversed typing so drill 4x weak
|c|☆NixHex|hm
|c|+georgiethefirst|o.o
|c| Baloor|LOL
|
|t:|1611132874
|switch|p1a: Tyranitar|Tyranitar, F|7/100
|move|p2a: Mole|Iron Head|p1a: Tyranitar
|-resisted|p1a: Tyranitar
|-damage|p1a: Tyranitar|0 fnt
|faint|p1a: Tyranitar
|
|-weather|Sandstorm|[upkeep]
|-heal|p2a: Mole|57/100|[from] Grassy Terrain
|-heal|p2a: Mole|63/100|[from] item: Leftovers
|-fieldend|move: Grassy Terrain
|upkeep
|c| Baloor|rocks op
|c| Baloor|pls ban
|c|☆NixHex|just use different pokemon
|inactive|NixHex has 90 seconds left.
|
|t:|1611132900
|switch|p1a: Rillaboom|Rillaboom, F|100/100
|-fieldstart|move: Grassy Terrain|[from] ability: Grassy Surge|[of] p1a: Rillaboom
|turn|9
|
|t:|1611132909
|switch|p2a: Amnesiac|Slowbro, F|100/100
|move|p1a: Rillaboom|Grassy Glide|p2a: Amnesiac
|-resisted|p2a: Amnesiac
|-damage|p2a: Amnesiac|79/100
|
|-weather|Sandstorm|[upkeep]
|-damage|p1a: Rillaboom|94/100|[from] Sandstorm
|-damage|p2a: Amnesiac|73/100|[from] Sandstorm
|-heal|p1a: Rillaboom|100/100|[from] Grassy Terrain
|-heal|p2a: Amnesiac|79/100|[from] Grassy Terrain
|upkeep
|turn|10
|inactive|NixHex has 90 seconds left.
|
|t:|1611132924
|switch|p1a: Blissey|Blissey, F|78/100
|move|p2a: Amnesiac|Teleport|p2a: Amnesiac
|
|t:|1611132927
|switch|p2a: Mole|Excadrill, M|63/100|[from]move: Teleport
|-damage|p2a: Mole|13/100|[from] Stealth Rock
|
|-weather|none
|-heal|p2a: Mole|19/100|[from] Grassy Terrain
|-heal|p2a: Mole|25/100|[from] item: Leftovers
|-heal|p1a: Blissey|84/100|[from] Grassy Terrain
|upkeep
|turn|11
|
|t:|1611132937
|move|p2a: Mole|Rapid Spin|p1a: Blissey
|-crit|p1a: Blissey
|-damage|p1a: Blissey|60/100
|-boost|p2a: Mole|spe|1
|-sideend|p2: supersam10001|Stealth Rock|[from] move: Rapid Spin|[of] p2a: Mole
|move|p1a: Blissey|Thunder Wave|p2a: Mole
|-status|p2a: Mole|par
|
|-heal|p2a: Mole|31/100 par|[from] Grassy Terrain
|-heal|p2a: Mole|37/100 par|[from] item: Leftovers
|-heal|p1a: Blissey|66/100|[from] Grassy Terrain
|upkeep
|turn|12
|
|t:|1611132950
|move|p2a: Mole|Iron Head|p1a: Blissey
|-damage|p1a: Blissey|31/100
|move|p1a: Blissey|Teleport|p1a: Blissey
|l| rattlethehead
|
|t:|1611132958
|switch|p1a: Porygon-Z|Porygon-Z, shiny|100/100|[from]move: Teleport
|
|-heal|p2a: Mole|43/100 par|[from] Grassy Terrain
|-heal|p2a: Mole|50/100 par|[from] item: Leftovers
|upkeep
|turn|13
|
|t:|1611132966
|move|p1a: Porygon-Z|Tri Attack|p2a: Mole
|-supereffective|p2a: Mole
|-damage|p2a: Mole|0 fnt
|faint|p2a: Mole
|
|-fieldend|move: Grassy Terrain
|upkeep
|
|t:|1611132969
|switch|p2a: Zappy|Zapdos|100/100
|turn|14
|
|t:|1611132974
|move|p2a: Zappy|Volt Switch|p1a: Porygon-Z
|-damage|p1a: Porygon-Z|19/100
|
|t:|1611132978
|switch|p2a: Larry|Tangrowth, M|100/100|[from]move: Volt Switch
|move|p1a: Porygon-Z|Tri Attack|p2a: Larry
|-damage|p2a: Larry|39/100
|
|upkeep
|turn|15
|
|t:|1611132985
|move|p1a: Porygon-Z|Tri Attack|p2a: Larry
|-damage|p2a: Larry|0 fnt
|faint|p2a: Larry
|
|upkeep
|c|☆supersam10001|gg
|
|t:|1611132990
|switch|p2a: Zappy|Zapdos|100/100
|turn|16
|c|☆NixHex|ain't over yet
|c|☆supersam10001|is
|c|☆NixHex|i've been known to choke
|c|☆supersam10001|true ...
|c|☆NixHex|hey not nice
|inactive|NixHex has 120 seconds left.
|c|☆NixHex|only i'm allowed to deprecate me
|c|☆supersam10001|sowwy :(
|
|t:|1611133026
|switch|p1a: Blissey|Blissey, F|31/100
|move|p2a: Zappy|Volt Switch|p1a: Blissey
|-damage|p1a: Blissey|10/100
|c|☆NixHex|it's okay, feefees restored
|
|t:|1611133033
|switch|p2a: Messi|Cinderace, F|89/100 par|[from]move: Volt Switch
|
|upkeep
|turn|17
|inactive|NixHex has 120 seconds left.
|
|t:|1611133040
|move|p2a: Messi|U-turn|p1a: Blissey
|-start|p2a: Messi|typechange|Bug|[from] ability: Libero
|-damage|p1a: Blissey|0 fnt
|faint|p1a: Blissey
|
|t:|1611133044
|switch|p2a: Zappy|Zapdos|100/100|[from]move: U-turn
|
|upkeep
|inactive|NixHex has 120 seconds left.
|
|t:|1611133055
|switch|p1a: Obstagoon|Obstagoon, F, shiny|100/100
|turn|18
|
|t:|1611133061
|switch|p2a: Amnesiac|Slowbro, F|100/100
|move|p1a: Obstagoon|Knock Off|p2a: Amnesiac
|-resisted|p2a: Amnesiac
|-damage|p2a: Amnesiac|90/100
|-enditem|p2a: Amnesiac|Heavy-Duty Boots|[from] move: Knock Off|[of] p1a: Obstagoon
|
|-status|p1a: Obstagoon|brn|[from] item: Flame Orb
|upkeep
|turn|19
|inactive|NixHex has 120 seconds left.
|
|t:|1611133078
|move|p1a: Obstagoon|Facade|p2a: Amnesiac
|-damage|p2a: Amnesiac|36/100
|move|p2a: Amnesiac|Teleport|p2a: Amnesiac
|
|t:|1611133083
|switch|p2a: Messi|Cinderace, F|89/100 par|[from]move: Teleport
|
|-damage|p1a: Obstagoon|94/100 brn|[from] brn
|upkeep
|turn|20
|
|t:|1611133090
|move|p2a: Messi|Sucker Punch|p1a: Obstagoon
|-start|p2a: Messi|typechange|Dark|[from] ability: Libero
|-supereffective|p1a: Obstagoon
|-damage|p1a: Obstagoon|15/100 brn
|move|p1a: Obstagoon|Facade|p2a: Messi
|-damage|p2a: Messi|0 fnt
|faint|p2a: Messi
|
|-damage|p1a: Obstagoon|9/100 brn|[from] brn
|upkeep
|c|☆supersam10001|tenk
|c|☆NixHex|dark ghost and normal rule the realm
|
|t:|1611133103
|switch|p2a: Zappy|Zapdos|100/100
|turn|21
|
|t:|1611133106
|move|p1a: Obstagoon|Facade|p2a: Zappy
|-damage|p2a: Zappy|3/100
|move|p2a: Zappy|Discharge|p1a: Obstagoon
|-damage|p1a: Obstagoon|0 fnt
|faint|p1a: Obstagoon
|
|upkeep
|c|☆supersam10001|all skill no luck
|
|t:|1611133119
|switch|p1a: Rillaboom|Rillaboom, F|100/100
|-fieldstart|move: Grassy Terrain|[from] ability: Grassy Surge|[of] p1a: Rillaboom
|turn|22
|
|t:|1611133136
|move|p1a: Rillaboom|Grassy Glide|p2a: Zappy
|-supereffective|p2a: Zappy
|-damage|p2a: Zappy|0 fnt
|faint|p2a: Zappy
|
|upkeep
|c|☆supersam10001|ok now its gg
|
|t:|1611133146
|switch|p2a: Amnesiac|Slowbro, F|69/100
|turn|23
|
|t:|1611133150
|switch|p1a: Dragapult|Dragapult, F|100/100
|move|p2a: Amnesiac|Slack Off|p2a: Amnesiac
|-heal|p2a: Amnesiac|100/100
|
|upkeep
|turn|24
|
|t:|1611133157
|move|p1a: Dragapult|Thunder Wave|p2a: Amnesiac
|-status|p2a: Amnesiac|par
|cant|p2a: Amnesiac|par
|
|upkeep
|turn|25
|
|t:|1611133167
|move|p1a: Dragapult|Dragon Darts|p2a: Amnesiac
|-crit|p2a: Amnesiac
|-damage|p2a: Amnesiac|80/100 par
|-anim|p1a: Dragapult|Dragon Darts|p2a: Amnesiac
|-damage|p2a: Amnesiac|65/100 par
|move|p2a: Amnesiac|Scald|p1a: Dragapult
|-supereffective|p1a: Dragapult
|-damage|p1a: Dragapult|29/100
|
|-heal|p1a: Dragapult|35/100|[from] Grassy Terrain
|-heal|p2a: Amnesiac|72/100 par|[from] Grassy Terrain
|upkeep
|turn|26
|
|t:|1611133178
|move|p1a: Dragapult|Dragon Darts|p2a: Amnesiac
|-damage|p2a: Amnesiac|58/100 par
|-anim|p1a: Dragapult|Dragon Darts|p2a: Amnesiac
|-damage|p2a: Amnesiac|46/100 par
|move|p2a: Amnesiac|Slack Off|p2a: Amnesiac
|-heal|p2a: Amnesiac|96/100 par
|
|-heal|p1a: Dragapult|41/100|[from] Grassy Terrain
|-heal|p2a: Amnesiac|100/100 par|[from] Grassy Terrain
|-fieldend|move: Grassy Terrain
|upkeep
|turn|27
|
|t:|1611133189
|move|p1a: Dragapult|Dragon Darts|p2a: Amnesiac
|-damage|p2a: Amnesiac|88/100 par
|-anim|p1a: Dragapult|Dragon Darts|p2a: Amnesiac
|-damage|p2a: Amnesiac|74/100 par
|move|p2a: Amnesiac|Scald|p1a: Dragapult
|-supereffective|p1a: Dragapult
|-damage|p1a: Dragapult|0 fnt
|faint|p1a: Dragapult
|
|upkeep
|
|t:|1611133197
|switch|p1a: Porygon-Z|Porygon-Z, shiny|19/100
|turn|28
|c|☆supersam10001|gl winning against ballor
|c|☆supersam10001|baloor *
|
|t:|1611133212
|move|p1a: Porygon-Z|Tri Attack|p2a: Amnesiac
|-damage|p2a: Amnesiac|0 fnt
|faint|p2a: Amnesiac
|
|win|NixHex
|n|☆NixHex|nixhex
|n|☆supersam10001|supersam10001
|n| FirenLazerg|firenlazerg
|n| georgiethefirst|georgiethefirst
|n| Baloor|baloor
|c| Baloor|im jesus
|c|☆NixHex|gg
|c|☆supersam10001|gg
|c|☆supersam10001|gz on finals :)
