|j|☆Storm Zone
|j|☆Arnaud senju vgc
|player|p1|Storm Zone|zinnia|1858
|player|p2|Arnaud senju vgc|alder|1751
|teamsize|p1|6
|teamsize|p2|6
|gametype|singles
|gen|8
|tier|[Gen 8] OU
|rated|
|clearpoke
|poke|p1|Toxtricity, M|
|poke|p1|Kommo-o, M|
|poke|p1|Necrozma|
|poke|p1|Cinderace, M|
|poke|p1|Zeraora|
|poke|p1|Hydreigon, M|
|poke|p2|Ribombee, F|
|poke|p2|Togekiss, M|
|poke|p2|Bisharp, F|
|poke|p2|Excadrill, F|
|poke|p2|Cloyster, F|
|poke|p2|Necrozma|
|rule|Sleep Clause Mod: Limit one foe put to sleep
|rule|Species Clause: Limit one of each Pokémon
|rule|OHKO Clause: OHKO moves are banned
|rule|Evasion Moves Clause: Evasion moves are banned
|rule|Endless Battle Clause: Forcing endless battles is banned
|rule|HP Percentage Mod: HP is shown in percentages
|rule|Dynamax Clause: You cannot dynamax
|teampreview
|inactive|Battle timer is ON: inactive players will automatically lose when time's up. (requested by Arnaud senju vgc)
|
|start
|switch|p1a: Zephyr|Zeraora|100/100
|switch|p2a: Ribombee|Ribombee, F|100/100
|turn|1
|
|move|p1a: Zephyr|Plasma Fists|p2a: Ribombee
|-enditem|p2a: Ribombee|Focus Sash
|-damage|p2a: Ribombee|1/100
|-fieldactivate|move: Ion Deluge
|-damage|p1a: Zephyr|91/100|[from] item: Life Orb
|move|p2a: Ribombee|Sticky Web|p1a: Zephyr
|-sidestart|p1: Storm Zone|move: Sticky Web
|
|upkeep
|turn|2
|
|move|p1a: Zephyr|Knock Off|p2a: Ribombee
|-resisted|p2a: Ribombee
|-damage|p2a: Ribombee|0 fnt
|-damage|p1a: Zephyr|81/100|[from] item: Life Orb
|faint|p2a: Ribombee
|
|upkeep
|
|switch|p2a: Excadrill|Excadrill, F|100/100
|-ability|p2a: Excadrill|Mold Breaker
|turn|3
|
|switch|p1a: Hybrid|Hydreigon, M, shiny|100/100
|move|p2a: Excadrill|Earthquake|p1a: Hybrid
|-damage|p1a: Hybrid|35/100
|
|upkeep
|turn|4
|
|move|p1a: Hybrid|Defog|p2a: Excadrill
|-unboost|p2a: Excadrill|evasion|1
|-sideend|p1: Storm Zone|Sticky Web|[from] move: Defog|[of] p1a: Hybrid
|move|p2a: Excadrill|Earthquake|p1a: Hybrid
|-damage|p1a: Hybrid|0 fnt
|faint|p1a: Hybrid
|
|upkeep
|j| TBJL
|
|switch|p1a: Liberacy|Cinderace, M|100/100
|turn|5
|
|move|p1a: Liberacy|U-turn|p2a: Excadrill
|-start|p1a: Liberacy|typechange|Bug|[from] ability: Libero
|-resisted|p2a: Excadrill
|-damage|p2a: Excadrill|62/100
|
|switch|p1a: Descendant|Necrozma|100/100|[from]move: U-turn
|move|p2a: Excadrill|Earthquake|p1a: Descendant
|-damage|p1a: Descendant|70/100
|
|-heal|p1a: Descendant|76/100|[from] item: Leftovers
|upkeep
|turn|6
|j| deleosenpai
|
|move|p2a: Excadrill|Iron Head|p1a: Descendant
|-damage|p1a: Descendant|49/100
|move|p1a: Descendant|Stealth Rock|p2a: Excadrill
|-sidestart|p2: Arnaud senju vgc|move: Stealth Rock
|
|-heal|p1a: Descendant|55/100|[from] item: Leftovers
|upkeep
|turn|7
|l| deleosenpai
|
|move|p2a: Excadrill|Rapid Spin|p1a: Descendant
|-damage|p1a: Descendant|43/100
|-boost|p2a: Excadrill|spe|1
|-sideend|p2: Arnaud senju vgc|Stealth Rock|[from] move: Rapid Spin|[of] p2a: Excadrill
|move|p1a: Descendant|Heat Wave|p2a: Excadrill
|-supereffective|p2a: Excadrill
|-damage|p2a: Excadrill|0 fnt
|faint|p2a: Excadrill
|
|-heal|p1a: Descendant|49/100|[from] item: Leftovers
|upkeep
|
|switch|p2a: Necrozma|Necrozma|100/100
|turn|8
|
|switch|p1a: Liberacy|Cinderace, M|100/100
|move|p2a: Necrozma|Iron Defense|p2a: Necrozma
|-boost|p2a: Necrozma|def|2
|
|upkeep
|turn|9
|
|move|p1a: Liberacy|U-turn|p2a: Necrozma
|-start|p1a: Liberacy|typechange|Bug|[from] ability: Libero
|-supereffective|p2a: Necrozma
|-damage|p2a: Necrozma|75/100
|
|switch|p1a: Kurt Cobain|Toxtricity, M|100/100|[from]move: U-turn
|move|p2a: Necrozma|Calm Mind|p2a: Necrozma
|-boost|p2a: Necrozma|spa|1
|-boost|p2a: Necrozma|spd|1
|
|upkeep
|turn|10
|
|move|p1a: Kurt Cobain|Boomburst|p2a: Necrozma
|-damage|p2a: Necrozma|43/100
|-enditem|p1a: Kurt Cobain|Throat Spray
|-boost|p1a: Kurt Cobain|spa|1|[from] item: Throat Spray
|move|p2a: Necrozma|Stored Power|p1a: Kurt Cobain
|-supereffective|p1a: Kurt Cobain
|-damage|p1a: Kurt Cobain|0 fnt
|faint|p1a: Kurt Cobain
|
|upkeep
|
|switch|p1a: Liberacy|Cinderace, M|100/100
|turn|11
|j| koyarno
|l| koyarno
|
|move|p1a: Liberacy|U-turn|p2a: Necrozma
|-start|p1a: Liberacy|typechange|Bug|[from] ability: Libero
|-supereffective|p2a: Necrozma
|-crit|p2a: Necrozma
|-damage|p2a: Necrozma|0 fnt
|faint|p2a: Necrozma
|j| tapu moxo
|
|switch|p1a: Zephyr|Zeraora|81/100|[from]move: U-turn
|
|upkeep
|
|switch|p2a: Bisharp|Bisharp, F|100/100
|turn|12
|
|switch|p1a: King Komodo|Kommo-o, M|100/100
|move|p2a: Bisharp|Sucker Punch||[still]
|-fail|p2a: Bisharp
|
|upkeep
|turn|13
|
|move|p1a: King Komodo|Dragon Dance|p1a: King Komodo
|-boost|p1a: King Komodo|atk|1
|-boost|p1a: King Komodo|spe|1
|move|p2a: Bisharp|Iron Head|p1a: King Komodo
|-damage|p1a: King Komodo|48/100
|-damage|p2a: Bisharp|91/100|[from] item: Life Orb
|
|upkeep
|turn|14
|
|switch|p2a: Togekiss|Togekiss, M|100/100
|move|p1a: King Komodo|Close Combat|p2a: Togekiss
|-resisted|p2a: Togekiss
|-damage|p2a: Togekiss|71/100
|-unboost|p1a: King Komodo|def|1
|-unboost|p1a: King Komodo|spd|1
|-damage|p1a: King Komodo|39/100|[from] item: Life Orb
|
|-heal|p2a: Togekiss|77/100|[from] item: Leftovers
|upkeep
|turn|15
|j| Kaydy Cain Castro
|
|move|p1a: King Komodo|Iron Head|p2a: Togekiss
|-supereffective|p2a: Togekiss
|-damage|p2a: Togekiss|0 fnt
|-damage|p1a: King Komodo|29/100|[from] item: Life Orb
|faint|p2a: Togekiss
|
|upkeep
|
|switch|p2a: Bisharp|Bisharp, F|91/100
|turn|16
|
|move|p2a: Bisharp|Sucker Punch|p1a: King Komodo
|-resisted|p1a: King Komodo
|-damage|p1a: King Komodo|0 fnt
|-damage|p2a: Bisharp|81/100|[from] item: Life Orb
|faint|p1a: King Komodo
|
|upkeep
|
|switch|p1a: Liberacy|Cinderace, M|100/100
|turn|17
|
|move|p2a: Bisharp|Sucker Punch|p1a: Liberacy
|-damage|p1a: Liberacy|26/100
|-damage|p2a: Bisharp|71/100|[from] item: Life Orb
|move|p1a: Liberacy|U-turn|p2a: Bisharp
|-start|p1a: Liberacy|typechange|Bug|[from] ability: Libero
|-damage|p2a: Bisharp|10/100
|
|switch|p1a: Descendant|Necrozma|49/100|[from]move: U-turn
|
|-heal|p1a: Descendant|55/100|[from] item: Leftovers
|upkeep
|turn|18
|
|switch|p2a: Cloyster|Cloyster, F|100/100
|move|p1a: Descendant|Photon Geyser|p2a: Cloyster
|-damage|p2a: Cloyster|10/100
|
|-heal|p1a: Descendant|61/100|[from] item: Leftovers
|upkeep
|turn|19
|l| Kaydy Cain Castro
|
|move|p2a: Cloyster|Icicle Spear|p1a: Descendant
|-damage|p1a: Descendant|56/100
|-damage|p1a: Descendant|50/100
|-damage|p1a: Descendant|45/100
|-damage|p1a: Descendant|40/100
|-damage|p1a: Descendant|34/100
|-hitcount|p1a: Descendant|5
|move|p1a: Descendant|Photon Geyser|p2a: Cloyster
|-damage|p2a: Cloyster|0 fnt
|faint|p2a: Cloyster
|
|-heal|p1a: Descendant|40/100|[from] item: Leftovers
|upkeep
|-message|Arnaud senju vgc forfeited.
|
|win|Storm Zone
|l|☆Arnaud senju vgc
|l|☆Storm Zone
||Ladder (probably) updated, but score could not be retrieved (Request timeout).
