|raw|<div class="broadcast-blue"><strong>This battle is required to be public due to a player having a name starting with 'lt83aq'.</div>
|j|☆lt83aq virgo
|j|☆BestixL
|t:|1626551586
|gametype|singles
|player|p1|lt83aq virgo|lyra|1760
|player|p2|BestixL|dawn-gen4pt|1856
|teamsize|p1|6
|teamsize|p2|6
|gen|8
|tier|[Gen 8] OU
|rated|
|rule|Sleep Clause Mod: Limit one foe put to sleep
|rule|Species Clause: Limit one of each Pokémon
|rule|OHKO Clause: OHKO moves are banned
|rule|Evasion Moves Clause: Evasion moves are banned
|rule|Endless Battle Clause: Forcing endless battles is banned
|rule|HP Percentage Mod: HP is shown in percentages
|rule|Dynamax Clause: You cannot dynamax
|clearpoke
|poke|p1|Urshifu-*, M|
|poke|p1|Ribombee, F|
|poke|p1|Nidoking, M|
|poke|p1|Scizor, M|
|poke|p1|Weavile, M|
|poke|p1|Dragonite, M|
|poke|p2|Clefable, F|
|poke|p2|Heatran, M|
|poke|p2|Reuniclus, M|
|poke|p2|Landorus-Therian, M|
|poke|p2|Toxapex, M|
|poke|p2|Corviknight, M|
|teampreview
|j| Flex OKLM
|j| SpookyZ
|inactive|Battle timer is ON: inactive players will automatically lose when time's up. (requested by BestixL)
|
|t:|1626551613
|start
|switch|p1a: Ribombee|Ribombee, F|100/100
|switch|p2a: 2 soon|Landorus-Therian, M|100/100
|-ability|p2a: 2 soon|Intimidate|boost
|-unboost|p1a: Ribombee|atk|1
|turn|1
|j| jjgjvjj
|
|t:|1626551624
|move|p1a: Ribombee|Sticky Web|p2a: 2 soon
|-sidestart|p2: BestixL|move: Sticky Web
|move|p2a: 2 soon|Earthquake|p1a: Ribombee
|-resisted|p1a: Ribombee
|-damage|p1a: Ribombee|53/100
|
|upkeep
|turn|2
|
|t:|1626551632
|move|p1a: Ribombee|Stun Spore|p2a: 2 soon|[miss]
|-miss|p1a: Ribombee|p2a: 2 soon
|move|p2a: 2 soon|Earthquake|p1a: Ribombee
|-resisted|p1a: Ribombee
|-damage|p1a: Ribombee|9/100
|
|upkeep
|turn|3
|
|t:|1626551634
|move|p1a: Ribombee|Stun Spore|p2a: 2 soon
|-status|p2a: 2 soon|par
|cant|p2a: 2 soon|par
|
|upkeep
|turn|4
|
|t:|1626551640
|move|p1a: Ribombee|Moonblast|p2a: 2 soon
|-damage|p2a: 2 soon|68/100 par
|move|p2a: 2 soon|U-turn|p1a: Ribombee
|-resisted|p1a: Ribombee
|-damage|p1a: Ribombee|0 fnt
|faint|p1a: Ribombee
|
|t:|1626551650
|switch|p2a: the reaper|Corviknight, M|100/100|[from]move: U-turn
|-ability|p2a: the reaper|Pressure
|
|upkeep
|
|t:|1626551653
|switch|p1a: Nidoking|Nidoking, M, shiny|100/100
|turn|5
|
|t:|1626551657
|switch|p2a: gimme love|Reuniclus, M|100/100
|-activate|p2a: gimme love|move: Sticky Web
|-unboost|p2a: gimme love|spe|1
|move|p1a: Nidoking|Flamethrower|p2a: gimme love
|-damage|p2a: gimme love|82/100
|
|upkeep
|turn|6
|j| neverwantedto
|
|t:|1626551679
|switch|p1a: Weavile|Weavile, M|100/100
|-ability|p1a: Weavile|Pressure
|move|p2a: gimme love|Knock Off|p1a: Weavile
|-resisted|p1a: Weavile
|-damage|p1a: Weavile|88/100
|-enditem|p1a: Weavile|Heavy-Duty Boots|[from] move: Knock Off|[of] p2a: gimme love
|
|upkeep
|turn|7
|
|t:|1626551686
|switch|p2a: the reaper|Corviknight, M|100/100
|-ability|p2a: the reaper|Pressure
|move|p1a: Weavile|Knock Off|p2a: the reaper
|-damage|p2a: the reaper|70/100
|-enditem|p2a: the reaper|Leftovers|[from] move: Knock Off|[of] p1a: Weavile
|
|upkeep
|turn|8
|
|t:|1626551692
|switch|p1a: Urshifu|Urshifu-Rapid-Strike, M, shiny|100/100
|move|p2a: the reaper|Roost|p2a: the reaper
|-heal|p2a: the reaper|100/100
|-singleturn|p2a: the reaper|move: Roost
|
|upkeep
|turn|9
|
|t:|1626551695
|switch|p2a: just friends|Toxapex, M|100/100
|-activate|p2a: just friends|move: Sticky Web
|-unboost|p2a: just friends|spe|1
|move|p1a: Urshifu|Close Combat|p2a: just friends
|-resisted|p2a: just friends
|-damage|p2a: just friends|64/100
|-unboost|p1a: Urshifu|def|1
|-unboost|p1a: Urshifu|spd|1
|-damage|p1a: Urshifu|84/100|[from] item: Rocky Helmet|[of] p2a: just friends
|
|upkeep
|turn|10
|
|t:|1626551701
|switch|p1a: Weavile|Weavile, M|88/100
|-ability|p1a: Weavile|Pressure
|move|p2a: just friends|Scald|p1a: Weavile
|-damage|p1a: Weavile|64/100
|-status|p1a: Weavile|brn
|
|-damage|p1a: Weavile|58/100 brn|[from] brn
|upkeep
|turn|11
|j| Skyrio
|l| Skyrio
|
|t:|1626551707
|switch|p1a: Nidoking|Nidoking, M, shiny|100/100
|switch|p2a: the reaper|Corviknight, M|100/100
|-ability|p2a: the reaper|Pressure
|
|upkeep
|turn|12
|
|t:|1626551710
|switch|p1a: Scizor|Scizor, M|100/100
|switch|p2a: gimme love|Reuniclus, M|100/100
|-activate|p2a: gimme love|move: Sticky Web
|-unboost|p2a: gimme love|spe|1
|
|upkeep
|turn|13
|
|t:|1626551714
|switch|p2a: the reaper|Corviknight, M|100/100
|-ability|p2a: the reaper|Pressure
|move|p1a: Scizor|Swords Dance|p1a: Scizor
|-boost|p1a: Scizor|atk|2
|
|upkeep
|turn|14
|
|t:|1626551717
|move|p1a: Scizor|Swords Dance|p1a: Scizor
|-boost|p1a: Scizor|atk|2
|move|p2a: the reaper|Iron Defense|p2a: the reaper
|-boost|p2a: the reaper|def|2
|
|upkeep
|turn|15
|j| OU make me yawn
|j| FinalGetzu
|
|t:|1626551725
|switch|p1a: Nidoking|Nidoking, M, shiny|100/100
|move|p2a: the reaper|Iron Defense|p2a: the reaper
|-boost|p2a: the reaper|def|2
|
|upkeep
|turn|16
|
|t:|1626551729
|switch|p2a: gimme love|Reuniclus, M|100/100
|-activate|p2a: gimme love|move: Sticky Web
|-unboost|p2a: gimme love|spe|1
|move|p1a: Nidoking|Earth Power|p2a: gimme love
|-damage|p2a: gimme love|74/100
|
|upkeep
|turn|17
|
|t:|1626551737
|move|p1a: Nidoking|Earth Power|p2a: gimme love
|-damage|p2a: gimme love|48/100
|move|p2a: gimme love|Knock Off|p1a: Nidoking
|-damage|p1a: Nidoking|78/100
|-enditem|p1a: Nidoking|Life Orb|[from] move: Knock Off|[of] p2a: gimme love
|
|upkeep
|turn|18
|
|t:|1626551753
|switch|p1a: Dragonite|Dragonite, M, shiny|100/100
|move|p2a: gimme love|Psychic|p1a: Dragonite
|-damage|p1a: Dragonite|80/100
|
|upkeep
|turn|19
|
|t:|1626551761
|switch|p2a: just friends|Toxapex, M|97/100
|-activate|p2a: just friends|move: Sticky Web
|-unboost|p2a: just friends|spe|1
|move|p1a: Dragonite|Dragon Dance|p1a: Dragonite
|-boost|p1a: Dragonite|atk|1
|-boost|p1a: Dragonite|spe|1
|
|upkeep
|turn|20
|
|t:|1626551765
|switch|p2a: Itsuki|Clefable, F|100/100
|move|p1a: Dragonite|Earthquake|p2a: Itsuki
|-damage|p2a: Itsuki|72/100
|
|upkeep
|turn|21
|
|t:|1626551767
|move|p1a: Dragonite|Dual Wingbeat|p2a: Itsuki
|-damage|p2a: Itsuki|56/100
|-damage|p2a: Itsuki|39/100
|-hitcount|p2a: Itsuki|2
|move|p2a: Itsuki|Soft-Boiled|p2a: Itsuki
|-heal|p2a: Itsuki|89/100
|
|upkeep
|turn|22
|-message|lt83aq virgo forfeited.
|
|win|BestixL
|l|☆lt83aq virgo
|raw|lt83aq virgo's rating: 1760 &rarr; <strong>1745</strong><br />(-15 for losing)
|raw|BestixL's rating: 1856 &rarr; <strong>1871</strong><br />(+15 for winning)
|l| neverwantedto
|l| FinalGetzu
|l|☆BestixL
|j|+ez
