|j|☆ultimategoogolplex
|j|☆samohi0
|t:|1667526528
|gametype|singles
|player|p1|ultimategoogolplex|2|1685
|player|p2|samohi0|170|1727
|teamsize|p1|6
|teamsize|p2|6
|gen|8
|tier|[Gen 8] OU
|rated|
|rule|Sleep Clause Mod: Limit one foe put to sleep
|rule|Species Clause: Limit one of each Pokémon
|rule|OHKO Clause: OHKO moves are banned
|rule|Evasion Items Clause: Evasion items are banned
|rule|Evasion Moves Clause: Evasion moves are banned
|rule|Endless Battle Clause: Forcing endless battles is banned
|rule|HP Percentage Mod: HP is shown in percentages
|rule|Dynamax Clause: You cannot dynamax
|clearpoke
|poke|p1|Weavile, F|
|poke|p1|Volcanion|
|poke|p1|Zapdos|
|poke|p1|Landorus-Therian, M|
|poke|p1|Kartana|
|poke|p1|Melmetal|
|poke|p2|Rillaboom, M|
|poke|p2|Heatran, M|
|poke|p2|Landorus-Therian, M|
|poke|p2|Tapu Lele|
|poke|p2|Urshifu-*, M|
|poke|p2|Hydreigon, M|
|teampreview
|inactive|Battle timer is ON: inactive players will automatically lose when time's up. (requested by ultimategoogolplex)
|
|t:|1667526532
|start
|switch|p1a: Weavile|Weavile, F|100/100
|switch|p2a: Enten|Landorus-Therian, M, shiny|100/100
|-ability|p1a: Weavile|Pressure
|-ability|p2a: Enten|Intimidate|boost
|-unboost|p1a: Weavile|atk|1
|turn|1
|
|t:|1667526541
|move|p1a: Weavile|Knock Off|p2a: Enten
|-damage|p2a: Enten|37/100
|-enditem|p2a: Enten|Focus Sash|[from] move: Knock Off|[of] p1a: Weavile
|move|p2a: Enten|Stealth Rock|p1a: Weavile
|-sidestart|p1: ultimategoogolplex|move: Stealth Rock
|
|upkeep
|turn|2
|
|t:|1667526548
|move|p1a: Weavile|Knock Off|p2a: Enten
|-damage|p2a: Enten|0 fnt
|faint|p2a: Enten
|
|upkeep
|
|t:|1667526552
|switch|p2a: Poseidon-Blade|Urshifu-Rapid-Strike, M|100/100
|turn|3
|
|t:|1667526555
|switch|p1a: Zapdos|Zapdos|100/100
|move|p2a: Poseidon-Blade|U-turn|p1a: Zapdos
|-resisted|p1a: Zapdos
|-damage|p1a: Zapdos|86/100
|-status|p2a: Poseidon-Blade|par|[from] ability: Static|[of] p1a: Zapdos
|
|t:|1667526557
|switch|p2a: Raven|Tapu Lele, shiny|100/100|[from]move: U-turn
|-fieldstart|move: Psychic Terrain|[from] ability: Psychic Surge|[of] p2a: Raven
|
|upkeep
|turn|4
|
|t:|1667526562
|switch|p1a: Melmetal|Melmetal|100/100
|-damage|p1a: Melmetal|94/100|[from] Stealth Rock
|move|p2a: Raven|Future Sight|p1a: Melmetal
|-start|p2a: Raven|move: Future Sight
|
|upkeep
|turn|5
|
|t:|1667526565
|switch|p2a: Poseidon-Blade|Urshifu-Rapid-Strike, M|100/100 par
|switch|p1a: Zapdos|Zapdos|86/100
|
|upkeep
|turn|6
|
|t:|1667526568
|switch|p2a: Raven|Tapu Lele, shiny|100/100
|move|p1a: Zapdos|Defog|p2a: Raven
|-unboost|p2a: Raven|evasion|1
|-sideend|p1: ultimategoogolplex|Stealth Rock|[from] move: Defog|[of] p1a: Zapdos
|-fieldend|move: Psychic Terrain
|
|-end|p1a: Zapdos|move: Future Sight
|-damage|p1a: Zapdos|18/100
|upkeep
|turn|7
|
|t:|1667526572
|switch|p1a: Melmetal|Melmetal|94/100
|move|p2a: Raven|Future Sight|p1a: Melmetal
|-start|p2a: Raven|move: Future Sight
|
|upkeep
|turn|8
|
|t:|1667526588
|switch|p2a: Poseidon-Blade|Urshifu-Rapid-Strike, M|100/100 par
|switch|p1a: Zapdos|Zapdos|18/100
|
|upkeep
|turn|9
|
|t:|1667526596
|move|p2a: Poseidon-Blade|Aqua Jet|p1a: Zapdos
|-damage|p1a: Zapdos|0 fnt
|faint|p1a: Zapdos
|
|-hint|Future Sight did not hit because the target is fainted.
|upkeep
|
|t:|1667526602
|switch|p1a: Kartana|Kartana|100/100
|turn|10
|
|t:|1667526612
|switch|p2a: Hybrid|Hydreigon, M, shiny|100/100
|move|p1a: Kartana|Sacred Sword|p2a: Hybrid
|-supereffective|p2a: Hybrid
|-damage|p2a: Hybrid|4/100
|
|upkeep
|turn|11
|
|t:|1667526620
|switch|p1a: Melmetal|Melmetal|94/100
|switch|p2a: Raven|Tapu Lele, shiny|100/100
|-fieldstart|move: Psychic Terrain|[from] ability: Psychic Surge|[of] p2a: Raven
|
|upkeep
|turn|12
|
|t:|1667526625
|switch|p2a: Hybrid|Hydreigon, M, shiny|4/100
|move|p1a: Melmetal|Double Iron Bash|p2a: Hybrid
|-damage|p2a: Hybrid|0 fnt
|faint|p2a: Hybrid
|-hitcount|p2: Hybrid|1
|
|upkeep
|
|t:|1667526628
|switch|p2a: Poseidon-Blade|Urshifu-Rapid-Strike, M|100/100 par
|turn|13
|
|t:|1667526641
|switch|p1a: Landorus|Landorus-Therian, M|100/100
|-ability|p1a: Landorus|Intimidate|boost
|-unboost|p2a: Poseidon-Blade|atk|1
|move|p2a: Poseidon-Blade|Close Combat|p1a: Landorus
|-resisted|p1a: Landorus
|-damage|p1a: Landorus|75/100
|-unboost|p2a: Poseidon-Blade|def|1
|-unboost|p2a: Poseidon-Blade|spd|1
|
|-heal|p1a: Landorus|81/100|[from] item: Leftovers
|upkeep
|turn|14
|
|t:|1667526644
|move|p1a: Landorus|U-turn|p2a: Poseidon-Blade
|-resisted|p2a: Poseidon-Blade
|-damage|p2a: Poseidon-Blade|85/100 par
|
|t:|1667526653
|switch|p1a: Volcanion|Volcanion|100/100|[from]move: U-turn
|move|p2a: Poseidon-Blade|Close Combat|p1a: Volcanion
|-damage|p1a: Volcanion|44/100
|-unboost|p2a: Poseidon-Blade|def|1
|-unboost|p2a: Poseidon-Blade|spd|1
|
|upkeep
|turn|15
|
|t:|1667526660
|switch|p2a: Kong|Rillaboom, M, shiny|100/100
|-fieldstart|move: Grassy Terrain|[from] ability: Grassy Surge|[of] p2a: Kong
|move|p1a: Volcanion|Flamethrower|p2a: Kong
|-supereffective|p2a: Kong
|-damage|p2a: Kong|0 fnt
|faint|p2a: Kong
|
|-heal|p1a: Volcanion|50/100|[from] Grassy Terrain
|upkeep
|
|t:|1667526662
|switch|p2a: Chaos|Heatran, M, shiny|100/100
|-item|p2a: Chaos|Air Balloon
|turn|16
|
|t:|1667526672
|switch|p1a: Landorus|Landorus-Therian, M|81/100
|-ability|p1a: Landorus|Intimidate|boost
|-unboost|p2a: Chaos|atk|1
|move|p2a: Chaos|Magma Storm|p1a: Landorus
|-damage|p1a: Landorus|30/100
|-activate|p1a: Landorus|move: Magma Storm|[of] p2a: Chaos
|
|-heal|p1a: Landorus|36/100|[from] item: Leftovers
|-damage|p1a: Landorus|24/100|[from] move: Magma Storm|[partiallytrapped]
|upkeep
|turn|17
|
|t:|1667526677
|move|p2a: Chaos|Nature Power|p1a: Landorus
|move|p2a: Chaos|Energy Ball|p1a: Landorus|[from]move: Nature Power
|-damage|p1a: Landorus|0 fnt
|faint|p1a: Landorus
|
|upkeep
|
|t:|1667526690
|switch|p1a: Kartana|Kartana|100/100
|turn|18
|
|t:|1667526694
|move|p1a: Kartana|Sacred Sword|p2a: Chaos
|-supereffective|p2a: Chaos
|-damage|p2a: Chaos|13/100
|-enditem|p2a: Chaos|Air Balloon
|move|p2a: Chaos|Magma Storm|p1a: Kartana
|-supereffective|p1a: Kartana
|-damage|p1a: Kartana|0 fnt
|faint|p1a: Kartana
|
|-heal|p2a: Chaos|19/100|[from] Grassy Terrain
|upkeep
|
|t:|1667526704
|switch|p1a: Weavile|Weavile, F|100/100
|-ability|p1a: Weavile|Pressure
|turn|19
|
|t:|1667526708
|switch|p2a: Poseidon-Blade|Urshifu-Rapid-Strike, M|85/100 par
|move|p1a: Weavile|Knock Off|p2a: Poseidon-Blade
|-resisted|p2a: Poseidon-Blade
|-damage|p2a: Poseidon-Blade|43/100 par
|-enditem|p2a: Poseidon-Blade|Choice Band|[from] move: Knock Off|[of] p1a: Weavile
|
|-heal|p2a: Poseidon-Blade|49/100 par|[from] Grassy Terrain
|-fieldend|move: Grassy Terrain
|upkeep
|turn|20
|inactive|ultimategoogolplex has 120 seconds left.
|
|t:|1667526745
|switch|p1a: Volcanion|Volcanion|50/100
|move|p2a: Poseidon-Blade|U-turn|p1a: Volcanion
|-resisted|p1a: Volcanion
|-damage|p1a: Volcanion|38/100
|
|t:|1667526749
|switch|p2a: Chaos|Heatran, M, shiny|19/100|[from]move: U-turn
|
|upkeep
|turn|21
|inactive|ultimategoogolplex has 120 seconds left.
|
|t:|1667526762
|move|p2a: Chaos|Earth Power|p1a: Volcanion
|-supereffective|p1a: Volcanion
|-damage|p1a: Volcanion|0 fnt
|faint|p1a: Volcanion
|
|upkeep
|
|t:|1667526766
|switch|p1a: Weavile|Weavile, F|100/100
|-ability|p1a: Weavile|Pressure
|turn|22
|
|t:|1667526773
|switch|p2a: Raven|Tapu Lele, shiny|100/100
|-fieldstart|move: Psychic Terrain|[from] ability: Psychic Surge|[of] p2a: Raven
|move|p1a: Weavile|Knock Off|p2a: Raven
|-damage|p2a: Raven|0 fnt
|-enditem|p2a: Raven|Assault Vest|[from] move: Knock Off|[of] p1a: Weavile
|faint|p2a: Raven
|
|upkeep
|
|t:|1667526775
|switch|p2a: Poseidon-Blade|Urshifu-Rapid-Strike, M|49/100 par
|turn|23
|
|t:|1667526788
|switch|p1a: Melmetal|Melmetal|94/100
|move|p2a: Poseidon-Blade|Close Combat|p1a: Melmetal
|-supereffective|p1a: Melmetal
|-damage|p1a: Melmetal|26/100
|-unboost|p2a: Poseidon-Blade|def|1
|-unboost|p2a: Poseidon-Blade|spd|1
|
|upkeep
|turn|24
|
|t:|1667526796
|move|p2a: Poseidon-Blade|Close Combat|p1a: Melmetal
|-supereffective|p1a: Melmetal
|-damage|p1a: Melmetal|0 fnt
|-unboost|p2a: Poseidon-Blade|def|1
|-unboost|p2a: Poseidon-Blade|spd|1
|faint|p1a: Melmetal
|
|upkeep
|
|t:|1667526801
|switch|p1a: Weavile|Weavile, F|100/100
|-ability|p1a: Weavile|Pressure
|turn|25
|
|t:|1667526808
|switch|p2a: Chaos|Heatran, M, shiny|19/100
|move|p1a: Weavile|Triple Axel|p2a: Chaos
|-resisted|p2a: Chaos
|-damage|p2a: Chaos|14/100
|-resisted|p2a: Chaos
|-damage|p2a: Chaos|7/100
|-resisted|p2a: Chaos
|-damage|p2a: Chaos|0 fnt
|faint|p2a: Chaos
|-hitcount|p2: Chaos|3
|
|upkeep
|
|t:|1667526810
|switch|p2a: Poseidon-Blade|Urshifu-Rapid-Strike, M|49/100 par
|turn|26
|
|t:|1667526813
|move|p1a: Weavile|Triple Axel|p2a: Poseidon-Blade
|-resisted|p2a: Poseidon-Blade
|-damage|p2a: Poseidon-Blade|41/100 par
|-resisted|p2a: Poseidon-Blade
|-damage|p2a: Poseidon-Blade|24/100 par
|-resisted|p2a: Poseidon-Blade
|-damage|p2a: Poseidon-Blade|0 fnt
|faint|p2a: Poseidon-Blade
|-hitcount|p2: Poseidon-Blade|3
|
|win|ultimategoogolplex
|raw|ultimategoogolplex's rating: 1685 &rarr; <strong>1707</strong><br />(+22 for winning)
|raw|samohi0's rating: 1727 &rarr; <strong>1705</strong><br />(-22 for losing)
|l|☆samohi0
