|html|<div class="broadcast-blue"><strong>[Gen 8] OU is currently suspecting Melmetal! For information on how to participate check out the <a href="https://www.smogon.com/forums/threads/np-ss-ou-suspect-process-round-12-monster-mash.3709234/">suspect thread</a>.</strong></div>
|j|☆badslowking
|j|☆Iznamakin
|t:|1666011555
|gametype|singles
|player|p1|badslowking|lusamine-nihilego|1767
|player|p2|Iznamakin|chase|1828
|teamsize|p1|6
|teamsize|p2|6
|gen|8
|tier|[Gen 8] OU
|rated|
|rule|Sleep Clause Mod: Limit one foe put to sleep
|rule|Species Clause: Limit one of each Pokémon
|rule|OHKO Clause: OHKO moves are banned
|rule|Evasion Items Clause: Evasion items are banned
|rule|Evasion Moves Clause: Evasion moves are banned
|rule|Endless Battle Clause: Forcing endless battles is banned
|rule|HP Percentage Mod: HP is shown in percentages
|rule|Dynamax Clause: You cannot dynamax
|clearpoke
|poke|p1|Melmetal|
|poke|p1|Porygon2|
|poke|p1|Cresselia, F|
|poke|p1|Marowak-Alola, F|
|poke|p1|Hatterene, F|
|poke|p1|Crawdaunt, F|
|poke|p2|Weavile, M|
|poke|p2|Garchomp, F|
|poke|p2|Kartana|
|poke|p2|Dragapult, F|
|poke|p2|Landorus-Therian, M|
|poke|p2|Melmetal|
|teampreview
|c|☆Iznamakin|Hf bro
|
|t:|1666011569
|start
|switch|p1a: 吃了吗，没吃吃我两拳|Melmetal|100/100
|switch|p2a: Terminator|Melmetal, shiny|100/100
|turn|1
|c|☆badslowking|glhf
|
|t:|1666011588
|switch|p2a: El Professor|Landorus-Therian, M, shiny|100/100
|-ability|p2a: El Professor|Intimidate|boost
|-unboost|p1a: 吃了吗，没吃吃我两拳|atk|1
|move|p1a: 吃了吗，没吃吃我两拳|Superpower|p2a: El Professor
|-resisted|p2a: El Professor
|-damage|p2a: El Professor|82/100
|-unboost|p1a: 吃了吗，没吃吃我两拳|atk|1
|-unboost|p1a: 吃了吗，没吃吃我两拳|def|1
|-damage|p1a: 吃了吗，没吃吃我两拳|84/100|[from] item: Rocky Helmet|[of] p2a: El Professor
|
|upkeep
|turn|2
|
|t:|1666011594
|switch|p1a: 死鸭子哪都硬|Porygon2|100/100
|-ability|p1a: 死鸭子哪都硬|Intimidate|[from] ability: Trace|[of] p2a: El Professor
|-ability|p1a: 死鸭子哪都硬|Intimidate|boost
|-unboost|p2a: El Professor|atk|1
|move|p2a: El Professor|U-turn|p1a: 死鸭子哪都硬
|-damage|p1a: 死鸭子哪都硬|90/100
|
|t:|1666011596
|switch|p2a: Shelby|Weavile, M, shiny|100/100|[from]move: U-turn
|-ability|p2a: Shelby|Pressure
|
|upkeep
|turn|3
|
|t:|1666011604
|switch|p1a: 没吃吃我一拳*2|Crawdaunt, F|100/100
|move|p2a: Shelby|Beat Up|p1a: 没吃吃我一拳*2
|-resisted|p1a: 没吃吃我一拳*2
|-damage|p1a: 没吃吃我一拳*2|92/100
|-resisted|p1a: 没吃吃我一拳*2
|-damage|p1a: 没吃吃我一拳*2|83/100
|-resisted|p1a: 没吃吃我一拳*2
|-damage|p1a: 没吃吃我一拳*2|71/100
|-resisted|p1a: 没吃吃我一拳*2
|-damage|p1a: 没吃吃我一拳*2|63/100
|-resisted|p1a: 没吃吃我一拳*2
|-damage|p1a: 没吃吃我一拳*2|54/100
|-resisted|p1a: 没吃吃我一拳*2
|-damage|p1a: 没吃吃我一拳*2|45/100
|-hitcount|p1a: 没吃吃我一拳*2|6
|
|upkeep
|turn|4
|
|t:|1666011617
|move|p1a: 没吃吃我一拳*2|Aqua Jet|p2a: Shelby
|-crit|p2a: Shelby
|-damage|p2a: Shelby|0 fnt
|faint|p2a: Shelby
|-damage|p1a: 没吃吃我一拳*2|35/100|[from] item: Life Orb
|
|upkeep
|
|t:|1666011620
|switch|p2a: Reddington|Dragapult, F, shiny|100/100
|turn|5
|j| nakhisapkonek
|
|t:|1666011630
|move|p2a: Reddington|U-turn|p1a: 没吃吃我一拳*2
|-supereffective|p1a: 没吃吃我一拳*2
|-damage|p1a: 没吃吃我一拳*2|0 fnt
|faint|p1a: 没吃吃我一拳*2
|
|t:|1666011638
|switch|p2a: Terminator|Melmetal, shiny|100/100|[from]move: U-turn
|
|upkeep
|
|t:|1666011642
|switch|p1a: 吃了吗，没吃吃我两拳|Melmetal|84/100
|turn|6
|
|t:|1666011648
|switch|p2a: El Professor|Landorus-Therian, M, shiny|82/100
|-ability|p2a: El Professor|Intimidate|boost
|-unboost|p1a: 吃了吗，没吃吃我两拳|atk|1
|move|p1a: 吃了吗，没吃吃我两拳|Superpower|p2a: El Professor
|-resisted|p2a: El Professor
|-damage|p2a: El Professor|66/100
|-unboost|p1a: 吃了吗，没吃吃我两拳|atk|1
|-unboost|p1a: 吃了吗，没吃吃我两拳|def|1
|-damage|p1a: 吃了吗，没吃吃我两拳|68/100|[from] item: Rocky Helmet|[of] p2a: El Professor
|
|upkeep
|turn|7
|
|t:|1666011652
|switch|p1a: 死鸭子哪都硬|Porygon2|90/100
|-ability|p1a: 死鸭子哪都硬|Intimidate|[from] ability: Trace|[of] p2a: El Professor
|-ability|p1a: 死鸭子哪都硬|Intimidate|boost
|-unboost|p2a: El Professor|atk|1
|move|p2a: El Professor|U-turn|p1a: 死鸭子哪都硬
|-damage|p1a: 死鸭子哪都硬|80/100
|
|t:|1666011658
|switch|p2a: Terminator|Melmetal, shiny|100/100|[from]move: U-turn
|
|upkeep
|turn|8
|
|t:|1666011660
|switch|p1a: 你水流连打一个试试？|Cresselia, F|100/100
|move|p2a: Terminator|Double Iron Bash|p1a: 你水流连打一个试试？
|-damage|p1a: 你水流连打一个试试？|81/100
|-damage|p2a: Terminator|84/100|[from] item: Rocky Helmet|[of] p1a: 你水流连打一个试试？
|-damage|p1a: 你水流连打一个试试？|58/100
|-damage|p2a: Terminator|67/100|[from] item: Rocky Helmet|[of] p1a: 你水流连打一个试试？
|-hitcount|p1a: 你水流连打一个试试？|2
|
|upkeep
|turn|9
|
|t:|1666011665
|switch|p1a: 吃了吗，没吃吃我两拳|Melmetal|68/100
|switch|p2a: Reddington|Dragapult, F, shiny|100/100
|
|upkeep
|turn|10
|
|t:|1666011668
|switch|p1a: 死鸭子哪都硬|Porygon2|80/100
|-ability|p1a: 死鸭子哪都硬|Infiltrator|[from] ability: Trace|[of] p2a: Reddington
|move|p2a: Reddington|Flamethrower|p1a: 死鸭子哪都硬
|-damage|p1a: 死鸭子哪都硬|59/100
|
|upkeep
|turn|11
|
|t:|1666011671
|switch|p2a: Terminator|Melmetal, shiny|67/100
|move|p1a: 死鸭子哪都硬|Recover|p1a: 死鸭子哪都硬
|-heal|p1a: 死鸭子哪都硬|100/100
|
|upkeep
|turn|12
|
|t:|1666011677
|switch|p1a: 你水流连打一个试试？|Cresselia, F|58/100
|switch|p2a: Lucifer|Garchomp, F, shiny|100/100
|
|upkeep
|turn|13
|
|t:|1666011681
|move|p2a: Lucifer|Swords Dance|p2a: Lucifer
|-boost|p2a: Lucifer|atk|2
|move|p1a: 你水流连打一个试试？|Trick Room|p1a: 你水流连打一个试试？
|-fieldstart|move: Trick Room|[of] p1a: 你水流连打一个试试？
|
|upkeep
|turn|14
|
|t:|1666011691
|switch|p1a: 吃了吗，没吃吃我两拳|Melmetal|68/100
|move|p2a: Lucifer|Swords Dance|p2a: Lucifer
|-boost|p2a: Lucifer|atk|2
|
|upkeep
|turn|15
|
|t:|1666011700
|switch|p2a: El Professor|Landorus-Therian, M, shiny|66/100
|-ability|p2a: El Professor|Intimidate|boost
|-unboost|p1a: 吃了吗，没吃吃我两拳|atk|1
|move|p1a: 吃了吗，没吃吃我两拳|Double Iron Bash|p2a: El Professor
|-damage|p2a: El Professor|36/100
|-damage|p1a: 吃了吗，没吃吃我两拳|51/100|[from] item: Rocky Helmet|[of] p2a: El Professor
|-damage|p2a: El Professor|4/100
|-damage|p1a: 吃了吗，没吃吃我两拳|35/100|[from] item: Rocky Helmet|[of] p2a: El Professor
|-hitcount|p2a: El Professor|2
|
|upkeep
|turn|16
|
|t:|1666011703
|switch|p2a: Terminator|Melmetal, shiny|67/100
|move|p1a: 吃了吗，没吃吃我两拳|Double Iron Bash|p2a: Terminator
|-resisted|p2a: Terminator
|-damage|p2a: Terminator|53/100
|-resisted|p2a: Terminator
|-damage|p2a: Terminator|39/100
|-hitcount|p2a: Terminator|2
|
|upkeep
|turn|17
|
|t:|1666011708
|switch|p1a: 你水流连打一个试试？|Cresselia, F|58/100
|move|p2a: Terminator|Earthquake|p1a: 你水流连打一个试试？
|-immune|p1a: 你水流连打一个试试？|[from] ability: Levitate
|
|-fieldend|move: Trick Room
|upkeep
|turn|18
|
|t:|1666011711
|switch|p2a: El Professor|Landorus-Therian, M, shiny|4/100
|-ability|p2a: El Professor|Intimidate|boost
|-unboost|p1a: 你水流连打一个试试？|atk|1
|move|p1a: 你水流连打一个试试？|Trick Room|p1a: 你水流连打一个试试？
|-fieldstart|move: Trick Room|[of] p1a: 你水流连打一个试试？
|
|upkeep
|turn|19
|
|t:|1666011714
|move|p1a: 你水流连打一个试试？|Moonblast|p2a: El Professor
|-damage|p2a: El Professor|0 fnt
|faint|p2a: El Professor
|
|upkeep
|
|t:|1666011717
|switch|p2a: Lucifer|Garchomp, F, shiny|100/100
|turn|20
|
|t:|1666011722
|move|p1a: 你水流连打一个试试？|Lunar Dance|p1a: 你水流连打一个试试？
|faint|p1a: 你水流连打一个试试？
|move|p2a: Lucifer|Swords Dance|p2a: Lucifer
|-boost|p2a: Lucifer|atk|2
|
|upkeep
|
|t:|1666011724
|switch|p1a: 吃了吗，没吃吃我两拳|Melmetal|35/100
|-heal|p1a: 吃了吗，没吃吃我两拳|100/100|[from] move: Lunar Dance
|turn|21
|
|t:|1666011728
|switch|p2a: Terminator|Melmetal, shiny|39/100
|move|p1a: 吃了吗，没吃吃我两拳|Double Iron Bash|p2a: Terminator
|-resisted|p2a: Terminator
|-damage|p2a: Terminator|18/100
|-resisted|p2a: Terminator
|-damage|p2a: Terminator|0 fnt
|faint|p2a: Terminator
|-hitcount|p2: Terminator|2
|
|upkeep
|
|t:|1666011732
|switch|p2a: Escobar|Kartana, shiny|100/100
|turn|22
|
|t:|1666011735
|move|p1a: 吃了吗，没吃吃我两拳|Double Iron Bash|p2a: Escobar
|-resisted|p2a: Escobar
|-damage|p2a: Escobar|63/100
|-resisted|p2a: Escobar
|-damage|p2a: Escobar|29/100
|-hitcount|p2a: Escobar|2
|move|p2a: Escobar|Knock Off|p1a: 吃了吗，没吃吃我两拳
|-damage|p1a: 吃了吗，没吃吃我两拳|79/100
|-enditem|p1a: 吃了吗，没吃吃我两拳|Choice Band|[from] move: Knock Off|[of] p2a: Escobar
|
|-fieldend|move: Trick Room
|upkeep
|turn|23
|
|t:|1666011743
|move|p2a: Escobar|Knock Off|p1a: 吃了吗，没吃吃我两拳
|-damage|p1a: 吃了吗，没吃吃我两拳|64/100
|move|p1a: 吃了吗，没吃吃我两拳|Double Iron Bash|p2a: Escobar
|-resisted|p2a: Escobar
|-damage|p2a: Escobar|7/100
|-resisted|p2a: Escobar
|-damage|p2a: Escobar|0 fnt
|faint|p2a: Escobar
|-hitcount|p2: Escobar|2
|
|upkeep
|
|t:|1666011745
|switch|p2a: Lucifer|Garchomp, F, shiny|100/100
|turn|24
|
|t:|1666011748
|switch|p1a: 死鸭子哪都硬|Porygon2|100/100
|-ability|p1a: 死鸭子哪都硬|Rough Skin|[from] ability: Trace|[of] p2a: Lucifer
|move|p2a: Lucifer|Earthquake|p1a: 死鸭子哪都硬
|-damage|p1a: 死鸭子哪都硬|65/100
|
|upkeep
|turn|25
|
|t:|1666011751
|move|p2a: Lucifer|Swords Dance|p2a: Lucifer
|-boost|p2a: Lucifer|atk|2
|move|p1a: 死鸭子哪都硬|Trick Room|p1a: 死鸭子哪都硬
|-fieldstart|move: Trick Room|[of] p1a: 死鸭子哪都硬
|
|upkeep
|turn|26
|
|t:|1666011753
|move|p1a: 死鸭子哪都硬|Ice Beam|p2a: Lucifer
|-supereffective|p2a: Lucifer
|-enditem|p2a: Lucifer|Yache Berry|[eat]
|-enditem|p2a: Lucifer|Yache Berry|[weaken]
|-damage|p2a: Lucifer|55/100
|move|p2a: Lucifer|Earthquake|p1a: 死鸭子哪都硬
|-damage|p1a: 死鸭子哪都硬|0 fnt
|faint|p1a: 死鸭子哪都硬
|
|upkeep
|
|t:|1666011763
|switch|p1a: 吃了吗，没吃吃我两拳|Melmetal|64/100
|turn|27
|
|t:|1666011767
|move|p1a: 吃了吗，没吃吃我两拳|Double Iron Bash|p2a: Lucifer
|-damage|p2a: Lucifer|9/100
|-damage|p1a: 吃了吗，没吃吃我两拳|51/100|[from] ability: Rough Skin|[of] p2a: Lucifer
|-damage|p2a: Lucifer|0 fnt
|-damage|p1a: 吃了吗，没吃吃我两拳|39/100|[from] ability: Rough Skin|[of] p2a: Lucifer
|faint|p2a: Lucifer
|-hitcount|p2: Lucifer|2
|
|upkeep
|c|☆Iznamakin|ggwp
|c|☆badslowking|gg
|
|t:|1666011777
|switch|p2a: Reddington|Dragapult, F, shiny|100/100
|turn|28
|
|t:|1666011779
|move|p1a: 吃了吗，没吃吃我两拳|Double Iron Bash|p2a: Reddington
|-damage|p2a: Reddington|45/100
|-damage|p2a: Reddington|0 fnt
|faint|p2a: Reddington
|-hitcount|p2: Reddington|2
|
|win|badslowking
|raw|badslowking's rating: 1767 &rarr; <strong>1790</strong><br />(+23 for winning)
|raw|Iznamakin's rating: 1828 &rarr; <strong>1805</strong><br />(-23 for losing)
|l|☆Iznamakin
||Ladder isn't responding, score probably updated but might not have (Request timeout).
