|j|☆croo
|j|☆corumba
|t:|1617378810
|gametype|singles
|player|p1|croo|gardenia|1761
|player|p2|corumba|schoolkid-gen4|1901
|teamsize|p1|6
|teamsize|p2|6
|gen|8
|tier|[Gen 8] OU
|rated|
|clearpoke
|poke|p1|Excadrill, M|
|poke|p1|Victini|
|poke|p1|Suicune|
|poke|p1|Volcarona, M|
|poke|p1|Zapdos-Galar|
|poke|p1|Tapu Fini|
|poke|p2|Melmetal|
|poke|p2|Mamoswine, F|
|poke|p2|Ferrothorn, F|
|poke|p2|Moltres-Galar|
|poke|p2|Dragapult, M|
|poke|p2|Dragonite, F|
|rule|Sleep Clause Mod: Limit one foe put to sleep
|rule|Species Clause: Limit one of each Pokémon
|rule|OHKO Clause: OHKO moves are banned
|rule|Evasion Moves Clause: Evasion moves are banned
|rule|Endless Battle Clause: Forcing endless battles is banned
|rule|HP Percentage Mod: HP is shown in percentages
|rule|Dynamax Clause: You cannot dynamax
|teampreview
|inactive|Battle timer is ON: inactive players will automatically lose when time's up. (requested by croo)
|
|t:|1617378831
|start
|switch|p1a: Excadrill|Excadrill, M|100/100
|switch|p2a: Ferrothorn|Ferrothorn, F|100/100
|-ability|p1a: Excadrill|Mold Breaker
|turn|1
|
|t:|1617378835
|move|p1a: Excadrill|Stealth Rock|p2a: Ferrothorn
|-sidestart|p2: corumba|move: Stealth Rock
|move|p2a: Ferrothorn|Body Press|p1a: Excadrill
|-supereffective|p1a: Excadrill
|-damage|p1a: Excadrill|27/100
|
|upkeep
|turn|2
|j| DoNoWong
|
|t:|1617378839
|move|p1a: Excadrill|Earthquake|p2a: Ferrothorn
|-damage|p2a: Ferrothorn|59/100
|move|p2a: Ferrothorn|Body Press|p1a: Excadrill
|-supereffective|p1a: Excadrill
|-damage|p1a: Excadrill|0 fnt
|faint|p1a: Excadrill
|
|-heal|p2a: Ferrothorn|65/100|[from] item: Leftovers
|upkeep
|
|t:|1617378843
|switch|p1a: Victini|Victini|100/100
|turn|3
|j| DoomTrain89
|l| DoNoWong
|
|t:|1617378851
|switch|p2a: Dragonite|Dragonite, F|100/100
|move|p1a: Victini|V-create|p2a: Dragonite
|-resisted|p2a: Dragonite
|-damage|p2a: Dragonite|71/100
|-unboost|p1a: Victini|spe|1
|-unboost|p1a: Victini|def|1
|-unboost|p1a: Victini|spd|1
|
|upkeep
|turn|4
|
|t:|1617378855
|switch|p1a: Tapu Fini|Tapu Fini|100/100
|-fieldstart|move: Misty Terrain|[from] ability: Misty Surge|[of] p1a: Tapu Fini
|move|p2a: Dragonite|Roost|p2a: Dragonite
|-heal|p2a: Dragonite|100/100
|-singleturn|p2a: Dragonite|move: Roost
|
|upkeep
|turn|5
|
|t:|1617378859
|switch|p2a: Ferrothorn|Ferrothorn, F|65/100
|-damage|p2a: Ferrothorn|59/100|[from] Stealth Rock
|move|p1a: Tapu Fini|Trick|p2a: Ferrothorn
|-activate|p1a: Tapu Fini|move: Trick|[of] p2a: Ferrothorn
|-item|p2a: Ferrothorn|Choice Scarf|[from] move: Trick
|-item|p1a: Tapu Fini|Leftovers|[from] move: Trick
|
|upkeep
|turn|6
|
|t:|1617378864
|move|p1a: Tapu Fini|Calm Mind|p1a: Tapu Fini
|-boost|p1a: Tapu Fini|spa|1
|-boost|p1a: Tapu Fini|spd|1
|move|p2a: Ferrothorn|Leech Seed|p1a: Tapu Fini
|-start|p1a: Tapu Fini|move: Leech Seed
|
|-damage|p1a: Tapu Fini|88/100|[from] Leech Seed|[of] p2a: Ferrothorn
|-heal|p2a: Ferrothorn|69/100|[silent]
|upkeep
|turn|7
|j| trollordeerr
|
|t:|1617378872
|switch|p1a: Victini|Victini|100/100
|switch|p2a: Melmetal|Melmetal|100/100
|-damage|p2a: Melmetal|94/100|[from] Stealth Rock
|
|upkeep
|turn|8
|
|t:|1617378879
|switch|p2a: Dragonite|Dragonite, F|100/100
|move|p1a: Victini|Trick|p2a: Dragonite
|-activate|p1a: Victini|move: Trick|[of] p2a: Dragonite
|-item|p2a: Dragonite|Choice Band|[from] move: Trick
|-item|p1a: Victini|Heavy-Duty Boots|[from] move: Trick
|
|-fieldend|Misty Terrain
|upkeep
|turn|9
|
|t:|1617378897
|move|p1a: Victini|Bolt Strike|p2a: Dragonite
|-damage|p2a: Dragonite|83/100
|-status|p2a: Dragonite|par
|move|p2a: Dragonite|Earthquake|p1a: Victini
|-supereffective|p1a: Victini
|-damage|p1a: Victini|18/100
|
|upkeep
|turn|10
|j| TrashCanister
|
|t:|1617378904
|switch|p1a: Zapdos|Zapdos-Galar|100/100
|move|p2a: Dragonite|Earthquake|p1a: Zapdos
|-immune|p1a: Zapdos
|
|upkeep
|turn|11
|l| DoomTrain89
|
|t:|1617378920
|move|p1a: Zapdos|Close Combat|p2a: Dragonite
|-resisted|p2a: Dragonite
|-crit|p2a: Dragonite
|-damage|p2a: Dragonite|28/100 par
|-unboost|p1a: Zapdos|def|1
|-unboost|p1a: Zapdos|spd|1
|move|p2a: Dragonite|Earthquake|p1a: Zapdos
|-immune|p1a: Zapdos
|
|upkeep
|turn|12
|
|t:|1617378924
|switch|p2a: Dragapult|Dragapult, M|100/100
|move|p1a: Zapdos|Close Combat|p2a: Dragapult
|-immune|p2a: Dragapult
|
|upkeep
|turn|13
|
|t:|1617378928
|switch|p2a: Melmetal|Melmetal|94/100
|-damage|p2a: Melmetal|88/100|[from] Stealth Rock
|switch|p1a: Tapu Fini|Tapu Fini|88/100
|-fieldstart|move: Misty Terrain|[from] ability: Misty Surge|[of] p1a: Tapu Fini
|
|-heal|p1a: Tapu Fini|94/100|[from] item: Leftovers
|upkeep
|turn|14
|
|t:|1617378934
|switch|p1a: Suicune|Suicune|100/100
|-ability|p1a: Suicune|Pressure
|move|p2a: Melmetal|Rock Slide|p1a: Suicune|[miss]
|-miss|p2a: Melmetal|p1a: Suicune
|
|upkeep
|turn|15
|
|t:|1617378944
|move|p1a: Suicune|Calm Mind|p1a: Suicune
|-boost|p1a: Suicune|spa|1
|-boost|p1a: Suicune|spd|1
|move|p2a: Melmetal|Rock Slide|p1a: Suicune
|-damage|p1a: Suicune|72/100
|
|-heal|p1a: Suicune|78/100|[from] item: Leftovers
|upkeep
|turn|16
|
|t:|1617378955
|move|p1a: Suicune|Substitute|p1a: Suicune
|-start|p1a: Suicune|Substitute
|-damage|p1a: Suicune|53/100
|move|p2a: Melmetal|Rock Slide|p1a: Suicune
|-end|p1a: Suicune|Substitute
|
|-heal|p1a: Suicune|59/100|[from] item: Leftovers
|upkeep
|turn|17
|
|t:|1617378962
|switch|p2a: Dragonite|Dragonite, F|28/100 par
|-damage|p2a: Dragonite|3/100 par|[from] Stealth Rock
|move|p1a: Suicune|Protect||[still]
|-fail|p1a: Suicune
|
|-heal|p1a: Suicune|66/100|[from] item: Leftovers
|-fieldend|Misty Terrain
|upkeep
|turn|18
|
|t:|1617378968
|switch|p2a: Dragapult|Dragapult, M|100/100
|move|p1a: Suicune|Scald|p2a: Dragapult
|-resisted|p2a: Dragapult
|-damage|p2a: Dragapult|72/100
|
|-heal|p1a: Suicune|72/100|[from] item: Leftovers
|upkeep
|turn|19
|
|t:|1617378971
|move|p1a: Suicune|Protect|p1a: Suicune
|-singleturn|p1a: Suicune|Protect
|move|p2a: Dragapult|Dragon Dance|p2a: Dragapult
|-boost|p2a: Dragapult|atk|1
|-boost|p2a: Dragapult|spe|1
|
|-heal|p1a: Suicune|78/100|[from] item: Leftovers
|upkeep
|turn|20
|
|t:|1617378975
|switch|p1a: Tapu Fini|Tapu Fini|94/100
|-fieldstart|move: Misty Terrain|[from] ability: Misty Surge|[of] p1a: Tapu Fini
|move|p2a: Dragapult|Dragon Darts|p1a: Tapu Fini
|-immune|p1a: Tapu Fini
|
|-heal|p1a: Tapu Fini|99/100|[from] item: Leftovers
|upkeep
|turn|21
|
|t:|1617378979
|switch|p2a: Ferrothorn|Ferrothorn, F|69/100
|-damage|p2a: Ferrothorn|63/100|[from] Stealth Rock
|move|p1a: Tapu Fini|Moonblast|p2a: Ferrothorn
|-resisted|p2a: Ferrothorn
|-damage|p2a: Ferrothorn|50/100
|
|-heal|p1a: Tapu Fini|100/100|[from] item: Leftovers
|upkeep
|turn|22
|
|t:|1617378982
|switch|p1a: Victini|Victini|18/100
|move|p2a: Ferrothorn|Spikes|p1a: Victini
|-sidestart|p1: croo|Spikes
|
|upkeep
|turn|23
|
|t:|1617378985
|switch|p2a: Dragonite|Dragonite, F|3/100 par
|-damage|p2a: Dragonite|0 fnt|[from] Stealth Rock
|faint|p2a: Dragonite
|move|p1a: Victini|V-create|p2: Dragonite|[notarget]
|-fail|p1a: Victini
|
|upkeep
|
|t:|1617378993
|switch|p2a: Dragapult|Dragapult, M|72/100
|turn|24
|
|t:|1617378999
|move|p2a: Dragapult|Steel Wing|p1a: Victini
|-resisted|p1a: Victini
|-damage|p1a: Victini|6/100
|-boost|p2a: Dragapult|def|1
|move|p1a: Victini|V-create|p2a: Dragapult
|-resisted|p2a: Dragapult
|-damage|p2a: Dragapult|31/100
|-unboost|p1a: Victini|spe|1
|-unboost|p1a: Victini|def|1
|-unboost|p1a: Victini|spd|1
|
|-fieldend|Misty Terrain
|upkeep
|turn|25
|
|t:|1617379007
|move|p2a: Dragapult|Steel Wing|p1a: Victini
|-resisted|p1a: Victini
|-damage|p1a: Victini|0 fnt
|faint|p1a: Victini
|
|upkeep
|j| Patoscuro
|
|t:|1617379015
|switch|p1a: Tapu Fini|Tapu Fini|100/100
|-damage|p1a: Tapu Fini|88/100|[from] Spikes
|-fieldstart|move: Misty Terrain|[from] ability: Misty Surge|[of] p1a: Tapu Fini
|turn|26
|
|t:|1617379021
|switch|p2a: Ferrothorn|Ferrothorn, F|50/100
|-damage|p2a: Ferrothorn|44/100|[from] Stealth Rock
|move|p1a: Tapu Fini|Moonblast|p2a: Ferrothorn
|-resisted|p2a: Ferrothorn
|-damage|p2a: Ferrothorn|31/100
|-unboost|p2a: Ferrothorn|spa|1
|
|-heal|p1a: Tapu Fini|94/100|[from] item: Leftovers
|upkeep
|turn|27
|
|t:|1617379025
|switch|p1a: Zapdos|Zapdos-Galar|100/100
|move|p2a: Ferrothorn|Leech Seed|p1a: Zapdos
|-start|p1a: Zapdos|move: Leech Seed
|
|-damage|p1a: Zapdos|88/100|[from] Leech Seed|[of] p2a: Ferrothorn
|-heal|p2a: Ferrothorn|42/100|[silent]
|upkeep
|turn|28
|
|t:|1617379032
|switch|p2a: Dragapult|Dragapult, M|31/100
|move|p1a: Zapdos|U-turn|p2a: Dragapult
|-resisted|p2a: Dragapult
|-damage|p2a: Dragapult|8/100
|j| gvhgiugi
|
|t:|1617379037
|switch|p1a: Tapu Fini|Tapu Fini|94/100|[from]move: U-turn
|-damage|p1a: Tapu Fini|82/100|[from] Spikes
|
|-heal|p1a: Tapu Fini|88/100|[from] item: Leftovers
|upkeep
|turn|29
|
|t:|1617379043
|switch|p2a: Ferrothorn|Ferrothorn, F|42/100
|-damage|p2a: Ferrothorn|36/100|[from] Stealth Rock
|move|p1a: Tapu Fini|Moonblast|p2a: Ferrothorn
|-resisted|p2a: Ferrothorn
|-damage|p2a: Ferrothorn|22/100
|-unboost|p2a: Ferrothorn|spa|1
|
|-heal|p1a: Tapu Fini|94/100|[from] item: Leftovers
|upkeep
|turn|30
|
|t:|1617379046
|switch|p1a: Zapdos|Zapdos-Galar|88/100
|move|p2a: Ferrothorn|Leech Seed|p1a: Zapdos
|-start|p1a: Zapdos|move: Leech Seed
|
|-damage|p1a: Zapdos|76/100|[from] Leech Seed|[of] p2a: Ferrothorn
|-heal|p2a: Ferrothorn|33/100|[silent]
|-fieldend|Misty Terrain
|upkeep
|turn|31
|
|t:|1617379051
|switch|p2a: Melmetal|Melmetal|88/100
|-damage|p2a: Melmetal|82/100|[from] Stealth Rock
|move|p1a: Zapdos|U-turn|p2a: Melmetal
|-resisted|p2a: Melmetal
|-damage|p2a: Melmetal|72/100
|
|t:|1617379055
|switch|p1a: Volcarona|Volcarona, M|100/100|[from]move: U-turn
|
|upkeep
|turn|32
|
|t:|1617379064
|switch|p2a: Ferrothorn|Ferrothorn, F|33/100
|-damage|p2a: Ferrothorn|27/100|[from] Stealth Rock
|move|p1a: Volcarona|Flamethrower|p2a: Ferrothorn
|-supereffective|p2a: Ferrothorn
|-damage|p2a: Ferrothorn|0 fnt
|faint|p2a: Ferrothorn
|
|upkeep
|
|t:|1617379067
|switch|p2a: Moltres|Moltres-Galar|100/100
|turn|33
|
|t:|1617379074
|move|p2a: Moltres|Agility|p2a: Moltres
|-boost|p2a: Moltres|spe|2
|move|p1a: Volcarona|Quiver Dance|p1a: Volcarona
|-boost|p1a: Volcarona|spa|1
|-boost|p1a: Volcarona|spd|1
|-boost|p1a: Volcarona|spe|1
|
|upkeep
|turn|34
|
|t:|1617379077
|move|p2a: Moltres|Nasty Plot|p2a: Moltres
|-boost|p2a: Moltres|spa|2
|move|p1a: Volcarona|Flamethrower|p2a: Moltres
|-damage|p2a: Moltres|53/100
|
|upkeep
|turn|35
|
|t:|1617379080
|move|p2a: Moltres|Air Slash|p1a: Volcarona
|-supereffective|p1a: Volcarona
|-damage|p1a: Volcarona|22/100
|move|p1a: Volcarona|Flamethrower|p2a: Moltres
|-damage|p2a: Moltres|5/100
|-ability|p2a: Moltres|Berserk|boost
|-boost|p2a: Moltres|spa|1
|
|upkeep
|turn|36
|
|t:|1617379087
|move|p2a: Moltres|Fiery Wrath|p1a: Volcarona
|-damage|p1a: Volcarona|0 fnt
|faint|p1a: Volcarona
|
|upkeep
|
|t:|1617379089
|switch|p1a: Tapu Fini|Tapu Fini|94/100
|-damage|p1a: Tapu Fini|81/100|[from] Spikes
|-fieldstart|move: Misty Terrain|[from] ability: Misty Surge|[of] p1a: Tapu Fini
|turn|37
|
|t:|1617379095
|move|p2a: Moltres|Air Slash|p1a: Tapu Fini
|-damage|p1a: Tapu Fini|0 fnt
|faint|p1a: Tapu Fini
|
|upkeep
|-message|croo forfeited.
|
|win|corumba
|raw|croo's rating: 1761 &rarr; <strong>1749</strong><br />(-12 for losing)
|raw|corumba's rating: 1901 &rarr; <strong>1913</strong><br />(+12 for winning)
|l|☆croo
|l| TrashCanister
|l| gvhgiugi
||Ladder isn't responding, score probably updated but might not have (Request timeout).
|l| trollordeerr
|l| Patoscuro
