|j|☆PQPP214
|j|☆Tuxmonroe
|t:|1645684140
|gametype|singles
|player|p1|PQPP214|265|1506
|player|p2|Tuxmonroe|266|1415
|teamsize|p1|6
|teamsize|p2|6
|gen|8
|tier|[Gen 8] OU
|rated|
|rule|Sleep Clause Mod: Limit one foe put to sleep
|rule|Species Clause: Limit one of each Pokémon
|rule|OHKO Clause: OHKO moves are banned
|rule|Evasion Moves Clause: Evasion moves are banned
|rule|Endless Battle Clause: Forcing endless battles is banned
|rule|HP Percentage Mod: HP is shown in percentages
|rule|Dynamax Clause: You cannot dynamax
|clearpoke
|poke|p1|Landorus-Therian, M|
|poke|p1|Tornadus-Therian, M|
|poke|p1|Zeraora|
|poke|p1|Zapdos-Galar|
|poke|p1|Jirachi|
|poke|p1|Toxapex, M|
|poke|p2|Dragapult, M|
|poke|p2|Tapu Fini|
|poke|p2|Heatran, F|
|poke|p2|Weavile, F|
|poke|p2|Kartana|
|poke|p2|Landorus-Therian, M|
|teampreview
|inactive|Battle timer is ON: inactive players will automatically lose when time's up. (requested by PQPP214)
|
|t:|1645684149
|start
|switch|p1a: Zapdos|Zapdos-Galar|100/100
|switch|p2a: Dragapult|Dragapult, M|100/100
|turn|1
|
|t:|1645684155
|switch|p1a: Toxapex|Toxapex, M, shiny|100/100
|move|p2a: Dragapult|Draco Meteor|p1a: Toxapex
|-damage|p1a: Toxapex|48/100
|-unboost|p2a: Dragapult|spa|2
|
|upkeep
|turn|2
|
|t:|1645684168
|move|p2a: Dragapult|Draco Meteor|p1a: Toxapex
|-damage|p1a: Toxapex|24/100
|-unboost|p2a: Dragapult|spa|2
|move|p1a: Toxapex|Knock Off|p2a: Dragapult
|-supereffective|p2a: Dragapult
|-damage|p2a: Dragapult|55/100
|-enditem|p2a: Dragapult|Choice Scarf|[from] move: Knock Off|[of] p1a: Toxapex
|
|upkeep
|turn|3
|
|t:|1645684177
|move|p2a: Dragapult|Draco Meteor|p1a: Toxapex
|-damage|p1a: Toxapex|8/100
|-unboost|p2a: Dragapult|spa|2
|move|p1a: Toxapex|Recover|p1a: Toxapex
|-heal|p1a: Toxapex|58/100
|
|upkeep
|turn|4
|
|t:|1645684182
|move|p2a: Dragapult|U-turn|p1a: Toxapex
|-resisted|p1a: Toxapex
|-damage|p1a: Toxapex|53/100
|-damage|p2a: Dragapult|39/100|[from] item: Rocky Helmet|[of] p1a: Toxapex
|
|t:|1645684186
|switch|p2a: Tapu Fini|Tapu Fini|100/100|[from]move: U-turn
|-fieldstart|move: Misty Terrain|[from] ability: Misty Surge|[of] p2a: Tapu Fini
|move|p1a: Toxapex|Knock Off|p2a: Tapu Fini
|-resisted|p2a: Tapu Fini
|-damage|p2a: Tapu Fini|94/100
|-enditem|p2a: Tapu Fini|Leftovers|[from] move: Knock Off|[of] p1a: Toxapex
|
|upkeep
|turn|5
|
|t:|1645684193
|switch|p1a: Jirachi|Jirachi, shiny|100/100
|move|p2a: Tapu Fini|Whirlpool|p1a: Jirachi|[miss]
|-miss|p2a: Tapu Fini|p1a: Jirachi
|
|upkeep
|turn|6
|
|t:|1645684198
|move|p2a: Tapu Fini|Taunt|p1a: Jirachi
|-start|p1a: Jirachi|move: Taunt
|move|p1a: Jirachi|Iron Head|p2a: Tapu Fini
|-damage|p2a: Tapu Fini|70/100
|
|upkeep
|turn|7
|
|t:|1645684202
|move|p2a: Tapu Fini|Whirlpool|p1a: Jirachi
|-damage|p1a: Jirachi|93/100
|-activate|p1a: Jirachi|move: Whirlpool|[of] p2a: Tapu Fini
|move|p1a: Jirachi|Iron Head|p2a: Tapu Fini
|-damage|p2a: Tapu Fini|48/100
|
|-heal|p1a: Jirachi|99/100|[from] item: Leftovers
|-damage|p1a: Jirachi|87/100|[from] move: Whirlpool|[partiallytrapped]
|upkeep
|turn|8
|
|t:|1645684206
|move|p2a: Tapu Fini|Nature's Madness|p1a: Jirachi
|-damage|p1a: Jirachi|44/100
|move|p1a: Jirachi|Iron Head|p2a: Tapu Fini
|-damage|p2a: Tapu Fini|22/100
|
|-heal|p1a: Jirachi|50/100|[from] item: Leftovers
|-damage|p1a: Jirachi|37/100|[from] move: Whirlpool|[partiallytrapped]
|-end|p1a: Jirachi|move: Taunt
|-fieldend|Misty Terrain
|upkeep
|turn|9
|
|t:|1645684212
|move|p2a: Tapu Fini|Taunt|p1a: Jirachi
|-start|p1a: Jirachi|move: Taunt
|move|p1a: Jirachi|U-turn|p2a: Tapu Fini
|-resisted|p2a: Tapu Fini
|-damage|p2a: Tapu Fini|15/100
|
|t:|1645684222
|switch|p1a: Zapdos|Zapdos-Galar|100/100|[from]move: U-turn
|
|upkeep
|turn|10
|
|t:|1645684229
|move|p1a: Zapdos|Brave Bird|p2a: Tapu Fini
|-damage|p2a: Tapu Fini|0 fnt
|faint|p2a: Tapu Fini
|-damage|p1a: Zapdos|96/100|[from] Recoil
|
|upkeep
|
|t:|1645684235
|switch|p2a: Weavile|Weavile, F|100/100
|-ability|p2a: Weavile|Pressure
|turn|11
|
|t:|1645684239
|switch|p1a: Toxapex|Toxapex, M, shiny|87/100
|move|p2a: Weavile|Swords Dance|p2a: Weavile
|-boost|p2a: Weavile|atk|2
|
|upkeep
|turn|12
|
|t:|1645684244
|move|p2a: Weavile|Knock Off|p1a: Toxapex
|-damage|p1a: Toxapex|26/100
|-damage|p2a: Weavile|84/100|[from] item: Rocky Helmet|[of] p1a: Toxapex
|-enditem|p1a: Toxapex|Rocky Helmet|[from] move: Knock Off|[of] p2a: Weavile
|move|p1a: Toxapex|Haze|p1a: Toxapex
|-clearallboost
|
|upkeep
|turn|13
|
|t:|1645684258
|switch|p1a: Jirachi|Jirachi, shiny|37/100
|move|p2a: Weavile|Knock Off|p1a: Jirachi
|-supereffective|p1a: Jirachi
|-crit|p1a: Jirachi
|-damage|p1a: Jirachi|0 fnt
|-enditem|p1a: Jirachi|Leftovers|[from] move: Knock Off|[of] p2a: Weavile
|faint|p1a: Jirachi
|
|upkeep
|
|t:|1645684265
|switch|p1a: Zeraora|Zeraora, shiny|100/100
|turn|14
|
|t:|1645684269
|switch|p2a: Landorus|Landorus-Therian, M|100/100
|-ability|p2a: Landorus|Intimidate|boost
|-unboost|p1a: Zeraora|atk|1
|move|p1a: Zeraora|Knock Off|p2a: Landorus
|-damage|p2a: Landorus|82/100
|-enditem|p2a: Landorus|Sitrus Berry|[from] move: Knock Off|[of] p1a: Zeraora
|
|upkeep
|turn|15
|
|t:|1645684273
|switch|p1a: Landorus|Landorus-Therian, M, shiny|100/100
|-ability|p1a: Landorus|Intimidate|boost
|-unboost|p2a: Landorus|atk|1
|move|p2a: Landorus|U-turn|p1a: Landorus
|-resisted|p1a: Landorus
|-damage|p1a: Landorus|93/100
|
|t:|1645684278
|switch|p2a: Weavile|Weavile, F|84/100|[from]move: U-turn
|-ability|p2a: Weavile|Pressure
|
|-heal|p1a: Landorus|99/100|[from] item: Leftovers
|upkeep
|turn|16
|
|t:|1645684284
|move|p2a: Weavile|Triple Axel|p1a: Landorus
|-supereffective|p1a: Landorus
|-damage|p1a: Landorus|59/100
|-supereffective|p1a: Landorus
|-damage|p1a: Landorus|0 fnt
|faint|p1a: Landorus
|-hitcount|p1: Landorus|2
|
|upkeep
|
|t:|1645684288
|switch|p1a: Zeraora|Zeraora, shiny|100/100
|turn|17
|
|t:|1645684294
|switch|p2a: Landorus|Landorus-Therian, M|82/100
|-ability|p2a: Landorus|Intimidate|boost
|-unboost|p1a: Zeraora|atk|1
|move|p1a: Zeraora|Close Combat|p2a: Landorus
|-resisted|p2a: Landorus
|-damage|p2a: Landorus|70/100
|-unboost|p1a: Zeraora|def|1
|-unboost|p1a: Zeraora|spd|1
|
|upkeep
|turn|18
|
|t:|1645684300
|switch|p1a: Tornadus|Tornadus-Therian, M, shiny|100/100
|move|p2a: Landorus|U-turn|p1a: Tornadus
|-resisted|p1a: Tornadus
|-damage|p1a: Tornadus|89/100
|
|t:|1645684310
|switch|p2a: Heatran|Heatran, F|100/100|[from]move: U-turn
|-item|p2a: Heatran|Air Balloon
|
|upkeep
|turn|19
|
|t:|1645684321
|move|p1a: Tornadus|U-turn|p2a: Heatran
|-resisted|p2a: Heatran
|-damage|p2a: Heatran|98/100
|-enditem|p2a: Heatran|Air Balloon
|
|t:|1645684322
|switch|p1a: Zapdos|Zapdos-Galar|96/100|[from]move: U-turn
|move|p2a: Heatran|Magma Storm|p1a: Zapdos
|-damage|p1a: Zapdos|42/100
|-activate|p1a: Zapdos|move: Magma Storm|[of] p2a: Heatran
|
|-damage|p1a: Zapdos|30/100|[from] move: Magma Storm|[partiallytrapped]
|upkeep
|turn|20
|
|t:|1645684334
|switch|p2a: Dragapult|Dragapult, M|39/100
|move|p1a: Zapdos|Close Combat|p2a: Dragapult
|-immune|p2a: Dragapult
|
|-end|p1a: Zapdos|Magma Storm|[partiallytrapped]|[silent]
|upkeep
|turn|21
|
|t:|1645684338
|switch|p1a: Toxapex|Toxapex, M, shiny|59/100
|move|p2a: Dragapult|U-turn|p1a: Toxapex
|-resisted|p1a: Toxapex
|-damage|p1a: Toxapex|54/100
|
|t:|1645684346
|switch|p2a: Landorus|Landorus-Therian, M|70/100|[from]move: U-turn
|-ability|p2a: Landorus|Intimidate|boost
|-unboost|p1a: Toxapex|atk|1
|
|upkeep
|turn|22
|
|t:|1645684354
|switch|p1a: Tornadus|Tornadus-Therian, M, shiny|100/100
|move|p2a: Landorus|Earthquake|p1a: Tornadus
|-immune|p1a: Tornadus
|
|upkeep
|turn|23
|
|t:|1645684359
|move|p1a: Tornadus|Hurricane|p2a: Landorus
|-damage|p2a: Landorus|36/100
|move|p2a: Landorus|Stealth Rock|p1a: Tornadus
|-sidestart|p1: PQPP214|move: Stealth Rock
|
|upkeep
|turn|24
|
|t:|1645684365
|move|p1a: Tornadus|Hurricane|p2a: Landorus
|-damage|p2a: Landorus|8/100
|move|p2a: Landorus|U-turn|p1a: Tornadus
|-resisted|p1a: Tornadus
|-damage|p1a: Tornadus|89/100
|
|t:|1645684370
|switch|p2a: Heatran|Heatran, F|98/100|[from]move: U-turn
|
|upkeep
|turn|25
|
|t:|1645684379
|move|p1a: Tornadus|U-turn|p2a: Heatran
|-resisted|p2a: Heatran
|-damage|p2a: Heatran|94/100
|
|t:|1645684382
|switch|p1a: Toxapex|Toxapex, M, shiny|88/100|[from]move: U-turn
|-damage|p1a: Toxapex|75/100|[from] Stealth Rock
|move|p2a: Heatran|Magma Storm|p1a: Toxapex|[miss]
|-miss|p2a: Heatran|p1a: Toxapex
|
|upkeep
|turn|26
|
|t:|1645684390
|move|p2a: Heatran|Magma Storm|p1a: Toxapex
|-resisted|p1a: Toxapex
|-damage|p1a: Toxapex|56/100
|-activate|p1a: Toxapex|move: Magma Storm|[of] p2a: Heatran
|move|p1a: Toxapex|Scald|p2a: Heatran
|-supereffective|p2a: Heatran
|-damage|p2a: Heatran|72/100
|
|-damage|p1a: Toxapex|44/100|[from] move: Magma Storm|[partiallytrapped]
|upkeep
|turn|27
|
|t:|1645684397
|move|p2a: Heatran|Taunt|p1a: Toxapex
|-start|p1a: Toxapex|move: Taunt
|move|p1a: Toxapex|Scald|p2a: Heatran
|-supereffective|p2a: Heatran
|-damage|p2a: Heatran|50/100
|
|-damage|p1a: Toxapex|32/100|[from] move: Magma Storm|[partiallytrapped]
|upkeep
|turn|28
|
|t:|1645684399
|move|p2a: Heatran|Earth Power|p1a: Toxapex
|-supereffective|p1a: Toxapex
|-damage|p1a: Toxapex|0 fnt
|faint|p1a: Toxapex
|
|upkeep
|
|t:|1645684405
|switch|p1a: Zeraora|Zeraora, shiny|100/100
|turn|29
|
|t:|1645684410
|switch|p2a: Landorus|Landorus-Therian, M|8/100
|-ability|p2a: Landorus|Intimidate|boost
|-unboost|p1a: Zeraora|atk|1
|move|p1a: Zeraora|Close Combat|p2a: Landorus
|-resisted|p2a: Landorus
|-damage|p2a: Landorus|0 fnt
|-unboost|p1a: Zeraora|def|1
|-unboost|p1a: Zeraora|spd|1
|faint|p2a: Landorus
|
|upkeep
|
|t:|1645684419
|switch|p2a: Dragapult|Dragapult, M|39/100
|turn|30
|
|t:|1645684435
|move|p1a: Zeraora|Knock Off|p2a: Dragapult
|-supereffective|p2a: Dragapult
|-damage|p2a: Dragapult|0 fnt
|faint|p2a: Dragapult
|
|upkeep
|
|t:|1645684440
|switch|p2a: Kartana|Kartana|100/100
|turn|31
|
|t:|1645684447
|switch|p1a: Tornadus|Tornadus-Therian, M, shiny|100/100
|move|p2a: Kartana|Leaf Blade|p1a: Tornadus
|-resisted|p1a: Tornadus
|-damage|p1a: Tornadus|78/100
|
|upkeep
|turn|32
|
|t:|1645684455
|switch|p2a: Heatran|Heatran, F|50/100
|move|p1a: Tornadus|U-turn|p2a: Heatran
|-resisted|p2a: Heatran
|-damage|p2a: Heatran|47/100
|
|t:|1645684464
|switch|p1a: Zapdos|Zapdos-Galar|30/100|[from]move: U-turn
|-damage|p1a: Zapdos|17/100|[from] Stealth Rock
|
|upkeep
|turn|33
|
|t:|1645684475
|move|p1a: Zapdos|Close Combat|p2a: Heatran
|-supereffective|p2a: Heatran
|-damage|p2a: Heatran|0 fnt
|-unboost|p1a: Zapdos|def|1
|-unboost|p1a: Zapdos|spd|1
|faint|p2a: Heatran
|
|upkeep
|
|t:|1645684477
|switch|p2a: Kartana|Kartana|100/100
|turn|34
|
|t:|1645684486
|switch|p1a: Tornadus|Tornadus-Therian, M, shiny|100/100
|move|p2a: Kartana|Smart Strike|p1a: Tornadus
|-damage|p1a: Tornadus|61/100
|
|upkeep
|turn|35
|
|t:|1645684493
|move|p1a: Tornadus|Heat Wave|p2a: Kartana
|-supereffective|p2a: Kartana
|-damage|p2a: Kartana|0 fnt
|faint|p2a: Kartana
|
|upkeep
|
|t:|1645684495
|switch|p2a: Weavile|Weavile, F|84/100
|-ability|p2a: Weavile|Pressure
|turn|36
|
|t:|1645684502
|move|p2a: Weavile|Swords Dance|p2a: Weavile
|-boost|p2a: Weavile|atk|2
|move|p1a: Tornadus|Heat Wave|p2a: Weavile|[miss]
|-miss|p1a: Tornadus|p2a: Weavile
|
|upkeep
|turn|37
|
|t:|1645684509
|switch|p1a: Zapdos|Zapdos-Galar|17/100
|-damage|p1a: Zapdos|5/100|[from] Stealth Rock
|move|p2a: Weavile|Triple Axel|p1a: Zapdos
|-supereffective|p1a: Zapdos
|-damage|p1a: Zapdos|0 fnt
|faint|p1a: Zapdos
|-hitcount|p1: Zapdos|1
|
|upkeep
|
|t:|1645684515
|switch|p1a: Zeraora|Zeraora, shiny|100/100
|turn|38
|
|t:|1645684524
|move|p2a: Weavile|Ice Shard|p1a: Zeraora
|-crit|p1a: Zeraora
|-damage|p1a: Zeraora|16/100
|move|p1a: Zeraora|Close Combat|p2a: Weavile
|-supereffective|p2a: Weavile
|-damage|p2a: Weavile|0 fnt
|-unboost|p1a: Zeraora|def|1
|-unboost|p1a: Zeraora|spd|1
|faint|p2a: Weavile
|
|win|PQPP214
|raw|PQPP214's rating: 1506 &rarr; <strong>1521</strong><br />(+15 for winning)
|raw|Tuxmonroe's rating: 1415 &rarr; <strong>1400</strong><br />(-15 for losing)
|l|☆Tuxmonroe
