|j|☆Gayskeletor
|j|☆friedfreak
|t:|1620445267
|gametype|singles
|player|p1|Gayskeletor|blackbelt-gen4dp|1760
|player|p2|friedfreak|169|1799
|teamsize|p1|6
|teamsize|p2|6
|gen|8
|tier|[Gen 8] OU
|rated|
|rule|Sleep Clause Mod: Limit one foe put to sleep
|rule|Species Clause: Limit one of each Pokémon
|rule|OHKO Clause: OHKO moves are banned
|rule|Evasion Moves Clause: Evasion moves are banned
|rule|Endless Battle Clause: Forcing endless battles is banned
|rule|HP Percentage Mod: HP is shown in percentages
|rule|Dynamax Clause: You cannot dynamax
|clearpoke
|poke|p1|Nihilego|
|poke|p1|Magnezone|
|poke|p1|Tornadus-Therian, M|
|poke|p1|Garchomp, M|
|poke|p1|Kartana|
|poke|p1|Tapu Lele|
|poke|p2|Hippowdon, M|
|poke|p2|Slowbro, F|
|poke|p2|Victini|
|poke|p2|Melmetal|
|poke|p2|Corviknight, F|
|poke|p2|Tapu Koko|
|teampreview
|
|t:|1620445305
|start
|switch|p1a: Tapu Lele|Tapu Lele, shiny|100/100
|switch|p2a: Hippowdon|Hippowdon, M|100/100
|-fieldstart|move: Psychic Terrain|[from] ability: Psychic Surge|[of] p1a: Tapu Lele
|-weather|Sandstorm|[from] ability: Sand Stream|[of] p2a: Hippowdon
|turn|1
|j| Trainer Itachi
|
|t:|1620445326
|move|p1a: Tapu Lele|Psychic|p2a: Hippowdon
|-damage|p2a: Hippowdon|34/100
|move|p2a: Hippowdon|Earthquake|p1a: Tapu Lele
|-damage|p1a: Tapu Lele|47/100
|
|-weather|Sandstorm|[upkeep]
|-damage|p1a: Tapu Lele|41/100|[from] Sandstorm
|-heal|p2a: Hippowdon|40/100|[from] item: Leftovers
|upkeep
|turn|2
|
|t:|1620445334
|switch|p2a: Corviknight|Corviknight, F|100/100
|-ability|p2a: Corviknight|Pressure
|move|p1a: Tapu Lele|Psychic|p2a: Corviknight
|-resisted|p2a: Corviknight
|-damage|p2a: Corviknight|68/100
|
|-weather|Sandstorm|[upkeep]
|-damage|p1a: Tapu Lele|35/100|[from] Sandstorm
|-heal|p2a: Corviknight|74/100|[from] item: Leftovers
|upkeep
|turn|3
|
|t:|1620445349
|move|p1a: Tapu Lele|Psychic|p2a: Corviknight
|-resisted|p2a: Corviknight
|-crit|p2a: Corviknight
|-damage|p2a: Corviknight|24/100
|move|p2a: Corviknight|U-turn|p1a: Tapu Lele
|-damage|p1a: Tapu Lele|13/100
|
|t:|1620445358
|switch|p2a: Victini|Victini|100/100|[from]move: U-turn
|
|-weather|Sandstorm|[upkeep]
|-damage|p2a: Victini|94/100|[from] Sandstorm
|-damage|p1a: Tapu Lele|7/100|[from] Sandstorm
|upkeep
|turn|4
|j| Swamp_Fox90
|
|t:|1620445367
|switch|p1a: Garchomp|Garchomp, M, shiny|100/100
|move|p2a: Victini|U-turn|p1a: Garchomp
|-damage|p1a: Garchomp|81/100
|-damage|p2a: Victini|82/100|[from] ability: Rough Skin|[of] p1a: Garchomp
|
|t:|1620445380
|switch|p2a: Slowbro|Slowbro, F|100/100|[from]move: U-turn
|
|-weather|Sandstorm|[upkeep]
|-damage|p2a: Slowbro|94/100|[from] Sandstorm
|upkeep
|turn|5
|
|t:|1620445388
|move|p1a: Garchomp|Stealth Rock|p2a: Slowbro
|-sidestart|p2: friedfreak|move: Stealth Rock
|move|p2a: Slowbro|Ice Beam|p1a: Garchomp
|-supereffective|p1a: Garchomp
|-damage|p1a: Garchomp|0 fnt
|faint|p1a: Garchomp
|
|-weather|none
|-fieldend|move: Psychic Terrain
|upkeep
|
|t:|1620445401
|switch|p1a: Tapu Lele|Tapu Lele, shiny|7/100
|-fieldstart|move: Psychic Terrain|[from] ability: Psychic Surge|[of] p1a: Tapu Lele
|turn|6
|
|t:|1620445421
|switch|p2a: Corviknight|Corviknight, F|24/100
|-damage|p2a: Corviknight|11/100|[from] Stealth Rock
|-ability|p2a: Corviknight|Pressure
|move|p1a: Tapu Lele|Moonblast|p2a: Corviknight
|-resisted|p2a: Corviknight
|-damage|p2a: Corviknight|0 fnt
|faint|p2a: Corviknight
|
|upkeep
|
|t:|1620445427
|switch|p2a: Tapu Koko|Tapu Koko|100/100
|-fieldstart|move: Electric Terrain|[from] ability: Electric Surge|[of] p2a: Tapu Koko
|turn|7
|
|t:|1620445435
|switch|p1a: Magnezone|Magnezone, shiny|100/100
|-item|p1a: Magnezone|Air Balloon
|move|p2a: Tapu Koko|Thunderbolt|p1a: Magnezone
|-resisted|p1a: Magnezone
|-damage|p1a: Magnezone|69/100
|-enditem|p1a: Magnezone|Air Balloon
|
|upkeep
|turn|8
|j| Aarongamerx
|
|t:|1620445459
|move|p2a: Tapu Koko|Thunderbolt|p1a: Magnezone
|-resisted|p1a: Magnezone
|-damage|p1a: Magnezone|34/100
|move|p1a: Magnezone|Body Press|p2a: Tapu Koko
|-resisted|p2a: Tapu Koko
|-damage|p2a: Tapu Koko|80/100
|
|upkeep
|turn|9
|
|t:|1620445466
|move|p2a: Tapu Koko|Thunderbolt|p1a: Magnezone
|-resisted|p1a: Magnezone
|-damage|p1a: Magnezone|0 fnt
|faint|p1a: Magnezone
|
|upkeep
|
|t:|1620445471
|switch|p1a: Nihilego|Nihilego, shiny|100/100
|turn|10
|l| Swamp_Fox90
|
|t:|1620445491
|move|p2a: Tapu Koko|U-turn|p1a: Nihilego
|-resisted|p1a: Nihilego
|-damage|p1a: Nihilego|88/100
|
|t:|1620445515
|switch|p2a: Slowbro|Slowbro, F|100/100|[from]move: U-turn
|-damage|p2a: Slowbro|88/100|[from] Stealth Rock
|move|p1a: Nihilego|Meteor Beam||[still]
|-prepare|p1a: Nihilego|Meteor Beam
|-boost|p1a: Nihilego|spa|1
|-enditem|p1a: Nihilego|Power Herb
|-anim|p1a: Nihilego|Meteor Beam|p2a: Slowbro
|-damage|p2a: Slowbro|0 fnt
|faint|p2a: Slowbro
|-ability|p1a: Nihilego|Beast Boost|boost
|-boost|p1a: Nihilego|spe|1
|
|upkeep
|
|t:|1620445535
|switch|p2a: Melmetal|Melmetal|100/100
|-damage|p2a: Melmetal|94/100|[from] Stealth Rock
|turn|11
|
|t:|1620445541
|move|p1a: Nihilego|Thunderbolt|p2a: Melmetal
|-damage|p2a: Melmetal|25/100
|move|p2a: Melmetal|Double Iron Bash|p1a: Nihilego
|-supereffective|p1a: Nihilego
|-damage|p1a: Nihilego|0 fnt
|-hitcount|p1a: Nihilego|1
|faint|p1a: Nihilego
|
|-fieldend|move: Electric Terrain
|upkeep
|
|t:|1620445551
|switch|p1a: Kartana|Kartana, shiny|100/100
|turn|12
|
|t:|1620445557
|move|p1a: Kartana|Knock Off|p2a: Melmetal
|-damage|p2a: Melmetal|0 fnt
|-enditem|p2a: Melmetal|Protective Pads|[from] move: Knock Off|[of] p1a: Kartana
|faint|p2a: Melmetal
|-ability|p1a: Kartana|Beast Boost|boost
|-boost|p1a: Kartana|atk|1
|
|upkeep
|
|t:|1620445569
|switch|p2a: Tapu Koko|Tapu Koko|80/100
|-fieldstart|move: Electric Terrain|[from] ability: Electric Surge|[of] p2a: Tapu Koko
|turn|13
|j| Raymozz
|
|t:|1620445581
|move|p1a: Kartana|Knock Off|p2a: Tapu Koko
|-resisted|p2a: Tapu Koko
|-crit|p2a: Tapu Koko
|-damage|p2a: Tapu Koko|12/100
|-enditem|p2a: Tapu Koko|Heavy-Duty Boots|[from] move: Knock Off|[of] p1a: Kartana
|move|p2a: Tapu Koko|Thunderbolt|p1a: Kartana
|-resisted|p1a: Kartana
|-crit|p1a: Kartana
|-damage|p1a: Kartana|0 fnt
|faint|p1a: Kartana
|
|upkeep
|c|☆Gayskeletor|the
|
|t:|1620445599
|switch|p1a: Tornadus|Tornadus-Therian, M, shiny|100/100
|turn|14
|
|t:|1620445603
|move|p2a: Tapu Koko|Thunderbolt|p1a: Tornadus
|-supereffective|p1a: Tornadus
|-damage|p1a: Tornadus|0 fnt
|faint|p1a: Tornadus
|
|upkeep
|
|t:|1620445617
|switch|p1a: Tapu Lele|Tapu Lele, shiny|7/100
|-fieldstart|move: Psychic Terrain|[from] ability: Psychic Surge|[of] p1a: Tapu Lele
|turn|15
|
|t:|1620445624
|move|p2a: Tapu Koko|Thunderbolt|p1a: Tapu Lele
|-damage|p1a: Tapu Lele|0 fnt
|faint|p1a: Tapu Lele
|
|win|friedfreak
|raw|Gayskeletor's rating: 1760 &rarr; <strong>1742</strong><br />(-18 for losing)
|raw|friedfreak's rating: 1799 &rarr; <strong>1817</strong><br />(+18 for winning)
|l|☆Gayskeletor
|l| Trainer Itachi
