|j|☆budgetbumper
|j|☆N30N3
|player|p1|budgetbumper|brawly|1781
|player|p2|N30N3|101|1877
|teamsize|p1|6
|teamsize|p2|6
|gametype|singles
|gen|8
|tier|[Gen 8] OU
|rated|
|html|<div class="broadcast-blue"><strong>OU is currently suspecting Dracovish! For information on how to participate check out the <a href="https://www.smogon.com/forums/threads/3664521/">suspect thread</a>.</strong></div>
|clearpoke
|poke|p1|Rotom-Heat|
|poke|p1|Primarina, F|
|poke|p1|Rhyperior, F|
|poke|p1|Abomasnow, M|
|poke|p1|Kyurem|
|poke|p1|Aegislash, F|
|poke|p2|Mimikyu, F|
|poke|p2|Hippowdon, F|
|poke|p2|Excadrill, M|
|poke|p2|Tyranitar, M|
|poke|p2|Kyurem|
|poke|p2|Ferrothorn, M|
|rule|Sleep Clause Mod: Limit one foe put to sleep
|rule|Species Clause: Limit one of each Pokémon
|rule|OHKO Clause: OHKO moves are banned
|rule|Evasion Moves Clause: Evasion moves are banned
|rule|Endless Battle Clause: Forcing endless battles is banned
|rule|HP Percentage Mod: HP is shown in percentages
|rule|Dynamax Clause: You cannot dynamax
|teampreview
|inactive|Battle timer is ON: inactive players will automatically lose when time's up. (requested by N30N3)
|
|start
|switch|p1a: Kyurem|Kyurem|100/100
|switch|p2a: Kyurem|Kyurem|100/100
|-ability|p1a: Kyurem|Pressure
|-ability|p2a: Kyurem|Pressure
|turn|1
|
|switch|p1a: Rhyperior|Rhyperior, F|100/100
|switch|p2a: Tyranitar|Tyranitar, M|100/100
|-weather|Sandstorm|[from] ability: Sand Stream|[of] p2a: Tyranitar
|
|-weather|Sandstorm|[upkeep]
|upkeep
|turn|2
|
|switch|p2a: Hippowdon|Hippowdon, F|100/100
|switch|p1a: Abomasnow|Abomasnow, M|100/100
|-weather|Hail|[from] ability: Snow Warning|[of] p1a: Abomasnow
|
|-weather|Hail|[upkeep]
|-damage|p2a: Hippowdon|94/100|[from] Hail
|upkeep
|turn|3
|
|switch|p1a: Rhyperior|Rhyperior, F|100/100
|switch|p2a: Ferrothorn|Ferrothorn, M|100/100
|
|-weather|Hail|[upkeep]
|-damage|p1a: Rhyperior|94/100|[from] Hail
|-damage|p2a: Ferrothorn|94/100|[from] Hail
|-heal|p1a: Rhyperior|100/100|[from] item: Leftovers
|-heal|p2a: Ferrothorn|100/100|[from] item: Leftovers
|upkeep
|turn|4
|
|switch|p2a: Hippowdon|Hippowdon, F|94/100
|-weather|Sandstorm|[from] ability: Sand Stream|[of] p2a: Hippowdon
|move|p1a: Rhyperior|Fire Punch|p2a: Hippowdon
|-damage|p2a: Hippowdon|79/100
|
|-weather|Sandstorm|[upkeep]
|upkeep
|turn|5
|
|switch|p1a: Primarina|Primarina, F|100/100
|move|p2a: Hippowdon|Stealth Rock|p1a: Primarina
|-sidestart|p1: budgetbumper|move: Stealth Rock
|
|-weather|Sandstorm|[upkeep]
|-damage|p1a: Primarina|94/100|[from] Sandstorm
|-heal|p1a: Primarina|100/100|[from] item: Leftovers
|upkeep
|turn|6
|
|switch|p2a: Ferrothorn|Ferrothorn, M|100/100
|move|p1a: Primarina|Scald|p2a: Ferrothorn
|-resisted|p2a: Ferrothorn
|-damage|p2a: Ferrothorn|87/100
|
|-weather|Sandstorm|[upkeep]
|-damage|p1a: Primarina|94/100|[from] Sandstorm
|-heal|p1a: Primarina|100/100|[from] item: Leftovers
|-heal|p2a: Ferrothorn|93/100|[from] item: Leftovers
|upkeep
|turn|7
|inactive|budgetbumper has 120 seconds left.
|
|move|p1a: Primarina|Substitute|p1a: Primarina
|-start|p1a: Primarina|Substitute
|-damage|p1a: Primarina|76/100
|move|p2a: Ferrothorn|Leech Seed||[still]
|-fail|p2a: Ferrothorn
|
|-weather|Sandstorm|[upkeep]
|-damage|p1a: Primarina|70/100|[from] Sandstorm
|-heal|p1a: Primarina|76/100|[from] item: Leftovers
|-heal|p2a: Ferrothorn|99/100|[from] item: Leftovers
|upkeep
|turn|8
|
|move|p1a: Primarina|Scald|p2a: Ferrothorn
|-resisted|p2a: Ferrothorn
|-damage|p2a: Ferrothorn|87/100
|-status|p2a: Ferrothorn|brn
|move|p2a: Ferrothorn|Gyro Ball|p1a: Primarina
|-activate|p1a: Primarina|move: Substitute|[damage]
|
|-weather|Sandstorm|[upkeep]
|-damage|p1a: Primarina|70/100|[from] Sandstorm
|-heal|p1a: Primarina|76/100|[from] item: Leftovers
|-heal|p2a: Ferrothorn|93/100 brn|[from] item: Leftovers
|-damage|p2a: Ferrothorn|87/100 brn|[from] brn
|upkeep
|turn|9
|c|☆budgetbumper|what happened to knock off
|
|move|p1a: Primarina|Scald|p2a: Ferrothorn
|-resisted|p2a: Ferrothorn
|-damage|p2a: Ferrothorn|72/100 brn
|move|p2a: Ferrothorn|Gyro Ball|p1a: Primarina
|-end|p1a: Primarina|Substitute
|
|-weather|Sandstorm|[upkeep]
|-damage|p1a: Primarina|70/100|[from] Sandstorm
|-heal|p1a: Primarina|76/100|[from] item: Leftovers
|-heal|p2a: Ferrothorn|78/100 brn|[from] item: Leftovers
|-damage|p2a: Ferrothorn|72/100 brn|[from] brn
|upkeep
|turn|10
|
|move|p1a: Primarina|Substitute|p1a: Primarina
|-start|p1a: Primarina|Substitute
|-damage|p1a: Primarina|51/100
|move|p2a: Ferrothorn|Gyro Ball|p1a: Primarina
|-activate|p1a: Primarina|move: Substitute|[damage]
|
|-weather|Sandstorm|[upkeep]
|-damage|p1a: Primarina|45/100|[from] Sandstorm
|-heal|p1a: Primarina|51/100|[from] item: Leftovers
|-heal|p2a: Ferrothorn|78/100 brn|[from] item: Leftovers
|-damage|p2a: Ferrothorn|72/100 brn|[from] brn
|upkeep
|turn|11
|
|move|p1a: Primarina|Scald|p2a: Ferrothorn
|-resisted|p2a: Ferrothorn
|-damage|p2a: Ferrothorn|58/100 brn
|move|p2a: Ferrothorn|Gyro Ball|p1a: Primarina
|-end|p1a: Primarina|Substitute
|
|-weather|none
|-heal|p1a: Primarina|57/100|[from] item: Leftovers
|-heal|p2a: Ferrothorn|64/100 brn|[from] item: Leftovers
|-damage|p2a: Ferrothorn|58/100 brn|[from] brn
|upkeep
|turn|12
|
|switch|p1a: Rotom|Rotom-Heat|100/100
|move|p2a: Ferrothorn|Gyro Ball|p1a: Rotom
|-resisted|p1a: Rotom
|-damage|p1a: Rotom|94/100
|
|-heal|p2a: Ferrothorn|64/100 brn|[from] item: Leftovers
|-damage|p2a: Ferrothorn|58/100 brn|[from] brn
|upkeep
|turn|13
|
|switch|p2a: Tyranitar|Tyranitar, M|100/100
|-weather|Sandstorm|[from] ability: Sand Stream|[of] p2a: Tyranitar
|move|p1a: Rotom|Defog|p2a: Tyranitar
|-unboost|p2a: Tyranitar|evasion|1
|-sideend|p1: budgetbumper|Stealth Rock|[from] move: Defog|[of] p1a: Rotom
|
|-weather|Sandstorm|[upkeep]
|-damage|p1a: Rotom|88/100|[from] Sandstorm
|upkeep
|turn|14
|
|move|p1a: Rotom|Volt Switch|p2a: Tyranitar
|-damage|p2a: Tyranitar|84/100
|
|switch|p1a: Rhyperior|Rhyperior, F|100/100|[from]move: Volt Switch
|move|p2a: Tyranitar|Superpower|p1a: Rhyperior
|-supereffective|p1a: Rhyperior
|-damage|p1a: Rhyperior|44/100
|-unboost|p2a: Tyranitar|atk|1
|-unboost|p2a: Tyranitar|def|1
|
|-weather|Sandstorm|[upkeep]
|-heal|p1a: Rhyperior|50/100|[from] item: Leftovers
|upkeep
|turn|15
|
|switch|p2a: Hippowdon|Hippowdon, F|79/100
|move|p1a: Rhyperior|Stealth Rock|p2a: Hippowdon
|-sidestart|p2: N30N3|move: Stealth Rock
|
|-weather|Sandstorm|[upkeep]
|-heal|p1a: Rhyperior|57/100|[from] item: Leftovers
|upkeep
|turn|16
|
|switch|p1a: Abomasnow|Abomasnow, M|100/100
|-weather|Hail|[from] ability: Snow Warning|[of] p1a: Abomasnow
|move|p2a: Hippowdon|Stealth Rock|p1a: Abomasnow
|-sidestart|p1: budgetbumper|move: Stealth Rock
|
|-weather|Hail|[upkeep]
|-damage|p2a: Hippowdon|72/100|[from] Hail
|upkeep
|turn|17
|
|switch|p2a: Ferrothorn|Ferrothorn, M|58/100 brn
|-damage|p2a: Ferrothorn|52/100 brn|[from] Stealth Rock
|move|p1a: Abomasnow|Earthquake|p2a: Ferrothorn
|-damage|p2a: Ferrothorn|26/100 brn
|-damage|p1a: Abomasnow|91/100|[from] item: Life Orb
|
|-weather|Hail|[upkeep]
|-damage|p2a: Ferrothorn|20/100 brn|[from] Hail
|-heal|p2a: Ferrothorn|26/100 brn|[from] item: Leftovers
|-damage|p2a: Ferrothorn|20/100 brn|[from] brn
|upkeep
|turn|18
|j| errfsghbd
|
|move|p1a: Abomasnow|Earthquake|p2a: Ferrothorn
|-damage|p2a: Ferrothorn|0 fnt
|-damage|p1a: Abomasnow|81/100|[from] item: Life Orb
|faint|p2a: Ferrothorn
|
|-weather|Hail|[upkeep]
|upkeep
|
|switch|p2a: Excadrill|Excadrill, M|100/100
|-damage|p2a: Excadrill|97/100|[from] Stealth Rock
|turn|19
|
|switch|p1a: Rotom|Rotom-Heat|88/100
|move|p2a: Excadrill|Iron Head|p1a: Rotom
|-resisted|p1a: Rotom
|-damage|p1a: Rotom|74/100
|-damage|p2a: Excadrill|87/100|[from] item: Life Orb
|
|-weather|Hail|[upkeep]
|-damage|p1a: Rotom|68/100|[from] Hail
|-damage|p2a: Excadrill|81/100|[from] Hail
|upkeep
|turn|20
|j| Atsogner
|
|move|p1a: Rotom|Overheat|p2a: Excadrill
|-supereffective|p2a: Excadrill
|-damage|p2a: Excadrill|0 fnt
|-unboost|p1a: Rotom|spa|2
|faint|p2a: Excadrill
|
|-weather|none
|upkeep
|c|☆budgetbumper|adamant
|
|switch|p2a: Tyranitar|Tyranitar, M|84/100
|-damage|p2a: Tyranitar|72/100|[from] Stealth Rock
|-weather|Sandstorm|[from] ability: Sand Stream|[of] p2a: Tyranitar
|turn|21
|c|☆budgetbumper|why
|
|move|p1a: Rotom|Will-O-Wisp|p2a: Tyranitar
|-status|p2a: Tyranitar|brn
|move|p2a: Tyranitar|Crunch|p1a: Rotom
|-damage|p1a: Rotom|37/100
|-unboost|p1a: Rotom|def|1
|
|-weather|Sandstorm|[upkeep]
|-damage|p1a: Rotom|31/100|[from] Sandstorm
|-damage|p2a: Tyranitar|66/100 brn|[from] brn
|upkeep
|turn|22
|
|move|p1a: Rotom|Volt Switch|p2a: Tyranitar
|-damage|p2a: Tyranitar|57/100 brn
|
|switch|p1a: Rhyperior|Rhyperior, F|57/100|[from]move: Volt Switch
|-damage|p1a: Rhyperior|50/100|[from] Stealth Rock
|move|p2a: Tyranitar|Crunch|p1a: Rhyperior
|-damage|p1a: Rhyperior|33/100
|
|-weather|Sandstorm|[upkeep]
|-heal|p1a: Rhyperior|39/100|[from] item: Leftovers
|-damage|p2a: Tyranitar|51/100 brn|[from] brn
|upkeep
|turn|23
|
|move|p2a: Tyranitar|Crunch|p1a: Rhyperior
|-damage|p1a: Rhyperior|19/100
|move|p1a: Rhyperior|Earthquake|p2a: Tyranitar
|-supereffective|p2a: Tyranitar
|-damage|p2a: Tyranitar|0 fnt
|faint|p2a: Tyranitar
|
|-weather|Sandstorm|[upkeep]
|-heal|p1a: Rhyperior|25/100|[from] item: Leftovers
|upkeep
|
|switch|p2a: Kyurem|Kyurem|100/100
|-damage|p2a: Kyurem|76/100|[from] Stealth Rock
|-ability|p2a: Kyurem|Pressure
|turn|24
|
|move|p2a: Kyurem|Ice Beam|p1a: Rhyperior
|-supereffective|p1a: Rhyperior
|-damage|p1a: Rhyperior|0 fnt
|faint|p1a: Rhyperior
|
|-weather|Sandstorm|[upkeep]
|-damage|p2a: Kyurem|70/100|[from] Sandstorm
|upkeep
|
|switch|p1a: Aegislash|Aegislash, F|100/100
|-damage|p1a: Aegislash|94/100|[from] Stealth Rock
|turn|25
|
|move|p2a: Kyurem|Ice Beam|p1a: Aegislash
|-resisted|p1a: Aegislash
|-damage|p1a: Aegislash|68/100
|-formechange|p1a: Aegislash|Aegislash-Blade||[from] ability: Stance Change
|move|p1a: Aegislash|Iron Head|p2a: Kyurem
|-supereffective|p2a: Kyurem
|-damage|p2a: Kyurem|0 fnt
|faint|p2a: Kyurem
|
|-weather|none
|-heal|p1a: Aegislash|74/100|[from] item: Leftovers
|upkeep
|
|switch|p2a: Mimikyu|Mimikyu, F|100/100
|-damage|p2a: Mimikyu|88/100|[from] Stealth Rock
|turn|26
|
|move|p2a: Mimikyu|Swords Dance|p2a: Mimikyu
|-boost|p2a: Mimikyu|atk|2
|move|p1a: Aegislash|Iron Head|p2a: Mimikyu
|-activate|p2a: Mimikyu|ability: Disguise
|-damage|p2a: Mimikyu|88/100
|detailschange|p2a: Mimikyu|Mimikyu-Busted, F
|-damage|p2a: Mimikyu|76/100|[from] pokemon: Mimikyu-Busted
|
|-heal|p1a: Aegislash|80/100|[from] item: Leftovers
|upkeep
|turn|27
|
|-formechange|p1a: Aegislash|Aegislash||[from] ability: Stance Change
|move|p1a: Aegislash|King's Shield|p1a: Aegislash
|-singleturn|p1a: Aegislash|Protect
|move|p2a: Mimikyu|Swords Dance|p2a: Mimikyu
|-boost|p2a: Mimikyu|atk|2
|
|-heal|p1a: Aegislash|86/100|[from] item: Leftovers
|upkeep
|turn|28
|
|move|p2a: Mimikyu|Shadow Sneak|p1a: Aegislash
|-supereffective|p1a: Aegislash
|-damage|p1a: Aegislash|4/100
|-damage|p2a: Mimikyu|66/100|[from] item: Life Orb
|-formechange|p1a: Aegislash|Aegislash-Blade||[from] ability: Stance Change
|move|p1a: Aegislash|Iron Head|p2a: Mimikyu
|-supereffective|p2a: Mimikyu
|-damage|p2a: Mimikyu|0 fnt
|faint|p2a: Mimikyu
|
|-heal|p1a: Aegislash|10/100|[from] item: Leftovers
|upkeep
|c|☆budgetbumper|lmao
|-message|N30N3 forfeited.
|
|win|budgetbumper
|l|☆N30N3
