|raw|<div class="broadcast-blue"><strong>This battle is required to be public due to a player having a name starting with 'btlt200'.</div>
|j|☆Nultiprise
|j|☆BTLT200$ SF'
|t:|1668184642
|gametype|singles
|player|p1|Nultiprise|hexmaniac-gen6|
|player|p2|BTLT200$ SF'|palmer|
|teamsize|p1|6
|teamsize|p2|6
|gen|8
|tier|[Gen 8] OU
|rule|Sleep Clause Mod: Limit one foe put to sleep
|rule|Species Clause: Limit one of each Pokémon
|rule|OHKO Clause: OHKO moves are banned
|rule|Evasion Items Clause: Evasion items are banned
|rule|Evasion Moves Clause: Evasion moves are banned
|rule|Endless Battle Clause: Forcing endless battles is banned
|rule|HP Percentage Mod: HP is shown in percentages
|rule|Dynamax Clause: You cannot dynamax
|clearpoke
|poke|p1|Toxtricity, F|
|poke|p1|Arctovish|
|poke|p1|Runerigus, M|
|poke|p1|Copperajah, F|
|poke|p1|Weezing-Galar, F|
|poke|p1|Zarude|
|poke|p2|Eldegoss, F|
|poke|p2|Slowbro-Galar, M|
|poke|p2|Weezing-Galar, F|
|poke|p2|Runerigus, M|
|poke|p2|Zarude-Dada|
|poke|p2|Arctovish|
|teampreview
|inactive|Battle timer is ON: inactive players will automatically lose when time's up. (requested by BTLT200$ SF')
|
|t:|1668184660
|start
|switch|p1a: Weezing|Weezing-Galar, F|100/100
|switch|p2a: Runerigus|Runerigus, M|100/100
|turn|1
|
|t:|1668184669
|move|p1a: Weezing|Will-O-Wisp|p2a: Runerigus
|-status|p2a: Runerigus|brn
|move|p2a: Runerigus|Stealth Rock|p1a: Weezing
|-sidestart|p1: Nultiprise|move: Stealth Rock
|
|-damage|p2a: Runerigus|94/100 brn|[from] brn
|upkeep
|turn|2
|
|t:|1668184680
|switch|p2a: Slowbro|Slowbro-Galar, M|100/100
|move|p1a: Weezing|Defog|p2a: Slowbro
|-unboost|p2a: Slowbro|evasion|1
|-sideend|p1: Nultiprise|Stealth Rock|[from] move: Defog|[of] p1a: Weezing
|
|upkeep
|turn|3
|
|t:|1668184691
|switch|p1a: Runerigus|Runerigus, M|100/100
|move|p2a: Slowbro|Sludge Bomb|p1a: Runerigus
|-resisted|p1a: Runerigus
|-damage|p1a: Runerigus|93/100
|
|-heal|p1a: Runerigus|99/100|[from] item: Leftovers
|upkeep
|turn|4
|
|t:|1668184700
|switch|p2a: Eldegoss|Eldegoss, F|100/100
|move|p1a: Runerigus|Poltergeist|p2a: Eldegoss
|-activate|p2a: Eldegoss|move: Poltergeist|Assault Vest
|-damage|p2a: Eldegoss|60/100
|
|-heal|p1a: Runerigus|100/100|[from] item: Leftovers
|upkeep
|turn|5
|
|t:|1668184718
|switch|p1a: Zarude|Zarude|100/100
|move|p2a: Eldegoss|Giga Drain|p1a: Zarude
|-resisted|p1a: Zarude
|-damage|p1a: Zarude|90/100
|-heal|p2a: Eldegoss|66/100|[from] drain|[of] p1a: Zarude
|
|upkeep
|turn|6
|c|☆Nultiprise|tu as quoi comme move sur ce truc
|c|☆Nultiprise|il a pas genre que spin et des moves grass?
|c|☆Nultiprise|en offensif
|
|t:|1668184738
|switch|p2a: Weezing|Weezing-Galar, F|100/100
|move|p1a: Zarude|U-turn|p2a: Weezing
|-resisted|p2a: Weezing
|-damage|p2a: Weezing|97/100
|-damage|p1a: Zarude|74/100|[from] item: Rocky Helmet|[of] p2a: Weezing
|
|t:|1668184751
|switch|p1a: Copperajah|Copperajah, F|100/100|[from]move: U-turn
|
|upkeep
|turn|7
|
|t:|1668184761
|switch|p2a: Slowbro|Slowbro-Galar, M|100/100
|move|p1a: Copperajah|Heavy Slam|p2a: Slowbro
|-damage|p2a: Slowbro|40/100
|-damage|p1a: Copperajah|84/100|[from] item: Rocky Helmet|[of] p2a: Slowbro
|
|upkeep
|turn|8
|
|t:|1668184767
|switch|p2a: Zarude|Zarude-Dada|100/100
|move|p1a: Copperajah|Heavy Slam|p2a: Zarude
|-crit|p2a: Zarude
|-damage|p2a: Zarude|42/100
|-damage|p1a: Copperajah|67/100|[from] item: Rocky Helmet|[of] p2a: Zarude
|
|upkeep
|turn|9
|
|t:|1668184788
|switch|p1a: Toxtricity|Toxtricity, F|100/100
|move|p2a: Zarude|Jungle Healing|p2a: Zarude
|-heal|p2a: Zarude|66/100
|
|upkeep
|turn|10
|
|t:|1668184793
|switch|p2a: Eldegoss|Eldegoss, F|99/100
|move|p1a: Toxtricity|Snarl|p2a: Eldegoss
|-damage|p2a: Eldegoss|83/100
|-unboost|p2a: Eldegoss|spa|1
|
|upkeep
|turn|11
|
|t:|1668184803
|switch|p1a: Weezing|Weezing-Galar, F|100/100
|move|p2a: Eldegoss|Pollen Puff|p1a: Weezing
|-resisted|p1a: Weezing
|-damage|p1a: Weezing|97/100
|
|-heal|p1a: Weezing|100/100|[from] item: Black Sludge
|upkeep
|turn|12
|
|t:|1668184814
|switch|p2a: Slowbro|Slowbro-Galar, M|73/100
|move|p1a: Weezing|Toxic Spikes|p2a: Slowbro
|-sidestart|p2: BTLT200$ SF'|move: Toxic Spikes
|
|upkeep
|turn|13
|
|t:|1668184833
|switch|p1a: Toxtricity|Toxtricity, F|100/100
|switch|p2a: Runerigus|Runerigus, M|94/100 brn
|
|-heal|p2a: Runerigus|100/100 brn|[from] item: Leftovers
|-damage|p2a: Runerigus|94/100 brn|[from] brn
|upkeep
|turn|14
|
|t:|1668184842
|switch|p1a: Arctovish|Arctovish|100/100
|move|p2a: Runerigus|Rest|p2a: Runerigus
|-status|p2a: Runerigus|slp|[from] move: Rest
|-heal|p2a: Runerigus|100/100 slp|[silent]
|
|upkeep
|turn|15
|
|t:|1668184847
|switch|p2a: Slowbro|Slowbro-Galar, M|100/100
|-sideend|p2: BTLT200$ SF'|move: Toxic Spikes|[of] p2a: Slowbro
|move|p1a: Arctovish|Fishious Rend|p2a: Slowbro
|-crit|p2a: Slowbro
|-damage|p2a: Slowbro|0 fnt
|-damage|p1a: Arctovish|84/100|[from] item: Rocky Helmet|[of] p2a: Slowbro
|faint|p2a: Slowbro
|
|upkeep
|
|t:|1668184857
|switch|p2a: Arctovish|Arctovish|100/100
|turn|16
|
|t:|1668184870
|switch|p1a: Zarude|Zarude|74/100
|move|p2a: Arctovish|Icicle Spear|p1a: Zarude
|-supereffective|p1a: Zarude
|-damage|p1a: Zarude|52/100
|-supereffective|p1a: Zarude
|-damage|p1a: Zarude|31/100
|-supereffective|p1a: Zarude
|-damage|p1a: Zarude|11/100
|-supereffective|p1a: Zarude
|-damage|p1a: Zarude|0 fnt
|faint|p1a: Zarude
|-hitcount|p1: Zarude|4
|
|upkeep
|
|t:|1668184875
|switch|p1a: Arctovish|Arctovish|84/100
|turn|17
|
|t:|1668184878
|move|p2a: Arctovish|Protect|p2a: Arctovish
|-singleturn|p2a: Arctovish|Protect
|move|p1a: Arctovish|Fishious Rend|p2a: Arctovish
|-activate|p2a: Arctovish|move: Protect
|
|upkeep
|turn|18
|
|t:|1668184884
|switch|p1a: Toxtricity|Toxtricity, F|100/100
|move|p2a: Arctovish|Fishious Rend|p1a: Toxtricity
|-damage|p1a: Toxtricity|0 fnt
|faint|p1a: Toxtricity
|
|upkeep
|
|t:|1668184890
|switch|p1a: Copperajah|Copperajah, F|67/100
|turn|19
|
|t:|1668184897
|move|p2a: Arctovish|Fishious Rend|p1a: Copperajah
|-damage|p1a: Copperajah|0 fnt
|faint|p1a: Copperajah
|
|upkeep
|
|t:|1668184900
|switch|p1a: Weezing|Weezing-Galar, F|100/100
|turn|20
|
|t:|1668184912
|switch|p2a: Runerigus|Runerigus, M|100/100 slp
|move|p1a: Weezing|Will-O-Wisp||[still]
|-fail|p1a: Weezing
|
|upkeep
|turn|21
|
|t:|1668184915
|switch|p1a: Arctovish|Arctovish|84/100
|cant|p2a: Runerigus|slp
|
|upkeep
|turn|22
|
|t:|1668184921
|switch|p2a: Eldegoss|Eldegoss, F|100/100
|move|p1a: Arctovish|Rock Blast|p2a: Eldegoss
|-damage|p2a: Eldegoss|86/100
|-damage|p2a: Eldegoss|72/100
|-hitcount|p2a: Eldegoss|2
|
|upkeep
|turn|23
|
|t:|1668184931
|switch|p1a: Weezing|Weezing-Galar, F|100/100
|switch|p2a: Weezing|Weezing-Galar, F|97/100
|
|upkeep
|turn|24
|
|t:|1668184937
|move|p1a: Weezing|Toxic Spikes|p2a: Weezing
|-sidestart|p2: BTLT200$ SF'|move: Toxic Spikes
|move|p2a: Weezing|Will-O-Wisp|p1a: Weezing
|-status|p1a: Weezing|brn
|
|-damage|p1a: Weezing|94/100 brn|[from] brn
|upkeep
|turn|25
|
|t:|1668184949
|switch|p2a: Runerigus|Runerigus, M|100/100 slp
|move|p1a: Weezing|Will-O-Wisp||[still]
|-fail|p1a: Weezing
|
|-heal|p1a: Weezing|100/100 brn|[from] item: Black Sludge
|-damage|p1a: Weezing|94/100 brn|[from] brn
|upkeep
|turn|26
|
|t:|1668184952
|move|p1a: Weezing|Toxic Spikes|p2a: Runerigus
|-sidestart|p2: BTLT200$ SF'|move: Toxic Spikes
|cant|p2a: Runerigus|slp
|
|-heal|p1a: Weezing|100/100 brn|[from] item: Black Sludge
|-damage|p1a: Weezing|94/100 brn|[from] brn
|upkeep
|turn|27
|
|t:|1668184957
|switch|p1a: Arctovish|Arctovish|84/100
|-curestatus|p2a: Runerigus|slp|[msg]
|move|p2a: Runerigus|Will-O-Wisp|p1a: Arctovish
|-status|p1a: Arctovish|brn
|
|-damage|p1a: Arctovish|78/100 brn|[from] brn
|upkeep
|turn|28
|
|t:|1668184963
|switch|p2a: Weezing|Weezing-Galar, F|97/100
|move|p1a: Arctovish|Fishious Rend|p2a: Weezing
|-damage|p2a: Weezing|62/100
|-damage|p1a: Arctovish|61/100 brn|[from] item: Rocky Helmet|[of] p2a: Weezing
|
|-damage|p1a: Arctovish|55/100 brn|[from] brn
|upkeep
|turn|29
|
|t:|1668184974
|move|p1a: Arctovish|Fishious Rend|p2a: Weezing
|-damage|p2a: Weezing|27/100
|-damage|p1a: Arctovish|39/100 brn|[from] item: Rocky Helmet|[of] p2a: Weezing
|move|p2a: Weezing|Pain Split|p1a: Arctovish
|-sethp|p1a: Arctovish|34/100 brn|[from] move: Pain Split|[silent]
|-sethp|p2a: Weezing|32/100|[from] move: Pain Split
|
|-damage|p1a: Arctovish|27/100 brn|[from] brn
|upkeep
|turn|30
|
|t:|1668184981
|switch|p2a: Eldegoss|Eldegoss, F|100/100
|-status|p2a: Eldegoss|tox
|move|p1a: Arctovish|Fishious Rend|p2a: Eldegoss
|-resisted|p2a: Eldegoss
|-damage|p2a: Eldegoss|68/100 tox
|
|-damage|p2a: Eldegoss|62/100 tox|[from] psn
|-damage|p1a: Arctovish|21/100 brn|[from] brn
|upkeep
|turn|31
|
|t:|1668184985
|switch|p1a: Runerigus|Runerigus, M|100/100
|move|p2a: Eldegoss|Rapid Spin|p1a: Runerigus
|-immune|p1a: Runerigus
|
|-damage|p2a: Eldegoss|49/100 tox|[from] psn
|upkeep
|turn|32
|
|t:|1668184992
|move|p2a: Eldegoss|Giga Drain|p1a: Runerigus
|-supereffective|p1a: Runerigus
|-damage|p1a: Runerigus|56/100
|-heal|p2a: Eldegoss|71/100 tox|[from] drain|[of] p1a: Runerigus
|move|p1a: Runerigus|Poltergeist|p2a: Eldegoss|[miss]
|-miss|p1a: Runerigus|p2a: Eldegoss
|
|-heal|p1a: Runerigus|62/100|[from] item: Leftovers
|-damage|p2a: Eldegoss|53/100 tox|[from] psn
|upkeep
|turn|33
|
|t:|1668184997
|switch|p1a: Weezing|Weezing-Galar, F|94/100 brn
|move|p2a: Eldegoss|Giga Drain|p1a: Weezing
|-resisted|p1a: Weezing
|-damage|p1a: Weezing|79/100 brn
|-heal|p2a: Eldegoss|61/100 tox|[from] drain|[of] p1a: Weezing
|
|-heal|p1a: Weezing|85/100 brn|[from] item: Black Sludge
|-damage|p2a: Eldegoss|36/100 tox|[from] psn
|-damage|p1a: Weezing|79/100 brn|[from] brn
|upkeep
|turn|34
|
|t:|1668185003
|move|p1a: Weezing|Sludge Bomb|p2a: Eldegoss
|-supereffective|p2a: Eldegoss
|-damage|p2a: Eldegoss|10/100 tox
|move|p2a: Eldegoss|Rapid Spin|p1a: Weezing
|-damage|p1a: Weezing|75/100 brn
|-boost|p2a: Eldegoss|spe|1
|-sideend|p2: BTLT200$ SF'|Toxic Spikes|[from] move: Rapid Spin|[of] p2a: Eldegoss
|
|-heal|p1a: Weezing|81/100 brn|[from] item: Black Sludge
|-damage|p2a: Eldegoss|0 fnt|[from] psn
|faint|p2a: Eldegoss
|-damage|p1a: Weezing|75/100 brn|[from] brn
|upkeep
|
|t:|1668185011
|switch|p2a: Runerigus|Runerigus, M|100/100
|turn|35
|
|t:|1668185016
|move|p1a: Weezing|Toxic Spikes|p2a: Runerigus
|-sidestart|p2: BTLT200$ SF'|move: Toxic Spikes
|move|p2a: Runerigus|Poltergeist|p1a: Weezing
|-activate|p1a: Weezing|move: Poltergeist|Black Sludge
|-damage|p1a: Weezing|53/100 brn
|
|-heal|p1a: Weezing|59/100 brn|[from] item: Black Sludge
|-damage|p1a: Weezing|53/100 brn|[from] brn
|upkeep
|turn|36
|
|t:|1668185020
|move|p1a: Weezing|Will-O-Wisp|p2a: Runerigus|[miss]
|-miss|p1a: Weezing|p2a: Runerigus
|move|p2a: Runerigus|Poltergeist|p1a: Weezing
|-activate|p1a: Weezing|move: Poltergeist|Black Sludge
|-damage|p1a: Weezing|29/100 brn
|
|-heal|p1a: Weezing|35/100 brn|[from] item: Black Sludge
|-damage|p1a: Weezing|29/100 brn|[from] brn
|upkeep
|turn|37
|
|t:|1668185023
|move|p1a: Weezing|Toxic Spikes|p2a: Runerigus
|-sidestart|p2: BTLT200$ SF'|move: Toxic Spikes
|move|p2a: Runerigus|Poltergeist|p1a: Weezing
|-activate|p1a: Weezing|move: Poltergeist|Black Sludge
|-damage|p1a: Weezing|6/100 brn
|
|-heal|p1a: Weezing|12/100 brn|[from] item: Black Sludge
|-damage|p1a: Weezing|6/100 brn|[from] brn
|upkeep
|turn|38
|
|t:|1668185026
|move|p1a: Weezing|Will-O-Wisp|p2a: Runerigus
|-status|p2a: Runerigus|brn
|move|p2a: Runerigus|Stealth Rock|p1a: Weezing
|-sidestart|p1: Nultiprise|move: Stealth Rock
|
|-heal|p1a: Weezing|12/100 brn|[from] item: Black Sludge
|-damage|p1a: Weezing|6/100 brn|[from] brn
|-damage|p2a: Runerigus|94/100 brn|[from] brn
|upkeep
|turn|39
|
|t:|1668185032
|switch|p1a: Arctovish|Arctovish|21/100 brn
|-damage|p1a: Arctovish|0 fnt|[from] Stealth Rock
|faint|p1a: Arctovish
|move|p2a: Runerigus|Poltergeist|p1: Arctovish|[notarget]
|-fail|p2a: Runerigus
|
|-heal|p2a: Runerigus|100/100 brn|[from] item: Leftovers
|-damage|p2a: Runerigus|94/100 brn|[from] brn
|upkeep
|
|t:|1668185035
|switch|p1a: Runerigus|Runerigus, M|62/100
|-damage|p1a: Runerigus|56/100|[from] Stealth Rock
|turn|40
|
|t:|1668185040
|move|p1a: Runerigus|Poltergeist|p2a: Runerigus
|-activate|p2a: Runerigus|move: Poltergeist|Leftovers
|-supereffective|p2a: Runerigus
|-damage|p2a: Runerigus|35/100 brn
|move|p2a: Runerigus|Will-O-Wisp|p1a: Runerigus|[miss]
|-miss|p2a: Runerigus|p1a: Runerigus
|
|-heal|p2a: Runerigus|42/100 brn|[from] item: Leftovers
|-heal|p1a: Runerigus|62/100|[from] item: Leftovers
|-damage|p2a: Runerigus|35/100 brn|[from] brn
|upkeep
|turn|41
|c|☆BTLT200$ SF'|gg
|
|t:|1668185047
|move|p2a: Runerigus|Rest|p2a: Runerigus
|-status|p2a: Runerigus|slp|[from] move: Rest
|-heal|p2a: Runerigus|100/100 slp|[silent]
|move|p1a: Runerigus|Poltergeist|p2a: Runerigus
|-activate|p2a: Runerigus|move: Poltergeist|Leftovers
|-supereffective|p2a: Runerigus
|-damage|p2a: Runerigus|44/100 slp
|
|-heal|p1a: Runerigus|68/100|[from] item: Leftovers
|-heal|p2a: Runerigus|50/100 slp|[from] item: Leftovers
|upkeep
|turn|42
|
|t:|1668185052
|switch|p2a: Zarude|Zarude-Dada|66/100
|-status|p2a: Zarude|tox
|move|p1a: Runerigus|Poltergeist|p2a: Zarude
|-activate|p2a: Zarude|move: Poltergeist|Rocky Helmet
|-resisted|p2a: Zarude
|-damage|p2a: Zarude|56/100 tox
|
|-heal|p1a: Runerigus|74/100|[from] item: Leftovers
|-damage|p2a: Zarude|50/100 tox|[from] psn
|upkeep
|turn|43
|
|t:|1668185058
|switch|p1a: Weezing|Weezing-Galar, F|6/100 brn
|-damage|p1a: Weezing|0 fnt|[from] Stealth Rock
|faint|p1a: Weezing
|move|p2a: Zarude|Jungle Healing|p2a: Zarude
|-heal|p2a: Zarude|74/100 tox
|-curestatus|p2a: Zarude|tox|[msg]
|
|upkeep
|c|☆Nultiprise|gg
|-message|Nultiprise forfeited.
|
|win|BTLT200$ SF'
|l|☆Nultiprise
|l|☆BTLT200$ SF'
|j|☆BTLT200$ SF'
|player|p2|BTLT200$ SF'|palmer
