|j|☆LECH24
|j|☆akarihikari
|t:|1654577300
|gametype|singles
|player|p1|LECH24|1|1604
|player|p2|akarihikari|dawn-gen4pt|1664
|teamsize|p1|6
|teamsize|p2|6
|gen|8
|tier|[Gen 8] OU
|rated|
|rule|Sleep Clause Mod: Limit one foe put to sleep
|rule|Species Clause: Limit one of each Pokémon
|rule|OHKO Clause: OHKO moves are banned
|rule|Evasion Moves Clause: Evasion moves are banned
|rule|Endless Battle Clause: Forcing endless battles is banned
|rule|HP Percentage Mod: HP is shown in percentages
|rule|Dynamax Clause: You cannot dynamax
|clearpoke
|poke|p1|Blacephalon|
|poke|p1|Tapu Lele|
|poke|p1|Heatran, F|
|poke|p1|Dragonite, F|
|poke|p1|Landorus-Therian, M|
|poke|p1|Clefable, F|
|poke|p2|Zapdos|
|poke|p2|Blissey, F|
|poke|p2|Kommo-o, M|
|poke|p2|Melmetal|
|poke|p2|Swampert, F|
|poke|p2|Bisharp, F|
|teampreview
|inactive|Battle timer is ON: inactive players will automatically lose when time's up. (requested by akarihikari)
|
|t:|1654577314
|start
|switch|p1a: Tapu Lele|Tapu Lele|100/100
|switch|p2a: Swampert|Swampert, F|100/100
|-fieldstart|move: Psychic Terrain|[from] ability: Psychic Surge|[of] p1a: Tapu Lele
|turn|1
|
|t:|1654577326
|switch|p2a: Blissey|Blissey, F|100/100
|move|p1a: Tapu Lele|Energy Ball|p2a: Blissey
|-damage|p2a: Blissey|87/100
|
|upkeep
|turn|2
|
|t:|1654577334
|switch|p1a: Heatran|Heatran, F|100/100
|move|p2a: Blissey|Thunder Wave|p1a: Heatran
|-status|p1a: Heatran|par
|
|upkeep
|turn|3
|
|t:|1654577343
|switch|p2a: Swampert|Swampert, F|100/100
|move|p1a: Heatran|Stealth Rock|p2a: Swampert
|-sidestart|p2: akarihikari|move: Stealth Rock
|
|upkeep
|turn|4
|
|t:|1654577349
|move|p2a: Swampert|Flip Turn|p1a: Heatran
|-supereffective|p1a: Heatran
|-damage|p1a: Heatran|59/100 par
|
|t:|1654577352
|switch|p2a: Zapdos|Zapdos|100/100|[from]move: Flip Turn
|move|p1a: Heatran|Toxic|p2a: Zapdos
|-status|p2a: Zapdos|tox
|
|-heal|p1a: Heatran|65/100 par|[from] item: Leftovers
|-damage|p2a: Zapdos|94/100 tox|[from] psn
|upkeep
|turn|5
|
|t:|1654577360
|move|p2a: Zapdos|Defog|p1a: Heatran
|-unboost|p1a: Heatran|evasion|1
|-sideend|p2: akarihikari|Stealth Rock|[from] move: Defog|[of] p2a: Zapdos
|-fieldend|move: Psychic Terrain
|move|p1a: Heatran|Taunt|p2a: Zapdos
|-start|p2a: Zapdos|move: Taunt
|
|-heal|p1a: Heatran|71/100 par|[from] item: Leftovers
|-damage|p2a: Zapdos|82/100 tox|[from] psn
|upkeep
|turn|6
|
|t:|1654577365
|switch|p2a: Swampert|Swampert, F|100/100
|switch|p1a: Landorus|Landorus-Therian, M|100/100
|-ability|p1a: Landorus|Intimidate|boost
|-unboost|p2a: Swampert|atk|1
|
|upkeep
|turn|7
|
|t:|1654577370
|move|p1a: Landorus|Toxic|p2a: Swampert
|-status|p2a: Swampert|tox
|move|p2a: Swampert|Toxic|p1a: Landorus|[miss]
|-miss|p2a: Swampert|p1a: Landorus
|
|-damage|p2a: Swampert|94/100 tox|[from] psn
|upkeep
|turn|8
|
|t:|1654577377
|move|p1a: Landorus|U-turn|p2a: Swampert
|-damage|p2a: Swampert|80/100 tox
|-damage|p1a: Landorus|84/100|[from] item: Rocky Helmet|[of] p2a: Swampert
|
|t:|1654577379
|switch|p1a: Clefable|Clefable, F|100/100|[from]move: U-turn
|move|p2a: Swampert|Stealth Rock|p1a: Clefable
|-sidestart|p1: LECH24|move: Stealth Rock
|
|-damage|p2a: Swampert|67/100 tox|[from] psn
|upkeep
|turn|9
|
|t:|1654577387
|switch|p1a: Tapu Lele|Tapu Lele|100/100
|-damage|p1a: Tapu Lele|88/100|[from] Stealth Rock
|-fieldstart|move: Psychic Terrain|[from] ability: Psychic Surge|[of] p1a: Tapu Lele
|move|p2a: Swampert|Flip Turn|p1a: Tapu Lele
|-damage|p1a: Tapu Lele|71/100
|
|t:|1654577392
|switch|p2a: Melmetal|Melmetal|100/100|[from]move: Flip Turn
|
|upkeep
|turn|10
|
|t:|1654577402
|move|p1a: Tapu Lele|Focus Blast|p2a: Melmetal
|-supereffective|p2a: Melmetal
|-damage|p2a: Melmetal|42/100
|move|p2a: Melmetal|Double Iron Bash|p1a: Tapu Lele
|-supereffective|p1a: Tapu Lele
|-damage|p1a: Tapu Lele|0 fnt
|faint|p1a: Tapu Lele
|-hitcount|p1: Tapu Lele|1
|
|upkeep
|
|t:|1654577418
|switch|p1a: Blacephalon|Blacephalon|100/100
|-damage|p1a: Blacephalon|76/100|[from] Stealth Rock
|turn|11
|
|t:|1654577424
|switch|p2a: Blissey|Blissey, F|87/100
|move|p1a: Blacephalon|Trick|p2a: Blissey
|-activate|p1a: Blacephalon|move: Trick|[of] p2a: Blissey
|-item|p2a: Blissey|Choice Specs|[from] move: Trick
|-item|p1a: Blacephalon|Heavy-Duty Boots|[from] move: Trick
|
|upkeep
|turn|12
|
|t:|1654577434
|move|p1a: Blacephalon|Dark Pulse|p2a: Blissey
|-damage|p2a: Blissey|76/100
|move|p2a: Blissey|Thunder Wave|p1a: Blacephalon
|-status|p1a: Blacephalon|par
|
|upkeep
|turn|13
|
|t:|1654577455
|switch|p1a: Landorus|Landorus-Therian, M|84/100
|-damage|p1a: Landorus|72/100|[from] Stealth Rock
|-ability|p1a: Landorus|Intimidate|boost
|-unboost|p2a: Blissey|atk|1
|move|p2a: Blissey|Thunder Wave|p1a: Landorus
|-immune|p1a: Landorus
|
|-heal|p1a: Landorus|78/100|[from] item: Leftovers
|-fieldend|move: Psychic Terrain
|upkeep
|turn|14
|
|t:|1654577465
|switch|p2a: Swampert|Swampert, F|67/100 tox
|move|p1a: Landorus|U-turn|p2a: Swampert
|-damage|p2a: Swampert|54/100 tox
|-damage|p1a: Landorus|61/100|[from] item: Rocky Helmet|[of] p2a: Swampert
|
|t:|1654577480
|switch|p1a: Blacephalon|Blacephalon|76/100 par|[from]move: U-turn
|
|-damage|p2a: Swampert|48/100 tox|[from] psn
|upkeep
|turn|15
|
|t:|1654577487
|move|p1a: Blacephalon|Psychic|p2a: Swampert
|-damage|p2a: Swampert|13/100 tox
|move|p2a: Swampert|Earthquake|p1a: Blacephalon
|-supereffective|p1a: Blacephalon
|-damage|p1a: Blacephalon|0 fnt
|faint|p1a: Blacephalon
|
|-damage|p2a: Swampert|1/100 tox|[from] psn
|upkeep
|
|t:|1654577491
|switch|p1a: Dragonite|Dragonite, F|100/100
|turn|16
|j| LT_Alt1
|
|t:|1654577496
|move|p1a: Dragonite|Earthquake|p2a: Swampert
|-damage|p2a: Swampert|0 fnt
|faint|p2a: Swampert
|
|upkeep
|
|t:|1654577509
|switch|p2a: Melmetal|Melmetal|42/100
|turn|17
|
|t:|1654577511
|move|p1a: Dragonite|Earthquake|p2a: Melmetal
|-supereffective|p2a: Melmetal
|-damage|p2a: Melmetal|0 fnt
|faint|p2a: Melmetal
|
|upkeep
|
|t:|1654577520
|switch|p2a: Bisharp|Bisharp, F|100/100
|turn|18
|
|t:|1654577525
|move|p1a: Dragonite|Earthquake|p2a: Bisharp
|-supereffective|p2a: Bisharp
|-damage|p2a: Bisharp|18/100
|move|p2a: Bisharp|Swords Dance|p2a: Bisharp
|-boost|p2a: Bisharp|atk|2
|
|upkeep
|turn|19
|
|t:|1654577530
|move|p2a: Bisharp|Sucker Punch|p1a: Dragonite
|-damage|p1a: Dragonite|61/100
|move|p1a: Dragonite|Earthquake|p2a: Bisharp
|-supereffective|p2a: Bisharp
|-damage|p2a: Bisharp|0 fnt
|faint|p2a: Bisharp
|
|upkeep
|
|t:|1654577542
|switch|p2a: Blissey|Blissey, F|76/100
|turn|20
|
|t:|1654577546
|switch|p1a: Landorus|Landorus-Therian, M|61/100
|-damage|p1a: Landorus|49/100|[from] Stealth Rock
|-ability|p1a: Landorus|Intimidate|boost
|-unboost|p2a: Blissey|atk|1
|move|p2a: Blissey|Thunder Wave|p1a: Landorus
|-immune|p1a: Landorus
|
|-heal|p1a: Landorus|55/100|[from] item: Leftovers
|upkeep
|turn|21
|
|t:|1654577553
|switch|p2a: Zapdos|Zapdos|82/100 tox
|move|p1a: Landorus|Psychic|p2a: Zapdos
|-damage|p2a: Zapdos|63/100 tox
|
|-heal|p1a: Landorus|61/100|[from] item: Leftovers
|-damage|p2a: Zapdos|57/100 tox|[from] psn
|upkeep
|turn|22
|
|t:|1654577566
|move|p2a: Zapdos|Discharge|p1a: Landorus
|-immune|p1a: Landorus
|move|p1a: Landorus|U-turn|p2a: Zapdos
|-resisted|p2a: Zapdos
|-damage|p2a: Zapdos|49/100 tox
|
|t:|1654577573
|switch|p1a: Dragonite|Dragonite, F|61/100|[from]move: U-turn
|
|-damage|p2a: Zapdos|37/100 tox|[from] psn
|upkeep
|turn|23
|
|t:|1654577578
|switch|p1a: Landorus|Landorus-Therian, M|61/100
|-damage|p1a: Landorus|49/100|[from] Stealth Rock
|-ability|p1a: Landorus|Intimidate|boost
|-unboost|p2a: Zapdos|atk|1
|move|p2a: Zapdos|Discharge|p1a: Landorus
|-immune|p1a: Landorus
|
|-heal|p1a: Landorus|55/100|[from] item: Leftovers
|-damage|p2a: Zapdos|19/100 tox|[from] psn
|upkeep
|turn|24
|
|t:|1654577581
|move|p2a: Zapdos|Heat Wave|p1a: Landorus|[miss]
|-miss|p2a: Zapdos|p1a: Landorus
|move|p1a: Landorus|Psychic|p2a: Zapdos
|-damage|p2a: Zapdos|1/100 tox
|
|-heal|p1a: Landorus|61/100|[from] item: Leftovers
|-damage|p2a: Zapdos|0 fnt|[from] psn
|faint|p2a: Zapdos
|upkeep
|
|t:|1654577584
|switch|p2a: Kommo-o|Kommo-o, M, shiny|100/100
|turn|25
|
|t:|1654577586
|move|p2a: Kommo-o|Clangorous Soul|p2a: Kommo-o
|-boost|p2a: Kommo-o|atk|1
|-boost|p2a: Kommo-o|def|1
|-boost|p2a: Kommo-o|spa|1
|-boost|p2a: Kommo-o|spd|1
|-boost|p2a: Kommo-o|spe|1
|-damage|p2a: Kommo-o|68/100
|-enditem|p2a: Kommo-o|Throat Spray
|-boost|p2a: Kommo-o|spa|1|[from] item: Throat Spray
|move|p1a: Landorus|Psychic|p2a: Kommo-o
|-supereffective|p2a: Kommo-o
|-damage|p2a: Kommo-o|37/100
|
|-heal|p1a: Landorus|67/100|[from] item: Leftovers
|upkeep
|turn|26
|
|t:|1654577593
|move|p2a: Kommo-o|Clanging Scales|p1a: Landorus
|-damage|p1a: Landorus|0 fnt
|faint|p1a: Landorus
|-unboost|p2a: Kommo-o|def|1
|
|upkeep
|
|t:|1654577596
|switch|p1a: Clefable|Clefable, F|100/100
|turn|27
|
|t:|1654577608
|move|p2a: Kommo-o|Boomburst|p1a: Clefable
|-damage|p1a: Clefable|27/100
|move|p1a: Clefable|Stored Power|p2a: Kommo-o
|-supereffective|p2a: Kommo-o
|-damage|p2a: Kommo-o|31/100
|
|-heal|p1a: Clefable|33/100|[from] item: Leftovers
|upkeep
|turn|28
|
|t:|1654577614
|move|p2a: Kommo-o|Boomburst|p1a: Clefable
|-damage|p1a: Clefable|0 fnt
|faint|p1a: Clefable
|
|upkeep
|
|t:|1654577617
|switch|p1a: Heatran|Heatran, F|71/100 par
|-damage|p1a: Heatran|59/100 par|[from] Stealth Rock
|turn|29
|
|t:|1654577621
|move|p2a: Kommo-o|Aura Sphere|p1a: Heatran
|-supereffective|p1a: Heatran
|-damage|p1a: Heatran|0 fnt
|faint|p1a: Heatran
|
|upkeep
|
|t:|1654577622
|switch|p1a: Dragonite|Dragonite, F|61/100
|turn|30
|
|t:|1654577624
|move|p2a: Kommo-o|Clanging Scales|p1a: Dragonite
|-supereffective|p1a: Dragonite
|-damage|p1a: Dragonite|0 fnt
|faint|p1a: Dragonite
|
|win|akarihikari
|raw|LECH24's rating: 1604 &rarr; <strong>1587</strong><br />(-17 for losing)
|raw|akarihikari's rating: 1664 &rarr; <strong>1681</strong><br />(+17 for winning)
|c|☆LECH24|gg
|j| 07l中国大妈
