|j|☆Geenobe
|j|☆ChandosH
|t:|1667181515
|gametype|singles
|player|p1|Geenobe|1|1647
|player|p2|ChandosH|n-masters|1780
|teamsize|p1|6
|teamsize|p2|6
|gen|8
|tier|[Gen 8] OU
|rated|
|rule|Sleep Clause Mod: Limit one foe put to sleep
|rule|Species Clause: Limit one of each Pokémon
|rule|OHKO Clause: OHKO moves are banned
|rule|Evasion Items Clause: Evasion items are banned
|rule|Evasion Moves Clause: Evasion moves are banned
|rule|Endless Battle Clause: Forcing endless battles is banned
|rule|HP Percentage Mod: HP is shown in percentages
|rule|Dynamax Clause: You cannot dynamax
|clearpoke
|poke|p1|Pelipper, M|
|poke|p1|Tornadus-Therian, M|
|poke|p1|Barraskewda, M|
|poke|p1|Ferrothorn, M|
|poke|p1|Seismitoad, M|
|poke|p1|Crawdaunt, M|
|poke|p2|Toxapex, F|
|poke|p2|Skarmory, F|
|poke|p2|Clefable, M|
|poke|p2|Tapu Koko|
|poke|p2|Hippowdon, M|
|poke|p2|Reuniclus, M|
|teampreview
|inactive|Battle timer is ON: inactive players will automatically lose when time's up. (requested by Geenobe)
|
|t:|1667181537
|start
|switch|p1a: Pelipper|Pelipper, M|100/100
|switch|p2a: Reuniclus|Reuniclus, M|100/100
|-weather|RainDance|[from] ability: Drizzle|[of] p1a: Pelipper
|turn|1
|
|t:|1667181548
|move|p1a: Pelipper|U-turn|p2a: Reuniclus
|-supereffective|p2a: Reuniclus
|-damage|p2a: Reuniclus|88/100
|j| 333tiny
|inactive|Geenobe has 120 seconds left.
|
|t:|1667181579
|switch|p1a: Ferrothorn|Ferrothorn, M|100/100|[from]move: U-turn
|move|p2a: Reuniclus|Thunder|p1a: Ferrothorn
|-resisted|p1a: Ferrothorn
|-damage|p1a: Ferrothorn|89/100
|
|-weather|RainDance|[upkeep]
|-heal|p2a: Reuniclus|94/100|[from] item: Leftovers
|-heal|p1a: Ferrothorn|95/100|[from] item: Leftovers
|upkeep
|turn|2
|j| Ctannn
|
|t:|1667181595
|switch|p2a: Skarmory|Skarmory, F|100/100
|move|p1a: Ferrothorn|Knock Off|p2a: Skarmory
|-damage|p2a: Skarmory|88/100
|-damage|p1a: Ferrothorn|78/100|[from] item: Rocky Helmet|[of] p2a: Skarmory
|-enditem|p2a: Skarmory|Rocky Helmet|[from] move: Knock Off|[of] p1a: Ferrothorn
|
|-weather|RainDance|[upkeep]
|-heal|p1a: Ferrothorn|85/100|[from] item: Leftovers
|upkeep
|turn|3
|
|t:|1667181604
|switch|p1a: Seismitoad|Seismitoad, M|100/100
|move|p2a: Skarmory|Spikes|p1a: Seismitoad
|-sidestart|p1: Geenobe|Spikes
|
|-weather|RainDance|[upkeep]
|upkeep
|turn|4
|
|t:|1667181613
|switch|p2a: Hippowdon|Hippowdon, M|100/100
|-weather|Sandstorm|[from] ability: Sand Stream|[of] p2a: Hippowdon
|move|p1a: Seismitoad|Surf|p2a: Hippowdon
|-supereffective|p2a: Hippowdon
|-damage|p2a: Hippowdon|22/100
|-damage|p1a: Seismitoad|91/100|[from] item: Life Orb
|
|-weather|Sandstorm|[upkeep]
|-heal|p2a: Hippowdon|28/100|[from] item: Leftovers
|upkeep
|turn|5
|c|☆ChandosH|f
|c|☆ChandosH|lol
|inactive|ChandosH has 120 seconds left.
|
|t:|1667181665
|switch|p2a: Reuniclus|Reuniclus, M|94/100
|move|p1a: Seismitoad|Surf|p2a: Reuniclus
|-damage|p2a: Reuniclus|46/100
|-damage|p1a: Seismitoad|81/100|[from] item: Life Orb
|
|-weather|Sandstorm|[upkeep]
|-heal|p2a: Reuniclus|52/100|[from] item: Leftovers
|upkeep
|turn|6
|
|t:|1667181689
|switch|p1a: Pelipper|Pelipper, M|100/100
|-weather|RainDance|[from] ability: Drizzle|[of] p1a: Pelipper
|move|p2a: Reuniclus|Recover|p2a: Reuniclus
|-heal|p2a: Reuniclus|100/100
|
|-weather|RainDance|[upkeep]
|upkeep
|turn|7
|
|t:|1667181704
|move|p1a: Pelipper|U-turn|p2a: Reuniclus
|-supereffective|p2a: Reuniclus
|-damage|p2a: Reuniclus|87/100
|
|t:|1667181708
|switch|p1a: Ferrothorn|Ferrothorn, M|85/100|[from]move: U-turn
|-damage|p1a: Ferrothorn|72/100|[from] Spikes
|move|p2a: Reuniclus|Thunder|p1a: Ferrothorn
|-resisted|p1a: Ferrothorn
|-damage|p1a: Ferrothorn|60/100
|
|-weather|RainDance|[upkeep]
|-heal|p2a: Reuniclus|93/100|[from] item: Leftovers
|-heal|p1a: Ferrothorn|67/100|[from] item: Leftovers
|upkeep
|turn|8
|
|t:|1667181721
|switch|p2a: Hippowdon|Hippowdon, M|28/100
|-weather|Sandstorm|[from] ability: Sand Stream|[of] p2a: Hippowdon
|move|p1a: Ferrothorn|Power Whip|p2a: Hippowdon
|-supereffective|p2a: Hippowdon
|-damage|p2a: Hippowdon|0 fnt
|faint|p2a: Hippowdon
|
|-weather|Sandstorm|[upkeep]
|-heal|p1a: Ferrothorn|73/100|[from] item: Leftovers
|upkeep
|
|t:|1667181742
|switch|p2a: Clefable|Clefable, M|100/100
|turn|9
|
|t:|1667181755
|switch|p1a: Pelipper|Pelipper, M|100/100
|-weather|RainDance|[from] ability: Drizzle|[of] p1a: Pelipper
|move|p2a: Clefable|Calm Mind|p2a: Clefable
|-boost|p2a: Clefable|spa|1
|-boost|p2a: Clefable|spd|1
|
|-weather|RainDance|[upkeep]
|upkeep
|turn|10
|
|t:|1667181769
|switch|p1a: Seismitoad|Seismitoad, M|81/100
|-damage|p1a: Seismitoad|68/100|[from] Spikes
|move|p2a: Clefable|Moonblast|p1a: Seismitoad
|-damage|p1a: Seismitoad|6/100
|
|-weather|RainDance|[upkeep]
|upkeep
|turn|11
|
|t:|1667181777
|move|p1a: Seismitoad|Weather Ball|p2a: Clefable
|-damage|p2a: Clefable|49/100
|-damage|p1a: Seismitoad|0 fnt|[from] item: Life Orb
|faint|p1a: Seismitoad
|move|p2a: Clefable|Soft-Boiled|p2a: Clefable
|-heal|p2a: Clefable|99/100
|
|-weather|RainDance|[upkeep]
|-heal|p2a: Clefable|100/100|[from] item: Leftovers
|upkeep
|
|t:|1667181783
|switch|p1a: Crawdaunt|Crawdaunt, M|100/100
|-damage|p1a: Crawdaunt|88/100|[from] Spikes
|turn|12
|
|t:|1667181800
|switch|p2a: Toxapex|Toxapex, F|100/100
|move|p1a: Crawdaunt|Crabhammer|p2a: Toxapex
|-resisted|p2a: Toxapex
|-damage|p2a: Toxapex|57/100
|-damage|p1a: Crawdaunt|72/100|[from] item: Rocky Helmet|[of] p2a: Toxapex
|-damage|p1a: Crawdaunt|62/100|[from] item: Life Orb
|
|-weather|RainDance|[upkeep]
|upkeep
|turn|13
|
|t:|1667181812
|switch|p2a: Skarmory|Skarmory, F|88/100
|move|p1a: Crawdaunt|Swords Dance|p1a: Crawdaunt
|-boost|p1a: Crawdaunt|atk|2
|
|-weather|RainDance|[upkeep]
|upkeep
|turn|14
|
|t:|1667181821
|move|p1a: Crawdaunt|Crabhammer|p2a: Skarmory
|-crit|p2a: Skarmory
|-damage|p2a: Skarmory|0 fnt
|faint|p2a: Skarmory
|-damage|p1a: Crawdaunt|52/100|[from] item: Life Orb
|
|-weather|RainDance|[upkeep]
|upkeep
|inactive|ChandosH has 90 seconds left.
|
|t:|1667181854
|switch|p2a: Tapu Koko|Tapu Koko|100/100
|-fieldstart|move: Electric Terrain|[from] ability: Electric Surge|[of] p2a: Tapu Koko
|turn|15
|
|t:|1667181859
|switch|p2a: Toxapex|Toxapex, F|90/100
|move|p1a: Crawdaunt|Aqua Jet|p2a: Toxapex
|-resisted|p2a: Toxapex
|-damage|p2a: Toxapex|54/100
|-damage|p1a: Crawdaunt|36/100|[from] item: Rocky Helmet|[of] p2a: Toxapex
|-damage|p1a: Crawdaunt|26/100|[from] item: Life Orb
|
|-weather|RainDance|[upkeep]
|upkeep
|turn|16
|inactive|ChandosH has 90 seconds left.
|
|t:|1667181895
|switch|p2a: Clefable|Clefable, M|100/100
|move|p1a: Crawdaunt|Crabhammer|p2a: Clefable
|-damage|p2a: Clefable|0 fnt
|faint|p2a: Clefable
|-damage|p1a: Crawdaunt|16/100|[from] item: Life Orb
|
|-weather|none
|upkeep
|inactive|ChandosH has 60 seconds left.
|
|t:|1667181910
|switch|p2a: Tapu Koko|Tapu Koko|100/100
|turn|17
|
|t:|1667181919
|move|p2a: Tapu Koko|Thunderbolt|p1a: Crawdaunt
|-supereffective|p1a: Crawdaunt
|-damage|p1a: Crawdaunt|0 fnt
|faint|p1a: Crawdaunt
|
|upkeep
|
|t:|1667181927
|switch|p1a: Ferrothorn|Ferrothorn, M|73/100
|-damage|p1a: Ferrothorn|60/100|[from] Spikes
|turn|18
|
|t:|1667181935
|switch|p1a: Pelipper|Pelipper, M|100/100
|-weather|RainDance|[from] ability: Drizzle|[of] p1a: Pelipper
|move|p2a: Tapu Koko|Volt Switch|p1a: Pelipper
|-supereffective|p1a: Pelipper
|-damage|p1a: Pelipper|0 fnt
|faint|p1a: Pelipper
|l| Ctannn
|c|☆ChandosH|Sweet
|inactive|ChandosH has 60 seconds left.
|
|t:|1667181960
|switch|p2a: Reuniclus|Reuniclus, M|93/100|[from]move: Volt Switch
|
|-weather|RainDance|[upkeep]
|-heal|p2a: Reuniclus|99/100|[from] item: Leftovers
|upkeep
|
|t:|1667181967
|switch|p1a: Barraskewda|Barraskewda, M|100/100
|-damage|p1a: Barraskewda|88/100|[from] Spikes
|turn|19
|
|t:|1667181975
|switch|p2a: Toxapex|Toxapex, F|87/100
|move|p1a: Barraskewda|Liquidation|p2a: Toxapex
|-resisted|p2a: Toxapex
|-damage|p2a: Toxapex|58/100
|-damage|p1a: Barraskewda|72/100|[from] item: Rocky Helmet|[of] p2a: Toxapex
|
|-weather|RainDance|[upkeep]
|-fieldend|move: Electric Terrain
|upkeep
|turn|20
|
|t:|1667181983
|switch|p1a: Tornadus|Tornadus-Therian, M|100/100
|move|p2a: Toxapex|Recover|p2a: Toxapex
|-heal|p2a: Toxapex|100/100
|
|-weather|RainDance|[upkeep]
|upkeep
|turn|21
|inactive|ChandosH has 60 seconds left.
|
|t:|1667182029
|switch|p2a: Tapu Koko|Tapu Koko|100/100
|-fieldstart|move: Electric Terrain|[from] ability: Electric Surge|[of] p2a: Tapu Koko
|move|p1a: Tornadus|Nasty Plot|p1a: Tornadus
|-boost|p1a: Tornadus|spa|2
|
|-weather|RainDance|[upkeep]
|upkeep
|turn|22
|
|t:|1667182047
|move|p2a: Tapu Koko|Thunderbolt|p1a: Tornadus
|-supereffective|p1a: Tornadus
|-damage|p1a: Tornadus|0 fnt
|faint|p1a: Tornadus
|
|-weather|RainDance|[upkeep]
|upkeep
|
|t:|1667182050
|switch|p1a: Barraskewda|Barraskewda, M|72/100
|-damage|p1a: Barraskewda|60/100|[from] Spikes
|turn|23
|
|t:|1667182056
|switch|p2a: Toxapex|Toxapex, F|100/100
|move|p1a: Barraskewda|Flip Turn|p2a: Toxapex
|-resisted|p2a: Toxapex
|-damage|p2a: Toxapex|79/100
|-damage|p1a: Barraskewda|43/100|[from] item: Rocky Helmet|[of] p2a: Toxapex
|-message|Geenobe forfeited.
|
|win|ChandosH
|raw|Geenobe's rating: 1647 &rarr; <strong>1634</strong><br />(-13 for losing)
|raw|ChandosH's rating: 1780 &rarr; <strong>1793</strong><br />(+13 for winning)
|l|☆Geenobe
||Ladder isn't responding, score probably updated but might not have (Request timeout).
|l| 333tiny
