|j|☆Stunfisk2140
|j|☆GwentheGarde
|inactive|Battle timer is ON: inactive players will automatically lose when time's up.
|t:|1648368240
|gametype|singles
|player|p1|Stunfisk2140|169|
|player|p2|GwentheGarde|jasmine|
|teamsize|p1|6
|teamsize|p2|6
|gen|8
|tier|[Gen 8] OU
|rated|Tournament battle
|rule|Sleep Clause Mod: Limit one foe put to sleep
|rule|Species Clause: Limit one of each Pokémon
|rule|OHKO Clause: OHKO moves are banned
|rule|Evasion Moves Clause: Evasion moves are banned
|rule|Endless Battle Clause: Forcing endless battles is banned
|rule|HP Percentage Mod: HP is shown in percentages
|rule|Dynamax Clause: You cannot dynamax
|clearpoke
|poke|p1|Kyurem|
|poke|p1|Nidoking, M|
|poke|p1|Melmetal|
|poke|p1|Zapdos-Galar|
|poke|p1|Ribombee, M|
|poke|p1|Tyranitar, F|
|poke|p2|Mamoswine, M|
|poke|p2|Garchomp, M|
|poke|p2|Starmie|
|poke|p2|Slowbro, F|
|poke|p2|Buzzwole|
|poke|p2|Ninetales, M|
|teampreview
|inactive|GwentheGarde also wants the timer to be on.
|j| Freezerman
|c|☆Stunfisk2140|Glhf
|c|☆GwentheGarde|yt
|
|t:|1648368257
|start
|switch|p1a: Juniper|Ribombee, M|100/100
|switch|p2a: Chinese|Mamoswine, M|100/100
|turn|1
|j| Echo2615
|
|t:|1648368267
|move|p1a: Juniper|Sticky Web|p2a: Chinese
|-sidestart|p2: GwentheGarde|move: Sticky Web
|move|p2a: Chinese|Heavy Slam|p1a: Juniper
|-supereffective|p1a: Juniper
|-enditem|p1a: Juniper|Focus Sash
|-damage|p1a: Juniper|1/100
|
|upkeep
|turn|2
|
|t:|1648368291
|move|p2a: Chinese|Ice Shard|p1a: Juniper
|-damage|p1a: Juniper|0 fnt
|faint|p1a: Juniper
|
|upkeep
|
|t:|1648368300
|switch|p1a: Thicc birb|Zapdos-Galar|100/100
|turn|3
|
|t:|1648368311
|switch|p2a: Stabb-O|Garchomp, M|100/100
|-activate|p2a: Stabb-O|move: Sticky Web
|-unboost|p2a: Stabb-O|spe|1
|move|p1a: Thicc birb|Thunderous Kick|p2a: Stabb-O
|-damage|p2a: Stabb-O|70/100
|-unboost|p2a: Stabb-O|def|1
|-damage|p1a: Thicc birb|88/100|[from] ability: Rough Skin|[of] p2a: Stabb-O
|-damage|p1a: Thicc birb|72/100|[from] item: Rocky Helmet|[of] p2a: Stabb-O
|
|-heal|p1a: Thicc birb|78/100|[from] item: Leftovers
|upkeep
|turn|4
|j| IJustGotLucky
|
|t:|1648368330
|move|p1a: Thicc birb|Bulk Up|p1a: Thicc birb
|-boost|p1a: Thicc birb|atk|1
|-boost|p1a: Thicc birb|def|1
|move|p2a: Stabb-O|Stealth Rock|p1a: Thicc birb
|-sidestart|p1: Stunfisk2140|move: Stealth Rock
|
|-heal|p1a: Thicc birb|84/100|[from] item: Leftovers
|upkeep
|turn|5
|j| arnavgupta
|l| IJustGotLucky
|j| Chingchingwingwing
|
|t:|1648368343
|move|p1a: Thicc birb|Brave Bird|p2a: Stabb-O
|-damage|p2a: Stabb-O|0 fnt
|-damage|p1a: Thicc birb|72/100|[from] ability: Rough Skin|[of] p2a: Stabb-O
|-damage|p1a: Thicc birb|55/100|[from] item: Rocky Helmet|[of] p2a: Stabb-O
|faint|p2a: Stabb-O
|-damage|p1a: Thicc birb|25/100|[from] Recoil
|
|-heal|p1a: Thicc birb|31/100|[from] item: Leftovers
|upkeep
|
|t:|1648368352
|switch|p2a: Slowbro|Slowbro, F|100/100
|-activate|p2a: Slowbro|move: Sticky Web
|-unboost|p2a: Slowbro|spe|1
|turn|6
|j| x90191
|
|t:|1648368361
|switch|p1a: Kyurem|Kyurem|100/100
|-ability|p1a: Kyurem|Pressure
|move|p2a: Slowbro|Scald|p1a: Kyurem
|-resisted|p1a: Kyurem
|-damage|p1a: Kyurem|89/100
|
|upkeep
|turn|7
|
|t:|1648368376
|move|p1a: Kyurem|Substitute|p1a: Kyurem
|-start|p1a: Kyurem|Substitute
|-damage|p1a: Kyurem|64/100
|move|p2a: Slowbro|Body Press|p1a: Kyurem
|-supereffective|p1a: Kyurem
|-end|p1a: Kyurem|Substitute
|
|upkeep
|turn|8
|
|t:|1648368388
|move|p1a: Kyurem|Freeze-Dry|p2a: Slowbro
|-supereffective|p2a: Slowbro
|-damage|p2a: Slowbro|22/100
|move|p2a: Slowbro|Body Press|p1a: Kyurem
|-supereffective|p1a: Kyurem
|-damage|p1a: Kyurem|14/100
|
|-heal|p2a: Slowbro|28/100|[from] item: Leftovers
|upkeep
|turn|9
|
|t:|1648368417
|switch|p2a: Chinese|Mamoswine, M|100/100
|-activate|p2a: Chinese|move: Sticky Web
|-unboost|p2a: Chinese|spe|1
|move|p1a: Kyurem|Earth Power|p2a: Chinese
|-damage|p2a: Chinese|76/100
|
|upkeep
|turn|10
|l| Echo2615
|
|t:|1648368436
|switch|p1a: Thicc birb|Zapdos-Galar|31/100
|-damage|p1a: Thicc birb|19/100|[from] Stealth Rock
|move|p2a: Chinese|Earthquake|p1a: Thicc birb
|-immune|p1a: Thicc birb
|
|-heal|p1a: Thicc birb|25/100|[from] item: Leftovers
|upkeep
|turn|11
|j| GGFishIssue
|
|t:|1648368446
|switch|p1a: Big Guy|Melmetal|100/100
|-damage|p1a: Big Guy|94/100|[from] Stealth Rock
|move|p2a: Chinese|Ice Shard|p1a: Big Guy
|-resisted|p1a: Big Guy
|-damage|p1a: Big Guy|87/100
|
|upkeep
|turn|12
|j|%Mimikyu Stardust
|
|t:|1648368454
|switch|p2a: Slowbro|Slowbro, F|62/100
|-activate|p2a: Slowbro|move: Sticky Web
|-unboost|p2a: Slowbro|spe|1
|move|p1a: Big Guy|Double Iron Bash|p2a: Slowbro
|-resisted|p2a: Slowbro
|-damage|p2a: Slowbro|41/100
|-resisted|p2a: Slowbro
|-damage|p2a: Slowbro|21/100
|-hitcount|p2a: Slowbro|2
|
|-heal|p2a: Slowbro|27/100|[from] item: Leftovers
|upkeep
|turn|13
|j| Echo2615
|
|t:|1648368469
|move|p1a: Big Guy|Double Iron Bash|p2a: Slowbro
|-resisted|p2a: Slowbro
|-damage|p2a: Slowbro|7/100
|-resisted|p2a: Slowbro
|-damage|p2a: Slowbro|0 fnt
|faint|p2a: Slowbro
|-hitcount|p2: Slowbro|2
|
|upkeep
|
|t:|1648368472
|switch|p2a: Starmie|Starmie|100/100
|-activate|p2a: Starmie|move: Sticky Web
|-unboost|p2a: Starmie|spe|1
|turn|14
|
|t:|1648368481
|move|p2a: Starmie|Rapid Spin|p1a: Big Guy
|-resisted|p1a: Big Guy
|-damage|p1a: Big Guy|84/100
|-boost|p2a: Starmie|spe|1
|-sideend|p2: GwentheGarde|Sticky Web|[from] move: Rapid Spin|[of] p2a: Starmie
|-damage|p2a: Starmie|91/100|[from] item: Life Orb
|move|p1a: Big Guy|Double Iron Bash|p2a: Starmie
|-resisted|p2a: Starmie
|-damage|p2a: Starmie|43/100
|-resisted|p2a: Starmie
|-crit|p2a: Starmie
|-damage|p2a: Starmie|0 fnt
|faint|p2a: Starmie
|-hitcount|p2: Starmie|2
|
|upkeep
|
|t:|1648368501
|switch|p2a: Buzzwole|Buzzwole|100/100
|turn|15
|
|t:|1648368509
|switch|p1a: Thicc birb|Zapdos-Galar|25/100
|-damage|p1a: Thicc birb|12/100|[from] Stealth Rock
|move|p2a: Buzzwole|Drain Punch|p1a: Thicc birb
|-resisted|p1a: Thicc birb
|-damage|p1a: Thicc birb|0 fnt
|faint|p1a: Thicc birb
|-ability|p2a: Buzzwole|Beast Boost|boost
|-boost|p2a: Buzzwole|atk|1
|
|upkeep
|
|t:|1648368521
|switch|p1a: Nidoking|Nidoking, M|100/100
|-damage|p1a: Nidoking|95/100|[from] Stealth Rock
|turn|16
|
|t:|1648368533
|move|p1a: Nidoking|Flamethrower|p2a: Buzzwole
|-supereffective|p2a: Buzzwole
|-damage|p2a: Buzzwole|50/100
|-damage|p1a: Nidoking|85/100|[from] item: Life Orb
|move|p2a: Buzzwole|Ice Punch|p1a: Nidoking
|-supereffective|p1a: Nidoking
|-damage|p1a: Nidoking|0 fnt
|faint|p1a: Nidoking
|-ability|p2a: Buzzwole|Beast Boost|boost
|-boost|p2a: Buzzwole|atk|1
|
|upkeep
|
|t:|1648368549
|switch|p1a: Kyurem|Kyurem|14/100
|-ability|p1a: Kyurem|Pressure
|turn|17
|c|☆GwentheGarde|think thats gg?
|c|☆GwentheGarde|ahh
|c|☆GwentheGarde|dudy boots
|
|t:|1648368560
|move|p1a: Kyurem|Freeze-Dry|p2a: Buzzwole
|-damage|p2a: Buzzwole|18/100
|move|p2a: Buzzwole|Drain Punch|p1a: Kyurem
|-supereffective|p1a: Kyurem
|-damage|p1a: Kyurem|0 fnt
|-heal|p2a: Buzzwole|24/100|[from] drain|[of] p1a: Kyurem
|faint|p1a: Kyurem
|-ability|p2a: Buzzwole|Beast Boost|boost
|-boost|p2a: Buzzwole|atk|1
|
|upkeep
|
|t:|1648368572
|switch|p1a: Big Guy|Melmetal|84/100
|-damage|p1a: Big Guy|78/100|[from] Stealth Rock
|turn|18
|c| arnavgupta|no beam or meteor ?
|c|☆Stunfisk2140|Ig so
|c| arnavgupta|thats sad
|
|t:|1648368580
|move|p2a: Buzzwole|Drain Punch|p1a: Big Guy
|-supereffective|p1a: Big Guy
|-damage|p1a: Big Guy|0 fnt
|-heal|p2a: Buzzwole|63/100|[from] drain|[of] p1a: Big Guy
|faint|p1a: Big Guy
|-ability|p2a: Buzzwole|Beast Boost|boost
|-boost|p2a: Buzzwole|atk|1
|
|upkeep
|l| arnavgupta
|-message|Stunfisk2140 forfeited.
|
|win|GwentheGarde
|n|☆Stunfisk2140|stunfisk2140
|n|☆GwentheGarde|gwenthegarde
|n| Freezerman|freezerman
|n| Chingchingwingwing|chingchingwingwing
|n| x90191|x90191
|n| GGFishIssue|ggfishissue
|n| Mimikyu Stardust|mimikyustardust
|n| Echo2615|echo2615
|l|☆Stunfisk2140
|l|☆GwentheGarde
|l| x90191
|l| Echo2615
|l| Chingchingwingwing
|l| Mimikyu Stardust
|l| Freezerman
|j|☆Stunfisk2140
|player|p1|Stunfisk2140|169
|l|☆Stunfisk2140
|player|p1|
|j|☆Stunfisk2140
|player|p1|Stunfisk2140|169
