|j|☆JoJo Reference #10
|j|☆Justin UA
|t:|1650675582
|gametype|singles
|player|p1|JoJo Reference #10|red-gen2|1627
|player|p2|Justin UA|ethan|1641
|teamsize|p1|6
|teamsize|p2|6
|gen|8
|tier|[Gen 8] OU
|rated|
|rule|Sleep Clause Mod: Limit one foe put to sleep
|rule|Species Clause: Limit one of each Pokémon
|rule|OHKO Clause: OHKO moves are banned
|rule|Evasion Moves Clause: Evasion moves are banned
|rule|Endless Battle Clause: Forcing endless battles is banned
|rule|HP Percentage Mod: HP is shown in percentages
|rule|Dynamax Clause: You cannot dynamax
|clearpoke
|poke|p1|Victini|
|poke|p1|Jirachi|
|poke|p1|Mamoswine, M|
|poke|p1|Blacephalon|
|poke|p1|Gyarados, F|
|poke|p1|Indeedee, M|
|poke|p2|Dragapult, F|
|poke|p2|Urshifu-*, M|
|poke|p2|Tapu Lele|
|poke|p2|Toxapex, M|
|poke|p2|Corviknight, F|
|poke|p2|Landorus-Therian, M|
|teampreview
|inactive|Battle timer is ON: inactive players will automatically lose when time's up. (requested by Justin UA)
|
|t:|1650675605
|start
|switch|p1a: Blacephalon|Blacephalon|100/100
|switch|p2a: Urshifu|Urshifu-Rapid-Strike, M|100/100
|turn|1
|
|t:|1650675631
|move|p1a: Blacephalon|Shadow Ball|p2a: Urshifu
|-damage|p2a: Urshifu|28/100
|-unboost|p2a: Urshifu|spd|1
|move|p2a: Urshifu|Surging Strikes|p1a: Blacephalon
|-supereffective|p1a: Blacephalon
|-crit|p1a: Blacephalon
|-enditem|p1a: Blacephalon|Focus Sash
|-damage|p1a: Blacephalon|1/100
|-supereffective|p1a: Blacephalon
|-crit|p1a: Blacephalon
|-damage|p1a: Blacephalon|0 fnt
|faint|p1a: Blacephalon
|-hitcount|p1: Blacephalon|2
|
|upkeep
|
|t:|1650675640
|switch|p1a: Indeedee|Indeedee, M|100/100
|-fieldstart|move: Psychic Terrain|[from] ability: Psychic Surge|[of] p1a: Indeedee
|turn|2
|
|t:|1650675651
|switch|p2a: Corviknight|Corviknight, F|100/100
|-ability|p2a: Corviknight|Pressure
|move|p1a: Indeedee|Trick|p2a: Corviknight
|-activate|p1a: Indeedee|move: Trick|[of] p2a: Corviknight
|-item|p2a: Corviknight|Choice Scarf|[from] move: Trick
|-item|p1a: Indeedee|Leftovers|[from] move: Trick
|
|upkeep
|turn|3
|
|t:|1650675662
|move|p1a: Indeedee|Expanding Force|p2a: Corviknight
|-resisted|p2a: Corviknight
|-damage|p2a: Corviknight|71/100
|move|p2a: Corviknight|U-turn|p1a: Indeedee
|-supereffective|p1a: Indeedee
|-crit|p1a: Indeedee
|-damage|p1a: Indeedee|11/100
|
|t:|1650675674
|switch|p2a: Dragapult|Dragapult, F, shiny|100/100|[from]move: U-turn
|
|-heal|p1a: Indeedee|17/100|[from] item: Leftovers
|upkeep
|turn|4
|
|t:|1650675677
|move|p2a: Dragapult|Shadow Ball|p1a: Indeedee
|-immune|p1a: Indeedee
|move|p1a: Indeedee|Expanding Force|p2a: Dragapult
|-damage|p2a: Dragapult|2/100
|
|-heal|p1a: Indeedee|23/100|[from] item: Leftovers
|upkeep
|turn|5
|
|t:|1650675686
|switch|p2a: Corviknight|Corviknight, F|71/100
|-ability|p2a: Corviknight|Pressure
|move|p1a: Indeedee|Expanding Force|p2a: Corviknight
|-resisted|p2a: Corviknight
|-damage|p2a: Corviknight|39/100
|
|-heal|p1a: Indeedee|29/100|[from] item: Leftovers
|upkeep
|turn|6
|
|t:|1650675694
|move|p1a: Indeedee|Calm Mind|p1a: Indeedee
|-boost|p1a: Indeedee|spa|1
|-boost|p1a: Indeedee|spd|1
|move|p2a: Corviknight|U-turn|p1a: Indeedee
|-supereffective|p1a: Indeedee
|-damage|p1a: Indeedee|0 fnt
|faint|p1a: Indeedee
|
|t:|1650675705
|switch|p2a: Tapu Lele|Tapu Lele|100/100|[from]move: U-turn
|
|-fieldend|move: Psychic Terrain
|upkeep
|
|t:|1650675716
|switch|p1a: Jirachi|Jirachi|100/100
|turn|7
|
|t:|1650675722
|switch|p2a: Landorus|Landorus-Therian, M|100/100
|-ability|p2a: Landorus|Intimidate|boost
|-unboost|p1a: Jirachi|atk|1
|move|p1a: Jirachi|Cosmic Power|p1a: Jirachi
|-boost|p1a: Jirachi|def|1
|-boost|p1a: Jirachi|spd|1
|
|upkeep
|turn|8
|
|t:|1650675727
|switch|p2a: Toxapex|Toxapex, M|100/100
|move|p1a: Jirachi|Cosmic Power|p1a: Jirachi
|-boost|p1a: Jirachi|def|1
|-boost|p1a: Jirachi|spd|1
|
|upkeep
|turn|9
|
|t:|1650675731
|switch|p1a: Victini|Victini|100/100
|move|p2a: Toxapex|Haze|p2a: Toxapex
|-clearallboost
|
|upkeep
|turn|10
|
|t:|1650675735
|switch|p2a: Landorus|Landorus-Therian, M|100/100
|-ability|p2a: Landorus|Intimidate|boost
|-unboost|p1a: Victini|atk|1
|move|p1a: Victini|Final Gambit|p2a: Landorus
|-damage|p2a: Landorus|0 fnt
|faint|p1a: Victini
|faint|p2a: Landorus
|
|upkeep
|
|t:|1650675740
|switch|p1a: Mamoswine|Mamoswine, M|100/100
|switch|p2a: Tapu Lele|Tapu Lele|100/100
|-fieldstart|move: Psychic Terrain|[from] ability: Psychic Surge|[of] p2a: Tapu Lele
|turn|11
|
|t:|1650675745
|move|p2a: Tapu Lele|Psychic|p1a: Mamoswine
|-enditem|p1a: Mamoswine|Focus Sash
|-damage|p1a: Mamoswine|1/100
|move|p1a: Mamoswine|Icicle Crash|p2a: Tapu Lele
|-crit|p2a: Tapu Lele
|-damage|p2a: Tapu Lele|0 fnt
|faint|p2a: Tapu Lele
|
|upkeep
|
|t:|1650675751
|switch|p2a: Urshifu|Urshifu-Rapid-Strike, M|28/100
|turn|12
|
|t:|1650675755
|move|p2a: Urshifu|U-turn|p1a: Mamoswine
|-damage|p1a: Mamoswine|0 fnt
|faint|p1a: Mamoswine
|
|t:|1650675759
|switch|p2a: Dragapult|Dragapult, F, shiny|2/100|[from]move: U-turn
|
|upkeep
|
|t:|1650675762
|switch|p1a: Gyarados|Gyarados, F|100/100
|turn|13
|
|t:|1650675766
|move|p2a: Dragapult|Draco Meteor|p1a: Gyarados
|-damage|p1a: Gyarados|15/100
|-unboost|p2a: Dragapult|spa|2
|move|p1a: Gyarados|Dragon Dance|p1a: Gyarados
|-boost|p1a: Gyarados|atk|1
|-boost|p1a: Gyarados|spe|1
|
|upkeep
|turn|14
|
|t:|1650675775
|switch|p2a: Corviknight|Corviknight, F|39/100
|-ability|p2a: Corviknight|Pressure
|move|p1a: Gyarados|Waterfall|p2a: Corviknight
|-damage|p2a: Corviknight|2/100
|
|upkeep
|turn|15
|
|t:|1650675779
|move|p1a: Gyarados|Waterfall|p2a: Corviknight
|-damage|p2a: Corviknight|0 fnt
|faint|p2a: Corviknight
|-ability|p1a: Gyarados|Moxie|boost
|-boost|p1a: Gyarados|atk|1
|
|-fieldend|move: Psychic Terrain
|upkeep
|
|t:|1650675782
|switch|p2a: Toxapex|Toxapex, M|100/100
|turn|16
|
|t:|1650675808
|move|p1a: Gyarados|Earthquake|p2a: Toxapex
|-supereffective|p2a: Toxapex
|-damage|p2a: Toxapex|21/100
|move|p2a: Toxapex|Knock Off|p1a: Gyarados
|-damage|p1a: Gyarados|0 fnt
|-enditem|p1a: Gyarados|Heavy-Duty Boots|[from] move: Knock Off|[of] p2a: Toxapex
|faint|p1a: Gyarados
|
|-heal|p2a: Toxapex|27/100|[from] item: Black Sludge
|upkeep
|
|t:|1650675812
|switch|p1a: Jirachi|Jirachi|100/100
|turn|17
|
|t:|1650675821
|switch|p2a: Urshifu|Urshifu-Rapid-Strike, M|28/100
|move|p1a: Jirachi|Ancient Power|p2a: Urshifu
|-resisted|p2a: Urshifu
|-damage|p2a: Urshifu|18/100
|
|upkeep
|turn|18
|
|t:|1650675826
|move|p1a: Jirachi|Stored Power|p2a: Urshifu
|-supereffective|p2a: Urshifu
|-damage|p2a: Urshifu|0 fnt
|faint|p2a: Urshifu
|
|upkeep
|
|t:|1650675849
|switch|p2a: Dragapult|Dragapult, F, shiny|2/100
|turn|19
|
|t:|1650675853
|move|p2a: Dragapult|Shadow Ball|p1a: Jirachi
|-supereffective|p1a: Jirachi
|-damage|p1a: Jirachi|15/100
|-enditem|p1a: Jirachi|Weakness Policy
|-boost|p1a: Jirachi|atk|2|[from] item: Weakness Policy
|-boost|p1a: Jirachi|spa|2|[from] item: Weakness Policy
|move|p1a: Jirachi|Ancient Power|p2a: Dragapult
|-damage|p2a: Dragapult|0 fnt
|faint|p2a: Dragapult
|
|upkeep
|
|t:|1650675856
|switch|p2a: Toxapex|Toxapex, M|60/100
|turn|20
|
|t:|1650675860
|move|p1a: Jirachi|Stored Power|p2a: Toxapex
|-supereffective|p2a: Toxapex
|-damage|p2a: Toxapex|0 fnt
|faint|p2a: Toxapex
|
|win|JoJo Reference #10
|raw|JoJo Reference #10's rating: 1627 &rarr; <strong>1648</strong><br />(+21 for winning)
|raw|Justin UA's rating: 1641 &rarr; <strong>1620</strong><br />(-21 for losing)
|l|☆Justin UA
