|html|<div class="broadcast-blue"><strong>[Gen 8] OU is currently suspecting Melmetal! For information on how to participate check out the <a href="https://www.smogon.com/forums/threads/np-ss-ou-suspect-process-round-12-monster-mash.3709234/">suspect thread</a>.</strong></div>
|j|☆Elite4donovan
|j|☆ELO Guzzler
|t:|1666895218
|gametype|singles
|player|p1|Elite4donovan|lucas|1674
|player|p2|ELO Guzzler|swimmerf|1580
|teamsize|p1|6
|teamsize|p2|6
|gen|8
|tier|[Gen 8] OU
|rated|
|rule|Sleep Clause Mod: Limit one foe put to sleep
|rule|Species Clause: Limit one of each Pokémon
|rule|OHKO Clause: OHKO moves are banned
|rule|Evasion Items Clause: Evasion items are banned
|rule|Evasion Moves Clause: Evasion moves are banned
|rule|Endless Battle Clause: Forcing endless battles is banned
|rule|HP Percentage Mod: HP is shown in percentages
|rule|Dynamax Clause: You cannot dynamax
|clearpoke
|poke|p1|Luxray, M|
|poke|p1|Blacephalon|
|poke|p1|Rillaboom, F|
|poke|p1|Urshifu-*, M|
|poke|p1|Blissey, F|
|poke|p1|Landorus-Therian, M|
|poke|p2|Ribombee, M|
|poke|p2|Hawlucha, F|
|poke|p2|Rillaboom, F|
|poke|p2|Kartana|
|poke|p2|Nidoking, M|
|poke|p2|Blacephalon|
|teampreview
|inactive|Battle timer is ON: inactive players will automatically lose when time's up. (requested by ELO Guzzler)
|
|t:|1666895234
|start
|switch|p1a: Urshifu|Urshifu-Rapid-Strike, M|100/100
|switch|p2a: Ribombee|Ribombee, M|100/100
|turn|1
|
|t:|1666895240
|move|p1a: Urshifu|Surging Strikes|p2a: Ribombee
|-crit|p2a: Ribombee
|-damage|p2a: Ribombee|59/100
|-crit|p2a: Ribombee
|-damage|p2a: Ribombee|17/100
|-crit|p2a: Ribombee
|-damage|p2a: Ribombee|0 fnt
|faint|p2a: Ribombee
|-hitcount|p2: Ribombee|3
|
|upkeep
|
|t:|1666895245
|switch|p2a: Kartana|Kartana|100/100
|turn|2
|
|t:|1666895249
|switch|p1a: Landorus|Landorus-Therian, M|100/100
|-ability|p1a: Landorus|Intimidate|boost
|-unboost|p2a: Kartana|atk|1
|move|p2a: Kartana|Swords Dance|p2a: Kartana
|-boost|p2a: Kartana|atk|2
|
|upkeep
|turn|3
|j| Serek94
|
|t:|1666895262
|move|p2a: Kartana|Knock Off|p1a: Landorus
|-damage|p1a: Landorus|54/100
|-enditem|p1a: Landorus|Leftovers|[from] move: Knock Off|[of] p2a: Kartana
|move|p1a: Landorus|Earth Power|p2a: Kartana
|-damage|p2a: Kartana|0 fnt
|faint|p2a: Kartana
|
|upkeep
|c|☆ELO Guzzler|wat
|
|t:|1666895285
|switch|p2a: Blacephalon|Blacephalon|100/100
|turn|4
|
|t:|1666895290
|switch|p1a: Blissey|Blissey, F|100/100
|move|p2a: Blacephalon|Trick|p1a: Blissey
|-activate|p2a: Blacephalon|move: Trick|[of] p1a: Blissey
|-item|p1a: Blissey|Choice Scarf|[from] move: Trick
|-item|p2a: Blacephalon|Heavy-Duty Boots|[from] move: Trick
|
|upkeep
|turn|5
|
|t:|1666895298
|switch|p2a: Nidoking|Nidoking, M|100/100
|move|p1a: Blissey|Stealth Rock|p2a: Nidoking
|-sidestart|p2: ELO Guzzler|move: Stealth Rock
|
|upkeep
|turn|6
|
|t:|1666895305
|switch|p1a: Landorus|Landorus-Therian, M|54/100
|-ability|p1a: Landorus|Intimidate|boost
|-unboost|p2a: Nidoking|atk|1
|move|p2a: Nidoking|Ice Beam|p1a: Landorus
|-supereffective|p1a: Landorus
|-damage|p1a: Landorus|0 fnt
|faint|p1a: Landorus
|
|upkeep
|
|t:|1666895310
|switch|p1a: Blacephalon|Blacephalon|100/100
|turn|7
|
|t:|1666895317
|move|p1a: Blacephalon|Flamethrower|p2a: Nidoking
|-damage|p2a: Nidoking|0 fnt
|faint|p2a: Nidoking
|-ability|p1a: Blacephalon|Beast Boost|boost
|-boost|p1a: Blacephalon|spa|1
|
|upkeep
|
|t:|1666895320
|switch|p2a: Blacephalon|Blacephalon|100/100
|turn|8
|
|t:|1666895329
|switch|p1a: Urshifu|Urshifu-Rapid-Strike, M|100/100
|move|p2a: Blacephalon|Shadow Ball|p1a: Urshifu
|-damage|p1a: Urshifu|25/100
|
|upkeep
|turn|9
|
|t:|1666895334
|move|p1a: Urshifu|Surging Strikes|p2a: Blacephalon
|-supereffective|p2a: Blacephalon
|-crit|p2a: Blacephalon
|-damage|p2a: Blacephalon|13/100
|-supereffective|p2a: Blacephalon
|-crit|p2a: Blacephalon
|-damage|p2a: Blacephalon|0 fnt
|faint|p2a: Blacephalon
|-hitcount|p2: Blacephalon|2
|
|upkeep
|
|t:|1666895336
|switch|p2a: Rillaboom|Rillaboom, F|100/100
|-damage|p2a: Rillaboom|88/100|[from] Stealth Rock
|-fieldstart|move: Grassy Terrain|[from] ability: Grassy Surge|[of] p2a: Rillaboom
|turn|10
|
|t:|1666895344
|move|p2a: Rillaboom|Grassy Glide|p1a: Urshifu
|-supereffective|p1a: Urshifu
|-damage|p1a: Urshifu|0 fnt
|faint|p1a: Urshifu
|-damage|p2a: Rillaboom|78/100|[from] item: Life Orb
|
|-heal|p2a: Rillaboom|84/100|[from] Grassy Terrain
|upkeep
|
|t:|1666895347
|switch|p1a: Blacephalon|Blacephalon|100/100
|turn|11
|
|t:|1666895353
|move|p2a: Rillaboom|Grassy Glide|p1a: Blacephalon
|-resisted|p1a: Blacephalon
|-damage|p1a: Blacephalon|30/100
|-damage|p2a: Rillaboom|74/100|[from] item: Life Orb
|move|p1a: Blacephalon|Flamethrower|p2a: Rillaboom
|-supereffective|p2a: Rillaboom
|-damage|p2a: Rillaboom|0 fnt
|faint|p2a: Rillaboom
|-ability|p1a: Blacephalon|Beast Boost|boost
|-boost|p1a: Blacephalon|spa|1
|
|-heal|p1a: Blacephalon|37/100|[from] Grassy Terrain
|upkeep
|
|t:|1666895356
|switch|p2a: Hawlucha|Hawlucha, F|100/100
|-damage|p2a: Hawlucha|88/100|[from] Stealth Rock
|-enditem|p2a: Hawlucha|Grassy Seed
|-boost|p2a: Hawlucha|def|1|[from] item: Grassy Seed
|turn|12
|j| le Sexy Sapereau
|
|t:|1666895359
|move|p2a: Hawlucha|Acrobatics|p1a: Blacephalon
|-damage|p1a: Blacephalon|0 fnt
|faint|p1a: Blacephalon
|
|upkeep
|
|t:|1666895362
|switch|p1a: Luxray|Luxray, M|100/100
|turn|13
|
|t:|1666895378
|move|p2a: Hawlucha|Substitute|p2a: Hawlucha
|-start|p2a: Hawlucha|Substitute
|-damage|p2a: Hawlucha|63/100
|move|p1a: Luxray|Wild Charge|p2a: Hawlucha
|-supereffective|p2a: Hawlucha
|-end|p2a: Hawlucha|Substitute
|-damage|p1a: Luxray|95/100|[from] Recoil|[of] p2a: Hawlucha
|
|-heal|p1a: Luxray|100/100|[from] Grassy Terrain
|-status|p1a: Luxray|brn|[from] item: Flame Orb
|upkeep
|turn|14
|j| zaung
|
|t:|1666895390
|move|p2a: Hawlucha|Substitute|p2a: Hawlucha
|-start|p2a: Hawlucha|Substitute
|-damage|p2a: Hawlucha|38/100
|move|p1a: Luxray|Wild Charge|p2a: Hawlucha
|-supereffective|p2a: Hawlucha
|-end|p2a: Hawlucha|Substitute
|-damage|p1a: Luxray|95/100 brn|[from] Recoil|[of] p2a: Hawlucha
|
|-heal|p1a: Luxray|100/100 brn|[from] Grassy Terrain
|-damage|p1a: Luxray|94/100 brn|[from] brn
|-fieldend|move: Grassy Terrain
|upkeep
|turn|15
|
|t:|1666895393
|move|p2a: Hawlucha|Substitute|p2a: Hawlucha
|-start|p2a: Hawlucha|Substitute
|-damage|p2a: Hawlucha|13/100
|move|p1a: Luxray|Wild Charge|p2a: Hawlucha
|-supereffective|p2a: Hawlucha
|-end|p2a: Hawlucha|Substitute
|-damage|p1a: Luxray|88/100 brn|[from] Recoil|[of] p2a: Hawlucha
|
|-damage|p1a: Luxray|82/100 brn|[from] brn
|upkeep
|turn|16
|
|t:|1666895397
|move|p2a: Hawlucha|Close Combat|p1a: Luxray
|-damage|p1a: Luxray|6/100 brn
|-unboost|p2a: Hawlucha|def|1
|-unboost|p2a: Hawlucha|spd|1
|move|p1a: Luxray|Facade|p2a: Hawlucha
|-damage|p2a: Hawlucha|0 fnt
|faint|p2a: Hawlucha
|
|win|Elite4donovan
|raw|Elite4donovan's rating: 1674 &rarr; <strong>1689</strong><br />(+15 for winning)
|raw|ELO Guzzler's rating: 1580 &rarr; <strong>1565</strong><br />(-15 for losing)
|c| zaung|what are theese teams
|c|☆ELO Guzzler|idek
|l| zaung
||Ladder isn't responding, score probably updated but might not have (Request timeout).
