|raw|<div class="broadcast-blue"><strong>This battle is required to be public due to a player having a name starting with 'lt93oq'.</div>
|j|☆ripreckful
|j|☆LT93OQ tj
|t:|1660977466
|gametype|singles
|player|p1|ripreckful|hilbert|1893
|player|p2|LT93OQ tj|skyla-masters2|2032
|teamsize|p1|6
|teamsize|p2|6
|gen|8
|tier|[Gen 8] OU
|rated|
|rule|Sleep Clause Mod: Limit one foe put to sleep
|rule|Species Clause: Limit one of each Pokémon
|rule|OHKO Clause: OHKO moves are banned
|rule|Evasion Items Clause: Evasion items are banned
|rule|Evasion Moves Clause: Evasion moves are banned
|rule|Endless Battle Clause: Forcing endless battles is banned
|rule|HP Percentage Mod: HP is shown in percentages
|rule|Dynamax Clause: You cannot dynamax
|clearpoke
|poke|p1|Landorus-Therian, M|
|poke|p1|Melmetal|
|poke|p1|Zapdos|
|poke|p1|Urshifu-*, M|
|poke|p1|Tapu Lele|
|poke|p1|Dragapult, M|
|poke|p2|Tapu Lele|
|poke|p2|Weavile, M|
|poke|p2|Garchomp, F|
|poke|p2|Clefable, F|
|poke|p2|Ferrothorn, M|
|poke|p2|Zapdos|
|teampreview
|inactive|Battle timer is ON: inactive players will automatically lose when time's up. (requested by LT93OQ tj)
|inactive|ripreckful also wants the timer to be on.
|inactive|ripreckful has 120 seconds left.
|inactive|LT93OQ tj has 120 seconds left.
|j| MANNAT
|j| LT93OQ Harshal
|c|☆ripreckful|hf
|c|☆LT93OQ tj|hf
|inactive|LT93OQ tj has 90 seconds left.
|
|t:|1660977539
|start
|switch|p1a: Melmetal|Melmetal|100/100
|switch|p2a: Tapu Lele|Tapu Lele|100/100
|-fieldstart|move: Psychic Terrain|[from] ability: Psychic Surge|[of] p2a: Tapu Lele
|turn|1
|
|t:|1660977563
|switch|p2a: Ferrothorn|Ferrothorn, M|100/100
|move|p1a: Melmetal|Toxic|p2a: Ferrothorn
|-immune|p2a: Ferrothorn
|
|upkeep
|turn|2
|
|t:|1660977567
|switch|p1a: Urshifu|Urshifu-Rapid-Strike, M|100/100
|move|p2a: Ferrothorn|Knock Off|p1a: Urshifu
|-resisted|p1a: Urshifu
|-damage|p1a: Urshifu|90/100
|-enditem|p1a: Urshifu|Choice Band|[from] move: Knock Off|[of] p2a: Ferrothorn
|
|upkeep
|turn|3
|inactive|LT93OQ tj has 120 seconds left.
|j| LT93OQ T
|
|t:|1660977610
|switch|p2a: Garchomp|Garchomp, F|100/100
|move|p1a: Urshifu|Close Combat|p2a: Garchomp
|-damage|p2a: Garchomp|46/100
|-unboost|p1a: Urshifu|def|1
|-unboost|p1a: Urshifu|spd|1
|-damage|p1a: Urshifu|78/100|[from] ability: Rough Skin|[of] p2a: Garchomp
|
|-heal|p2a: Garchomp|52/100|[from] item: Leftovers
|upkeep
|turn|4
|
|t:|1660977628
|move|p1a: Urshifu|Close Combat|p2a: Garchomp
|-damage|p2a: Garchomp|0 fnt
|-unboost|p1a: Urshifu|def|1
|-unboost|p1a: Urshifu|spd|1
|-damage|p1a: Urshifu|65/100|[from] ability: Rough Skin|[of] p2a: Garchomp
|faint|p2a: Garchomp
|
|upkeep
|j| IPF
|inactive|LT93OQ tj has 90 seconds left.
|j| morpekod
|j| climatechange=hoax
|inactive|LT93OQ tj has 60 seconds left.
|j| LT93oq asiancy
|
|t:|1660977683
|switch|p2a: Clefable|Clefable, F|100/100
|turn|5
|
|t:|1660977703
|move|p1a: Urshifu|Surging Strikes|p2a: Clefable
|-crit|p2a: Clefable
|-damage|p2a: Clefable|85/100
|-crit|p2a: Clefable
|-damage|p2a: Clefable|69/100
|-crit|p2a: Clefable
|-damage|p2a: Clefable|53/100
|-hitcount|p2a: Clefable|3
|move|p2a: Clefable|Thunder Wave|p1a: Urshifu
|-status|p1a: Urshifu|par
|
|-heal|p2a: Clefable|59/100|[from] item: Leftovers
|-fieldend|move: Psychic Terrain
|upkeep
|turn|6
|
|t:|1660977710
|cant|p1a: Urshifu|par
|move|p2a: Clefable|Soft-Boiled|p2a: Clefable
|-heal|p2a: Clefable|100/100
|
|upkeep
|turn|7
|
|t:|1660977726
|switch|p1a: Zapdos|Zapdos|100/100
|move|p2a: Clefable|Stealth Rock|p1a: Zapdos
|-sidestart|p1: ripreckful|move: Stealth Rock
|
|upkeep
|turn|8
|
|t:|1660977733
|move|p1a: Zapdos|Defog|p2a: Clefable
|-unboost|p2a: Clefable|evasion|1
|-sideend|p1: ripreckful|Stealth Rock|[from] move: Defog|[of] p1a: Zapdos
|move|p2a: Clefable|Moonblast|p1a: Zapdos
|-damage|p1a: Zapdos|69/100
|-unboost|p1a: Zapdos|spa|1
|
|upkeep
|turn|9
|
|t:|1660977736
|move|p1a: Zapdos|Hurricane|p2a: Clefable
|-damage|p2a: Clefable|68/100
|move|p2a: Clefable|Stealth Rock|p1a: Zapdos
|-sidestart|p1: ripreckful|move: Stealth Rock
|
|-heal|p2a: Clefable|74/100|[from] item: Leftovers
|upkeep
|turn|10
|
|t:|1660977739
|move|p1a: Zapdos|Defog|p2a: Clefable
|-unboost|p2a: Clefable|evasion|1
|-sideend|p1: ripreckful|Stealth Rock|[from] move: Defog|[of] p1a: Zapdos
|move|p2a: Clefable|Moonblast|p1a: Zapdos
|-damage|p1a: Zapdos|41/100
|
|-heal|p2a: Clefable|80/100|[from] item: Leftovers
|upkeep
|turn|11
|
|t:|1660977741
|move|p1a: Zapdos|Volt Switch|p2a: Clefable
|-damage|p2a: Clefable|59/100
|
|t:|1660977745
|switch|p1a: Melmetal|Melmetal|100/100|[from]move: Volt Switch
|move|p2a: Clefable|Stealth Rock|p1a: Melmetal
|-sidestart|p1: ripreckful|move: Stealth Rock
|
|-heal|p2a: Clefable|65/100|[from] item: Leftovers
|upkeep
|turn|12
|l| morpekod
|
|t:|1660977752
|switch|p2a: Ferrothorn|Ferrothorn, M|100/100
|switch|p1a: Zapdos|Zapdos|41/100
|
|upkeep
|turn|13
|
|t:|1660977757
|move|p1a: Zapdos|Heat Wave|p2a: Ferrothorn|[miss]
|-miss|p1a: Zapdos|p2a: Ferrothorn
|move|p2a: Ferrothorn|Knock Off|p1a: Zapdos
|-damage|p1a: Zapdos|23/100
|-status|p2a: Ferrothorn|par|[from] ability: Static|[of] p1a: Zapdos
|-enditem|p1a: Zapdos|Heavy-Duty Boots|[from] move: Knock Off|[of] p2a: Ferrothorn
|
|upkeep
|turn|14
|c|☆ripreckful|lol
|
|t:|1660977776
|switch|p2a: Zapdos|Zapdos|100/100
|move|p1a: Zapdos|Defog|p2a: Zapdos
|-unboost|p2a: Zapdos|evasion|1
|-sideend|p1: ripreckful|Stealth Rock|[from] move: Defog|[of] p1a: Zapdos
|
|upkeep
|turn|15
|
|t:|1660977780
|switch|p1a: Landorus|Landorus-Therian, M|100/100
|-ability|p1a: Landorus|Intimidate|boost
|-unboost|p2a: Zapdos|atk|1
|move|p2a: Zapdos|Hurricane|p1a: Landorus
|-damage|p1a: Landorus|56/100
|
|-heal|p1a: Landorus|62/100|[from] item: Leftovers
|upkeep
|turn|16
|
|t:|1660977787
|move|p2a: Zapdos|Hurricane|p1a: Landorus|[miss]
|-miss|p2a: Zapdos|p1a: Landorus
|move|p1a: Landorus|Stealth Rock|p2a: Zapdos
|-sidestart|p2: LT93OQ tj|move: Stealth Rock
|
|-heal|p1a: Landorus|68/100|[from] item: Leftovers
|upkeep
|turn|17
|
|t:|1660977796
|move|p2a: Zapdos|Defog|p1a: Landorus
|-unboost|p1a: Landorus|evasion|1
|-sideend|p2: LT93OQ tj|Stealth Rock|[from] move: Defog|[of] p2a: Zapdos
|move|p1a: Landorus|Knock Off|p2a: Zapdos
|-damage|p2a: Zapdos|69/100
|-enditem|p2a: Zapdos|Heavy-Duty Boots|[from] move: Knock Off|[of] p1a: Landorus
|
|-heal|p1a: Landorus|74/100|[from] item: Leftovers
|upkeep
|turn|18
|
|t:|1660977798
|move|p2a: Zapdos|Hurricane|p1a: Landorus
|-damage|p1a: Landorus|30/100
|-start|p1a: Landorus|confusion
|-activate|p1a: Landorus|confusion
|-damage|p1a: Landorus|16/100|[from] confusion
|
|-heal|p1a: Landorus|22/100|[from] item: Leftovers
|upkeep
|turn|19
|
|t:|1660977807
|switch|p1a: Zapdos|Zapdos|23/100
|move|p2a: Zapdos|Roost|p2a: Zapdos
|-heal|p2a: Zapdos|100/100
|-singleturn|p2a: Zapdos|move: Roost
|
|upkeep
|turn|20
|
|t:|1660977810
|move|p2a: Zapdos|Volt Switch|p1a: Zapdos
|-damage|p1a: Zapdos|0 fnt
|faint|p1a: Zapdos
|
|t:|1660977830
|switch|p2a: Clefable|Clefable, F|65/100|[from]move: Volt Switch
|
|-heal|p2a: Clefable|71/100|[from] item: Leftovers
|upkeep
|
|t:|1660977834
|switch|p1a: Landorus|Landorus-Therian, M|22/100
|-ability|p1a: Landorus|Intimidate|boost
|-unboost|p2a: Clefable|atk|1
|turn|21
|
|t:|1660977839
|move|p1a: Landorus|Earthquake|p2a: Clefable
|-damage|p2a: Clefable|35/100
|move|p2a: Clefable|Moonblast|p1a: Landorus
|-damage|p1a: Landorus|0 fnt
|faint|p1a: Landorus
|
|-heal|p2a: Clefable|41/100|[from] item: Leftovers
|upkeep
|
|t:|1660977841
|switch|p1a: Dragapult|Dragapult, M|100/100
|turn|22
|inactive|LT93OQ tj has 120 seconds left.
|inactive|LT93OQ tj has 90 seconds left.
|
|t:|1660977923
|switch|p2a: Weavile|Weavile, M|100/100
|-ability|p2a: Weavile|Pressure
|move|p1a: Dragapult|Shadow Ball|p2a: Weavile
|-resisted|p2a: Weavile
|-damage|p2a: Weavile|61/100
|
|upkeep
|turn|23
|l| LT93OQ Harshal
|
|t:|1660977935
|switch|p1a: Urshifu|Urshifu-Rapid-Strike, M|65/100 par
|move|p2a: Weavile|Triple Axel|p1a: Urshifu
|-resisted|p1a: Urshifu
|-damage|p1a: Urshifu|60/100 par
|-resisted|p1a: Urshifu
|-damage|p1a: Urshifu|50/100 par
|-resisted|p1a: Urshifu
|-damage|p1a: Urshifu|34/100 par
|-hitcount|p1a: Urshifu|3
|
|upkeep
|turn|24
|
|t:|1660977939
|switch|p2a: Zapdos|Zapdos|100/100
|move|p1a: Urshifu|U-turn|p2a: Zapdos
|-resisted|p2a: Zapdos
|-damage|p2a: Zapdos|87/100
|l| climatechange=hoax
|
|t:|1660977964
|switch|p1a: Tapu Lele|Tapu Lele|100/100|[from]move: U-turn
|-fieldstart|move: Psychic Terrain|[from] ability: Psychic Surge|[of] p1a: Tapu Lele
|
|upkeep
|turn|25
|
|t:|1660977969
|switch|p2a: Ferrothorn|Ferrothorn, M|100/100 par
|move|p1a: Tapu Lele|Future Sight|p2a: Ferrothorn
|-start|p1a: Tapu Lele|move: Future Sight
|
|upkeep
|turn|26
|inactive|LT93OQ tj has 90 seconds left.
|
|t:|1660977995
|switch|p1a: Urshifu|Urshifu-Rapid-Strike, M|34/100 par
|cant|p2a: Ferrothorn|par
|
|upkeep
|turn|27
|
|t:|1660978006
|switch|p2a: Tapu Lele|Tapu Lele|100/100
|move|p1a: Urshifu|Surging Strikes|p2a: Tapu Lele
|-crit|p2a: Tapu Lele
|-damage|p2a: Tapu Lele|68/100
|-crit|p2a: Tapu Lele
|-damage|p2a: Tapu Lele|39/100
|-crit|p2a: Tapu Lele
|-damage|p2a: Tapu Lele|5/100
|-hitcount|p2a: Tapu Lele|3
|
|-end|p2a: Tapu Lele|move: Future Sight
|-resisted|p2a: Tapu Lele
|-damage|p2a: Tapu Lele|0 fnt
|faint|p2a: Tapu Lele
|upkeep
|
|t:|1660978010
|switch|p2a: Zapdos|Zapdos|87/100
|turn|28
|inactive|ripreckful has 120 seconds left.
|j| Curryisnotgood
|
|t:|1660978048
|cant|p1a: Urshifu|par
|move|p2a: Zapdos|Volt Switch|p1a: Urshifu
|-supereffective|p1a: Urshifu
|-damage|p1a: Urshifu|0 fnt
|faint|p1a: Urshifu
|inactive|LT93OQ tj has 90 seconds left.
|inactive|LT93OQ tj has 60 seconds left.
|
|t:|1660978115
|switch|p2a: Weavile|Weavile, M|61/100|[from]move: Volt Switch
|-ability|p2a: Weavile|Pressure
|
|-fieldend|move: Psychic Terrain
|upkeep
|
|t:|1660978118
|switch|p1a: Dragapult|Dragapult, M|100/100
|turn|29
|inactive|ripreckful has 120 seconds left.
|
|t:|1660978159
|switch|p2a: Zapdos|Zapdos|87/100
|move|p1a: Dragapult|Flamethrower|p2a: Zapdos
|-damage|p2a: Zapdos|43/100
|
|upkeep
|turn|30
|
|t:|1660978168
|move|p1a: Dragapult|Flamethrower|p2a: Zapdos
|-damage|p2a: Zapdos|0 fnt
|faint|p2a: Zapdos
|
|upkeep
|
|t:|1660978174
|switch|p2a: Clefable|Clefable, F|41/100
|turn|31
|
|t:|1660978185
|move|p1a: Dragapult|Flamethrower|p2a: Clefable
|-damage|p2a: Clefable|4/100
|move|p2a: Clefable|Soft-Boiled|p2a: Clefable
|-heal|p2a: Clefable|54/100
|
|-heal|p2a: Clefable|60/100|[from] item: Leftovers
|upkeep
|turn|32
|
|t:|1660978189
|switch|p1a: Melmetal|Melmetal|100/100
|move|p2a: Clefable|Soft-Boiled|p2a: Clefable
|-heal|p2a: Clefable|100/100
|
|upkeep
|turn|33
|inactive|ripreckful has 120 seconds left.
|
|t:|1660978199
|switch|p2a: Ferrothorn|Ferrothorn, M|100/100 par
|switch|p1a: Dragapult|Dragapult, M|100/100
|
|upkeep
|turn|34
|inactive|ripreckful has 120 seconds left.
|inactive|ripreckful has 90 seconds left.
|
|t:|1660978249
|switch|p2a: Clefable|Clefable, F|100/100
|move|p1a: Dragapult|Flamethrower|p2a: Clefable
|-damage|p2a: Clefable|59/100
|
|-heal|p2a: Clefable|65/100|[from] item: Leftovers
|upkeep
|turn|35
|
|t:|1660978259
|switch|p1a: Melmetal|Melmetal|100/100
|move|p2a: Clefable|Soft-Boiled|p2a: Clefable
|-heal|p2a: Clefable|100/100
|
|upkeep
|turn|36
|
|t:|1660978273
|switch|p2a: Ferrothorn|Ferrothorn, M|100/100 par
|move|p1a: Melmetal|Double Iron Bash|p2a: Ferrothorn
|-resisted|p2a: Ferrothorn
|-damage|p2a: Ferrothorn|85/100 par
|-damage|p1a: Melmetal|88/100|[from] ability: Iron Barbs|[of] p2a: Ferrothorn
|-resisted|p2a: Ferrothorn
|-damage|p2a: Ferrothorn|69/100 par
|-damage|p1a: Melmetal|76/100|[from] ability: Iron Barbs|[of] p2a: Ferrothorn
|-hitcount|p2a: Ferrothorn|2
|
|-heal|p1a: Melmetal|82/100|[from] item: Leftovers
|-heal|p2a: Ferrothorn|75/100 par|[from] item: Leftovers
|upkeep
|turn|37
|
|t:|1660978282
|move|p1a: Melmetal|Double Iron Bash|p2a: Ferrothorn
|-resisted|p2a: Ferrothorn
|-damage|p2a: Ferrothorn|60/100 par
|-damage|p1a: Melmetal|70/100|[from] ability: Iron Barbs|[of] p2a: Ferrothorn
|-resisted|p2a: Ferrothorn
|-damage|p2a: Ferrothorn|45/100 par
|-damage|p1a: Melmetal|57/100|[from] ability: Iron Barbs|[of] p2a: Ferrothorn
|-hitcount|p2a: Ferrothorn|2
|move|p2a: Ferrothorn|Knock Off|p1a: Melmetal
|-damage|p1a: Melmetal|43/100
|-enditem|p1a: Melmetal|Leftovers|[from] move: Knock Off|[of] p2a: Ferrothorn
|
|-heal|p2a: Ferrothorn|51/100 par|[from] item: Leftovers
|upkeep
|turn|38
|inactive|LT93OQ tj has 90 seconds left.
|
|t:|1660978290
|move|p1a: Melmetal|Double Iron Bash|p2a: Ferrothorn
|-resisted|p2a: Ferrothorn
|-damage|p2a: Ferrothorn|34/100 par
|-damage|p1a: Melmetal|31/100|[from] ability: Iron Barbs|[of] p2a: Ferrothorn
|-resisted|p2a: Ferrothorn
|-damage|p2a: Ferrothorn|18/100 par
|-damage|p1a: Melmetal|19/100|[from] ability: Iron Barbs|[of] p2a: Ferrothorn
|-hitcount|p2a: Ferrothorn|2
|cant|p2a: Ferrothorn|par
|
|-heal|p2a: Ferrothorn|24/100 par|[from] item: Leftovers
|upkeep
|turn|39
|inactive|LT93OQ tj has 90 seconds left.
|
|t:|1660978302
|move|p1a: Melmetal|Earthquake|p2a: Ferrothorn
|-damage|p2a: Ferrothorn|0 fnt
|faint|p2a: Ferrothorn
|
|upkeep
|inactive|LT93OQ tj has 90 seconds left.
|
|t:|1660978309
|switch|p2a: Weavile|Weavile, M|61/100
|-ability|p2a: Weavile|Pressure
|turn|40
|
|t:|1660978314
|move|p2a: Weavile|Knock Off|p1a: Melmetal
|-damage|p1a: Melmetal|0 fnt
|faint|p1a: Melmetal
|
|upkeep
|inactive|ripreckful has 120 seconds left.
|
|t:|1660978327
|switch|p1a: Tapu Lele|Tapu Lele|100/100
|-fieldstart|move: Psychic Terrain|[from] ability: Psychic Surge|[of] p1a: Tapu Lele
|turn|41
|inactive|ripreckful has 120 seconds left.
|
|t:|1660978352
|switch|p2a: Clefable|Clefable, F|100/100
|move|p1a: Tapu Lele|Moonblast|p2a: Clefable
|-damage|p2a: Clefable|46/100
|
|-heal|p2a: Clefable|53/100|[from] item: Leftovers
|upkeep
|turn|42
|j| LT93OQ Mus
|
|t:|1660978363
|move|p1a: Tapu Lele|Moonblast|p2a: Clefable
|-damage|p2a: Clefable|0 fnt
|faint|p2a: Clefable
|
|upkeep
|c|☆ripreckful|gg
|-message|LT93OQ tj forfeited.
|
|win|ripreckful
|raw|ripreckful's rating: 1893 &rarr; <strong>1921</strong><br />(+28 for winning)
|raw|LT93OQ tj's rating: 2032 &rarr; <strong>2004</strong><br />(-28 for losing)
|l|☆LT93OQ tj
|l| LT93OQ T
|l|☆ripreckful
|l| LT93OQ Mus
|l| LT93oq asiancy
