|j|☆ty-tyui↻
|j|☆PinkSoup
|t:|1665360450
|gametype|singles
|player|p1|ty-tyui↻|kamado|1629
|player|p2|PinkSoup|argenta|1665
|teamsize|p1|6
|teamsize|p2|6
|gen|8
|tier|[Gen 8] OU
|rated|
|rule|Sleep Clause Mod: Limit one foe put to sleep
|rule|Species Clause: Limit one of each Pokémon
|rule|OHKO Clause: OHKO moves are banned
|rule|Evasion Items Clause: Evasion items are banned
|rule|Evasion Moves Clause: Evasion moves are banned
|rule|Endless Battle Clause: Forcing endless battles is banned
|rule|HP Percentage Mod: HP is shown in percentages
|rule|Dynamax Clause: You cannot dynamax
|clearpoke
|poke|p1|Mienshao, F|
|poke|p1|Ninetales-Alola, M|
|poke|p1|Blacephalon|
|poke|p1|Landorus-Therian, M|
|poke|p1|Corviknight, M|
|poke|p1|Rotom-Wash|
|poke|p2|Hydreigon, F|
|poke|p2|Urshifu-*, M|
|poke|p2|Swampert, M|
|poke|p2|Skarmory, F|
|poke|p2|Thundurus, M|
|poke|p2|Zoroark, M|
|teampreview
|inactive|Battle timer is ON: inactive players will automatically lose when time's up. (requested by PinkSoup)
|j| RazorForce21
|inactive|PinkSoup has 120 seconds left.
|c|☆PinkSoup|cool avatar
|j| qiged
|inactive|PinkSoup has 90 seconds left.
|inactive|PinkSoup has 60 seconds left.
|
|t:|1665360545
|start
|switch|p1a: Ninetales|Ninetales-Alola, M|100/100
|switch|p2a: Blunderus|Thundurus, M, shiny|100/100
|-weather|Hail|[from] ability: Snow Warning|[of] p1a: Ninetales
|turn|1
|
|t:|1665360554
|move|p2a: Blunderus|Knock Off|p1a: Ninetales
|-resisted|p1a: Ninetales
|-damage|p1a: Ninetales|73/100
|-enditem|p1a: Ninetales|Choice Specs|[from] move: Knock Off|[of] p2a: Blunderus
|move|p1a: Ninetales|Blizzard|p2a: Blunderus
|-supereffective|p2a: Blunderus
|-damage|p2a: Blunderus|0 fnt
|faint|p2a: Blunderus
|
|-weather|Hail|[upkeep]
|upkeep
|
|t:|1665360569
|switch|p2a: Greek Salad|Skarmory, F, shiny|100/100
|turn|2
|
|t:|1665360571
|move|p1a: Ninetales|Blizzard|p2a: Greek Salad
|-damage|p2a: Greek Salad|6/100
|replace|p2a: Amogus|Zoroark, M, shiny
|-end|p2a: Amogus|Illusion
|move|p2a: Amogus|Sludge Bomb|p1a: Ninetales
|-supereffective|p1a: Ninetales
|-damage|p1a: Ninetales|0 fnt
|faint|p1a: Ninetales
|-damage|p2a: Amogus|0 fnt|[from] item: Life Orb
|faint|p2a: Amogus
|
|-weather|Hail|[upkeep]
|upkeep
|inactive|PinkSoup has 120 seconds left.
|
|t:|1665360602
|switch|p1a: Mienshao|Mienshao, F, shiny|100/100
|switch|p2a: Aniki|Urshifu-Rapid-Strike, M|100/100
|turn|3
|j| SceptileChad
|inactive|PinkSoup has 120 seconds left.
|
|t:|1665360607
|move|p1a: Mienshao|U-turn|p2a: Aniki
|-resisted|p2a: Aniki
|-damage|p2a: Aniki|86/100
|-damage|p1a: Mienshao|91/100|[from] item: Life Orb
|
|t:|1665360616
|switch|p1a: Corviknight|Corviknight, M|100/100|[from]move: U-turn
|-ability|p1a: Corviknight|Pressure
|move|p2a: Aniki|Close Combat|p1a: Corviknight
|-damage|p1a: Corviknight|33/100
|-unboost|p2a: Aniki|def|1
|-unboost|p2a: Aniki|spd|1
|-damage|p2a: Aniki|70/100|[from] item: Rocky Helmet|[of] p1a: Corviknight
|
|-weather|Hail|[upkeep]
|-damage|p2a: Aniki|63/100|[from] Hail
|-damage|p1a: Corviknight|27/100|[from] Hail
|upkeep
|turn|4
|
|t:|1665360624
|switch|p2a: L'Aggron|Swampert, M|100/100
|switch|p1a: Blacephalon|Blacephalon, shiny|100/100
|
|-weather|Hail|[upkeep]
|-damage|p1a: Blacephalon|94/100|[from] Hail
|-damage|p2a: L'Aggron|94/100|[from] Hail
|-heal|p2a: L'Aggron|100/100|[from] item: Leftovers
|upkeep
|turn|5
|
|t:|1665360629
|switch|p1a: Landorus|Landorus-Therian, M|100/100
|-ability|p1a: Landorus|Intimidate|boost
|-unboost|p2a: L'Aggron|atk|1
|move|p2a: L'Aggron|Flip Turn|p1a: Landorus
|-supereffective|p1a: Landorus
|-damage|p1a: Landorus|72/100
|
|t:|1665360638
|switch|p2a: Aniki|Urshifu-Rapid-Strike, M|63/100|[from]move: Flip Turn
|
|-weather|none
|-heal|p1a: Landorus|78/100|[from] item: Leftovers
|upkeep
|turn|6
|
|t:|1665360645
|switch|p1a: Rotom|Rotom-Wash|100/100
|move|p2a: Aniki|Surging Strikes|p1a: Rotom
|-resisted|p1a: Rotom
|-crit|p1a: Rotom
|-damage|p1a: Rotom|86/100
|-resisted|p1a: Rotom
|-crit|p1a: Rotom
|-damage|p1a: Rotom|69/100
|-resisted|p1a: Rotom
|-crit|p1a: Rotom
|-damage|p1a: Rotom|54/100
|-hitcount|p1a: Rotom|3
|
|-heal|p1a: Rotom|60/100|[from] item: Leftovers
|upkeep
|turn|7
|
|t:|1665360652
|switch|p2a: L'Aggron|Swampert, M|100/100
|switch|p1a: Mienshao|Mienshao, F, shiny|100/100
|
|upkeep
|turn|8
|
|t:|1665360660
|switch|p2a: Greek Salad|Skarmory, F, shiny|100/100
|move|p1a: Mienshao|Knock Off|p2a: Greek Salad
|-damage|p2a: Greek Salad|74/100
|-damage|p1a: Mienshao|84/100|[from] item: Rocky Helmet|[of] p2a: Greek Salad
|-enditem|p2a: Greek Salad|Rocky Helmet|[from] move: Knock Off|[of] p1a: Mienshao
|-damage|p1a: Mienshao|74/100|[from] item: Life Orb
|
|upkeep
|turn|9
|
|t:|1665360669
|switch|p2a: L'Aggron|Swampert, M|100/100
|move|p1a: Mienshao|Close Combat|p2a: L'Aggron
|-damage|p2a: L'Aggron|30/100
|-unboost|p1a: Mienshao|def|1
|-unboost|p1a: Mienshao|spd|1
|-damage|p1a: Mienshao|64/100|[from] item: Life Orb
|
|-heal|p2a: L'Aggron|36/100|[from] item: Leftovers
|upkeep
|turn|10
|
|t:|1665360676
|switch|p2a: Greek Salad|Skarmory, F, shiny|74/100
|move|p1a: Mienshao|Close Combat|p2a: Greek Salad
|-damage|p2a: Greek Salad|28/100
|-unboost|p1a: Mienshao|def|1
|-unboost|p1a: Mienshao|spd|1
|-damage|p1a: Mienshao|54/100|[from] item: Life Orb
|
|upkeep
|turn|11
|
|t:|1665360682
|move|p1a: Mienshao|Close Combat|p2a: Greek Salad
|-damage|p2a: Greek Salad|0 fnt
|-unboost|p1a: Mienshao|def|1
|-unboost|p1a: Mienshao|spd|1
|faint|p2a: Greek Salad
|-damage|p1a: Mienshao|44/100|[from] item: Life Orb
|
|upkeep
|
|t:|1665360685
|switch|p2a: Aniki|Urshifu-Rapid-Strike, M|63/100
|turn|12
|
|t:|1665360691
|switch|p1a: Rotom|Rotom-Wash|60/100
|move|p2a: Aniki|Surging Strikes|p1a: Rotom
|-resisted|p1a: Rotom
|-crit|p1a: Rotom
|-damage|p1a: Rotom|46/100
|-resisted|p1a: Rotom
|-crit|p1a: Rotom
|-damage|p1a: Rotom|29/100
|-resisted|p1a: Rotom
|-crit|p1a: Rotom
|-damage|p1a: Rotom|13/100
|-hitcount|p1a: Rotom|3
|
|-heal|p1a: Rotom|20/100|[from] item: Leftovers
|upkeep
|turn|13
|j| BabyPigsAreLaughin
|
|t:|1665360695
|switch|p1a: Corviknight|Corviknight, M|27/100
|-ability|p1a: Corviknight|Pressure
|move|p2a: Aniki|Surging Strikes|p1a: Corviknight
|-crit|p1a: Corviknight
|-damage|p1a: Corviknight|7/100
|-damage|p2a: Aniki|47/100|[from] item: Rocky Helmet|[of] p1a: Corviknight
|-crit|p1a: Corviknight
|-damage|p1a: Corviknight|0 fnt
|-damage|p2a: Aniki|30/100|[from] item: Rocky Helmet|[of] p1a: Corviknight
|faint|p1a: Corviknight
|-hitcount|p1: Corviknight|2
|
|upkeep
|
|t:|1665360700
|switch|p1a: Mienshao|Mienshao, F, shiny|77/100
|turn|14
|
|t:|1665360704
|move|p1a: Mienshao|Close Combat|p2a: Aniki
|-damage|p2a: Aniki|0 fnt
|-unboost|p1a: Mienshao|def|1
|-unboost|p1a: Mienshao|spd|1
|faint|p2a: Aniki
|-damage|p1a: Mienshao|67/100|[from] item: Life Orb
|
|upkeep
|
|t:|1665360708
|switch|p2a: Hater|Hydreigon, F, shiny|100/100
|turn|15
|
|t:|1665360712
|move|p1a: Mienshao|Close Combat|p2a: Hater
|-supereffective|p2a: Hater
|-damage|p2a: Hater|0 fnt
|-unboost|p1a: Mienshao|def|1
|-unboost|p1a: Mienshao|spd|1
|faint|p2a: Hater
|-damage|p1a: Mienshao|57/100|[from] item: Life Orb
|
|upkeep
|c|☆ty-tyui↻|gg
|c|☆PinkSoup|gg
|c|☆PinkSoup|cool team
|l| qiged
|c|☆ty-tyui↻|ty
|
|t:|1665360730
|switch|p2a: L'Aggron|Swampert, M|36/100
|turn|16
|c|☆ty-tyui↻|you too
|
|t:|1665360733
|move|p1a: Mienshao|Close Combat|p2a: L'Aggron
|-damage|p2a: L'Aggron|0 fnt
|-unboost|p1a: Mienshao|def|1
|-unboost|p1a: Mienshao|spd|1
|faint|p2a: L'Aggron
|-damage|p1a: Mienshao|47/100|[from] item: Life Orb
|
|win|ty-tyui↻
|raw|ty-tyui↻'s rating: 1629 &rarr; <strong>1651</strong><br />(+22 for winning)
|raw|PinkSoup's rating: 1665 &rarr; <strong>1643</strong><br />(-22 for losing)
|l|☆PinkSoup
