|j|☆GorLeon
|j|☆roboPOKE
|t:|1665425327
|gametype|singles
|player|p1|GorLeon|dragontamer|1602
|player|p2|roboPOKE|265|1651
|teamsize|p1|6
|teamsize|p2|6
|gen|8
|tier|[Gen 8] OU
|rated|
|rule|Sleep Clause Mod: Limit one foe put to sleep
|rule|Species Clause: Limit one of each Pokémon
|rule|OHKO Clause: OHKO moves are banned
|rule|Evasion Items Clause: Evasion items are banned
|rule|Evasion Moves Clause: Evasion moves are banned
|rule|Endless Battle Clause: Forcing endless battles is banned
|rule|HP Percentage Mod: HP is shown in percentages
|rule|Dynamax Clause: You cannot dynamax
|clearpoke
|poke|p1|Tangrowth, F|
|poke|p1|Heatran, M|
|poke|p1|Landorus-Therian, M|
|poke|p1|Rotom-Wash|
|poke|p1|Weavile, M|
|poke|p1|Tapu Fini|
|poke|p2|Mew|
|poke|p2|Bisharp, F|
|poke|p2|Blaziken, F|
|poke|p2|Glastrier|
|poke|p2|Kartana|
|poke|p2|Garchomp, M|
|teampreview
|inactive|Battle timer is ON: inactive players will automatically lose when time's up. (requested by GorLeon)
|c|☆GorLeon|gl hf
|c|☆roboPOKE|u2
|
|t:|1665425346
|start
|switch|p1a: Tapu Fini|Tapu Fini|100/100
|switch|p2a: Mew|Mew|100/100
|-fieldstart|move: Misty Terrain|[from] ability: Misty Surge|[of] p1a: Tapu Fini
|turn|1
|
|t:|1665425353
|switch|p2a: Kartana|Kartana|100/100
|move|p1a: Tapu Fini|Trick|p2a: Kartana
|-activate|p1a: Tapu Fini|move: Trick|[of] p2a: Kartana
|-item|p2a: Kartana|Choice Scarf|[from] move: Trick
|-item|p1a: Tapu Fini|Choice Scarf|[from] move: Trick
|
|upkeep
|turn|2
|
|t:|1665425361
|switch|p2a: Mew|Mew|100/100
|switch|p1a: Tangrowth|Tangrowth, F|100/100
|
|upkeep
|turn|3
|
|t:|1665425364
|move|p2a: Mew|Stealth Rock|p1a: Tangrowth
|-sidestart|p1: GorLeon|move: Stealth Rock
|move|p1a: Tangrowth|Knock Off|p2a: Mew
|-supereffective|p2a: Mew
|-enditem|p2a: Mew|Colbur Berry|[eat]
|-enditem|p2a: Mew|Colbur Berry|[weaken]
|-damage|p2a: Mew|81/100
|
|upkeep
|turn|4
|
|t:|1665425371
|switch|p1a: Rotom|Rotom-Wash|100/100
|-damage|p1a: Rotom|88/100|[from] Stealth Rock
|move|p2a: Mew|Spikes|p1a: Rotom
|-sidestart|p1: GorLeon|Spikes
|
|-heal|p1a: Rotom|94/100|[from] item: Leftovers
|upkeep
|turn|5
|
|t:|1665425376
|move|p2a: Mew|Taunt|p1a: Rotom
|-start|p1a: Rotom|move: Taunt
|cant|p1a: Rotom|move: Taunt|Defog
|
|-heal|p1a: Rotom|100/100|[from] item: Leftovers
|-fieldend|Misty Terrain
|upkeep
|turn|6
|
|t:|1665425379
|switch|p2a: Garchomp|Garchomp, M|100/100
|move|p1a: Rotom|Volt Switch|p2a: Garchomp
|-immune|p2a: Garchomp
|
|upkeep
|turn|7
|
|t:|1665425385
|move|p2a: Garchomp|Swords Dance|p2a: Garchomp
|-boost|p2a: Garchomp|atk|2
|move|p1a: Rotom|Hydro Pump|p2a: Garchomp
|-damage|p2a: Garchomp|57/100
|
|-end|p1a: Rotom|move: Taunt
|upkeep
|turn|8
|
|t:|1665425392
|move|p2a: Garchomp|Scale Shot|p1a: Rotom
|-damage|p1a: Rotom|62/100
|-damage|p1a: Rotom|25/100
|-hitcount|p1a: Rotom|2
|-unboost|p2a: Garchomp|def|1
|-boost|p2a: Garchomp|spe|1
|-damage|p2a: Garchomp|47/100|[from] item: Life Orb
|move|p1a: Rotom|Defog|p2a: Garchomp
|-unboost|p2a: Garchomp|evasion|1
|-sideend|p1: GorLeon|Spikes|[from] move: Defog|[of] p1a: Rotom
|-sideend|p1: GorLeon|Stealth Rock|[from] move: Defog|[of] p1a: Rotom
|
|-heal|p1a: Rotom|31/100|[from] item: Leftovers
|upkeep
|turn|9
|
|t:|1665425401
|switch|p1a: Landorus|Landorus-Therian, M|100/100
|-ability|p1a: Landorus|Intimidate|boost
|-unboost|p2a: Garchomp|atk|1
|move|p2a: Garchomp|Stone Edge|p1a: Landorus|[miss]
|-miss|p2a: Garchomp|p1a: Landorus
|
|upkeep
|turn|10
|
|t:|1665425415
|move|p2a: Garchomp|Scale Shot|p1a: Landorus
|-damage|p1a: Landorus|78/100
|-damage|p1a: Landorus|50/100
|-hitcount|p1a: Landorus|2
|-unboost|p2a: Garchomp|def|1
|-boost|p2a: Garchomp|spe|1
|-damage|p2a: Garchomp|37/100|[from] item: Life Orb
|move|p1a: Landorus|Earthquake|p2a: Garchomp
|-damage|p2a: Garchomp|0 fnt
|faint|p2a: Garchomp
|
|-heal|p1a: Landorus|56/100|[from] item: Leftovers
|upkeep
|
|t:|1665425417
|switch|p2a: Mew|Mew|81/100
|turn|11
|j| Ran Kob
|
|t:|1665425422
|move|p2a: Mew|Stealth Rock|p1a: Landorus
|-sidestart|p1: GorLeon|move: Stealth Rock
|move|p1a: Landorus|U-turn|p2a: Mew
|-supereffective|p2a: Mew
|-damage|p2a: Mew|41/100
|
|t:|1665425428
|switch|p1a: Heatran|Heatran, M|100/100|[from]move: U-turn
|-damage|p1a: Heatran|88/100|[from] Stealth Rock
|
|upkeep
|turn|12
|
|t:|1665425430
|move|p2a: Mew|Thunder Wave|p1a: Heatran
|-status|p1a: Heatran|par
|move|p1a: Heatran|Eruption|p2a: Mew
|-damage|p2a: Mew|0 fnt
|faint|p2a: Mew
|
|upkeep
|
|t:|1665425433
|switch|p2a: Blaziken|Blaziken, F|100/100
|turn|13
|
|t:|1665425439
|switch|p1a: Tapu Fini|Tapu Fini|100/100
|-damage|p1a: Tapu Fini|88/100|[from] Stealth Rock
|-fieldstart|move: Misty Terrain|[from] ability: Misty Surge|[of] p1a: Tapu Fini
|move|p2a: Blaziken|Close Combat|p1a: Tapu Fini
|-resisted|p1a: Tapu Fini
|-damage|p1a: Tapu Fini|54/100
|-unboost|p2a: Blaziken|def|1
|-unboost|p2a: Blaziken|spd|1
|-damage|p2a: Blaziken|91/100|[from] item: Life Orb
|
|-ability|p2a: Blaziken|Speed Boost|boost
|-boost|p2a: Blaziken|spe|1
|upkeep
|turn|14
|
|t:|1665425449
|switch|p2a: Kartana|Kartana|100/100
|move|p1a: Tapu Fini|Scald|p2a: Kartana
|-resisted|p2a: Kartana
|-damage|p2a: Kartana|56/100
|
|upkeep
|turn|15
|
|t:|1665425456
|switch|p2a: Glastrier|Glastrier|100/100
|switch|p1a: Tangrowth|Tangrowth, F|100/100
|-damage|p1a: Tangrowth|88/100|[from] Stealth Rock
|
|upkeep
|turn|16
|
|t:|1665425463
|move|p1a: Tangrowth|Knock Off|p2a: Glastrier
|-damage|p2a: Glastrier|84/100
|-enditem|p2a: Glastrier|Quick Claw|[from] move: Knock Off|[of] p1a: Tangrowth
|move|p2a: Glastrier|Icicle Crash|p1a: Tangrowth
|-supereffective|p1a: Tangrowth
|-damage|p1a: Tangrowth|31/100
|
|upkeep
|turn|17
|
|t:|1665425472
|switch|p1a: Tapu Fini|Tapu Fini|54/100
|-damage|p1a: Tapu Fini|42/100|[from] Stealth Rock
|switch|p2a: Blaziken|Blaziken, F|91/100
|
|-fieldend|Misty Terrain
|upkeep
|turn|18
|
|t:|1665425480
|switch|p2a: Kartana|Kartana|56/100
|move|p1a: Tapu Fini|Scald|p2a: Kartana
|-resisted|p2a: Kartana
|-damage|p2a: Kartana|15/100
|
|upkeep
|turn|19
|
|t:|1665425485
|switch|p1a: Tangrowth|Tangrowth, F|64/100
|-damage|p1a: Tangrowth|52/100|[from] Stealth Rock
|move|p2a: Kartana|Leaf Blade|p1a: Tangrowth
|-resisted|p1a: Tangrowth
|-damage|p1a: Tangrowth|35/100
|-damage|p2a: Kartana|0 fnt|[from] item: Rocky Helmet|[of] p1a: Tangrowth
|faint|p2a: Kartana
|
|upkeep
|
|t:|1665425488
|switch|p2a: Blaziken|Blaziken, F|91/100
|turn|20
|
|t:|1665425495
|move|p2a: Blaziken|Swords Dance|p2a: Blaziken
|-boost|p2a: Blaziken|atk|2
|move|p1a: Tangrowth|Earthquake|p2a: Blaziken
|-supereffective|p2a: Blaziken
|-damage|p2a: Blaziken|18/100
|
|-ability|p2a: Blaziken|Speed Boost|boost
|-boost|p2a: Blaziken|spe|1
|upkeep
|turn|21
|
|t:|1665425503
|move|p2a: Blaziken|Swords Dance|p2a: Blaziken
|-boost|p2a: Blaziken|atk|2
|move|p1a: Tangrowth|Earthquake|p2a: Blaziken
|-supereffective|p2a: Blaziken
|-damage|p2a: Blaziken|0 fnt
|faint|p2a: Blaziken
|
|upkeep
|
|t:|1665425507
|switch|p2a: Bisharp|Bisharp, F|100/100
|turn|22
|
|t:|1665425510
|move|p2a: Bisharp|Knock Off|p1a: Tangrowth
|-damage|p1a: Tangrowth|0 fnt
|-damage|p2a: Bisharp|84/100|[from] item: Rocky Helmet|[of] p1a: Tangrowth
|-enditem|p1a: Tangrowth|Rocky Helmet|[from] move: Knock Off|[of] p2a: Bisharp
|faint|p1a: Tangrowth
|-damage|p2a: Bisharp|74/100|[from] item: Life Orb
|
|upkeep
|
|t:|1665425517
|switch|p1a: Heatran|Heatran, M|88/100 par
|-damage|p1a: Heatran|76/100 par|[from] Stealth Rock
|turn|23
|
|t:|1665425521
|switch|p2a: Glastrier|Glastrier|84/100
|cant|p1a: Heatran|par
|
|upkeep
|turn|24
|
|t:|1665425529
|cant|p1a: Heatran|par
|move|p2a: Glastrier|High Horsepower|p1a: Heatran
|-supereffective|p1a: Heatran
|-damage|p1a: Heatran|0 fnt
|faint|p1a: Heatran
|-ability|p2a: Glastrier|Chilling Neigh|boost
|-boost|p2a: Glastrier|atk|1
|
|upkeep
|
|t:|1665425544
|switch|p1a: Landorus|Landorus-Therian, M|56/100
|-damage|p1a: Landorus|44/100|[from] Stealth Rock
|-ability|p1a: Landorus|Intimidate|boost
|-unboost|p2a: Glastrier|atk|1
|turn|25
|
|t:|1665425548
|move|p1a: Landorus|U-turn|p2a: Glastrier
|-damage|p2a: Glastrier|68/100
|
|t:|1665425550
|switch|p1a: Tapu Fini|Tapu Fini|42/100|[from]move: U-turn
|-damage|p1a: Tapu Fini|30/100|[from] Stealth Rock
|-fieldstart|move: Misty Terrain|[from] ability: Misty Surge|[of] p1a: Tapu Fini
|move|p2a: Glastrier|Icicle Crash|p1a: Tapu Fini
|-resisted|p1a: Tapu Fini
|-damage|p1a: Tapu Fini|7/100
|
|upkeep
|turn|26
|
|t:|1665425559
|move|p1a: Tapu Fini|Trick|p2a: Glastrier
|-activate|p1a: Tapu Fini|move: Trick|[of] p2a: Glastrier
|-item|p2a: Glastrier|Choice Scarf|[from] move: Trick
|-enditem|p1a: Tapu Fini|Choice Scarf|[silent]|[from] move: Trick
|move|p2a: Glastrier|Icicle Crash|p1a: Tapu Fini
|-resisted|p1a: Tapu Fini
|-damage|p1a: Tapu Fini|0 fnt
|faint|p1a: Tapu Fini
|-ability|p2a: Glastrier|Chilling Neigh|boost
|-boost|p2a: Glastrier|atk|1
|
|upkeep
|
|t:|1665425566
|switch|p1a: Landorus|Landorus-Therian, M|44/100
|-damage|p1a: Landorus|32/100|[from] Stealth Rock
|-ability|p1a: Landorus|Intimidate|boost
|-unboost|p2a: Glastrier|atk|1
|turn|27
|
|t:|1665425569
|switch|p1a: Rotom|Rotom-Wash|31/100
|-damage|p1a: Rotom|18/100|[from] Stealth Rock
|move|p2a: Glastrier|Icicle Crash|p1a: Rotom
|-resisted|p1a: Rotom
|-damage|p1a: Rotom|0 fnt
|faint|p1a: Rotom
|-ability|p2a: Glastrier|Chilling Neigh|boost
|-boost|p2a: Glastrier|atk|1
|
|upkeep
|
|t:|1665425575
|switch|p1a: Weavile|Weavile, M|100/100
|-damage|p1a: Weavile|76/100|[from] Stealth Rock
|-ability|p1a: Weavile|Pressure
|turn|28
|
|t:|1665425578
|move|p1a: Weavile|Low Kick|p2a: Glastrier
|-supereffective|p2a: Glastrier
|-damage|p2a: Glastrier|0 fnt
|faint|p2a: Glastrier
|
|upkeep
|
|t:|1665425581
|switch|p2a: Bisharp|Bisharp, F|74/100
|turn|29
|l| Ran Kob
|
|t:|1665425587
|move|p1a: Weavile|Low Kick|p2a: Bisharp
|-supereffective|p2a: Bisharp
|-damage|p2a: Bisharp|0 fnt
|faint|p2a: Bisharp
|
|win|GorLeon
|raw|GorLeon's rating: 1602 &rarr; <strong>1625</strong><br />(+23 for winning)
|raw|roboPOKE's rating: 1651 &rarr; <strong>1628</strong><br />(-23 for losing)
|l|☆roboPOKE
|c|☆GorLeon|gg
