|j|☆Kevinskie
|j|☆Pok et glace
|t:|1663696538
|gametype|singles
|player|p1|Kevinskie|169|1690
|player|p2|Pok et glace|cynthia-masters|1923
|teamsize|p1|6
|teamsize|p2|6
|gen|8
|tier|[Gen 8] OU
|rated|
|rule|Sleep Clause Mod: Limit one foe put to sleep
|rule|Species Clause: Limit one of each Pokémon
|rule|OHKO Clause: OHKO moves are banned
|rule|Evasion Items Clause: Evasion items are banned
|rule|Evasion Moves Clause: Evasion moves are banned
|rule|Endless Battle Clause: Forcing endless battles is banned
|rule|HP Percentage Mod: HP is shown in percentages
|rule|Dynamax Clause: You cannot dynamax
|clearpoke
|poke|p1|Slowbro, M|
|poke|p1|Weavile, M|
|poke|p1|Melmetal|
|poke|p1|Kartana|
|poke|p1|Blacephalon|
|poke|p1|Landorus-Therian, M|
|poke|p2|Mew|
|poke|p2|Crawdaunt, M|
|poke|p2|Celesteela|
|poke|p2|Garchomp, F|
|poke|p2|Weavile, M|
|poke|p2|Blacephalon|
|teampreview
|
|t:|1663696556
|start
|switch|p1a: Weavile|Weavile, M|100/100
|switch|p2a: Sperm thing|Mew|100/100
|-ability|p1a: Weavile|Pressure
|turn|1
|
|t:|1663696559
|move|p1a: Weavile|Beat Up|p2a: Sperm thing
|-supereffective|p2a: Sperm thing
|-enditem|p2a: Sperm thing|Colbur Berry|[eat]
|-enditem|p2a: Sperm thing|Colbur Berry|[weaken]
|-damage|p2a: Sperm thing|88/100
|-supereffective|p2a: Sperm thing
|-damage|p2a: Sperm thing|73/100
|-supereffective|p2a: Sperm thing
|-damage|p2a: Sperm thing|44/100
|-supereffective|p2a: Sperm thing
|-damage|p2a: Sperm thing|13/100
|-supereffective|p2a: Sperm thing
|-damage|p2a: Sperm thing|0 fnt
|faint|p2a: Sperm thing
|-hitcount|p2: Sperm thing|5
|
|upkeep
|j| 0SiegeWarfare
|j| 8yccgogyc9y
|
|t:|1663696569
|switch|p2a: Jaw|Crawdaunt, M|100/100
|turn|2
|j| gare23limit
|
|t:|1663696574
|move|p1a: Weavile|Beat Up|p2a: Jaw
|-resisted|p2a: Jaw
|-damage|p2a: Jaw|91/100
|-resisted|p2a: Jaw
|-damage|p2a: Jaw|84/100
|-resisted|p2a: Jaw
|-damage|p2a: Jaw|72/100
|-resisted|p2a: Jaw
|-damage|p2a: Jaw|58/100
|-resisted|p2a: Jaw
|-damage|p2a: Jaw|48/100
|-resisted|p2a: Jaw
|-damage|p2a: Jaw|37/100
|-hitcount|p2a: Jaw|6
|move|p2a: Jaw|Swords Dance|p2a: Jaw
|-boost|p2a: Jaw|atk|2
|
|upkeep
|turn|3
|
|t:|1663696591
|switch|p1a: Kartana|Kartana|100/100
|move|p2a: Jaw|Aqua Jet|p1a: Kartana
|-resisted|p1a: Kartana
|-damage|p1a: Kartana|63/100
|-damage|p2a: Jaw|27/100|[from] item: Life Orb
|
|upkeep
|turn|4
|
|t:|1663696599
|move|p2a: Jaw|Aqua Jet|p1a: Kartana
|-resisted|p1a: Kartana
|-damage|p1a: Kartana|21/100
|-damage|p2a: Jaw|17/100|[from] item: Life Orb
|move|p1a: Kartana|Knock Off|p2a: Jaw
|-resisted|p2a: Jaw
|-damage|p2a: Jaw|0 fnt
|-enditem|p2a: Jaw|Life Orb|[from] move: Knock Off|[of] p1a: Kartana
|faint|p2a: Jaw
|-ability|p1a: Kartana|Beast Boost|boost
|-boost|p1a: Kartana|atk|1
|
|upkeep
|
|t:|1663696609
|switch|p2a: Hair|Weavile, M|100/100
|turn|5
|
|t:|1663696614
|switch|p1a: Landorus|Landorus-Therian, M|100/100
|-ability|p1a: Landorus|Intimidate|boost
|-unboost|p2a: Hair|atk|1
|move|p2a: Hair|Ice Shard|p1a: Landorus
|-supereffective|p1a: Landorus
|-damage|p1a: Landorus|47/100
|-damage|p2a: Hair|91/100|[from] item: Life Orb
|
|-heal|p1a: Landorus|53/100|[from] item: Leftovers
|upkeep
|turn|6
|
|t:|1663696624
|switch|p1a: Melmetal|Melmetal|100/100
|move|p2a: Hair|Knock Off|p1a: Melmetal
|-damage|p1a: Melmetal|76/100
|-enditem|p1a: Melmetal|Assault Vest|[from] move: Knock Off|[of] p2a: Hair
|-damage|p2a: Hair|81/100|[from] item: Life Orb
|
|upkeep
|turn|7
|
|t:|1663696631
|switch|p2a: Garchomp|Garchomp, F|100/100
|move|p1a: Melmetal|Superpower|p2a: Garchomp
|-damage|p2a: Garchomp|53/100
|-unboost|p1a: Melmetal|atk|1
|-unboost|p1a: Melmetal|def|1
|-damage|p1a: Melmetal|64/100|[from] ability: Rough Skin|[of] p2a: Garchomp
|
|upkeep
|turn|8
|
|t:|1663696644
|switch|p1a: Slowbro|Slowbro, M|100/100
|move|p2a: Garchomp|Swords Dance|p2a: Garchomp
|-boost|p2a: Garchomp|atk|2
|
|upkeep
|turn|9
|j| Demonius
|
|t:|1663696646
|move|p2a: Garchomp|Earthquake|p1a: Slowbro
|-damage|p1a: Slowbro|39/100
|move|p1a: Slowbro|Scald|p2a: Garchomp
|-damage|p2a: Garchomp|22/100
|
|upkeep
|turn|10
|
|t:|1663696656
|switch|p1a: Landorus|Landorus-Therian, M|53/100
|-ability|p1a: Landorus|Intimidate|boost
|-unboost|p2a: Garchomp|atk|1
|move|p2a: Garchomp|Scale Shot|p1a: Landorus
|-damage|p1a: Landorus|39/100
|-damage|p1a: Landorus|25/100
|-damage|p1a: Landorus|10/100
|-hitcount|p1a: Landorus|3
|-unboost|p2a: Garchomp|def|1
|-boost|p2a: Garchomp|spe|1
|
|-heal|p1a: Landorus|16/100|[from] item: Leftovers
|upkeep
|turn|11
|
|t:|1663696665
|move|p2a: Garchomp|Scale Shot|p1a: Landorus
|-damage|p1a: Landorus|1/100
|-damage|p1a: Landorus|0 fnt
|faint|p1a: Landorus
|-hitcount|p1: Landorus|2
|-unboost|p2a: Garchomp|def|1
|-boost|p2a: Garchomp|spe|1
|
|upkeep
|
|t:|1663696667
|switch|p1a: Weavile|Weavile, M|100/100
|-ability|p1a: Weavile|Pressure
|turn|12
|
|t:|1663696678
|switch|p2a: Blacephalon|Blacephalon|100/100
|move|p1a: Weavile|Ice Shard|p2a: Blacephalon
|-resisted|p2a: Blacephalon
|-damage|p2a: Blacephalon|65/100
|
|upkeep
|turn|13
|
|t:|1663696693
|switch|p1a: Melmetal|Melmetal|64/100
|move|p2a: Blacephalon|Shadow Ball|p1a: Melmetal
|-damage|p1a: Melmetal|25/100
|
|upkeep
|turn|14
|
|t:|1663696695
|move|p2a: Blacephalon|Shadow Ball|p1a: Melmetal
|-damage|p1a: Melmetal|0 fnt
|faint|p1a: Melmetal
|-ability|p2a: Blacephalon|Beast Boost|boost
|-boost|p2a: Blacephalon|spa|1
|
|upkeep
|
|t:|1663696698
|switch|p1a: Kartana|Kartana|21/100
|turn|15
|
|t:|1663696701
|switch|p2a: Hair|Weavile, M|81/100
|move|p1a: Kartana|Knock Off|p2a: Hair
|-resisted|p2a: Hair
|-damage|p2a: Hair|44/100
|-enditem|p2a: Hair|Life Orb|[from] move: Knock Off|[of] p1a: Kartana
|-enditem|p1a: Kartana|Choice Scarf|[silent]|[from] ability: Pickpocket|[of] p1a: Kartana
|-item|p2a: Hair|Choice Scarf|[from] ability: Pickpocket|[of] p1a: Kartana
|
|upkeep
|turn|16
|
|t:|1663696710
|switch|p1a: Weavile|Weavile, M|100/100
|-ability|p1a: Weavile|Pressure
|move|p2a: Hair|Knock Off|p1a: Weavile
|-resisted|p1a: Weavile
|-damage|p1a: Weavile|56/100
|-enditem|p1a: Weavile|Choice Band|[from] move: Knock Off|[of] p2a: Hair
|
|upkeep
|turn|17
|
|t:|1663696721
|switch|p2a: Garchomp|Garchomp, F|22/100
|move|p1a: Weavile|Triple Axel|p2a: Garchomp|[miss]
|-miss|p1a: Weavile|p2a: Garchomp
|
|upkeep
|turn|18
|
|t:|1663696727
|move|p1a: Weavile|Ice Shard|p2a: Garchomp
|-supereffective|p2a: Garchomp
|-damage|p2a: Garchomp|0 fnt
|faint|p2a: Garchomp
|
|upkeep
|c|☆Pok et glace|that was lucky
|
|t:|1663696735
|switch|p2a: Blacephalon|Blacephalon|65/100
|turn|19
|c|☆Pok et glace|counterintuitively
|
|t:|1663696740
|move|p2a: Blacephalon|Flamethrower|p1a: Weavile
|-supereffective|p1a: Weavile
|-damage|p1a: Weavile|0 fnt
|faint|p1a: Weavile
|-ability|p2a: Blacephalon|Beast Boost|boost
|-boost|p2a: Blacephalon|spa|1
|
|upkeep
|
|t:|1663696744
|switch|p1a: Slowbro|Slowbro, M|73/100
|turn|20
|
|t:|1663696749
|switch|p2a: Bod|Celesteela|100/100
|move|p1a: Slowbro|Scald|p2a: Bod
|-damage|p2a: Bod|72/100
|-status|p2a: Bod|brn
|
|-damage|p2a: Bod|66/100 brn|[from] brn
|upkeep
|turn|21
|
|t:|1663696754
|move|p2a: Bod|Meteor Beam||[still]
|-prepare|p2a: Bod|Meteor Beam
|-boost|p2a: Bod|spa|1
|-enditem|p2a: Bod|Power Herb
|-anim|p2a: Bod|Meteor Beam|p1a: Slowbro
|-damage|p1a: Slowbro|13/100
|move|p1a: Slowbro|Teleport|p1a: Slowbro
|c|☆Pok et glace|nvm
|
|t:|1663696774
|switch|p1a: Blacephalon|Blacephalon|100/100|[from]move: Teleport
|
|-damage|p2a: Bod|60/100 brn|[from] brn
|upkeep
|turn|22
|
|t:|1663696795
|move|p1a: Blacephalon|Flamethrower|p2a: Bod
|-supereffective|p2a: Bod
|-damage|p2a: Bod|0 fnt
|faint|p2a: Bod
|-ability|p1a: Blacephalon|Beast Boost|boost
|-boost|p1a: Blacephalon|spa|1
|
|upkeep
|
|t:|1663696805
|switch|p2a: Hair|Weavile, M|44/100
|turn|23
|
|t:|1663696837
|move|p2a: Hair|Knock Off|p1a: Blacephalon
|-supereffective|p1a: Blacephalon
|-damage|p1a: Blacephalon|0 fnt
|-enditem|p1a: Blacephalon|Choice Specs|[from] move: Knock Off|[of] p2a: Hair
|faint|p1a: Blacephalon
|
|upkeep
|
|t:|1663696842
|switch|p1a: Slowbro|Slowbro, M|47/100
|turn|24
|
|t:|1663696856
|switch|p1a: Kartana|Kartana|21/100
|move|p2a: Hair|Knock Off|p1a: Kartana
|-damage|p1a: Kartana|0 fnt
|faint|p1a: Kartana
|
|upkeep
|
|t:|1663696860
|switch|p1a: Slowbro|Slowbro, M|80/100
|turn|25
|
|t:|1663696872
|switch|p2a: Blacephalon|Blacephalon|65/100
|move|p1a: Slowbro|Scald|p2a: Blacephalon
|-supereffective|p2a: Blacephalon
|-damage|p2a: Blacephalon|0 fnt
|faint|p2a: Blacephalon
|
|upkeep
|c|☆Pok et glace|WHYYYYYYYYYYYY
|
|t:|1663696881
|switch|p2a: Hair|Weavile, M|44/100
|turn|26
|
|t:|1663696886
|move|p2a: Hair|Knock Off|p1a: Slowbro
|-supereffective|p1a: Slowbro
|-damage|p1a: Slowbro|21/100
|-enditem|p1a: Slowbro|Heavy-Duty Boots|[from] move: Knock Off|[of] p2a: Hair
|move|p1a: Slowbro|Slack Off|p1a: Slowbro
|-heal|p1a: Slowbro|71/100
|
|upkeep
|turn|27
|c|☆Pok et glace|nooooo
|
|t:|1663696890
|move|p2a: Hair|Knock Off|p1a: Slowbro
|-supereffective|p1a: Slowbro
|-damage|p1a: Slowbro|27/100
|move|p1a: Slowbro|Slack Off|p1a: Slowbro
|-heal|p1a: Slowbro|77/100
|
|upkeep
|turn|28
|c|☆Kevinskie|what
|
|t:|1663696899
|move|p2a: Hair|Knock Off|p1a: Slowbro
|-supereffective|p1a: Slowbro
|-damage|p1a: Slowbro|33/100
|move|p1a: Slowbro|Slack Off|p1a: Slowbro
|-heal|p1a: Slowbro|83/100
|
|upkeep
|turn|29
|c|☆Pok et glace|why did you click scald
|
|t:|1663696905
|move|p2a: Hair|Knock Off|p1a: Slowbro
|-supereffective|p1a: Slowbro
|-damage|p1a: Slowbro|37/100
|move|p1a: Slowbro|Slack Off|p1a: Slowbro
|-heal|p1a: Slowbro|88/100
|
|upkeep
|turn|30
|c|☆Kevinskie|why didnt u spam knock lol
|c|☆Kevinskie|blaceph easily kills slowbro
|
|t:|1663696919
|move|p2a: Hair|Knock Off|p1a: Slowbro
|-supereffective|p1a: Slowbro
|-damage|p1a: Slowbro|43/100
|move|p1a: Slowbro|Slack Off|p1a: Slowbro
|-heal|p1a: Slowbro|93/100
|
|upkeep
|turn|31
|c|☆Pok et glace|no it doesn't im scarf
|c|☆Kevinskie|ah
|
|t:|1663696940
|move|p2a: Hair|Knock Off|p1a: Slowbro
|-supereffective|p1a: Slowbro
|-damage|p1a: Slowbro|50/100
|move|p1a: Slowbro|Scald|p2a: Hair
|-damage|p2a: Hair|4/100
|
|upkeep
|turn|32
|c|☆Pok et glace|how did i lose this
|
|t:|1663696949
|move|p2a: Hair|Knock Off|p1a: Slowbro
|-supereffective|p1a: Slowbro
|-damage|p1a: Slowbro|6/100
|move|p1a: Slowbro|Scald|p2a: Hair
|-damage|p2a: Hair|0 fnt
|faint|p2a: Hair
|
|win|Kevinskie
|raw|Kevinskie's rating: 1690 &rarr; <strong>1722</strong><br />(+32 for winning)
|raw|Pok et glace's rating: 1923 &rarr; <strong>1891</strong><br />(-32 for losing)
|c|☆Pok et glace|how
|c|☆Pok et glace|hbifrjlnbe& eapuvhm
|c|☆Pok et glace|é
|c|☆Pok et glace|*bippk"rg
|l| gare23limit
|c|☆Pok et glace|fuuuuuck
|c|☆Kevinskie|gg!
|c|☆Pok et glace|no shut up*
|c|☆Pok et glace|i choked this 100 times
|l| 8yccgogyc9y
|l|☆Pok et glace
||Ladder isn't responding, score probably updated but might not have (Request timeout).
