|j|☆Sp0oNl0rD
|j|☆new account 666666
|inactive|Battle timer is ON: inactive players will automatically lose when time's up.
|t:|1646292798
|gametype|singles
|player|p1|Sp0oNl0rD|102|
|player|p2|new account 666666|policeman|
|teamsize|p1|6
|teamsize|p2|6
|gen|8
|tier|[Gen 8] OU
|rated|Tournament battle
|rule|Sleep Clause Mod: Limit one foe put to sleep
|rule|Species Clause: Limit one of each Pokémon
|rule|OHKO Clause: OHKO moves are banned
|rule|Evasion Moves Clause: Evasion moves are banned
|rule|Endless Battle Clause: Forcing endless battles is banned
|rule|HP Percentage Mod: HP is shown in percentages
|rule|Dynamax Clause: You cannot dynamax
|rule|Inverse Mod: Weaknesses become resistances, while resistances and immunities become weaknesses.
|clearpoke
|poke|p1|Roserade, F|
|poke|p1|Nidoqueen, F|
|poke|p1|Galvantula, F|
|poke|p1|Cloyster, M|
|poke|p1|Polteageist|
|poke|p1|Stakataka|
|poke|p2|Raichu-Alola, F|
|poke|p2|Tapu Koko|
|poke|p2|Clefable, M|
|poke|p2|Ferrothorn, F|
|poke|p2|Landorus-Therian, M|
|poke|p2|Victini|
|teampreview
|inactive|Sp0oNl0rD also wants the timer to be on.
|inactive|new account 666666 also wants the timer to be on.
|c|☆new account 666666|GL HF
|j| Serp IV
|c|☆Sp0oNl0rD|U2
|j| Meowerdoom
|
|t:|1646292817
|start
|switch|p1a: Roserade|Roserade, F|100/100
|switch|p2a: Tapu Koko|Tapu Koko|100/100
|-fieldstart|move: Electric Terrain|[from] ability: Electric Surge|[of] p2a: Tapu Koko
|turn|1
|j| articbanana
|j| Ferenc Liszt
|j| clef team
|
|t:|1646292829
|move|p2a: Tapu Koko|Discharge|p1a: Roserade
|-supereffective|p1a: Roserade
|-damage|p1a: Roserade|13/100
|move|p1a: Roserade|Spikes|p2a: Tapu Koko
|-sidestart|p2: new account 666666|Spikes
|
|upkeep
|turn|2
|
|t:|1646292835
|move|p2a: Tapu Koko|Discharge|p1a: Roserade
|-supereffective|p1a: Roserade
|-damage|p1a: Roserade|0 fnt
|faint|p1a: Roserade
|
|upkeep
|
|t:|1646292837
|switch|p1a: Galvantula|Galvantula, F|100/100
|turn|3
|c| clef team|i was 1 mon away from finishing a broken shed stall
|c| clef team|bfore dq timer
|n| Ferenc Liszt|ferencliszt
|c| clef team|fucked me up
|c| clef team|yall got lucky smh
|
|t:|1646292857
|move|p2a: Tapu Koko|Discharge|p1a: Galvantula
|-supereffective|p1a: Galvantula
|-crit|p1a: Galvantula
|-enditem|p1a: Galvantula|Focus Sash
|-damage|p1a: Galvantula|1/100
|move|p1a: Galvantula|Thunder|p2a: Tapu Koko
|-supereffective|p2a: Tapu Koko
|-damage|p2a: Tapu Koko|0 fnt
|faint|p2a: Tapu Koko
|
|upkeep
|
|t:|1646292865
|switch|p2a: Raichu|Raichu-Alola, F, shiny|100/100
|-damage|p2a: Raichu|88/100|[from] Spikes
|turn|4
|
|t:|1646292871
|move|p2a: Raichu|Rising Voltage|p1a: Galvantula
|-supereffective|p1a: Galvantula
|-damage|p1a: Galvantula|0 fnt
|faint|p1a: Galvantula
|
|upkeep
|
|t:|1646292879
|switch|p1a: Cloyster|Cloyster, M|100/100
|turn|5
|
|t:|1646292886
|move|p2a: Raichu|Rising Voltage|p1a: Cloyster
|-resisted|p1a: Cloyster
|-damage|p1a: Cloyster|0 fnt
|faint|p1a: Cloyster
|
|-fieldend|move: Electric Terrain
|upkeep
|
|t:|1646292892
|switch|p1a: Polteageist|Polteageist|100/100
|turn|6
|
|t:|1646292894
|move|p2a: Raichu|Rising Voltage|p1a: Polteageist
|-damage|p1a: Polteageist|40/100
|move|p1a: Polteageist|Shell Smash|p1a: Polteageist
|-unboost|p1a: Polteageist|def|1
|-unboost|p1a: Polteageist|spd|1
|-boost|p1a: Polteageist|atk|2
|-boost|p1a: Polteageist|spa|2
|-boost|p1a: Polteageist|spe|2
|
|upkeep
|turn|7
|
|t:|1646292898
|move|p1a: Polteageist|Stored Power|p2a: Raichu
|-supereffective|p2a: Raichu
|-damage|p2a: Raichu|0 fnt
|faint|p2a: Raichu
|
|upkeep
|
|t:|1646292904
|switch|p2a: Clefable|Clefable, M|100/100
|turn|8
|
|t:|1646292909
|move|p1a: Polteageist|Stored Power|p2a: Clefable
|-damage|p2a: Clefable|30/100
|move|p2a: Clefable|Moonblast|p1a: Polteageist
|-damage|p1a: Polteageist|0 fnt
|faint|p1a: Polteageist
|
|-heal|p2a: Clefable|37/100|[from] item: Leftovers
|upkeep
|
|t:|1646292911
|switch|p1a: Nidoqueen|Nidoqueen, F|100/100
|turn|9
|
|t:|1646292918
|move|p2a: Clefable|Protect|p2a: Clefable
|-singleturn|p2a: Clefable|Protect
|move|p1a: Nidoqueen|Earth Power|p2a: Clefable
|-activate|p2a: Clefable|move: Protect
|
|-heal|p2a: Clefable|43/100|[from] item: Leftovers
|upkeep
|turn|10
|
|t:|1646292925
|move|p1a: Nidoqueen|Earth Power|p2a: Clefable
|-damage|p2a: Clefable|5/100
|move|p2a: Clefable|Moonblast|p1a: Nidoqueen
|-supereffective|p1a: Nidoqueen
|-damage|p1a: Nidoqueen|22/100
|-unboost|p1a: Nidoqueen|spa|1
|
|-heal|p2a: Clefable|11/100|[from] item: Leftovers
|upkeep
|turn|11
|
|t:|1646292929
|move|p2a: Clefable|Protect|p2a: Clefable
|-singleturn|p2a: Clefable|Protect
|move|p1a: Nidoqueen|Stealth Rock|p2a: Clefable
|-sidestart|p2: new account 666666|move: Stealth Rock
|
|-heal|p2a: Clefable|17/100|[from] item: Leftovers
|upkeep
|turn|12
|
|t:|1646292934
|switch|p2a: Victini|Victini|100/100
|move|p1a: Nidoqueen|Earth Power|p2a: Victini
|-resisted|p2a: Victini
|-damage|p2a: Victini|81/100
|
|upkeep
|turn|13
|
|t:|1646292938
|move|p2a: Victini|Bolt Strike|p1a: Nidoqueen
|-supereffective|p1a: Nidoqueen
|-damage|p1a: Nidoqueen|0 fnt
|faint|p1a: Nidoqueen
|
|upkeep
|
|t:|1646292940
|switch|p1a: Stakataka|Stakataka|100/100
|turn|14
|
|t:|1646292943
|move|p2a: Victini|Bolt Strike|p1a: Stakataka
|-damage|p1a: Stakataka|77/100
|move|p1a: Stakataka|Trick Room|p1a: Stakataka
|-fieldstart|move: Trick Room|[of] p1a: Stakataka
|
|upkeep
|turn|15
|
|t:|1646292946
|move|p1a: Stakataka|Gyro Ball|p2a: Victini
|-supereffective|p2a: Victini
|-damage|p2a: Victini|0 fnt
|faint|p2a: Victini
|-ability|p1a: Stakataka|Beast Boost|boost
|-boost|p1a: Stakataka|atk|1
|-damage|p1a: Stakataka|67/100|[from] item: Life Orb
|
|upkeep
|
|t:|1646292948
|switch|p2a: Ferrothorn|Ferrothorn, F|100/100
|-damage|p2a: Ferrothorn|76/100|[from] Stealth Rock
|-damage|p2a: Ferrothorn|63/100|[from] Spikes
|turn|16
|
|t:|1646292953
|move|p1a: Stakataka|Gyro Ball|p2a: Ferrothorn
|-supereffective|p2a: Ferrothorn
|-damage|p2a: Ferrothorn|0 fnt
|-damage|p1a: Stakataka|55/100|[from] ability: Iron Barbs|[of] p2a: Ferrothorn
|faint|p2a: Ferrothorn
|-ability|p1a: Stakataka|Beast Boost|boost
|-boost|p1a: Stakataka|atk|1
|-damage|p1a: Stakataka|45/100|[from] item: Life Orb
|
|upkeep
|
|t:|1646292955
|switch|p2a: Clefable|Clefable, M|17/100
|turn|17
|
|t:|1646292959
|move|p2a: Clefable|Protect|p2a: Clefable
|-singleturn|p2a: Clefable|Protect
|move|p1a: Stakataka|Gyro Ball|p2a: Clefable
|-activate|p2a: Clefable|move: Protect
|
|-heal|p2a: Clefable|23/100|[from] item: Leftovers
|upkeep
|turn|18
|c| articbanana|stkataka revene sweep lel
|j| kind of liked it
|
|t:|1646292974
|move|p1a: Stakataka|Gyro Ball|p2a: Clefable
|-resisted|p2a: Clefable
|-damage|p2a: Clefable|0 fnt
|faint|p2a: Clefable
|-ability|p1a: Stakataka|Beast Boost|boost
|-boost|p1a: Stakataka|atk|1
|-damage|p1a: Stakataka|35/100|[from] item: Life Orb
|
|-fieldend|move: Trick Room
|upkeep
|
|t:|1646292976
|switch|p2a: Landorus|Landorus-Therian, M|100/100
|-damage|p2a: Landorus|88/100|[from] Stealth Rock
|-ability|p2a: Landorus|Intimidate|boost
|-unboost|p1a: Stakataka|atk|1
|turn|19
|
|t:|1646292980
|move|p2a: Landorus|U-turn|p1a: Stakataka
|-supereffective|p1a: Stakataka
|-damage|p1a: Stakataka|6/100
|move|p1a: Stakataka|Gyro Ball|p2a: Landorus
|-damage|p2a: Landorus|0 fnt
|faint|p2a: Landorus
|-damage|p1a: Stakataka|0 fnt|[from] item: Life Orb
|faint|p1a: Stakataka
|
|win|Sp0oNl0rD
|n|☆Sp0oNl0rD|sp0onl0rd
|n|☆new account 666666|newaccount666666
|n| Serp IV|serpiv
|n| Meowerdoom|meowerdoom
|n| articbanana|articbanana
|n| Ferenc Liszt|ferencliszt
|n| clef team|clefteam
|n| kind of liked it|kindoflikedit
