|j|☆gu3st567
|j|☆testotesto321
|player|p1|gu3st567|102|1688
|player|p2|testotesto321|bellelba|1721
|teamsize|p1|6
|teamsize|p2|6
|gametype|singles
|gen|8
|tier|[Gen 8] OU
|rated|
|clearpoke
|poke|p1|Dracovish|
|poke|p1|Conkeldurr, M|
|poke|p1|Gengar, M|
|poke|p1|Ferrothorn, F|
|poke|p1|Corviknight, F|
|poke|p1|Clefable, F|
|poke|p2|Gengar, M|
|poke|p2|Zeraora|
|poke|p2|Clefable, F|
|poke|p2|Hippowdon, F|
|poke|p2|Corviknight, F|
|poke|p2|Toxapex, F|
|rule|Sleep Clause Mod: Limit one foe put to sleep
|rule|Species Clause: Limit one of each Pokémon
|rule|OHKO Clause: OHKO moves are banned
|rule|Evasion Moves Clause: Evasion moves are banned
|rule|Endless Battle Clause: Forcing endless battles is banned
|rule|HP Percentage Mod: HP is shown in percentages
|rule|Dynamax Clause: You cannot dynamax
|teampreview
|j| imN0tJ0sh
|l| imN0tJ0sh
|
|start
|switch|p1a: Ferrothorn|Ferrothorn, F|100/100
|switch|p2a: Toxapex|Toxapex, F, shiny|100/100
|turn|1
|
|move|p2a: Toxapex|Scald|p1a: Ferrothorn
|-resisted|p1a: Ferrothorn
|-damage|p1a: Ferrothorn|93/100
|move|p1a: Ferrothorn|Knock Off|p2a: Toxapex
|-crit|p2a: Toxapex
|-damage|p2a: Toxapex|82/100
|-enditem|p2a: Toxapex|Black Sludge|[from] move: Knock Off|[of] p1a: Ferrothorn
|
|-heal|p1a: Ferrothorn|99/100|[from] item: Leftovers
|upkeep
|turn|2
|j| Xtrainer22
|
|switch|p2a: Clefable|Clefable, F, shiny|100/100
|switch|p1a: Clefable|Clefable, F|100/100
|
|upkeep
|turn|3
|
|move|p2a: Clefable|Thunder Wave|p1a: Clefable
|-status|p1a: Clefable|par
|move|p1a: Clefable|Moonblast|p2a: Clefable
|-damage|p2a: Clefable|68/100
|
|upkeep
|turn|4
|
|move|p2a: Clefable|Soft-Boiled|p2a: Clefable
|-heal|p2a: Clefable|100/100
|move|p1a: Clefable|Teleport|p1a: Clefable
|
|switch|p1a: Dracovish|Dracovish|100/100|[from]move: Teleport
|
|upkeep
|turn|5
|
|switch|p2a: Toxapex|Toxapex, F, shiny|100/100
|move|p1a: Dracovish|Fishious Rend|p2a: Toxapex
|-resisted|p2a: Toxapex
|-damage|p2a: Toxapex|46/100
|
|upkeep
|turn|6
|
|switch|p1a: Ferrothorn|Ferrothorn, F|99/100
|switch|p2a: Hippowdon|Hippowdon, F|100/100
|-weather|Sandstorm|[from] ability: Sand Stream|[of] p2a: Hippowdon
|
|-weather|Sandstorm|[upkeep]
|-heal|p1a: Ferrothorn|100/100|[from] item: Leftovers
|upkeep
|turn|7
|
|switch|p2a: Toxapex|Toxapex, F, shiny|79/100
|move|p1a: Ferrothorn|Stealth Rock|p2a: Toxapex
|-sidestart|p2: testotesto321|move: Stealth Rock
|
|-weather|Sandstorm|[upkeep]
|-damage|p2a: Toxapex|73/100|[from] Sandstorm
|upkeep
|turn|8
|
|switch|p2a: Clefable|Clefable, F, shiny|100/100
|switch|p1a: Clefable|Clefable, F|100/100 par
|
|-weather|Sandstorm|[upkeep]
|upkeep
|turn|9
|
|move|p2a: Clefable|Moonblast|p1a: Clefable
|-damage|p1a: Clefable|64/100 par
|cant|p1a: Clefable|par
|
|-weather|Sandstorm|[upkeep]
|-heal|p1a: Clefable|71/100 par|[from] item: Leftovers
|upkeep
|turn|10
|
|move|p2a: Clefable|Moonblast|p1a: Clefable
|-damage|p1a: Clefable|32/100 par
|cant|p1a: Clefable|par
|
|-weather|none
|-heal|p1a: Clefable|38/100 par|[from] item: Leftovers
|upkeep
|turn|11
|
|move|p1a: Clefable|Protect|p1a: Clefable
|-singleturn|p1a: Clefable|Protect
|move|p2a: Clefable|Moonblast|p1a: Clefable
|-activate|p1a: Clefable|move: Protect
|
|-heal|p1a: Clefable|44/100 par|[from] item: Leftovers
|upkeep
|turn|12
|
|move|p2a: Clefable|Moonblast|p1a: Clefable
|-damage|p1a: Clefable|4/100 par
|cant|p1a: Clefable|par
|
|-heal|p1a: Clefable|10/100 par|[from] item: Leftovers
|upkeep
|turn|13
|
|move|p1a: Clefable|Protect|p1a: Clefable
|-singleturn|p1a: Clefable|Protect
|move|p2a: Clefable|Moonblast|p1a: Clefable
|-activate|p1a: Clefable|move: Protect
|
|-heal|p1a: Clefable|16/100 par|[from] item: Leftovers
|upkeep
|turn|14
|
|switch|p1a: Corviknight|Corviknight, F|100/100
|-ability|p1a: Corviknight|Pressure
|move|p2a: Clefable|Flamethrower|p1a: Corviknight
|-supereffective|p1a: Corviknight
|-damage|p1a: Corviknight|46/100
|
|-heal|p1a: Corviknight|52/100|[from] item: Leftovers
|upkeep
|turn|15
|
|move|p2a: Clefable|Thunder Wave|p1a: Corviknight
|-status|p1a: Corviknight|par
|move|p1a: Corviknight|U-turn|p2a: Clefable
|-resisted|p2a: Clefable
|-damage|p2a: Clefable|91/100
|
|switch|p1a: Dracovish|Dracovish|100/100|[from]move: U-turn
|
|upkeep
|turn|16
|
|switch|p2a: Hippowdon|Hippowdon, F|100/100
|-damage|p2a: Hippowdon|94/100|[from] Stealth Rock
|-weather|Sandstorm|[from] ability: Sand Stream|[of] p2a: Hippowdon
|move|p1a: Dracovish|Fishious Rend|p2a: Hippowdon
|-supereffective|p2a: Hippowdon
|-damage|p2a: Hippowdon|0 fnt
|-damage|p1a: Dracovish|84/100|[from] item: Rocky Helmet|[of] p2a: Hippowdon
|faint|p2a: Hippowdon
|
|-weather|Sandstorm|[upkeep]
|-damage|p1a: Dracovish|78/100|[from] Sandstorm
|upkeep
|
|switch|p2a: Zeraora|Zeraora|100/100
|-damage|p2a: Zeraora|88/100|[from] Stealth Rock
|turn|17
|
|switch|p2a: Gengar|Gengar, M|100/100
|-damage|p2a: Gengar|88/100|[from] Stealth Rock
|move|p1a: Dracovish|Fishious Rend|p2a: Gengar
|-damage|p2a: Gengar|0 fnt
|-start|p1a: Dracovish|Disable|Fishious Rend|[from] ability: Cursed Body|[of] p2a: Gengar
|faint|p2a: Gengar
|
|-weather|Sandstorm|[upkeep]
|-damage|p1a: Dracovish|72/100|[from] Sandstorm
|upkeep
|
|switch|p2a: Clefable|Clefable, F, shiny|91/100
|turn|18
|inactive|Battle timer is ON: inactive players will automatically lose when time's up. (requested by gu3st567)
|
|switch|p1a: Clefable|Clefable, F|16/100 par
|move|p2a: Clefable|Flamethrower|p1a: Clefable
|-damage|p1a: Clefable|0 fnt
|faint|p1a: Clefable
|
|-weather|Sandstorm|[upkeep]
|upkeep
|
|switch|p1a: Dracovish|Dracovish|72/100
|turn|19
|
|switch|p2a: Corviknight|Corviknight, F, shiny|100/100
|-damage|p2a: Corviknight|88/100|[from] Stealth Rock
|-ability|p2a: Corviknight|Pressure
|move|p1a: Dracovish|Fishious Rend|p2a: Corviknight
|-damage|p2a: Corviknight|0 fnt
|faint|p2a: Corviknight
|
|-weather|Sandstorm|[upkeep]
|-damage|p1a: Dracovish|65/100|[from] Sandstorm
|upkeep
|
|switch|p2a: Zeraora|Zeraora|88/100
|-damage|p2a: Zeraora|76/100|[from] Stealth Rock
|turn|20
|
|switch|p1a: Ferrothorn|Ferrothorn, F|100/100
|move|p2a: Zeraora|Play Rough|p1a: Ferrothorn
|-resisted|p1a: Ferrothorn
|-damage|p1a: Ferrothorn|93/100
|-damage|p2a: Zeraora|64/100|[from] ability: Iron Barbs|[of] p1a: Ferrothorn
|
|-weather|none
|-heal|p1a: Ferrothorn|99/100|[from] item: Leftovers
|upkeep
|turn|21
|
|switch|p2a: Clefable|Clefable, F, shiny|91/100
|move|p1a: Ferrothorn|Knock Off|p2a: Clefable
|-resisted|p2a: Clefable
|-damage|p2a: Clefable|79/100
|-enditem|p2a: Clefable|Life Orb|[from] move: Knock Off|[of] p1a: Ferrothorn
|
|-heal|p1a: Ferrothorn|100/100|[from] item: Leftovers
|upkeep
|turn|22
|
|switch|p1a: Corviknight|Corviknight, F|52/100 par
|-ability|p1a: Corviknight|Pressure
|move|p2a: Clefable|Moonblast|p1a: Corviknight
|-resisted|p1a: Corviknight
|-damage|p1a: Corviknight|36/100 par
|
|-heal|p1a: Corviknight|43/100 par|[from] item: Leftovers
|upkeep
|turn|23
|
|move|p2a: Clefable|Moonblast|p1a: Corviknight
|-resisted|p1a: Corviknight
|-damage|p1a: Corviknight|28/100 par
|move|p1a: Corviknight|U-turn|p2a: Clefable
|-resisted|p2a: Clefable
|-crit|p2a: Clefable
|-damage|p2a: Clefable|65/100
|
|switch|p1a: Dracovish|Dracovish|65/100|[from]move: U-turn
|
|upkeep
|turn|24
|
|switch|p2a: Toxapex|Toxapex, F, shiny|100/100
|-damage|p2a: Toxapex|88/100|[from] Stealth Rock
|move|p1a: Dracovish|Fishious Rend|p2a: Toxapex
|-resisted|p2a: Toxapex
|-damage|p2a: Toxapex|42/100
|
|upkeep
|turn|25
|
|move|p1a: Dracovish|Fishious Rend|p2a: Toxapex
|-resisted|p2a: Toxapex
|-damage|p2a: Toxapex|0 fnt
|faint|p2a: Toxapex
|
|upkeep
|
|switch|p2a: Zeraora|Zeraora|64/100
|-damage|p2a: Zeraora|51/100|[from] Stealth Rock
|turn|26
|j| lalabulu
|
|switch|p2a: Clefable|Clefable, F, shiny|65/100
|switch|p1a: Ferrothorn|Ferrothorn, F|100/100
|
|upkeep
|turn|27
|
|switch|p1a: Corviknight|Corviknight, F|28/100 par
|-ability|p1a: Corviknight|Pressure
|move|p2a: Clefable|Thunder Wave|p1a: Corviknight
|-fail|p1a: Corviknight|par
|
|-heal|p1a: Corviknight|34/100 par|[from] item: Leftovers
|upkeep
|turn|28
|
|move|p2a: Clefable|Flamethrower|p1a: Corviknight
|-supereffective|p1a: Corviknight
|-damage|p1a: Corviknight|0 fnt
|faint|p1a: Corviknight
|
|upkeep
|
|switch|p1a: Dracovish|Dracovish|65/100
|turn|29
|
|move|p1a: Dracovish|Fishious Rend|p2a: Clefable
|-damage|p2a: Clefable|0 fnt
|faint|p2a: Clefable
|
|upkeep
|-message|testotesto321 forfeited.
|
|win|gu3st567
|l|☆testotesto321
