|html|<div class="broadcast-blue"><strong>[Gen 8] OU is currently suspecting Melmetal! For information on how to participate check out the <a href="https://www.smogon.com/forums/threads/np-ss-ou-suspect-process-round-12-monster-mash.3709234/">suspect thread</a>.</strong></div>
|j|☆HQSTest
|j|☆classicdoughnut
|t:|1665902702
|gametype|singles
|player|p1|HQSTest|veteranf|1606
|player|p2|classicdoughnut|266|1655
|teamsize|p1|6
|teamsize|p2|6
|gen|8
|tier|[Gen 8] OU
|rated|
|rule|Sleep Clause Mod: Limit one foe put to sleep
|rule|Species Clause: Limit one of each Pokémon
|rule|OHKO Clause: OHKO moves are banned
|rule|Evasion Items Clause: Evasion items are banned
|rule|Evasion Moves Clause: Evasion moves are banned
|rule|Endless Battle Clause: Forcing endless battles is banned
|rule|HP Percentage Mod: HP is shown in percentages
|rule|Dynamax Clause: You cannot dynamax
|clearpoke
|poke|p1|Moltres-Galar|
|poke|p1|Hatterene, F|
|poke|p1|Melmetal|
|poke|p1|Regieleki|
|poke|p1|Garchomp, M|
|poke|p1|Dragonite, M|
|poke|p2|Clefable, M|
|poke|p2|Rotom-Wash|
|poke|p2|Zapdos-Galar|
|poke|p2|Latios, M|
|poke|p2|Landorus-Therian, M|
|poke|p2|Melmetal|
|teampreview
|inactive|Battle timer is ON: inactive players will automatically lose when time's up. (requested by HQSTest)
|
|t:|1665902735
|start
|switch|p1a: Regieleki|Regieleki|100/100
|switch|p2a: Clefable|Clefable, M, shiny|100/100
|turn|1
|
|t:|1665902754
|move|p1a: Regieleki|Wild Charge|p2a: Clefable
|-damage|p2a: Clefable|53/100
|-damage|p1a: Regieleki|84/100|[from] item: Rocky Helmet|[of] p2a: Clefable
|-damage|p1a: Regieleki|69/100|[from] Recoil
|move|p2a: Clefable|Stealth Rock|p1a: Regieleki
|-sidestart|p1: HQSTest|move: Stealth Rock
|
|upkeep
|turn|2
|
|t:|1665902760
|move|p1a: Regieleki|Light Screen|p1a: Regieleki
|-sidestart|p1: HQSTest|move: Light Screen
|move|p2a: Clefable|Soft-Boiled|p2a: Clefable
|-heal|p2a: Clefable|100/100
|
|upkeep
|turn|3
|
|t:|1665902770
|switch|p2a: Gen7Lord|Landorus-Therian, M, shiny|100/100
|-ability|p2a: Gen7Lord|Intimidate|boost
|-unboost|p1a: Regieleki|atk|1
|move|p1a: Regieleki|Rapid Spin|p2a: Gen7Lord
|-damage|p2a: Gen7Lord|91/100
|-boost|p1a: Regieleki|spe|1
|-sideend|p1: HQSTest|Stealth Rock|[from] move: Rapid Spin|[of] p1a: Regieleki
|
|-heal|p2a: Gen7Lord|97/100|[from] item: Leftovers
|upkeep
|turn|4
|
|t:|1665902777
|switch|p1a: Garchomp|Garchomp, M|100/100
|move|p2a: Gen7Lord|Earthquake|p1a: Garchomp
|-damage|p1a: Garchomp|51/100
|
|-heal|p1a: Garchomp|57/100|[from] item: Leftovers
|-heal|p2a: Gen7Lord|100/100|[from] item: Leftovers
|upkeep
|turn|5
|
|t:|1665902787
|move|p1a: Garchomp|Stealth Rock|p2a: Gen7Lord
|-sidestart|p2: classicdoughnut|move: Stealth Rock
|move|p2a: Gen7Lord|Earthquake|p1a: Garchomp
|-damage|p1a: Garchomp|7/100
|
|-heal|p1a: Garchomp|13/100|[from] item: Leftovers
|upkeep
|turn|6
|
|t:|1665902793
|move|p1a: Garchomp|Scale Shot|p2a: Gen7Lord
|-crit|p2a: Gen7Lord
|-damage|p2a: Gen7Lord|82/100
|-crit|p2a: Gen7Lord
|-damage|p2a: Gen7Lord|61/100
|-damage|p2a: Gen7Lord|49/100
|-damage|p2a: Gen7Lord|37/100
|-hitcount|p2a: Gen7Lord|4
|-unboost|p1a: Garchomp|def|1
|-boost|p1a: Garchomp|spe|1
|move|p2a: Gen7Lord|Defog|p1a: Garchomp
|-unboost|p1a: Garchomp|evasion|1
|-sideend|p1: HQSTest|move: Light Screen
|-sideend|p2: classicdoughnut|Stealth Rock|[from] move: Defog|[of] p2a: Gen7Lord
|
|-heal|p1a: Garchomp|20/100|[from] item: Leftovers
|-heal|p2a: Gen7Lord|43/100|[from] item: Leftovers
|upkeep
|turn|7
|
|t:|1665902804
|switch|p2a: Clefable|Clefable, M, shiny|100/100
|move|p1a: Garchomp|Stealth Rock|p2a: Clefable
|-sidestart|p2: classicdoughnut|move: Stealth Rock
|
|-heal|p1a: Garchomp|26/100|[from] item: Leftovers
|upkeep
|turn|8
|
|t:|1665902810
|switch|p1a: Regieleki|Regieleki|69/100
|move|p2a: Clefable|Knock Off|p1a: Regieleki
|-damage|p1a: Regieleki|42/100
|-enditem|p1a: Regieleki|Light Clay|[from] move: Knock Off|[of] p2a: Clefable
|
|upkeep
|turn|9
|
|t:|1665902816
|move|p1a: Regieleki|Light Screen|p1a: Regieleki
|-sidestart|p1: HQSTest|move: Light Screen
|move|p2a: Clefable|Moonblast|p1a: Regieleki
|-damage|p1a: Regieleki|12/100
|-unboost|p1a: Regieleki|spa|1
|
|upkeep
|turn|10
|
|t:|1665902820
|switch|p2a: Gen7Lord|Landorus-Therian, M, shiny|43/100
|-damage|p2a: Gen7Lord|31/100|[from] Stealth Rock
|-ability|p2a: Gen7Lord|Intimidate|boost
|-unboost|p1a: Regieleki|atk|1
|move|p1a: Regieleki|Reflect|p1a: Regieleki
|-sidestart|p1: HQSTest|Reflect
|
|-heal|p2a: Gen7Lord|37/100|[from] item: Leftovers
|upkeep
|turn|11
|
|t:|1665902823
|move|p1a: Regieleki|Rapid Spin|p2a: Gen7Lord
|-damage|p2a: Gen7Lord|27/100
|-boost|p1a: Regieleki|spe|1
|move|p2a: Gen7Lord|Defog|p1a: Regieleki
|-unboost|p1a: Regieleki|evasion|1
|-sideend|p1: HQSTest|Reflect
|-sideend|p1: HQSTest|move: Light Screen
|-sideend|p2: classicdoughnut|Stealth Rock|[from] move: Defog|[of] p2a: Gen7Lord
|
|-heal|p2a: Gen7Lord|33/100|[from] item: Leftovers
|upkeep
|turn|12
|
|t:|1665902831
|move|p1a: Regieleki|Reflect|p1a: Regieleki
|-sidestart|p1: HQSTest|Reflect
|move|p2a: Gen7Lord|Earthquake|p1a: Regieleki
|-supereffective|p1a: Regieleki
|-damage|p1a: Regieleki|0 fnt
|faint|p1a: Regieleki
|
|-heal|p2a: Gen7Lord|39/100|[from] item: Leftovers
|upkeep
|
|t:|1665902849
|switch|p1a: Dragonite|Dragonite, M|100/100
|turn|13
|
|t:|1665902853
|move|p1a: Dragonite|Ice Punch|p2a: Gen7Lord
|-supereffective|p2a: Gen7Lord
|-damage|p2a: Gen7Lord|0 fnt
|faint|p2a: Gen7Lord
|
|upkeep
|
|t:|1665902872
|switch|p2a: Clefable|Clefable, M, shiny|100/100
|turn|14
|
|t:|1665902878
|switch|p1a: Melmetal|Melmetal|100/100
|move|p2a: Clefable|Moonblast|p1a: Melmetal
|-resisted|p1a: Melmetal
|-damage|p1a: Melmetal|83/100
|-unboost|p1a: Melmetal|spa|1
|
|upkeep
|turn|15
|
|t:|1665902884
|switch|p2a: Dubszn|Melmetal, shiny|100/100
|move|p1a: Melmetal|Double Iron Bash|p2a: Dubszn
|-resisted|p2a: Dubszn
|-crit|p2a: Dubszn
|-damage|p2a: Dubszn|80/100
|-resisted|p2a: Dubszn
|-damage|p2a: Dubszn|65/100
|-hitcount|p2a: Dubszn|2
|
|upkeep
|turn|16
|
|t:|1665902891
|move|p2a: Dubszn|Earthquake|p1a: Melmetal
|-supereffective|p1a: Melmetal
|-crit|p1a: Melmetal
|-damage|p1a: Melmetal|17/100
|move|p1a: Melmetal|Superpower|p2a: Dubszn
|-supereffective|p2a: Dubszn
|-damage|p2a: Dubszn|13/100
|-unboost|p1a: Melmetal|atk|1
|-unboost|p1a: Melmetal|def|1
|
|-sideend|p1: HQSTest|Reflect
|upkeep
|turn|17
|
|t:|1665902901
|move|p2a: Dubszn|Double Iron Bash|p1a: Melmetal
|-resisted|p1a: Melmetal
|-damage|p1a: Melmetal|0 fnt
|faint|p1a: Melmetal
|-hitcount|p1: Melmetal|1
|
|upkeep
|
|t:|1665902905
|switch|p1a: Garchomp|Garchomp, M|26/100
|turn|18
|
|t:|1665902910
|switch|p2a: Clefable|Clefable, M, shiny|100/100
|move|p1a: Garchomp|Stealth Rock|p2a: Clefable
|-sidestart|p2: classicdoughnut|move: Stealth Rock
|
|-heal|p1a: Garchomp|32/100|[from] item: Leftovers
|upkeep
|turn|19
|
|t:|1665902919
|move|p1a: Garchomp|Swords Dance|p1a: Garchomp
|-boost|p1a: Garchomp|atk|2
|move|p2a: Clefable|Moonblast|p1a: Garchomp
|-supereffective|p1a: Garchomp
|-damage|p1a: Garchomp|0 fnt
|faint|p1a: Garchomp
|
|upkeep
|
|t:|1665902924
|switch|p1a: Moltres|Moltres-Galar|100/100
|turn|20
|j| ssafasfasf
|
|t:|1665902931
|switch|p2a: Phantom|Rotom-Wash, shiny|100/100
|-damage|p2a: Phantom|88/100|[from] Stealth Rock
|move|p1a: Moltres|Air Slash|p2a: Phantom
|-resisted|p2a: Phantom
|-damage|p2a: Phantom|66/100
|
|upkeep
|turn|21
|
|t:|1665902948
|move|p2a: Phantom|Volt Switch|p1a: Moltres
|-supereffective|p1a: Moltres
|-damage|p1a: Moltres|44/100
|-ability|p1a: Moltres|Berserk|boost
|-boost|p1a: Moltres|spa|1
|
|t:|1665902956
|switch|p2a: Zapdos|Zapdos-Galar|100/100|[from]move: Volt Switch
|-damage|p2a: Zapdos|88/100|[from] Stealth Rock
|move|p1a: Moltres|Agility|p1a: Moltres
|-boost|p1a: Moltres|spe|2
|
|upkeep
|turn|22
|j| KangkongNation2
|
|t:|1665902973
|move|p1a: Moltres|Air Slash|p2a: Zapdos
|-supereffective|p2a: Zapdos
|-damage|p2a: Zapdos|0 fnt
|faint|p2a: Zapdos
|
|upkeep
|
|t:|1665902981
|switch|p2a: Phantom|Rotom-Wash, shiny|66/100
|-damage|p2a: Phantom|53/100|[from] Stealth Rock
|turn|23
|
|t:|1665902985
|move|p1a: Moltres|Fiery Wrath|p2a: Phantom
|-damage|p2a: Phantom|0 fnt
|faint|p2a: Phantom
|
|upkeep
|
|t:|1665902994
|switch|p2a: Clefable|Clefable, M, shiny|100/100
|turn|24
|j| OmegaTroll
|
|t:|1665902996
|move|p1a: Moltres|Air Slash|p2a: Clefable
|-damage|p2a: Clefable|53/100
|move|p2a: Clefable|Moonblast|p1a: Moltres
|-supereffective|p1a: Moltres
|-damage|p1a: Moltres|0 fnt
|faint|p1a: Moltres
|
|upkeep
|
|t:|1665903001
|switch|p1a: Hatterene|Hatterene, F|100/100
|turn|25
|
|t:|1665903005
|move|p2a: Clefable|Knock Off|p1a: Hatterene
|-damage|p1a: Hatterene|83/100
|-enditem|p1a: Hatterene|Leftovers|[from] move: Knock Off|[of] p2a: Clefable
|move|p1a: Hatterene|Calm Mind|p1a: Hatterene
|-boost|p1a: Hatterene|spa|1
|-boost|p1a: Hatterene|spd|1
|
|upkeep
|turn|26
|
|t:|1665903012
|switch|p2a: Dubszn|Melmetal, shiny|13/100
|-damage|p2a: Dubszn|7/100|[from] Stealth Rock
|move|p1a: Hatterene|Nuzzle|p2a: Dubszn
|-damage|p2a: Dubszn|4/100
|-status|p2a: Dubszn|par
|
|upkeep
|turn|27
|
|t:|1665903016
|move|p1a: Hatterene|Draining Kiss|p2a: Dubszn
|-resisted|p2a: Dubszn
|-damage|p2a: Dubszn|0 fnt
|-heal|p1a: Hatterene|88/100|[from] drain|[of] p2a: Dubszn
|faint|p2a: Dubszn
|
|upkeep
|
|t:|1665903034
|switch|p2a: Avalon|Latios, M, shiny|100/100
|-damage|p2a: Avalon|88/100|[from] Stealth Rock
|turn|28
|
|t:|1665903043
|move|p2a: Avalon|Mystical Fire|p1a: Hatterene
|-crit|p1a: Hatterene
|-damage|p1a: Hatterene|22/100
|-unboost|p1a: Hatterene|spa|1
|move|p1a: Hatterene|Draining Kiss|p2a: Avalon
|-supereffective|p2a: Avalon
|-damage|p2a: Avalon|26/100
|-heal|p1a: Hatterene|68/100|[from] drain|[of] p2a: Avalon
|
|upkeep
|turn|29
|
|t:|1665903048
|move|p2a: Avalon|Mystical Fire|p1a: Hatterene
|-damage|p1a: Hatterene|37/100
|-unboost|p1a: Hatterene|spa|1
|move|p1a: Hatterene|Draining Kiss|p2a: Avalon
|-supereffective|p2a: Avalon
|-damage|p2a: Avalon|0 fnt
|-heal|p1a: Hatterene|57/100|[from] drain|[of] p2a: Avalon
|faint|p2a: Avalon
|
|upkeep
|
|t:|1665903052
|switch|p2a: Clefable|Clefable, M, shiny|53/100
|turn|30
|
|t:|1665903057
|move|p2a: Clefable|Moonblast|p1a: Hatterene
|-damage|p1a: Hatterene|34/100
|move|p1a: Hatterene|Calm Mind|p1a: Hatterene
|-boost|p1a: Hatterene|spa|1
|-boost|p1a: Hatterene|spd|1
|
|upkeep
|turn|31
|
|t:|1665903061
|move|p2a: Clefable|Moonblast|p1a: Hatterene
|-damage|p1a: Hatterene|15/100
|move|p1a: Hatterene|Draining Kiss|p2a: Clefable
|-damage|p2a: Clefable|23/100
|-heal|p1a: Hatterene|44/100|[from] drain|[of] p2a: Clefable
|-damage|p1a: Hatterene|28/100|[from] item: Rocky Helmet|[of] p2a: Clefable
|
|upkeep
|turn|32
|
|t:|1665903063
|move|p2a: Clefable|Soft-Boiled|p2a: Clefable
|-heal|p2a: Clefable|73/100
|move|p1a: Hatterene|Draining Kiss|p2a: Clefable
|-damage|p2a: Clefable|42/100
|-heal|p1a: Hatterene|57/100|[from] drain|[of] p2a: Clefable
|-damage|p1a: Hatterene|41/100|[from] item: Rocky Helmet|[of] p2a: Clefable
|
|upkeep
|turn|33
|
|t:|1665903067
|move|p2a: Clefable|Moonblast|p1a: Hatterene
|-damage|p1a: Hatterene|22/100
|move|p1a: Hatterene|Calm Mind|p1a: Hatterene
|-boost|p1a: Hatterene|spa|1
|-boost|p1a: Hatterene|spd|1
|
|upkeep
|turn|34
|
|t:|1665903074
|move|p2a: Clefable|Knock Off|p1a: Hatterene
|-damage|p1a: Hatterene|10/100
|move|p1a: Hatterene|Draining Kiss|p2a: Clefable
|-damage|p2a: Clefable|1/100
|-heal|p1a: Hatterene|50/100|[from] drain|[of] p2a: Clefable
|-damage|p1a: Hatterene|33/100|[from] item: Rocky Helmet|[of] p2a: Clefable
|
|upkeep
|turn|35
|
|t:|1665903079
|move|p2a: Clefable|Soft-Boiled|p2a: Clefable
|-heal|p2a: Clefable|51/100
|move|p1a: Hatterene|Draining Kiss|p2a: Clefable
|-damage|p2a: Clefable|10/100
|-heal|p1a: Hatterene|74/100|[from] drain|[of] p2a: Clefable
|-damage|p1a: Hatterene|57/100|[from] item: Rocky Helmet|[of] p2a: Clefable
|
|upkeep
|turn|36
|
|t:|1665903081
|move|p2a: Clefable|Moonblast|p1a: Hatterene
|-damage|p1a: Hatterene|43/100
|-unboost|p1a: Hatterene|spa|1
|move|p1a: Hatterene|Draining Kiss|p2a: Clefable
|-damage|p2a: Clefable|0 fnt
|-heal|p1a: Hatterene|52/100|[from] drain|[of] p2a: Clefable
|-damage|p1a: Hatterene|36/100|[from] item: Rocky Helmet|[of] p2a: Clefable
|faint|p2a: Clefable
|
|win|HQSTest
|raw|HQSTest's rating: 1606 &rarr; <strong>1629</strong><br />(+23 for winning)
|raw|classicdoughnut's rating: 1655 &rarr; <strong>1632</strong><br />(-23 for losing)
|l|☆classicdoughnut
