|j|☆Flashybee
|j|☆shagohod crew
|t:|1656558653
|gametype|singles
|player|p1|Flashybee|silver|1519
|player|p2|shagohod crew|266|1501
|teamsize|p1|6
|teamsize|p2|6
|gen|8
|tier|[Gen 8] OU
|rated|
|rule|Sleep Clause Mod: Limit one foe put to sleep
|rule|Species Clause: Limit one of each Pokémon
|rule|OHKO Clause: OHKO moves are banned
|rule|Evasion Moves Clause: Evasion moves are banned
|rule|Endless Battle Clause: Forcing endless battles is banned
|rule|HP Percentage Mod: HP is shown in percentages
|rule|Dynamax Clause: You cannot dynamax
|clearpoke
|poke|p1|Victini|
|poke|p1|Landorus-Therian, M|
|poke|p1|Ferrothorn, M|
|poke|p1|Ninetales-Alola, M|
|poke|p1|Rotom-Wash|
|poke|p1|Zeraora|
|poke|p2|Zapdos|
|poke|p2|Weavile, F|
|poke|p2|Kartana|
|poke|p2|Landorus-Therian, M|
|poke|p2|Volcanion|
|poke|p2|Melmetal|
|teampreview
|
|t:|1656558665
|start
|switch|p1a: Rotom|Rotom-Wash|100/100
|switch|p2a: Volcanion|Volcanion|100/100
|turn|1
|
|t:|1656558670
|move|p2a: Volcanion|Steam Eruption|p1a: Rotom
|-resisted|p1a: Rotom
|-damage|p1a: Rotom|58/100
|move|p1a: Rotom|Volt Switch|p2a: Volcanion
|-supereffective|p2a: Volcanion
|-damage|p2a: Volcanion|25/100
|
|t:|1656558678
|switch|p1a: Zeraora|Zeraora|100/100|[from]move: Volt Switch
|
|upkeep
|turn|2
|
|t:|1656558683
|switch|p2a: Landorus|Landorus-Therian, M|100/100
|-ability|p2a: Landorus|Intimidate|boost
|-unboost|p1a: Zeraora|atk|1
|move|p1a: Zeraora|Knock Off|p2a: Landorus
|-damage|p2a: Landorus|74/100
|-enditem|p2a: Landorus|Leftovers|[from] move: Knock Off|[of] p1a: Zeraora
|-damage|p1a: Zeraora|91/100|[from] item: Life Orb
|
|upkeep
|turn|3
|
|t:|1656558692
|switch|p1a: Rotom|Rotom-Wash|58/100
|move|p2a: Landorus|Stealth Rock|p1a: Rotom
|-sidestart|p1: Flashybee|move: Stealth Rock
|
|-heal|p1a: Rotom|64/100|[from] item: Leftovers
|upkeep
|turn|4
|
|t:|1656558696
|move|p2a: Landorus|U-turn|p1a: Rotom
|-damage|p1a: Rotom|37/100
|
|t:|1656558699
|switch|p2a: Volcanion|Volcanion|25/100|[from]move: U-turn
|move|p1a: Rotom|Defog|p2a: Volcanion
|-unboost|p2a: Volcanion|evasion|1
|-sideend|p1: Flashybee|Stealth Rock|[from] move: Defog|[of] p1a: Rotom
|
|-heal|p1a: Rotom|44/100|[from] item: Leftovers
|upkeep
|turn|5
|
|t:|1656558709
|move|p2a: Volcanion|Steam Eruption|p1a: Rotom
|-resisted|p1a: Rotom
|-damage|p1a: Rotom|0 fnt
|faint|p1a: Rotom
|
|upkeep
|
|t:|1656558720
|switch|p1a: Victini|Victini|100/100
|turn|6
|
|t:|1656558723
|move|p1a: Victini|Psychic|p2a: Volcanion
|-damage|p2a: Volcanion|0 fnt
|faint|p2a: Volcanion
|
|upkeep
|
|t:|1656558728
|switch|p2a: Weavile|Weavile, F|100/100
|-ability|p2a: Weavile|Pressure
|turn|7
|
|t:|1656558745
|switch|p1a: Ferrothorn|Ferrothorn, M|100/100
|move|p2a: Weavile|Beat Up|p1a: Ferrothorn
|-damage|p1a: Ferrothorn|90/100
|-damage|p1a: Ferrothorn|78/100
|-damage|p1a: Ferrothorn|66/100
|-damage|p1a: Ferrothorn|57/100
|-damage|p1a: Ferrothorn|46/100
|-hitcount|p1a: Ferrothorn|5
|
|-heal|p1a: Ferrothorn|52/100|[from] item: Leftovers
|upkeep
|turn|8
|
|t:|1656558757
|move|p2a: Weavile|Beat Up|p1a: Ferrothorn
|-damage|p1a: Ferrothorn|42/100
|-damage|p1a: Ferrothorn|29/100
|-damage|p1a: Ferrothorn|19/100
|-damage|p1a: Ferrothorn|10/100
|-damage|p1a: Ferrothorn|0 fnt
|faint|p1a: Ferrothorn
|-hitcount|p1: Ferrothorn|5
|
|upkeep
|
|t:|1656558777
|switch|p1a: Ninetales|Ninetales-Alola, M|100/100
|-weather|Hail|[from] ability: Snow Warning|[of] p1a: Ninetales
|turn|9
|
|t:|1656558793
|move|p1a: Ninetales|Moonblast|p2a: Weavile
|-supereffective|p2a: Weavile
|-damage|p2a: Weavile|0 fnt
|faint|p2a: Weavile
|
|-weather|Hail|[upkeep]
|upkeep
|
|t:|1656558803
|switch|p2a: Melmetal|Melmetal|100/100
|turn|10
|
|t:|1656558809
|switch|p1a: Landorus|Landorus-Therian, M|100/100
|-ability|p1a: Landorus|Intimidate|boost
|-unboost|p2a: Melmetal|atk|1
|move|p2a: Melmetal|Double Iron Bash|p1a: Landorus
|-damage|p1a: Landorus|49/100
|-damage|p1a: Landorus|0 fnt
|faint|p1a: Landorus
|-hitcount|p1: Landorus|2
|
|-weather|Hail|[upkeep]
|-damage|p2a: Melmetal|94/100|[from] Hail
|upkeep
|
|t:|1656558817
|switch|p1a: Victini|Victini|100/100
|turn|11
|
|t:|1656558828
|switch|p2a: Zapdos|Zapdos|100/100
|move|p1a: Victini|Blue Flare|p2a: Zapdos
|-damage|p2a: Zapdos|40/100
|
|-weather|Hail|[upkeep]
|-damage|p1a: Victini|94/100|[from] Hail
|-damage|p2a: Zapdos|34/100|[from] Hail
|upkeep
|turn|12
|
|t:|1656558835
|move|p1a: Victini|Psychic|p2a: Zapdos
|-damage|p2a: Zapdos|0 fnt
|faint|p2a: Zapdos
|
|-weather|Hail|[upkeep]
|-damage|p1a: Victini|88/100|[from] Hail
|upkeep
|
|t:|1656558843
|switch|p2a: Landorus|Landorus-Therian, M|74/100
|-ability|p2a: Landorus|Intimidate|boost
|-unboost|p1a: Victini|atk|1
|turn|13
|
|t:|1656558856
|move|p1a: Victini|Blue Flare|p2a: Landorus
|-damage|p2a: Landorus|35/100
|move|p2a: Landorus|Earthquake|p1a: Victini
|-supereffective|p1a: Victini
|-damage|p1a: Victini|0 fnt
|faint|p1a: Victini
|
|-weather|none
|upkeep
|
|t:|1656558868
|switch|p1a: Ninetales|Ninetales-Alola, M|100/100
|-weather|Hail|[from] ability: Snow Warning|[of] p1a: Ninetales
|turn|14
|
|t:|1656558880
|switch|p1a: Zeraora|Zeraora|91/100
|move|p2a: Landorus|Earthquake|p1a: Zeraora
|-supereffective|p1a: Zeraora
|-crit|p1a: Zeraora
|-damage|p1a: Zeraora|0 fnt
|faint|p1a: Zeraora
|
|-weather|Hail|[upkeep]
|-damage|p2a: Landorus|29/100|[from] Hail
|upkeep
|
|t:|1656558885
|switch|p1a: Ninetales|Ninetales-Alola, M|100/100
|turn|15
|
|t:|1656558888
|move|p1a: Ninetales|Blizzard|p2a: Landorus
|-supereffective|p2a: Landorus
|-damage|p2a: Landorus|0 fnt
|faint|p2a: Landorus
|
|-weather|Hail|[upkeep]
|upkeep
|
|t:|1656558893
|switch|p2a: Kartana|Kartana|100/100
|turn|16
|
|t:|1656558895
|move|p2a: Kartana|Smart Strike|p1a: Ninetales
|-supereffective|p1a: Ninetales
|-damage|p1a: Ninetales|0 fnt
|faint|p1a: Ninetales
|
|win|shagohod crew
|raw|Flashybee's rating: 1519 &rarr; <strong>1498</strong><br />(-21 for losing)
|raw|shagohod crew's rating: 1501 &rarr; <strong>1522</strong><br />(+21 for winning)
|l|☆Flashybee
||Ladder isn't responding, score probably updated but might not have (Request timeout).
