|raw|<div class="broadcast-blue"><strong>This battle is required to be public due to a player having a name starting with 'lt93oq'.</div>
|j|☆LT93OQ Vegeto
|j|‽antarctozolt
|t:|1660645603
|gametype|singles
|player|p1|LT93OQ Vegeto|ethan|1889
|player|p2|antarctozolt|skier|1914
|teamsize|p1|6
|teamsize|p2|6
|gen|8
|tier|[Gen 8] OU
|rated|
|rule|Sleep Clause Mod: Limit one foe put to sleep
|rule|Species Clause: Limit one of each Pokémon
|rule|OHKO Clause: OHKO moves are banned
|rule|Evasion Items Clause: Evasion items are banned
|rule|Evasion Moves Clause: Evasion moves are banned
|rule|Endless Battle Clause: Forcing endless battles is banned
|rule|HP Percentage Mod: HP is shown in percentages
|rule|Dynamax Clause: You cannot dynamax
|clearpoke
|poke|p1|Garchomp, F|
|poke|p1|Zapdos|
|poke|p1|Clefable, F|
|poke|p1|Ferrothorn, F|
|poke|p1|Weavile, F|
|poke|p1|Tapu Lele|
|poke|p2|Kartana|
|poke|p2|Toxtricity, M|
|poke|p2|Celesteela|
|poke|p2|Dragapult, F|
|poke|p2|Mew|
|poke|p2|Zeraora|
|teampreview
|inactive|Battle timer is ON: inactive players will automatically lose when time's up. (requested by LT93OQ Vegeto)
|j| Hshshdhdbd
|
|t:|1660645638
|start
|switch|p1a: Garchomp|Garchomp, F|100/100
|switch|p2a: Dragapult|Dragapult, F|100/100
|turn|1
|j| 4funaccount
|j| LT93OQ PC
|j| infinitroll
|
|t:|1660645651
|switch|p1a: Ferrothorn|Ferrothorn, F|100/100
|move|p2a: Dragapult|U-turn|p1a: Ferrothorn
|-damage|p1a: Ferrothorn|87/100
|-damage|p2a: Dragapult|88/100|[from] ability: Iron Barbs|[of] p1a: Ferrothorn
|
|t:|1660645653
|switch|p2a: Mew|Mew|100/100|[from]move: U-turn
|
|-heal|p1a: Ferrothorn|94/100|[from] item: Leftovers
|upkeep
|turn|2
|j|@ironwater
|
|t:|1660645659
|switch|p1a: Garchomp|Garchomp, F|100/100
|move|p2a: Mew|Stealth Rock|p1a: Garchomp
|-sidestart|p1: LT93OQ Vegeto|move: Stealth Rock
|
|upkeep
|turn|3
|j|&Alpha
|
|t:|1660645663
|move|p1a: Garchomp|Scale Shot|p2a: Mew
|-damage|p2a: Mew|89/100
|-damage|p2a: Mew|78/100
|-hitcount|p2a: Mew|2
|-unboost|p1a: Garchomp|def|1
|-boost|p1a: Garchomp|spe|1
|move|p2a: Mew|Spikes|p1a: Garchomp
|-sidestart|p1: LT93OQ Vegeto|Spikes
|
|upkeep
|turn|4
|
|t:|1660645671
|switch|p2a: Kartana|Kartana|100/100
|move|p1a: Garchomp|Fire Fang|p2a: Kartana|[miss]
|-miss|p1a: Garchomp|p2a: Kartana
|
|upkeep
|turn|5
|
|t:|1660645677
|switch|p1a: Zapdos|Zapdos|100/100
|move|p2a: Kartana|Knock Off|p1a: Zapdos
|-damage|p1a: Zapdos|51/100
|-enditem|p1a: Zapdos|Heavy-Duty Boots|[from] move: Knock Off|[of] p2a: Kartana
|
|upkeep
|turn|6
|
|t:|1660645683
|switch|p2a: Mew|Mew|78/100
|move|p1a: Zapdos|Roost|p1a: Zapdos
|-heal|p1a: Zapdos|100/100
|-singleturn|p1a: Zapdos|move: Roost
|
|upkeep
|turn|7
|j| The art of
|j| Keblar
|j| have we gone
|
|t:|1660645687
|move|p1a: Zapdos|Hurricane|p2a: Mew
|-damage|p2a: Mew|29/100
|-start|p2a: Mew|confusion
|-activate|p2a: Mew|confusion
|move|p2a: Mew|Spikes|p1a: Zapdos
|-sidestart|p1: LT93OQ Vegeto|Spikes
|
|upkeep
|turn|8
|
|t:|1660645693
|move|p1a: Zapdos|Defog|p2a: Mew
|-unboost|p2a: Mew|evasion|1
|-sideend|p1: LT93OQ Vegeto|Spikes|[from] move: Defog|[of] p1a: Zapdos
|-sideend|p1: LT93OQ Vegeto|Stealth Rock|[from] move: Defog|[of] p1a: Zapdos
|-activate|p2a: Mew|confusion
|move|p2a: Mew|Stealth Rock|p1a: Zapdos
|-sidestart|p1: LT93OQ Vegeto|move: Stealth Rock
|
|upkeep
|turn|9
|l|&Alpha
|
|t:|1660645695
|move|p1a: Zapdos|Defog|p2a: Mew
|-unboost|p2a: Mew|evasion|1
|-sideend|p1: LT93OQ Vegeto|Stealth Rock|[from] move: Defog|[of] p1a: Zapdos
|-activate|p2a: Mew|confusion
|move|p2a: Mew|Spikes|p1a: Zapdos
|-sidestart|p1: LT93OQ Vegeto|Spikes
|
|upkeep
|turn|10
|
|t:|1660645697
|move|p1a: Zapdos|Defog|p2a: Mew
|-unboost|p2a: Mew|evasion|1
|-sideend|p1: LT93OQ Vegeto|Spikes|[from] move: Defog|[of] p1a: Zapdos
|-activate|p2a: Mew|confusion
|-damage|p2a: Mew|18/100|[from] confusion
|
|upkeep
|turn|11
|
|t:|1660645699
|move|p1a: Zapdos|Volt Switch|p2a: Mew
|-damage|p2a: Mew|0 fnt
|faint|p2a: Mew
|
|t:|1660645704
|switch|p1a: Garchomp|Garchomp, F|100/100|[from]move: Volt Switch
|
|upkeep
|
|t:|1660645707
|switch|p2a: Dragapult|Dragapult, F|88/100
|turn|12
|j| AlIoutdragadarts
|
|t:|1660645711
|switch|p1a: Ferrothorn|Ferrothorn, F|94/100
|move|p2a: Dragapult|Flamethrower|p1a: Ferrothorn
|-supereffective|p1a: Ferrothorn
|-damage|p1a: Ferrothorn|0 fnt
|faint|p1a: Ferrothorn
|
|upkeep
|j| Mario34
|j|+Mengy ㋛
|
|t:|1660645716
|switch|p1a: Garchomp|Garchomp, F|100/100
|turn|13
|
|t:|1660645719
|move|p2a: Dragapult|Flamethrower|p1a: Garchomp
|-resisted|p1a: Garchomp
|-damage|p1a: Garchomp|82/100
|move|p1a: Garchomp|Scale Shot|p2a: Dragapult
|-supereffective|p2a: Dragapult
|-damage|p2a: Dragapult|52/100
|-supereffective|p2a: Dragapult
|-damage|p2a: Dragapult|16/100
|-hitcount|p2a: Dragapult|2
|-unboost|p1a: Garchomp|def|1
|-boost|p1a: Garchomp|spe|1
|
|-heal|p1a: Garchomp|88/100|[from] item: Leftovers
|upkeep
|turn|14
|l| Mario34
|j| anique
|
|t:|1660645724
|move|p1a: Garchomp|Scale Shot|p2a: Dragapult|[miss]
|-miss|p1a: Garchomp|p2a: Dragapult
|move|p2a: Dragapult|Flamethrower|p1a: Garchomp
|-resisted|p1a: Garchomp
|-damage|p1a: Garchomp|70/100
|
|-heal|p1a: Garchomp|76/100|[from] item: Leftovers
|upkeep
|turn|15
|
|t:|1660645729
|switch|p2a: Kartana|Kartana|100/100
|move|p1a: Garchomp|Swords Dance|p1a: Garchomp
|-boost|p1a: Garchomp|atk|2
|
|-heal|p1a: Garchomp|82/100|[from] item: Leftovers
|upkeep
|turn|16
|j| 70to90gxe
|
|t:|1660645733
|switch|p1a: Zapdos|Zapdos|100/100
|move|p2a: Kartana|Leaf Blade|p1a: Zapdos
|-resisted|p1a: Zapdos
|-damage|p1a: Zapdos|70/100
|
|upkeep
|turn|17
|
|t:|1660645741
|switch|p2a: Dragapult|Dragapult, F|16/100
|move|p1a: Zapdos|Volt Switch|p2a: Dragapult
|-resisted|p2a: Dragapult
|-damage|p2a: Dragapult|0 fnt
|faint|p2a: Dragapult
|
|t:|1660645746
|switch|p1a: Garchomp|Garchomp, F|82/100|[from]move: Volt Switch
|
|-heal|p1a: Garchomp|88/100|[from] item: Leftovers
|upkeep
|
|t:|1660645750
|switch|p2a: Kartana|Kartana|100/100
|turn|18
|j| Scavet
|
|t:|1660645753
|switch|p1a: Zapdos|Zapdos|70/100
|move|p2a: Kartana|Leaf Blade|p1a: Zapdos
|-resisted|p1a: Zapdos
|-damage|p1a: Zapdos|37/100
|
|upkeep
|turn|19
|
|t:|1660645759
|switch|p2a: Toxtricity|Toxtricity, M|100/100
|move|p1a: Zapdos|Roost|p1a: Zapdos
|-heal|p1a: Zapdos|87/100
|-singleturn|p1a: Zapdos|move: Roost
|
|upkeep
|turn|20
|
|t:|1660645768
|switch|p1a: Garchomp|Garchomp, F|88/100
|move|p2a: Toxtricity|Boomburst|p1a: Garchomp
|-damage|p1a: Garchomp|12/100
|-damage|p2a: Toxtricity|91/100|[from] item: Life Orb
|
|-heal|p1a: Garchomp|18/100|[from] item: Leftovers
|upkeep
|turn|21
|
|t:|1660645773
|switch|p2a: Celesteela|Celesteela|100/100
|move|p1a: Garchomp|Earthquake|p2a: Celesteela
|-immune|p2a: Celesteela
|
|-heal|p1a: Garchomp|25/100|[from] item: Leftovers
|upkeep
|turn|22
|
|t:|1660645778
|switch|p1a: Clefable|Clefable, F|100/100
|move|p2a: Celesteela|Autotomize|p2a: Celesteela
|-boost|p2a: Celesteela|spe|2
|-start|p2a: Celesteela|Autotomize
|
|upkeep
|turn|23
|
|t:|1660645781
|switch|p2a: Toxtricity|Toxtricity, M|91/100
|move|p1a: Clefable|Thunder Wave|p2a: Toxtricity
|-immune|p2a: Toxtricity
|
|upkeep
|turn|24
|
|t:|1660645785
|move|p2a: Toxtricity|Boomburst|p1a: Clefable
|-damage|p1a: Clefable|26/100
|-damage|p2a: Toxtricity|81/100|[from] item: Life Orb
|move|p1a: Clefable|Stealth Rock|p2a: Toxtricity
|-sidestart|p2: antarctozolt|move: Stealth Rock
|
|-heal|p1a: Clefable|32/100|[from] item: Leftovers
|upkeep
|turn|25
|
|t:|1660645788
|move|p2a: Toxtricity|Boomburst|p1a: Clefable
|-damage|p1a: Clefable|0 fnt
|faint|p1a: Clefable
|-damage|p2a: Toxtricity|71/100|[from] item: Life Orb
|
|upkeep
|
|t:|1660645790
|switch|p1a: Weavile|Weavile, F|100/100
|-ability|p1a: Weavile|Pressure
|turn|26
|
|t:|1660645793
|move|p1a: Weavile|Knock Off|p2a: Toxtricity
|-damage|p2a: Toxtricity|0 fnt
|-enditem|p2a: Toxtricity|Life Orb|[from] move: Knock Off|[of] p1a: Weavile
|faint|p2a: Toxtricity
|
|upkeep
|
|t:|1660645801
|switch|p2a: Zeraora|Zeraora|100/100
|-damage|p2a: Zeraora|88/100|[from] Stealth Rock
|turn|27
|j| Hikawa Kyoka
|
|t:|1660645808
|switch|p1a: Tapu Lele|Tapu Lele|100/100
|-fieldstart|move: Psychic Terrain|[from] ability: Psychic Surge|[of] p1a: Tapu Lele
|move|p2a: Zeraora|Bulk Up|p2a: Zeraora
|-boost|p2a: Zeraora|atk|1
|-boost|p2a: Zeraora|def|1
|
|upkeep
|turn|28
|
|t:|1660645811
|move|p2a: Zeraora|Plasma Fists|p1a: Tapu Lele
|-damage|p1a: Tapu Lele|0 fnt
|-fieldactivate|move: Ion Deluge
|-hint|Normal-type moves become Electric-type after using Plasma Fists.
|faint|p1a: Tapu Lele
|
|upkeep
|
|t:|1660645816
|switch|p1a: Garchomp|Garchomp, F|25/100
|turn|29
|
|t:|1660645824
|move|p2a: Zeraora|Knock Off|p1a: Garchomp
|-damage|p1a: Garchomp|0 fnt
|-damage|p2a: Zeraora|76/100|[from] ability: Rough Skin|[of] p1a: Garchomp
|-enditem|p1a: Garchomp|Leftovers|[from] move: Knock Off|[of] p2a: Zeraora
|faint|p1a: Garchomp
|
|upkeep
|
|t:|1660645829
|switch|p1a: Zapdos|Zapdos|87/100
|turn|30
|j| Mimikyu Stardust
|
|t:|1660645831
|move|p2a: Zeraora|Plasma Fists|p1a: Zapdos
|-damage|p1a: Zapdos|13/100
|-fieldactivate|move: Ion Deluge
|-hint|Normal-type moves become Electric-type after using Plasma Fists.
|move|p1a: Zapdos|Hurricane|p2a: Zeraora
|-resisted|p2a: Zeraora
|-damage|p2a: Zeraora|36/100
|-start|p2a: Zeraora|confusion
|
|upkeep
|turn|31
|
|t:|1660645835
|-activate|p2a: Zeraora|confusion
|move|p2a: Zeraora|Plasma Fists|p1a: Zapdos
|-damage|p1a: Zapdos|0 fnt
|-fieldactivate|move: Ion Deluge
|-hint|Normal-type moves become Electric-type after using Plasma Fists.
|faint|p1a: Zapdos
|
|-fieldend|move: Psychic Terrain
|upkeep
|
|t:|1660645837
|switch|p1a: Weavile|Weavile, F|100/100
|-ability|p1a: Weavile|Pressure
|turn|32
|
|t:|1660645839
|-activate|p2a: Zeraora|confusion
|-damage|p2a: Zeraora|19/100|[from] confusion
|move|p1a: Weavile|Swords Dance|p1a: Weavile
|-boost|p1a: Weavile|atk|2
|
|upkeep
|turn|33
|
|t:|1660645841
|move|p1a: Weavile|Ice Shard|p2a: Zeraora
|-damage|p2a: Zeraora|0 fnt
|faint|p2a: Zeraora
|
|upkeep
|
|t:|1660645842
|switch|p2a: Kartana|Kartana|100/100
|-damage|p2a: Kartana|94/100|[from] Stealth Rock
|turn|34
|
|t:|1660645845
|move|p2a: Kartana|Sacred Sword|p1a: Weavile
|-supereffective|p1a: Weavile
|-damage|p1a: Weavile|0 fnt
|faint|p1a: Weavile
|
|win|antarctozolt
|raw|LT93OQ Vegeto's rating: 1889 &rarr; <strong>1870</strong><br />(-19 for losing)
|raw|antarctozolt's rating: 1914 &rarr; <strong>1933</strong><br />(+19 for winning)
|l|☆LT93OQ Vegeto
