|j|☆minimax_ai
|j|☆chansey and lulu
|t:|1663778628
|gametype|singles
|player|p1|minimax_ai|lusamine-nihilego|1628
|player|p2|chansey and lulu|hooligans|1761
|teamsize|p1|6
|teamsize|p2|6
|gen|8
|tier|[Gen 8] OU
|rated|
|rule|Sleep Clause Mod: Limit one foe put to sleep
|rule|Species Clause: Limit one of each Pokémon
|rule|OHKO Clause: OHKO moves are banned
|rule|Evasion Items Clause: Evasion items are banned
|rule|Evasion Moves Clause: Evasion moves are banned
|rule|Endless Battle Clause: Forcing endless battles is banned
|rule|HP Percentage Mod: HP is shown in percentages
|rule|Dynamax Clause: You cannot dynamax
|clearpoke
|poke|p1|Rotom-Wash|
|poke|p1|Weavile, F|
|poke|p1|Landorus-Therian, M|
|poke|p1|Heatran, M|
|poke|p1|Tangrowth, F|
|poke|p1|Melmetal|
|poke|p2|Tapu Lele|
|poke|p2|Tyranitar, F|
|poke|p2|Excadrill, M|
|poke|p2|Ferrothorn, M|
|poke|p2|Zapdos|
|poke|p2|Urshifu-*, F|
|teampreview
|c|☆minimax_ai|hf
|inactive|Battle timer is ON: inactive players will automatically lose when time's up. (requested by minimax_ai)
|inactive|chansey and lulu has 120 seconds left.
|
|t:|1663778672
|start
|switch|p1a: landorustherian|Landorus-Therian, M|100/100
|switch|p2a: Urshifu|Urshifu-Rapid-Strike, F|100/100
|-ability|p1a: landorustherian|Intimidate|boost
|-unboost|p2a: Urshifu|atk|1
|turn|1
|
|t:|1663778679
|switch|p1a: Tangrowth|Tangrowth, F|100/100
|move|p2a: Urshifu|Surging Strikes|p1a: Tangrowth
|-resisted|p1a: Tangrowth
|-crit|p1a: Tangrowth
|-damage|p1a: Tangrowth|95/100
|-resisted|p1a: Tangrowth
|-crit|p1a: Tangrowth
|-damage|p1a: Tangrowth|90/100
|-resisted|p1a: Tangrowth
|-crit|p1a: Tangrowth
|-damage|p1a: Tangrowth|85/100
|-hitcount|p1a: Tangrowth|3
|
|upkeep
|turn|2
|
|t:|1663778689
|move|p2a: Urshifu|U-turn|p1a: Tangrowth
|-supereffective|p1a: Tangrowth
|-damage|p1a: Tangrowth|68/100
|
|t:|1663778694
|switch|p2a: Zapdos|Zapdos|100/100|[from]move: U-turn
|move|p1a: Tangrowth|Giga Drain|p2a: Zapdos
|-resisted|p2a: Zapdos
|-damage|p2a: Zapdos|88/100
|-heal|p1a: Tangrowth|75/100|[from] drain|[of] p2a: Zapdos
|
|upkeep
|turn|3
|
|t:|1663778701
|switch|p1a: landorustherian|Landorus-Therian, M|100/100
|-ability|p1a: landorustherian|Intimidate|boost
|-unboost|p2a: Zapdos|atk|1
|move|p2a: Zapdos|Hurricane|p1a: landorustherian
|-damage|p1a: landorustherian|63/100
|
|-heal|p1a: landorustherian|70/100|[from] item: Leftovers
|upkeep
|turn|4
|
|t:|1663778710
|switch|p2a: Urshifu|Urshifu-Rapid-Strike, F|100/100
|move|p1a: landorustherian|Toxic|p2a: Urshifu
|-status|p2a: Urshifu|tox
|
|-heal|p1a: landorustherian|76/100|[from] item: Leftovers
|-damage|p2a: Urshifu|94/100 tox|[from] psn
|upkeep
|turn|5
|
|t:|1663778718
|switch|p1a: Tangrowth|Tangrowth, F|100/100
|move|p2a: Urshifu|U-turn|p1a: Tangrowth
|-supereffective|p1a: Tangrowth
|-damage|p1a: Tangrowth|75/100
|
|t:|1663778725
|switch|p2a: Tapu Lele|Tapu Lele|100/100|[from]move: U-turn
|-fieldstart|move: Psychic Terrain|[from] ability: Psychic Surge|[of] p2a: Tapu Lele
|
|upkeep
|turn|6
|
|t:|1663778731
|switch|p1a: Melmetal|Melmetal|100/100
|move|p2a: Tapu Lele|Future Sight|p1a: Melmetal
|-start|p2a: Tapu Lele|move: Future Sight
|
|upkeep
|turn|7
|
|t:|1663778736
|switch|p2a: Zapdos|Zapdos|88/100
|move|p1a: Melmetal|Ice Punch|p2a: Zapdos
|-supereffective|p2a: Zapdos
|-damage|p2a: Zapdos|38/100
|-status|p2a: Zapdos|frz
|
|upkeep
|turn|8
|
|t:|1663778744
|switch|p1a: Weavile|Weavile, F|100/100
|-ability|p1a: Weavile|Pressure
|cant|p2a: Zapdos|frz
|
|-end|p1a: Weavile|move: Future Sight
|-immune|p1a: Weavile
|upkeep
|turn|9
|
|t:|1663778761
|move|p1a: Weavile|Knock Off|p2a: Zapdos
|-damage|p2a: Zapdos|0 fnt
|-enditem|p2a: Zapdos|Heavy-Duty Boots|[from] move: Knock Off|[of] p1a: Weavile
|faint|p2a: Zapdos
|
|-fieldend|move: Psychic Terrain
|upkeep
|
|t:|1663778768
|switch|p2a: Tapu Lele|Tapu Lele|100/100
|-fieldstart|move: Psychic Terrain|[from] ability: Psychic Surge|[of] p2a: Tapu Lele
|turn|10
|
|t:|1663778774
|switch|p1a: Melmetal|Melmetal|100/100
|move|p2a: Tapu Lele|Future Sight|p1a: Melmetal
|-start|p2a: Tapu Lele|move: Future Sight
|
|upkeep
|turn|11
|
|t:|1663778780
|switch|p2a: Urshifu|Urshifu-Rapid-Strike, F|94/100 tox
|move|p1a: Melmetal|Ice Punch|p2a: Urshifu
|-resisted|p2a: Urshifu
|-damage|p2a: Urshifu|77/100 tox
|
|-damage|p2a: Urshifu|71/100 tox|[from] psn
|upkeep
|turn|12
|
|t:|1663778789
|move|p2a: Urshifu|Close Combat|p1a: Melmetal
|-supereffective|p1a: Melmetal
|-damage|p1a: Melmetal|24/100
|-unboost|p2a: Urshifu|def|1
|-unboost|p2a: Urshifu|spd|1
|move|p1a: Melmetal|Thunder Punch|p2a: Urshifu
|-supereffective|p2a: Urshifu
|-damage|p2a: Urshifu|0 fnt
|faint|p2a: Urshifu
|
|-end|p1a: Melmetal|move: Future Sight
|-resisted|p1a: Melmetal
|-damage|p1a: Melmetal|0 fnt
|faint|p1a: Melmetal
|upkeep
|
|t:|1663778807
|switch|p2a: Tyranitar|Tyranitar, F|100/100
|switch|p1a: landorustherian|Landorus-Therian, M|76/100
|-weather|Sandstorm|[from] ability: Sand Stream|[of] p2a: Tyranitar
|-ability|p1a: landorustherian|Intimidate|boost
|-unboost|p2a: Tyranitar|atk|1
|turn|13
|
|t:|1663778814
|switch|p1a: rotomwash|Rotom-Wash|100/100
|move|p2a: Tyranitar|Ice Punch|p1a: rotomwash
|-resisted|p1a: rotomwash
|-damage|p1a: rotomwash|85/100
|-status|p1a: rotomwash|frz
|
|-weather|Sandstorm|[upkeep]
|-damage|p1a: rotomwash|78/100 frz|[from] Sandstorm
|-heal|p1a: rotomwash|85/100 frz|[from] item: Leftovers
|upkeep
|turn|14
|
|t:|1663778827
|switch|p1a: Heatran|Heatran, M|100/100
|-item|p1a: Heatran|Air Balloon
|switch|p2a: Excadrill|Excadrill, M|100/100
|
|-weather|Sandstorm|[upkeep]
|-fieldend|move: Psychic Terrain
|upkeep
|turn|15
|
|t:|1663778838
|switch|p2a: Tyranitar|Tyranitar, F|100/100
|move|p1a: Heatran|Earth Power|p2a: Tyranitar
|-supereffective|p2a: Tyranitar
|-crit|p2a: Tyranitar
|-damage|p2a: Tyranitar|34/100
|
|-weather|Sandstorm|[upkeep]
|upkeep
|turn|16
|
|t:|1663778846
|move|p1a: Heatran|Earth Power|p2a: Tyranitar
|-supereffective|p2a: Tyranitar
|-damage|p2a: Tyranitar|0 fnt
|faint|p2a: Tyranitar
|
|-weather|Sandstorm|[upkeep]
|upkeep
|-message|chansey and lulu forfeited.
|
|win|minimax_ai
|raw|minimax_ai's rating: 1628 &rarr; <strong>1655</strong><br />(+27 for winning)
|raw|chansey and lulu's rating: 1761 &rarr; <strong>1734</strong><br />(-27 for losing)
|c|☆minimax_ai|gg
|l|☆chansey and lulu
