|j|‽dmt dreams
|j|☆Milo
|inactive|Battle timer is ON: inactive players will automatically lose when time's up.
|t:|1665240817
|gametype|singles
|player|p1|dmt dreams|tuber-gen6|
|player|p2|Milo|red-gen7|
|teamsize|p1|6
|teamsize|p2|6
|gen|8
|tier|[Gen 8] OU
|rated|Tournament battle
|rule|Sleep Clause Mod: Limit one foe put to sleep
|rule|Species Clause: Limit one of each Pokémon
|rule|OHKO Clause: OHKO moves are banned
|rule|Evasion Items Clause: Evasion items are banned
|rule|Evasion Moves Clause: Evasion moves are banned
|rule|Endless Battle Clause: Forcing endless battles is banned
|rule|HP Percentage Mod: HP is shown in percentages
|rule|Dynamax Clause: You cannot dynamax
|clearpoke
|poke|p1|Mew|
|poke|p1|Pelipper, F|
|poke|p1|Tapu Koko|
|poke|p1|Kingdra, F|
|poke|p1|Weavile, M|
|poke|p1|Kartana|
|poke|p2|Pelipper, F|
|poke|p2|Barraskewda, F|
|poke|p2|Crawdaunt, M|
|poke|p2|Ferrothorn, M|
|poke|p2|Zapdos|
|poke|p2|Seismitoad, F|
|teampreview
|inactive|Milo also wants the timer to be on.
|inactive|dmt dreams also wants the timer to be on.
|c|☆Milo|hf
|j| GengarAdept
|
|t:|1665240828
|start
|switch|p1a: Mew|Mew|100/100
|switch|p2a: Seismitoad|Seismitoad, F|100/100
|turn|1
|j| Forwards
|
|t:|1665240835
|switch|p2a: Pelipper|Pelipper, F|100/100
|-weather|RainDance|[from] ability: Drizzle|[of] p2a: Pelipper
|move|p1a: Mew|Will-O-Wisp|p2a: Pelipper
|-status|p2a: Pelipper|brn
|
|-weather|RainDance|[upkeep]
|-damage|p2a: Pelipper|94/100 brn|[from] brn
|upkeep
|turn|2
|
|t:|1665240837
|move|p1a: Mew|Stealth Rock|p2a: Pelipper
|-sidestart|p2: Milo|move: Stealth Rock
|move|p2a: Pelipper|U-turn|p1a: Mew
|-supereffective|p1a: Mew
|-damage|p1a: Mew|94/100
|
|t:|1665240841
|switch|p2a: Barraskewda|Barraskewda, F|100/100|[from]move: U-turn
|-damage|p2a: Barraskewda|88/100|[from] Stealth Rock
|
|-weather|RainDance|[upkeep]
|upkeep
|turn|3
|
|t:|1665240843
|move|p2a: Barraskewda|Flip Turn|p1a: Mew
|-damage|p1a: Mew|28/100
|
|t:|1665240847
|switch|p2a: Pelipper|Pelipper, F|94/100 brn|[from]move: Flip Turn
|-damage|p2a: Pelipper|70/100 brn|[from] Stealth Rock
|move|p1a: Mew|Thunder Wave|p2a: Pelipper|[miss]
|-miss|p1a: Mew|p2a: Pelipper
|
|-weather|RainDance|[upkeep]
|-damage|p2a: Pelipper|63/100 brn|[from] brn
|upkeep
|turn|4
|j| lando is my bf
|
|t:|1665240850
|move|p1a: Mew|Spikes|p2a: Pelipper
|-sidestart|p2: Milo|Spikes
|move|p2a: Pelipper|Defog|p1a: Mew
|-unboost|p1a: Mew|evasion|1
|-sideend|p2: Milo|Spikes|[from] move: Defog|[of] p2a: Pelipper
|-sideend|p2: Milo|Stealth Rock|[from] move: Defog|[of] p2a: Pelipper
|
|-weather|RainDance|[upkeep]
|-damage|p2a: Pelipper|57/100 brn|[from] brn
|upkeep
|turn|5
|
|t:|1665240852
|move|p1a: Mew|Stealth Rock|p2a: Pelipper
|-sidestart|p2: Milo|move: Stealth Rock
|move|p2a: Pelipper|Roost|p2a: Pelipper
|-heal|p2a: Pelipper|100/100 brn
|-singleturn|p2a: Pelipper|move: Roost
|
|-weather|RainDance|[upkeep]
|-damage|p2a: Pelipper|94/100 brn|[from] brn
|upkeep
|turn|6
|
|t:|1665240854
|move|p1a: Mew|Spikes|p2a: Pelipper
|-sidestart|p2: Milo|Spikes
|move|p2a: Pelipper|Defog|p1a: Mew
|-unboost|p1a: Mew|evasion|1
|-sideend|p2: Milo|Spikes|[from] move: Defog|[of] p2a: Pelipper
|-sideend|p2: Milo|Stealth Rock|[from] move: Defog|[of] p2a: Pelipper
|
|-weather|RainDance|[upkeep]
|-damage|p2a: Pelipper|88/100 brn|[from] brn
|upkeep
|turn|7
|
|t:|1665240855
|move|p1a: Mew|Stealth Rock|p2a: Pelipper
|-sidestart|p2: Milo|move: Stealth Rock
|move|p2a: Pelipper|Scald|p1a: Mew
|-damage|p1a: Mew|0 fnt
|faint|p1a: Mew
|
|-weather|RainDance|[upkeep]
|-damage|p2a: Pelipper|82/100 brn|[from] brn
|upkeep
|
|t:|1665240861
|switch|p1a: Tapu Koko|Tapu Koko|100/100
|-fieldstart|move: Electric Terrain|[from] ability: Electric Surge|[of] p1a: Tapu Koko
|turn|8
|
|t:|1665240864
|switch|p2a: Ferrothorn|Ferrothorn, M|100/100
|-damage|p2a: Ferrothorn|94/100|[from] Stealth Rock
|move|p1a: Tapu Koko|Thunder|p2a: Ferrothorn
|-resisted|p2a: Ferrothorn
|-damage|p2a: Ferrothorn|70/100
|-status|p2a: Ferrothorn|par
|
|-weather|none
|-heal|p2a: Ferrothorn|77/100 par|[from] item: Leftovers
|upkeep
|turn|9
|
|t:|1665240871
|move|p1a: Tapu Koko|Taunt|p2a: Ferrothorn
|-start|p2a: Ferrothorn|move: Taunt
|move|p2a: Ferrothorn|Knock Off|p1a: Tapu Koko
|-resisted|p1a: Tapu Koko
|-damage|p1a: Tapu Koko|85/100
|-enditem|p1a: Tapu Koko|Heavy-Duty Boots|[from] move: Knock Off|[of] p2a: Ferrothorn
|
|-heal|p2a: Ferrothorn|83/100 par|[from] item: Leftovers
|upkeep
|turn|10
|
|t:|1665240875
|move|p1a: Tapu Koko|U-turn|p2a: Ferrothorn
|-damage|p2a: Ferrothorn|74/100 par
|-damage|p1a: Tapu Koko|72/100|[from] ability: Iron Barbs|[of] p2a: Ferrothorn
|
|t:|1665240877
|switch|p1a: Pelipper|Pelipper, F|100/100|[from]move: U-turn
|-weather|RainDance|[from] ability: Drizzle|[of] p1a: Pelipper
|move|p2a: Ferrothorn|Knock Off|p1a: Pelipper
|-damage|p1a: Pelipper|74/100
|-enditem|p1a: Pelipper|Damp Rock|[from] move: Knock Off|[of] p2a: Ferrothorn
|
|-weather|RainDance|[upkeep]
|-heal|p2a: Ferrothorn|80/100 par|[from] item: Leftovers
|upkeep
|turn|11
|
|t:|1665240883
|move|p1a: Pelipper|Knock Off|p2a: Ferrothorn
|-damage|p2a: Ferrothorn|74/100 par
|-damage|p1a: Pelipper|62/100|[from] ability: Iron Barbs|[of] p2a: Ferrothorn
|-enditem|p2a: Ferrothorn|Leftovers|[from] move: Knock Off|[of] p1a: Pelipper
|move|p2a: Ferrothorn|Power Whip|p1a: Pelipper
|-damage|p1a: Pelipper|12/100
|
|-weather|RainDance|[upkeep]
|-end|p2a: Ferrothorn|move: Taunt
|upkeep
|turn|12
|
|t:|1665240886
|move|p1a: Pelipper|Hurricane|p2a: Ferrothorn
|-damage|p2a: Ferrothorn|31/100 par
|move|p2a: Ferrothorn|Power Whip|p1a: Pelipper|[miss]
|-miss|p2a: Ferrothorn|p1a: Pelipper
|
|-weather|RainDance|[upkeep]
|-fieldend|move: Electric Terrain
|upkeep
|turn|13
|
|t:|1665240891
|switch|p2a: Zapdos|Zapdos|100/100
|move|p1a: Pelipper|Hurricane|p2a: Zapdos
|-resisted|p2a: Zapdos
|-damage|p2a: Zapdos|72/100
|
|-weather|RainDance|[upkeep]
|upkeep
|turn|14
|
|t:|1665240894
|move|p2a: Zapdos|Thunder|p1a: Pelipper
|-supereffective|p1a: Pelipper
|-damage|p1a: Pelipper|0 fnt
|faint|p1a: Pelipper
|
|-weather|RainDance|[upkeep]
|upkeep
|
|t:|1665240895
|switch|p1a: Kingdra|Kingdra, F|100/100
|turn|15
|
|t:|1665240904
|switch|p2a: Ferrothorn|Ferrothorn, M|31/100 par
|-damage|p2a: Ferrothorn|25/100 par|[from] Stealth Rock
|move|p1a: Kingdra|Surf|p2a: Ferrothorn
|-resisted|p2a: Ferrothorn
|-damage|p2a: Ferrothorn|0 fnt
|faint|p2a: Ferrothorn
|
|-weather|RainDance|[upkeep]
|upkeep
|j| AGLT5TXSombraAgain
|
|t:|1665240907
|switch|p2a: Barraskewda|Barraskewda, F|88/100
|-damage|p2a: Barraskewda|76/100|[from] Stealth Rock
|turn|16
|
|t:|1665240913
|move|p2a: Barraskewda|Flip Turn|p1a: Kingdra
|-resisted|p1a: Kingdra
|-damage|p1a: Kingdra|79/100
|
|t:|1665240922
|switch|p2a: Pelipper|Pelipper, F|82/100 brn|[from]move: Flip Turn
|-damage|p2a: Pelipper|57/100 brn|[from] Stealth Rock
|move|p1a: Kingdra|Surf|p2a: Pelipper
|-resisted|p2a: Pelipper
|-damage|p2a: Pelipper|0 fnt
|faint|p2a: Pelipper
|
|-weather|RainDance|[upkeep]
|upkeep
|
|t:|1665240926
|switch|p2a: Crawdaunt|Crawdaunt, M|100/100
|-damage|p2a: Crawdaunt|88/100|[from] Stealth Rock
|turn|17
|
|t:|1665240929
|move|p1a: Kingdra|Surf|p2a: Crawdaunt
|-resisted|p2a: Crawdaunt
|-damage|p2a: Crawdaunt|0 fnt
|faint|p2a: Crawdaunt
|
|-weather|none
|upkeep
|
|t:|1665240935
|switch|p2a: Zapdos|Zapdos|72/100
|turn|18
|
|t:|1665240940
|move|p2a: Zapdos|Thunder|p1a: Kingdra
|-damage|p1a: Kingdra|8/100
|move|p1a: Kingdra|Surf|p2a: Zapdos
|-damage|p2a: Zapdos|0 fnt
|faint|p2a: Zapdos
|
|upkeep
|
|t:|1665240944
|switch|p2a: Barraskewda|Barraskewda, F|76/100
|-damage|p2a: Barraskewda|64/100|[from] Stealth Rock
|turn|19
|
|t:|1665240953
|move|p2a: Barraskewda|Close Combat|p1a: Kingdra
|-damage|p1a: Kingdra|0 fnt
|-unboost|p2a: Barraskewda|def|1
|-unboost|p2a: Barraskewda|spd|1
|faint|p1a: Kingdra
|
|upkeep
|
|t:|1665240955
|switch|p1a: Kartana|Kartana|100/100
|turn|20
|
|t:|1665240956
|move|p1a: Kartana|Leaf Blade|p2a: Barraskewda
|-supereffective|p2a: Barraskewda
|-crit|p2a: Barraskewda
|-damage|p2a: Barraskewda|0 fnt
|faint|p2a: Barraskewda
|-ability|p1a: Kartana|Beast Boost|boost
|-boost|p1a: Kartana|atk|1
|
|upkeep
|c|☆Milo|gg
|-message|Milo forfeited.
|
|win|dmt dreams
|n|‽dmt dreams|dmtdreams
|n|☆Milo|milo
|n| GengarAdept|gengaradept
|n| Forwards|forwards
|n| lando is my bf|landoismybf
|n| AGLT5TXSombraAgain|aglt5txsombraagain
|l|☆Milo
|l| lando is my bf
