|j|☆Pokefreak77
|j|☆bad read
|player|p1|Pokefreak77|169|1536
|player|p2|bad read|101|1593
|teamsize|p1|6
|teamsize|p2|6
|gametype|singles
|gen|8
|tier|[Gen 8] OU
|rated|
|clearpoke
|poke|p1|Conkeldurr, M|
|poke|p1|Clefable, M|
|poke|p1|Dracovish|
|poke|p1|Corviknight, F|
|poke|p1|Ferrothorn, M|
|poke|p1|Gengar, M|
|poke|p2|Jirachi|
|poke|p2|Clefable, M|
|poke|p2|Hydreigon, F|
|poke|p2|Toxapex, M|
|poke|p2|Hippowdon, F|
|poke|p2|Sirfetch'd, M|
|rule|Sleep Clause Mod: Limit one foe put to sleep
|rule|Species Clause: Limit one of each Pokémon
|rule|OHKO Clause: OHKO moves are banned
|rule|Evasion Moves Clause: Evasion moves are banned
|rule|Endless Battle Clause: Forcing endless battles is banned
|rule|HP Percentage Mod: HP is shown in percentages
|rule|Dynamax Clause: You cannot dynamax
|teampreview
|
|start
|switch|p1a: Clefable|Clefable, M|100/100
|switch|p2a: Hydreigon|Hydreigon, F|100/100
|turn|1
|
|move|p2a: Hydreigon|U-turn|p1a: Clefable
|-resisted|p1a: Clefable
|-damage|p1a: Clefable|93/100
|
|switch|p2a: Jirachi|Jirachi|100/100|[from]move: U-turn
|move|p1a: Clefable|Moonblast|p2a: Jirachi
|-resisted|p2a: Jirachi
|-damage|p2a: Jirachi|86/100
|
|-heal|p2a: Jirachi|92/100|[from] item: Leftovers
|-heal|p1a: Clefable|99/100|[from] item: Leftovers
|upkeep
|turn|2
|
|move|p1a: Clefable|Protect|p1a: Clefable
|-singleturn|p1a: Clefable|Protect
|move|p2a: Jirachi|Calm Mind|p2a: Jirachi
|-boost|p2a: Jirachi|spa|1
|-boost|p2a: Jirachi|spd|1
|
|-heal|p2a: Jirachi|98/100|[from] item: Leftovers
|-heal|p1a: Clefable|100/100|[from] item: Leftovers
|upkeep
|turn|3
|
|move|p2a: Jirachi|Psychic|p1a: Clefable
|-damage|p1a: Clefable|64/100
|move|p1a: Clefable|Teleport|p1a: Clefable
|
|switch|p1a: Ferrothorn|Ferrothorn, M|100/100|[from]move: Teleport
|
|-heal|p2a: Jirachi|100/100|[from] item: Leftovers
|upkeep
|turn|4
|
|move|p2a: Jirachi|Aura Sphere|p1a: Ferrothorn
|-supereffective|p1a: Ferrothorn
|-damage|p1a: Ferrothorn|37/100
|move|p1a: Ferrothorn|Knock Off|p2a: Jirachi
|-supereffective|p2a: Jirachi
|-damage|p2a: Jirachi|57/100
|-enditem|p2a: Jirachi|Leftovers|[from] move: Knock Off|[of] p1a: Ferrothorn
|
|-heal|p1a: Ferrothorn|44/100|[from] item: Leftovers
|upkeep
|turn|5
|
|switch|p1a: Gengar|Gengar, M|100/100
|move|p2a: Jirachi|Psychic|p1a: Gengar
|-supereffective|p1a: Gengar
|-damage|p1a: Gengar|0 fnt
|-start|p2a: Jirachi|Disable|Psychic|[from] ability: Cursed Body|[of] p1a: Gengar
|faint|p1a: Gengar
|
|upkeep
|
|switch|p1a: Conkeldurr|Conkeldurr, M|100/100
|turn|6
|
|switch|p2a: Hippowdon|Hippowdon, F|100/100
|-weather|Sandstorm|[from] ability: Sand Stream|[of] p2a: Hippowdon
|move|p1a: Conkeldurr|Knock Off|p2a: Hippowdon
|-crit|p2a: Hippowdon
|-damage|p2a: Hippowdon|70/100
|-damage|p1a: Conkeldurr|84/100|[from] item: Rocky Helmet|[of] p2a: Hippowdon
|-enditem|p2a: Hippowdon|Rocky Helmet|[from] move: Knock Off|[of] p1a: Conkeldurr
|
|-weather|Sandstorm|[upkeep]
|-damage|p1a: Conkeldurr|78/100|[from] Sandstorm
|-status|p1a: Conkeldurr|brn|[from] item: Flame Orb
|upkeep
|turn|7
|
|move|p1a: Conkeldurr|Drain Punch|p2a: Hippowdon
|-damage|p2a: Hippowdon|33/100
|-heal|p1a: Conkeldurr|99/100 brn|[from] drain|[of] p2a: Hippowdon
|move|p2a: Hippowdon|Slack Off|p2a: Hippowdon
|-heal|p2a: Hippowdon|83/100
|
|-weather|Sandstorm|[upkeep]
|-damage|p1a: Conkeldurr|94/100 brn|[from] Sandstorm
|-damage|p1a: Conkeldurr|88/100 brn|[from] brn
|upkeep
|turn|8
|
|move|p1a: Conkeldurr|Facade|p2a: Hippowdon
|-damage|p2a: Hippowdon|42/100
|move|p2a: Hippowdon|Slack Off|p2a: Hippowdon
|-heal|p2a: Hippowdon|92/100
|
|-weather|Sandstorm|[upkeep]
|-damage|p1a: Conkeldurr|82/100 brn|[from] Sandstorm
|-damage|p1a: Conkeldurr|76/100 brn|[from] brn
|upkeep
|turn|9
|
|switch|p1a: Dracovish|Dracovish|100/100
|move|p2a: Hippowdon|Slack Off|p2a: Hippowdon
|-heal|p2a: Hippowdon|100/100
|
|-weather|Sandstorm|[upkeep]
|-damage|p1a: Dracovish|94/100|[from] Sandstorm
|upkeep
|turn|10
|
|switch|p2a: Toxapex|Toxapex, M|100/100
|move|p1a: Dracovish|Fishious Rend|p2a: Toxapex
|-resisted|p2a: Toxapex
|-damage|p2a: Toxapex|46/100
|
|-weather|none
|-heal|p2a: Toxapex|52/100|[from] item: Leftovers
|upkeep
|turn|11
|
|switch|p1a: Conkeldurr|Conkeldurr, M|76/100 brn
|move|p2a: Toxapex|Baneful Bunker||[still]
|-fail|p2a: Toxapex
|
|-heal|p2a: Toxapex|59/100|[from] item: Leftovers
|-damage|p1a: Conkeldurr|70/100 brn|[from] brn
|upkeep
|turn|12
|
|switch|p1a: Dracovish|Dracovish|94/100
|move|p2a: Toxapex|Baneful Bunker||[still]
|-fail|p2a: Toxapex
|
|-heal|p2a: Toxapex|65/100|[from] item: Leftovers
|upkeep
|turn|13
|
|switch|p1a: Ferrothorn|Ferrothorn, M|44/100
|move|p2a: Toxapex|Baneful Bunker||[still]
|-fail|p2a: Toxapex
|
|-heal|p2a: Toxapex|71/100|[from] item: Leftovers
|-heal|p1a: Ferrothorn|50/100|[from] item: Leftovers
|upkeep
|turn|14
|
|switch|p2a: Clefable|Clefable, M|100/100
|move|p1a: Ferrothorn|Stealth Rock|p2a: Clefable
|-sidestart|p2: bad read|move: Stealth Rock
|
|-heal|p1a: Ferrothorn|56/100|[from] item: Leftovers
|upkeep
|turn|15
|
|move|p1a: Ferrothorn|Knock Off|p2a: Clefable
|-resisted|p2a: Clefable
|-damage|p2a: Clefable|88/100
|-enditem|p2a: Clefable|Leftovers|[from] move: Knock Off|[of] p1a: Ferrothorn
|move|p2a: Clefable|Teleport|p2a: Clefable
|
|switch|p2a: Sirfetch'd|Sirfetch'd, M|100/100|[from]move: Teleport
|-damage|p2a: Sirfetch'd|94/100|[from] Stealth Rock
|
|-heal|p1a: Ferrothorn|62/100|[from] item: Leftovers
|upkeep
|turn|16
|
|switch|p1a: Corviknight|Corviknight, F|100/100
|-ability|p1a: Corviknight|Pressure
|move|p2a: Sirfetch'd|Close Combat|p1a: Corviknight
|-damage|p1a: Corviknight|22/100
|-unboost|p2a: Sirfetch'd|def|1
|-unboost|p2a: Sirfetch'd|spd|1
|
|-heal|p1a: Corviknight|28/100|[from] item: Leftovers
|upkeep
|turn|17
|
|move|p2a: Sirfetch'd|Close Combat|p1a: Corviknight
|-damage|p1a: Corviknight|0 fnt
|-unboost|p2a: Sirfetch'd|def|1
|-unboost|p2a: Sirfetch'd|spd|1
|faint|p1a: Corviknight
|
|upkeep
|
|switch|p1a: Dracovish|Dracovish|94/100
|turn|18
|
|switch|p2a: Toxapex|Toxapex, M|100/100
|-damage|p2a: Toxapex|88/100|[from] Stealth Rock
|move|p1a: Dracovish|Fishious Rend|p2a: Toxapex
|-resisted|p2a: Toxapex
|-damage|p2a: Toxapex|38/100
|
|-heal|p2a: Toxapex|45/100|[from] item: Leftovers
|upkeep
|turn|19
|
|move|p2a: Toxapex|Baneful Bunker|p2a: Toxapex
|-singleturn|p2a: Toxapex|move: Protect
|move|p1a: Dracovish|Fishious Rend|p2a: Toxapex
|-activate|p2a: Toxapex|move: Protect
|-status|p1a: Dracovish|psn
|
|-heal|p2a: Toxapex|51/100|[from] item: Leftovers
|-damage|p1a: Dracovish|82/100 psn|[from] psn
|upkeep
|turn|20
|
|switch|p2a: Clefable|Clefable, M|88/100
|move|p1a: Dracovish|Fishious Rend|p2a: Clefable
|-damage|p2a: Clefable|0 fnt
|faint|p2a: Clefable
|
|-damage|p1a: Dracovish|69/100 psn|[from] psn
|upkeep
|
|switch|p2a: Hydreigon|Hydreigon, F|100/100
|-damage|p2a: Hydreigon|88/100|[from] Stealth Rock
|turn|21
|
|switch|p1a: Clefable|Clefable, M|64/100
|move|p2a: Hydreigon|U-turn|p1a: Clefable
|-resisted|p1a: Clefable
|-damage|p1a: Clefable|55/100
|
|switch|p2a: Jirachi|Jirachi|57/100|[from]move: U-turn
|-damage|p2a: Jirachi|50/100|[from] Stealth Rock
|
|-heal|p1a: Clefable|61/100|[from] item: Leftovers
|upkeep
|turn|22
|
|move|p2a: Jirachi|Calm Mind|p2a: Jirachi
|-boost|p2a: Jirachi|spa|1
|-boost|p2a: Jirachi|spd|1
|move|p1a: Clefable|Wish|p1a: Clefable
|
|-heal|p1a: Clefable|67/100|[from] item: Leftovers
|upkeep
|turn|23
|
|move|p2a: Jirachi|Psychic|p1a: Clefable
|-damage|p1a: Clefable|29/100
|move|p1a: Clefable|Teleport|p1a: Clefable
|
|switch|p1a: Dracovish|Dracovish|69/100 psn|[from]move: Teleport
|
|-heal|p1a: Dracovish|100/100 psn|[from] move: Wish|[wisher] Clefable
|-damage|p1a: Dracovish|88/100 psn|[from] psn
|upkeep
|turn|24
|
|move|p2a: Jirachi|Psychic|p1a: Dracovish
|-damage|p1a: Dracovish|19/100 psn
|move|p1a: Dracovish|Fishious Rend|p2a: Jirachi
|-damage|p2a: Jirachi|0 fnt
|faint|p2a: Jirachi
|
|-damage|p1a: Dracovish|6/100 psn|[from] psn
|upkeep
|
|switch|p2a: Hydreigon|Hydreigon, F|88/100
|-damage|p2a: Hydreigon|76/100|[from] Stealth Rock
|turn|25
|
|switch|p1a: Ferrothorn|Ferrothorn, M|62/100
|move|p2a: Hydreigon|U-turn|p1a: Ferrothorn
|-damage|p1a: Ferrothorn|53/100
|-damage|p2a: Hydreigon|64/100|[from] ability: Iron Barbs|[of] p1a: Ferrothorn
|
|switch|p2a: Sirfetch'd|Sirfetch'd, M|94/100|[from]move: U-turn
|-damage|p2a: Sirfetch'd|88/100|[from] Stealth Rock
|
|-heal|p1a: Ferrothorn|60/100|[from] item: Leftovers
|upkeep
|turn|26
|
|move|p2a: Sirfetch'd|Close Combat|p1a: Ferrothorn
|-supereffective|p1a: Ferrothorn
|-damage|p1a: Ferrothorn|0 fnt
|-unboost|p2a: Sirfetch'd|def|1
|-unboost|p2a: Sirfetch'd|spd|1
|-damage|p2a: Sirfetch'd|76/100|[from] ability: Iron Barbs|[of] p1a: Ferrothorn
|faint|p1a: Ferrothorn
|
|upkeep
|
|switch|p1a: Dracovish|Dracovish|6/100 psn
|turn|27
|
|switch|p1a: Clefable|Clefable, M|29/100
|switch|p2a: Hippowdon|Hippowdon, F|100/100
|-damage|p2a: Hippowdon|94/100|[from] Stealth Rock
|-weather|Sandstorm|[from] ability: Sand Stream|[of] p2a: Hippowdon
|
|-weather|Sandstorm|[upkeep]
|-heal|p1a: Clefable|35/100|[from] item: Leftovers
|upkeep
|turn|28
|
|move|p2a: Hippowdon|Earthquake|p1a: Clefable
|-damage|p1a: Clefable|0 fnt
|faint|p1a: Clefable
|
|-weather|Sandstorm|[upkeep]
|upkeep
|-message|Pokefreak77 forfeited.
|
|win|bad read
|l|☆Pokefreak77
