|j|☆goran el draco
|j|☆Platum
|t:|1651067687
|gametype|singles
|player|p1|goran el draco|harlequin|1749
|player|p2|Platum|erika-gen1|1754
|teamsize|p1|6
|teamsize|p2|6
|gen|8
|tier|[Gen 8] OU
|rated|
|rule|Sleep Clause Mod: Limit one foe put to sleep
|rule|Species Clause: Limit one of each Pokémon
|rule|OHKO Clause: OHKO moves are banned
|rule|Evasion Moves Clause: Evasion moves are banned
|rule|Endless Battle Clause: Forcing endless battles is banned
|rule|HP Percentage Mod: HP is shown in percentages
|rule|Dynamax Clause: You cannot dynamax
|clearpoke
|poke|p1|Obstagoon, F|
|poke|p1|Heatran, M|
|poke|p1|Landorus-Therian, M|
|poke|p1|Volcanion|
|poke|p1|Tapu Lele|
|poke|p1|Clefable, F|
|poke|p2|Dragapult, F|
|poke|p2|Landorus-Therian, M|
|poke|p2|Urshifu-*, F|
|poke|p2|Slowking-Galar, M|
|poke|p2|Mandibuzz, F|
|poke|p2|Heatran, F|
|teampreview
|inactive|Battle timer is ON: inactive players will automatically lose when time's up. (requested by goran el draco)
|j| Palladiawa
|inactive|Platum has 120 seconds left.
|inactive|Platum has 90 seconds left.
|j| cwp55
|j| Nesnot
|j| immasetup
|inactive|Platum has 60 seconds left.
|c|☆Platum|hf
|
|t:|1651067793
|start
|switch|p1a: Landorus|Landorus-Therian, M|100/100
|switch|p2a: Dragapult|Dragapult, F|100/100
|-ability|p1a: Landorus|Intimidate|boost
|-fail|p2a: Dragapult|unboost|[from] ability: Clear Body|[of] p2a: Dragapult
|turn|1
|j| Punyakoko
|
|t:|1651067800
|move|p2a: Dragapult|U-turn|p1a: Landorus
|-resisted|p1a: Landorus
|-damage|p1a: Landorus|82/100
|-damage|p2a: Dragapult|84/100|[from] item: Rocky Helmet|[of] p1a: Landorus
|j| Pyruson
|
|t:|1651067805
|switch|p2a: Landorus|Landorus-Therian, M|100/100|[from]move: U-turn
|-ability|p2a: Landorus|Intimidate|boost
|-unboost|p1a: Landorus|atk|1
|move|p1a: Landorus|Stealth Rock|p2a: Landorus
|-sidestart|p2: Platum|move: Stealth Rock
|
|upkeep
|turn|2
|inactive|Platum has 120 seconds left.
|
|t:|1651067811
|move|p2a: Landorus|Toxic|p1a: Landorus
|-status|p1a: Landorus|tox
|move|p1a: Landorus|Toxic|p2a: Landorus
|-status|p2a: Landorus|tox
|
|-damage|p2a: Landorus|94/100 tox|[from] psn
|-damage|p1a: Landorus|76/100 tox|[from] psn
|upkeep
|turn|3
|
|t:|1651067818
|move|p2a: Landorus|Defog|p1a: Landorus
|-unboost|p1a: Landorus|evasion|1
|-sideend|p2: Platum|Stealth Rock|[from] move: Defog|[of] p2a: Landorus
|move|p1a: Landorus|U-turn|p2a: Landorus
|-resisted|p2a: Landorus
|-damage|p2a: Landorus|89/100 tox
|
|t:|1651067824
|switch|p1a: Volcanion|Volcanion|100/100|[from]move: U-turn
|
|-heal|p2a: Landorus|95/100 tox|[from] item: Leftovers
|-damage|p2a: Landorus|83/100 tox|[from] psn
|upkeep
|turn|4
|l| Pyruson
|j| Unstoppable donuts
|
|t:|1651067834
|move|p2a: Landorus|U-turn|p1a: Volcanion
|-resisted|p1a: Volcanion
|-damage|p1a: Volcanion|90/100
|
|t:|1651067838
|switch|p2a: Slowking|Slowking-Galar, M|100/100|[from]move: U-turn
|move|p1a: Volcanion|Steam Eruption|p2a: Slowking
|-damage|p2a: Slowking|60/100
|
|upkeep
|turn|5
|j| Tiranito
|
|t:|1651067851
|move|p1a: Volcanion|Steam Eruption|p2a: Slowking
|-damage|p2a: Slowking|19/100
|move|p2a: Slowking|Sludge Bomb|p1a: Volcanion
|-damage|p1a: Volcanion|39/100
|
|upkeep
|turn|6
|
|t:|1651067858
|switch|p2a: Dragapult|Dragapult, F|84/100
|move|p1a: Volcanion|Steam Eruption|p2a: Dragapult
|-resisted|p2a: Dragapult
|-damage|p2a: Dragapult|18/100
|
|upkeep
|turn|7
|
|t:|1651067865
|switch|p1a: Clefable|Clefable, F|100/100
|move|p2a: Dragapult|Double-Edge|p1a: Clefable
|-damage|p1a: Clefable|49/100
|-damage|p2a: Dragapult|1/100|[from] item: Rocky Helmet|[of] p1a: Clefable
|-damage|p2a: Dragapult|0 fnt|[from] Recoil
|faint|p2a: Dragapult
|
|upkeep
|
|t:|1651067870
|switch|p2a: Urshifu|Urshifu-Rapid-Strike, F|100/100
|turn|8
|l| Nesnot
|
|t:|1651067875
|switch|p1a: Volcanion|Volcanion|39/100
|move|p2a: Urshifu|Surging Strikes|p1a: Volcanion
|-heal|p1a: Volcanion|64/100|[from] ability: Water Absorb|[of] p2a: Urshifu
|
|upkeep
|turn|9
|
|t:|1651067880
|move|p2a: Urshifu|Close Combat|p1a: Volcanion
|-damage|p1a: Volcanion|3/100
|-unboost|p2a: Urshifu|def|1
|-unboost|p2a: Urshifu|spd|1
|move|p1a: Volcanion|Steam Eruption|p2a: Urshifu
|-resisted|p2a: Urshifu
|-damage|p2a: Urshifu|0 fnt
|faint|p2a: Urshifu
|
|upkeep
|c|☆Platum|'^'
|
|t:|1651067888
|switch|p2a: Landorus|Landorus-Therian, M|83/100 tox
|-ability|p2a: Landorus|Intimidate|boost
|-unboost|p1a: Volcanion|atk|1
|turn|10
|
|t:|1651067894
|move|p2a: Landorus|U-turn|p1a: Volcanion
|-resisted|p1a: Volcanion
|-damage|p1a: Volcanion|0 fnt
|faint|p1a: Volcanion
|
|t:|1651067899
|switch|p2a: Mandibuzz|Mandibuzz, F|100/100|[from]move: U-turn
|
|upkeep
|
|t:|1651067907
|switch|p1a: Landorus|Landorus-Therian, M|76/100 tox
|-ability|p1a: Landorus|Intimidate|boost
|-unboost|p2a: Mandibuzz|atk|1
|turn|11
|c| Unstoppable donuts|that was a lotta dmg
|
|t:|1651067913
|switch|p2a: Landorus|Landorus-Therian, M|83/100 tox
|-ability|p2a: Landorus|Intimidate|boost
|-unboost|p1a: Landorus|atk|1
|move|p1a: Landorus|Stealth Rock|p2a: Landorus
|-sidestart|p2: Platum|move: Stealth Rock
|
|-heal|p2a: Landorus|89/100 tox|[from] item: Leftovers
|-damage|p2a: Landorus|83/100 tox|[from] psn
|-damage|p1a: Landorus|70/100 tox|[from] psn
|upkeep
|turn|12
|
|t:|1651067919
|move|p2a: Landorus|Defog|p1a: Landorus
|-unboost|p1a: Landorus|evasion|1
|-sideend|p2: Platum|Stealth Rock|[from] move: Defog|[of] p2a: Landorus
|move|p1a: Landorus|U-turn|p2a: Landorus
|-resisted|p2a: Landorus
|-crit|p2a: Landorus
|-damage|p2a: Landorus|70/100 tox
|
|t:|1651067920
|switch|p1a: Obstagoon|Obstagoon, F|100/100|[from]move: U-turn
|
|-heal|p2a: Landorus|76/100 tox|[from] item: Leftovers
|-damage|p2a: Landorus|64/100 tox|[from] psn
|-status|p1a: Obstagoon|brn|[from] item: Flame Orb
|upkeep
|turn|13
|
|t:|1651067927
|switch|p2a: Heatran|Heatran, F|100/100
|move|p1a: Obstagoon|Facade|p2a: Heatran
|-resisted|p2a: Heatran
|-damage|p2a: Heatran|67/100
|
|-heal|p2a: Heatran|73/100|[from] item: Leftovers
|-damage|p1a: Obstagoon|94/100 brn|[from] brn
|upkeep
|turn|14
|
|t:|1651067934
|switch|p2a: Mandibuzz|Mandibuzz, F|100/100
|move|p1a: Obstagoon|Close Combat|p2a: Mandibuzz
|-damage|p2a: Mandibuzz|69/100
|-unboost|p1a: Obstagoon|def|1
|-unboost|p1a: Obstagoon|spd|1
|
|-damage|p1a: Obstagoon|88/100 brn|[from] brn
|upkeep
|turn|15
|
|t:|1651067940
|move|p1a: Obstagoon|Facade|p2a: Mandibuzz
|-damage|p2a: Mandibuzz|12/100
|move|p2a: Mandibuzz|U-turn|p1a: Obstagoon
|-supereffective|p1a: Obstagoon
|-damage|p1a: Obstagoon|55/100 brn
|
|t:|1651067946
|switch|p2a: Landorus|Landorus-Therian, M|64/100 tox|[from]move: U-turn
|-ability|p2a: Landorus|Intimidate|boost
|-unboost|p1a: Obstagoon|atk|1
|
|-heal|p2a: Landorus|70/100 tox|[from] item: Leftovers
|-damage|p2a: Landorus|64/100 tox|[from] psn
|-damage|p1a: Obstagoon|49/100 brn|[from] brn
|upkeep
|turn|16
|
|t:|1651067951
|switch|p1a: Landorus|Landorus-Therian, M|70/100 tox
|-ability|p1a: Landorus|Intimidate|boost
|-unboost|p2a: Landorus|atk|1
|move|p2a: Landorus|U-turn|p1a: Landorus
|-resisted|p1a: Landorus
|-damage|p1a: Landorus|63/100 tox
|-damage|p2a: Landorus|48/100 tox|[from] item: Rocky Helmet|[of] p1a: Landorus
|j| Djorz01
|
|t:|1651067955
|switch|p2a: Mandibuzz|Mandibuzz, F|12/100|[from]move: U-turn
|
|-damage|p1a: Landorus|57/100 tox|[from] psn
|upkeep
|turn|17
|
|t:|1651067960
|switch|p2a: Landorus|Landorus-Therian, M|48/100 tox
|-ability|p2a: Landorus|Intimidate|boost
|-unboost|p1a: Landorus|atk|1
|move|p1a: Landorus|Toxic|p2a: Landorus
|-fail|p2a: Landorus|tox
|
|-heal|p2a: Landorus|54/100 tox|[from] item: Leftovers
|-damage|p2a: Landorus|48/100 tox|[from] psn
|-damage|p1a: Landorus|45/100 tox|[from] psn
|upkeep
|turn|18
|l| Djorz01
|
|t:|1651067965
|switch|p2a: Mandibuzz|Mandibuzz, F|12/100
|move|p1a: Landorus|Stealth Rock|p2a: Mandibuzz
|-sidestart|p2: Platum|move: Stealth Rock
|
|-damage|p1a: Landorus|27/100 tox|[from] psn
|upkeep
|turn|19
|
|t:|1651067969
|move|p2a: Mandibuzz|Roost|p2a: Mandibuzz
|-heal|p2a: Mandibuzz|62/100
|-singleturn|p2a: Mandibuzz|move: Roost
|move|p1a: Landorus|U-turn|p2a: Mandibuzz
|-supereffective|p2a: Mandibuzz
|-damage|p2a: Mandibuzz|44/100
|
|t:|1651067972
|switch|p1a: Obstagoon|Obstagoon, F|49/100 brn|[from]move: U-turn
|
|-damage|p1a: Obstagoon|42/100 brn|[from] brn
|upkeep
|turn|20
|
|t:|1651067981
|switch|p2a: Landorus|Landorus-Therian, M|48/100 tox
|-damage|p2a: Landorus|35/100 tox|[from] Stealth Rock
|-ability|p2a: Landorus|Intimidate|boost
|-unboost|p1a: Obstagoon|atk|1
|move|p1a: Obstagoon|Facade|p2a: Landorus
|-damage|p2a: Landorus|0 fnt
|faint|p2a: Landorus
|
|-damage|p1a: Obstagoon|36/100 brn|[from] brn
|upkeep
|
|t:|1651067985
|switch|p2a: Mandibuzz|Mandibuzz, F|44/100
|turn|21
|
|t:|1651067994
|move|p1a: Obstagoon|Taunt|p2a: Mandibuzz
|-start|p2a: Mandibuzz|move: Taunt
|cant|p2a: Mandibuzz|move: Taunt|Roost
|
|-damage|p1a: Obstagoon|30/100 brn|[from] brn
|upkeep
|turn|22
|
|t:|1651068000
|switch|p1a: Landorus|Landorus-Therian, M|27/100 tox
|-ability|p1a: Landorus|Intimidate|boost
|-unboost|p2a: Mandibuzz|atk|1
|move|p2a: Mandibuzz|U-turn|p1a: Landorus
|-resisted|p1a: Landorus
|-damage|p1a: Landorus|23/100 tox
|-damage|p2a: Mandibuzz|28/100|[from] item: Rocky Helmet|[of] p1a: Landorus
|
|t:|1651068004
|switch|p2a: Heatran|Heatran, F|73/100|[from]move: U-turn
|-damage|p2a: Heatran|60/100|[from] Stealth Rock
|
|-heal|p2a: Heatran|67/100|[from] item: Leftovers
|-damage|p1a: Landorus|17/100 tox|[from] psn
|upkeep
|turn|23
|
|t:|1651068018
|switch|p1a: Heatran|Heatran, M|100/100
|-item|p1a: Heatran|Air Balloon
|move|p2a: Heatran|Magma Storm|p1a: Heatran
|-start|p1a: Heatran|ability: Flash Fire
|
|-heal|p2a: Heatran|73/100|[from] item: Leftovers
|upkeep
|turn|24
|
|t:|1651068029
|move|p1a: Heatran|Earth Power|p2a: Heatran
|-supereffective|p2a: Heatran
|-damage|p2a: Heatran|0 fnt
|faint|p2a: Heatran
|
|upkeep
|-message|Platum forfeited.
|
|win|goran el draco
|raw|goran el draco's rating: 1749 &rarr; <strong>1769</strong><br />(+20 for winning)
|raw|Platum's rating: 1754 &rarr; <strong>1734</strong><br />(-20 for losing)
|l|☆Platum
|l| cwp55
|l| immasetup
||Ladder isn't responding, score probably updated but might not have (Request timeout).
