|html|<div class="broadcast-blue"><strong>[Gen 8] OU is currently suspecting Melmetal! For information on how to participate check out the <a href="https://www.smogon.com/forums/threads/np-ss-ou-suspect-process-round-12-monster-mash.3709234/">suspect thread</a>.</strong></div>
|j|☆minimax_ai
|j|☆brettfavreinnocent
|t:|1666314780
|gametype|singles
|player|p1|minimax_ai|lusamine-nihilego|1634
|player|p2|brettfavreinnocent|harlequin|1694
|teamsize|p1|6
|teamsize|p2|6
|gen|8
|tier|[Gen 8] OU
|rated|
|rule|Sleep Clause Mod: Limit one foe put to sleep
|rule|Species Clause: Limit one of each Pokémon
|rule|OHKO Clause: OHKO moves are banned
|rule|Evasion Items Clause: Evasion items are banned
|rule|Evasion Moves Clause: Evasion moves are banned
|rule|Endless Battle Clause: Forcing endless battles is banned
|rule|HP Percentage Mod: HP is shown in percentages
|rule|Dynamax Clause: You cannot dynamax
|clearpoke
|poke|p1|Rotom-Wash|
|poke|p1|Weavile, M|
|poke|p1|Landorus-Therian, M|
|poke|p1|Heatran, M|
|poke|p1|Tangrowth, F|
|poke|p1|Melmetal|
|poke|p2|Pelipper, F|
|poke|p2|Corviknight, F|
|poke|p2|Inteleon, M|
|poke|p2|Ferrothorn, F|
|poke|p2|Barraskewda, M|
|poke|p2|Seismitoad, M|
|teampreview
|inactive|Battle timer is ON: inactive players will automatically lose when time's up. (requested by brettfavreinnocent)
|c|☆minimax_ai|hf
|inactive|minimax_ai also wants the timer to be on.
|
|t:|1666314786
|start
|switch|p1a: Tangrowth|Tangrowth, F|100/100
|switch|p2a: Barraskewda|Barraskewda, M|100/100
|turn|1
|
|t:|1666314789
|move|p2a: Barraskewda|Flip Turn|p1a: Tangrowth
|-resisted|p1a: Tangrowth
|-damage|p1a: Tangrowth|86/100
|-damage|p2a: Barraskewda|84/100|[from] item: Rocky Helmet|[of] p1a: Tangrowth
|
|t:|1666314791
|switch|p2a: Ferrothorn|Ferrothorn, F|100/100|[from]move: Flip Turn
|move|p1a: Tangrowth|Focus Blast|p2a: Ferrothorn
|-supereffective|p2a: Ferrothorn
|-crit|p2a: Ferrothorn
|-damage|p2a: Ferrothorn|42/100
|
|-heal|p2a: Ferrothorn|48/100|[from] item: Leftovers
|upkeep
|turn|2
|
|t:|1666314796
|move|p1a: Tangrowth|Focus Blast|p2a: Ferrothorn
|-supereffective|p2a: Ferrothorn
|-damage|p2a: Ferrothorn|11/100
|move|p2a: Ferrothorn|Stealth Rock|p1a: Tangrowth
|-sidestart|p1: minimax_ai|move: Stealth Rock
|
|-heal|p2a: Ferrothorn|17/100|[from] item: Leftovers
|upkeep
|turn|3
|
|t:|1666314807
|move|p1a: Tangrowth|Sleep Powder|p2a: Ferrothorn
|-immune|p2a: Ferrothorn
|move|p2a: Ferrothorn|Knock Off|p1a: Tangrowth
|-damage|p1a: Tangrowth|75/100
|-damage|p2a: Ferrothorn|0 fnt|[from] item: Rocky Helmet|[of] p1a: Tangrowth
|faint|p2a: Ferrothorn
|
|upkeep
|
|t:|1666314815
|switch|p2a: Corviknight|Corviknight, F|100/100
|-ability|p2a: Corviknight|Pressure
|turn|4
|
|t:|1666314817
|move|p2a: Corviknight|Brave Bird|p1a: Tangrowth
|-supereffective|p1a: Tangrowth
|-crit|p1a: Tangrowth
|-damage|p1a: Tangrowth|22/100
|-damage|p2a: Corviknight|84/100|[from] item: Rocky Helmet|[of] p1a: Tangrowth
|-damage|p2a: Corviknight|66/100|[from] Recoil
|move|p1a: Tangrowth|Sleep Powder|p2a: Corviknight|[miss]
|-miss|p1a: Tangrowth|p2a: Corviknight
|
|upkeep
|turn|5
|
|t:|1666314818
|switch|p1a: rotomwash|Rotom-Wash|100/100
|-damage|p1a: rotomwash|88/100|[from] Stealth Rock
|move|p2a: Corviknight|Defog|p1a: rotomwash
|-unboost|p1a: rotomwash|evasion|1
|-sideend|p1: minimax_ai|Stealth Rock|[from] move: Defog|[of] p2a: Corviknight
|
|-heal|p1a: rotomwash|94/100|[from] item: Leftovers
|upkeep
|turn|6
|
|t:|1666314823
|move|p1a: rotomwash|Nasty Plot|p1a: rotomwash
|-boost|p1a: rotomwash|spa|2
|move|p2a: Corviknight|U-turn|p1a: rotomwash
|-damage|p1a: rotomwash|78/100
|
|t:|1666314826
|switch|p2a: Barraskewda|Barraskewda, M|84/100|[from]move: U-turn
|
|-heal|p1a: rotomwash|84/100|[from] item: Leftovers
|upkeep
|turn|7
|
|t:|1666314828
|move|p2a: Barraskewda|Close Combat|p1a: rotomwash
|-damage|p1a: rotomwash|15/100
|-unboost|p2a: Barraskewda|def|1
|-unboost|p2a: Barraskewda|spd|1
|move|p1a: rotomwash|Hydro Pump|p2a: Barraskewda
|-resisted|p2a: Barraskewda
|-damage|p2a: Barraskewda|0 fnt
|faint|p2a: Barraskewda
|
|-heal|p1a: rotomwash|21/100|[from] item: Leftovers
|upkeep
|
|t:|1666314830
|switch|p2a: Inteleon|Inteleon, M|100/100
|turn|8
|
|t:|1666314832
|switch|p1a: Melmetal|Melmetal|100/100
|move|p2a: Inteleon|Snipe Shot|p1a: Melmetal
|-damage|p1a: Melmetal|79/100
|
|upkeep
|turn|9
|
|t:|1666314835
|switch|p2a: Corviknight|Corviknight, F|66/100
|-ability|p2a: Corviknight|Pressure
|move|p1a: Melmetal|Ice Punch|p2a: Corviknight
|-damage|p2a: Corviknight|44/100
|-damage|p1a: Melmetal|62/100|[from] item: Rocky Helmet|[of] p2a: Corviknight
|
|upkeep
|turn|10
|
|t:|1666314838
|switch|p1a: rotomwash|Rotom-Wash|21/100
|move|p2a: Corviknight|Roost|p2a: Corviknight
|-heal|p2a: Corviknight|94/100
|-singleturn|p2a: Corviknight|move: Roost
|
|-heal|p1a: rotomwash|27/100|[from] item: Leftovers
|upkeep
|turn|11
|
|t:|1666314843
|move|p1a: rotomwash|Nasty Plot|p1a: rotomwash
|-boost|p1a: rotomwash|spa|2
|move|p2a: Corviknight|U-turn|p1a: rotomwash
|-damage|p1a: rotomwash|12/100
|
|t:|1666314845
|switch|p2a: Inteleon|Inteleon, M|100/100|[from]move: U-turn
|
|-heal|p1a: rotomwash|19/100|[from] item: Leftovers
|upkeep
|turn|12
|
|t:|1666314846
|switch|p1a: Melmetal|Melmetal|62/100
|move|p2a: Inteleon|Snipe Shot|p1a: Melmetal
|-damage|p1a: Melmetal|37/100
|
|upkeep
|turn|13
|
|t:|1666314849
|switch|p2a: Corviknight|Corviknight, F|94/100
|-ability|p2a: Corviknight|Pressure
|move|p1a: Melmetal|Double Iron Bash|p2a: Corviknight
|-resisted|p2a: Corviknight
|-damage|p2a: Corviknight|83/100
|-damage|p1a: Melmetal|20/100|[from] item: Rocky Helmet|[of] p2a: Corviknight
|-resisted|p2a: Corviknight
|-damage|p2a: Corviknight|72/100
|-damage|p1a: Melmetal|3/100|[from] item: Rocky Helmet|[of] p2a: Corviknight
|-hitcount|p2a: Corviknight|2
|
|upkeep
|turn|14
|
|t:|1666314852
|switch|p1a: Tangrowth|Tangrowth, F|55/100
|move|p2a: Corviknight|U-turn|p1a: Tangrowth
|-supereffective|p1a: Tangrowth
|-damage|p1a: Tangrowth|39/100
|-damage|p2a: Corviknight|55/100|[from] item: Rocky Helmet|[of] p1a: Tangrowth
|
|t:|1666314854
|switch|p2a: Inteleon|Inteleon, M|100/100|[from]move: U-turn
|
|upkeep
|turn|15
|
|t:|1666314855
|switch|p1a: Weavile|Weavile, M|100/100
|-ability|p1a: Weavile|Pressure
|move|p2a: Inteleon|Snipe Shot|p1a: Weavile
|-crit|p1a: Weavile
|-damage|p1a: Weavile|0 fnt
|faint|p1a: Weavile
|
|upkeep
|
|t:|1666314855
|switch|p1a: landorustherian|Landorus-Therian, M|100/100
|-ability|p1a: landorustherian|Intimidate|boost
|-unboost|p2a: Inteleon|atk|1
|turn|16
|
|t:|1666314858
|switch|p1a: Melmetal|Melmetal|3/100
|move|p2a: Inteleon|Snipe Shot|p1a: Melmetal
|-damage|p1a: Melmetal|0 fnt
|faint|p1a: Melmetal
|
|upkeep
|
|t:|1666314858
|switch|p1a: landorustherian|Landorus-Therian, M|100/100
|-ability|p1a: landorustherian|Intimidate|boost
|-unboost|p2a: Inteleon|atk|1
|turn|17
|
|t:|1666314860
|switch|p1a: rotomwash|Rotom-Wash|19/100
|move|p2a: Inteleon|Snipe Shot|p1a: rotomwash
|-resisted|p1a: rotomwash
|-damage|p1a: rotomwash|0 fnt
|faint|p1a: rotomwash
|
|upkeep
|
|t:|1666314860
|switch|p1a: landorustherian|Landorus-Therian, M|100/100
|-ability|p1a: landorustherian|Intimidate|boost
|-unboost|p2a: Inteleon|atk|1
|turn|18
|
|t:|1666314863
|move|p2a: Inteleon|Snipe Shot|p1a: landorustherian
|-supereffective|p1a: landorustherian
|-damage|p1a: landorustherian|33/100
|move|p1a: landorustherian|Earthquake|p2a: Inteleon
|-damage|p2a: Inteleon|16/100
|
|-heal|p1a: landorustherian|39/100|[from] item: Leftovers
|upkeep
|turn|19
|
|t:|1666314865
|move|p2a: Inteleon|Snipe Shot|p1a: landorustherian
|-supereffective|p1a: landorustherian
|-crit|p1a: landorustherian
|-damage|p1a: landorustherian|0 fnt
|faint|p1a: landorustherian
|
|upkeep
|
|t:|1666314865
|switch|p1a: Heatran|Heatran, M|100/100
|-item|p1a: Heatran|Air Balloon
|turn|20
|
|t:|1666314868
|move|p2a: Inteleon|Snipe Shot|p1a: Heatran
|-supereffective|p1a: Heatran
|-crit|p1a: Heatran
|-damage|p1a: Heatran|0 fnt
|-enditem|p1a: Heatran|Air Balloon
|faint|p1a: Heatran
|
|upkeep
|
|t:|1666314868
|switch|p1a: Tangrowth|Tangrowth, F|73/100
|turn|21
|
|t:|1666314873
|move|p2a: Inteleon|Hydro Cannon|p1a: Tangrowth
|-resisted|p1a: Tangrowth
|-damage|p1a: Tangrowth|11/100
|-mustrecharge|p2a: Inteleon
|move|p1a: Tangrowth|Sleep Powder|p2a: Inteleon
|-status|p2a: Inteleon|slp|[from] move: Sleep Powder
|
|upkeep
|turn|22
|
|t:|1666314875
|cant|p2a: Inteleon|recharge
|move|p1a: Tangrowth|Giga Drain|p2a: Inteleon
|-supereffective|p2a: Inteleon
|-damage|p2a: Inteleon|0 fnt
|-heal|p1a: Tangrowth|16/100|[from] drain|[of] p2a: Inteleon
|faint|p2a: Inteleon
|
|upkeep
|
|t:|1666314877
|switch|p2a: Corviknight|Corviknight, F|55/100
|-ability|p2a: Corviknight|Pressure
|turn|23
|
|t:|1666314878
|move|p2a: Corviknight|Brave Bird|p1a: Tangrowth
|-supereffective|p1a: Tangrowth
|-damage|p1a: Tangrowth|0 fnt
|-damage|p2a: Corviknight|39/100|[from] item: Rocky Helmet|[of] p1a: Tangrowth
|faint|p1a: Tangrowth
|-damage|p2a: Corviknight|33/100|[from] Recoil
|
|win|brettfavreinnocent
|raw|minimax_ai's rating: 1634 &rarr; <strong>1617</strong><br />(-17 for losing)
|raw|brettfavreinnocent's rating: 1694 &rarr; <strong>1711</strong><br />(+17 for winning)
|c|☆minimax_ai|gg
|l|☆minimax_ai
||Ladder isn't responding, score probably updated but might not have (Request timeout).
