|raw|<div class="broadcast-blue"><strong>This battle is required to be public due to a player having a name starting with 'lt93oq'.</div>
|j|☆Wish kisser
|j|‽lt93oq yeat fan
|t:|1660950607
|gametype|singles
|player|p1|Wish kisser|ethan|1708
|player|p2|lt93oq yeat fan|nate|1818
|teamsize|p1|6
|teamsize|p2|6
|gen|8
|tier|[Gen 8] OU
|rated|
|rule|Sleep Clause Mod: Limit one foe put to sleep
|rule|Species Clause: Limit one of each Pokémon
|rule|OHKO Clause: OHKO moves are banned
|rule|Evasion Items Clause: Evasion items are banned
|rule|Evasion Moves Clause: Evasion moves are banned
|rule|Endless Battle Clause: Forcing endless battles is banned
|rule|HP Percentage Mod: HP is shown in percentages
|rule|Dynamax Clause: You cannot dynamax
|clearpoke
|poke|p1|Tyranitar, M|
|poke|p1|Excadrill, M|
|poke|p1|Rotom-Wash|
|poke|p1|Tangrowth, M|
|poke|p1|Clefable, M|
|poke|p1|Slowking-Galar, F|
|poke|p2|Urshifu-*, M|
|poke|p2|Toxapex, M|
|poke|p2|Slowking-Galar, M|
|poke|p2|Landorus-Therian, M|
|poke|p2|Weavile, M|
|poke|p2|Corviknight, M|
|teampreview
|j| Zubitop
|j| antistalldestroye
|c|☆Wish kisser|Wish kisser vs lt93OQ Yeat fan
|c|☆Wish kisser|heat matchup
|inactive|Battle timer is ON: inactive players will automatically lose when time's up. (requested by lt93oq yeat fan)
|
|t:|1660950681
|start
|switch|p1a: D4RK ILIES|Clefable, M|100/100
|switch|p2a: Landorus|Landorus-Therian, M|100/100
|-ability|p2a: Landorus|Intimidate|boost
|-unboost|p1a: D4RK ILIES|atk|1
|turn|1
|
|t:|1660950695
|switch|p2a: Slowking|Slowking-Galar, M|100/100
|move|p1a: D4RK ILIES|Stealth Rock|p2a: Slowking
|-sidestart|p2: lt93oq yeat fan|move: Stealth Rock
|
|upkeep
|turn|2
|j| Sunday Surfer
|
|t:|1660950704
|switch|p1a: Le flash de ciel|Slowking-Galar, F|100/100
|move|p2a: Slowking|Future Sight|p1a: Le flash de ciel
|-start|p2a: Slowking|move: Future Sight
|
|upkeep
|turn|3
|
|t:|1660950713
|switch|p1a: ‘Openbar’|Rotom-Wash|100/100
|move|p2a: Slowking|Scald|p1a: ‘Openbar’
|-resisted|p1a: ‘Openbar’
|-damage|p1a: ‘Openbar’|91/100
|
|-heal|p1a: ‘Openbar’|97/100|[from] item: Leftovers
|upkeep
|turn|4
|
|t:|1660950717
|move|p1a: ‘Openbar’|Volt Switch|p2a: Slowking
|-damage|p2a: Slowking|90/100
|l| Sunday Surfer
|
|t:|1660950721
|switch|p1a: SALOU|Tyranitar, M|100/100|[from]move: Volt Switch
|-weather|Sandstorm|[from] ability: Sand Stream|[of] p1a: SALOU
|move|p2a: Slowking|Scald|p1a: SALOU
|-supereffective|p1a: SALOU
|-damage|p1a: SALOU|68/100
|-status|p1a: SALOU|brn
|
|-weather|Sandstorm|[upkeep]
|-damage|p2a: Slowking|83/100|[from] Sandstorm
|-end|p1a: SALOU|move: Future Sight
|-immune|p1a: SALOU
|-damage|p1a: SALOU|62/100 brn|[from] brn
|upkeep
|turn|5
|
|t:|1660950728
|switch|p1a: ‘Openbar’|Rotom-Wash|97/100
|switch|p2a: Urshifu|Urshifu-Rapid-Strike, M|100/100
|-damage|p2a: Urshifu|94/100|[from] Stealth Rock
|
|-weather|Sandstorm|[upkeep]
|-damage|p2a: Urshifu|88/100|[from] Sandstorm
|-damage|p1a: ‘Openbar’|91/100|[from] Sandstorm
|-heal|p1a: ‘Openbar’|97/100|[from] item: Leftovers
|upkeep
|turn|6
|
|t:|1660950731
|move|p2a: Urshifu|U-turn|p1a: ‘Openbar’
|-damage|p1a: ‘Openbar’|73/100
|
|t:|1660950733
|switch|p2a: Slowking|Slowking-Galar, M|100/100|[from]move: U-turn
|-damage|p2a: Slowking|88/100|[from] Stealth Rock
|move|p1a: ‘Openbar’|Will-O-Wisp|p2a: Slowking|[miss]
|-miss|p1a: ‘Openbar’|p2a: Slowking
|
|-weather|Sandstorm|[upkeep]
|-damage|p1a: ‘Openbar’|66/100|[from] Sandstorm
|-damage|p2a: Slowking|82/100|[from] Sandstorm
|-heal|p1a: ‘Openbar’|73/100|[from] item: Leftovers
|upkeep
|turn|7
|
|t:|1660950736
|move|p1a: ‘Openbar’|Will-O-Wisp|p2a: Slowking
|-status|p2a: Slowking|brn
|move|p2a: Slowking|Sludge Bomb|p1a: ‘Openbar’
|-damage|p1a: ‘Openbar’|41/100
|-status|p1a: ‘Openbar’|psn
|
|-weather|Sandstorm|[upkeep]
|-damage|p1a: ‘Openbar’|35/100 psn|[from] Sandstorm
|-damage|p2a: Slowking|76/100 brn|[from] Sandstorm
|-heal|p1a: ‘Openbar’|41/100 psn|[from] item: Leftovers
|-damage|p1a: ‘Openbar’|28/100 psn|[from] psn
|-damage|p2a: Slowking|70/100 brn|[from] brn
|upkeep
|turn|8
|
|t:|1660950740
|move|p1a: ‘Openbar’|Pain Split|p2a: Slowking
|-sethp|p2a: Slowking|46/100 brn|[from] move: Pain Split|[silent]
|-sethp|p1a: ‘Openbar’|59/100 psn|[from] move: Pain Split
|move|p2a: Slowking|Future Sight|p1a: ‘Openbar’
|-start|p2a: Slowking|move: Future Sight
|
|-weather|none
|-heal|p1a: ‘Openbar’|65/100 psn|[from] item: Leftovers
|-damage|p1a: ‘Openbar’|53/100 psn|[from] psn
|-damage|p2a: Slowking|40/100 brn|[from] brn
|upkeep
|turn|9
|
|t:|1660950743
|move|p1a: ‘Openbar’|Volt Switch|p2a: Slowking
|-damage|p2a: Slowking|27/100 brn
|j| CB Bhris Breezy
|
|t:|1660950747
|switch|p1a: Le flash de ciel|Slowking-Galar, F|100/100|[from]move: Volt Switch
|move|p2a: Slowking|Flamethrower|p1a: Le flash de ciel
|-damage|p1a: Le flash de ciel|80/100
|
|-damage|p2a: Slowking|21/100 brn|[from] brn
|upkeep
|turn|10
|
|t:|1660950752
|switch|p2a: Toxapex|Toxapex, M|100/100
|-damage|p2a: Toxapex|88/100|[from] Stealth Rock
|move|p1a: Le flash de ciel|Nasty Plot|p1a: Le flash de ciel
|-boost|p1a: Le flash de ciel|spa|2
|
|-end|p1a: Le flash de ciel|move: Future Sight
|-crit|p1a: Le flash de ciel
|-damage|p1a: Le flash de ciel|18/100
|upkeep
|turn|11
|
|t:|1660950756
|move|p2a: Toxapex|Knock Off|p1a: Le flash de ciel
|-supereffective|p1a: Le flash de ciel
|-damage|p1a: Le flash de ciel|0 fnt
|-enditem|p1a: Le flash de ciel|Heavy-Duty Boots|[from] move: Knock Off|[of] p2a: Toxapex
|faint|p1a: Le flash de ciel
|
|upkeep
|
|t:|1660950758
|switch|p1a: Plongeon surf|Excadrill, M|100/100
|turn|12
|
|t:|1660950762
|move|p1a: Plongeon surf|Rock Slide|p2a: Toxapex
|-damage|p2a: Toxapex|61/100
|-enditem|p2a: Toxapex|Eject Button
|
|t:|1660950765
|switch|p2a: Weavile|Weavile, M|100/100
|-ability|p2a: Weavile|Pressure
|
|upkeep
|turn|13
|
|t:|1660950769
|move|p2a: Weavile|Triple Axel|p1a: Plongeon surf
|-damage|p1a: Plongeon surf|85/100
|-damage|p1a: Plongeon surf|56/100
|-damage|p1a: Plongeon surf|12/100
|-hitcount|p1a: Plongeon surf|3
|move|p1a: Plongeon surf|Rock Slide|p2a: Weavile
|-supereffective|p2a: Weavile
|-damage|p2a: Weavile|0 fnt
|faint|p2a: Weavile
|
|upkeep
|
|t:|1660950775
|switch|p2a: Urshifu|Urshifu-Rapid-Strike, M|88/100
|-damage|p2a: Urshifu|82/100|[from] Stealth Rock
|turn|14
|
|t:|1660950778
|switch|p1a: Les meufs o tropic|Tangrowth, M|100/100
|move|p2a: Urshifu|Close Combat|p1a: Les meufs o tropic
|-damage|p1a: Les meufs o tropic|69/100
|-unboost|p2a: Urshifu|def|1
|-unboost|p2a: Urshifu|spd|1
|
|upkeep
|turn|15
|
|t:|1660950781
|move|p2a: Urshifu|U-turn|p1a: Les meufs o tropic
|-supereffective|p1a: Les meufs o tropic
|-damage|p1a: Les meufs o tropic|43/100
|
|t:|1660950784
|switch|p2a: Corviknight|Corviknight, M|100/100|[from]move: U-turn
|-damage|p2a: Corviknight|88/100|[from] Stealth Rock
|-ability|p2a: Corviknight|Pressure
|move|p1a: Les meufs o tropic|Sleep Powder|p2a: Corviknight
|-status|p2a: Corviknight|slp|[from] move: Sleep Powder
|
|upkeep
|turn|16
|
|t:|1660950790
|switch|p1a: ‘Openbar’|Rotom-Wash|53/100 psn
|cant|p2a: Corviknight|slp
|
|-heal|p1a: ‘Openbar’|59/100 psn|[from] item: Leftovers
|-damage|p1a: ‘Openbar’|47/100 psn|[from] psn
|upkeep
|turn|17
|
|t:|1660950794
|move|p1a: ‘Openbar’|Volt Switch|p2a: Corviknight
|-supereffective|p2a: Corviknight
|-damage|p2a: Corviknight|41/100 slp
|
|t:|1660950799
|switch|p1a: Plongeon surf|Excadrill, M|12/100|[from]move: Volt Switch
|-curestatus|p2a: Corviknight|slp|[msg]
|move|p2a: Corviknight|Roost|p2a: Corviknight
|-heal|p2a: Corviknight|91/100
|-singleturn|p2a: Corviknight|move: Roost
|
|upkeep
|turn|18
|
|t:|1660950803
|switch|p1a: D4RK ILIES|Clefable, M|100/100
|move|p2a: Corviknight|Defog|p1a: D4RK ILIES
|-unboost|p1a: D4RK ILIES|evasion|1
|-sideend|p2: lt93oq yeat fan|Stealth Rock|[from] move: Defog|[of] p2a: Corviknight
|
|upkeep
|turn|19
|
|t:|1660950806
|switch|p2a: Landorus|Landorus-Therian, M|100/100
|-ability|p2a: Landorus|Intimidate|boost
|-unboost|p1a: D4RK ILIES|atk|1
|move|p1a: D4RK ILIES|Stealth Rock|p2a: Landorus
|-sidestart|p2: lt93oq yeat fan|move: Stealth Rock
|
|upkeep
|turn|20
|
|t:|1660950809
|move|p2a: Landorus|Stealth Rock|p1a: D4RK ILIES
|-sidestart|p1: Wish kisser|move: Stealth Rock
|move|p1a: D4RK ILIES|Ice Beam|p2a: Landorus
|-supereffective|p2a: Landorus
|-damage|p2a: Landorus|40/100
|
|-heal|p2a: Landorus|46/100|[from] item: Leftovers
|upkeep
|turn|21
|
|t:|1660950811
|switch|p2a: Toxapex|Toxapex, M|95/100
|-damage|p2a: Toxapex|82/100|[from] Stealth Rock
|move|p1a: D4RK ILIES|Ice Beam|p2a: Toxapex
|-resisted|p2a: Toxapex
|-damage|p2a: Toxapex|75/100
|
|upkeep
|turn|22
|
|t:|1660950814
|switch|p1a: Les meufs o tropic|Tangrowth, M|76/100
|-damage|p1a: Les meufs o tropic|64/100|[from] Stealth Rock
|move|p2a: Toxapex|Knock Off|p1a: Les meufs o tropic
|-damage|p1a: Les meufs o tropic|55/100
|-damage|p2a: Toxapex|58/100|[from] item: Rocky Helmet|[of] p1a: Les meufs o tropic
|-enditem|p1a: Les meufs o tropic|Rocky Helmet|[from] move: Knock Off|[of] p2a: Toxapex
|
|upkeep
|turn|23
|
|t:|1660950819
|move|p1a: Les meufs o tropic|Knock Off|p2a: Toxapex
|-damage|p2a: Toxapex|48/100
|move|p2a: Toxapex|Toxic|p1a: Les meufs o tropic
|-status|p1a: Les meufs o tropic|tox
|
|-damage|p1a: Les meufs o tropic|49/100 tox|[from] psn
|upkeep
|turn|24
|
|t:|1660950821
|move|p1a: Les meufs o tropic|Sleep Powder|p2a: Toxapex
|-status|p2a: Toxapex|slp|[from] move: Sleep Powder
|cant|p2a: Toxapex|slp
|
|-damage|p1a: Les meufs o tropic|36/100 tox|[from] psn
|upkeep
|turn|25
|
|t:|1660950823
|switch|p1a: Plongeon surf|Excadrill, M|12/100
|-damage|p1a: Plongeon surf|9/100|[from] Stealth Rock
|cant|p2a: Toxapex|slp
|
|upkeep
|turn|26
|
|t:|1660950827
|move|p1a: Plongeon surf|Rock Slide|p2a: Toxapex
|-damage|p2a: Toxapex|16/100 slp
|-curestatus|p2a: Toxapex|slp|[msg]
|move|p2a: Toxapex|Knock Off|p1a: Plongeon surf
|-damage|p1a: Plongeon surf|0 fnt
|-enditem|p1a: Plongeon surf|Choice Band|[from] move: Knock Off|[of] p2a: Toxapex
|faint|p1a: Plongeon surf
|
|upkeep
|
|t:|1660950833
|switch|p1a: SALOU|Tyranitar, M|62/100 brn
|-damage|p1a: SALOU|50/100 brn|[from] Stealth Rock
|-weather|Sandstorm|[from] ability: Sand Stream|[of] p1a: SALOU
|turn|27
|
|t:|1660950838
|switch|p2a: Urshifu|Urshifu-Rapid-Strike, M|82/100
|-damage|p2a: Urshifu|76/100|[from] Stealth Rock
|move|p1a: SALOU|Stone Edge|p2a: Urshifu|[miss]
|-miss|p1a: SALOU|p2a: Urshifu
|
|-weather|Sandstorm|[upkeep]
|-damage|p2a: Urshifu|70/100|[from] Sandstorm
|-damage|p1a: SALOU|44/100 brn|[from] brn
|upkeep
|turn|28
|
|t:|1660950841
|switch|p1a: Les meufs o tropic|Tangrowth, M|70/100 tox
|-damage|p1a: Les meufs o tropic|57/100 tox|[from] Stealth Rock
|move|p2a: Urshifu|Close Combat|p1a: Les meufs o tropic
|-damage|p1a: Les meufs o tropic|23/100 tox
|-unboost|p2a: Urshifu|def|1
|-unboost|p2a: Urshifu|spd|1
|
|-weather|Sandstorm|[upkeep]
|-damage|p2a: Urshifu|64/100|[from] Sandstorm
|-damage|p1a: Les meufs o tropic|17/100 tox|[from] Sandstorm
|-damage|p1a: Les meufs o tropic|10/100 tox|[from] psn
|upkeep
|turn|29
|
|t:|1660950843
|switch|p1a: D4RK ILIES|Clefable, M|100/100
|move|p2a: Urshifu|Surging Strikes|p1a: D4RK ILIES
|-crit|p1a: D4RK ILIES
|-damage|p1a: D4RK ILIES|85/100
|-crit|p1a: D4RK ILIES
|-damage|p1a: D4RK ILIES|69/100
|-crit|p1a: D4RK ILIES
|-damage|p1a: D4RK ILIES|53/100
|-hitcount|p1a: D4RK ILIES|3
|
|-weather|Sandstorm|[upkeep]
|-damage|p2a: Urshifu|57/100|[from] Sandstorm
|upkeep
|turn|30
|
|t:|1660950850
|move|p2a: Urshifu|U-turn|p1a: D4RK ILIES
|-resisted|p1a: D4RK ILIES
|-damage|p1a: D4RK ILIES|43/100
|
|t:|1660950852
|switch|p2a: Toxapex|Toxapex, M|49/100|[from]move: U-turn
|-damage|p2a: Toxapex|37/100|[from] Stealth Rock
|move|p1a: D4RK ILIES|Soft-Boiled|p1a: D4RK ILIES
|-heal|p1a: D4RK ILIES|93/100
|
|-weather|Sandstorm|[upkeep]
|-damage|p2a: Toxapex|31/100|[from] Sandstorm
|upkeep
|turn|31
|j| santiago bernabeu
|
|t:|1660950855
|switch|p1a: Les meufs o tropic|Tangrowth, M|44/100 tox
|-damage|p1a: Les meufs o tropic|31/100 tox|[from] Stealth Rock
|move|p2a: Toxapex|Knock Off|p1a: Les meufs o tropic
|-damage|p1a: Les meufs o tropic|26/100 tox
|
|-weather|none
|-damage|p1a: Les meufs o tropic|20/100 tox|[from] psn
|upkeep
|turn|32
|
|t:|1660950862
|switch|p2a: Corviknight|Corviknight, M|91/100
|-damage|p2a: Corviknight|79/100|[from] Stealth Rock
|-ability|p2a: Corviknight|Pressure
|move|p1a: Les meufs o tropic|Sleep Powder|p2a: Corviknight
|-status|p2a: Corviknight|slp|[from] move: Sleep Powder
|
|-damage|p1a: Les meufs o tropic|7/100 tox|[from] psn
|upkeep
|turn|33
|
|t:|1660950865
|switch|p2a: Urshifu|Urshifu-Rapid-Strike, M|57/100
|-damage|p2a: Urshifu|51/100|[from] Stealth Rock
|switch|p1a: SALOU|Tyranitar, M|44/100 brn
|-damage|p1a: SALOU|31/100 brn|[from] Stealth Rock
|-weather|Sandstorm|[from] ability: Sand Stream|[of] p1a: SALOU
|
|-weather|Sandstorm|[upkeep]
|-damage|p2a: Urshifu|45/100|[from] Sandstorm
|-damage|p1a: SALOU|25/100 brn|[from] brn
|upkeep
|turn|34
|
|t:|1660950869
|switch|p1a: D4RK ILIES|Clefable, M|93/100
|move|p2a: Urshifu|Surging Strikes|p1a: D4RK ILIES
|-crit|p1a: D4RK ILIES
|-damage|p1a: D4RK ILIES|77/100
|-crit|p1a: D4RK ILIES
|-damage|p1a: D4RK ILIES|62/100
|-crit|p1a: D4RK ILIES
|-damage|p1a: D4RK ILIES|46/100
|-hitcount|p1a: D4RK ILIES|3
|
|-weather|Sandstorm|[upkeep]
|-damage|p2a: Urshifu|39/100|[from] Sandstorm
|upkeep
|turn|35
|
|t:|1660950872
|move|p2a: Urshifu|Surging Strikes|p1a: D4RK ILIES
|-crit|p1a: D4RK ILIES
|-damage|p1a: D4RK ILIES|29/100
|-crit|p1a: D4RK ILIES
|-damage|p1a: D4RK ILIES|13/100
|-crit|p1a: D4RK ILIES
|-damage|p1a: D4RK ILIES|0 fnt
|faint|p1a: D4RK ILIES
|-hitcount|p1: D4RK ILIES|3
|
|-weather|Sandstorm|[upkeep]
|-damage|p2a: Urshifu|33/100|[from] Sandstorm
|upkeep
|-message|Wish kisser forfeited.
|
|win|lt93oq yeat fan
|raw|Wish kisser's rating: 1708 &rarr; <strong>1694</strong><br />(-14 for losing)
|raw|lt93oq yeat fan's rating: 1818 &rarr; <strong>1832</strong><br />(+14 for winning)
|l|☆Wish kisser
|l|‽lt93oq yeat fan
|l| antistalldestroye
