|j|‽Alien5ce
|j|☆ElStefano
|t:|1654022105
|gametype|singles
|player|p1|Alien5ce|265|1542
|player|p2|ElStefano|169|1582
|teamsize|p1|6
|teamsize|p2|6
|gen|8
|tier|[Gen 8] OU
|rated|
|rule|Sleep Clause Mod: Limit one foe put to sleep
|rule|Species Clause: Limit one of each Pokémon
|rule|OHKO Clause: OHKO moves are banned
|rule|Evasion Moves Clause: Evasion moves are banned
|rule|Endless Battle Clause: Forcing endless battles is banned
|rule|HP Percentage Mod: HP is shown in percentages
|rule|Dynamax Clause: You cannot dynamax
|clearpoke
|poke|p1|Tapu Fini|
|poke|p1|Zapdos-Galar|
|poke|p1|Dragonite, M|
|poke|p1|Slowking-Galar, M|
|poke|p1|Regieleki|
|poke|p1|Landorus-Therian, M|
|poke|p2|Reuniclus, M|
|poke|p2|Toxapex, F|
|poke|p2|Landorus-Therian, M|
|poke|p2|Dragapult, F|
|poke|p2|Clefable, F|
|poke|p2|Ferrothorn, M|
|teampreview
|inactive|Battle timer is ON: inactive players will automatically lose when time's up. (requested by Alien5ce)
|
|t:|1654022119
|start
|switch|p1a: Regieleki|Regieleki|100/100
|switch|p2a: Landorus|Landorus-Therian, M|100/100
|-ability|p2a: Landorus|Intimidate|boost
|-unboost|p1a: Regieleki|atk|1
|turn|1
|
|t:|1654022125
|switch|p1a: Landorus|Landorus-Therian, M|100/100
|-ability|p1a: Landorus|Intimidate|boost
|-unboost|p2a: Landorus|atk|1
|move|p2a: Landorus|Stealth Rock|p1a: Landorus
|-sidestart|p1: Alien5ce|move: Stealth Rock
|
|upkeep
|turn|2
|
|t:|1654022131
|move|p2a: Landorus|Toxic|p1a: Landorus
|-status|p1a: Landorus|tox
|move|p1a: Landorus|Stealth Rock|p2a: Landorus
|-sidestart|p2: ElStefano|move: Stealth Rock
|
|-damage|p1a: Landorus|94/100 tox|[from] psn
|upkeep
|turn|3
|
|t:|1654022135
|move|p2a: Landorus|U-turn|p1a: Landorus
|-resisted|p1a: Landorus
|-damage|p1a: Landorus|87/100 tox
|
|t:|1654022139
|switch|p2a: Toxapex|Toxapex, F|100/100|[from]move: U-turn
|-damage|p2a: Toxapex|88/100|[from] Stealth Rock
|move|p1a: Landorus|Knock Off|p2a: Toxapex
|-damage|p2a: Toxapex|70/100
|-damage|p1a: Landorus|71/100 tox|[from] item: Rocky Helmet|[of] p2a: Toxapex
|-enditem|p2a: Toxapex|Rocky Helmet|[from] move: Knock Off|[of] p1a: Landorus
|
|-heal|p1a: Landorus|77/100 tox|[from] item: Leftovers
|-damage|p1a: Landorus|65/100 tox|[from] psn
|upkeep
|turn|4
|
|t:|1654022150
|switch|p2a: Landorus|Landorus-Therian, M|100/100
|-damage|p2a: Landorus|88/100|[from] Stealth Rock
|-ability|p2a: Landorus|Intimidate|boost
|-unboost|p1a: Landorus|atk|1
|move|p1a: Landorus|U-turn|p2a: Landorus
|-resisted|p2a: Landorus
|-damage|p2a: Landorus|80/100
|
|t:|1654022161
|switch|p1a: Tapu Fini|Tapu Fini|100/100|[from]move: U-turn
|-damage|p1a: Tapu Fini|88/100|[from] Stealth Rock
|-fieldstart|move: Misty Terrain|[from] ability: Misty Surge|[of] p1a: Tapu Fini
|
|-heal|p2a: Landorus|86/100|[from] item: Leftovers
|upkeep
|turn|5
|
|t:|1654022166
|switch|p2a: Ferrothorn|Ferrothorn, M|100/100
|-damage|p2a: Ferrothorn|94/100|[from] Stealth Rock
|move|p1a: Tapu Fini|Trick|p2a: Ferrothorn
|-activate|p1a: Tapu Fini|move: Trick|[of] p2a: Ferrothorn
|-item|p2a: Ferrothorn|Choice Scarf|[from] move: Trick
|-item|p1a: Tapu Fini|Leftovers|[from] move: Trick
|
|-heal|p1a: Tapu Fini|94/100|[from] item: Leftovers
|upkeep
|turn|6
|
|t:|1654022180
|switch|p1a: Regieleki|Regieleki|100/100
|move|p2a: Ferrothorn|Spikes|p1a: Regieleki
|-sidestart|p1: Alien5ce|Spikes
|
|upkeep
|turn|7
|
|t:|1654022185
|move|p1a: Regieleki|Rapid Spin|p2a: Ferrothorn
|-resisted|p2a: Ferrothorn
|-damage|p2a: Ferrothorn|91/100
|-boost|p1a: Regieleki|spe|1
|-damage|p1a: Regieleki|88/100|[from] ability: Iron Barbs|[of] p2a: Ferrothorn
|-sideend|p1: Alien5ce|Spikes|[from] move: Rapid Spin|[of] p1a: Regieleki
|-sideend|p1: Alien5ce|Stealth Rock|[from] move: Rapid Spin|[of] p1a: Regieleki
|move|p2a: Ferrothorn|Spikes|p1a: Regieleki
|-sidestart|p1: Alien5ce|Spikes
|
|upkeep
|turn|8
|
|t:|1654022190
|move|p1a: Regieleki|Volt Switch|p2a: Ferrothorn
|-resisted|p2a: Ferrothorn
|-damage|p2a: Ferrothorn|73/100
|
|t:|1654022194
|switch|p1a: Dragonite|Dragonite, M|100/100|[from]move: Volt Switch
|move|p2a: Ferrothorn|Spikes|p1a: Dragonite
|-sidestart|p1: Alien5ce|Spikes
|
|-fieldend|Misty Terrain
|upkeep
|turn|9
|
|t:|1654022199
|switch|p2a: Clefable|Clefable, F|100/100
|move|p1a: Dragonite|Dragon Dance|p1a: Dragonite
|-boost|p1a: Dragonite|atk|1
|-boost|p1a: Dragonite|spe|1
|
|upkeep
|turn|10
|
|t:|1654022206
|move|p1a: Dragonite|Earthquake|p2a: Clefable
|-damage|p2a: Clefable|72/100
|move|p2a: Clefable|Moonblast|p1a: Dragonite
|-supereffective|p1a: Dragonite
|-damage|p1a: Dragonite|66/100
|
|upkeep
|turn|11
|j| Hiker Alder
|
|t:|1654022216
|switch|p1a: Tapu Fini|Tapu Fini|94/100
|-damage|p1a: Tapu Fini|78/100|[from] Spikes
|-fieldstart|move: Misty Terrain|[from] ability: Misty Surge|[of] p1a: Tapu Fini
|switch|p2a: Dragapult|Dragapult, F|100/100
|-damage|p2a: Dragapult|88/100|[from] Stealth Rock
|
|-heal|p1a: Tapu Fini|84/100|[from] item: Leftovers
|upkeep
|turn|12
|l| Hiker Alder
|
|t:|1654022224
|move|p2a: Dragapult|U-turn|p1a: Tapu Fini
|-resisted|p1a: Tapu Fini
|-damage|p1a: Tapu Fini|77/100
|
|t:|1654022227
|switch|p2a: Toxapex|Toxapex, F|100/100|[from]move: U-turn
|-damage|p2a: Toxapex|88/100|[from] Stealth Rock
|move|p1a: Tapu Fini|Trick|p2a: Toxapex
|-activate|p1a: Tapu Fini|move: Trick|[of] p2a: Toxapex
|-item|p2a: Toxapex|Leftovers|[from] move: Trick
|-enditem|p1a: Tapu Fini|Leftovers|[silent]|[from] move: Trick
|
|-heal|p2a: Toxapex|94/100|[from] item: Leftovers
|upkeep
|turn|13
|
|t:|1654022248
|move|p1a: Tapu Fini|Trick|p2a: Toxapex
|-activate|p1a: Tapu Fini|move: Trick|[of] p2a: Toxapex
|-enditem|p2a: Toxapex|Leftovers|[silent]|[from] move: Trick
|-item|p1a: Tapu Fini|Leftovers|[from] move: Trick
|move|p2a: Toxapex|Scald|p1a: Tapu Fini
|-resisted|p1a: Tapu Fini
|-damage|p1a: Tapu Fini|70/100
|
|-heal|p1a: Tapu Fini|76/100|[from] item: Leftovers
|upkeep
|turn|14
|
|t:|1654022252
|move|p1a: Tapu Fini|Defog|p2a: Toxapex
|-unboost|p2a: Toxapex|evasion|1
|-sideend|p2: ElStefano|Stealth Rock|[from] move: Defog|[of] p1a: Tapu Fini
|-sideend|p1: Alien5ce|Spikes|[from] move: Defog|[of] p1a: Tapu Fini
|-fieldend|Misty Terrain
|move|p2a: Toxapex|Knock Off|p1a: Tapu Fini
|-resisted|p1a: Tapu Fini
|-damage|p1a: Tapu Fini|69/100
|-enditem|p1a: Tapu Fini|Leftovers|[from] move: Knock Off|[of] p2a: Toxapex
|
|upkeep
|turn|15
|
|t:|1654022257
|switch|p1a: Dragonite|Dragonite, M|66/100
|move|p2a: Toxapex|Toxic Spikes|p1a: Dragonite
|-sidestart|p1: Alien5ce|move: Toxic Spikes
|
|upkeep
|turn|16
|
|t:|1654022262
|switch|p1a: Slowking|Slowking-Galar, M|100/100
|-sideend|p1: Alien5ce|move: Toxic Spikes|[of] p1a: Slowking
|move|p2a: Toxapex|Scald|p1a: Slowking
|-damage|p1a: Slowking|90/100
|-status|p1a: Slowking|brn
|
|-heal|p1a: Slowking|96/100 brn|[from] item: Black Sludge
|-damage|p1a: Slowking|90/100 brn|[from] brn
|upkeep
|turn|17
|
|t:|1654022267
|move|p1a: Slowking|Future Sight|p2a: Toxapex
|-start|p1a: Slowking|move: Future Sight
|move|p2a: Toxapex|Knock Off|p1a: Slowking
|-supereffective|p1a: Slowking
|-damage|p1a: Slowking|60/100 brn
|-enditem|p1a: Slowking|Black Sludge|[from] move: Knock Off|[of] p2a: Toxapex
|
|-damage|p1a: Slowking|54/100 brn|[from] brn
|upkeep
|turn|18
|
|t:|1654022280
|switch|p2a: Landorus|Landorus-Therian, M|86/100
|-ability|p2a: Landorus|Intimidate|boost
|-unboost|p1a: Slowking|atk|1
|move|p1a: Slowking|Sludge Bomb|p2a: Landorus
|-resisted|p2a: Landorus
|-damage|p2a: Landorus|74/100
|
|-heal|p2a: Landorus|80/100|[from] item: Leftovers
|-damage|p1a: Slowking|48/100 brn|[from] brn
|upkeep
|turn|19
|
|t:|1654022285
|switch|p1a: Landorus|Landorus-Therian, M|65/100 tox
|-ability|p1a: Landorus|Intimidate|boost
|-unboost|p2a: Landorus|atk|1
|move|p2a: Landorus|U-turn|p1a: Landorus
|-resisted|p1a: Landorus
|-damage|p1a: Landorus|58/100 tox
|
|t:|1654022290
|switch|p2a: Reuniclus|Reuniclus, M, shiny|100/100|[from]move: U-turn
|
|-end|p2a: Reuniclus|move: Future Sight
|-resisted|p2a: Reuniclus
|-damage|p2a: Reuniclus|86/100
|-heal|p1a: Landorus|64/100 tox|[from] item: Leftovers
|-heal|p2a: Reuniclus|92/100|[from] item: Leftovers
|-damage|p1a: Landorus|58/100 tox|[from] psn
|upkeep
|turn|20
|
|t:|1654022305
|switch|p2a: Toxapex|Toxapex, F|100/100
|move|p1a: Landorus|Earthquake|p2a: Toxapex
|-supereffective|p2a: Toxapex
|-damage|p2a: Toxapex|45/100
|
|-heal|p1a: Landorus|64/100 tox|[from] item: Leftovers
|-damage|p1a: Landorus|52/100 tox|[from] psn
|upkeep
|turn|21
|
|t:|1654022319
|switch|p1a: Zapdos|Zapdos-Galar|100/100
|switch|p2a: Ferrothorn|Ferrothorn, M|73/100
|
|upkeep
|turn|22
|
|t:|1654022332
|switch|p2a: Toxapex|Toxapex, F|78/100
|move|p1a: Zapdos|Close Combat|p2a: Toxapex
|-resisted|p2a: Toxapex
|-damage|p2a: Toxapex|49/100
|-unboost|p1a: Zapdos|def|1
|-unboost|p1a: Zapdos|spd|1
|
|upkeep
|turn|23
|
|t:|1654022341
|switch|p1a: Landorus|Landorus-Therian, M|52/100 tox
|-ability|p1a: Landorus|Intimidate|boost
|-unboost|p2a: Toxapex|atk|1
|switch|p2a: Dragapult|Dragapult, F|88/100
|
|-heal|p1a: Landorus|58/100 tox|[from] item: Leftovers
|-damage|p1a: Landorus|52/100 tox|[from] psn
|upkeep
|turn|24
|
|t:|1654022347
|move|p2a: Dragapult|Shadow Ball|p1a: Landorus
|-damage|p1a: Landorus|9/100 tox
|move|p1a: Landorus|Knock Off|p2a: Dragapult
|-supereffective|p2a: Dragapult
|-damage|p2a: Dragapult|11/100
|-enditem|p2a: Dragapult|Choice Specs|[from] move: Knock Off|[of] p1a: Landorus
|
|-heal|p1a: Landorus|15/100 tox|[from] item: Leftovers
|-damage|p1a: Landorus|3/100 tox|[from] psn
|upkeep
|turn|25
|
|t:|1654022352
|move|p2a: Dragapult|Shadow Ball|p1a: Landorus
|-damage|p1a: Landorus|0 fnt
|faint|p1a: Landorus
|
|upkeep
|
|t:|1654022359
|switch|p1a: Tapu Fini|Tapu Fini|69/100
|-fieldstart|move: Misty Terrain|[from] ability: Misty Surge|[of] p1a: Tapu Fini
|turn|26
|
|t:|1654022367
|switch|p2a: Toxapex|Toxapex, F|82/100
|switch|p1a: Regieleki|Regieleki|88/100
|
|upkeep
|turn|27
|
|t:|1654022372
|switch|p1a: Zapdos|Zapdos-Galar|100/100
|switch|p2a: Landorus|Landorus-Therian, M|80/100
|-ability|p2a: Landorus|Intimidate|boost
|-unboost|p1a: Zapdos|atk|1
|-ability|p1a: Zapdos|Defiant
|-boost|p1a: Zapdos|atk|2
|
|-heal|p2a: Landorus|86/100|[from] item: Leftovers
|upkeep
|turn|28
|
|t:|1654022382
|switch|p2a: Toxapex|Toxapex, F|100/100
|move|p1a: Zapdos|Brave Bird|p2a: Toxapex
|-damage|p2a: Toxapex|22/100
|-damage|p1a: Zapdos|76/100|[from] Recoil
|
|upkeep
|turn|29
|
|t:|1654022411
|move|p1a: Zapdos|Brave Bird|p2a: Toxapex
|-damage|p2a: Toxapex|0 fnt
|faint|p2a: Toxapex
|-damage|p1a: Zapdos|69/100|[from] Recoil
|
|upkeep
|
|t:|1654022414
|switch|p2a: Clefable|Clefable, F|72/100
|turn|30
|
|t:|1654022420
|switch|p1a: Slowking|Slowking-Galar, M|81/100 brn
|move|p2a: Clefable|Moonblast|p1a: Slowking
|-resisted|p1a: Slowking
|-damage|p1a: Slowking|71/100 brn
|
|-damage|p1a: Slowking|65/100 brn|[from] brn
|-fieldend|Misty Terrain
|upkeep
|turn|31
|
|t:|1654022428
|switch|p2a: Reuniclus|Reuniclus, M, shiny|92/100
|move|p1a: Slowking|Flamethrower|p2a: Reuniclus
|-damage|p2a: Reuniclus|76/100
|
|-heal|p2a: Reuniclus|82/100|[from] item: Leftovers
|-damage|p1a: Slowking|59/100 brn|[from] brn
|upkeep
|turn|32
|
|t:|1654022433
|switch|p1a: Tapu Fini|Tapu Fini|69/100
|-fieldstart|move: Misty Terrain|[from] ability: Misty Surge|[of] p1a: Tapu Fini
|move|p2a: Reuniclus|Iron Defense|p2a: Reuniclus
|-boost|p2a: Reuniclus|def|2
|
|-heal|p2a: Reuniclus|88/100|[from] item: Leftovers
|upkeep
|turn|33
|
|t:|1654022440
|move|p1a: Tapu Fini|Trick|p2a: Reuniclus
|-activate|p1a: Tapu Fini|move: Trick|[of] p2a: Reuniclus
|-enditem|p2a: Reuniclus|Leftovers|[silent]|[from] move: Trick
|-item|p1a: Tapu Fini|Leftovers|[from] move: Trick
|move|p2a: Reuniclus|Iron Defense|p2a: Reuniclus
|-boost|p2a: Reuniclus|def|2
|
|-heal|p1a: Tapu Fini|75/100|[from] item: Leftovers
|upkeep
|turn|34
|
|t:|1654022447
|move|p1a: Tapu Fini|Moonblast|p2a: Reuniclus
|-damage|p2a: Reuniclus|66/100
|move|p2a: Reuniclus|Calm Mind|p2a: Reuniclus
|-boost|p2a: Reuniclus|spa|1
|-boost|p2a: Reuniclus|spd|1
|
|-heal|p1a: Tapu Fini|81/100|[from] item: Leftovers
|upkeep
|turn|35
|
|t:|1654022451
|move|p1a: Tapu Fini|Moonblast|p2a: Reuniclus
|-damage|p2a: Reuniclus|51/100
|move|p2a: Reuniclus|Calm Mind|p2a: Reuniclus
|-boost|p2a: Reuniclus|spa|1
|-boost|p2a: Reuniclus|spd|1
|
|-heal|p1a: Tapu Fini|87/100|[from] item: Leftovers
|upkeep
|turn|36
|
|t:|1654022456
|move|p1a: Tapu Fini|Surf|p2a: Reuniclus
|-crit|p2a: Reuniclus
|-damage|p2a: Reuniclus|23/100
|move|p2a: Reuniclus|Recover|p2a: Reuniclus
|-heal|p2a: Reuniclus|73/100
|
|-heal|p1a: Tapu Fini|94/100|[from] item: Leftovers
|-fieldend|Misty Terrain
|upkeep
|turn|37
|
|t:|1654022468
|move|p1a: Tapu Fini|Surf|p2a: Reuniclus
|-damage|p2a: Reuniclus|63/100
|move|p2a: Reuniclus|Calm Mind|p2a: Reuniclus
|-boost|p2a: Reuniclus|spa|1
|-boost|p2a: Reuniclus|spd|1
|
|-heal|p1a: Tapu Fini|99/100|[from] item: Leftovers
|upkeep
|turn|38
|
|t:|1654022471
|move|p1a: Tapu Fini|Surf|p2a: Reuniclus
|-damage|p2a: Reuniclus|55/100
|move|p2a: Reuniclus|Calm Mind|p2a: Reuniclus
|-boost|p2a: Reuniclus|spa|1
|-boost|p2a: Reuniclus|spd|1
|
|-heal|p1a: Tapu Fini|100/100|[from] item: Leftovers
|upkeep
|turn|39
|
|t:|1654022474
|move|p1a: Tapu Fini|Surf|p2a: Reuniclus
|-damage|p2a: Reuniclus|47/100
|move|p2a: Reuniclus|Iron Defense|p2a: Reuniclus
|-boost|p2a: Reuniclus|def|2
|
|upkeep
|turn|40
|
|t:|1654022476
|move|p1a: Tapu Fini|Surf|p2a: Reuniclus
|-damage|p2a: Reuniclus|41/100
|move|p2a: Reuniclus|Recover|p2a: Reuniclus
|-heal|p2a: Reuniclus|91/100
|
|upkeep
|turn|41
|
|t:|1654022479
|move|p1a: Tapu Fini|Surf|p2a: Reuniclus
|-crit|p2a: Reuniclus
|-damage|p2a: Reuniclus|60/100
|move|p2a: Reuniclus|Stored Power|p1a: Tapu Fini
|-damage|p1a: Tapu Fini|0 fnt
|faint|p1a: Tapu Fini
|
|upkeep
|
|t:|1654022482
|switch|p1a: Regieleki|Regieleki|88/100
|turn|42
|
|t:|1654022486
|move|p1a: Regieleki|Electro Ball|p2a: Reuniclus
|-damage|p2a: Reuniclus|36/100
|move|p2a: Reuniclus|Recover|p2a: Reuniclus
|-heal|p2a: Reuniclus|86/100
|
|upkeep
|turn|43
|
|t:|1654022492
|move|p1a: Regieleki|Volt Switch|p2a: Reuniclus
|-damage|p2a: Reuniclus|76/100
|
|t:|1654022495
|switch|p1a: Dragonite|Dragonite, M|66/100|[from]move: Volt Switch
|move|p2a: Reuniclus|Stored Power|p1a: Dragonite
|-damage|p1a: Dragonite|0 fnt
|faint|p1a: Dragonite
|
|upkeep
|
|t:|1654022497
|switch|p1a: Regieleki|Regieleki|88/100
|turn|44
|
|t:|1654022500
|move|p1a: Regieleki|Electro Ball|p2a: Reuniclus
|-damage|p2a: Reuniclus|52/100
|move|p2a: Reuniclus|Recover|p2a: Reuniclus
|-heal|p2a: Reuniclus|100/100
|
|upkeep
|turn|45
|
|t:|1654022503
|move|p1a: Regieleki|Electro Ball|p2a: Reuniclus
|-damage|p2a: Reuniclus|79/100
|move|p2a: Reuniclus|Stored Power|p1a: Regieleki
|-damage|p1a: Regieleki|0 fnt
|faint|p1a: Regieleki
|
|upkeep
|-message|Alien5ce forfeited.
|
|win|ElStefano
|raw|Alien5ce's rating: 1542 &rarr; <strong>1524</strong><br />(-18 for losing)
|raw|ElStefano's rating: 1582 &rarr; <strong>1600</strong><br />(+18 for winning)
|l|‽Alien5ce
||Ladder isn't responding, score probably updated but might not have (Request timeout).
