|j|☆Isaac_Gam3r
|j|☆CoconutCrabs
|t:|1649697329
|gametype|singles
|player|p1|Isaac_Gam3r|acetrainer-gen4dp|1741
|player|p2|CoconutCrabs|chuck|1832
|teamsize|p1|6
|teamsize|p2|6
|gen|8
|tier|[Gen 8] OU
|rated|
|rule|Sleep Clause Mod: Limit one foe put to sleep
|rule|Species Clause: Limit one of each Pokémon
|rule|OHKO Clause: OHKO moves are banned
|rule|Evasion Moves Clause: Evasion moves are banned
|rule|Endless Battle Clause: Forcing endless battles is banned
|rule|HP Percentage Mod: HP is shown in percentages
|rule|Dynamax Clause: You cannot dynamax
|clearpoke
|poke|p1|Garchomp, M|
|poke|p1|Heatran, F|
|poke|p1|Skarmory, F|
|poke|p1|Latios, M|
|poke|p1|Tapu Fini|
|poke|p1|Weavile, M|
|poke|p2|Tyranitar, F|
|poke|p2|Excadrill, F|
|poke|p2|Tornadus-Therian, M|
|poke|p2|Toxapex, F|
|poke|p2|Heatran, M|
|poke|p2|Tangrowth, M|
|teampreview
|inactive|Battle timer is ON: inactive players will automatically lose when time's up. (requested by Isaac_Gam3r)
|
|t:|1649697334
|start
|switch|p1a: Latios|Latios, M, shiny|100/100
|switch|p2a: Paloma|Tornadus-Therian, M|100/100
|turn|1
|
|t:|1649697338
|switch|p2a: Boogers|Tyranitar, F|100/100
|-weather|Sandstorm|[from] ability: Sand Stream|[of] p2a: Boogers
|switch|p1a: Heatran|Heatran, F|100/100
|
|-weather|Sandstorm|[upkeep]
|upkeep
|turn|2
|
|t:|1649697341
|switch|p1a: Skarmory|Skarmory, F|100/100
|move|p2a: Boogers|Earthquake|p1a: Skarmory
|-immune|p1a: Skarmory
|
|-weather|Sandstorm|[upkeep]
|upkeep
|turn|3
|
|t:|1649697344
|move|p1a: Skarmory|Stealth Rock|p2a: Boogers
|-sidestart|p2: CoconutCrabs|move: Stealth Rock
|move|p2a: Boogers|Stealth Rock|p1a: Skarmory
|-sidestart|p1: Isaac_Gam3r|move: Stealth Rock
|
|-weather|Sandstorm|[upkeep]
|upkeep
|turn|4
|j| Electronno
|
|t:|1649697347
|switch|p2a: Baby|Toxapex, F|100/100
|-damage|p2a: Baby|88/100|[from] Stealth Rock
|move|p1a: Skarmory|Defog|p2a: Baby
|-unboost|p2a: Baby|evasion|1
|-sideend|p2: CoconutCrabs|Stealth Rock|[from] move: Defog|[of] p1a: Skarmory
|-sideend|p1: Isaac_Gam3r|Stealth Rock|[from] move: Defog|[of] p1a: Skarmory
|
|-weather|Sandstorm|[upkeep]
|-damage|p2a: Baby|82/100|[from] Sandstorm
|upkeep
|turn|5
|
|t:|1649697349
|switch|p1a: Latios|Latios, M, shiny|100/100
|move|p2a: Baby|Knock Off|p1a: Latios
|-supereffective|p1a: Latios
|-damage|p1a: Latios|56/100
|-enditem|p1a: Latios|Choice Specs|[from] move: Knock Off|[of] p2a: Baby
|
|-weather|none
|upkeep
|turn|6
|
|t:|1649697353
|switch|p2a: Paloma|Tornadus-Therian, M|100/100
|move|p1a: Latios|Psychic|p2a: Paloma
|-crit|p2a: Paloma
|-damage|p2a: Paloma|14/100
|
|upkeep
|turn|7
|
|t:|1649697358
|switch|p1a: Garchomp|Garchomp, M|100/100
|move|p2a: Paloma|Hurricane|p1a: Garchomp
|-damage|p1a: Garchomp|2/100
|
|upkeep
|turn|8
|
|t:|1649697363
|switch|p2a: Baby|Toxapex, F|100/100
|move|p1a: Garchomp|Rock Slide|p2a: Baby
|-damage|p2a: Baby|83/100
|
|upkeep
|turn|9
|
|t:|1649697366
|switch|p1a: Latios|Latios, M, shiny|56/100
|move|p2a: Baby|Knock Off|p1a: Latios
|-supereffective|p1a: Latios
|-damage|p1a: Latios|27/100
|
|upkeep
|turn|10
|j| ppev
|
|t:|1649697372
|switch|p2a: Boogers|Tyranitar, F|100/100
|-weather|Sandstorm|[from] ability: Sand Stream|[of] p2a: Boogers
|move|p1a: Latios|Psychic|p2a: Boogers
|-immune|p2a: Boogers
|
|-weather|Sandstorm|[upkeep]
|-damage|p1a: Latios|21/100|[from] Sandstorm
|upkeep
|turn|11
|
|t:|1649697376
|move|p1a: Latios|Aura Sphere|p2a: Boogers
|-supereffective|p2a: Boogers
|-damage|p2a: Boogers|58/100
|move|p2a: Boogers|Stealth Rock|p1a: Latios
|-sidestart|p1: Isaac_Gam3r|move: Stealth Rock
|
|-weather|Sandstorm|[upkeep]
|-damage|p1a: Latios|15/100|[from] Sandstorm
|-heal|p2a: Boogers|64/100|[from] item: Leftovers
|upkeep
|turn|12
|
|t:|1649697380
|switch|p2a: Baby|Toxapex, F|100/100
|move|p1a: Latios|Thunderbolt|p2a: Baby
|-supereffective|p2a: Baby
|-damage|p2a: Baby|48/100
|
|-weather|Sandstorm|[upkeep]
|-damage|p1a: Latios|9/100|[from] Sandstorm
|-damage|p2a: Baby|42/100|[from] Sandstorm
|upkeep
|turn|13
|
|t:|1649697384
|switch|p2a: Pretty|Tangrowth, M|100/100
|move|p1a: Latios|Aura Sphere|p2a: Pretty
|-damage|p2a: Pretty|58/100
|
|-weather|Sandstorm|[upkeep]
|-damage|p1a: Latios|3/100|[from] Sandstorm
|-damage|p2a: Pretty|52/100|[from] Sandstorm
|upkeep
|turn|14
|
|t:|1649697389
|switch|p2a: Baby|Toxapex, F|75/100
|move|p1a: Latios|Draco Meteor|p2a: Baby
|-damage|p2a: Baby|17/100
|-unboost|p1a: Latios|spa|2
|
|-weather|none
|upkeep
|turn|15
|
|t:|1649697393
|switch|p2a: Boogers|Tyranitar, F|64/100
|-weather|Sandstorm|[from] ability: Sand Stream|[of] p2a: Boogers
|move|p1a: Latios|Aura Sphere|p2a: Boogers
|-supereffective|p2a: Boogers
|-damage|p2a: Boogers|41/100
|
|-weather|Sandstorm|[upkeep]
|-damage|p1a: Latios|0 fnt|[from] Sandstorm
|faint|p1a: Latios
|-heal|p2a: Boogers|48/100|[from] item: Leftovers
|upkeep
|
|t:|1649697396
|switch|p1a: Tapu Fini|Tapu Fini|100/100
|-damage|p1a: Tapu Fini|88/100|[from] Stealth Rock
|-fieldstart|move: Misty Terrain|[from] ability: Misty Surge|[of] p1a: Tapu Fini
|turn|16
|
|t:|1649697401
|move|p1a: Tapu Fini|Defog|p2a: Boogers
|-unboost|p2a: Boogers|evasion|1
|-sideend|p1: Isaac_Gam3r|Stealth Rock|[from] move: Defog|[of] p1a: Tapu Fini
|-fieldend|Misty Terrain
|move|p2a: Boogers|Rock Blast|p1a: Tapu Fini
|-damage|p1a: Tapu Fini|78/100
|-damage|p1a: Tapu Fini|68/100
|-damage|p1a: Tapu Fini|59/100
|-hitcount|p1a: Tapu Fini|3
|
|-weather|Sandstorm|[upkeep]
|-damage|p1a: Tapu Fini|53/100|[from] Sandstorm
|-heal|p1a: Tapu Fini|59/100|[from] item: Leftovers
|-heal|p2a: Boogers|54/100|[from] item: Leftovers
|upkeep
|turn|17
|
|t:|1649697406
|move|p1a: Tapu Fini|Scald|p2a: Boogers
|-supereffective|p2a: Boogers
|-damage|p2a: Boogers|30/100
|move|p2a: Boogers|Stealth Rock|p1a: Tapu Fini
|-sidestart|p1: Isaac_Gam3r|move: Stealth Rock
|
|-weather|Sandstorm|[upkeep]
|-damage|p1a: Tapu Fini|53/100|[from] Sandstorm
|-heal|p1a: Tapu Fini|59/100|[from] item: Leftovers
|-heal|p2a: Boogers|36/100|[from] item: Leftovers
|upkeep
|turn|18
|
|t:|1649697408
|switch|p2a: Pretty|Tangrowth, M|85/100
|move|p1a: Tapu Fini|Scald|p2a: Pretty
|-resisted|p2a: Pretty
|-damage|p2a: Pretty|65/100
|-status|p2a: Pretty|brn
|
|-weather|Sandstorm|[upkeep]
|-damage|p1a: Tapu Fini|53/100|[from] Sandstorm
|-damage|p2a: Pretty|59/100 brn|[from] Sandstorm
|-heal|p1a: Tapu Fini|59/100|[from] item: Leftovers
|-damage|p2a: Pretty|53/100 brn|[from] brn
|upkeep
|turn|19
|
|t:|1649697413
|move|p1a: Tapu Fini|Defog|p2a: Pretty
|-unboost|p2a: Pretty|evasion|1
|-sideend|p1: Isaac_Gam3r|Stealth Rock|[from] move: Defog|[of] p1a: Tapu Fini
|move|p2a: Pretty|Knock Off|p1a: Tapu Fini
|-resisted|p1a: Tapu Fini
|-damage|p1a: Tapu Fini|54/100
|-enditem|p1a: Tapu Fini|Leftovers|[from] move: Knock Off|[of] p2a: Pretty
|
|-weather|none
|-damage|p2a: Pretty|47/100 brn|[from] brn
|upkeep
|turn|20
|
|t:|1649697415
|switch|p1a: Heatran|Heatran, F|100/100
|move|p2a: Pretty|Giga Drain|p1a: Heatran
|-resisted|p1a: Heatran
|-damage|p1a: Heatran|96/100
|-heal|p2a: Pretty|49/100 brn|[from] drain|[of] p1a: Heatran
|
|-damage|p2a: Pretty|43/100 brn|[from] brn
|upkeep
|turn|21
|
|t:|1649697419
|switch|p2a: Boogers|Tyranitar, F|36/100
|-weather|Sandstorm|[from] ability: Sand Stream|[of] p2a: Boogers
|move|p1a: Heatran|Flash Cannon|p2a: Boogers
|-supereffective|p2a: Boogers
|-damage|p2a: Boogers|0 fnt
|faint|p2a: Boogers
|
|-weather|Sandstorm|[upkeep]
|upkeep
|
|t:|1649697423
|switch|p2a: Little Man|Heatran, M|100/100
|turn|22
|
|t:|1649697425
|move|p2a: Little Man|Eruption|p1a: Heatran
|-start|p1a: Heatran|ability: Flash Fire
|move|p1a: Heatran|Earth Power|p2a: Little Man
|-supereffective|p2a: Little Man
|-damage|p2a: Little Man|0 fnt
|faint|p2a: Little Man
|
|-weather|Sandstorm|[upkeep]
|upkeep
|-message|CoconutCrabs forfeited.
|
|win|Isaac_Gam3r
|raw|Isaac_Gam3r's rating: 1741 &rarr; <strong>1766</strong><br />(+25 for winning)
|raw|CoconutCrabs's rating: 1832 &rarr; <strong>1807</strong><br />(-25 for losing)
|l|☆CoconutCrabs
|l|☆Isaac_Gam3r
||Ladder isn't responding, score probably updated but might not have (Request timeout).
