|j|☆tystys
|j|☆GGeorgie◕‿◕
|t:|1661811629
|gametype|singles
|player|p1|tystys|265|1753
|player|p2|GGeorgie◕‿◕|hiker-gen2|1735
|teamsize|p1|6
|teamsize|p2|6
|gen|8
|tier|[Gen 8] OU
|rated|
|rule|Sleep Clause Mod: Limit one foe put to sleep
|rule|Species Clause: Limit one of each Pokémon
|rule|OHKO Clause: OHKO moves are banned
|rule|Evasion Items Clause: Evasion items are banned
|rule|Evasion Moves Clause: Evasion moves are banned
|rule|Endless Battle Clause: Forcing endless battles is banned
|rule|HP Percentage Mod: HP is shown in percentages
|rule|Dynamax Clause: You cannot dynamax
|clearpoke
|poke|p1|Ferrothorn, M|
|poke|p1|Tapu Fini|
|poke|p1|Volcarona, F|
|poke|p1|Garchomp, M|
|poke|p1|Dragapult, M|
|poke|p1|Zapdos|
|poke|p2|Suicune|
|poke|p2|Tyranitar, F|
|poke|p2|Excadrill, F|
|poke|p2|Zapdos|
|poke|p2|Rillaboom, F|
|poke|p2|Ferrothorn, M|
|teampreview
|inactive|Battle timer is ON: inactive players will automatically lose when time's up. (requested by tystys)
|
|t:|1661811653
|start
|switch|p1a: Zapdos|Zapdos|100/100
|switch|p2a: Zapdos|Zapdos|100/100
|-ability|p2a: Zapdos|Pressure
|turn|1
|
|t:|1661811658
|move|p1a: Zapdos|Volt Switch|p2a: Zapdos
|-damage|p2a: Zapdos|63/100
|
|t:|1661811662
|switch|p1a: Garchomp|Garchomp, M|100/100|[from]move: Volt Switch
|move|p2a: Zapdos|Toxic|p1a: Garchomp
|-status|p1a: Garchomp|tox
|
|-damage|p1a: Garchomp|94/100 tox|[from] psn
|upkeep
|turn|2
|
|t:|1661811672
|switch|p2a: Suicune|Suicune|100/100
|-ability|p2a: Suicune|Pressure
|move|p1a: Garchomp|Swords Dance|p1a: Garchomp
|-boost|p1a: Garchomp|atk|2
|
|-heal|p1a: Garchomp|100/100 tox|[from] item: Leftovers
|-damage|p1a: Garchomp|88/100 tox|[from] psn
|upkeep
|turn|3
|
|t:|1661811679
|move|p1a: Garchomp|Earthquake|p2a: Suicune
|-damage|p2a: Suicune|42/100
|move|p2a: Suicune|Scald|p1a: Garchomp
|-damage|p1a: Garchomp|67/100 tox
|
|-heal|p1a: Garchomp|73/100 tox|[from] item: Leftovers
|-damage|p1a: Garchomp|55/100 tox|[from] psn
|upkeep
|turn|4
|
|t:|1661811688
|switch|p2a: Ferrothorn|Ferrothorn, M|100/100
|move|p1a: Garchomp|Scale Shot|p2a: Ferrothorn
|-resisted|p2a: Ferrothorn
|-damage|p2a: Ferrothorn|91/100
|-resisted|p2a: Ferrothorn
|-damage|p2a: Ferrothorn|81/100
|-hitcount|p2a: Ferrothorn|2
|-enditem|p2a: Ferrothorn|Eject Button
|-unboost|p1a: Garchomp|def|1
|-boost|p1a: Garchomp|spe|1
|
|t:|1661811692
|switch|p2a: Rillaboom|Rillaboom, F|100/100
|-fieldstart|move: Grassy Terrain|[from] ability: Grassy Surge|[of] p2a: Rillaboom
|
|-heal|p1a: Garchomp|61/100 tox|[from] Grassy Terrain
|-heal|p1a: Garchomp|67/100 tox|[from] item: Leftovers
|-damage|p1a: Garchomp|42/100 tox|[from] psn
|upkeep
|turn|5
|
|t:|1661811698
|move|p1a: Garchomp|Fire Fang|p2a: Rillaboom
|-supereffective|p2a: Rillaboom
|-damage|p2a: Rillaboom|18/100
|move|p2a: Rillaboom|Knock Off|p1a: Garchomp
|-damage|p1a: Garchomp|0 fnt
|-damage|p2a: Rillaboom|5/100|[from] ability: Rough Skin|[of] p1a: Garchomp
|-enditem|p1a: Garchomp|Leftovers|[from] move: Knock Off|[of] p2a: Rillaboom
|faint|p1a: Garchomp
|
|-heal|p2a: Rillaboom|11/100|[from] Grassy Terrain
|-heal|p2a: Rillaboom|18/100|[from] item: Leftovers
|upkeep
|
|t:|1661811706
|switch|p1a: Dragapult|Dragapult, M|100/100
|turn|6
|
|t:|1661811725
|switch|p2a: Ferrothorn|Ferrothorn, M|81/100
|move|p1a: Dragapult|U-turn|p2a: Ferrothorn
|-damage|p2a: Ferrothorn|69/100
|-damage|p1a: Dragapult|88/100|[from] ability: Iron Barbs|[of] p2a: Ferrothorn
|j| PenguinEnthusiast
|
|t:|1661811731
|switch|p1a: Volcarona|Volcarona, F|100/100|[from]move: U-turn
|
|-heal|p2a: Ferrothorn|75/100|[from] Grassy Terrain
|upkeep
|turn|7
|
|t:|1661811747
|switch|p2a: Schrader|Tyranitar, F|100/100
|-weather|Sandstorm|[from] ability: Sand Stream|[of] p2a: Schrader
|move|p1a: Volcarona|Fiery Dance|p2a: Schrader
|-resisted|p2a: Schrader
|-damage|p2a: Schrader|86/100
|
|-weather|Sandstorm|[upkeep]
|-damage|p1a: Volcarona|94/100|[from] Sandstorm
|-heal|p2a: Schrader|93/100|[from] Grassy Terrain
|-heal|p1a: Volcarona|100/100|[from] Grassy Terrain
|upkeep
|turn|8
|
|t:|1661811755
|switch|p1a: Ferrothorn|Ferrothorn, M|100/100
|move|p2a: Schrader|Fire Blast|p1a: Ferrothorn
|-supereffective|p1a: Ferrothorn
|-damage|p1a: Ferrothorn|25/100
|
|-weather|Sandstorm|[upkeep]
|-heal|p2a: Schrader|99/100|[from] Grassy Terrain
|-heal|p1a: Ferrothorn|32/100|[from] Grassy Terrain
|-heal|p1a: Ferrothorn|38/100|[from] item: Leftovers
|-fieldend|move: Grassy Terrain
|upkeep
|turn|9
|
|t:|1661811762
|switch|p1a: Tapu Fini|Tapu Fini|100/100
|-fieldstart|move: Misty Terrain|[from] ability: Misty Surge|[of] p1a: Tapu Fini
|move|p2a: Schrader|Fire Blast|p1a: Tapu Fini
|-resisted|p1a: Tapu Fini
|-damage|p1a: Tapu Fini|91/100
|
|-weather|Sandstorm|[upkeep]
|-damage|p1a: Tapu Fini|85/100|[from] Sandstorm
|-heal|p1a: Tapu Fini|91/100|[from] item: Leftovers
|upkeep
|turn|10
|
|t:|1661811786
|switch|p2a: Ferrothorn|Ferrothorn, M|75/100
|move|p1a: Tapu Fini|Calm Mind|p1a: Tapu Fini
|-boost|p1a: Tapu Fini|spa|1
|-boost|p1a: Tapu Fini|spd|1
|
|-weather|Sandstorm|[upkeep]
|-damage|p1a: Tapu Fini|85/100|[from] Sandstorm
|-heal|p1a: Tapu Fini|91/100|[from] item: Leftovers
|upkeep
|turn|11
|
|t:|1661811797
|move|p1a: Tapu Fini|Substitute|p1a: Tapu Fini
|-start|p1a: Tapu Fini|Substitute
|-damage|p1a: Tapu Fini|66/100
|move|p2a: Ferrothorn|Power Whip|p1a: Tapu Fini
|-supereffective|p1a: Tapu Fini
|-crit|p1a: Tapu Fini
|-end|p1a: Tapu Fini|Substitute
|
|-weather|none
|-heal|p1a: Tapu Fini|72/100|[from] item: Leftovers
|upkeep
|turn|12
|j| Olaho
|inactive|tystys has 120 seconds left.
|
|t:|1661811829
|switch|p1a: Zapdos|Zapdos|100/100
|move|p2a: Ferrothorn|Knock Off|p1a: Zapdos
|-damage|p1a: Zapdos|75/100
|-enditem|p1a: Zapdos|Heavy-Duty Boots|[from] move: Knock Off|[of] p2a: Ferrothorn
|
|upkeep
|turn|13
|
|t:|1661811838
|switch|p2a: Zapdos|Zapdos|63/100
|-ability|p2a: Zapdos|Pressure
|move|p1a: Zapdos|Hurricane|p2a: Zapdos
|-resisted|p2a: Zapdos
|-damage|p2a: Zapdos|35/100
|
|-fieldend|Misty Terrain
|upkeep
|turn|14
|inactive|tystys has 120 seconds left.
|j| Bro★taro
|
|t:|1661811854
|move|p1a: Zapdos|Volt Switch|p2a: Zapdos
|-damage|p2a: Zapdos|0 fnt
|faint|p2a: Zapdos
|
|t:|1661811859
|switch|p1a: Dragapult|Dragapult, M|88/100|[from]move: Volt Switch
|
|upkeep
|
|t:|1661811863
|switch|p2a: Schrader|Tyranitar, F|99/100
|-weather|Sandstorm|[from] ability: Sand Stream|[of] p2a: Schrader
|turn|15
|
|t:|1661811865
|switch|p2a: Ferrothorn|Ferrothorn, M|75/100
|move|p1a: Dragapult|U-turn|p2a: Ferrothorn
|-damage|p2a: Ferrothorn|64/100
|-damage|p1a: Dragapult|76/100|[from] ability: Iron Barbs|[of] p2a: Ferrothorn
|
|t:|1661811870
|switch|p1a: Volcarona|Volcarona, F|100/100|[from]move: U-turn
|
|-weather|Sandstorm|[upkeep]
|-damage|p1a: Volcarona|94/100|[from] Sandstorm
|upkeep
|turn|16
|
|t:|1661811878
|switch|p2a: Schrader|Tyranitar, F|99/100
|move|p1a: Volcarona|Fiery Dance|p2a: Schrader
|-resisted|p2a: Schrader
|-damage|p2a: Schrader|86/100
|-boost|p1a: Volcarona|spa|1
|
|-weather|Sandstorm|[upkeep]
|-damage|p1a: Volcarona|88/100|[from] Sandstorm
|upkeep
|turn|17
|l| PenguinEnthusiast
|
|t:|1661811893
|switch|p1a: Tapu Fini|Tapu Fini|72/100
|-fieldstart|move: Misty Terrain|[from] ability: Misty Surge|[of] p1a: Tapu Fini
|move|p2a: Schrader|Stealth Rock|p1a: Tapu Fini
|-sidestart|p1: tystys|move: Stealth Rock
|
|-weather|Sandstorm|[upkeep]
|-damage|p1a: Tapu Fini|66/100|[from] Sandstorm
|-heal|p1a: Tapu Fini|72/100|[from] item: Leftovers
|upkeep
|turn|18
|
|t:|1661811902
|switch|p2a: Ferrothorn|Ferrothorn, M|64/100
|move|p1a: Tapu Fini|Calm Mind|p1a: Tapu Fini
|-boost|p1a: Tapu Fini|spa|1
|-boost|p1a: Tapu Fini|spd|1
|
|-weather|Sandstorm|[upkeep]
|-damage|p1a: Tapu Fini|66/100|[from] Sandstorm
|-heal|p1a: Tapu Fini|72/100|[from] item: Leftovers
|upkeep
|turn|19
|
|t:|1661811909
|move|p1a: Tapu Fini|Surf|p2a: Ferrothorn
|-resisted|p2a: Ferrothorn
|-damage|p2a: Ferrothorn|48/100
|move|p2a: Ferrothorn|Leech Seed|p1a: Tapu Fini
|-start|p1a: Tapu Fini|move: Leech Seed
|
|-weather|none
|-heal|p1a: Tapu Fini|78/100|[from] item: Leftovers
|-damage|p1a: Tapu Fini|66/100|[from] Leech Seed|[of] p2a: Ferrothorn
|-heal|p2a: Ferrothorn|60/100|[silent]
|upkeep
|turn|20
|
|t:|1661811917
|switch|p1a: Ferrothorn|Ferrothorn, M|38/100
|-damage|p1a: Ferrothorn|32/100|[from] Stealth Rock
|move|p2a: Ferrothorn|Leech Seed|p1a: Ferrothorn
|-immune|p1a: Ferrothorn
|
|-heal|p1a: Ferrothorn|38/100|[from] item: Leftovers
|upkeep
|turn|21
|
|t:|1661811924
|move|p2a: Ferrothorn|Knock Off|p1a: Ferrothorn
|-damage|p1a: Ferrothorn|25/100
|-damage|p2a: Ferrothorn|48/100|[from] ability: Iron Barbs|[of] p1a: Ferrothorn
|-enditem|p1a: Ferrothorn|Leftovers|[from] move: Knock Off|[of] p2a: Ferrothorn
|move|p1a: Ferrothorn|Stealth Rock|p2a: Ferrothorn
|-sidestart|p2: GGeorgie◕‿◕|move: Stealth Rock
|
|-fieldend|Misty Terrain
|upkeep
|turn|22
|
|t:|1661811932
|move|p2a: Ferrothorn|Spikes|p1a: Ferrothorn
|-sidestart|p1: tystys|Spikes
|move|p1a: Ferrothorn|Leech Seed|p2a: Ferrothorn
|-immune|p2a: Ferrothorn
|
|upkeep
|turn|23
|
|t:|1661811942
|switch|p1a: Volcarona|Volcarona, F|88/100
|move|p2a: Ferrothorn|Spikes|p1a: Volcarona
|-sidestart|p1: tystys|Spikes
|
|upkeep
|turn|24
|
|t:|1661811948
|switch|p2a: Rillaboom|Rillaboom, F|18/100
|-damage|p2a: Rillaboom|5/100|[from] Stealth Rock
|-fieldstart|move: Grassy Terrain|[from] ability: Grassy Surge|[of] p2a: Rillaboom
|move|p1a: Volcarona|Giga Drain|p2a: Rillaboom
|-resisted|p2a: Rillaboom
|-damage|p2a: Rillaboom|0 fnt
|-heal|p1a: Volcarona|91/100|[from] drain|[of] p2a: Rillaboom
|faint|p2a: Rillaboom
|
|-heal|p1a: Volcarona|97/100|[from] Grassy Terrain
|upkeep
|
|t:|1661811952
|switch|p2a: Schrader|Tyranitar, F|86/100
|-damage|p2a: Schrader|73/100|[from] Stealth Rock
|-weather|Sandstorm|[from] ability: Sand Stream|[of] p2a: Schrader
|turn|25
|j| Golem Rising
|
|t:|1661811964
|switch|p1a: Ferrothorn|Ferrothorn, M|25/100
|-damage|p1a: Ferrothorn|19/100|[from] Stealth Rock
|-damage|p1a: Ferrothorn|2/100|[from] Spikes
|move|p2a: Schrader|Stone Edge|p1a: Ferrothorn
|-resisted|p1a: Ferrothorn
|-crit|p1a: Ferrothorn
|-damage|p1a: Ferrothorn|0 fnt
|faint|p1a: Ferrothorn
|
|-weather|Sandstorm|[upkeep]
|-heal|p2a: Schrader|79/100|[from] Grassy Terrain
|upkeep
|
|t:|1661811980
|switch|p1a: Tapu Fini|Tapu Fini|66/100
|-damage|p1a: Tapu Fini|53/100|[from] Stealth Rock
|-damage|p1a: Tapu Fini|37/100|[from] Spikes
|-fieldstart|move: Misty Terrain|[from] ability: Misty Surge|[of] p1a: Tapu Fini
|turn|26
|j| old jack
|
|t:|1661811986
|switch|p2a: Ferrothorn|Ferrothorn, M|48/100
|-damage|p2a: Ferrothorn|42/100|[from] Stealth Rock
|move|p1a: Tapu Fini|Surf|p2a: Ferrothorn
|-resisted|p2a: Ferrothorn
|-damage|p2a: Ferrothorn|32/100
|
|-weather|Sandstorm|[upkeep]
|-damage|p1a: Tapu Fini|31/100|[from] Sandstorm
|-heal|p1a: Tapu Fini|37/100|[from] item: Leftovers
|upkeep
|turn|27
|
|t:|1661812009
|switch|p1a: Dragapult|Dragapult, M|76/100
|-damage|p1a: Dragapult|64/100|[from] Stealth Rock
|-damage|p1a: Dragapult|47/100|[from] Spikes
|move|p2a: Ferrothorn|Leech Seed|p1a: Dragapult|[miss]
|-miss|p2a: Ferrothorn|p1a: Dragapult
|
|-weather|Sandstorm|[upkeep]
|-damage|p1a: Dragapult|41/100|[from] Sandstorm
|upkeep
|turn|28
|j| sbohon21
|
|t:|1661812022
|move|p1a: Dragapult|U-turn|p2a: Ferrothorn
|-damage|p2a: Ferrothorn|20/100
|-damage|p1a: Dragapult|29/100|[from] ability: Iron Barbs|[of] p2a: Ferrothorn
|
|t:|1661812026
|switch|p1a: Volcarona|Volcarona, F|97/100|[from]move: U-turn
|move|p2a: Ferrothorn|Leech Seed|p1a: Volcarona
|-start|p1a: Volcarona|move: Leech Seed
|
|-weather|Sandstorm|[upkeep]
|-damage|p1a: Volcarona|91/100|[from] Sandstorm
|-damage|p1a: Volcarona|78/100|[from] Leech Seed|[of] p2a: Ferrothorn
|-heal|p2a: Ferrothorn|33/100|[silent]
|upkeep
|turn|29
|
|t:|1661812049
|move|p1a: Volcarona|Quiver Dance|p1a: Volcarona
|-boost|p1a: Volcarona|spa|1
|-boost|p1a: Volcarona|spd|1
|-boost|p1a: Volcarona|spe|1
|move|p2a: Ferrothorn|Knock Off|p1a: Volcarona
|-damage|p1a: Volcarona|56/100
|-enditem|p1a: Volcarona|Heavy-Duty Boots|[from] move: Knock Off|[of] p2a: Ferrothorn
|
|-weather|none
|-damage|p1a: Volcarona|43/100|[from] Leech Seed|[of] p2a: Ferrothorn
|-heal|p2a: Ferrothorn|46/100|[silent]
|upkeep
|turn|30
|
|t:|1661812061
|switch|p2a: Schrader|Tyranitar, F|79/100
|-damage|p2a: Schrader|67/100|[from] Stealth Rock
|-weather|Sandstorm|[from] ability: Sand Stream|[of] p2a: Schrader
|move|p1a: Volcarona|Quiver Dance|p1a: Volcarona
|-boost|p1a: Volcarona|spa|1
|-boost|p1a: Volcarona|spd|1
|-boost|p1a: Volcarona|spe|1
|
|-weather|Sandstorm|[upkeep]
|-damage|p1a: Volcarona|37/100|[from] Sandstorm
|-damage|p1a: Volcarona|25/100|[from] Leech Seed|[of] p2a: Schrader
|-heal|p2a: Schrader|81/100|[silent]
|-fieldend|Misty Terrain
|upkeep
|turn|31
|
|t:|1661812072
|move|p1a: Volcarona|Giga Drain|p2a: Schrader
|-supereffective|p2a: Schrader
|-damage|p2a: Schrader|17/100
|-heal|p1a: Volcarona|54/100|[from] drain|[of] p2a: Schrader
|move|p2a: Schrader|High Horsepower|p1a: Volcarona
|-damage|p1a: Volcarona|20/100
|
|-weather|Sandstorm|[upkeep]
|-damage|p1a: Volcarona|13/100|[from] Sandstorm
|-damage|p1a: Volcarona|1/100|[from] Leech Seed|[of] p2a: Schrader
|-heal|p2a: Schrader|31/100|[silent]
|upkeep
|turn|32
|
|t:|1661812080
|switch|p2a: Ferrothorn|Ferrothorn, M|46/100
|-damage|p2a: Ferrothorn|40/100|[from] Stealth Rock
|move|p1a: Volcarona|Giga Drain|p2a: Ferrothorn
|-resisted|p2a: Ferrothorn
|-damage|p2a: Ferrothorn|30/100
|-heal|p1a: Volcarona|6/100|[from] drain|[of] p2a: Ferrothorn
|
|-weather|Sandstorm|[upkeep]
|-damage|p1a: Volcarona|0 fnt|[from] Sandstorm
|faint|p1a: Volcarona
|upkeep
|
|t:|1661812092
|switch|p1a: Dragapult|Dragapult, M|29/100
|-damage|p1a: Dragapult|17/100|[from] Stealth Rock
|-damage|p1a: Dragapult|0 fnt|[from] Spikes
|faint|p1a: Dragapult
|
|t:|1661812095
|switch|p1a: Zapdos|Zapdos|75/100
|-damage|p1a: Zapdos|50/100|[from] Stealth Rock
|turn|33
|
|t:|1661812100
|move|p1a: Zapdos|Heat Wave|p2a: Ferrothorn
|-supereffective|p2a: Ferrothorn
|-damage|p2a: Ferrothorn|0 fnt
|faint|p2a: Ferrothorn
|
|-weather|Sandstorm|[upkeep]
|-damage|p1a: Zapdos|44/100|[from] Sandstorm
|upkeep
|
|t:|1661812104
|switch|p2a: Schrader|Tyranitar, F|31/100
|-damage|p2a: Schrader|18/100|[from] Stealth Rock
|turn|34
|
|t:|1661812115
|move|p1a: Zapdos|Defog|p2a: Schrader
|-unboost|p2a: Schrader|evasion|1
|-sideend|p2: GGeorgie◕‿◕|Stealth Rock|[from] move: Defog|[of] p1a: Zapdos
|-sideend|p1: tystys|Spikes|[from] move: Defog|[of] p1a: Zapdos
|-sideend|p1: tystys|Stealth Rock|[from] move: Defog|[of] p1a: Zapdos
|move|p2a: Schrader|Stone Edge|p1a: Zapdos
|-supereffective|p1a: Zapdos
|-damage|p1a: Zapdos|0 fnt
|faint|p1a: Zapdos
|
|-weather|none
|upkeep
|
|t:|1661812121
|switch|p1a: Tapu Fini|Tapu Fini|37/100
|-fieldstart|move: Misty Terrain|[from] ability: Misty Surge|[of] p1a: Tapu Fini
|turn|35
|
|t:|1661812128
|move|p2a: Schrader|Stone Edge|p1a: Tapu Fini
|-damage|p1a: Tapu Fini|0 fnt
|faint|p1a: Tapu Fini
|
|win|GGeorgie◕‿◕
|raw|tystys's rating: 1753 &rarr; <strong>1732</strong><br />(-21 for losing)
|raw|GGeorgie◕‿◕'s rating: 1735 &rarr; <strong>1756</strong><br />(+21 for winning)
|l|☆tystys
