|raw|<div class="broadcast-blue"><strong>This battle is required to be public due to a player having a name starting with 'lt92pf'.</div>
|j|☆LT92PFcry
|j|☆dmt dreams
|t:|1659674162
|gametype|singles
|player|p1|LT92PFcry|#dpppl2022luckylucarios|1868
|player|p2|dmt dreams|101|1816
|teamsize|p1|6
|teamsize|p2|6
|gen|8
|tier|[Gen 8] OU
|rated|
|rule|Sleep Clause Mod: Limit one foe put to sleep
|rule|Species Clause: Limit one of each Pokémon
|rule|OHKO Clause: OHKO moves are banned
|rule|Evasion Items Clause: Evasion items are banned
|rule|Evasion Moves Clause: Evasion moves are banned
|rule|Endless Battle Clause: Forcing endless battles is banned
|rule|HP Percentage Mod: HP is shown in percentages
|rule|Dynamax Clause: You cannot dynamax
|clearpoke
|poke|p1|Chansey, F|
|poke|p1|Corviknight, F|
|poke|p1|Hippowdon, F|
|poke|p1|Toxapex, F|
|poke|p1|Clefable, M|
|poke|p1|Tornadus-Therian, M|
|poke|p2|Mew|
|poke|p2|Landorus-Therian, M|
|poke|p2|Nihilego|
|poke|p2|Zeraora|
|poke|p2|Celesteela|
|poke|p2|Dragapult, F|
|teampreview
|inactive|Battle timer is ON: inactive players will automatically lose when time's up. (requested by LT92PFcry)
|j| ripreckful
|inactive|LT92PFcry has 120 seconds left.
|j| impulse control
|j| a little fish
|
|t:|1659674203
|start
|switch|p1a: Tornadus|Tornadus-Therian, M, shiny|100/100
|switch|p2a: Mew|Mew|100/100
|turn|1
|j| LT92PF dragonnb
|
|t:|1659674206
|move|p1a: Tornadus|Hurricane|p2a: Mew
|-damage|p2a: Mew|65/100
|move|p2a: Mew|Thunder Wave|p1a: Tornadus|[miss]
|-miss|p2a: Mew|p1a: Tornadus
|
|upkeep
|turn|2
|j| Celtis
|
|t:|1659674219
|move|p1a: Tornadus|Hurricane|p2a: Mew|[miss]
|-miss|p1a: Tornadus|p2a: Mew
|move|p2a: Mew|Thunder Wave|p1a: Tornadus
|-status|p1a: Tornadus|par
|
|upkeep
|turn|3
|
|t:|1659674220
|move|p2a: Mew|Stealth Rock|p1a: Tornadus
|-sidestart|p1: LT92PFcry|move: Stealth Rock
|cant|p1a: Tornadus|par
|
|upkeep
|turn|4
|
|t:|1659674223
|move|p2a: Mew|Spikes|p1a: Tornadus
|-sidestart|p1: LT92PFcry|Spikes
|move|p1a: Tornadus|Hurricane|p2a: Mew
|-damage|p2a: Mew|29/100
|-start|p2a: Mew|confusion
|
|upkeep
|turn|5
|
|t:|1659674225
|switch|p2a: Zeraora|Zeraora|100/100
|move|p1a: Tornadus|Knock Off|p2a: Zeraora
|-damage|p2a: Zeraora|77/100
|-enditem|p2a: Zeraora|Heavy-Duty Boots|[from] move: Knock Off|[of] p1a: Tornadus
|
|upkeep
|turn|6
|l| LT92PF dragonnb
|inactive|LT92PFcry has 120 seconds left.
|
|t:|1659674274
|switch|p1a: Hippowdon|Hippowdon, F|100/100
|-damage|p1a: Hippowdon|94/100|[from] Stealth Rock
|-damage|p1a: Hippowdon|82/100|[from] Spikes
|-weather|Sandstorm|[from] ability: Sand Stream|[of] p1a: Hippowdon
|move|p2a: Zeraora|Knock Off|p1a: Hippowdon
|-damage|p1a: Hippowdon|59/100
|-enditem|p1a: Hippowdon|Leftovers|[from] move: Knock Off|[of] p2a: Zeraora
|
|-weather|Sandstorm|[upkeep]
|-damage|p2a: Zeraora|71/100|[from] Sandstorm
|upkeep
|turn|7
|
|t:|1659674279
|move|p2a: Zeraora|Taunt|p1a: Hippowdon
|-start|p1a: Hippowdon|move: Taunt
|cant|p1a: Hippowdon|move: Taunt|Slack Off
|
|-weather|Sandstorm|[upkeep]
|-damage|p2a: Zeraora|65/100|[from] Sandstorm
|upkeep
|turn|8
|j| Fitzcarraldo
|inactive|LT92PFcry has 120 seconds left.
|
|t:|1659674286
|switch|p2a: Mew|Mew|29/100
|switch|p1a: Corviknight|Corviknight, F|100/100
|-damage|p1a: Corviknight|88/100|[from] Stealth Rock
|-ability|p1a: Corviknight|Pressure
|
|-weather|Sandstorm|[upkeep]
|-damage|p2a: Mew|23/100|[from] Sandstorm
|upkeep
|turn|9
|j| xuwuhanjun
|
|t:|1659674291
|move|p2a: Mew|Taunt|p1a: Corviknight
|-start|p1a: Corviknight|move: Taunt
|move|p1a: Corviknight|Body Press|p2a: Mew
|-resisted|p2a: Mew
|-damage|p2a: Mew|13/100
|
|-weather|Sandstorm|[upkeep]
|-damage|p2a: Mew|7/100|[from] Sandstorm
|upkeep
|turn|10
|
|t:|1659674293
|move|p2a: Mew|Spikes|p1a: Corviknight
|-sidestart|p1: LT92PFcry|Spikes
|move|p1a: Corviknight|Body Press|p2a: Mew
|-resisted|p2a: Mew
|-damage|p2a: Mew|0 fnt
|faint|p2a: Mew
|
|-weather|none
|upkeep
|j| 3d
|l| 3d
|
|t:|1659674313
|switch|p2a: Landorus|Landorus-Therian, M|100/100
|-ability|p2a: Landorus|Intimidate|boost
|-unboost|p1a: Corviknight|atk|1
|turn|11
|
|t:|1659674326
|move|p2a: Landorus|Swords Dance|p2a: Landorus
|-boost|p2a: Landorus|atk|2
|move|p1a: Corviknight|Body Press|p2a: Landorus
|-resisted|p2a: Landorus
|-damage|p2a: Landorus|86/100
|
|-end|p1a: Corviknight|move: Taunt
|upkeep
|turn|12
|
|t:|1659674336
|move|p2a: Landorus|Gravity|p2a: Landorus
|-fieldstart|move: Gravity
|move|p1a: Corviknight|Defog|p2a: Landorus
|-unboost|p2a: Landorus|evasion|1
|-sideend|p1: LT92PFcry|Spikes|[from] move: Defog|[of] p1a: Corviknight
|-sideend|p1: LT92PFcry|Stealth Rock|[from] move: Defog|[of] p1a: Corviknight
|
|upkeep
|turn|13
|c|☆dmt dreams|they need to buff taunt
|inactive|LT92PFcry has 120 seconds left.
|c|☆dmt dreams|3 turns ain't enough
|
|t:|1659674374
|switch|p1a: Toxapex|Toxapex, F|100/100
|move|p2a: Landorus|Earthquake|p1a: Toxapex
|-supereffective|p1a: Toxapex
|-damage|p1a: Toxapex|0 fnt
|faint|p1a: Toxapex
|
|upkeep
|
|t:|1659674376
|switch|p1a: Clefable|Clefable, M|100/100
|turn|14
|
|t:|1659674383
|move|p2a: Landorus|Earthquake|p1a: Clefable
|-damage|p1a: Clefable|37/100
|move|p1a: Clefable|Soft-Boiled|p1a: Clefable
|-heal|p1a: Clefable|87/100
|
|upkeep
|turn|15
|
|t:|1659674400
|move|p2a: Landorus|Earthquake|p1a: Clefable
|-damage|p1a: Clefable|32/100
|move|p1a: Clefable|Soft-Boiled|p1a: Clefable
|-heal|p1a: Clefable|82/100
|
|upkeep
|turn|16
|
|t:|1659674405
|move|p2a: Landorus|Earthquake|p1a: Clefable
|-damage|p1a: Clefable|21/100
|move|p1a: Clefable|Soft-Boiled|p1a: Clefable
|-heal|p1a: Clefable|71/100
|
|-fieldend|move: Gravity
|upkeep
|turn|17
|j| rthtfhngy
|
|t:|1659674414
|move|p2a: Landorus|Earthquake|p1a: Clefable
|-damage|p1a: Clefable|8/100
|move|p1a: Clefable|Moonblast|p2a: Landorus
|-damage|p2a: Landorus|47/100
|-unboost|p2a: Landorus|spa|1
|
|upkeep
|turn|18
|
|t:|1659674431
|switch|p1a: Tornadus|Tornadus-Therian, M, shiny|100/100 par
|move|p2a: Landorus|Earthquake|p1a: Tornadus
|-immune|p1a: Tornadus
|
|upkeep
|turn|19
|
|t:|1659674440
|move|p2a: Landorus|Stone Edge|p1a: Tornadus
|-supereffective|p1a: Tornadus
|-damage|p1a: Tornadus|0 fnt
|faint|p1a: Tornadus
|
|upkeep
|
|t:|1659674445
|switch|p1a: Corviknight|Corviknight, F|88/100
|-ability|p1a: Corviknight|Pressure
|turn|20
|
|t:|1659674448
|move|p2a: Landorus|Gravity|p2a: Landorus
|-fieldstart|move: Gravity
|move|p1a: Corviknight|Iron Defense|p1a: Corviknight
|-boost|p1a: Corviknight|def|2
|
|upkeep
|turn|21
|
|t:|1659674456
|move|p2a: Landorus|Earthquake|p1a: Corviknight
|-supereffective|p1a: Corviknight
|-damage|p1a: Corviknight|0 fnt
|faint|p1a: Corviknight
|
|upkeep
|-message|LT92PFcry forfeited.
|
|win|dmt dreams
|raw|LT92PFcry's rating: 1875 &rarr; <strong>1852</strong><br />(-23 for losing)
|raw|dmt dreams's rating: 1816 &rarr; <strong>1839</strong><br />(+23 for winning)
|l|☆LT92PFcry
|l| xuwuhanjun
|l| a little fish
|l| rthtfhngy
|l| impulse control
|j| storm zone
|l| storm zone
