|j|☆Antonazz
|j|☆Rubyblood
|t:|1648498735
|gametype|singles
|player|p1|Antonazz|palmer|
|player|p2|Rubyblood|#splxiiityrants|
|teamsize|p1|6
|teamsize|p2|6
|gen|8
|tier|[Gen 8] OU
|rule|Sleep Clause Mod: Limit one foe put to sleep
|rule|Species Clause: Limit one of each Pokémon
|rule|OHKO Clause: OHKO moves are banned
|rule|Evasion Moves Clause: Evasion moves are banned
|rule|Endless Battle Clause: Forcing endless battles is banned
|rule|HP Percentage Mod: HP is shown in percentages
|rule|Dynamax Clause: You cannot dynamax
|clearpoke
|poke|p1|Kommo-o, F|
|poke|p1|Tapu Koko|
|poke|p1|Landorus-Therian, M|
|poke|p1|Corviknight, M|
|poke|p1|Slowking-Galar, M|
|poke|p1|Weavile, M|
|poke|p2|Tapu Koko|
|poke|p2|Victini|
|poke|p2|Clefable, F|
|poke|p2|Ferrothorn, M|
|poke|p2|Landorus-Therian, M|
|poke|p2|Dragonite, M|
|teampreview
|c|☆Antonazz|Hf
|c|☆Rubyblood|hf
|
|t:|1648498770
|start
|switch|p1a: Tapu Koko|Tapu Koko|100/100
|switch|p2a: Clefable|Clefable, F|100/100
|-fieldstart|move: Electric Terrain|[from] ability: Electric Surge|[of] p1a: Tapu Koko
|turn|1
|
|t:|1648498791
|move|p1a: Tapu Koko|U-turn|p2a: Clefable
|-resisted|p2a: Clefable
|-damage|p2a: Clefable|93/100
|
|t:|1648498793
|switch|p1a: Slowking|Slowking-Galar, M|100/100|[from]move: U-turn
|move|p2a: Clefable|Thunder Wave|p1a: Slowking
|-status|p1a: Slowking|par
|
|upkeep
|turn|2
|
|t:|1648498812
|switch|p2a: Victini|Victini|100/100
|move|p1a: Slowking|Future Sight|p2a: Victini
|-start|p1a: Slowking|move: Future Sight
|
|upkeep
|turn|3
|
|t:|1648498820
|switch|p1a: Kommo-o|Kommo-o, F|100/100
|move|p2a: Victini|U-turn|p1a: Kommo-o
|-resisted|p1a: Kommo-o
|-damage|p1a: Kommo-o|94/100
|
|t:|1648498830
|switch|p2a: Landorus|Landorus-Therian, M|100/100|[from]move: U-turn
|-ability|p2a: Landorus|Intimidate|boost
|-unboost|p1a: Kommo-o|atk|1
|
|-heal|p1a: Kommo-o|99/100|[from] item: Leftovers
|upkeep
|turn|4
|
|t:|1648498842
|move|p1a: Kommo-o|Toxic|p2a: Landorus
|-status|p2a: Landorus|tox
|move|p2a: Landorus|Toxic|p1a: Kommo-o
|-status|p1a: Kommo-o|tox
|
|-end|p2a: Landorus|move: Future Sight
|-damage|p2a: Landorus|55/100 tox
|-heal|p1a: Kommo-o|100/100 tox|[from] item: Leftovers
|-heal|p2a: Landorus|61/100 tox|[from] item: Leftovers
|-damage|p1a: Kommo-o|94/100 tox|[from] psn
|-damage|p2a: Landorus|55/100 tox|[from] psn
|upkeep
|turn|5
|
|t:|1648498855
|move|p1a: Kommo-o|Stealth Rock|p2a: Landorus
|-sidestart|p2: Rubyblood|move: Stealth Rock
|move|p2a: Landorus|Stealth Rock|p1a: Kommo-o
|-sidestart|p1: Antonazz|move: Stealth Rock
|
|-heal|p1a: Kommo-o|100/100 tox|[from] item: Leftovers
|-heal|p2a: Landorus|61/100 tox|[from] item: Leftovers
|-damage|p1a: Kommo-o|88/100 tox|[from] psn
|-damage|p2a: Landorus|49/100 tox|[from] psn
|-fieldend|move: Electric Terrain
|upkeep
|turn|6
|
|t:|1648498869
|switch|p1a: Corviknight|Corviknight, M|100/100
|-damage|p1a: Corviknight|88/100|[from] Stealth Rock
|-ability|p1a: Corviknight|Pressure
|switch|p2a: Ferrothorn|Ferrothorn, M|100/100
|-damage|p2a: Ferrothorn|95/100|[from] Stealth Rock
|
|upkeep
|turn|7
|
|t:|1648498882
|switch|p1a: Slowking|Slowking-Galar, M|100/100 par
|-damage|p1a: Slowking|88/100 par|[from] Stealth Rock
|move|p2a: Ferrothorn|Leech Seed|p1a: Slowking
|-start|p1a: Slowking|move: Leech Seed
|
|-damage|p1a: Slowking|76/100 par|[from] Leech Seed|[of] p2a: Ferrothorn
|-heal|p2a: Ferrothorn|100/100|[silent]
|upkeep
|turn|8
|
|t:|1648498894
|move|p1a: Slowking|Flamethrower|p2a: Ferrothorn
|-supereffective|p2a: Ferrothorn
|-damage|p2a: Ferrothorn|18/100
|move|p2a: Ferrothorn|Knock Off|p1a: Slowking
|-supereffective|p1a: Slowking
|-damage|p1a: Slowking|33/100 par
|-enditem|p1a: Slowking|Assault Vest|[from] move: Knock Off|[of] p2a: Ferrothorn
|
|-damage|p1a: Slowking|21/100 par|[from] Leech Seed|[of] p2a: Ferrothorn
|-heal|p2a: Ferrothorn|32/100|[silent]
|upkeep
|turn|9
|
|t:|1648498912
|switch|p1a: Tapu Koko|Tapu Koko|100/100
|-fieldstart|move: Electric Terrain|[from] ability: Electric Surge|[of] p1a: Tapu Koko
|switch|p2a: Victini|Victini|100/100
|
|upkeep
|turn|10
|
|t:|1648498921
|move|p1a: Tapu Koko|U-turn|p2a: Victini
|-damage|p2a: Victini|84/100
|
|t:|1648498924
|switch|p1a: Kommo-o|Kommo-o, F|88/100 tox|[from]move: U-turn
|-damage|p1a: Kommo-o|82/100 tox|[from] Stealth Rock
|move|p2a: Victini|V-create|p1a: Kommo-o
|-resisted|p1a: Kommo-o
|-damage|p1a: Kommo-o|56/100 tox
|-unboost|p2a: Victini|spe|1
|-unboost|p2a: Victini|def|1
|-unboost|p2a: Victini|spd|1
|
|-heal|p1a: Kommo-o|63/100 tox|[from] item: Leftovers
|-damage|p1a: Kommo-o|56/100 tox|[from] psn
|upkeep
|turn|11
|
|t:|1648498928
|switch|p1a: Tapu Koko|Tapu Koko|100/100
|switch|p2a: Clefable|Clefable, F|93/100
|
|upkeep
|turn|12
|
|t:|1648498932
|move|p1a: Tapu Koko|U-turn|p2a: Clefable
|-resisted|p2a: Clefable
|-damage|p2a: Clefable|85/100
|
|t:|1648498933
|switch|p1a: Slowking|Slowking-Galar, M|54/100 par|[from]move: U-turn
|-damage|p1a: Slowking|41/100 par|[from] Stealth Rock
|move|p2a: Clefable|Soft-Boiled|p2a: Clefable
|-heal|p2a: Clefable|100/100
|
|upkeep
|turn|13
|
|t:|1648498937
|move|p2a: Clefable|Trick|p1a: Slowking
|-activate|p2a: Clefable|move: Trick|[of] p1a: Slowking
|-item|p1a: Slowking|Sticky Barb|[from] move: Trick
|-enditem|p2a: Clefable|Sticky Barb|[silent]|[from] move: Trick
|move|p1a: Slowking|Sludge Bomb|p2a: Clefable
|-supereffective|p2a: Clefable
|-damage|p2a: Clefable|47/100
|-status|p2a: Clefable|psn
|
|-fieldend|move: Electric Terrain
|-damage|p1a: Slowking|29/100 par|[from] item: Sticky Barb
|upkeep
|turn|14
|
|t:|1648498952
|move|p2a: Clefable|Soft-Boiled|p2a: Clefable
|-heal|p2a: Clefable|97/100 psn
|move|p1a: Slowking|Future Sight|p2a: Clefable
|-start|p1a: Slowking|move: Future Sight
|
|-damage|p1a: Slowking|16/100 par|[from] item: Sticky Barb
|upkeep
|turn|15
|
|t:|1648498970
|switch|p2a: Victini|Victini|84/100
|switch|p1a: Tapu Koko|Tapu Koko|100/100
|-fieldstart|move: Electric Terrain|[from] ability: Electric Surge|[of] p1a: Tapu Koko
|
|upkeep
|turn|16
|
|t:|1648498975
|move|p1a: Tapu Koko|U-turn|p2a: Victini
|-damage|p2a: Victini|67/100
|
|t:|1648498979
|switch|p1a: Kommo-o|Kommo-o, F|56/100 tox|[from]move: U-turn
|-damage|p1a: Kommo-o|50/100 tox|[from] Stealth Rock
|move|p2a: Victini|U-turn|p1a: Kommo-o
|-resisted|p1a: Kommo-o
|-damage|p1a: Kommo-o|44/100 tox
|
|t:|1648498981
|switch|p2a: Clefable|Clefable, F|97/100 psn|[from]move: U-turn
|
|-end|p2a: Clefable|move: Future Sight
|-damage|p2a: Clefable|61/100 psn
|-heal|p1a: Kommo-o|50/100 tox|[from] item: Leftovers
|-damage|p1a: Kommo-o|44/100 tox|[from] psn
|upkeep
|turn|17
|
|t:|1648498985
|switch|p1a: Tapu Koko|Tapu Koko|100/100
|move|p2a: Clefable|Soft-Boiled|p2a: Clefable
|-heal|p2a: Clefable|100/100 psn
|
|upkeep
|turn|18
|
|t:|1648498994
|move|p1a: Tapu Koko|Thunderbolt|p2a: Clefable
|-damage|p2a: Clefable|65/100 psn
|move|p2a: Clefable|Moonblast|p1a: Tapu Koko
|-damage|p1a: Tapu Koko|52/100
|
|upkeep
|turn|19
|
|t:|1648499002
|move|p1a: Tapu Koko|Roost|p1a: Tapu Koko
|-heal|p1a: Tapu Koko|100/100
|-singleturn|p1a: Tapu Koko|move: Roost
|move|p2a: Clefable|Soft-Boiled|p2a: Clefable
|-heal|p2a: Clefable|100/100 psn
|
|-fieldend|move: Electric Terrain
|upkeep
|turn|20
|
|t:|1648499009
|move|p1a: Tapu Koko|U-turn|p2a: Clefable
|-resisted|p2a: Clefable
|-damage|p2a: Clefable|93/100 psn
|
|t:|1648499034
|switch|p1a: Slowking|Slowking-Galar, M|50/100 par|[from]move: U-turn
|-damage|p1a: Slowking|37/100 par|[from] Stealth Rock
|move|p2a: Clefable|Moonblast|p1a: Slowking
|-resisted|p1a: Slowking
|-damage|p1a: Slowking|26/100 par
|
|-damage|p1a: Slowking|14/100 par|[from] item: Sticky Barb
|upkeep
|turn|21
|
|t:|1648499049
|switch|p2a: Landorus|Landorus-Therian, M|49/100 tox
|-damage|p2a: Landorus|36/100 tox|[from] Stealth Rock
|-ability|p2a: Landorus|Intimidate|boost
|-unboost|p1a: Slowking|atk|1
|cant|p1a: Slowking|par
|
|-heal|p2a: Landorus|42/100 tox|[from] item: Leftovers
|-damage|p2a: Landorus|36/100 tox|[from] psn
|-damage|p1a: Slowking|2/100 par|[from] item: Sticky Barb
|upkeep
|turn|22
|
|t:|1648499066
|switch|p2a: Victini|Victini|67/100
|switch|p1a: Corviknight|Corviknight, M|88/100
|-damage|p1a: Corviknight|75/100|[from] Stealth Rock
|-ability|p1a: Corviknight|Pressure
|
|upkeep
|turn|23
|
|t:|1648499073
|switch|p1a: Kommo-o|Kommo-o, F|44/100 tox
|-damage|p1a: Kommo-o|38/100 tox|[from] Stealth Rock
|move|p2a: Victini|V-create|p1a: Kommo-o
|-resisted|p1a: Kommo-o
|-damage|p1a: Kommo-o|13/100 tox
|-unboost|p2a: Victini|spe|1
|-unboost|p2a: Victini|def|1
|-unboost|p2a: Victini|spd|1
|
|-heal|p1a: Kommo-o|20/100 tox|[from] item: Leftovers
|-damage|p1a: Kommo-o|13/100 tox|[from] psn
|upkeep
|turn|24
|
|t:|1648499119
|switch|p1a: Tapu Koko|Tapu Koko|100/100
|-fieldstart|move: Electric Terrain|[from] ability: Electric Surge|[of] p1a: Tapu Koko
|switch|p2a: Clefable|Clefable, F|93/100 psn
|
|upkeep
|turn|25
|
|t:|1648499125
|move|p1a: Tapu Koko|U-turn|p2a: Clefable
|-resisted|p2a: Clefable
|-damage|p2a: Clefable|85/100 psn
|
|t:|1648499127
|switch|p1a: Corviknight|Corviknight, M|75/100|[from]move: U-turn
|-damage|p1a: Corviknight|63/100|[from] Stealth Rock
|-ability|p1a: Corviknight|Pressure
|move|p2a: Clefable|Soft-Boiled|p2a: Clefable
|-heal|p2a: Clefable|100/100 psn
|
|upkeep
|turn|26
|
|t:|1648499135
|move|p1a: Corviknight|Defog|p2a: Clefable
|-unboost|p2a: Clefable|evasion|1
|-sideend|p2: Rubyblood|Stealth Rock|[from] move: Defog|[of] p1a: Corviknight
|-sideend|p1: Antonazz|Stealth Rock|[from] move: Defog|[of] p1a: Corviknight
|-fieldend|move: Electric Terrain
|move|p2a: Clefable|Thunder Wave|p1a: Corviknight
|-status|p1a: Corviknight|par
|
|upkeep
|turn|27
|
|t:|1648499144
|move|p2a: Clefable|Moonblast|p1a: Corviknight
|-resisted|p1a: Corviknight
|-damage|p1a: Corviknight|50/100 par
|move|p1a: Corviknight|U-turn|p2a: Clefable
|-resisted|p2a: Clefable
|-damage|p2a: Clefable|93/100 psn
|
|t:|1648499150
|switch|p1a: Slowking|Slowking-Galar, M|35/100 par|[from]move: U-turn
|
|-damage|p1a: Slowking|22/100 par|[from] item: Sticky Barb
|upkeep
|turn|28
|
|t:|1648499163
|switch|p2a: Landorus|Landorus-Therian, M|36/100 tox
|-ability|p2a: Landorus|Intimidate|boost
|-unboost|p1a: Slowking|atk|1
|switch|p1a: Weavile|Weavile, M|100/100
|-ability|p1a: Weavile|Pressure
|
|-heal|p2a: Landorus|42/100 tox|[from] item: Leftovers
|-damage|p2a: Landorus|36/100 tox|[from] psn
|upkeep
|turn|29
|
|t:|1648499178
|switch|p2a: Ferrothorn|Ferrothorn, M|32/100
|move|p1a: Weavile|Triple Axel|p2a: Ferrothorn
|-damage|p2a: Ferrothorn|24/100
|-damage|p1a: Weavile|88/100|[from] ability: Iron Barbs|[of] p2a: Ferrothorn
|-damage|p1a: Weavile|72/100|[from] item: Rocky Helmet|[of] p2a: Ferrothorn
|-damage|p2a: Ferrothorn|6/100
|-damage|p1a: Weavile|59/100|[from] ability: Iron Barbs|[of] p2a: Ferrothorn
|-damage|p1a: Weavile|43/100|[from] item: Rocky Helmet|[of] p2a: Ferrothorn
|-damage|p2a: Ferrothorn|0 fnt
|-damage|p1a: Weavile|30/100|[from] ability: Iron Barbs|[of] p2a: Ferrothorn
|-damage|p1a: Weavile|14/100|[from] item: Rocky Helmet|[of] p2a: Ferrothorn
|faint|p2a: Ferrothorn
|-hitcount|p2: Ferrothorn|3
|
|upkeep
|
|t:|1648499199
|switch|p2a: Clefable|Clefable, F|93/100 psn
|turn|30
|
|t:|1648499208
|move|p1a: Weavile|Triple Axel|p2a: Clefable
|-damage|p2a: Clefable|79/100 psn
|-damage|p2a: Clefable|53/100 psn
|-hitcount|p2a: Clefable|2
|move|p2a: Clefable|Moonblast|p1a: Weavile
|-supereffective|p1a: Weavile
|-damage|p1a: Weavile|0 fnt
|faint|p1a: Weavile
|
|upkeep
|
|t:|1648499218
|switch|p1a: Landorus|Landorus-Therian, M|100/100
|-ability|p1a: Landorus|Intimidate|boost
|-unboost|p2a: Clefable|atk|1
|turn|31
|
|t:|1648499222
|switch|p2a: Landorus|Landorus-Therian, M|36/100 tox
|-ability|p2a: Landorus|Intimidate|boost
|-unboost|p1a: Landorus|atk|1
|move|p1a: Landorus|Swords Dance|p1a: Landorus
|-boost|p1a: Landorus|atk|2
|
|-heal|p2a: Landorus|42/100 tox|[from] item: Leftovers
|-damage|p2a: Landorus|36/100 tox|[from] psn
|upkeep
|turn|32
|
|t:|1648499230
|move|p1a: Landorus|Substitute|p1a: Landorus
|-start|p1a: Landorus|Substitute
|-damage|p1a: Landorus|76/100
|move|p2a: Landorus|U-turn|p1a: Landorus
|-resisted|p1a: Landorus
|-activate|p1a: Landorus|move: Substitute|[damage]
|
|t:|1648499232
|switch|p2a: Victini|Victini|67/100|[from]move: U-turn
|
|upkeep
|turn|33
|
|t:|1648499236
|move|p2a: Victini|Encore|p1a: Landorus
|-start|p1a: Landorus|Encore
|move|p1a: Landorus|Substitute|p1a: Landorus
|-fail|p1a: Landorus|move: Substitute
|
|upkeep
|turn|34
|
|t:|1648499246
|move|p2a: Victini|V-create|p1a: Landorus
|-end|p1a: Landorus|Substitute
|-unboost|p2a: Victini|spe|1
|-unboost|p2a: Victini|def|1
|-unboost|p2a: Victini|spd|1
|move|p1a: Landorus|Substitute|p1a: Landorus
|-start|p1a: Landorus|Substitute
|-damage|p1a: Landorus|51/100
|
|upkeep
|turn|35
|
|t:|1648499251
|switch|p1a: Kommo-o|Kommo-o, F|13/100 tox
|move|p2a: Victini|V-create|p1a: Kommo-o
|-resisted|p1a: Kommo-o
|-damage|p1a: Kommo-o|0 fnt
|-unboost|p2a: Victini|spe|1
|-unboost|p2a: Victini|def|1
|-unboost|p2a: Victini|spd|1
|faint|p1a: Kommo-o
|
|upkeep
|
|t:|1648499254
|switch|p1a: Tapu Koko|Tapu Koko|100/100
|-fieldstart|move: Electric Terrain|[from] ability: Electric Surge|[of] p1a: Tapu Koko
|turn|36
|
|t:|1648499267
|switch|p2a: Landorus|Landorus-Therian, M|36/100 tox
|-ability|p2a: Landorus|Intimidate|boost
|-unboost|p1a: Tapu Koko|atk|1
|move|p1a: Tapu Koko|Dazzling Gleam|p2a: Landorus
|-damage|p2a: Landorus|10/100 tox
|
|-heal|p2a: Landorus|16/100 tox|[from] item: Leftovers
|-damage|p2a: Landorus|10/100 tox|[from] psn
|upkeep
|turn|37
|
|t:|1648499271
|move|p1a: Tapu Koko|Dazzling Gleam|p2a: Landorus
|-crit|p2a: Landorus
|-damage|p2a: Landorus|0 fnt
|faint|p2a: Landorus
|
|upkeep
|
|t:|1648499274
|switch|p2a: Dragonite|Dragonite, M|100/100
|turn|38
|
|t:|1648499281
|move|p1a: Tapu Koko|Thunderbolt|p2a: Dragonite
|-damage|p2a: Dragonite|78/100
|move|p2a: Dragonite|Dragon Dance|p2a: Dragonite
|-boost|p2a: Dragonite|atk|1
|-boost|p2a: Dragonite|spe|1
|
|upkeep
|turn|39
|
|t:|1648499290
|switch|p1a: Landorus|Landorus-Therian, M|51/100
|-ability|p1a: Landorus|Intimidate|boost
|-unboost|p2a: Dragonite|atk|1
|move|p2a: Dragonite|Earthquake|p1a: Landorus
|-immune|p1a: Landorus
|
|upkeep
|turn|40
|
|t:|1648499294
|move|p2a: Dragonite|Ice Punch|p1a: Landorus
|-supereffective|p1a: Landorus
|-damage|p1a: Landorus|0 fnt
|faint|p1a: Landorus
|
|-fieldend|move: Electric Terrain
|upkeep
|
|t:|1648499301
|switch|p1a: Tapu Koko|Tapu Koko|100/100
|-fieldstart|move: Electric Terrain|[from] ability: Electric Surge|[of] p1a: Tapu Koko
|turn|41
|
|t:|1648499305
|move|p2a: Dragonite|Earthquake|p1a: Tapu Koko
|-supereffective|p1a: Tapu Koko
|-damage|p1a: Tapu Koko|19/100
|move|p1a: Tapu Koko|Dazzling Gleam|p2a: Dragonite
|-supereffective|p2a: Dragonite
|-damage|p2a: Dragonite|11/100
|
|upkeep
|turn|42
|c|☆Antonazz|Gg
|c|☆Rubyblood|gg
|
|t:|1648499315
|move|p2a: Dragonite|Earthquake|p1a: Tapu Koko
|-supereffective|p1a: Tapu Koko
|-damage|p1a: Tapu Koko|0 fnt
|faint|p1a: Tapu Koko
|
|upkeep
|-message|Antonazz forfeited.
|
|win|Rubyblood
|l|☆Antonazz
