|j|☆rigmortus
|j|☆cute pink team
|t:|1640529498
|gametype|singles
|player|p1|rigmortus|lucas|1838
|player|p2|cute pink team|bugcatcher-gen1|1825
|teamsize|p1|6
|teamsize|p2|6
|gen|8
|tier|[Gen 8] OU
|rated|
|rule|Sleep Clause Mod: Limit one foe put to sleep
|rule|Species Clause: Limit one of each Pokémon
|rule|OHKO Clause: OHKO moves are banned
|rule|Evasion Moves Clause: Evasion moves are banned
|rule|Endless Battle Clause: Forcing endless battles is banned
|rule|HP Percentage Mod: HP is shown in percentages
|rule|Dynamax Clause: You cannot dynamax
|clearpoke
|poke|p1|Landorus-Therian, M|
|poke|p1|Heatran, M|
|poke|p1|Ferrothorn, F|
|poke|p1|Clefable, M|
|poke|p1|Blacephalon|
|poke|p1|Weavile, F|
|poke|p2|Blissey, F|
|poke|p2|Tangrowth, F|
|poke|p2|Corviknight, M|
|poke|p2|Quagsire, F|
|poke|p2|Toxapex, M|
|poke|p2|Zapdos|
|teampreview
|
|t:|1640529506
|start
|switch|p1a: Clefable|Clefable, M|100/100
|switch|p2a: Zapdos|Zapdos|100/100
|-ability|p2a: Zapdos|Pressure
|turn|1
|
|t:|1640529509
|move|p2a: Zapdos|Substitute|p2a: Zapdos
|-start|p2a: Zapdos|Substitute
|-damage|p2a: Zapdos|76/100
|move|p1a: Clefable|Knock Off|p2a: Zapdos
|-activate|p2a: Zapdos|move: Substitute|[damage]
|
|-heal|p2a: Zapdos|82/100|[from] item: Leftovers
|upkeep
|turn|2
|
|t:|1640529512
|move|p2a: Zapdos|Hurricane|p1a: Clefable
|-damage|p1a: Clefable|44/100
|move|p1a: Clefable|Moonblast|p2a: Zapdos
|-end|p2a: Zapdos|Substitute
|
|-heal|p2a: Zapdos|88/100|[from] item: Leftovers
|upkeep
|turn|3
|
|t:|1640529520
|switch|p1a: Landorus|Landorus-Therian, M|100/100
|-ability|p1a: Landorus|Intimidate|boost
|-unboost|p2a: Zapdos|atk|1
|move|p2a: Zapdos|Substitute|p2a: Zapdos
|-start|p2a: Zapdos|Substitute
|-damage|p2a: Zapdos|63/100
|
|-heal|p2a: Zapdos|69/100|[from] item: Leftovers
|upkeep
|turn|4
|
|t:|1640529523
|move|p2a: Zapdos|Hurricane|p1a: Landorus
|-damage|p1a: Landorus|55/100
|move|p1a: Landorus|U-turn|p2a: Zapdos
|-resisted|p2a: Zapdos
|-activate|p2a: Zapdos|move: Substitute|[damage]
|
|t:|1640529530
|switch|p1a: Heatran|Heatran, M|100/100|[from]move: U-turn
|-item|p1a: Heatran|Air Balloon
|
|-heal|p2a: Zapdos|75/100|[from] item: Leftovers
|upkeep
|turn|5
|
|t:|1640529532
|move|p1a: Heatran|Flash Cannon|p2a: Zapdos
|-resisted|p2a: Zapdos
|-end|p2a: Zapdos|Substitute
|move|p2a: Zapdos|Charge Beam|p1a: Heatran
|-damage|p1a: Heatran|74/100
|-enditem|p1a: Heatran|Air Balloon
|
|-heal|p2a: Zapdos|81/100|[from] item: Leftovers
|upkeep
|turn|6
|
|t:|1640529539
|switch|p2a: Quagsire|Quagsire, F|100/100
|move|p1a: Heatran|Magma Storm|p2a: Quagsire
|-resisted|p2a: Quagsire
|-damage|p2a: Quagsire|71/100
|-activate|p2a: Quagsire|move: Magma Storm|[of] p1a: Heatran
|
|-heal|p2a: Quagsire|77/100|[from] item: Leftovers
|-damage|p2a: Quagsire|64/100|[from] move: Magma Storm|[partiallytrapped]
|upkeep
|turn|7
|
|t:|1640529542
|move|p1a: Heatran|Stealth Rock|p2a: Quagsire
|-sidestart|p2: cute pink team|move: Stealth Rock
|move|p2a: Quagsire|Earthquake|p1a: Heatran
|-supereffective|p1a: Heatran
|-damage|p1a: Heatran|0 fnt
|faint|p1a: Heatran
|
|-heal|p2a: Quagsire|71/100|[from] item: Leftovers
|-end|p2a: Quagsire|Magma Storm|[partiallytrapped]|[silent]
|upkeep
|
|t:|1640529545
|switch|p1a: Ferrothorn|Ferrothorn, F|100/100
|turn|8
|
|t:|1640529549
|switch|p2a: Tangrowth|Tangrowth, F|100/100
|-damage|p2a: Tangrowth|88/100|[from] Stealth Rock
|switch|p1a: Blacephalon|Blacephalon|100/100
|
|upkeep
|turn|9
|
|t:|1640529553
|move|p1a: Blacephalon|Trick|p2a: Tangrowth
|-activate|p1a: Blacephalon|move: Trick|[of] p2a: Tangrowth
|-item|p2a: Tangrowth|Choice Scarf|[from] move: Trick
|-item|p1a: Blacephalon|Rocky Helmet|[from] move: Trick
|move|p2a: Tangrowth|Knock Off|p1a: Blacephalon
|-supereffective|p1a: Blacephalon
|-damage|p1a: Blacephalon|0 fnt
|-damage|p2a: Tangrowth|72/100|[from] item: Rocky Helmet|[of] p1a: Blacephalon
|-enditem|p1a: Blacephalon|Rocky Helmet|[from] move: Knock Off|[of] p2a: Tangrowth
|faint|p1a: Blacephalon
|
|upkeep
|
|t:|1640529559
|switch|p1a: Weavile|Weavile, F|100/100
|-ability|p1a: Weavile|Pressure
|turn|10
|
|t:|1640529562
|switch|p2a: Toxapex|Toxapex, M|100/100
|-damage|p2a: Toxapex|88/100|[from] Stealth Rock
|move|p1a: Weavile|Swords Dance|p1a: Weavile
|-boost|p1a: Weavile|atk|2
|
|upkeep
|turn|11
|
|t:|1640529565
|move|p2a: Toxapex|Baneful Bunker|p2a: Toxapex
|-singleturn|p2a: Toxapex|move: Protect
|move|p1a: Weavile|Knock Off|p2a: Toxapex
|-activate|p2a: Toxapex|move: Protect
|-status|p1a: Weavile|psn
|
|-damage|p1a: Weavile|88/100 psn|[from] psn
|upkeep
|turn|12
|-message|rigmortus forfeited.
|
|win|cute pink team
|raw|rigmortus's rating: 1838 &rarr; <strong>1817</strong><br />(-21 for losing)
|raw|cute pink team's rating: 1825 &rarr; <strong>1846</strong><br />(+21 for winning)
|l|☆rigmortus
