|j|☆grasssoul
|j|☆moiaaaa
|t:|1667658403
|gametype|singles
|player|p1|grasssoul|169|1575
|player|p2|moiaaaa|alder|1562
|teamsize|p1|6
|teamsize|p2|6
|gen|8
|tier|[Gen 8] OU
|rated|
|rule|Sleep Clause Mod: Limit one foe put to sleep
|rule|Species Clause: Limit one of each Pokémon
|rule|OHKO Clause: OHKO moves are banned
|rule|Evasion Items Clause: Evasion items are banned
|rule|Evasion Moves Clause: Evasion moves are banned
|rule|Endless Battle Clause: Forcing endless battles is banned
|rule|HP Percentage Mod: HP is shown in percentages
|rule|Dynamax Clause: You cannot dynamax
|clearpoke
|poke|p1|Heatran, M|
|poke|p1|Slowking-Galar, M|
|poke|p1|Tapu Lele|
|poke|p1|Landorus-Therian, M|
|poke|p1|Dragapult, M|
|poke|p1|Zapdos|
|poke|p2|Urshifu-*, M|
|poke|p2|Ditto|
|poke|p2|Heatran, M|
|poke|p2|Tapu Koko|
|poke|p2|Hawlucha, M|
|poke|p2|Kartana|
|teampreview
|inactive|Battle timer is ON: inactive players will automatically lose when time's up. (requested by moiaaaa)
|
|t:|1667658430
|start
|switch|p1a: Landorus|Landorus-Therian, M|100/100
|switch|p2a: Tapu Koko|Tapu Koko|100/100
|-fieldstart|move: Electric Terrain|[from] ability: Electric Surge|[of] p2a: Tapu Koko
|-ability|p1a: Landorus|Intimidate|boost
|-unboost|p2a: Tapu Koko|atk|1
|turn|1
|
|t:|1667658439
|move|p2a: Tapu Koko|U-turn|p1a: Landorus
|-resisted|p1a: Landorus
|-damage|p1a: Landorus|96/100
|
|t:|1667658442
|switch|p2a: Ditto|Ditto|100/100|[from]move: U-turn
|-transform|p2a: Ditto|p1a: Landorus|[from] ability: Imposter
|-ability|p2a: Ditto|Intimidate|boost
|-unboost|p1a: Landorus|atk|1
|move|p1a: Landorus|Stealth Rock|p2a: Ditto
|-sidestart|p2: moiaaaa|move: Stealth Rock
|
|-heal|p1a: Landorus|100/100|[from] item: Leftovers
|upkeep
|turn|2
|
|t:|1667658448
|move|p2a: Ditto|Stealth Rock|p1a: Landorus
|-sidestart|p1: grasssoul|move: Stealth Rock
|move|p1a: Landorus|Knock Off|p2a: Ditto
|-damage|p2a: Ditto|76/100
|-enditem|p2a: Ditto|Choice Scarf|[from] move: Knock Off|[of] p1a: Landorus
|
|upkeep
|turn|3
|
|t:|1667658468
|move|p2a: Ditto|U-turn|p1a: Landorus
|-resisted|p1a: Landorus
|-damage|p1a: Landorus|91/100
|
|t:|1667658474
|switch|p2a: Kartana|Kartana|100/100|[from]move: U-turn
|-damage|p2a: Kartana|94/100|[from] Stealth Rock
|move|p1a: Landorus|U-turn|p2a: Kartana
|-damage|p2a: Kartana|77/100
|
|t:|1667658478
|switch|p1a: Zapdos|Zapdos|100/100|[from]move: U-turn
|
|upkeep
|turn|4
|
|t:|1667658481
|switch|p2a: Tapu Koko|Tapu Koko|100/100
|-damage|p2a: Tapu Koko|88/100|[from] Stealth Rock
|move|p1a: Zapdos|Volt Switch|p2a: Tapu Koko
|-resisted|p2a: Tapu Koko
|-damage|p2a: Tapu Koko|67/100
|
|t:|1667658495
|switch|p1a: Landorus|Landorus-Therian, M|91/100|[from]move: Volt Switch
|-damage|p1a: Landorus|78/100|[from] Stealth Rock
|-ability|p1a: Landorus|Intimidate|boost
|-unboost|p2a: Tapu Koko|atk|1
|
|-heal|p1a: Landorus|84/100|[from] item: Leftovers
|upkeep
|turn|5
|
|t:|1667658501
|move|p2a: Tapu Koko|U-turn|p1a: Landorus
|-resisted|p1a: Landorus
|-damage|p1a: Landorus|80/100
|
|t:|1667658504
|switch|p2a: Urshifu|Urshifu-Rapid-Strike, M|100/100|[from]move: U-turn
|-damage|p2a: Urshifu|94/100|[from] Stealth Rock
|move|p1a: Landorus|U-turn|p2a: Urshifu
|-resisted|p2a: Urshifu
|-damage|p2a: Urshifu|83/100
|
|t:|1667658510
|switch|p1a: Zapdos|Zapdos|100/100|[from]move: U-turn
|
|-fieldend|move: Electric Terrain
|upkeep
|turn|6
|
|t:|1667658514
|switch|p2a: Heatran|Heatran, M|100/100
|-damage|p2a: Heatran|88/100|[from] Stealth Rock
|move|p1a: Zapdos|Volt Switch|p2a: Heatran
|-damage|p2a: Heatran|59/100
|
|t:|1667658523
|switch|p1a: Landorus|Landorus-Therian, M|80/100|[from]move: Volt Switch
|-damage|p1a: Landorus|67/100|[from] Stealth Rock
|-ability|p1a: Landorus|Intimidate|boost
|-unboost|p2a: Heatran|atk|1
|
|-heal|p2a: Heatran|65/100|[from] item: Leftovers
|-heal|p1a: Landorus|73/100|[from] item: Leftovers
|upkeep
|turn|7
|
|t:|1667658529
|move|p2a: Heatran|Magma Storm|p1a: Landorus
|-damage|p1a: Landorus|21/100
|-activate|p1a: Landorus|move: Magma Storm|[of] p2a: Heatran
|move|p1a: Landorus|Earthquake|p2a: Heatran
|-supereffective|p2a: Heatran
|-damage|p2a: Heatran|0 fnt
|faint|p2a: Heatran
|
|-heal|p1a: Landorus|27/100|[from] item: Leftovers
|-end|p1a: Landorus|Magma Storm|[partiallytrapped]|[silent]
|upkeep
|
|t:|1667658534
|switch|p2a: Urshifu|Urshifu-Rapid-Strike, M|83/100
|-damage|p2a: Urshifu|76/100|[from] Stealth Rock
|turn|8
|
|t:|1667658537
|switch|p1a: Zapdos|Zapdos|100/100
|move|p2a: Urshifu|Surging Strikes|p1a: Zapdos
|-crit|p1a: Zapdos
|-damage|p1a: Zapdos|86/100
|-crit|p1a: Zapdos
|-damage|p1a: Zapdos|73/100
|-crit|p1a: Zapdos
|-damage|p1a: Zapdos|59/100
|-hitcount|p1a: Zapdos|3
|
|upkeep
|turn|9
|
|t:|1667658545
|move|p2a: Urshifu|Surging Strikes|p1a: Zapdos
|-crit|p1a: Zapdos
|-damage|p1a: Zapdos|44/100
|-crit|p1a: Zapdos
|-damage|p1a: Zapdos|28/100
|-crit|p1a: Zapdos
|-damage|p1a: Zapdos|15/100
|-hitcount|p1a: Zapdos|3
|move|p1a: Zapdos|Roost|p1a: Zapdos
|-heal|p1a: Zapdos|65/100
|-singleturn|p1a: Zapdos|move: Roost
|
|upkeep
|turn|10
|
|t:|1667658552
|switch|p2a: Tapu Koko|Tapu Koko|67/100
|-damage|p2a: Tapu Koko|54/100|[from] Stealth Rock
|-fieldstart|move: Electric Terrain|[from] ability: Electric Surge|[of] p2a: Tapu Koko
|move|p1a: Zapdos|Roost|p1a: Zapdos
|-heal|p1a: Zapdos|100/100
|-singleturn|p1a: Zapdos|move: Roost
|
|upkeep
|turn|11
|
|t:|1667658559
|switch|p1a: Slowking|Slowking-Galar, M|100/100
|-damage|p1a: Slowking|88/100|[from] Stealth Rock
|move|p2a: Tapu Koko|U-turn|p1a: Slowking
|-damage|p1a: Slowking|71/100
|
|t:|1667658564
|switch|p2a: Urshifu|Urshifu-Rapid-Strike, M|76/100|[from]move: U-turn
|-damage|p2a: Urshifu|70/100|[from] Stealth Rock
|
|upkeep
|turn|12
|
|t:|1667658568
|switch|p1a: Zapdos|Zapdos|100/100
|move|p2a: Urshifu|Surging Strikes|p1a: Zapdos
|-crit|p1a: Zapdos
|-damage|p1a: Zapdos|85/100
|-crit|p1a: Zapdos
|-damage|p1a: Zapdos|71/100
|-crit|p1a: Zapdos
|-damage|p1a: Zapdos|57/100
|-hitcount|p1a: Zapdos|3
|
|upkeep
|turn|13
|
|t:|1667658576
|move|p2a: Urshifu|Surging Strikes|p1a: Zapdos
|-crit|p1a: Zapdos
|-damage|p1a: Zapdos|42/100
|-crit|p1a: Zapdos
|-damage|p1a: Zapdos|28/100
|-crit|p1a: Zapdos
|-damage|p1a: Zapdos|14/100
|-hitcount|p1a: Zapdos|3
|move|p1a: Zapdos|Roost|p1a: Zapdos
|-heal|p1a: Zapdos|64/100
|-singleturn|p1a: Zapdos|move: Roost
|
|upkeep
|turn|14
|
|t:|1667658580
|switch|p2a: Tapu Koko|Tapu Koko|54/100
|-damage|p2a: Tapu Koko|42/100|[from] Stealth Rock
|move|p1a: Zapdos|Roost|p1a: Zapdos
|-heal|p1a: Zapdos|100/100
|-singleturn|p1a: Zapdos|move: Roost
|
|-fieldend|move: Electric Terrain
|upkeep
|turn|15
|
|t:|1667658586
|switch|p1a: Slowking|Slowking-Galar, M|100/100
|-damage|p1a: Slowking|88/100|[from] Stealth Rock
|move|p2a: Tapu Koko|Dazzling Gleam|p1a: Slowking
|-resisted|p1a: Slowking
|-damage|p1a: Slowking|78/100
|
|upkeep
|turn|16
|
|t:|1667658591
|switch|p2a: Ditto|Ditto|76/100
|-damage|p2a: Ditto|63/100|[from] Stealth Rock
|-transform|p2a: Ditto|p1a: Slowking|[from] ability: Imposter
|move|p1a: Slowking|Future Sight|p2a: Ditto
|-start|p1a: Slowking|move: Future Sight
|
|upkeep
|turn|17
|
|t:|1667658597
|move|p2a: Ditto|Future Sight|p1a: Slowking
|-start|p2a: Ditto|move: Future Sight
|move|p1a: Slowking|Sludge Bomb|p2a: Ditto
|-resisted|p2a: Ditto
|-damage|p2a: Ditto|50/100
|
|upkeep
|turn|18
|
|t:|1667658608
|move|p2a: Ditto|Fire Blast|p1a: Slowking
|-damage|p1a: Slowking|66/100
|move|p1a: Slowking|Sludge Bomb|p2a: Ditto
|-resisted|p2a: Ditto
|-damage|p2a: Ditto|36/100
|
|-end|p2a: Ditto|move: Future Sight
|-damage|p2a: Ditto|0 fnt
|faint|p2a: Ditto
|upkeep
|
|t:|1667658615
|switch|p2a: Kartana|Kartana|77/100
|-damage|p2a: Kartana|71/100|[from] Stealth Rock
|turn|19
|
|t:|1667658618
|switch|p1a: Zapdos|Zapdos|100/100
|move|p2a: Kartana|Knock Off|p1a: Zapdos
|-damage|p1a: Zapdos|69/100
|-enditem|p1a: Zapdos|Heavy-Duty Boots|[from] move: Knock Off|[of] p2a: Kartana
|
|-end|p1a: Zapdos|move: Future Sight
|-damage|p1a: Zapdos|57/100
|upkeep
|turn|20
|
|t:|1667658624
|switch|p2a: Tapu Koko|Tapu Koko|42/100
|-damage|p2a: Tapu Koko|29/100|[from] Stealth Rock
|-fieldstart|move: Electric Terrain|[from] ability: Electric Surge|[of] p2a: Tapu Koko
|move|p1a: Zapdos|Roost|p1a: Zapdos
|-heal|p1a: Zapdos|100/100
|-singleturn|p1a: Zapdos|move: Roost
|
|upkeep
|turn|21
|
|t:|1667658642
|move|p2a: Tapu Koko|Dazzling Gleam|p1a: Zapdos
|-damage|p1a: Zapdos|53/100
|move|p1a: Zapdos|Defog|p2a: Tapu Koko
|-unboost|p2a: Tapu Koko|evasion|1
|-sideend|p2: moiaaaa|Stealth Rock|[from] move: Defog|[of] p1a: Zapdos
|-sideend|p1: grasssoul|Stealth Rock|[from] move: Defog|[of] p1a: Zapdos
|-fieldend|move: Electric Terrain
|
|upkeep
|turn|22
|
|t:|1667658648
|switch|p1a: Slowking|Slowking-Galar, M|99/100
|move|p2a: Tapu Koko|Dazzling Gleam|p1a: Slowking
|-resisted|p1a: Slowking
|-damage|p1a: Slowking|90/100
|
|upkeep
|turn|23
|
|t:|1667658664
|switch|p2a: Urshifu|Urshifu-Rapid-Strike, M|70/100
|move|p1a: Slowking|Future Sight|p2a: Urshifu
|-start|p1a: Slowking|move: Future Sight
|
|upkeep
|turn|24
|
|t:|1667658678
|move|p2a: Urshifu|Surging Strikes|p1a: Slowking
|-crit|p1a: Slowking
|-damage|p1a: Slowking|70/100
|-crit|p1a: Slowking
|-damage|p1a: Slowking|47/100
|-crit|p1a: Slowking
|-damage|p1a: Slowking|25/100
|-hitcount|p1a: Slowking|3
|move|p1a: Slowking|Sludge Bomb|p2a: Urshifu
|-damage|p2a: Urshifu|17/100
|-status|p2a: Urshifu|psn
|
|-damage|p2a: Urshifu|5/100 psn|[from] psn
|upkeep
|turn|25
|
|t:|1667658692
|move|p2a: Urshifu|Surging Strikes|p1a: Slowking
|-crit|p1a: Slowking
|-damage|p1a: Slowking|3/100
|-crit|p1a: Slowking
|-damage|p1a: Slowking|0 fnt
|faint|p1a: Slowking
|-hitcount|p1: Slowking|2
|
|-end|p2a: Urshifu|move: Future Sight
|-supereffective|p2a: Urshifu
|-damage|p2a: Urshifu|0 fnt
|faint|p2a: Urshifu
|upkeep
|
|t:|1667658701
|switch|p2a: Tapu Koko|Tapu Koko|29/100
|switch|p1a: Landorus|Landorus-Therian, M|27/100
|-fieldstart|move: Electric Terrain|[from] ability: Electric Surge|[of] p2a: Tapu Koko
|-ability|p1a: Landorus|Intimidate|boost
|-unboost|p2a: Tapu Koko|atk|1
|turn|26
|
|t:|1667658712
|switch|p1a: Heatran|Heatran, M|100/100
|move|p2a: Tapu Koko|Dazzling Gleam|p1a: Heatran
|-resisted|p1a: Heatran
|-damage|p1a: Heatran|93/100
|
|-heal|p1a: Heatran|99/100|[from] item: Leftovers
|upkeep
|turn|27
|
|t:|1667658718
|switch|p2a: Hawlucha|Hawlucha, M|100/100
|-enditem|p2a: Hawlucha|Electric Seed
|-boost|p2a: Hawlucha|def|1|[from] item: Electric Seed
|move|p1a: Heatran|Magma Storm|p2a: Hawlucha
|-damage|p2a: Hawlucha|28/100
|-activate|p2a: Hawlucha|move: Magma Storm|[of] p1a: Heatran
|
|-heal|p1a: Heatran|100/100|[from] item: Leftovers
|-damage|p2a: Hawlucha|16/100|[from] move: Magma Storm|[partiallytrapped]
|upkeep
|turn|28
|
|t:|1667658726
|move|p1a: Heatran|Protect|p1a: Heatran
|-singleturn|p1a: Heatran|Protect
|move|p2a: Hawlucha|Close Combat|p1a: Heatran
|-activate|p1a: Heatran|move: Protect
|
|-damage|p2a: Hawlucha|4/100|[from] move: Magma Storm|[partiallytrapped]
|upkeep
|turn|29
|
|t:|1667658737
|switch|p1a: Landorus|Landorus-Therian, M|27/100
|-ability|p1a: Landorus|Intimidate|boost
|-unboost|p2a: Hawlucha|atk|1
|move|p2a: Hawlucha|Close Combat|p1a: Landorus
|-resisted|p1a: Landorus
|-damage|p1a: Landorus|13/100
|-unboost|p2a: Hawlucha|def|1
|-unboost|p2a: Hawlucha|spd|1
|
|-heal|p1a: Landorus|19/100|[from] item: Leftovers
|-end|p2a: Hawlucha|Magma Storm|[partiallytrapped]|[silent]
|upkeep
|turn|30
|
|t:|1667658747
|move|p2a: Hawlucha|Acrobatics|p1a: Landorus
|-damage|p1a: Landorus|0 fnt
|faint|p1a: Landorus
|
|-fieldend|move: Electric Terrain
|upkeep
|
|t:|1667658757
|switch|p1a: Tapu Lele|Tapu Lele|100/100
|-fieldstart|move: Psychic Terrain|[from] ability: Psychic Surge|[of] p1a: Tapu Lele
|turn|31
|
|t:|1667658760
|move|p2a: Hawlucha|Acrobatics|p1a: Tapu Lele
|-damage|p1a: Tapu Lele|58/100
|move|p1a: Tapu Lele|Psychic|p2a: Hawlucha
|-supereffective|p2a: Hawlucha
|-damage|p2a: Hawlucha|0 fnt
|faint|p2a: Hawlucha
|
|upkeep
|
|t:|1667658763
|switch|p2a: Kartana|Kartana|71/100
|turn|32
|
|t:|1667658766
|switch|p1a: Zapdos|Zapdos|53/100
|move|p2a: Kartana|Knock Off|p1a: Zapdos
|-damage|p1a: Zapdos|32/100
|-status|p2a: Kartana|par|[from] ability: Static|[of] p1a: Zapdos
|
|upkeep
|turn|33
|
|t:|1667658771
|switch|p2a: Tapu Koko|Tapu Koko|29/100
|-fieldstart|move: Electric Terrain|[from] ability: Electric Surge|[of] p2a: Tapu Koko
|move|p1a: Zapdos|Roost|p1a: Zapdos
|-heal|p1a: Zapdos|82/100
|-singleturn|p1a: Zapdos|move: Roost
|
|upkeep
|turn|34
|
|t:|1667658776
|switch|p1a: Heatran|Heatran, M|100/100
|move|p2a: Tapu Koko|Thunderbolt|p1a: Heatran
|-damage|p1a: Heatran|56/100
|
|-heal|p1a: Heatran|62/100|[from] item: Leftovers
|upkeep
|turn|35
|
|t:|1667658781
|move|p2a: Tapu Koko|Thunderbolt|p1a: Heatran
|-damage|p1a: Heatran|19/100
|move|p1a: Heatran|Earth Power|p2a: Tapu Koko
|-supereffective|p2a: Tapu Koko
|-damage|p2a: Tapu Koko|0 fnt
|faint|p2a: Tapu Koko
|
|-heal|p1a: Heatran|25/100|[from] item: Leftovers
|upkeep
|
|t:|1667658785
|switch|p2a: Kartana|Kartana|71/100 par
|turn|36
|
|t:|1667658786
|switch|p1a: Zapdos|Zapdos|82/100
|move|p2a: Kartana|Knock Off|p1a: Zapdos
|-damage|p1a: Zapdos|60/100
|
|upkeep
|turn|37
|
|t:|1667658789
|cant|p2a: Kartana|par
|move|p1a: Zapdos|Roost|p1a: Zapdos
|-heal|p1a: Zapdos|100/100
|-singleturn|p1a: Zapdos|move: Roost
|
|-fieldend|move: Electric Terrain
|upkeep
|turn|38
|
|t:|1667658791
|move|p2a: Kartana|Knock Off|p1a: Zapdos
|-damage|p1a: Zapdos|80/100
|move|p1a: Zapdos|Heat Wave|p2a: Kartana
|-supereffective|p2a: Kartana
|-damage|p2a: Kartana|0 fnt
|faint|p2a: Kartana
|
|win|grasssoul
|raw|grasssoul's rating: 1575 &rarr; <strong>1594</strong><br />(+19 for winning)
|raw|moiaaaa's rating: 1562 &rarr; <strong>1543</strong><br />(-19 for losing)
|l|☆moiaaaa
