|raw|<div class="broadcast-blue"><strong>This battle is required to be public due to a player having a name starting with 'btlt200'.</div>
|j|☆BTLT200$ brrr
|j|☆minimax_ai
|t:|1667968400
|gametype|singles
|player|p1|BTLT200$ brrr|winona|1591
|player|p2|minimax_ai|169|1656
|teamsize|p1|6
|teamsize|p2|6
|gen|8
|tier|[Gen 8] OU
|rated|
|rule|Sleep Clause Mod: Limit one foe put to sleep
|rule|Species Clause: Limit one of each Pokémon
|rule|OHKO Clause: OHKO moves are banned
|rule|Evasion Items Clause: Evasion items are banned
|rule|Evasion Moves Clause: Evasion moves are banned
|rule|Endless Battle Clause: Forcing endless battles is banned
|rule|HP Percentage Mod: HP is shown in percentages
|rule|Dynamax Clause: You cannot dynamax
|clearpoke
|poke|p1|Skarmory, M|
|poke|p1|Hippowdon, M|
|poke|p1|Tapu Koko|
|poke|p1|Reuniclus, M|
|poke|p1|Toxapex, M|
|poke|p1|Tornadus-Therian, M|
|poke|p2|Rotom-Wash|
|poke|p2|Weavile, F|
|poke|p2|Landorus-Therian, M|
|poke|p2|Heatran, M|
|poke|p2|Tangrowth, F|
|poke|p2|Melmetal|
|teampreview
|inactive|Battle timer is ON: inactive players will automatically lose when time's up. (requested by BTLT200$ brrr)
|c|☆minimax_ai|hf
|inactive|minimax_ai also wants the timer to be on.
|j| Bozo jeffery
|
|t:|1667968415
|start
|switch|p1a: Tornadus|Tornadus-Therian, M|100/100
|switch|p2a: Heatran|Heatran, M|100/100
|-item|p2a: Heatran|Air Balloon
|turn|1
|
|t:|1667968423
|move|p1a: Tornadus|U-turn|p2a: Heatran
|-resisted|p2a: Heatran
|-damage|p2a: Heatran|97/100
|-enditem|p2a: Heatran|Air Balloon
|
|t:|1667968428
|switch|p1a: Toxapex|Toxapex, M|100/100|[from]move: U-turn
|move|p2a: Heatran|Stealth Rock|p1a: Toxapex
|-sidestart|p1: BTLT200$ brrr|move: Stealth Rock
|
|upkeep
|turn|2
|
|t:|1667968433
|move|p2a: Heatran|Magma Storm|p1a: Toxapex
|-resisted|p1a: Toxapex
|-damage|p1a: Toxapex|84/100
|-activate|p1a: Toxapex|move: Magma Storm|[of] p2a: Heatran
|move|p1a: Toxapex|Scald|p2a: Heatran
|-supereffective|p2a: Heatran
|-damage|p2a: Heatran|62/100
|
|-damage|p1a: Toxapex|71/100|[from] move: Magma Storm|[partiallytrapped]
|upkeep
|turn|3
|
|t:|1667968440
|switch|p1a: Hippowdon|Hippowdon, M|100/100
|-damage|p1a: Hippowdon|94/100|[from] Stealth Rock
|-weather|Sandstorm|[from] ability: Sand Stream|[of] p1a: Hippowdon
|move|p2a: Heatran|Magma Storm|p1a: Hippowdon
|-damage|p1a: Hippowdon|57/100
|-activate|p1a: Hippowdon|move: Magma Storm|[of] p2a: Heatran
|
|-weather|Sandstorm|[upkeep]
|-heal|p1a: Hippowdon|63/100|[from] item: Leftovers
|-damage|p1a: Hippowdon|51/100|[from] move: Magma Storm|[partiallytrapped]
|upkeep
|turn|4
|
|t:|1667968449
|switch|p2a: rotomwash|Rotom-Wash|100/100
|move|p1a: Hippowdon|Earthquake|p2a: rotomwash
|-immune|p2a: rotomwash|[from] ability: Levitate
|
|-weather|Sandstorm|[upkeep]
|-damage|p2a: rotomwash|94/100|[from] Sandstorm
|-heal|p2a: rotomwash|100/100|[from] item: Leftovers
|-heal|p1a: Hippowdon|57/100|[from] item: Leftovers
|-end|p1a: Hippowdon|Magma Storm|[partiallytrapped]|[silent]
|upkeep
|turn|5
|
|t:|1667968465
|switch|p1a: Reuniclus|Reuniclus, M|100/100
|move|p2a: rotomwash|Nasty Plot|p2a: rotomwash
|-boost|p2a: rotomwash|spa|2
|
|-weather|Sandstorm|[upkeep]
|-damage|p2a: rotomwash|94/100|[from] Sandstorm
|-heal|p2a: rotomwash|100/100|[from] item: Leftovers
|upkeep
|turn|6
|
|t:|1667968487
|move|p2a: rotomwash|Hydro Pump|p1a: Reuniclus
|-damage|p1a: Reuniclus|15/100
|move|p1a: Reuniclus|Calm Mind|p1a: Reuniclus
|-boost|p1a: Reuniclus|spa|1
|-boost|p1a: Reuniclus|spd|1
|
|-weather|Sandstorm|[upkeep]
|-damage|p2a: rotomwash|94/100|[from] Sandstorm
|-heal|p2a: rotomwash|100/100|[from] item: Leftovers
|upkeep
|turn|7
|
|t:|1667968493
|move|p2a: rotomwash|Thunderbolt|p1a: Reuniclus
|-damage|p1a: Reuniclus|0 fnt
|faint|p1a: Reuniclus
|
|-weather|none
|upkeep
|
|t:|1667968497
|switch|p1a: Tapu Koko|Tapu Koko|100/100
|-fieldstart|move: Electric Terrain|[from] ability: Electric Surge|[of] p1a: Tapu Koko
|turn|8
|
|t:|1667968501
|move|p1a: Tapu Koko|Calm Mind|p1a: Tapu Koko
|-boost|p1a: Tapu Koko|spa|1
|-boost|p1a: Tapu Koko|spd|1
|move|p2a: rotomwash|Hydro Pump|p1a: Tapu Koko
|-damage|p1a: Tapu Koko|22/100
|
|upkeep
|turn|9
|
|t:|1667968511
|move|p1a: Tapu Koko|Roost|p1a: Tapu Koko
|-heal|p1a: Tapu Koko|72/100
|-singleturn|p1a: Tapu Koko|move: Roost
|move|p2a: rotomwash|Thunderbolt|p1a: Tapu Koko
|-resisted|p1a: Tapu Koko
|-damage|p1a: Tapu Koko|39/100
|
|upkeep
|turn|10
|
|t:|1667968516
|move|p1a: Tapu Koko|Roost|p1a: Tapu Koko
|-heal|p1a: Tapu Koko|89/100
|-singleturn|p1a: Tapu Koko|move: Roost
|move|p2a: rotomwash|Hydro Pump|p1a: Tapu Koko|[miss]
|-miss|p2a: rotomwash|p1a: Tapu Koko
|
|upkeep
|turn|11
|
|t:|1667968520
|switch|p2a: Melmetal|Melmetal|100/100
|move|p1a: Tapu Koko|Dazzling Gleam|p2a: Melmetal
|-resisted|p2a: Melmetal
|-damage|p2a: Melmetal|89/100
|
|upkeep
|turn|12
|
|t:|1667968529
|switch|p1a: Skarmory|Skarmory, M|100/100
|-damage|p1a: Skarmory|88/100|[from] Stealth Rock
|move|p2a: Melmetal|Ice Punch|p1a: Skarmory
|-damage|p1a: Skarmory|69/100
|-damage|p2a: Melmetal|72/100|[from] item: Rocky Helmet|[of] p1a: Skarmory
|
|-fieldend|move: Electric Terrain
|upkeep
|turn|13
|
|t:|1667968540
|switch|p2a: rotomwash|Rotom-Wash|100/100
|move|p1a: Skarmory|Body Press|p2a: rotomwash
|-damage|p2a: rotomwash|65/100
|
|-heal|p2a: rotomwash|71/100|[from] item: Leftovers
|upkeep
|turn|14
|
|t:|1667968554
|switch|p1a: Tapu Koko|Tapu Koko|89/100
|-fieldstart|move: Electric Terrain|[from] ability: Electric Surge|[of] p1a: Tapu Koko
|move|p2a: rotomwash|Nasty Plot|p2a: rotomwash
|-boost|p2a: rotomwash|spa|2
|
|-heal|p2a: rotomwash|77/100|[from] item: Leftovers
|upkeep
|turn|15
|
|t:|1667968572
|move|p1a: Tapu Koko|Thunderbolt|p2a: rotomwash
|-damage|p2a: rotomwash|35/100
|move|p2a: rotomwash|Hydro Pump|p1a: Tapu Koko
|-damage|p1a: Tapu Koko|0 fnt
|faint|p1a: Tapu Koko
|
|-heal|p2a: rotomwash|41/100|[from] item: Leftovers
|upkeep
|
|t:|1667968577
|switch|p1a: Tornadus|Tornadus-Therian, M|100/100
|turn|16
|
|t:|1667968581
|move|p1a: Tornadus|U-turn|p2a: rotomwash
|-damage|p2a: rotomwash|26/100
|
|t:|1667968584
|switch|p1a: Hippowdon|Hippowdon, M|57/100|[from]move: U-turn
|-damage|p1a: Hippowdon|51/100|[from] Stealth Rock
|-weather|Sandstorm|[from] ability: Sand Stream|[of] p1a: Hippowdon
|move|p2a: rotomwash|Thunderbolt|p1a: Hippowdon
|-immune|p1a: Hippowdon
|
|-weather|Sandstorm|[upkeep]
|-damage|p2a: rotomwash|20/100|[from] Sandstorm
|-heal|p2a: rotomwash|26/100|[from] item: Leftovers
|-heal|p1a: Hippowdon|57/100|[from] item: Leftovers
|upkeep
|turn|17
|
|t:|1667968588
|switch|p1a: Tornadus|Tornadus-Therian, M|100/100
|move|p2a: rotomwash|Hydro Pump|p1a: Tornadus
|-damage|p1a: Tornadus|19/100
|
|-weather|Sandstorm|[upkeep]
|-damage|p1a: Tornadus|13/100|[from] Sandstorm
|-damage|p2a: rotomwash|20/100|[from] Sandstorm
|-heal|p2a: rotomwash|26/100|[from] item: Leftovers
|upkeep
|turn|18
|
|t:|1667968593
|move|p1a: Tornadus|Knock Off|p2a: rotomwash
|-crit|p2a: rotomwash
|-damage|p2a: rotomwash|0 fnt
|-enditem|p2a: rotomwash|Leftovers|[from] move: Knock Off|[of] p1a: Tornadus
|faint|p2a: rotomwash
|
|-weather|Sandstorm|[upkeep]
|-damage|p1a: Tornadus|7/100|[from] Sandstorm
|-fieldend|move: Electric Terrain
|upkeep
|
|t:|1667968593
|switch|p2a: Heatran|Heatran, M|62/100
|turn|19
|
|t:|1667968598
|switch|p1a: Toxapex|Toxapex, M|100/100
|-damage|p1a: Toxapex|88/100|[from] Stealth Rock
|move|p2a: Heatran|Magma Storm|p1a: Toxapex
|-resisted|p1a: Toxapex
|-damage|p1a: Toxapex|72/100
|-activate|p1a: Toxapex|move: Magma Storm|[of] p2a: Heatran
|
|-weather|Sandstorm|[upkeep]
|-damage|p1a: Toxapex|67/100|[from] Sandstorm
|-damage|p1a: Toxapex|54/100|[from] move: Magma Storm|[partiallytrapped]
|upkeep
|turn|20
|
|t:|1667968608
|move|p2a: Heatran|Magma Storm|p1a: Toxapex
|-resisted|p1a: Toxapex
|-damage|p1a: Toxapex|36/100
|move|p1a: Toxapex|Haze|p1a: Toxapex
|-clearallboost
|
|-weather|none
|-damage|p1a: Toxapex|24/100|[from] move: Magma Storm|[partiallytrapped]
|upkeep
|turn|21
|
|t:|1667968629
|move|p2a: Heatran|Magma Storm|p1a: Toxapex
|-resisted|p1a: Toxapex
|-damage|p1a: Toxapex|7/100
|move|p1a: Toxapex|Recover|p1a: Toxapex
|-heal|p1a: Toxapex|57/100
|
|-damage|p1a: Toxapex|45/100|[from] move: Magma Storm|[partiallytrapped]
|upkeep
|turn|22
|
|t:|1667968640
|move|p2a: Heatran|Magma Storm|p1a: Toxapex|[miss]
|-miss|p2a: Heatran|p1a: Toxapex
|move|p1a: Toxapex|Light Screen|p1a: Toxapex
|-sidestart|p1: BTLT200$ brrr|move: Light Screen
|
|-damage|p1a: Toxapex|33/100|[from] move: Magma Storm|[partiallytrapped]
|upkeep
|turn|23
|
|t:|1667968642
|move|p2a: Heatran|Magma Storm|p1a: Toxapex|[miss]
|-miss|p2a: Heatran|p1a: Toxapex
|move|p1a: Toxapex|Recover|p1a: Toxapex
|-heal|p1a: Toxapex|83/100
|
|-damage|p1a: Toxapex|70/100|[from] move: Magma Storm|[partiallytrapped]
|upkeep
|turn|24
|
|t:|1667968644
|move|p2a: Heatran|Magma Storm|p1a: Toxapex
|-resisted|p1a: Toxapex
|-damage|p1a: Toxapex|62/100
|move|p1a: Toxapex|Scald|p2a: Heatran
|-supereffective|p2a: Heatran
|-damage|p2a: Heatran|28/100
|
|-end|p1a: Toxapex|Magma Storm|[partiallytrapped]
|upkeep
|turn|25
|
|t:|1667968649
|move|p2a: Heatran|Earth Power|p1a: Toxapex
|-supereffective|p1a: Toxapex
|-damage|p1a: Toxapex|42/100
|move|p1a: Toxapex|Scald|p2a: Heatran
|-supereffective|p2a: Heatran
|-damage|p2a: Heatran|0 fnt
|faint|p2a: Heatran
|
|upkeep
|
|t:|1667968649
|switch|p2a: Weavile|Weavile, F|100/100
|-ability|p2a: Weavile|Pressure
|turn|26
|
|t:|1667968653
|move|p2a: Weavile|Knock Off|p1a: Toxapex
|-damage|p1a: Toxapex|0 fnt
|-enditem|p1a: Toxapex|Shed Shell|[from] move: Knock Off|[of] p2a: Weavile
|faint|p1a: Toxapex
|
|-sideend|p1: BTLT200$ brrr|move: Light Screen
|upkeep
|
|t:|1667968655
|switch|p1a: Skarmory|Skarmory, M|69/100
|-damage|p1a: Skarmory|57/100|[from] Stealth Rock
|turn|27
|
|t:|1667968659
|switch|p2a: Tangrowth|Tangrowth, F|100/100
|move|p1a: Skarmory|Roost|p1a: Skarmory
|-heal|p1a: Skarmory|100/100
|-singleturn|p1a: Skarmory|move: Roost
|
|upkeep
|turn|28
|
|t:|1667968668
|switch|p1a: Hippowdon|Hippowdon, M|57/100
|-damage|p1a: Hippowdon|51/100|[from] Stealth Rock
|-weather|Sandstorm|[from] ability: Sand Stream|[of] p1a: Hippowdon
|move|p2a: Tangrowth|Sleep Powder|p1a: Hippowdon
|-status|p1a: Hippowdon|slp|[from] move: Sleep Powder
|
|-weather|Sandstorm|[upkeep]
|-damage|p2a: Tangrowth|94/100|[from] Sandstorm
|-heal|p1a: Hippowdon|57/100 slp|[from] item: Leftovers
|upkeep
|turn|29
|
|t:|1667968677
|switch|p1a: Tornadus|Tornadus-Therian, M|40/100
|move|p2a: Tangrowth|Giga Drain|p1a: Tornadus
|-resisted|p1a: Tornadus
|-damage|p1a: Tornadus|25/100
|-heal|p2a: Tangrowth|100/100|[from] drain|[of] p1a: Tornadus
|
|-weather|Sandstorm|[upkeep]
|-damage|p1a: Tornadus|19/100|[from] Sandstorm
|-damage|p2a: Tangrowth|94/100|[from] Sandstorm
|upkeep
|turn|30
|
|t:|1667968688
|switch|p1a: Skarmory|Skarmory, M|100/100
|-damage|p1a: Skarmory|88/100|[from] Stealth Rock
|switch|p2a: Melmetal|Melmetal|72/100
|
|-weather|Sandstorm|[upkeep]
|upkeep
|turn|31
|
|t:|1667968690
|switch|p2a: Tangrowth|Tangrowth, F|100/100
|move|p1a: Skarmory|Spikes|p2a: Tangrowth
|-sidestart|p2: minimax_ai|Spikes
|
|-weather|Sandstorm|[upkeep]
|-damage|p2a: Tangrowth|94/100|[from] Sandstorm
|upkeep
|turn|32
|
|t:|1667968694
|switch|p1a: Tornadus|Tornadus-Therian, M|52/100
|move|p2a: Tangrowth|Giga Drain|p1a: Tornadus
|-resisted|p1a: Tornadus
|-damage|p1a: Tornadus|38/100
|-heal|p2a: Tangrowth|100/100|[from] drain|[of] p1a: Tornadus
|
|-weather|none
|upkeep
|turn|33
|
|t:|1667968700
|switch|p2a: Melmetal|Melmetal|72/100
|-damage|p2a: Melmetal|60/100|[from] Spikes
|move|p1a: Tornadus|Hurricane|p2a: Melmetal|[miss]
|-miss|p1a: Tornadus|p2a: Melmetal
|
|upkeep
|turn|34
|
|t:|1667968703
|switch|p1a: Skarmory|Skarmory, M|88/100
|-damage|p1a: Skarmory|76/100|[from] Stealth Rock
|move|p2a: Melmetal|Thunder Punch|p1a: Skarmory
|-supereffective|p1a: Skarmory
|-damage|p1a: Skarmory|39/100
|-status|p1a: Skarmory|par
|-damage|p2a: Melmetal|43/100|[from] item: Rocky Helmet|[of] p1a: Skarmory
|
|upkeep
|turn|35
|
|t:|1667968710
|move|p2a: Melmetal|Thunder Punch|p1a: Skarmory
|-supereffective|p1a: Skarmory
|-damage|p1a: Skarmory|0 fnt
|-damage|p2a: Melmetal|27/100|[from] item: Rocky Helmet|[of] p1a: Skarmory
|faint|p1a: Skarmory
|
|upkeep
|
|t:|1667968717
|switch|p1a: Tornadus|Tornadus-Therian, M|71/100
|turn|36
|
|t:|1667968723
|move|p1a: Tornadus|Hurricane|p2a: Melmetal|[miss]
|-miss|p1a: Tornadus|p2a: Melmetal
|move|p2a: Melmetal|Double Iron Bash|p1a: Tornadus
|-damage|p1a: Tornadus|28/100
|-damage|p1a: Tornadus|0 fnt
|faint|p1a: Tornadus
|-hitcount|p1: Tornadus|2
|
|upkeep
|-message|BTLT200$ brrr forfeited.
|
|win|minimax_ai
|raw|BTLT200$ brrr's rating: 1591 &rarr; <strong>1575</strong><br />(-16 for losing)
|raw|minimax_ai's rating: 1656 &rarr; <strong>1672</strong><br />(+16 for winning)
|c|☆minimax_ai|gg
|l|☆BTLT200$ brrr
