|raw|<div class="broadcast-blue"><strong>This battle is required to be public due to a player having a name starting with 'lt94je'.</div>
|j|☆LT94JE LOOR
|j|☆ripreckful
|t:|1661398475
|gametype|singles
|player|p1|LT94JE LOOR|#wcop2022canada|1761
|player|p2|ripreckful|hilbert|1790
|teamsize|p1|6
|teamsize|p2|6
|gen|8
|tier|[Gen 8] OU
|rated|
|rule|Sleep Clause Mod: Limit one foe put to sleep
|rule|Species Clause: Limit one of each Pokémon
|rule|OHKO Clause: OHKO moves are banned
|rule|Evasion Items Clause: Evasion items are banned
|rule|Evasion Moves Clause: Evasion moves are banned
|rule|Endless Battle Clause: Forcing endless battles is banned
|rule|HP Percentage Mod: HP is shown in percentages
|rule|Dynamax Clause: You cannot dynamax
|clearpoke
|poke|p1|Garchomp, F|
|poke|p1|Weavile, F|
|poke|p1|Celesteela|
|poke|p1|Mew|
|poke|p1|Blacephalon|
|poke|p1|Crawdaunt, M|
|poke|p2|Mew|
|poke|p2|Celesteela|
|poke|p2|Nihilego|
|poke|p2|Kartana|
|poke|p2|Landorus-Therian, M|
|poke|p2|Urshifu-*, M|
|teampreview
|inactive|Battle timer is ON: inactive players will automatically lose when time's up. (requested by ripreckful)
|inactive|ripreckful has 120 seconds left.
|
|t:|1661398514
|start
|switch|p1a: Mew|Mew, shiny|100/100
|switch|p2a: Landorus|Landorus-Therian, M|100/100
|-ability|p2a: Landorus|Intimidate|boost
|-unboost|p1a: Mew|atk|1
|turn|1
|
|t:|1661398519
|move|p1a: Mew|Stealth Rock|p2a: Landorus
|-sidestart|p2: ripreckful|move: Stealth Rock
|move|p2a: Landorus|Substitute|p2a: Landorus
|-start|p2a: Landorus|Substitute
|-damage|p2a: Landorus|76/100
|
|upkeep
|turn|2
|
|t:|1661398522
|move|p1a: Mew|Taunt|p2a: Landorus
|-start|p2a: Landorus|move: Taunt
|move|p2a: Landorus|Earthquake|p1a: Mew
|-damage|p1a: Mew|50/100
|
|upkeep
|turn|3
|
|t:|1661398525
|move|p1a: Mew|Spikes|p2a: Landorus
|-sidestart|p2: ripreckful|Spikes
|move|p2a: Landorus|Earthquake|p1a: Mew
|-damage|p1a: Mew|2/100
|
|upkeep
|turn|4
|j| LT94JE Elpacho
|
|t:|1661398529
|move|p1a: Mew|Spikes|p2a: Landorus
|-sidestart|p2: ripreckful|Spikes
|move|p2a: Landorus|Earthquake|p1a: Mew
|-damage|p1a: Mew|0 fnt
|faint|p1a: Mew
|
|-end|p2a: Landorus|move: Taunt
|upkeep
|
|t:|1661398533
|switch|p1a: Weavile|Weavile, F, shiny|100/100
|-ability|p1a: Weavile|Pressure
|turn|5
|l| LT94JE Elpacho
|
|t:|1661398543
|move|p1a: Weavile|Triple Axel|p2a: Landorus
|-supereffective|p2a: Landorus
|-end|p2a: Landorus|Substitute
|-supereffective|p2a: Landorus
|-damage|p2a: Landorus|0 fnt
|faint|p2a: Landorus
|-hitcount|p2: Landorus|2
|-damage|p1a: Weavile|91/100|[from] item: Life Orb
|
|upkeep
|
|t:|1661398545
|switch|p2a: Urshifu|Urshifu-Rapid-Strike, M|100/100
|-damage|p2a: Urshifu|94/100|[from] Stealth Rock
|-damage|p2a: Urshifu|78/100|[from] Spikes
|turn|6
|j| fiaurant
|
|t:|1661398555
|switch|p1a: Garchomp|Garchomp, F, shiny|100/100
|move|p2a: Urshifu|Close Combat|p1a: Garchomp
|-damage|p1a: Garchomp|33/100
|-unboost|p2a: Urshifu|def|1
|-unboost|p2a: Urshifu|spd|1
|-activate|p1a: Garchomp|ability: Rough Skin
|-activate|p2a: Urshifu|item: Protective Pads
|
|upkeep
|turn|7
|
|t:|1661398563
|switch|p2a: Celesteela|Celesteela|100/100
|-damage|p2a: Celesteela|88/100|[from] Stealth Rock
|move|p1a: Garchomp|Scale Shot|p2a: Celesteela
|-resisted|p2a: Celesteela
|-damage|p2a: Celesteela|81/100
|-resisted|p2a: Celesteela
|-damage|p2a: Celesteela|75/100
|-hitcount|p2a: Celesteela|2
|-unboost|p1a: Garchomp|def|1
|-boost|p1a: Garchomp|spe|1
|
|upkeep
|turn|8
|
|t:|1661398587
|move|p1a: Garchomp|Fire Fang|p2a: Celesteela
|-supereffective|p2a: Celesteela
|-damage|p2a: Celesteela|28/100
|-status|p2a: Celesteela|brn
|cant|p2a: Celesteela|flinch
|
|-damage|p2a: Celesteela|22/100 brn|[from] brn
|upkeep
|turn|9
|
|t:|1661398594
|move|p1a: Garchomp|Fire Fang|p2a: Celesteela
|-supereffective|p2a: Celesteela
|-damage|p2a: Celesteela|0 fnt
|faint|p2a: Celesteela
|
|upkeep
|
|t:|1661398597
|switch|p2a: Kartana|Kartana|100/100
|-damage|p2a: Kartana|94/100|[from] Stealth Rock
|-damage|p2a: Kartana|78/100|[from] Spikes
|turn|10
|
|t:|1661398610
|move|p2a: Kartana|Knock Off|p1a: Garchomp
|-damage|p1a: Garchomp|0 fnt
|-damage|p2a: Kartana|65/100|[from] ability: Rough Skin|[of] p1a: Garchomp
|-enditem|p1a: Garchomp|Lum Berry|[from] move: Knock Off|[of] p2a: Kartana
|faint|p1a: Garchomp
|-ability|p2a: Kartana|Beast Boost|boost
|-boost|p2a: Kartana|atk|1
|
|upkeep
|
|t:|1661398628
|switch|p1a: Weavile|Weavile, F, shiny|91/100
|-ability|p1a: Weavile|Pressure
|turn|11
|
|t:|1661398641
|switch|p2a: Nihilego|Nihilego|100/100
|-damage|p2a: Nihilego|88/100|[from] Stealth Rock
|-damage|p2a: Nihilego|71/100|[from] Spikes
|move|p1a: Weavile|Knock Off|p2a: Nihilego
|-damage|p2a: Nihilego|0 fnt
|-enditem|p2a: Nihilego|Power Herb|[from] move: Knock Off|[of] p1a: Weavile
|faint|p2a: Nihilego
|-damage|p1a: Weavile|81/100|[from] item: Life Orb
|
|upkeep
|
|t:|1661398643
|switch|p2a: Urshifu|Urshifu-Rapid-Strike, M|78/100
|-damage|p2a: Urshifu|72/100|[from] Stealth Rock
|-damage|p2a: Urshifu|55/100|[from] Spikes
|turn|12
|inactive|LT94JE LOOR has 120 seconds left.
|
|t:|1661398699
|move|p1a: Weavile|Knock Off|p2a: Urshifu
|-resisted|p2a: Urshifu
|-damage|p2a: Urshifu|25/100
|-enditem|p2a: Urshifu|Protective Pads|[from] move: Knock Off|[of] p1a: Weavile
|-damage|p1a: Weavile|71/100|[from] item: Life Orb
|move|p2a: Urshifu|Surging Strikes|p1a: Weavile
|-crit|p1a: Weavile
|-damage|p1a: Weavile|33/100
|-crit|p1a: Weavile
|-damage|p1a: Weavile|1/100
|-crit|p1a: Weavile
|-damage|p1a: Weavile|0 fnt
|faint|p1a: Weavile
|-hitcount|p1: Weavile|3
|
|upkeep
|inactive|LT94JE LOOR has 90 seconds left.
|
|t:|1661398726
|switch|p1a: Blacephalon|Blacephalon, shiny|100/100
|turn|13
|
|t:|1661398734
|move|p1a: Blacephalon|Shadow Ball|p2a: Urshifu
|-damage|p2a: Urshifu|0 fnt
|faint|p2a: Urshifu
|-ability|p1a: Blacephalon|Beast Boost|boost
|-boost|p1a: Blacephalon|spa|1
|
|upkeep
|
|t:|1661398737
|switch|p2a: Kartana|Kartana|65/100
|-damage|p2a: Kartana|59/100|[from] Stealth Rock
|-damage|p2a: Kartana|43/100|[from] Spikes
|turn|14
|
|t:|1661398744
|move|p2a: Kartana|Knock Off|p1a: Blacephalon
|-supereffective|p1a: Blacephalon
|-damage|p1a: Blacephalon|0 fnt
|-enditem|p1a: Blacephalon|Choice Scarf|[from] move: Knock Off|[of] p2a: Kartana
|faint|p1a: Blacephalon
|-ability|p2a: Kartana|Beast Boost|boost
|-boost|p2a: Kartana|atk|1
|
|upkeep
|inactive|LT94JE LOOR has 90 seconds left.
|
|t:|1661398774
|switch|p1a: Celesteela|Celesteela, shiny|100/100
|turn|15
|
|t:|1661398778
|move|p2a: Kartana|Knock Off|p1a: Celesteela
|-crit|p1a: Celesteela
|-damage|p1a: Celesteela|5/100
|-enditem|p1a: Celesteela|Power Herb|[from] move: Knock Off|[of] p2a: Kartana
|move|p1a: Celesteela|Flamethrower|p2a: Kartana
|-supereffective|p2a: Kartana
|-damage|p2a: Kartana|0 fnt
|faint|p2a: Kartana
|-ability|p1a: Celesteela|Beast Boost|boost
|-boost|p1a: Celesteela|spa|1
|
|upkeep
|
|t:|1661398781
|switch|p2a: Mew|Mew|100/100
|-damage|p2a: Mew|88/100|[from] Stealth Rock
|-damage|p2a: Mew|72/100|[from] Spikes
|turn|16
|inactive|ripreckful has 120 seconds left.
|c|☆LT94JE LOOR|this is some jank set
|c|☆LT94JE LOOR|isnt it
|
|t:|1661398840
|move|p2a: Mew|Nasty Plot|p2a: Mew
|-boost|p2a: Mew|spa|2
|move|p1a: Celesteela|Air Slash|p2a: Mew
|-damage|p2a: Mew|17/100
|
|upkeep
|turn|17
|
|t:|1661398845
|move|p2a: Mew|Vacuum Wave|p1a: Celesteela
|-damage|p1a: Celesteela|0 fnt
|faint|p1a: Celesteela
|
|upkeep
|
|t:|1661398848
|switch|p1a: Crawdaunt|Crawdaunt, M, shiny|100/100
|turn|18
|
|t:|1661398850
|move|p2a: Mew|Vacuum Wave|p1a: Crawdaunt
|-supereffective|p1a: Crawdaunt
|-damage|p1a: Crawdaunt|4/100
|move|p1a: Crawdaunt|Aqua Jet|p2a: Mew
|-damage|p2a: Mew|0 fnt
|faint|p2a: Mew
|-damage|p1a: Crawdaunt|0 fnt|[from] item: Life Orb
|faint|p1a: Crawdaunt
|
|win|LT94JE LOOR
|raw|LT94JE LOOR's rating: 1761 &rarr; <strong>1783</strong><br />(+22 for winning)
|raw|ripreckful's rating: 1790 &rarr; <strong>1768</strong><br />(-22 for losing)
|j| Celtis
|c|☆LT94JE LOOR|thank goid
|l| Celtis
|l|☆ripreckful
|j| AlIoutdragadarts
|l| AlIoutdragadarts
||Ladder isn't responding, score probably updated but might not have (Request timeout).
