|j|☆NeoNaruto®++
|j|☆Steez Ibanez
|t:|1668024314
|gametype|singles
|player|p1|NeoNaruto®++|burglar-gen1rb|1848
|player|p2|Steez Ibanez|acetrainer-gen7|1884
|teamsize|p1|6
|teamsize|p2|6
|gen|8
|tier|[Gen 8] OU
|rated|
|rule|Sleep Clause Mod: Limit one foe put to sleep
|rule|Species Clause: Limit one of each Pokémon
|rule|OHKO Clause: OHKO moves are banned
|rule|Evasion Items Clause: Evasion items are banned
|rule|Evasion Moves Clause: Evasion moves are banned
|rule|Endless Battle Clause: Forcing endless battles is banned
|rule|HP Percentage Mod: HP is shown in percentages
|rule|Dynamax Clause: You cannot dynamax
|clearpoke
|poke|p1|Landorus-Therian, M|
|poke|p1|Ferrothorn, M|
|poke|p1|Tapu Koko|
|poke|p1|Dragonite, M|
|poke|p1|Darmanitan, M|
|poke|p1|Tyranitar, F|
|poke|p2|Ninetales-Alola, M|
|poke|p2|Landorus-Therian, M|
|poke|p2|Heatran, M|
|poke|p2|Dragapult, M|
|poke|p2|Zapdos|
|poke|p2|Ferrothorn, M|
|teampreview
|inactive|Battle timer is ON: inactive players will automatically lose when time's up. (requested by Steez Ibanez)
|inactive|NeoNaruto®++ also wants the timer to be on.
|
|t:|1668024318
|start
|switch|p1a: PURRP FOR SALE|Darmanitan, M|100/100
|switch|p2a: Simba|Landorus-Therian, M|100/100
|-ability|p2a: Simba|Intimidate|boost
|-unboost|p1a: PURRP FOR SALE|atk|1
|turn|1
|j| broked on bricks
|j| CONSTANT REPEAT 7
|inactive|Steez Ibanez has 120 seconds left.
|j| cypherstest
|
|t:|1668024367
|move|p2a: Simba|Earthquake|p1a: PURRP FOR SALE
|-supereffective|p1a: PURRP FOR SALE
|-damage|p1a: PURRP FOR SALE|0 fnt
|faint|p1a: PURRP FOR SALE
|
|upkeep
|
|t:|1668024370
|switch|p1a: Bernie Landers|Landorus-Therian, M|100/100
|-ability|p1a: Bernie Landers|Intimidate|boost
|-unboost|p2a: Simba|atk|1
|turn|2
|
|t:|1668024372
|switch|p2a: Abomination|Ferrothorn, M|100/100
|move|p1a: Bernie Landers|Stealth Rock|p2a: Abomination
|-sidestart|p2: Steez Ibanez|move: Stealth Rock
|
|upkeep
|turn|3
|
|t:|1668024375
|switch|p1a: RX PAPi|Ferrothorn, M|100/100
|move|p2a: Abomination|Spikes|p1a: RX PAPi
|-sidestart|p1: NeoNaruto®++|Spikes
|
|upkeep
|turn|4
|
|t:|1668024376
|move|p1a: RX PAPi|Spikes|p2a: Abomination
|-sidestart|p2: Steez Ibanez|Spikes
|move|p2a: Abomination|Spikes|p1a: RX PAPi
|-sidestart|p1: NeoNaruto®++|Spikes
|
|upkeep
|turn|5
|
|t:|1668024378
|move|p1a: RX PAPi|Spikes|p2a: Abomination
|-sidestart|p2: Steez Ibanez|Spikes
|move|p2a: Abomination|Spikes|p1a: RX PAPi
|-sidestart|p1: NeoNaruto®++|Spikes
|
|upkeep
|turn|6
|
|t:|1668024383
|switch|p2a: Hephaestus|Heatran, M|100/100
|-damage|p2a: Hephaestus|88/100|[from] Stealth Rock
|-item|p2a: Hephaestus|Air Balloon
|move|p1a: RX PAPi|Spikes|p2a: Hephaestus
|-sidestart|p2: Steez Ibanez|Spikes
|
|upkeep
|turn|7
|
|t:|1668024387
|switch|p1a: Fat Charizard|Dragonite, M, shiny|100/100
|move|p2a: Hephaestus|Eruption|p1a: Fat Charizard
|-resisted|p1a: Fat Charizard
|-crit|p1a: Fat Charizard
|-damage|p1a: Fat Charizard|73/100
|
|upkeep
|turn|8
|
|t:|1668024390
|move|p1a: Fat Charizard|Dual Wingbeat|p2a: Hephaestus
|-resisted|p2a: Hephaestus
|-damage|p2a: Hephaestus|75/100
|-enditem|p2a: Hephaestus|Air Balloon
|-resisted|p2a: Hephaestus
|-damage|p2a: Hephaestus|64/100
|-hitcount|p2a: Hephaestus|2
|move|p2a: Hephaestus|Stealth Rock|p1a: Fat Charizard
|-sidestart|p1: NeoNaruto®++|move: Stealth Rock
|
|upkeep
|turn|9
|
|t:|1668024399
|switch|p2a: Frozen Kurama|Ninetales-Alola, M|100/100
|-damage|p2a: Frozen Kurama|76/100|[from] Stealth Rock
|-damage|p2a: Frozen Kurama|51/100|[from] Spikes
|-weather|Hail|[from] ability: Snow Warning|[of] p2a: Frozen Kurama
|move|p1a: Fat Charizard|Extreme Speed|p2a: Frozen Kurama
|-damage|p2a: Frozen Kurama|8/100
|
|-weather|Hail|[upkeep]
|-damage|p1a: Fat Charizard|66/100|[from] Hail
|upkeep
|turn|10
|
|t:|1668024403
|move|p1a: Fat Charizard|Extreme Speed|p2a: Frozen Kurama
|-damage|p2a: Frozen Kurama|0 fnt
|faint|p2a: Frozen Kurama
|
|-weather|Hail|[upkeep]
|-damage|p1a: Fat Charizard|60/100|[from] Hail
|upkeep
|
|t:|1668024425
|switch|p2a: Bolt|Zapdos|100/100
|turn|11
|
|t:|1668024439
|switch|p1a: DA LAST REX(3005)|Tyranitar, F|100/100
|-damage|p1a: DA LAST REX(3005)|75/100|[from] Spikes
|-damage|p1a: DA LAST REX(3005)|63/100|[from] Stealth Rock
|-weather|Sandstorm|[from] ability: Sand Stream|[of] p1a: DA LAST REX(3005)
|move|p2a: Bolt|Weather Ball|p1a: DA LAST REX(3005)
|-damage|p1a: DA LAST REX(3005)|55/100
|
|-weather|Sandstorm|[upkeep]
|-damage|p2a: Bolt|94/100|[from] Sandstorm
|upkeep
|turn|12
|
|t:|1668024444
|move|p2a: Bolt|Volt Switch|p1a: DA LAST REX(3005)
|-damage|p1a: DA LAST REX(3005)|45/100
|
|t:|1668024447
|switch|p2a: Hephaestus|Heatran, M|64/100|[from]move: Volt Switch
|-damage|p2a: Hephaestus|52/100|[from] Stealth Rock
|-damage|p2a: Hephaestus|27/100|[from] Spikes
|move|p1a: DA LAST REX(3005)|Stone Edge|p2a: Hephaestus|[miss]
|-miss|p1a: DA LAST REX(3005)|p2a: Hephaestus
|
|-weather|Sandstorm|[upkeep]
|upkeep
|turn|13
|
|t:|1668024449
|move|p2a: Hephaestus|Earth Power|p1a: DA LAST REX(3005)
|-supereffective|p1a: DA LAST REX(3005)
|-damage|p1a: DA LAST REX(3005)|24/100
|move|p1a: DA LAST REX(3005)|Earthquake|p2a: Hephaestus
|-supereffective|p2a: Hephaestus
|-damage|p2a: Hephaestus|0 fnt
|faint|p2a: Hephaestus
|
|-weather|Sandstorm|[upkeep]
|upkeep
|
|t:|1668024452
|switch|p2a: Simba|Landorus-Therian, M|100/100
|-damage|p2a: Simba|88/100|[from] Stealth Rock
|-ability|p2a: Simba|Intimidate|boost
|-unboost|p1a: DA LAST REX(3005)|atk|1
|turn|14
|j| 0SiegeWarfare
|
|t:|1668024459
|switch|p1a: Bernie Landers|Landorus-Therian, M|100/100
|-damage|p1a: Bernie Landers|88/100|[from] Stealth Rock
|-ability|p1a: Bernie Landers|Intimidate|boost
|-unboost|p2a: Simba|atk|1
|move|p2a: Simba|U-turn|p1a: Bernie Landers
|-resisted|p1a: Bernie Landers
|-damage|p1a: Bernie Landers|83/100
|-damage|p2a: Simba|72/100|[from] item: Rocky Helmet|[of] p1a: Bernie Landers
|
|t:|1668024462
|switch|p2a: Abomination|Ferrothorn, M|100/100|[from]move: U-turn
|-damage|p2a: Abomination|95/100|[from] Stealth Rock
|-damage|p2a: Abomination|70/100|[from] Spikes
|
|-weather|Sandstorm|[upkeep]
|upkeep
|turn|15
|
|t:|1668024469
|move|p1a: Bernie Landers|Knock Off|p2a: Abomination
|-damage|p2a: Abomination|53/100
|-damage|p1a: Bernie Landers|70/100|[from] ability: Iron Barbs|[of] p2a: Abomination
|-damage|p1a: Bernie Landers|54/100|[from] item: Rocky Helmet|[of] p2a: Abomination
|-enditem|p2a: Abomination|Rocky Helmet|[from] move: Knock Off|[of] p1a: Bernie Landers
|move|p2a: Abomination|Knock Off|p1a: Bernie Landers
|-damage|p1a: Bernie Landers|38/100
|-damage|p2a: Abomination|36/100|[from] item: Rocky Helmet|[of] p1a: Bernie Landers
|-enditem|p1a: Bernie Landers|Rocky Helmet|[from] move: Knock Off|[of] p2a: Abomination
|
|-weather|none
|upkeep
|turn|16
|
|t:|1668024472
|switch|p1a: DA LAST REX(3005)|Tyranitar, F|24/100
|-damage|p1a: DA LAST REX(3005)|0 fnt|[from] Spikes
|faint|p1a: DA LAST REX(3005)
|move|p2a: Abomination|Gyro Ball|p1: DA LAST REX(3005)|[notarget]
|-fail|p2a: Abomination
|
|upkeep
|
|t:|1668024474
|switch|p1a: Fat Charizard|Dragonite, M, shiny|60/100
|turn|17
|
|t:|1668024477
|move|p1a: Fat Charizard|Fire Punch|p2a: Abomination
|-supereffective|p2a: Abomination
|-damage|p2a: Abomination|0 fnt
|-damage|p1a: Fat Charizard|48/100|[from] ability: Iron Barbs|[of] p2a: Abomination
|faint|p2a: Abomination
|
|upkeep
|
|t:|1668024480
|switch|p2a: Toothless|Dragapult, M|100/100
|turn|18
|
|t:|1668024484
|move|p2a: Toothless|U-turn|p1a: Fat Charizard
|-resisted|p1a: Fat Charizard
|-damage|p1a: Fat Charizard|37/100
|
|t:|1668024486
|switch|p2a: Bolt|Zapdos|94/100|[from]move: U-turn
|move|p1a: Fat Charizard|Dual Wingbeat|p2a: Bolt
|-resisted|p2a: Bolt
|-damage|p2a: Bolt|85/100
|-status|p1a: Fat Charizard|par|[from] ability: Static|[of] p2a: Bolt
|-resisted|p2a: Bolt
|-damage|p2a: Bolt|75/100
|-hitcount|p2a: Bolt|2
|
|upkeep
|turn|19
|
|t:|1668024489
|switch|p1a: Bernie Landers|Landorus-Therian, M|38/100
|-damage|p1a: Bernie Landers|25/100|[from] Stealth Rock
|-ability|p1a: Bernie Landers|Intimidate|boost
|-unboost|p2a: Bolt|atk|1
|move|p2a: Bolt|Volt Switch|p1a: Bernie Landers
|-immune|p1a: Bernie Landers
|
|upkeep
|turn|20
|
|t:|1668024493
|move|p2a: Bolt|Heat Wave|p1a: Bernie Landers
|-damage|p1a: Bernie Landers|0 fnt
|faint|p1a: Bernie Landers
|
|upkeep
|
|t:|1668024495
|switch|p1a: VODECi|Tapu Koko|100/100
|-damage|p1a: VODECi|76/100|[from] Spikes
|-damage|p1a: VODECi|63/100|[from] Stealth Rock
|-fieldstart|move: Electric Terrain|[from] ability: Electric Surge|[of] p1a: VODECi
|turn|21
|
|t:|1668024501
|move|p1a: VODECi|Dazzling Gleam|p2a: Bolt
|-damage|p2a: Bolt|24/100
|move|p2a: Bolt|Roost|p2a: Bolt
|-heal|p2a: Bolt|74/100
|-singleturn|p2a: Bolt|move: Roost
|
|upkeep
|turn|22
|
|t:|1668024506
|move|p1a: VODECi|Dazzling Gleam|p2a: Bolt
|-damage|p2a: Bolt|19/100
|move|p2a: Bolt|Roost|p2a: Bolt
|-heal|p2a: Bolt|69/100
|-singleturn|p2a: Bolt|move: Roost
|
|upkeep
|turn|23
|
|t:|1668024510
|move|p1a: VODECi|Dazzling Gleam|p2a: Bolt
|-damage|p2a: Bolt|18/100
|move|p2a: Bolt|Volt Switch|p1a: VODECi
|-resisted|p1a: VODECi
|-damage|p1a: VODECi|39/100
|
|t:|1668024512
|switch|p2a: Simba|Landorus-Therian, M|72/100|[from]move: Volt Switch
|-damage|p2a: Simba|59/100|[from] Stealth Rock
|-ability|p2a: Simba|Intimidate|boost
|-unboost|p1a: VODECi|atk|1
|
|upkeep
|turn|24
|
|t:|1668024520
|switch|p1a: Fat Charizard|Dragonite, M, shiny|37/100 par
|move|p2a: Simba|U-turn|p1a: Fat Charizard
|-resisted|p1a: Fat Charizard
|-damage|p1a: Fat Charizard|22/100 par
|
|t:|1668024526
|switch|p2a: Bolt|Zapdos|18/100|[from]move: U-turn
|
|upkeep
|turn|25
|
|t:|1668024529
|move|p1a: Fat Charizard|Extreme Speed|p2a: Bolt
|-damage|p2a: Bolt|0 fnt
|faint|p2a: Bolt
|
|-fieldend|move: Electric Terrain
|upkeep
|
|t:|1668024530
|switch|p2a: Toothless|Dragapult, M|100/100
|turn|26
|
|t:|1668024532
|move|p2a: Toothless|Hex|p1a: Fat Charizard
|-damage|p1a: Fat Charizard|0 fnt
|faint|p1a: Fat Charizard
|
|upkeep
|
|t:|1668024536
|switch|p1a: RX PAPi|Ferrothorn, M|100/100
|-damage|p1a: RX PAPi|75/100|[from] Spikes
|-damage|p1a: RX PAPi|69/100|[from] Stealth Rock
|turn|27
|
|t:|1668024538
|move|p2a: Toothless|Thunder Wave|p1a: RX PAPi
|-status|p1a: RX PAPi|par
|move|p1a: RX PAPi|Leech Seed|p2a: Toothless
|-start|p2a: Toothless|move: Leech Seed
|
|-damage|p2a: Toothless|88/100|[from] Leech Seed|[of] p1a: RX PAPi
|-heal|p1a: RX PAPi|80/100 par|[silent]
|upkeep
|turn|28
|
|t:|1668024541
|cant|p1a: RX PAPi|par
|move|p2a: Toothless|Hex|p1a: RX PAPi
|-damage|p1a: RX PAPi|31/100 par
|
|-damage|p2a: Toothless|76/100|[from] Leech Seed|[of] p1a: RX PAPi
|-heal|p1a: RX PAPi|42/100 par|[silent]
|upkeep
|turn|29
|
|t:|1668024543
|cant|p1a: RX PAPi|par
|move|p2a: Toothless|Hex|p1a: RX PAPi
|-damage|p1a: RX PAPi|0 fnt
|faint|p1a: RX PAPi
|
|upkeep
|
|t:|1668024545
|switch|p1a: VODECi|Tapu Koko|39/100
|-damage|p1a: VODECi|14/100|[from] Spikes
|-damage|p1a: VODECi|1/100|[from] Stealth Rock
|-fieldstart|move: Electric Terrain|[from] ability: Electric Surge|[of] p1a: VODECi
|turn|30
|
|t:|1668024548
|move|p2a: Toothless|Hex|p1a: VODECi
|-damage|p1a: VODECi|0 fnt
|faint|p1a: VODECi
|
|win|Steez Ibanez
|raw|NeoNaruto®++'s rating: 1848 &rarr; <strong>1829</strong><br />(-19 for losing)
|raw|Steez Ibanez's rating: 1860 &rarr; <strong>1879</strong><br />(+19 for winning)
|l|☆NeoNaruto®++
|l|☆Steez Ibanez
||Ladder isn't responding, score probably updated but might not have (Request timeout).
|l| cypherstest
|l| 0SiegeWarfare
