|j|☆Chickpiee
|j|☆TeamCharm69
|t:|1616163052
|player|p1|Chickpiee|caitlin|
|player|p2|TeamCharm69|nurse|
|teamsize|p1|6
|teamsize|p2|6
|gametype|singles
|gen|8
|tier|[Gen 8] OU
|rated|Tournament battle
|clearpoke
|poke|p1|Tapu Koko|
|poke|p1|Urshifu-*, F|
|poke|p1|Slowking-Galar, M|
|poke|p1|Mandibuzz, F|
|poke|p1|Ferrothorn, F|
|poke|p1|Landorus-Therian, M|
|poke|p2|Ninetales-Alola, M|
|poke|p2|Zeraora|
|poke|p2|Zarude|
|poke|p2|Bisharp, M|
|poke|p2|Togekiss, M|
|poke|p2|Necrozma|
|rule|Sleep Clause Mod: Limit one foe put to sleep
|rule|Species Clause: Limit one of each Pokémon
|rule|OHKO Clause: OHKO moves are banned
|rule|Evasion Moves Clause: Evasion moves are banned
|rule|Endless Battle Clause: Forcing endless battles is banned
|rule|HP Percentage Mod: HP is shown in percentages
|rule|Dynamax Clause: You cannot dynamax
|teampreview
|j|*Lady Monita
|c|☆TeamCharm69|hf
|inactive|Battle timer is ON: inactive players will automatically lose when time's up. (requested by Chickpiee)
|
|t:|1616163076
|start
|switch|p1a: Tapu Koko|Tapu Koko|100/100
|switch|p2a: Ninetales|Ninetales-Alola, M|100/100
|-fieldstart|move: Electric Terrain|[from] ability: Electric Surge|[of] p1a: Tapu Koko
|-weather|Hail|[from] ability: Snow Warning|[of] p2a: Ninetales
|turn|1
|c|☆Chickpiee|hf
|
|t:|1616163081
|move|p1a: Tapu Koko|Thunderbolt|p2a: Ninetales
|-damage|p2a: Ninetales|53/100
|move|p2a: Ninetales|Aurora Veil|p2a: Ninetales
|-sidestart|p2: TeamCharm69|move: Aurora Veil
|
|-weather|Hail|[upkeep]
|-damage|p1a: Tapu Koko|94/100|[from] Hail
|upkeep
|turn|2
|
|t:|1616163087
|switch|p2a: Zeraora|Zeraora|100/100
|move|p1a: Tapu Koko|U-turn|p2a: Zeraora
|-damage|p2a: Zeraora|89/100
|
|t:|1616163091
|switch|p1a: Landorus|Landorus-Therian, M|100/100|[from]move: U-turn
|-ability|p1a: Landorus|Intimidate|boost
|-unboost|p2a: Zeraora|atk|1
|
|-weather|Hail|[upkeep]
|-damage|p2a: Zeraora|83/100|[from] Hail
|-damage|p1a: Landorus|94/100|[from] Hail
|-heal|p1a: Landorus|100/100|[from] item: Leftovers
|upkeep
|turn|3
|
|t:|1616163103
|switch|p2a: Zarude|Zarude|100/100
|move|p1a: Landorus|Toxic|p2a: Zarude
|-status|p2a: Zarude|tox
|
|-weather|Hail|[upkeep]
|-damage|p2a: Zarude|95/100 tox|[from] Hail
|-damage|p1a: Landorus|94/100|[from] Hail
|-heal|p1a: Landorus|100/100|[from] item: Leftovers
|-damage|p2a: Zarude|89/100 tox|[from] psn
|upkeep
|turn|4
|
|t:|1616163111
|move|p2a: Zarude|Bulk Up|p2a: Zarude
|-boost|p2a: Zarude|atk|1
|-boost|p2a: Zarude|def|1
|move|p1a: Landorus|Stealth Rock|p2a: Zarude
|-sidestart|p2: TeamCharm69|move: Stealth Rock
|
|-weather|Hail|[upkeep]
|-damage|p2a: Zarude|83/100 tox|[from] Hail
|-damage|p1a: Landorus|94/100|[from] Hail
|-heal|p1a: Landorus|100/100|[from] item: Leftovers
|-damage|p2a: Zarude|71/100 tox|[from] psn
|upkeep
|turn|5
|
|t:|1616163114
|move|p2a: Zarude|Jungle Healing|p2a: Zarude
|-heal|p2a: Zarude|96/100 tox
|-curestatus|p2a: Zarude|tox|[msg]
|move|p1a: Landorus|U-turn|p2a: Zarude
|-supereffective|p2a: Zarude
|-damage|p2a: Zarude|66/100
|-enditem|p2a: Zarude|Weakness Policy
|-boost|p2a: Zarude|atk|2|[from] item: Weakness Policy
|-boost|p2a: Zarude|spa|2|[from] item: Weakness Policy
|
|t:|1616163123
|switch|p1a: Mandibuzz|Mandibuzz, F|100/100|[from]move: U-turn
|
|-weather|none
|-fieldend|move: Electric Terrain
|upkeep
|turn|6
|
|t:|1616163130
|move|p2a: Zarude|Bulk Up|p2a: Zarude
|-boost|p2a: Zarude|atk|1
|-boost|p2a: Zarude|def|1
|move|p1a: Mandibuzz|U-turn|p2a: Zarude
|-supereffective|p2a: Zarude
|-damage|p2a: Zarude|55/100
|
|t:|1616163133
|switch|p1a: Landorus|Landorus-Therian, M|100/100|[from]move: U-turn
|-ability|p1a: Landorus|Intimidate|boost
|-unboost|p2a: Zarude|atk|1
|
|upkeep
|turn|7
|
|t:|1616163138
|switch|p1a: Mandibuzz|Mandibuzz, F|100/100
|move|p2a: Zarude|Jungle Healing|p2a: Zarude
|-heal|p2a: Zarude|80/100
|
|upkeep
|turn|8
|
|t:|1616163144
|move|p2a: Zarude|Power Whip|p1a: Mandibuzz
|-resisted|p1a: Mandibuzz
|-damage|p1a: Mandibuzz|59/100
|move|p1a: Mandibuzz|Foul Play|p2a: Zarude
|-resisted|p2a: Zarude
|-damage|p2a: Zarude|67/100
|
|-sideend|p2: TeamCharm69|move: Aurora Veil
|upkeep
|turn|9
|
|t:|1616163150
|move|p2a: Zarude|Bulk Up|p2a: Zarude
|-boost|p2a: Zarude|atk|1
|-boost|p2a: Zarude|def|1
|move|p1a: Mandibuzz|U-turn|p2a: Zarude
|-supereffective|p2a: Zarude
|-damage|p2a: Zarude|50/100
|
|t:|1616163153
|switch|p1a: Tapu Koko|Tapu Koko|94/100|[from]move: U-turn
|-fieldstart|move: Electric Terrain|[from] ability: Electric Surge|[of] p1a: Tapu Koko
|
|upkeep
|turn|10
|j| imjustgray
|inactive|TeamCharm69 has 120 seconds left.
|j| ban drizzle lol
|j| Senhor peixe
|inactive|TeamCharm69 has 90 seconds left.
|l| imjustgray
|
|t:|1616163217
|move|p1a: Tapu Koko|Dazzling Gleam|p2a: Zarude
|-supereffective|p2a: Zarude
|-damage|p2a: Zarude|0 fnt
|faint|p2a: Zarude
|
|upkeep
|inactive|TeamCharm69 has 90 seconds left.
|
|t:|1616163231
|switch|p2a: Necrozma|Necrozma|100/100
|-damage|p2a: Necrozma|88/100|[from] Stealth Rock
|turn|11
|
|t:|1616163253
|switch|p1a: Slowking|Slowking-Galar, M|100/100
|move|p2a: Necrozma|Dragon Dance|p2a: Necrozma
|-boost|p2a: Necrozma|atk|1
|-boost|p2a: Necrozma|spe|1
|
|upkeep
|turn|12
|
|t:|1616163258
|switch|p1a: Landorus|Landorus-Therian, M|100/100
|-ability|p1a: Landorus|Intimidate|boost
|-unboost|p2a: Necrozma|atk|1
|move|p2a: Necrozma|Knock Off|p1a: Landorus
|-damage|p1a: Landorus|78/100
|-enditem|p1a: Landorus|Leftovers|[from] move: Knock Off|[of] p2a: Necrozma
|
|upkeep
|turn|13
|
|t:|1616163261
|move|p2a: Necrozma|Dragon Dance|p2a: Necrozma
|-boost|p2a: Necrozma|atk|1
|-boost|p2a: Necrozma|spe|1
|move|p1a: Landorus|Toxic|p2a: Necrozma
|-status|p2a: Necrozma|tox
|
|-damage|p2a: Necrozma|82/100 tox|[from] psn
|-fieldend|move: Electric Terrain
|upkeep
|turn|14
|
|t:|1616163266
|switch|p1a: Mandibuzz|Mandibuzz, F|59/100
|move|p2a: Necrozma|Photon Geyser|p1a: Mandibuzz
|-immune|p1a: Mandibuzz
|
|-damage|p2a: Necrozma|70/100 tox|[from] psn
|upkeep
|turn|15
|
|t:|1616163269
|switch|p2a: Ninetales|Ninetales-Alola, M|53/100
|-damage|p2a: Ninetales|28/100|[from] Stealth Rock
|-weather|Hail|[from] ability: Snow Warning|[of] p2a: Ninetales
|move|p1a: Mandibuzz|Roost|p1a: Mandibuzz
|-heal|p1a: Mandibuzz|100/100
|-singleturn|p1a: Mandibuzz|move: Roost
|
|-weather|Hail|[upkeep]
|upkeep
|turn|16
|l| ban drizzle lol
|
|t:|1616163275
|move|p2a: Ninetales|Aurora Veil|p2a: Ninetales
|-sidestart|p2: TeamCharm69|move: Aurora Veil
|move|p1a: Mandibuzz|U-turn|p2a: Ninetales
|-resisted|p2a: Ninetales
|-damage|p2a: Ninetales|25/100
|l| Senhor peixe
|
|t:|1616163288
|switch|p1a: Slowking|Slowking-Galar, M|100/100|[from]move: U-turn
|
|-weather|Hail|[upkeep]
|-damage|p1a: Slowking|94/100|[from] Hail
|upkeep
|turn|17
|
|t:|1616163297
|switch|p2a: Bisharp|Bisharp, M|100/100
|-damage|p2a: Bisharp|95/100|[from] Stealth Rock
|move|p1a: Slowking|Future Sight|p2a: Bisharp
|-start|p1a: Slowking|move: Future Sight
|
|-weather|Hail|[upkeep]
|-damage|p2a: Bisharp|89/100|[from] Hail
|-damage|p1a: Slowking|88/100|[from] Hail
|upkeep
|turn|18
|
|t:|1616163310
|switch|p1a: Urshifu|Urshifu-Rapid-Strike, F, shiny|100/100
|move|p2a: Bisharp|Swords Dance|p2a: Bisharp
|-boost|p2a: Bisharp|atk|2
|
|-weather|Hail|[upkeep]
|-damage|p1a: Urshifu|94/100|[from] Hail
|-damage|p2a: Bisharp|83/100|[from] Hail
|upkeep
|turn|19
|
|t:|1616163316
|move|p2a: Bisharp|Sucker Punch|p1a: Urshifu
|-resisted|p1a: Urshifu
|-damage|p1a: Urshifu|44/100
|-damage|p2a: Bisharp|73/100|[from] item: Life Orb
|move|p1a: Urshifu|Surging Strikes|p2a: Bisharp
|-crit|p2a: Bisharp
|-damage|p2a: Bisharp|33/100
|-crit|p2a: Bisharp
|-damage|p2a: Bisharp|0 fnt
|-hitcount|p2a: Bisharp|2
|faint|p2a: Bisharp
|
|-weather|none
|-hint|Future Sight did not hit because the target is fainted.
|upkeep
|
|t:|1616163321
|switch|p2a: Zeraora|Zeraora|83/100
|-damage|p2a: Zeraora|71/100|[from] Stealth Rock
|turn|20
|j| Harshal~08
|
|t:|1616163347
|switch|p1a: Landorus|Landorus-Therian, M|78/100
|-ability|p1a: Landorus|Intimidate|boost
|-unboost|p2a: Zeraora|atk|1
|move|p2a: Zeraora|Knock Off|p1a: Landorus
|-damage|p1a: Landorus|63/100
|-damage|p2a: Zeraora|61/100|[from] item: Life Orb
|
|upkeep
|turn|21
|
|t:|1616163357
|switch|p2a: Necrozma|Necrozma|70/100 tox
|-damage|p2a: Necrozma|58/100 tox|[from] Stealth Rock
|move|p1a: Landorus|Toxic|p2a: Necrozma
|-fail|p2a: Necrozma|tox
|
|-damage|p2a: Necrozma|52/100 tox|[from] psn
|upkeep
|turn|22
|
|t:|1616163366
|switch|p1a: Mandibuzz|Mandibuzz, F|100/100
|move|p2a: Necrozma|Knock Off|p1a: Mandibuzz
|-resisted|p1a: Mandibuzz
|-damage|p1a: Mandibuzz|92/100
|-enditem|p1a: Mandibuzz|Heavy-Duty Boots|[from] move: Knock Off|[of] p2a: Necrozma
|
|-damage|p2a: Necrozma|39/100 tox|[from] psn
|upkeep
|turn|23
|
|t:|1616163378
|switch|p2a: Zeraora|Zeraora|61/100
|-damage|p2a: Zeraora|48/100|[from] Stealth Rock
|move|p1a: Mandibuzz|U-turn|p2a: Zeraora
|-damage|p2a: Zeraora|40/100
|
|t:|1616163387
|switch|p1a: Landorus|Landorus-Therian, M|63/100|[from]move: U-turn
|-ability|p1a: Landorus|Intimidate|boost
|-unboost|p2a: Zeraora|atk|1
|
|-sideend|p2: TeamCharm69|move: Aurora Veil
|upkeep
|turn|24
|
|t:|1616163402
|move|p2a: Zeraora|Grass Knot|p1a: Landorus
|-damage|p1a: Landorus|37/100
|-damage|p2a: Zeraora|30/100|[from] item: Life Orb
|move|p1a: Landorus|Earthquake|p2a: Zeraora
|-supereffective|p2a: Zeraora
|-crit|p2a: Zeraora
|-damage|p2a: Zeraora|0 fnt
|faint|p2a: Zeraora
|
|upkeep
|
|t:|1616163405
|switch|p2a: Ninetales|Ninetales-Alola, M|25/100
|-damage|p2a: Ninetales|0 fnt|[from] Stealth Rock
|faint|p2a: Ninetales
|j| Jenkobeans
|
|t:|1616163410
|switch|p2a: Togekiss|Togekiss, M|100/100
|-damage|p2a: Togekiss|76/100|[from] Stealth Rock
|turn|25
|
|t:|1616163416
|move|p2a: Togekiss|Ancient Power|p1a: Landorus
|-damage|p1a: Landorus|20/100
|move|p1a: Landorus|U-turn|p2a: Togekiss
|-resisted|p2a: Togekiss
|-damage|p2a: Togekiss|70/100
|c|☆Chickpiee|ok
|c|☆Chickpiee|that wud have been bad
|
|t:|1616163432
|switch|p1a: Tapu Koko|Tapu Koko|94/100|[from]move: U-turn
|-fieldstart|move: Electric Terrain|[from] ability: Electric Surge|[of] p1a: Tapu Koko
|
|upkeep
|turn|26
|c|☆TeamCharm69|that was my wincon
|c|☆TeamCharm69|shoulda tried
|c|☆Chickpiee|yea i get it
|c|☆TeamCharm69|to set it up sooner tbh
|c|☆Chickpiee|wp
|l| Jenkobeans
|c|☆TeamCharm69|just didnt wanna get a toxic from lando
|c|☆TeamCharm69|gg
|c|☆Chickpiee|still i think u needed a luck on Koko
|inactive|Chickpiee has 120 seconds left.
|c|☆Chickpiee|and galar king as well
|j| Jenkobeans
|c|☆TeamCharm69|!showset, 5
|c| TeamCharm69|/raw <div class="infobox">Togekiss @ Weakness Policy<br />Ability: Serene Grace<br />EVs: 252 hp / 4 spd / 252 spe<br />Timid Nature<br />IVs: 0 atk<br />- Roost<br />- Air Slash<br />- Flamethrower<br />- Ancient Power<br /><br /></div>
|
|t:|1616163470
|move|p1a: Tapu Koko|Thunderbolt|p2a: Togekiss
|-supereffective|p2a: Togekiss
|-damage|p2a: Togekiss|0 fnt
|faint|p2a: Togekiss
|
|upkeep
|c|☆Chickpiee|cool set
|c|☆TeamCharm69|i could 1v1 gking
|c|☆TeamCharm69|but ye
|c|☆TeamCharm69|ggs
|-message|TeamCharm69 forfeited.
|
|win|Chickpiee
|n|☆Chickpiee|chickpiee
|n|☆TeamCharm69|teamcharm69
|n|*Lady Monita|ladymonita
|n| Harshal~08|harshal08
|n| Jenkobeans|jenkobeans
|l|*Lady Monita
