|j|☆HeavenAllAroundMe
|j|☆Meroz
|player|p1|HeavenAllAroundMe|2|1890
|player|p2|Meroz|101|1876
|teamsize|p1|6
|teamsize|p2|6
|gametype|singles
|gen|8
|tier|[Gen 8] OU
|rated|
|clearpoke
|poke|p1|Volcarona, F|
|poke|p1|Urshifu-*, M|
|poke|p1|Torkoal, F|
|poke|p1|Magearna|
|poke|p1|Venusaur, M|
|poke|p1|Corviknight, F|
|poke|p2|Gengar, M|
|poke|p2|Magearna|
|poke|p2|Kommo-o, F|
|poke|p2|Terrakion|
|poke|p2|Comfey, M|
|poke|p2|Cinderace, F|
|rule|Sleep Clause Mod: Limit one foe put to sleep
|rule|Species Clause: Limit one of each Pokémon
|rule|OHKO Clause: OHKO moves are banned
|rule|Evasion Moves Clause: Evasion moves are banned
|rule|Endless Battle Clause: Forcing endless battles is banned
|rule|HP Percentage Mod: HP is shown in percentages
|rule|Dynamax Clause: You cannot dynamax
|teampreview
|j| lol nice dc pc
|inactive|Battle timer is ON: inactive players will automatically lose when time's up. (requested by HeavenAllAroundMe)
|j| dwawdwf
|
|start
|switch|p1a: Torkoal|Torkoal, F|100/100
|switch|p2a: Kommo-o|Kommo-o, F|100/100
|-weather|SunnyDay|[from] ability: Drought|[of] p1a: Torkoal
|turn|1
|
|move|p2a: Kommo-o|Toxic|p1a: Torkoal
|-status|p1a: Torkoal|tox
|move|p1a: Torkoal|Toxic|p2a: Kommo-o
|-status|p2a: Kommo-o|tox
|
|-weather|SunnyDay|[upkeep]
|-damage|p2a: Kommo-o|94/100 tox|[from] psn
|-damage|p1a: Torkoal|94/100 tox|[from] psn
|upkeep
|turn|2
|j| Gronkledurr
|
|switch|p1a: Corviknight|Corviknight, F|100/100
|-ability|p1a: Corviknight|Pressure
|move|p2a: Kommo-o|Stealth Rock|p1a: Corviknight
|-sidestart|p1: HeavenAllAroundMe|move: Stealth Rock
|
|-weather|SunnyDay|[upkeep]
|-heal|p2a: Kommo-o|100/100 tox|[from] item: Leftovers
|-damage|p2a: Kommo-o|88/100 tox|[from] psn
|upkeep
|turn|3
|
|switch|p2a: Gengar|Gengar, M|100/100
|move|p1a: Corviknight|U-turn|p2a: Gengar
|-resisted|p2a: Gengar
|-damage|p2a: Gengar|93/100
|-start|p1a: Corviknight|Disable|U-turn|[from] ability: Cursed Body|[of] p2a: Gengar
|
|switch|p1a: Venusaur|Venusaur, M|100/100|[from]move: U-turn
|-damage|p1a: Venusaur|88/100|[from] Stealth Rock
|
|-weather|SunnyDay|[upkeep]
|-heal|p2a: Gengar|99/100|[from] item: Black Sludge
|upkeep
|turn|4
|
|switch|p2a: Kommo-o|Kommo-o, F|88/100 tox
|move|p1a: Venusaur|Weather Ball|p2a: Kommo-o
|-immune|p2a: Kommo-o|[from] ability: Bulletproof
|
|-weather|SunnyDay|[upkeep]
|-heal|p2a: Kommo-o|94/100 tox|[from] item: Leftovers
|-damage|p2a: Kommo-o|88/100 tox|[from] psn
|upkeep
|turn|5
|j| Fakery King
|
|move|p1a: Venusaur|Growth|p1a: Venusaur
|-boost|p1a: Venusaur|atk|2
|-boost|p1a: Venusaur|spa|2
|move|p2a: Kommo-o|Earthquake|p1a: Venusaur
|-damage|p1a: Venusaur|58/100
|
|-weather|SunnyDay|[upkeep]
|-heal|p2a: Kommo-o|94/100 tox|[from] item: Leftovers
|-damage|p2a: Kommo-o|82/100 tox|[from] psn
|upkeep
|turn|6
|
|move|p1a: Venusaur|Giga Drain|p2a: Kommo-o
|-resisted|p2a: Kommo-o
|-damage|p2a: Kommo-o|38/100 tox
|-heal|p1a: Venusaur|84/100|[from] drain|[of] p2a: Kommo-o
|-damage|p1a: Venusaur|74/100|[from] item: Life Orb
|move|p2a: Kommo-o|Body Press|p1a: Venusaur
|-resisted|p1a: Venusaur
|-damage|p1a: Venusaur|45/100
|
|-weather|SunnyDay|[upkeep]
|-heal|p2a: Kommo-o|44/100 tox|[from] item: Leftovers
|-damage|p2a: Kommo-o|25/100 tox|[from] psn
|upkeep
|turn|7
|
|switch|p2a: Magearna|Magearna|100/100
|move|p1a: Venusaur|Giga Drain|p2a: Magearna
|-resisted|p2a: Magearna
|-damage|p2a: Magearna|69/100
|-heal|p1a: Venusaur|64/100|[from] drain|[of] p2a: Magearna
|-damage|p1a: Venusaur|54/100|[from] item: Life Orb
|
|-weather|SunnyDay|[upkeep]
|upkeep
|turn|8
|
|switch|p2a: Kommo-o|Kommo-o, F|25/100 tox
|move|p1a: Venusaur|Giga Drain|p2a: Kommo-o
|-resisted|p2a: Kommo-o
|-damage|p2a: Kommo-o|0 fnt
|-heal|p1a: Venusaur|69/100|[from] drain|[of] p2a: Kommo-o
|-damage|p1a: Venusaur|59/100|[from] item: Life Orb
|faint|p2a: Kommo-o
|
|-weather|none
|upkeep
|
|switch|p2a: Cinderace|Cinderace, F|100/100
|turn|9
|
|switch|p1a: Torkoal|Torkoal, F|94/100 tox
|-damage|p1a: Torkoal|70/100 tox|[from] Stealth Rock
|-weather|SunnyDay|[from] ability: Drought|[of] p1a: Torkoal
|move|p2a: Cinderace|Pyro Ball|p1a: Torkoal
|-resisted|p1a: Torkoal
|-damage|p1a: Torkoal|43/100 tox
|
|-weather|SunnyDay|[upkeep]
|-damage|p1a: Torkoal|37/100 tox|[from] psn
|upkeep
|turn|10
|
|move|p2a: Cinderace|Gunk Shot|p1a: Torkoal
|-start|p2a: Cinderace|typechange|Poison|[from] ability: Libero
|-damage|p1a: Torkoal|7/100 tox
|move|p1a: Torkoal|Stealth Rock|p2a: Cinderace
|-sidestart|p2: Meroz|move: Stealth Rock
|
|-weather|SunnyDay|[upkeep]
|-damage|p1a: Torkoal|0 fnt|[from] psn
|faint|p1a: Torkoal
|upkeep
|
|switch|p1a: Venusaur|Venusaur, M|59/100
|-damage|p1a: Venusaur|46/100|[from] Stealth Rock
|turn|11
|
|switch|p2a: Terrakion|Terrakion|100/100
|-damage|p2a: Terrakion|94/100|[from] Stealth Rock
|move|p1a: Venusaur|Weather Ball|p2a: Terrakion
|-resisted|p2a: Terrakion
|-damage|p2a: Terrakion|56/100
|-damage|p1a: Venusaur|36/100|[from] item: Life Orb
|
|-weather|SunnyDay|[upkeep]
|upkeep
|turn|12
|
|move|p2a: Terrakion|Rock Slide|p1a: Venusaur
|-damage|p1a: Venusaur|0 fnt
|faint|p1a: Venusaur
|
|-weather|SunnyDay|[upkeep]
|upkeep
|
|switch|p1a: Urshifu|Urshifu, M|100/100
|-damage|p1a: Urshifu|94/100|[from] Stealth Rock
|turn|13
|
|switch|p2a: Magearna|Magearna|69/100
|-damage|p2a: Magearna|63/100|[from] Stealth Rock
|switch|p1a: Volcarona|Volcarona, F|100/100
|
|-weather|SunnyDay|[upkeep]
|upkeep
|turn|14
|j| Emrazz
|j| 47dhd
|
|move|p1a: Volcarona|Fire Blast|p2a: Magearna
|-supereffective|p2a: Magearna
|-damage|p2a: Magearna|0 fnt
|faint|p2a: Magearna
|
|-weather|SunnyDay|[upkeep]
|upkeep
|j| Unlucky account
|
|switch|p2a: Cinderace|Cinderace, F|100/100
|turn|15
|j| Halfking
|
|move|p2a: Cinderace|Pyro Ball|p1a: Volcarona
|-damage|p1a: Volcarona|0 fnt
|faint|p1a: Volcarona
|
|-weather|SunnyDay|[upkeep]
|upkeep
|
|switch|p1a: Urshifu|Urshifu, M|94/100
|-damage|p1a: Urshifu|88/100|[from] Stealth Rock
|turn|16
|
|switch|p2a: Comfey|Comfey, M|100/100
|-damage|p2a: Comfey|88/100|[from] Stealth Rock
|move|p1a: Urshifu|Sucker Punch||[still]
|-fail|p1a: Urshifu
|
|-weather|none
|upkeep
|turn|17
|l| Gronkledurr
|
|switch|p1a: Magearna|Magearna|100/100
|-damage|p1a: Magearna|94/100|[from] Stealth Rock
|move|p2a: Comfey|Calm Mind|p2a: Comfey
|-boost|p2a: Comfey|spa|1
|-boost|p2a: Comfey|spd|1
|
|upkeep
|turn|18
|j| addictedtomethlol
|
|move|p2a: Comfey|Calm Mind|p2a: Comfey
|-boost|p2a: Comfey|spa|1
|-boost|p2a: Comfey|spd|1
|move|p1a: Magearna|Flash Cannon|p2a: Comfey
|-supereffective|p2a: Comfey
|-damage|p2a: Comfey|54/100
|
|upkeep
|turn|19
|
|move|p2a: Comfey|Draining Kiss|p1a: Magearna
|-resisted|p1a: Magearna
|-damage|p1a: Magearna|83/100
|-heal|p2a: Comfey|64/100|[from] drain|[of] p1a: Magearna
|-damage|p2a: Comfey|54/100|[from] item: Life Orb
|move|p1a: Magearna|Flash Cannon|p2a: Comfey
|-supereffective|p2a: Comfey
|-damage|p2a: Comfey|15/100
|
|upkeep
|turn|20
|
|move|p2a: Comfey|Encore|p1a: Magearna
|-start|p1a: Magearna|Encore
|move|p1a: Magearna|Flash Cannon|p2a: Comfey
|-supereffective|p2a: Comfey
|-damage|p2a: Comfey|0 fnt
|faint|p2a: Comfey
|-ability|p1a: Magearna|Soul-Heart|boost
|-boost|p1a: Magearna|spa|1
|
|upkeep
|
|switch|p2a: Cinderace|Cinderace, F|100/100
|turn|21
|j| bison33
|
|move|p2a: Cinderace|Pyro Ball|p1a: Magearna
|-supereffective|p1a: Magearna
|-damage|p1a: Magearna|0 fnt
|faint|p1a: Magearna
|
|upkeep
|
|switch|p1a: Urshifu|Urshifu, M|88/100
|-damage|p1a: Urshifu|82/100|[from] Stealth Rock
|turn|22
|l| Emrazz
|
|switch|p2a: Terrakion|Terrakion|56/100
|-damage|p2a: Terrakion|50/100|[from] Stealth Rock
|move|p1a: Urshifu|Bulk Up|p1a: Urshifu
|-boost|p1a: Urshifu|atk|1
|-boost|p1a: Urshifu|def|1
|
|upkeep
|turn|23
|inactive|HeavenAllAroundMe has 120 seconds left.
|
|switch|p1a: Corviknight|Corviknight, F|100/100
|-damage|p1a: Corviknight|88/100|[from] Stealth Rock
|-ability|p1a: Corviknight|Pressure
|move|p2a: Terrakion|Close Combat|p1a: Corviknight
|-crit|p1a: Corviknight
|-damage|p1a: Corviknight|31/100
|-unboost|p2a: Terrakion|def|1
|-unboost|p2a: Terrakion|spd|1
|
|-heal|p1a: Corviknight|37/100|[from] item: Leftovers
|upkeep
|turn|24
|
|switch|p2a: Cinderace|Cinderace, F|100/100
|move|p1a: Corviknight|Roost|p1a: Corviknight
|-heal|p1a: Corviknight|87/100
|-singleturn|p1a: Corviknight|move: Roost
|
|-heal|p1a: Corviknight|93/100|[from] item: Leftovers
|upkeep
|turn|25
|
|move|p2a: Cinderace|Pyro Ball|p1a: Corviknight
|-supereffective|p1a: Corviknight
|-damage|p1a: Corviknight|23/100
|-status|p1a: Corviknight|brn
|move|p1a: Corviknight|Roost|p1a: Corviknight
|-heal|p1a: Corviknight|73/100 brn
|-singleturn|p1a: Corviknight|move: Roost
|
|-heal|p1a: Corviknight|79/100 brn|[from] item: Leftovers
|-damage|p1a: Corviknight|73/100 brn|[from] brn
|upkeep
|turn|26
|c|☆HeavenAllAroundMe|ah
|c|☆HeavenAllAroundMe|gg
|
|move|p2a: Cinderace|Pyro Ball|p1a: Corviknight|[miss]
|-miss|p2a: Cinderace|p1a: Corviknight
|move|p1a: Corviknight|Roost|p1a: Corviknight
|-heal|p1a: Corviknight|100/100 brn
|-singleturn|p1a: Corviknight|move: Roost
|
|-damage|p1a: Corviknight|94/100 brn|[from] brn
|upkeep
|turn|27
|c| dwawdwf|am i a shitty person if i want to know the movesets and Es on these pokemon
|
|move|p2a: Cinderace|U-turn|p1a: Corviknight
|-start|p2a: Cinderace|typechange|Bug|[from] ability: Libero
|-resisted|p1a: Corviknight
|-damage|p1a: Corviknight|90/100 brn
|
|switch|p2a: Gengar|Gengar, M|99/100|[from]move: U-turn
|-damage|p2a: Gengar|87/100|[from] Stealth Rock
|move|p1a: Corviknight|Roost|p1a: Corviknight
|-heal|p1a: Corviknight|100/100 brn
|-singleturn|p1a: Corviknight|move: Roost
|
|-heal|p2a: Gengar|93/100|[from] item: Black Sludge
|-damage|p1a: Corviknight|94/100 brn|[from] brn
|upkeep
|turn|28
|c| dwawdwf|Evs*
|l| 47dhd
|
|move|p2a: Gengar|Substitute|p2a: Gengar
|-start|p2a: Gengar|Substitute
|-damage|p2a: Gengar|68/100
|move|p1a: Corviknight|U-turn|p2a: Gengar
|-resisted|p2a: Gengar
|-crit|p2a: Gengar
|-activate|p2a: Gengar|move: Substitute|[damage]
|
|switch|p1a: Urshifu|Urshifu, M|82/100|[from]move: U-turn
|-damage|p1a: Urshifu|76/100|[from] Stealth Rock
|
|-heal|p2a: Gengar|74/100|[from] item: Black Sludge
|upkeep
|turn|29
|
|switch|p1a: Corviknight|Corviknight, F|94/100 brn
|-damage|p1a: Corviknight|82/100 brn|[from] Stealth Rock
|-ability|p1a: Corviknight|Pressure
|move|p2a: Gengar|Nasty Plot|p2a: Gengar
|-boost|p2a: Gengar|spa|2
|
|-heal|p2a: Gengar|81/100|[from] item: Black Sludge
|-heal|p1a: Corviknight|88/100 brn|[from] item: Leftovers
|-damage|p1a: Corviknight|82/100 brn|[from] brn
|upkeep
|turn|30
|
|move|p2a: Gengar|Shadow Ball|p1a: Corviknight
|-damage|p1a: Corviknight|6/100 brn
|move|p1a: Corviknight|Brave Bird|p2a: Gengar
|-end|p2a: Gengar|Substitute
|-damage|p1a: Corviknight|2/100 brn|[from] Recoil|[of] p2a: Gengar
|
|-heal|p2a: Gengar|87/100|[from] item: Black Sludge
|-heal|p1a: Corviknight|8/100 brn|[from] item: Leftovers
|-damage|p1a: Corviknight|2/100 brn|[from] brn
|upkeep
|turn|31
|
|move|p2a: Gengar|Shadow Ball|p1a: Corviknight
|-damage|p1a: Corviknight|0 fnt
|faint|p1a: Corviknight
|
|-heal|p2a: Gengar|93/100|[from] item: Black Sludge
|upkeep
|
|switch|p1a: Urshifu|Urshifu, M|76/100
|-damage|p1a: Urshifu|70/100|[from] Stealth Rock
|turn|32
|j| saach
|j| Arnaud senju vgc
|
|move|p2a: Gengar|Sludge Wave|p1a: Urshifu
|-crit|p1a: Urshifu
|-damage|p1a: Urshifu|0 fnt
|faint|p1a: Urshifu
|
|win|Meroz
|c|☆Meroz|gg
|l|☆HeavenAllAroundMe
|l| saach
|l| Halfking
||Ladder (probably) updated, but score could not be retrieved (Request timeout).
|l|☆Meroz
|l| addictedtomethlol
|l| dwawdwf
|l| Unlucky account
|l| Arnaud senju vgc
