|j|☆Sww-Suwa
|j|☆cogonahorse
|inactive|Battle timer is ON: inactive players will automatically lose when time's up.
|t:|1658612730
|gametype|singles
|player|p1|Sww-Suwa|lisia|
|player|p2|cogonahorse|hilbert-wonderlauncher|
|teamsize|p1|3
|teamsize|p2|3
|gen|8
|tier|[Gen 8] OU
|rated|Tournament battle
|rule|Sleep Clause Mod: Limit one foe put to sleep
|rule|Species Clause: Limit one of each Pokémon
|rule|OHKO Clause: OHKO moves are banned
|rule|Evasion Moves Clause: Evasion moves are banned
|rule|Endless Battle Clause: Forcing endless battles is banned
|rule|HP Percentage Mod: HP is shown in percentages
|clearpoke
|poke|p1|Swampert, M|
|poke|p1|Blaziken, M|
|poke|p1|Sceptile, F|
|poke|p2|Blaziken, F|
|poke|p2|Sceptile, F|
|poke|p2|Swampert, F|
|teampreview
|c|☆Sww-Suwa|yo
|j| ChrisUchiha
|j| arnavgupta
|c|☆Sww-Suwa|the rematch
|j| L'chonk
|c|☆Sww-Suwa|hf
|j| El Hueco Mundo
|j| Forwards
|j|+Pinkacross
|j| yaboiAshK.
|c|☆cogonahorse|yo
|c|☆cogonahorse|hf
|j| SubmergedWater
|j| Pikablu007
|j| drop a wooper
|j| CallMePrimal
|j| hy is garbage
|
|t:|1658612755
|start
|switch|p1a: Swampert|Swampert, M|100/100
|switch|p2a: Blaziken|Blaziken, F|100/100
|turn|1
|
|t:|1658612768
|move|p2a: Blaziken|Flame Charge|p1a: Swampert
|-resisted|p1a: Swampert
|-damage|p1a: Swampert|88/100
|-boost|p2a: Blaziken|spe|1
|move|p1a: Swampert|Stealth Rock|p2a: Blaziken
|-sidestart|p2: cogonahorse|move: Stealth Rock
|
|-ability|p2a: Blaziken|Speed Boost|boost
|-boost|p2a: Blaziken|spe|1
|upkeep
|turn|2
|j| Magatsu(S.Bisharp)
|c| drop a wooper|flame charge the tech
|j|%ian_yo
|
|t:|1658612782
|move|p2a: Blaziken|Close Combat|p1a: Swampert
|-damage|p1a: Swampert|25/100
|-unboost|p2a: Blaziken|def|1
|-unboost|p2a: Blaziken|spd|1
|move|p1a: Swampert|Waterfall|p2a: Blaziken
|-supereffective|p2a: Blaziken
|-enditem|p2a: Blaziken|Focus Sash
|-damage|p2a: Blaziken|1/100
|
|-ability|p2a: Blaziken|Speed Boost|boost
|-boost|p2a: Blaziken|spe|1
|upkeep
|turn|3
|c|+Pinkacross|fcharge>? what
|
|t:|1658612789
|move|p2a: Blaziken|Close Combat|p1a: Swampert
|-damage|p1a: Swampert|0 fnt
|-unboost|p2a: Blaziken|def|1
|-unboost|p2a: Blaziken|spd|1
|faint|p1a: Swampert
|
|-ability|p2a: Blaziken|Speed Boost|boost
|-boost|p2a: Blaziken|spe|1
|upkeep
|
|t:|1658612791
|switch|p1a: Blaziken|Blaziken, M|100/100
|turn|4
|
|t:|1658612795
|-start|p1a: Blaziken|Dynamax|
|-heal|p1a: Blaziken|100/100|[silent]
|move|p2a: Blaziken|Brave Bird|p1a: Blaziken
|-supereffective|p1a: Blaziken
|-damage|p1a: Blaziken|43/100
|-damage|p2a: Blaziken|0 fnt|[from] Recoil
|faint|p2a: Blaziken
|move|p1a: Blaziken|Max Airstream|p2: Blaziken|[notarget]
|-fail|p1a: Blaziken
|
|-ability|p1a: Blaziken|Speed Boost|boost
|-boost|p1a: Blaziken|spe|1
|upkeep
|
|t:|1658612802
|switch|p2a: Sceptile|Sceptile, F|100/100
|-damage|p2a: Sceptile|88/100|[from] Stealth Rock
|turn|5
|
|t:|1658612807
|-start|p2a: Sceptile|Dynamax|
|-heal|p2a: Sceptile|88/100|[silent]
|move|p1a: Blaziken|Max Airstream|p2a: Sceptile
|-supereffective|p2a: Sceptile
|-damage|p2a: Sceptile|15/100
|-boost|p1a: Blaziken|spe|1
|move|p2a: Sceptile|Max Airstream|p1a: Blaziken
|-supereffective|p1a: Blaziken
|-damage|p1a: Blaziken|0 fnt
|-boost|p2a: Sceptile|spe|1
|faint|p1a: Blaziken
|
|upkeep
|c| drop a wooper|it only needs solar beam brave bird flare blitz
|
|t:|1658612817
|switch|p1a: Sceptile|Sceptile, F|100/100
|turn|6
|c| drop a wooper|and then sd next if you really want
|
|t:|1658612826
|move|p1a: Sceptile|Endure|p1a: Sceptile
|-singleturn|p1a: Sceptile|move: Endure
|move|p2a: Sceptile|Max Airstream|p1a: Sceptile
|-supereffective|p1a: Sceptile
|-activate|p1a: Sceptile|move: Endure
|-damage|p1a: Sceptile|1/100
|-boost|p2a: Sceptile|spe|1
|-enditem|p1a: Sceptile|Liechi Berry|[eat]
|-boost|p1a: Sceptile|atk|1|[from] item: Liechi Berry
|
|upkeep
|turn|7
|
|t:|1658612838
|move|p1a: Sceptile|Acrobatics|p2a: Sceptile
|-supereffective|p2a: Sceptile
|-damage|p2a: Sceptile|0 fnt
|faint|p2a: Sceptile
|
|upkeep
|c| drop a wooper|speed ties
|c| drop a wooper|rip
|
|t:|1658612843
|switch|p2a: Swampert|Swampert, F|100/100
|-damage|p2a: Swampert|94/100|[from] Stealth Rock
|turn|8
|
|t:|1658612846
|detailschange|p2a: Swampert|Swampert-Mega, F
|-mega|p2a: Swampert|Swampert|Swampertite
|move|p1a: Sceptile|Leaf Blade|p2a: Swampert
|-supereffective|p2a: Swampert
|-damage|p2a: Swampert|0 fnt
|faint|p2a: Swampert
|
|win|Sww-Suwa
|n|☆Sww-Suwa|swwsuwa
|n|☆cogonahorse|cogonahorse
|n| ChrisUchiha|chrisuchiha
|n| arnavgupta|arnavgupta
|n| L'chonk|lchonk
|n| El Hueco Mundo|elhuecomundo
|n| Forwards|forwards
|n| Pinkacross|pinkacross
|n| yaboiAshK.|yaboiashk
|n| SubmergedWater|submergedwater
|n| Pikablu007|pikablu007
|n| drop a wooper|dropawooper
|n| CallMePrimal|callmeprimal
|n| hy is garbage|hyisgarbage
|n| Magatsu(S.Bisharp)|magatsusbisharp
|n| ian_yo|ianyo
|c|☆Sww-Suwa|gg
|c|☆cogonahorse|gg
