|j|☆Jeanmilapipe
|j|☆Redemption
|player|p1|Jeanmilapipe|n|1806
|player|p2|Redemption|flint|1761
|teamsize|p1|6
|teamsize|p2|6
|gametype|singles
|gen|8
|tier|[Gen 8] OU
|rated|
|clearpoke
|poke|p1|Barraskewda, F|
|poke|p1|Rillaboom, M|
|poke|p1|Scizor, F|
|poke|p1|Obstagoon, F|
|poke|p1|Corviknight, M|
|poke|p1|Cinderace, F|
|poke|p2|Weavile, F|
|poke|p2|Magnezone|
|poke|p2|Scolipede, M|
|poke|p2|Terrakion|
|poke|p2|Alakazam, M|
|poke|p2|Dragapult, F|
|rule|Sleep Clause Mod: Limit one foe put to sleep
|rule|Species Clause: Limit one of each Pokémon
|rule|OHKO Clause: OHKO moves are banned
|rule|Evasion Moves Clause: Evasion moves are banned
|rule|Endless Battle Clause: Forcing endless battles is banned
|rule|HP Percentage Mod: HP is shown in percentages
|rule|Dynamax Clause: You cannot dynamax
|teampreview
|
|start
|switch|p1a: Cinderace|Cinderace, F|100/100
|switch|p2a: Ducheѕnay|Terrakion|100/100
|turn|1
|
|move|p1a: Cinderace|U-turn|p2a: Ducheѕnay
|-start|p1a: Cinderace|typechange|Bug|[from] ability: Libero
|-resisted|p2a: Ducheѕnay
|-damage|p2a: Ducheѕnay|69/100
|
|switch|p1a: Scizor|Scizor, F|100/100|[from]move: U-turn
|move|p2a: Ducheѕnay|Stealth Rock|p1a: Scizor
|-sidestart|p1: Jeanmilapipe|move: Stealth Rock
|
|upkeep
|turn|2
|
|switch|p1a: Corviknight|Corviknight, M|100/100
|-damage|p1a: Corviknight|88/100|[from] Stealth Rock
|-ability|p1a: Corviknight|Pressure
|move|p2a: Ducheѕnay|Stone Edge|p1a: Corviknight
|-damage|p1a: Corviknight|60/100
|
|upkeep
|turn|3
|j| Agents of Fortune
|
|move|p2a: Ducheѕnay|Taunt|p1a: Corviknight
|-start|p1a: Corviknight|move: Taunt
|move|p1a: Corviknight|U-turn|p2a: Ducheѕnay
|-resisted|p2a: Ducheѕnay
|-damage|p2a: Ducheѕnay|61/100
|
|switch|p1a: Barraskewda|Barraskewda, F|100/100|[from]move: U-turn
|-damage|p1a: Barraskewda|88/100|[from] Stealth Rock
|
|upkeep
|turn|4
|
|move|p1a: Barraskewda|Liquidation|p2a: Ducheѕnay
|-supereffective|p2a: Ducheѕnay
|-damage|p2a: Ducheѕnay|0 fnt
|-damage|p1a: Barraskewda|78/100|[from] item: Life Orb
|faint|p2a: Ducheѕnay
|
|upkeep
|
|switch|p2a: Joubert|Magnezone|100/100
|turn|5
|
|move|p1a: Barraskewda|Close Combat|p2a: Joubert
|-supereffective|p2a: Joubert
|-damage|p2a: Joubert|0 fnt
|-unboost|p1a: Barraskewda|def|1
|-unboost|p1a: Barraskewda|spd|1
|-damage|p1a: Barraskewda|69/100|[from] item: Life Orb
|faint|p2a: Joubert
|
|upkeep
|
|switch|p2a: Péchalat|Dragapult, F|100/100
|turn|6
|
|switch|p1a: Corviknight|Corviknight, M|60/100
|-damage|p1a: Corviknight|47/100|[from] Stealth Rock
|-ability|p1a: Corviknight|Pressure
|move|p2a: Péchalat|Sucker Punch||[still]
|-fail|p2a: Péchalat
|
|upkeep
|turn|7
|-message|Redemption forfeited.
|
|win|Jeanmilapipe
|l|☆Redemption
|l| Agents of Fortune
||Ladder (probably) updated, but score could not be retrieved (Request timeout).
