|j|☆Mr_Smooves
|j|☆Corumba
|t:|1608427514
|player|p1|Mr_Smooves|170|1649
|player|p2|Corumba|schoolkid-gen4|1666
|teamsize|p1|6
|teamsize|p2|6
|gametype|singles
|gen|8
|tier|[Gen 8] OU
|rated|
|clearpoke
|poke|p1|Cinderace, F|
|poke|p1|Tapu Fini|
|poke|p1|Corviknight, F|
|poke|p1|Swampert, F|
|poke|p1|Slowbro-Galar, M|
|poke|p1|Weavile, F|
|poke|p2|Cinderace, M|
|poke|p2|Latios, M|
|poke|p2|Latias, F|
|poke|p2|Mamoswine, F|
|poke|p2|Haxorus, M|
|poke|p2|Kyurem|
|rule|Sleep Clause Mod: Limit one foe put to sleep
|rule|Species Clause: Limit one of each Pokémon
|rule|OHKO Clause: OHKO moves are banned
|rule|Evasion Moves Clause: Evasion moves are banned
|rule|Endless Battle Clause: Forcing endless battles is banned
|rule|HP Percentage Mod: HP is shown in percentages
|rule|Dynamax Clause: You cannot dynamax
|teampreview
|inactive|Battle timer is ON: inactive players will automatically lose when time's up. (requested by Mr_Smooves)
|
|t:|1608427531
|start
|switch|p1a: Weavile|Weavile, F|100/100
|switch|p2a: Haxorus|Haxorus, M|100/100
|-ability|p1a: Weavile|Pressure
|-ability|p2a: Haxorus|Mold Breaker
|turn|1
|
|t:|1608427540
|move|p2a: Haxorus|First Impression|p1a: Weavile
|-supereffective|p1a: Weavile
|-damage|p1a: Weavile|0 fnt
|-damage|p2a: Haxorus|91/100|[from] item: Life Orb
|faint|p1a: Weavile
|
|upkeep
|c|☆Mr_Smooves|Im so fucking dumb lol
|c|☆Corumba|so am i
|
|t:|1608427557
|switch|p1a: Tapu Fini|Tapu Fini|100/100
|-fieldstart|move: Misty Terrain|[from] ability: Misty Surge|[of] p1a: Tapu Fini
|turn|2
|
|t:|1608427570
|switch|p2a: Mamoswine|Mamoswine, F|100/100
|move|p1a: Tapu Fini|Moonblast|p2a: Mamoswine
|-crit|p2a: Mamoswine
|-damage|p2a: Mamoswine|54/100
|
|upkeep
|turn|3
|
|t:|1608427577
|switch|p1a: Swampert|Swampert, F|100/100
|move|p2a: Mamoswine|Freeze-Dry|p1a: Swampert
|-supereffective|p1a: Swampert
|-damage|p1a: Swampert|50/100
|
|-heal|p1a: Swampert|56/100|[from] item: Leftovers
|upkeep
|turn|4
|
|t:|1608427582
|move|p2a: Mamoswine|Freeze-Dry|p1a: Swampert
|-supereffective|p1a: Swampert
|-damage|p1a: Swampert|5/100
|move|p1a: Swampert|Stealth Rock|p2a: Mamoswine
|-sidestart|p2: Corumba|move: Stealth Rock
|
|-heal|p1a: Swampert|11/100|[from] item: Leftovers
|upkeep
|turn|5
|
|t:|1608427590
|switch|p1a: Cinderace|Cinderace, F|100/100
|move|p2a: Mamoswine|Icicle Crash|p1a: Cinderace
|-resisted|p1a: Cinderace
|-damage|p1a: Cinderace|66/100
|
|upkeep
|turn|6
|
|t:|1608427600
|move|p2a: Mamoswine|Ice Shard|p1a: Cinderace
|-resisted|p1a: Cinderace
|-damage|p1a: Cinderace|49/100
|move|p1a: Cinderace|Low Kick|p2a: Mamoswine
|-start|p1a: Cinderace|typechange|Fighting|[from] ability: Libero
|-supereffective|p2a: Mamoswine
|-damage|p2a: Mamoswine|0 fnt
|faint|p2a: Mamoswine
|
|-fieldend|Misty Terrain
|upkeep
|
|t:|1608427618
|switch|p2a: Latias|Latias, F|100/100
|-damage|p2a: Latias|88/100|[from] Stealth Rock
|turn|7
|
|t:|1608427639
|switch|p1a: Swampert|Swampert, F|11/100
|move|p2a: Latias|Aura Sphere|p1a: Swampert
|-damage|p1a: Swampert|0 fnt
|faint|p1a: Swampert
|
|upkeep
|
|t:|1608427643
|switch|p1a: Tapu Fini|Tapu Fini|100/100
|-fieldstart|move: Misty Terrain|[from] ability: Misty Surge|[of] p1a: Tapu Fini
|turn|8
|
|t:|1608427648
|move|p2a: Latias|Calm Mind|p2a: Latias
|-boost|p2a: Latias|spa|1
|-boost|p2a: Latias|spd|1
|move|p1a: Tapu Fini|Scald|p2a: Latias
|-resisted|p2a: Latias
|-damage|p2a: Latias|79/100
|
|upkeep
|turn|9
|
|t:|1608427652
|move|p2a: Latias|Psychic|p1a: Tapu Fini
|-damage|p1a: Tapu Fini|59/100
|move|p1a: Tapu Fini|Taunt|p2a: Latias
|-start|p2a: Latias|move: Taunt
|
|-heal|p1a: Tapu Fini|65/100|[from] item: Leftovers
|upkeep
|turn|10
|
|t:|1608427657
|switch|p1a: Corviknight|Corviknight, F|100/100
|-ability|p1a: Corviknight|Pressure
|move|p2a: Latias|Psychic|p1a: Corviknight
|-resisted|p1a: Corviknight
|-damage|p1a: Corviknight|69/100
|
|upkeep
|turn|11
|
|t:|1608427660
|move|p2a: Latias|Mystical Fire|p1a: Corviknight
|-supereffective|p1a: Corviknight
|-damage|p1a: Corviknight|0 fnt
|faint|p1a: Corviknight
|
|upkeep
|
|t:|1608427662
|switch|p1a: Cinderace|Cinderace, F|49/100
|turn|12
|
|t:|1608427666
|move|p1a: Cinderace|U-turn|p2a: Latias
|-start|p1a: Cinderace|typechange|Bug|[from] ability: Libero
|-supereffective|p2a: Latias
|-damage|p2a: Latias|0 fnt
|faint|p2a: Latias
|
|t:|1608427688
|switch|p1a: Tapu Fini|Tapu Fini|65/100|[from]move: U-turn
|
|-heal|p1a: Tapu Fini|71/100|[from] item: Leftovers
|-fieldend|Misty Terrain
|upkeep
|
|t:|1608427701
|switch|p2a: Haxorus|Haxorus, M|91/100
|-damage|p2a: Haxorus|78/100|[from] Stealth Rock
|-ability|p2a: Haxorus|Mold Breaker
|turn|13
|
|t:|1608427716
|move|p2a: Haxorus|Earthquake|p1a: Tapu Fini
|-damage|p1a: Tapu Fini|22/100
|-damage|p2a: Haxorus|68/100|[from] item: Life Orb
|move|p1a: Tapu Fini|Moonblast|p2a: Haxorus
|-supereffective|p2a: Haxorus
|-damage|p2a: Haxorus|0 fnt
|faint|p2a: Haxorus
|
|-heal|p1a: Tapu Fini|28/100|[from] item: Leftovers
|upkeep
|
|t:|1608427730
|switch|p2a: Kyurem|Kyurem|100/100
|-damage|p2a: Kyurem|75/100|[from] Stealth Rock
|-ability|p2a: Kyurem|Pressure
|turn|14
|
|t:|1608427749
|move|p2a: Kyurem|Dragon Dance|p2a: Kyurem
|-boost|p2a: Kyurem|atk|1
|-boost|p2a: Kyurem|spe|1
|move|p1a: Tapu Fini|Moonblast|p2a: Kyurem
|-supereffective|p2a: Kyurem
|-damage|p2a: Kyurem|17/100
|
|-heal|p2a: Kyurem|23/100|[from] item: Leftovers
|-heal|p1a: Tapu Fini|34/100|[from] item: Leftovers
|upkeep
|turn|15
|
|t:|1608427754
|move|p2a: Kyurem|Freeze-Dry|p1a: Tapu Fini
|-supereffective|p1a: Tapu Fini
|-damage|p1a: Tapu Fini|0 fnt
|faint|p1a: Tapu Fini
|
|-heal|p2a: Kyurem|29/100|[from] item: Leftovers
|upkeep
|
|t:|1608427757
|switch|p1a: Megaman|Slowbro-Galar, M|100/100
|turn|16
|
|t:|1608427763
|move|p2a: Kyurem|Icicle Spear|p1a: Megaman
|-damage|p1a: Megaman|82/100
|-damage|p1a: Megaman|66/100
|-damage|p1a: Megaman|50/100
|-hitcount|p1a: Megaman|3
|move|p1a: Megaman|Psychic|p2a: Kyurem
|-damage|p2a: Kyurem|0 fnt
|faint|p2a: Kyurem
|
|upkeep
|
|t:|1608427773
|switch|p2a: Latios|Latios, M|100/100
|-damage|p2a: Latios|88/100|[from] Stealth Rock
|turn|17
|inactive|Mr_Smooves has 120 seconds left.
|-activate|p1a: Megaman|ability: Quick Draw
|
|t:|1608427811
|move|p1a: Megaman|Sludge Bomb|p2a: Latios
|-damage|p2a: Latios|43/100
|-status|p2a: Latios|psn
|move|p2a: Latios|Psychic|p1a: Megaman
|-damage|p1a: Megaman|0 fnt
|faint|p1a: Megaman
|
|-damage|p2a: Latios|31/100 psn|[from] psn
|upkeep
|
|t:|1608427818
|switch|p1a: Cinderace|Cinderace, F|49/100
|turn|18
|
|t:|1608427823
|move|p1a: Cinderace|U-turn|p2a: Latios
|-start|p1a: Cinderace|typechange|Bug|[from] ability: Libero
|-supereffective|p2a: Latios
|-damage|p2a: Latios|0 fnt
|faint|p2a: Latios
|
|upkeep
|
|t:|1608427826
|switch|p2a: Cinderace|Cinderace, M|100/100
|-damage|p2a: Cinderace|76/100|[from] Stealth Rock
|turn|19
|
|t:|1608427836
|move|p1a: Cinderace|Gunk Shot|p2a: Cinderace
|-start|p1a: Cinderace|typechange|Poison|[from] ability: Libero
|-damage|p2a: Cinderace|0 fnt
|faint|p2a: Cinderace
|
|win|Mr_Smooves
|l|☆Corumba
|c|☆Mr_Smooves|gg homie
|l|☆Mr_Smooves
|raw|Mr_Smooves's rating: 1649 &rarr; <strong>1670</strong><br />(+21 for winning)
|raw|Corumba's rating: 1666 &rarr; <strong>1645</strong><br />(-21 for losing)
