|j|☆TheonReekGreyjoy
|j|☆you have homework
|t:|1631393830
|gametype|singles
|player|p1|TheonReekGreyjoy|2|1785
|player|p2|you have homework|101|1719
|teamsize|p1|6
|teamsize|p2|6
|gen|8
|tier|[Gen 8] OU
|rated|
|rule|Sleep Clause Mod: Limit one foe put to sleep
|rule|Species Clause: Limit one of each Pokémon
|rule|OHKO Clause: OHKO moves are banned
|rule|Evasion Moves Clause: Evasion moves are banned
|rule|Endless Battle Clause: Forcing endless battles is banned
|rule|HP Percentage Mod: HP is shown in percentages
|rule|Dynamax Clause: You cannot dynamax
|clearpoke
|poke|p1|Ninetales-Alola, M|
|poke|p1|Arctozolt|
|poke|p1|Landorus-Therian, M|
|poke|p1|Corviknight, M|
|poke|p1|Tornadus-Therian, M|
|poke|p1|Volcanion|
|poke|p2|Buzzwole|
|poke|p2|Heatran, F|
|poke|p2|Blissey, F|
|poke|p2|Zapdos|
|poke|p2|Scizor, M|
|poke|p2|Seismitoad, F|
|teampreview
|
|t:|1631393844
|start
|switch|p1a: Tornadus|Tornadus-Therian, M|100/100
|switch|p2a: Scizor|Scizor, M|100/100
|turn|1
|inactive|Battle timer is ON: inactive players will automatically lose when time's up. (requested by TheonReekGreyjoy)
|
|t:|1631393850
|switch|p2a: Seismitoad|Seismitoad, F|100/100
|move|p1a: Tornadus|Heat Wave|p2a: Seismitoad
|-resisted|p2a: Seismitoad
|-crit|p2a: Seismitoad
|-damage|p2a: Seismitoad|88/100
|
|-heal|p2a: Seismitoad|94/100|[from] item: Leftovers
|upkeep
|turn|2
|j| vepp
|
|t:|1631393861
|move|p1a: Tornadus|Knock Off|p2a: Seismitoad
|-damage|p2a: Seismitoad|71/100
|-enditem|p2a: Seismitoad|Leftovers|[from] move: Knock Off|[of] p1a: Tornadus
|move|p2a: Seismitoad|Stealth Rock|p1a: Tornadus
|-sidestart|p1: TheonReekGreyjoy|move: Stealth Rock
|
|upkeep
|turn|3
|
|t:|1631393868
|move|p1a: Tornadus|U-turn|p2a: Seismitoad
|-damage|p2a: Seismitoad|56/100
|
|t:|1631393871
|switch|p1a: Corviknight|Corviknight, M|100/100|[from]move: U-turn
|-damage|p1a: Corviknight|88/100|[from] Stealth Rock
|-ability|p1a: Corviknight|Pressure
|move|p2a: Seismitoad|Toxic|p1a: Corviknight
|-immune|p1a: Corviknight
|
|upkeep
|turn|4
|
|t:|1631393879
|move|p2a: Seismitoad|Scald|p1a: Corviknight
|-damage|p1a: Corviknight|64/100
|move|p1a: Corviknight|Defog|p2a: Seismitoad
|-unboost|p2a: Seismitoad|evasion|1
|-sideend|p1: TheonReekGreyjoy|Stealth Rock|[from] move: Defog|[of] p1a: Corviknight
|
|upkeep
|turn|5
|
|t:|1631393885
|move|p2a: Seismitoad|Scald|p1a: Corviknight
|-damage|p1a: Corviknight|40/100
|move|p1a: Corviknight|Body Press|p2a: Seismitoad
|-damage|p2a: Seismitoad|29/100
|
|upkeep
|turn|6
|
|t:|1631393894
|move|p2a: Seismitoad|Stealth Rock|p1a: Corviknight
|-sidestart|p1: TheonReekGreyjoy|move: Stealth Rock
|move|p1a: Corviknight|Roost|p1a: Corviknight
|-heal|p1a: Corviknight|90/100
|-singleturn|p1a: Corviknight|move: Roost
|
|upkeep
|turn|7
|
|t:|1631393908
|switch|p2a: Zapdos|Zapdos|100/100
|move|p1a: Corviknight|Defog|p2a: Zapdos
|-unboost|p2a: Zapdos|evasion|1
|-sideend|p1: TheonReekGreyjoy|Stealth Rock|[from] move: Defog|[of] p1a: Corviknight
|
|upkeep
|turn|8
|
|t:|1631393916
|switch|p1a: Landorus|Landorus-Therian, M|100/100
|-ability|p1a: Landorus|Intimidate|boost
|-unboost|p2a: Zapdos|atk|1
|move|p2a: Zapdos|Hurricane|p1a: Landorus
|-damage|p1a: Landorus|52/100
|
|-heal|p1a: Landorus|58/100|[from] item: Leftovers
|upkeep
|turn|9
|
|t:|1631393926
|move|p2a: Zapdos|Hurricane|p1a: Landorus
|-damage|p1a: Landorus|14/100
|move|p1a: Landorus|Toxic|p2a: Zapdos
|-status|p2a: Zapdos|tox
|
|-heal|p1a: Landorus|20/100|[from] item: Leftovers
|-damage|p2a: Zapdos|94/100 tox|[from] psn
|upkeep
|turn|10
|
|t:|1631393936
|switch|p1a: Tornadus|Tornadus-Therian, M|100/100
|move|p2a: Zapdos|Hurricane|p1a: Tornadus
|-damage|p1a: Tornadus|56/100
|
|-damage|p2a: Zapdos|82/100 tox|[from] psn
|upkeep
|turn|11
|
|t:|1631393945
|switch|p1a: Ninetales|Ninetales-Alola, M|100/100
|-weather|Hail|[from] ability: Snow Warning|[of] p1a: Ninetales
|move|p2a: Zapdos|Discharge|p1a: Ninetales
|-damage|p1a: Ninetales|54/100
|
|-weather|Hail|[upkeep]
|-damage|p2a: Zapdos|76/100 tox|[from] Hail
|-damage|p2a: Zapdos|58/100 tox|[from] psn
|upkeep
|turn|12
|
|t:|1631393957
|switch|p2a: Scizor|Scizor, M|100/100
|move|p1a: Ninetales|Aurora Veil|p1a: Ninetales
|-sidestart|p1: TheonReekGreyjoy|move: Aurora Veil
|
|-weather|Hail|[upkeep]
|-damage|p2a: Scizor|94/100|[from] Hail
|-heal|p2a: Scizor|100/100|[from] item: Leftovers
|upkeep
|turn|13
|
|t:|1631393965
|switch|p1a: Volcanion|Volcanion|100/100
|move|p2a: Scizor|Knock Off|p1a: Volcanion
|-damage|p1a: Volcanion|82/100
|-enditem|p1a: Volcanion|Choice Specs|[from] move: Knock Off|[of] p2a: Scizor
|
|-weather|Hail|[upkeep]
|-damage|p1a: Volcanion|76/100|[from] Hail
|-damage|p2a: Scizor|94/100|[from] Hail
|-heal|p2a: Scizor|100/100|[from] item: Leftovers
|upkeep
|turn|14
|
|t:|1631393975
|switch|p1a: Arctozolt|Arctozolt|100/100
|switch|p2a: Seismitoad|Seismitoad, F|29/100
|
|-weather|Hail|[upkeep]
|-damage|p2a: Seismitoad|23/100|[from] Hail
|upkeep
|turn|15
|
|t:|1631393985
|move|p1a: Arctozolt|Blizzard|p2a: Seismitoad
|-damage|p2a: Seismitoad|0 fnt
|faint|p2a: Seismitoad
|
|-weather|Hail|[upkeep]
|upkeep
|
|t:|1631393993
|switch|p2a: Buzzwole|Buzzwole|100/100
|turn|16
|j| ponkpleas ♡
|
|t:|1631394004
|switch|p1a: Tornadus|Tornadus-Therian, M|90/100
|move|p2a: Buzzwole|Drain Punch|p1a: Tornadus
|-resisted|p1a: Tornadus
|-damage|p1a: Tornadus|81/100
|
|-weather|Hail|[upkeep]
|-damage|p1a: Tornadus|75/100|[from] Hail
|-damage|p2a: Buzzwole|94/100|[from] Hail
|-sideend|p1: TheonReekGreyjoy|move: Aurora Veil
|upkeep
|turn|17
|
|t:|1631394016
|move|p1a: Tornadus|U-turn|p2a: Buzzwole
|-resisted|p2a: Buzzwole
|-damage|p2a: Buzzwole|91/100
|-damage|p1a: Tornadus|58/100|[from] item: Rocky Helmet|[of] p2a: Buzzwole
|
|t:|1631394020
|switch|p1a: Corviknight|Corviknight, M|90/100|[from]move: U-turn
|-ability|p1a: Corviknight|Pressure
|move|p2a: Buzzwole|Toxic|p1a: Corviknight
|-immune|p1a: Corviknight
|
|-weather|Hail|[upkeep]
|-damage|p2a: Buzzwole|84/100|[from] Hail
|-damage|p1a: Corviknight|83/100|[from] Hail
|upkeep
|turn|18
|
|t:|1631394033
|switch|p2a: Scizor|Scizor, M|100/100
|move|p1a: Corviknight|U-turn|p2a: Scizor
|-resisted|p2a: Scizor
|-damage|p2a: Scizor|93/100
|j| Truebeliver
|
|t:|1631394039
|switch|p1a: Tornadus|Tornadus-Therian, M|91/100|[from]move: U-turn
|
|-weather|none
|-heal|p2a: Scizor|99/100|[from] item: Leftovers
|upkeep
|turn|19
|j| Mreow
|
|t:|1631394052
|switch|p2a: Blissey|Blissey, F|100/100
|move|p1a: Tornadus|Knock Off|p2a: Blissey
|-damage|p2a: Blissey|80/100
|-enditem|p2a: Blissey|Leftovers|[from] move: Knock Off|[of] p1a: Tornadus
|
|upkeep
|turn|20
|
|t:|1631394059
|move|p1a: Tornadus|U-turn|p2a: Blissey
|-damage|p2a: Blissey|66/100
|
|t:|1631394062
|switch|p1a: Corviknight|Corviknight, M|83/100|[from]move: U-turn
|-ability|p1a: Corviknight|Pressure
|move|p2a: Blissey|Heal Bell|p2a: Blissey
|-activate|p2a: Blissey|move: Heal Bell
|-curestatus|p2: Zapdos|tox|[msg]
|
|upkeep
|turn|21
|
|t:|1631394074
|switch|p2a: Buzzwole|Buzzwole|84/100
|move|p1a: Corviknight|U-turn|p2a: Buzzwole
|-resisted|p2a: Buzzwole
|-damage|p2a: Buzzwole|81/100
|-damage|p1a: Corviknight|67/100|[from] item: Rocky Helmet|[of] p2a: Buzzwole
|
|t:|1631394086
|switch|p1a: Volcanion|Volcanion|76/100|[from]move: U-turn
|
|upkeep
|turn|22
|
|t:|1631394091
|switch|p2a: Blissey|Blissey, F|66/100
|move|p1a: Volcanion|Steam Eruption|p2a: Blissey
|-damage|p2a: Blissey|45/100
|
|upkeep
|turn|23
|j| Grosgeek
|
|t:|1631394104
|switch|p1a: Landorus|Landorus-Therian, M|20/100
|-ability|p1a: Landorus|Intimidate|boost
|-unboost|p2a: Blissey|atk|1
|move|p2a: Blissey|Wish|p2a: Blissey
|
|-heal|p1a: Landorus|26/100|[from] item: Leftovers
|upkeep
|turn|24
|l| Truebeliver
|l| Grosgeek
|
|t:|1631394116
|move|p1a: Landorus|Earthquake|p2a: Blissey
|-damage|p2a: Blissey|2/100
|move|p2a: Blissey|Seismic Toss|p1a: Landorus
|-damage|p1a: Landorus|0 fnt
|faint|p1a: Landorus
|
|-heal|p2a: Blissey|52/100|[from] move: Wish|[wisher] Blissey
|upkeep
|
|t:|1631394123
|switch|p1a: Arctozolt|Arctozolt|100/100
|turn|25
|
|t:|1631394128
|switch|p2a: Buzzwole|Buzzwole|81/100
|move|p1a: Arctozolt|Bolt Beak|p2a: Buzzwole
|-damage|p2a: Buzzwole|47/100
|-damage|p1a: Arctozolt|84/100|[from] item: Rocky Helmet|[of] p2a: Buzzwole
|
|-heal|p1a: Arctozolt|90/100|[from] item: Leftovers
|upkeep
|turn|26
|
|t:|1631394136
|switch|p1a: Tornadus|Tornadus-Therian, M|100/100
|move|p2a: Buzzwole|Roost|p2a: Buzzwole
|-heal|p2a: Buzzwole|97/100
|-singleturn|p2a: Buzzwole|move: Roost
|
|upkeep
|turn|27
|j| Hugh Granite
|
|t:|1631394147
|switch|p2a: Zapdos|Zapdos|58/100
|move|p1a: Tornadus|Heat Wave|p2a: Zapdos
|-damage|p2a: Zapdos|38/100
|-status|p2a: Zapdos|brn
|
|-damage|p2a: Zapdos|32/100 brn|[from] brn
|upkeep
|turn|28
|
|t:|1631394156
|switch|p1a: Ninetales|Ninetales-Alola, M|54/100
|-weather|Hail|[from] ability: Snow Warning|[of] p1a: Ninetales
|move|p2a: Zapdos|Roost|p2a: Zapdos
|-heal|p2a: Zapdos|82/100 brn
|-singleturn|p2a: Zapdos|move: Roost
|
|-weather|Hail|[upkeep]
|-damage|p2a: Zapdos|76/100 brn|[from] Hail
|-damage|p2a: Zapdos|70/100 brn|[from] brn
|upkeep
|turn|29
|
|t:|1631394169
|switch|p1a: Arctozolt|Arctozolt|90/100
|move|p2a: Zapdos|Discharge|p1a: Arctozolt
|-resisted|p1a: Arctozolt
|-damage|p1a: Arctozolt|57/100
|
|-weather|Hail|[upkeep]
|-damage|p2a: Zapdos|64/100 brn|[from] Hail
|-heal|p1a: Arctozolt|63/100|[from] item: Leftovers
|-damage|p2a: Zapdos|58/100 brn|[from] brn
|upkeep
|turn|30
|
|t:|1631394181
|switch|p2a: Heatran|Heatran, F|100/100
|move|p1a: Arctozolt|Substitute|p1a: Arctozolt
|-start|p1a: Arctozolt|Substitute
|-damage|p1a: Arctozolt|39/100
|
|-weather|Hail|[upkeep]
|-damage|p2a: Heatran|94/100|[from] Hail
|-heal|p1a: Arctozolt|45/100|[from] item: Leftovers
|-heal|p2a: Heatran|100/100|[from] item: Leftovers
|upkeep
|turn|31
|
|t:|1631394192
|switch|p2a: Buzzwole|Buzzwole|97/100
|move|p1a: Arctozolt|Low Kick|p2a: Buzzwole
|-resisted|p2a: Buzzwole
|-damage|p2a: Buzzwole|89/100
|-damage|p1a: Arctozolt|28/100|[from] item: Rocky Helmet|[of] p2a: Buzzwole
|
|-weather|Hail|[upkeep]
|-damage|p2a: Buzzwole|82/100|[from] Hail
|-heal|p1a: Arctozolt|34/100|[from] item: Leftovers
|upkeep
|turn|32
|
|t:|1631394203
|move|p1a: Arctozolt|Blizzard|p2a: Buzzwole
|-damage|p2a: Buzzwole|28/100
|move|p2a: Buzzwole|Roost|p2a: Buzzwole
|-heal|p2a: Buzzwole|78/100
|-singleturn|p2a: Buzzwole|move: Roost
|
|-weather|Hail|[upkeep]
|-damage|p2a: Buzzwole|72/100|[from] Hail
|-heal|p1a: Arctozolt|41/100|[from] item: Leftovers
|upkeep
|turn|33
|j| Dyora -
|
|t:|1631394211
|move|p1a: Arctozolt|Blizzard|p2a: Buzzwole
|-damage|p2a: Buzzwole|24/100
|move|p2a: Buzzwole|Roost|p2a: Buzzwole
|-heal|p2a: Buzzwole|74/100
|-singleturn|p2a: Buzzwole|move: Roost
|
|-weather|Hail|[upkeep]
|-damage|p2a: Buzzwole|68/100|[from] Hail
|-heal|p1a: Arctozolt|47/100|[from] item: Leftovers
|upkeep
|turn|34
|
|t:|1631394220
|move|p1a: Arctozolt|Blizzard|p2a: Buzzwole
|-damage|p2a: Buzzwole|14/100
|move|p2a: Buzzwole|Roost|p2a: Buzzwole
|-heal|p2a: Buzzwole|64/100
|-singleturn|p2a: Buzzwole|move: Roost
|
|-weather|Hail|[upkeep]
|-damage|p2a: Buzzwole|58/100|[from] Hail
|-heal|p1a: Arctozolt|53/100|[from] item: Leftovers
|upkeep
|turn|35
|
|t:|1631394229
|move|p1a: Arctozolt|Bolt Beak|p2a: Buzzwole
|-damage|p2a: Buzzwole|22/100
|-damage|p1a: Arctozolt|37/100|[from] item: Rocky Helmet|[of] p2a: Buzzwole
|move|p2a: Buzzwole|Roost|p2a: Buzzwole
|-heal|p2a: Buzzwole|72/100
|-singleturn|p2a: Buzzwole|move: Roost
|
|-weather|none
|-heal|p1a: Arctozolt|43/100|[from] item: Leftovers
|upkeep
|turn|36
|
|t:|1631394243
|move|p1a: Arctozolt|Blizzard|p2a: Buzzwole
|-damage|p2a: Buzzwole|26/100
|move|p2a: Buzzwole|Roost|p2a: Buzzwole
|-heal|p2a: Buzzwole|76/100
|-singleturn|p2a: Buzzwole|move: Roost
|
|-heal|p1a: Arctozolt|49/100|[from] item: Leftovers
|upkeep
|turn|37
|
|t:|1631394252
|switch|p1a: Corviknight|Corviknight, M|67/100
|-ability|p1a: Corviknight|Pressure
|move|p2a: Buzzwole|Roost|p2a: Buzzwole
|-heal|p2a: Buzzwole|100/100
|-singleturn|p2a: Buzzwole|move: Roost
|
|upkeep
|turn|38
|
|t:|1631394268
|move|p2a: Buzzwole|Drain Punch|p1a: Corviknight
|-damage|p1a: Corviknight|45/100
|-damage|p2a: Buzzwole|84/100|[from] item: Rocky Helmet|[of] p1a: Corviknight
|move|p1a: Corviknight|Roost|p1a: Corviknight
|-heal|p1a: Corviknight|95/100
|-singleturn|p1a: Corviknight|move: Roost
|
|upkeep
|turn|39
|
|t:|1631394276
|switch|p2a: Zapdos|Zapdos|58/100 brn
|move|p1a: Corviknight|U-turn|p2a: Zapdos
|-resisted|p2a: Zapdos
|-damage|p2a: Zapdos|50/100 brn
|
|t:|1631394284
|switch|p1a: Ninetales|Ninetales-Alola, M|54/100|[from]move: U-turn
|-weather|Hail|[from] ability: Snow Warning|[of] p1a: Ninetales
|
|-weather|Hail|[upkeep]
|-damage|p2a: Zapdos|44/100 brn|[from] Hail
|-damage|p2a: Zapdos|38/100 brn|[from] brn
|upkeep
|turn|40
|j| kmatic_YT
|
|t:|1631394294
|switch|p2a: Heatran|Heatran, F|100/100
|move|p1a: Ninetales|Freeze-Dry|p2a: Heatran
|-resisted|p2a: Heatran
|-crit|p2a: Heatran
|-damage|p2a: Heatran|94/100
|
|-weather|Hail|[upkeep]
|-damage|p2a: Heatran|88/100|[from] Hail
|-heal|p2a: Heatran|94/100|[from] item: Leftovers
|upkeep
|turn|41
|
|t:|1631394306
|switch|p1a: Tornadus|Tornadus-Therian, M|100/100
|move|p2a: Heatran|Earth Power|p1a: Tornadus
|-immune|p1a: Tornadus
|
|-weather|Hail|[upkeep]
|-damage|p1a: Tornadus|94/100|[from] Hail
|-damage|p2a: Heatran|88/100|[from] Hail
|-heal|p2a: Heatran|94/100|[from] item: Leftovers
|upkeep
|turn|42
|
|t:|1631394315
|move|p1a: Tornadus|Knock Off|p2a: Heatran
|-damage|p2a: Heatran|77/100
|-enditem|p2a: Heatran|Leftovers|[from] move: Knock Off|[of] p1a: Tornadus
|move|p2a: Heatran|Toxic|p1a: Tornadus
|-status|p1a: Tornadus|tox
|
|-weather|Hail|[upkeep]
|-damage|p1a: Tornadus|88/100 tox|[from] Hail
|-damage|p2a: Heatran|71/100|[from] Hail
|-damage|p1a: Tornadus|82/100 tox|[from] psn
|upkeep
|turn|43
|
|t:|1631394330
|move|p1a: Tornadus|Knock Off|p2a: Heatran
|-damage|p2a: Heatran|59/100
|move|p2a: Heatran|Flamethrower|p1a: Tornadus
|-damage|p1a: Tornadus|49/100 tox
|
|-weather|Hail|[upkeep]
|-damage|p1a: Tornadus|43/100 tox|[from] Hail
|-damage|p2a: Heatran|53/100|[from] Hail
|-damage|p1a: Tornadus|30/100 tox|[from] psn
|upkeep
|turn|44
|
|t:|1631394342
|move|p1a: Tornadus|U-turn|p2a: Heatran
|-resisted|p2a: Heatran
|-damage|p2a: Heatran|50/100
|
|t:|1631394347
|switch|p1a: Corviknight|Corviknight, M|95/100|[from]move: U-turn
|-ability|p1a: Corviknight|Pressure
|move|p2a: Heatran|Earth Power|p1a: Corviknight
|-immune|p1a: Corviknight
|
|-weather|Hail|[upkeep]
|-damage|p2a: Heatran|44/100|[from] Hail
|-damage|p1a: Corviknight|89/100|[from] Hail
|upkeep
|turn|45
|
|t:|1631394358
|switch|p1a: Volcanion|Volcanion|76/100
|move|p2a: Heatran|Flamethrower|p1a: Volcanion
|-resisted|p1a: Volcanion
|-damage|p1a: Volcanion|60/100
|
|-weather|Hail|[upkeep]
|-damage|p1a: Volcanion|54/100|[from] Hail
|-damage|p2a: Heatran|38/100|[from] Hail
|upkeep
|turn|46
|
|t:|1631394368
|move|p1a: Volcanion|Steam Eruption|p2a: Heatran
|-supereffective|p2a: Heatran
|-damage|p2a: Heatran|0 fnt
|faint|p2a: Heatran
|
|-weather|none
|upkeep
|
|t:|1631394376
|switch|p2a: Blissey|Blissey, F|52/100
|turn|47
|
|t:|1631394383
|switch|p1a: Arctozolt|Arctozolt|49/100
|move|p2a: Blissey|Wish|p2a: Blissey
|
|-heal|p1a: Arctozolt|55/100|[from] item: Leftovers
|upkeep
|turn|48
|j| vhkv
|
|t:|1631394403
|move|p2a: Blissey|Protect|p2a: Blissey
|-singleturn|p2a: Blissey|Protect
|move|p1a: Arctozolt|Bolt Beak|p2a: Blissey
|-activate|p2a: Blissey|move: Protect
|
|-heal|p2a: Blissey|100/100|[from] move: Wish|[wisher] Blissey
|-heal|p1a: Arctozolt|62/100|[from] item: Leftovers
|upkeep
|turn|49
|
|t:|1631394412
|switch|p2a: Buzzwole|Buzzwole|84/100
|move|p1a: Arctozolt|Bolt Beak|p2a: Buzzwole
|-damage|p2a: Buzzwole|49/100
|-damage|p1a: Arctozolt|45/100|[from] item: Rocky Helmet|[of] p2a: Buzzwole
|
|-heal|p1a: Arctozolt|51/100|[from] item: Leftovers
|upkeep
|turn|50
|
|t:|1631394420
|switch|p1a: Ninetales|Ninetales-Alola, M|54/100
|-weather|Hail|[from] ability: Snow Warning|[of] p1a: Ninetales
|move|p2a: Buzzwole|Roost|p2a: Buzzwole
|-heal|p2a: Buzzwole|99/100
|-singleturn|p2a: Buzzwole|move: Roost
|
|-weather|Hail|[upkeep]
|-damage|p2a: Buzzwole|92/100|[from] Hail
|upkeep
|turn|51
|j| KICK BABY YODA
|
|t:|1631394430
|switch|p1a: Tornadus|Tornadus-Therian, M|64/100 tox
|move|p2a: Buzzwole|Toxic|p1a: Tornadus|[miss]
|-miss|p2a: Buzzwole|p1a: Tornadus
|
|-weather|Hail|[upkeep]
|-damage|p1a: Tornadus|58/100 tox|[from] Hail
|-damage|p2a: Buzzwole|86/100|[from] Hail
|-damage|p1a: Tornadus|51/100 tox|[from] psn
|upkeep
|turn|52
|
|t:|1631394440
|switch|p2a: Blissey|Blissey, F|100/100
|move|p1a: Tornadus|U-turn|p2a: Blissey
|-damage|p2a: Blissey|86/100
|
|t:|1631394445
|switch|p1a: Arctozolt|Arctozolt|51/100|[from]move: U-turn
|
|-weather|Hail|[upkeep]
|-damage|p2a: Blissey|80/100|[from] Hail
|-heal|p1a: Arctozolt|58/100|[from] item: Leftovers
|upkeep
|turn|53
|
|t:|1631394455
|move|p1a: Arctozolt|Bolt Beak|p2a: Blissey
|-damage|p2a: Blissey|10/100
|move|p2a: Blissey|Wish|p2a: Blissey
|
|-weather|Hail|[upkeep]
|-damage|p2a: Blissey|4/100|[from] Hail
|-heal|p1a: Arctozolt|64/100|[from] item: Leftovers
|upkeep
|turn|54
|
|t:|1631394464
|move|p2a: Blissey|Protect|p2a: Blissey
|-singleturn|p2a: Blissey|Protect
|move|p1a: Arctozolt|Bolt Beak|p2a: Blissey
|-activate|p2a: Blissey|move: Protect
|
|-weather|Hail|[upkeep]
|-damage|p2a: Blissey|0 fnt|[from] Hail
|faint|p2a: Blissey
|-heal|p1a: Arctozolt|70/100|[from] item: Leftovers
|upkeep
|
|t:|1631394477
|switch|p2a: Scizor|Scizor, M|99/100
|turn|55
|
|t:|1631394494
|switch|p1a: Corviknight|Corviknight, M|89/100
|-ability|p1a: Corviknight|Pressure
|move|p2a: Scizor|Swords Dance|p2a: Scizor
|-boost|p2a: Scizor|atk|2
|
|-weather|Hail|[upkeep]
|-damage|p1a: Corviknight|82/100|[from] Hail
|-damage|p2a: Scizor|93/100|[from] Hail
|-heal|p2a: Scizor|99/100|[from] item: Leftovers
|upkeep
|turn|56
|
|t:|1631394512
|move|p1a: Corviknight|U-turn|p2a: Scizor
|-resisted|p2a: Scizor
|-damage|p2a: Scizor|93/100
|j| Zombini62
|
|t:|1631394521
|switch|p1a: Volcanion|Volcanion|54/100|[from]move: U-turn
|move|p2a: Scizor|Swords Dance|p2a: Scizor
|-boost|p2a: Scizor|atk|2
|
|-weather|Hail|[upkeep]
|-damage|p1a: Volcanion|48/100|[from] Hail
|-damage|p2a: Scizor|87/100|[from] Hail
|-heal|p2a: Scizor|93/100|[from] item: Leftovers
|upkeep
|turn|57
|
|t:|1631394536
|switch|p2a: Buzzwole|Buzzwole|86/100
|move|p1a: Volcanion|Fire Blast|p2a: Buzzwole
|-supereffective|p2a: Buzzwole
|-damage|p2a: Buzzwole|0 fnt
|faint|p2a: Buzzwole
|
|-weather|none
|upkeep
|j| Isaque3
|-message|you have homework forfeited.
|
|win|TheonReekGreyjoy
|raw|TheonReekGreyjoy's rating: 1786 &rarr; <strong>1802</strong><br />(+16 for winning)
|raw|you have homework's rating: 1719 &rarr; <strong>1703</strong><br />(-16 for losing)
|l|☆you have homework
