|j|☆Suricata2000
|j|☆minimax_ai
|t:|1661224449
|gametype|singles
|player|p1|Suricata2000|cynthia|1555
|player|p2|minimax_ai|lusamine-nihilego|1600
|teamsize|p1|6
|teamsize|p2|6
|gen|8
|tier|[Gen 8] OU
|rated|
|rule|Sleep Clause Mod: Limit one foe put to sleep
|rule|Species Clause: Limit one of each Pokémon
|rule|OHKO Clause: OHKO moves are banned
|rule|Evasion Items Clause: Evasion items are banned
|rule|Evasion Moves Clause: Evasion moves are banned
|rule|Endless Battle Clause: Forcing endless battles is banned
|rule|HP Percentage Mod: HP is shown in percentages
|rule|Dynamax Clause: You cannot dynamax
|clearpoke
|poke|p1|Clefable, F|
|poke|p1|Tornadus-Therian, M|
|poke|p1|Nidoking, M|
|poke|p1|Slowbro, M|
|poke|p1|Urshifu-*, M|
|poke|p1|Ferrothorn, M|
|poke|p2|Rotom-Wash|
|poke|p2|Weavile, F|
|poke|p2|Landorus-Therian, M|
|poke|p2|Heatran, M|
|poke|p2|Tangrowth, F|
|poke|p2|Melmetal|
|teampreview
|c|☆minimax_ai|hf
|inactive|Battle timer is ON: inactive players will automatically lose when time's up. (requested by minimax_ai)
|
|t:|1661224463
|start
|switch|p1a: Tornadus|Tornadus-Therian, M, shiny|100/100
|switch|p2a: landorustherian|Landorus-Therian, M|100/100
|-ability|p2a: landorustherian|Intimidate|boost
|-unboost|p1a: Tornadus|atk|1
|turn|1
|
|t:|1661224473
|move|p1a: Tornadus|Knock Off|p2a: landorustherian
|-damage|p2a: landorustherian|88/100
|-enditem|p2a: landorustherian|Leftovers|[from] move: Knock Off|[of] p1a: Tornadus
|move|p2a: landorustherian|Earthquake|p1a: Tornadus
|-immune|p1a: Tornadus
|
|upkeep
|turn|2
|
|t:|1661224481
|move|p1a: Tornadus|Icy Wind|p2a: landorustherian
|-supereffective|p2a: landorustherian
|-damage|p2a: landorustherian|46/100
|-unboost|p2a: landorustherian|spe|1
|move|p2a: landorustherian|Earthquake|p1a: Tornadus
|-immune|p1a: Tornadus
|
|upkeep
|turn|3
|
|t:|1661224490
|switch|p2a: rotomwash|Rotom-Wash|100/100
|move|p1a: Tornadus|U-turn|p2a: rotomwash
|-damage|p2a: rotomwash|90/100
|
|t:|1661224495
|switch|p1a: Clefable|Clefable, F|100/100|[from]move: U-turn
|
|-heal|p2a: rotomwash|96/100|[from] item: Leftovers
|upkeep
|turn|4
|
|t:|1661224502
|move|p2a: rotomwash|Nasty Plot|p2a: rotomwash
|-boost|p2a: rotomwash|spa|2
|move|p1a: Clefable|Stealth Rock|p2a: rotomwash
|-sidestart|p2: minimax_ai|move: Stealth Rock
|
|-heal|p2a: rotomwash|100/100|[from] item: Leftovers
|upkeep
|turn|5
|
|t:|1661224522
|move|p2a: rotomwash|Thunderbolt|p1a: Clefable
|-damage|p1a: Clefable|49/100
|move|p1a: Clefable|Moonblast|p2a: rotomwash
|-damage|p2a: rotomwash|65/100
|
|-heal|p2a: rotomwash|71/100|[from] item: Leftovers
|-heal|p1a: Clefable|55/100|[from] item: Leftovers
|upkeep
|turn|6
|
|t:|1661224532
|move|p2a: rotomwash|Thunderbolt|p1a: Clefable
|-damage|p1a: Clefable|6/100
|move|p1a: Clefable|Moonblast|p2a: rotomwash
|-damage|p2a: rotomwash|40/100
|
|-heal|p2a: rotomwash|47/100|[from] item: Leftovers
|-heal|p1a: Clefable|12/100|[from] item: Leftovers
|upkeep
|turn|7
|
|t:|1661224541
|move|p2a: rotomwash|Hydro Pump|p1a: Clefable|[miss]
|-miss|p2a: rotomwash|p1a: Clefable
|move|p1a: Clefable|Moonblast|p2a: rotomwash
|-damage|p2a: rotomwash|16/100
|-unboost|p2a: rotomwash|spa|1
|
|-heal|p2a: rotomwash|22/100|[from] item: Leftovers
|-heal|p1a: Clefable|18/100|[from] item: Leftovers
|upkeep
|turn|8
|
|t:|1661224553
|move|p2a: rotomwash|Hydro Pump|p1a: Clefable
|-damage|p1a: Clefable|0 fnt
|faint|p1a: Clefable
|
|-heal|p2a: rotomwash|28/100|[from] item: Leftovers
|upkeep
|
|t:|1661224562
|switch|p1a: Urshifu|Urshifu-Rapid-Strike, M|100/100
|turn|9
|
|t:|1661224571
|switch|p2a: Tangrowth|Tangrowth, F|100/100
|-damage|p2a: Tangrowth|88/100|[from] Stealth Rock
|move|p1a: Urshifu|Close Combat|p2a: Tangrowth
|-damage|p2a: Tangrowth|58/100
|-unboost|p1a: Urshifu|def|1
|-unboost|p1a: Urshifu|spd|1
|-damage|p1a: Urshifu|84/100|[from] item: Rocky Helmet|[of] p2a: Tangrowth
|
|upkeep
|turn|10
|
|t:|1661224584
|switch|p1a: Nidoking|Nidoking, M|100/100
|move|p2a: Tangrowth|Giga Drain|p1a: Nidoking
|-damage|p1a: Nidoking|61/100
|-heal|p2a: Tangrowth|73/100|[from] drain|[of] p1a: Nidoking
|
|upkeep
|turn|11
|
|t:|1661224592
|switch|p2a: Heatran|Heatran, M|100/100
|-damage|p2a: Heatran|88/100|[from] Stealth Rock
|-item|p2a: Heatran|Air Balloon
|move|p1a: Nidoking|Sludge Wave|p2a: Heatran
|-immune|p2a: Heatran
|
|upkeep
|turn|12
|
|t:|1661224607
|switch|p1a: Urshifu|Urshifu-Rapid-Strike, M|84/100
|move|p2a: Heatran|Eruption|p1a: Urshifu
|-resisted|p1a: Urshifu
|-damage|p1a: Urshifu|32/100
|
|upkeep
|turn|13
|
|t:|1661224615
|switch|p2a: Tangrowth|Tangrowth, F|100/100
|-damage|p2a: Tangrowth|88/100|[from] Stealth Rock
|move|p1a: Urshifu|U-turn|p2a: Tangrowth
|-supereffective|p2a: Tangrowth
|-damage|p2a: Tangrowth|62/100
|-damage|p1a: Urshifu|16/100|[from] item: Rocky Helmet|[of] p2a: Tangrowth
|
|t:|1661224624
|switch|p1a: Nidoking|Nidoking, M|61/100|[from]move: U-turn
|
|upkeep
|turn|14
|
|t:|1661224629
|switch|p2a: Heatran|Heatran, M|88/100
|-damage|p2a: Heatran|76/100|[from] Stealth Rock
|-item|p2a: Heatran|Air Balloon
|move|p1a: Nidoking|Ice Beam|p2a: Heatran
|-resisted|p2a: Heatran
|-damage|p2a: Heatran|66/100
|-enditem|p2a: Heatran|Air Balloon
|
|upkeep
|turn|15
|
|t:|1661224640
|switch|p2a: rotomwash|Rotom-Wash|28/100
|-damage|p2a: rotomwash|16/100|[from] Stealth Rock
|move|p1a: Nidoking|Earth Power|p2a: rotomwash
|-immune|p2a: rotomwash|[from] ability: Levitate
|
|-heal|p2a: rotomwash|22/100|[from] item: Leftovers
|upkeep
|turn|16
|
|t:|1661224653
|switch|p1a: Ferrothorn|Ferrothorn, M|100/100
|move|p2a: rotomwash|Hydro Pump|p1a: Ferrothorn
|-resisted|p1a: Ferrothorn
|-damage|p1a: Ferrothorn|84/100
|
|-heal|p2a: rotomwash|28/100|[from] item: Leftovers
|-heal|p1a: Ferrothorn|90/100|[from] item: Leftovers
|upkeep
|turn|17
|
|t:|1661224667
|move|p2a: rotomwash|Pain Split|p1a: Ferrothorn
|-sethp|p1a: Ferrothorn|57/100|[from] move: Pain Split|[silent]
|-sethp|p2a: rotomwash|66/100|[from] move: Pain Split
|move|p1a: Ferrothorn|Knock Off|p2a: rotomwash
|-damage|p2a: rotomwash|43/100
|-enditem|p2a: rotomwash|Leftovers|[from] move: Knock Off|[of] p1a: Ferrothorn
|
|-heal|p1a: Ferrothorn|63/100|[from] item: Leftovers
|upkeep
|turn|18
|
|t:|1661224681
|switch|p2a: Tangrowth|Tangrowth, F|95/100
|-damage|p2a: Tangrowth|83/100|[from] Stealth Rock
|move|p1a: Ferrothorn|Spikes|p2a: Tangrowth
|-sidestart|p2: minimax_ai|Spikes
|
|-heal|p1a: Ferrothorn|69/100|[from] item: Leftovers
|upkeep
|turn|19
|
|t:|1661224690
|switch|p1a: Nidoking|Nidoking, M|61/100
|move|p2a: Tangrowth|Knock Off|p1a: Nidoking
|-damage|p1a: Nidoking|30/100
|-enditem|p1a: Nidoking|Life Orb|[from] move: Knock Off|[of] p2a: Tangrowth
|
|upkeep
|turn|20
|
|t:|1661224699
|switch|p2a: landorustherian|Landorus-Therian, M|46/100
|-damage|p2a: landorustherian|33/100|[from] Stealth Rock
|-ability|p2a: landorustherian|Intimidate|boost
|-unboost|p1a: Nidoking|atk|1
|move|p1a: Nidoking|Sludge Wave|p2a: landorustherian
|-resisted|p2a: landorustherian
|-damage|p2a: landorustherian|17/100
|
|upkeep
|turn|21
|
|t:|1661224709
|switch|p1a: Tornadus|Tornadus-Therian, M, shiny|100/100
|move|p2a: landorustherian|Defog|p1a: Tornadus
|-unboost|p1a: Tornadus|evasion|1
|-sideend|p2: minimax_ai|Spikes|[from] move: Defog|[of] p2a: landorustherian
|-sideend|p2: minimax_ai|Stealth Rock|[from] move: Defog|[of] p2a: landorustherian
|
|upkeep
|turn|22
|
|t:|1661224717
|switch|p2a: Melmetal|Melmetal|100/100
|move|p1a: Tornadus|Icy Wind|p2a: Melmetal
|-resisted|p2a: Melmetal
|-damage|p2a: Melmetal|97/100
|-unboost|p2a: Melmetal|spe|1
|
|upkeep
|turn|23
|
|t:|1661224726
|move|p1a: Tornadus|U-turn|p2a: Melmetal
|-resisted|p2a: Melmetal
|-damage|p2a: Melmetal|93/100
|
|t:|1661224729
|switch|p1a: Slowbro|Slowbro, M|100/100|[from]move: U-turn
|move|p2a: Melmetal|Ice Punch|p1a: Slowbro
|-resisted|p1a: Slowbro
|-damage|p1a: Slowbro|91/100
|
|upkeep
|turn|24
|
|t:|1661224737
|move|p2a: Melmetal|Thunder Punch|p1a: Slowbro
|-supereffective|p1a: Slowbro
|-damage|p1a: Slowbro|54/100
|move|p1a: Slowbro|Teleport|p1a: Slowbro
|
|t:|1661224742
|switch|p1a: Urshifu|Urshifu-Rapid-Strike, M|16/100|[from]move: Teleport
|
|upkeep
|turn|25
|
|t:|1661224748
|switch|p1a: Nidoking|Nidoking, M|30/100
|move|p2a: Melmetal|Earthquake|p1a: Nidoking
|-supereffective|p1a: Nidoking
|-damage|p1a: Nidoking|0 fnt
|faint|p1a: Nidoking
|
|upkeep
|-message|Suricata2000 forfeited.
|
|win|minimax_ai
|raw|Suricata2000's rating: 1555 &rarr; <strong>1538</strong><br />(-17 for losing)
|raw|minimax_ai's rating: 1600 &rarr; <strong>1617</strong><br />(+17 for winning)
|c|☆minimax_ai|gg
|l|☆Suricata2000
