|html|<div class="broadcast-blue"><strong>[Gen 8] OU is currently suspecting Melmetal! For information on how to participate check out the <a href="https://www.smogon.com/forums/threads/np-ss-ou-suspect-process-round-12-monster-mash.3709234/">suspect thread</a>.</strong></div>
|j|☆Not Sarcasm
|j|☆Highv0ltag3
|t:|1665703151
|gametype|singles
|player|p1|Not Sarcasm|102|1743
|player|p2|Highv0ltag3|volo|1723
|teamsize|p1|6
|teamsize|p2|6
|gen|8
|tier|[Gen 8] OU
|rated|
|rule|Sleep Clause Mod: Limit one foe put to sleep
|rule|Species Clause: Limit one of each Pokémon
|rule|OHKO Clause: OHKO moves are banned
|rule|Evasion Items Clause: Evasion items are banned
|rule|Evasion Moves Clause: Evasion moves are banned
|rule|Endless Battle Clause: Forcing endless battles is banned
|rule|HP Percentage Mod: HP is shown in percentages
|rule|Dynamax Clause: You cannot dynamax
|clearpoke
|poke|p1|Rillaboom, M|
|poke|p1|Tornadus-Therian, M|
|poke|p1|Blaziken, F|
|poke|p1|Melmetal|
|poke|p1|Garchomp, M|
|poke|p1|Slowbro, F|
|poke|p2|Tornadus-Therian, M|
|poke|p2|Chansey, F|
|poke|p2|Hippowdon, M|
|poke|p2|Corviknight, F|
|poke|p2|Toxapex, M|
|poke|p2|Clefable, F|
|teampreview
|inactive|Battle timer is ON: inactive players will automatically lose when time's up. (requested by Not Sarcasm)
|
|t:|1665703164
|start
|switch|p1a: Tornadus|Tornadus-Therian, M|100/100
|switch|p2a: Tornadus|Tornadus-Therian, M|100/100
|turn|1
|
|t:|1665703168
|move|p2a: Tornadus|Knock Off|p1a: Tornadus
|-damage|p1a: Tornadus|80/100
|-enditem|p1a: Tornadus|Heavy-Duty Boots|[from] move: Knock Off|[of] p2a: Tornadus
|move|p1a: Tornadus|Knock Off|p2a: Tornadus
|-damage|p2a: Tornadus|78/100
|-enditem|p2a: Tornadus|Heavy-Duty Boots|[from] move: Knock Off|[of] p1a: Tornadus
|
|upkeep
|turn|2
|
|t:|1665703176
|move|p2a: Tornadus|Hurricane|p1a: Tornadus
|-damage|p1a: Tornadus|41/100
|move|p1a: Tornadus|U-turn|p2a: Tornadus
|-resisted|p2a: Tornadus
|-damage|p2a: Tornadus|71/100
|
|t:|1665703181
|switch|p1a: Melmetal|Melmetal|100/100|[from]move: U-turn
|
|upkeep
|turn|3
|
|t:|1665703186
|switch|p2a: Toxapex|Toxapex, M|100/100
|switch|p1a: Tornadus|Tornadus-Therian, M|75/100
|
|upkeep
|turn|4
|
|t:|1665703191
|switch|p2a: Tornadus|Tornadus-Therian, M|100/100
|move|p1a: Tornadus|Knock Off|p2a: Tornadus
|-damage|p2a: Tornadus|88/100
|
|upkeep
|turn|5
|
|t:|1665703196
|move|p2a: Tornadus|Nasty Plot|p2a: Tornadus
|-boost|p2a: Tornadus|spa|2
|move|p1a: Tornadus|U-turn|p2a: Tornadus
|-resisted|p2a: Tornadus
|-damage|p2a: Tornadus|80/100
|
|t:|1665703202
|switch|p1a: Blaziken|Blaziken, F|100/100|[from]move: U-turn
|
|upkeep
|turn|6
|
|t:|1665703206
|switch|p2a: Hippowdon|Hippowdon, M|100/100
|-weather|Sandstorm|[from] ability: Sand Stream|[of] p2a: Hippowdon
|move|p1a: Blaziken|Protect||[still]
|-fail|p1a: Blaziken
|
|-weather|Sandstorm|[upkeep]
|-damage|p1a: Blaziken|94/100|[from] Sandstorm
|-heal|p1a: Blaziken|100/100|[from] item: Leftovers
|-ability|p1a: Blaziken|Speed Boost|boost
|-boost|p1a: Blaziken|spe|1
|upkeep
|turn|7
|j| BathrFox
|
|t:|1665703215
|switch|p1a: Garchomp|Garchomp, M|100/100
|move|p2a: Hippowdon|Stealth Rock|p1a: Garchomp
|-sidestart|p1: Not Sarcasm|move: Stealth Rock
|
|-weather|Sandstorm|[upkeep]
|upkeep
|turn|8
|
|t:|1665703220
|move|p1a: Garchomp|Toxic|p2a: Hippowdon
|-status|p2a: Hippowdon|tox
|move|p2a: Hippowdon|Toxic|p1a: Garchomp
|-status|p1a: Garchomp|tox
|
|-weather|Sandstorm|[upkeep]
|-damage|p1a: Garchomp|94/100 tox|[from] psn
|-damage|p2a: Hippowdon|94/100 tox|[from] psn
|upkeep
|turn|9
|
|t:|1665703227
|switch|p2a: Corviknight|Corviknight, F|100/100
|-ability|p2a: Corviknight|Pressure
|move|p1a: Garchomp|Stealth Rock|p2a: Corviknight
|-sidestart|p2: Highv0ltag3|move: Stealth Rock
|
|-weather|Sandstorm|[upkeep]
|-heal|p1a: Garchomp|100/100 tox|[from] item: Leftovers
|-damage|p1a: Garchomp|88/100 tox|[from] psn
|upkeep
|turn|10
|
|t:|1665703236
|switch|p1a: Slowbro|Slowbro, F|100/100
|-damage|p1a: Slowbro|88/100|[from] Stealth Rock
|move|p2a: Corviknight|Defog|p1a: Slowbro
|-unboost|p1a: Slowbro|evasion|1
|-sideend|p1: Not Sarcasm|Stealth Rock|[from] move: Defog|[of] p2a: Corviknight
|-sideend|p2: Highv0ltag3|Stealth Rock|[from] move: Defog|[of] p2a: Corviknight
|
|-weather|none
|upkeep
|turn|11
|
|t:|1665703244
|switch|p2a: Toxapex|Toxapex, M|100/100
|move|p1a: Slowbro|Future Sight|p2a: Toxapex
|-start|p1a: Slowbro|move: Future Sight
|
|upkeep
|turn|12
|
|t:|1665703254
|move|p2a: Toxapex|Light Screen|p2a: Toxapex
|-sidestart|p2: Highv0ltag3|move: Light Screen
|move|p1a: Slowbro|Teleport|p1a: Slowbro
|
|t:|1665703256
|switch|p1a: Blaziken|Blaziken, F|100/100|[from]move: Teleport
|
|upkeep
|turn|13
|
|t:|1665703266
|move|p1a: Blaziken|Swords Dance|p1a: Blaziken
|-boost|p1a: Blaziken|atk|2
|move|p2a: Toxapex|Haze|p2a: Toxapex
|-clearallboost
|
|-end|p2a: Toxapex|move: Future Sight
|-supereffective|p2a: Toxapex
|-damage|p2a: Toxapex|67/100
|-ability|p1a: Blaziken|Speed Boost|boost
|-boost|p1a: Blaziken|spe|1
|upkeep
|turn|14
|
|t:|1665703277
|switch|p1a: Slowbro|Slowbro, F|100/100
|move|p2a: Toxapex|Knock Off|p1a: Slowbro
|-supereffective|p1a: Slowbro
|-damage|p1a: Slowbro|86/100
|-damage|p2a: Toxapex|50/100|[from] item: Rocky Helmet|[of] p1a: Slowbro
|-enditem|p1a: Slowbro|Rocky Helmet|[from] move: Knock Off|[of] p2a: Toxapex
|
|upkeep
|turn|15
|
|t:|1665703296
|switch|p2a: Clefable|Clefable, F|100/100
|move|p1a: Slowbro|Future Sight|p2a: Clefable
|-start|p1a: Slowbro|move: Future Sight
|
|upkeep
|turn|16
|
|t:|1665703301
|move|p2a: Clefable|Calm Mind|p2a: Clefable
|-boost|p2a: Clefable|spa|1
|-boost|p2a: Clefable|spd|1
|move|p1a: Slowbro|Toxic|p2a: Clefable
|-status|p2a: Clefable|tox
|
|-damage|p2a: Clefable|94/100 tox|[from] psn
|-sideend|p2: Highv0ltag3|move: Light Screen
|upkeep
|turn|17
|
|t:|1665703312
|switch|p2a: Chansey|Chansey, F|100/100
|move|p1a: Slowbro|Teleport|p1a: Slowbro
|
|t:|1665703315
|switch|p1a: Blaziken|Blaziken, F|100/100|[from]move: Teleport
|
|-end|p2a: Chansey|move: Future Sight
|-damage|p2a: Chansey|88/100
|upkeep
|turn|18
|
|t:|1665703321
|switch|p2a: Toxapex|Toxapex, M|84/100
|move|p1a: Blaziken|Close Combat|p2a: Toxapex
|-resisted|p2a: Toxapex
|-damage|p2a: Toxapex|66/100
|-unboost|p1a: Blaziken|def|1
|-unboost|p1a: Blaziken|spd|1
|
|-ability|p1a: Blaziken|Speed Boost|boost
|-boost|p1a: Blaziken|spe|1
|upkeep
|turn|19
|
|t:|1665703338
|switch|p1a: Rillaboom|Rillaboom, M|100/100
|-fieldstart|move: Grassy Terrain|[from] ability: Grassy Surge|[of] p1a: Rillaboom
|move|p2a: Toxapex|Knock Off|p1a: Rillaboom
|-damage|p1a: Rillaboom|87/100
|-enditem|p1a: Rillaboom|Leftovers|[from] move: Knock Off|[of] p2a: Toxapex
|
|-heal|p1a: Rillaboom|93/100|[from] Grassy Terrain
|-heal|p2a: Toxapex|72/100|[from] Grassy Terrain
|upkeep
|turn|20
|l| BathrFox
|
|t:|1665703349
|switch|p1a: Melmetal|Melmetal|100/100
|move|p2a: Toxapex|Haze|p2a: Toxapex
|-clearallboost
|
|-heal|p2a: Toxapex|78/100|[from] Grassy Terrain
|upkeep
|turn|21
|
|t:|1665703356
|move|p1a: Melmetal|Thunder Punch|p2a: Toxapex
|-supereffective|p2a: Toxapex
|-damage|p2a: Toxapex|31/100
|move|p2a: Toxapex|Knock Off|p1a: Melmetal
|-damage|p1a: Melmetal|92/100
|-enditem|p1a: Melmetal|Leftovers|[from] move: Knock Off|[of] p2a: Toxapex
|
|-heal|p1a: Melmetal|99/100|[from] Grassy Terrain
|-heal|p2a: Toxapex|38/100|[from] Grassy Terrain
|upkeep
|turn|22
|
|t:|1665703365
|switch|p2a: Chansey|Chansey, F|88/100
|move|p1a: Melmetal|Double Iron Bash|p2a: Chansey
|-crit|p2a: Chansey
|-damage|p2a: Chansey|45/100
|-damage|p2a: Chansey|14/100
|-hitcount|p2a: Chansey|2
|
|-heal|p2a: Chansey|21/100|[from] Grassy Terrain
|-heal|p1a: Melmetal|100/100|[from] Grassy Terrain
|upkeep
|turn|23
|
|t:|1665703374
|move|p2a: Chansey|Soft-Boiled|p2a: Chansey
|-heal|p2a: Chansey|71/100
|move|p1a: Melmetal|Thunder Punch|p2a: Chansey
|-damage|p2a: Chansey|47/100
|
|-heal|p2a: Chansey|53/100|[from] Grassy Terrain
|-fieldend|move: Grassy Terrain
|upkeep
|turn|24
|
|t:|1665703381
|switch|p2a: Corviknight|Corviknight, F|100/100
|-ability|p2a: Corviknight|Pressure
|move|p1a: Melmetal|Superpower|p2a: Corviknight
|-damage|p2a: Corviknight|70/100
|-unboost|p1a: Melmetal|atk|1
|-unboost|p1a: Melmetal|def|1
|
|upkeep
|turn|25
|
|t:|1665703388
|switch|p2a: Chansey|Chansey, F|53/100
|move|p1a: Melmetal|Thunder Punch|p2a: Chansey
|-damage|p2a: Chansey|37/100
|
|upkeep
|turn|26
|
|t:|1665703394
|move|p2a: Chansey|Soft-Boiled|p2a: Chansey
|-heal|p2a: Chansey|87/100
|move|p1a: Melmetal|Superpower|p2a: Chansey
|-supereffective|p2a: Chansey
|-damage|p2a: Chansey|41/100
|-unboost|p1a: Melmetal|atk|1
|-unboost|p1a: Melmetal|def|1
|
|upkeep
|turn|27
|
|t:|1665703405
|switch|p1a: Blaziken|Blaziken, F|100/100
|move|p2a: Chansey|Heal Bell|p2a: Chansey
|-activate|p2a: Chansey|move: Heal Bell
|-curestatus|p2: Clefable|tox|[msg]
|-curestatus|p2: Hippowdon|tox|[msg]
|
|upkeep
|turn|28
|
|t:|1665703413
|switch|p1a: Melmetal|Melmetal|100/100
|switch|p2a: Toxapex|Toxapex, M|71/100
|
|upkeep
|turn|29
|
|t:|1665703419
|switch|p2a: Corviknight|Corviknight, F|70/100
|-ability|p2a: Corviknight|Pressure
|move|p1a: Melmetal|Double Iron Bash|p2a: Corviknight
|-resisted|p2a: Corviknight
|-damage|p2a: Corviknight|57/100
|-resisted|p2a: Corviknight
|-damage|p2a: Corviknight|41/100
|-hitcount|p2a: Corviknight|2
|
|upkeep
|turn|30
|
|t:|1665703427
|move|p2a: Corviknight|Roost|p2a: Corviknight
|-heal|p2a: Corviknight|91/100
|-singleturn|p2a: Corviknight|move: Roost
|move|p1a: Melmetal|Thunder Punch|p2a: Corviknight
|-damage|p2a: Corviknight|68/100
|
|upkeep
|turn|31
|
|t:|1665703433
|move|p2a: Corviknight|Iron Defense|p2a: Corviknight
|-boost|p2a: Corviknight|def|2
|move|p1a: Melmetal|Thunder Punch|p2a: Corviknight
|-supereffective|p2a: Corviknight
|-damage|p2a: Corviknight|43/100
|-status|p2a: Corviknight|par
|
|upkeep
|turn|32
|j| Aitana y Zoilo
|
|t:|1665703439
|move|p1a: Melmetal|Double Iron Bash|p2a: Corviknight
|-resisted|p2a: Corviknight
|-damage|p2a: Corviknight|36/100 par
|-resisted|p2a: Corviknight
|-crit|p2a: Corviknight
|-damage|p2a: Corviknight|14/100 par
|-hitcount|p2a: Corviknight|2
|cant|p2a: Corviknight|flinch
|
|upkeep
|turn|33
|
|t:|1665703445
|move|p1a: Melmetal|Double Iron Bash|p2a: Corviknight
|-resisted|p2a: Corviknight
|-damage|p2a: Corviknight|7/100 par
|-resisted|p2a: Corviknight
|-damage|p2a: Corviknight|0 fnt
|faint|p2a: Corviknight
|-hitcount|p2: Corviknight|2
|
|upkeep
|
|t:|1665703460
|switch|p2a: Chansey|Chansey, F|41/100
|turn|34
|
|t:|1665703463
|switch|p2a: Toxapex|Toxapex, M|100/100
|move|p1a: Melmetal|Superpower|p2a: Toxapex
|-resisted|p2a: Toxapex
|-damage|p2a: Toxapex|87/100
|-unboost|p1a: Melmetal|atk|1
|-unboost|p1a: Melmetal|def|1
|
|upkeep
|turn|35
|
|t:|1665703472
|switch|p1a: Garchomp|Garchomp, M|88/100 tox
|switch|p2a: Hippowdon|Hippowdon, M|94/100
|-weather|Sandstorm|[from] ability: Sand Stream|[of] p2a: Hippowdon
|
|-weather|Sandstorm|[upkeep]
|-heal|p1a: Garchomp|94/100 tox|[from] item: Leftovers
|-heal|p2a: Hippowdon|100/100|[from] item: Leftovers
|-damage|p1a: Garchomp|88/100 tox|[from] psn
|upkeep
|turn|36
|
|t:|1665703481
|switch|p2a: Toxapex|Toxapex, M|100/100
|move|p1a: Garchomp|Stealth Rock|p2a: Toxapex
|-sidestart|p2: Highv0ltag3|move: Stealth Rock
|
|-weather|Sandstorm|[upkeep]
|-damage|p2a: Toxapex|94/100|[from] Sandstorm
|-heal|p1a: Garchomp|94/100 tox|[from] item: Leftovers
|-damage|p1a: Garchomp|82/100 tox|[from] psn
|upkeep
|turn|37
|
|t:|1665703489
|switch|p2a: Tornadus|Tornadus-Therian, M|100/100
|-damage|p2a: Tornadus|76/100|[from] Stealth Rock
|move|p1a: Garchomp|Earthquake|p2a: Tornadus
|-immune|p2a: Tornadus
|
|-weather|Sandstorm|[upkeep]
|-damage|p2a: Tornadus|70/100|[from] Sandstorm
|-heal|p1a: Garchomp|88/100 tox|[from] item: Leftovers
|-damage|p1a: Garchomp|69/100 tox|[from] psn
|upkeep
|turn|38
|
|t:|1665703499
|switch|p2a: Toxapex|Toxapex, M|100/100
|-damage|p2a: Toxapex|88/100|[from] Stealth Rock
|move|p1a: Garchomp|Toxic|p2a: Toxapex
|-immune|p2a: Toxapex
|
|-weather|Sandstorm|[upkeep]
|-damage|p2a: Toxapex|82/100|[from] Sandstorm
|-heal|p1a: Garchomp|76/100 tox|[from] item: Leftovers
|-damage|p1a: Garchomp|51/100 tox|[from] psn
|upkeep
|turn|39
|j|+Mengy ㋛
|
|t:|1665703509
|switch|p1a: Slowbro|Slowbro, F|100/100
|move|p2a: Toxapex|Recover|p2a: Toxapex
|-heal|p2a: Toxapex|100/100
|
|-weather|none
|upkeep
|turn|40
|
|t:|1665703515
|move|p2a: Toxapex|Knock Off|p1a: Slowbro
|-supereffective|p1a: Slowbro
|-damage|p1a: Slowbro|89/100
|move|p1a: Slowbro|Teleport|p1a: Slowbro
|
|t:|1665703525
|switch|p1a: Melmetal|Melmetal|100/100|[from]move: Teleport
|
|upkeep
|turn|41
|
|t:|1665703534
|switch|p2a: Hippowdon|Hippowdon, M|100/100
|-damage|p2a: Hippowdon|94/100|[from] Stealth Rock
|-weather|Sandstorm|[from] ability: Sand Stream|[of] p2a: Hippowdon
|move|p1a: Melmetal|Thunder Punch|p2a: Hippowdon
|-immune|p2a: Hippowdon
|
|-weather|Sandstorm|[upkeep]
|-heal|p2a: Hippowdon|100/100|[from] item: Leftovers
|upkeep
|turn|42
|
|t:|1665703543
|switch|p1a: Slowbro|Slowbro, F|100/100
|move|p2a: Hippowdon|Stealth Rock|p1a: Slowbro
|-sidestart|p1: Not Sarcasm|move: Stealth Rock
|
|-weather|Sandstorm|[upkeep]
|-damage|p1a: Slowbro|94/100|[from] Sandstorm
|upkeep
|turn|43
|
|t:|1665703549
|switch|p2a: Toxapex|Toxapex, M|100/100
|-damage|p2a: Toxapex|88/100|[from] Stealth Rock
|move|p1a: Slowbro|Teleport|p1a: Slowbro
|
|t:|1665703554
|switch|p1a: Tornadus|Tornadus-Therian, M|100/100|[from]move: Teleport
|-damage|p1a: Tornadus|76/100|[from] Stealth Rock
|
|-weather|Sandstorm|[upkeep]
|-damage|p1a: Tornadus|70/100|[from] Sandstorm
|-damage|p2a: Toxapex|82/100|[from] Sandstorm
|upkeep
|turn|44
|j| hoyssxo
|
|t:|1665703564
|move|p1a: Tornadus|U-turn|p2a: Toxapex
|-resisted|p2a: Toxapex
|-damage|p2a: Toxapex|77/100
|
|t:|1665703567
|switch|p1a: Slowbro|Slowbro, F|100/100|[from]move: U-turn
|-damage|p1a: Slowbro|88/100|[from] Stealth Rock
|move|p2a: Toxapex|Knock Off|p1a: Slowbro
|-supereffective|p1a: Slowbro
|-damage|p1a: Slowbro|77/100
|
|-weather|Sandstorm|[upkeep]
|-damage|p2a: Toxapex|71/100|[from] Sandstorm
|-damage|p1a: Slowbro|71/100|[from] Sandstorm
|upkeep
|turn|45
|
|t:|1665703575
|move|p2a: Toxapex|Knock Off|p1a: Slowbro
|-supereffective|p1a: Slowbro
|-damage|p1a: Slowbro|60/100
|move|p1a: Slowbro|Teleport|p1a: Slowbro
|
|t:|1665703579
|switch|p1a: Melmetal|Melmetal|100/100|[from]move: Teleport
|-damage|p1a: Melmetal|94/100|[from] Stealth Rock
|
|-weather|none
|upkeep
|turn|46
|
|t:|1665703584
|switch|p1a: Slowbro|Slowbro, F|93/100
|-damage|p1a: Slowbro|80/100|[from] Stealth Rock
|switch|p2a: Hippowdon|Hippowdon, M|100/100
|-damage|p2a: Hippowdon|94/100|[from] Stealth Rock
|-weather|Sandstorm|[from] ability: Sand Stream|[of] p2a: Hippowdon
|
|-weather|Sandstorm|[upkeep]
|-damage|p1a: Slowbro|74/100|[from] Sandstorm
|-heal|p2a: Hippowdon|100/100|[from] item: Leftovers
|upkeep
|turn|47
|
|t:|1665703596
|switch|p2a: Toxapex|Toxapex, M|100/100
|-damage|p2a: Toxapex|88/100|[from] Stealth Rock
|move|p1a: Slowbro|Toxic|p2a: Toxapex
|-immune|p2a: Toxapex
|
|-weather|Sandstorm|[upkeep]
|-damage|p2a: Toxapex|82/100|[from] Sandstorm
|-damage|p1a: Slowbro|68/100|[from] Sandstorm
|upkeep
|turn|48
|
|t:|1665703605
|move|p2a: Toxapex|Haze|p2a: Toxapex
|-clearallboost
|move|p1a: Slowbro|Future Sight|p2a: Toxapex
|-start|p1a: Slowbro|move: Future Sight
|
|-weather|Sandstorm|[upkeep]
|-damage|p2a: Toxapex|75/100|[from] Sandstorm
|-damage|p1a: Slowbro|62/100|[from] Sandstorm
|upkeep
|turn|49
|
|t:|1665703611
|move|p2a: Toxapex|Light Screen|p2a: Toxapex
|-sidestart|p2: Highv0ltag3|move: Light Screen
|move|p1a: Slowbro|Teleport|p1a: Slowbro
|
|t:|1665703617
|switch|p1a: Melmetal|Melmetal|94/100|[from]move: Teleport
|-damage|p1a: Melmetal|88/100|[from] Stealth Rock
|
|-weather|Sandstorm|[upkeep]
|-damage|p2a: Toxapex|69/100|[from] Sandstorm
|upkeep
|turn|50
|
|t:|1665703632
|switch|p1a: Rillaboom|Rillaboom, M|93/100
|-damage|p1a: Rillaboom|81/100|[from] Stealth Rock
|-fieldstart|move: Grassy Terrain|[from] ability: Grassy Surge|[of] p1a: Rillaboom
|move|p2a: Toxapex|Recover|p2a: Toxapex
|-heal|p2a: Toxapex|100/100
|
|-weather|none
|-end|p2a: Toxapex|move: Future Sight
|-supereffective|p2a: Toxapex
|-damage|p2a: Toxapex|67/100
|-heal|p1a: Rillaboom|87/100|[from] Grassy Terrain
|-heal|p2a: Toxapex|73/100|[from] Grassy Terrain
|upkeep
|turn|51
|
|t:|1665703646
|switch|p2a: Tornadus|Tornadus-Therian, M|100/100
|-damage|p2a: Tornadus|76/100|[from] Stealth Rock
|move|p1a: Rillaboom|Swords Dance|p1a: Rillaboom
|-boost|p1a: Rillaboom|atk|2
|
|-heal|p1a: Rillaboom|93/100|[from] Grassy Terrain
|upkeep
|turn|52
|
|t:|1665703654
|move|p1a: Rillaboom|Grassy Glide|p2a: Tornadus
|-resisted|p2a: Tornadus
|-damage|p2a: Tornadus|26/100
|move|p2a: Tornadus|Hurricane|p1a: Rillaboom
|-supereffective|p1a: Rillaboom
|-damage|p1a: Rillaboom|3/100
|-start|p1a: Rillaboom|confusion
|
|-heal|p1a: Rillaboom|9/100|[from] Grassy Terrain
|upkeep
|turn|53
|
|t:|1665703663
|switch|p2a: Clefable|Clefable, F|94/100
|-activate|p1a: Rillaboom|confusion
|move|p1a: Rillaboom|Grassy Glide|p2a: Clefable
|-damage|p2a: Clefable|56/100
|
|-heal|p1a: Rillaboom|15/100|[from] Grassy Terrain
|-heal|p2a: Clefable|62/100|[from] Grassy Terrain
|-sideend|p2: Highv0ltag3|move: Light Screen
|upkeep
|turn|54
|
|t:|1665703673
|switch|p1a: Slowbro|Slowbro, F|95/100
|-damage|p1a: Slowbro|83/100|[from] Stealth Rock
|move|p2a: Clefable|Flamethrower|p1a: Slowbro
|-resisted|p1a: Slowbro
|-damage|p1a: Slowbro|74/100
|
|-heal|p2a: Clefable|68/100|[from] Grassy Terrain
|-heal|p1a: Slowbro|80/100|[from] Grassy Terrain
|-fieldend|move: Grassy Terrain
|upkeep
|turn|55
|
|t:|1665703682
|switch|p2a: Toxapex|Toxapex, M|100/100
|-damage|p2a: Toxapex|88/100|[from] Stealth Rock
|move|p1a: Slowbro|Teleport|p1a: Slowbro
|
|t:|1665703689
|switch|p1a: Tornadus|Tornadus-Therian, M|100/100|[from]move: Teleport
|-damage|p1a: Tornadus|76/100|[from] Stealth Rock
|
|upkeep
|turn|56
|
|t:|1665703697
|move|p1a: Tornadus|U-turn|p2a: Toxapex
|-resisted|p2a: Toxapex
|-damage|p2a: Toxapex|84/100
|
|t:|1665703700
|switch|p1a: Slowbro|Slowbro, F|100/100|[from]move: U-turn
|-damage|p1a: Slowbro|88/100|[from] Stealth Rock
|move|p2a: Toxapex|Haze|p2a: Toxapex
|-clearallboost
|
|upkeep
|turn|57
|
|t:|1665703706
|move|p2a: Toxapex|Knock Off|p1a: Slowbro
|-supereffective|p1a: Slowbro
|-damage|p1a: Slowbro|77/100
|move|p1a: Slowbro|Teleport|p1a: Slowbro
|
|t:|1665703710
|switch|p1a: Tornadus|Tornadus-Therian, M|100/100|[from]move: Teleport
|-damage|p1a: Tornadus|76/100|[from] Stealth Rock
|
|upkeep
|turn|58
|
|t:|1665703715
|move|p1a: Tornadus|U-turn|p2a: Toxapex
|-resisted|p2a: Toxapex
|-damage|p2a: Toxapex|79/100
|
|t:|1665703717
|switch|p1a: Slowbro|Slowbro, F|100/100|[from]move: U-turn
|-damage|p1a: Slowbro|88/100|[from] Stealth Rock
|move|p2a: Toxapex|Haze|p2a: Toxapex
|-clearallboost
|
|upkeep
|turn|59
|
|t:|1665703725
|move|p2a: Toxapex|Knock Off|p1a: Slowbro
|-supereffective|p1a: Slowbro
|-damage|p1a: Slowbro|77/100
|move|p1a: Slowbro|Scald|p2a: Toxapex
|-resisted|p2a: Toxapex
|-damage|p2a: Toxapex|69/100
|
|upkeep
|turn|60
|
|t:|1665703735
|move|p2a: Toxapex|Knock Off|p1a: Slowbro
|-supereffective|p1a: Slowbro
|-damage|p1a: Slowbro|66/100
|move|p1a: Slowbro|Teleport|p1a: Slowbro
|
|t:|1665703740
|switch|p1a: Garchomp|Garchomp, M|51/100 tox|[from]move: Teleport
|-damage|p1a: Garchomp|44/100 tox|[from] Stealth Rock
|
|-heal|p1a: Garchomp|51/100 tox|[from] item: Leftovers
|-damage|p1a: Garchomp|44/100 tox|[from] psn
|upkeep
|turn|61
|
|t:|1665703746
|switch|p2a: Tornadus|Tornadus-Therian, M|60/100
|-damage|p2a: Tornadus|35/100|[from] Stealth Rock
|move|p1a: Garchomp|Toxic|p2a: Tornadus
|-status|p2a: Tornadus|tox
|
|-heal|p1a: Garchomp|51/100 tox|[from] item: Leftovers
|-damage|p2a: Tornadus|29/100 tox|[from] psn
|-damage|p1a: Garchomp|38/100 tox|[from] psn
|upkeep
|turn|62
|
|t:|1665703761
|move|p1a: Garchomp|Protect|p1a: Garchomp
|-singleturn|p1a: Garchomp|Protect
|move|p2a: Tornadus|Nasty Plot|p2a: Tornadus
|-boost|p2a: Tornadus|spa|2
|
|-heal|p1a: Garchomp|44/100 tox|[from] item: Leftovers
|-damage|p2a: Tornadus|17/100 tox|[from] psn
|-damage|p1a: Garchomp|26/100 tox|[from] psn
|upkeep
|turn|63
|
|t:|1665703769
|move|p1a: Garchomp|Protect||[still]
|-fail|p1a: Garchomp
|move|p2a: Tornadus|Focus Blast|p1a: Garchomp
|-damage|p1a: Garchomp|0 fnt
|faint|p1a: Garchomp
|
|-damage|p2a: Tornadus|0 fnt|[from] psn
|faint|p2a: Tornadus
|upkeep
|
|t:|1665703780
|switch|p2a: Hippowdon|Hippowdon, M|100/100
|switch|p1a: Blaziken|Blaziken, F|100/100
|-damage|p1a: Blaziken|88/100|[from] Stealth Rock
|-damage|p2a: Hippowdon|94/100|[from] Stealth Rock
|-weather|Sandstorm|[from] ability: Sand Stream|[of] p2a: Hippowdon
|turn|64
|
|t:|1665703787
|move|p1a: Blaziken|Protect|p1a: Blaziken
|-singleturn|p1a: Blaziken|Protect
|move|p2a: Hippowdon|Toxic|p1a: Blaziken
|-activate|p1a: Blaziken|move: Protect
|
|-weather|Sandstorm|[upkeep]
|-damage|p1a: Blaziken|82/100|[from] Sandstorm
|-heal|p1a: Blaziken|88/100|[from] item: Leftovers
|-heal|p2a: Hippowdon|100/100|[from] item: Leftovers
|-ability|p1a: Blaziken|Speed Boost|boost
|-boost|p1a: Blaziken|spe|1
|upkeep
|turn|65
|
|t:|1665703798
|switch|p1a: Slowbro|Slowbro, F|99/100
|-damage|p1a: Slowbro|87/100|[from] Stealth Rock
|move|p2a: Hippowdon|Earthquake|p1a: Slowbro
|-damage|p1a: Slowbro|63/100
|
|-weather|Sandstorm|[upkeep]
|-damage|p1a: Slowbro|57/100|[from] Sandstorm
|upkeep
|turn|66
|
|t:|1665703806
|switch|p2a: Chansey|Chansey, F|41/100
|-damage|p2a: Chansey|29/100|[from] Stealth Rock
|move|p1a: Slowbro|Teleport|p1a: Slowbro
|
|t:|1665703812
|switch|p1a: Blaziken|Blaziken, F|88/100|[from]move: Teleport
|-damage|p1a: Blaziken|76/100|[from] Stealth Rock
|
|-weather|Sandstorm|[upkeep]
|-damage|p1a: Blaziken|69/100|[from] Sandstorm
|-damage|p2a: Chansey|23/100|[from] Sandstorm
|-heal|p1a: Blaziken|76/100|[from] item: Leftovers
|upkeep
|turn|67
|
|t:|1665703820
|switch|p2a: Toxapex|Toxapex, M|100/100
|-damage|p2a: Toxapex|88/100|[from] Stealth Rock
|move|p1a: Blaziken|Swords Dance|p1a: Blaziken
|-boost|p1a: Blaziken|atk|2
|
|-weather|Sandstorm|[upkeep]
|-damage|p1a: Blaziken|69/100|[from] Sandstorm
|-damage|p2a: Toxapex|82/100|[from] Sandstorm
|-heal|p1a: Blaziken|76/100|[from] item: Leftovers
|-ability|p1a: Blaziken|Speed Boost|boost
|-boost|p1a: Blaziken|spe|1
|upkeep
|turn|68
|
|t:|1665703832
|move|p1a: Blaziken|Flare Blitz|p2a: Toxapex
|-resisted|p2a: Toxapex
|-damage|p2a: Toxapex|42/100
|-damage|p1a: Blaziken|64/100|[from] Recoil
|move|p2a: Toxapex|Haze|p2a: Toxapex
|-clearallboost
|
|-weather|none
|-heal|p1a: Blaziken|70/100|[from] item: Leftovers
|-ability|p1a: Blaziken|Speed Boost|boost
|-boost|p1a: Blaziken|spe|1
|upkeep
|turn|69
|
|t:|1665703844
|move|p1a: Blaziken|Flare Blitz|p2a: Toxapex
|-resisted|p2a: Toxapex
|-damage|p2a: Toxapex|22/100
|-damage|p1a: Blaziken|64/100|[from] Recoil
|move|p2a: Toxapex|Knock Off|p1a: Blaziken
|-resisted|p1a: Blaziken
|-damage|p1a: Blaziken|54/100
|-enditem|p1a: Blaziken|Leftovers|[from] move: Knock Off|[of] p2a: Toxapex
|
|-ability|p1a: Blaziken|Speed Boost|boost
|-boost|p1a: Blaziken|spe|1
|upkeep
|turn|70
|
|t:|1665703853
|move|p1a: Blaziken|Swords Dance|p1a: Blaziken
|-boost|p1a: Blaziken|atk|2
|move|p2a: Toxapex|Recover|p2a: Toxapex
|-heal|p2a: Toxapex|72/100
|
|-ability|p1a: Blaziken|Speed Boost|boost
|-boost|p1a: Blaziken|spe|1
|upkeep
|turn|71
|
|t:|1665703859
|move|p1a: Blaziken|Flare Blitz|p2a: Toxapex
|-resisted|p2a: Toxapex
|-damage|p2a: Toxapex|32/100
|-damage|p1a: Blaziken|42/100|[from] Recoil
|move|p2a: Toxapex|Recover|p2a: Toxapex
|-heal|p2a: Toxapex|82/100
|
|-ability|p1a: Blaziken|Speed Boost|boost
|-boost|p1a: Blaziken|spe|1
|upkeep
|turn|72
|
|t:|1665703867
|move|p1a: Blaziken|Flare Blitz|p2a: Toxapex
|-resisted|p2a: Toxapex
|-damage|p2a: Toxapex|40/100
|-damage|p1a: Blaziken|30/100|[from] Recoil
|move|p2a: Toxapex|Haze|p2a: Toxapex
|-clearallboost
|
|-ability|p1a: Blaziken|Speed Boost|boost
|-boost|p1a: Blaziken|spe|1
|upkeep
|turn|73
|
|t:|1665703880
|switch|p1a: Tornadus|Tornadus-Therian, M|100/100
|-damage|p1a: Tornadus|76/100|[from] Stealth Rock
|move|p2a: Toxapex|Recover|p2a: Toxapex
|-heal|p2a: Toxapex|90/100
|
|upkeep
|turn|74
|
|t:|1665703887
|move|p1a: Tornadus|U-turn|p2a: Toxapex
|-resisted|p2a: Toxapex
|-damage|p2a: Toxapex|85/100
|
|t:|1665703890
|switch|p1a: Slowbro|Slowbro, F|90/100|[from]move: U-turn
|-damage|p1a: Slowbro|77/100|[from] Stealth Rock
|move|p2a: Toxapex|Knock Off|p1a: Slowbro
|-supereffective|p1a: Slowbro
|-damage|p1a: Slowbro|67/100
|
|upkeep
|turn|75
|
|t:|1665703897
|switch|p2a: Hippowdon|Hippowdon, M|100/100
|-damage|p2a: Hippowdon|94/100|[from] Stealth Rock
|-weather|Sandstorm|[from] ability: Sand Stream|[of] p2a: Hippowdon
|move|p1a: Slowbro|Teleport|p1a: Slowbro
|
|t:|1665703906
|switch|p1a: Tornadus|Tornadus-Therian, M|100/100|[from]move: Teleport
|-damage|p1a: Tornadus|76/100|[from] Stealth Rock
|
|-weather|Sandstorm|[upkeep]
|-damage|p1a: Tornadus|70/100|[from] Sandstorm
|-heal|p2a: Hippowdon|100/100|[from] item: Leftovers
|upkeep
|turn|76
|
|t:|1665703913
|move|p1a: Tornadus|U-turn|p2a: Hippowdon
|-damage|p2a: Hippowdon|89/100
|
|t:|1665703916
|switch|p1a: Slowbro|Slowbro, F|99/100|[from]move: U-turn
|-damage|p1a: Slowbro|88/100|[from] Stealth Rock
|move|p2a: Hippowdon|Toxic|p1a: Slowbro
|-status|p1a: Slowbro|tox
|
|-weather|Sandstorm|[upkeep]
|-damage|p1a: Slowbro|81/100 tox|[from] Sandstorm
|-heal|p2a: Hippowdon|95/100|[from] item: Leftovers
|-damage|p1a: Slowbro|75/100 tox|[from] psn
|upkeep
|turn|77
|
|t:|1665703926
|switch|p2a: Toxapex|Toxapex, M|100/100
|-damage|p2a: Toxapex|88/100|[from] Stealth Rock
|move|p1a: Slowbro|Future Sight|p2a: Toxapex
|-start|p1a: Slowbro|move: Future Sight
|
|-weather|Sandstorm|[upkeep]
|-damage|p2a: Toxapex|82/100|[from] Sandstorm
|-damage|p1a: Slowbro|69/100 tox|[from] Sandstorm
|-damage|p1a: Slowbro|57/100 tox|[from] psn
|upkeep
|turn|78
|
|t:|1665703934
|move|p2a: Toxapex|Light Screen|p2a: Toxapex
|-sidestart|p2: Highv0ltag3|move: Light Screen
|move|p1a: Slowbro|Teleport|p1a: Slowbro
|
|t:|1665703936
|switch|p1a: Rillaboom|Rillaboom, M|15/100|[from]move: Teleport
|-damage|p1a: Rillaboom|3/100|[from] Stealth Rock
|-fieldstart|move: Grassy Terrain|[from] ability: Grassy Surge|[of] p1a: Rillaboom
|
|-weather|Sandstorm|[upkeep]
|-damage|p1a: Rillaboom|0 fnt|[from] Sandstorm
|-damage|p2a: Toxapex|75/100|[from] Sandstorm
|faint|p1a: Rillaboom
|-heal|p2a: Toxapex|82/100|[from] Grassy Terrain
|upkeep
|
|t:|1665703946
|switch|p1a: Melmetal|Melmetal|88/100
|-damage|p1a: Melmetal|82/100|[from] Stealth Rock
|turn|79
|
|t:|1665703952
|move|p1a: Melmetal|Double Iron Bash|p2a: Toxapex
|-resisted|p2a: Toxapex
|-damage|p2a: Toxapex|68/100
|-resisted|p2a: Toxapex
|-damage|p2a: Toxapex|55/100
|-hitcount|p2a: Toxapex|2
|cant|p2a: Toxapex|flinch
|
|-weather|none
|-end|p2a: Toxapex|move: Future Sight
|-supereffective|p2a: Toxapex
|-damage|p2a: Toxapex|21/100
|-heal|p1a: Melmetal|88/100|[from] Grassy Terrain
|-heal|p2a: Toxapex|27/100|[from] Grassy Terrain
|upkeep
|turn|80
|l| hoyssxo
|c|☆Not Sarcasm|forgot sandstorm went first
|
|t:|1665703978
|switch|p1a: Slowbro|Slowbro, F|90/100 tox
|-damage|p1a: Slowbro|78/100 tox|[from] Stealth Rock
|switch|p2a: Hippowdon|Hippowdon, M|95/100
|-damage|p2a: Hippowdon|89/100|[from] Stealth Rock
|-weather|Sandstorm|[from] ability: Sand Stream|[of] p2a: Hippowdon
|
|-weather|Sandstorm|[upkeep]
|-damage|p1a: Slowbro|72/100 tox|[from] Sandstorm
|-heal|p2a: Hippowdon|95/100|[from] Grassy Terrain
|-heal|p2a: Hippowdon|100/100|[from] item: Leftovers
|-heal|p1a: Slowbro|78/100 tox|[from] Grassy Terrain
|-damage|p1a: Slowbro|72/100 tox|[from] psn
|upkeep
|turn|81
|inactive|Not Sarcasm has 120 seconds left.
|
|t:|1665703992
|switch|p2a: Toxapex|Toxapex, M|61/100
|-damage|p2a: Toxapex|48/100|[from] Stealth Rock
|move|p1a: Slowbro|Future Sight|p2a: Toxapex
|-start|p1a: Slowbro|move: Future Sight
|
|-weather|Sandstorm|[upkeep]
|-damage|p2a: Toxapex|42/100|[from] Sandstorm
|-damage|p1a: Slowbro|66/100 tox|[from] Sandstorm
|-heal|p2a: Toxapex|48/100|[from] Grassy Terrain
|-heal|p1a: Slowbro|72/100 tox|[from] Grassy Terrain
|-damage|p1a: Slowbro|60/100 tox|[from] psn
|upkeep
|turn|82
|inactive|Not Sarcasm has 120 seconds left.
|
|t:|1665704003
|move|p2a: Toxapex|Recover|p2a: Toxapex
|-heal|p2a: Toxapex|98/100
|move|p1a: Slowbro|Teleport|p1a: Slowbro
|
|t:|1665704007
|switch|p1a: Melmetal|Melmetal|88/100|[from]move: Teleport
|-damage|p1a: Melmetal|82/100|[from] Stealth Rock
|
|-weather|Sandstorm|[upkeep]
|-damage|p2a: Toxapex|92/100|[from] Sandstorm
|-heal|p1a: Melmetal|88/100|[from] Grassy Terrain
|-heal|p2a: Toxapex|98/100|[from] Grassy Terrain
|-sideend|p2: Highv0ltag3|move: Light Screen
|-fieldend|move: Grassy Terrain
|upkeep
|turn|83
|inactive|Not Sarcasm has 120 seconds left.
|
|t:|1665704016
|switch|p2a: Hippowdon|Hippowdon, M|100/100
|-damage|p2a: Hippowdon|94/100|[from] Stealth Rock
|move|p1a: Melmetal|Thunder Punch|p2a: Hippowdon
|-immune|p2a: Hippowdon
|
|-weather|Sandstorm|[upkeep]
|-end|p2a: Hippowdon|move: Future Sight
|-damage|p2a: Hippowdon|62/100
|-heal|p2a: Hippowdon|68/100|[from] item: Leftovers
|upkeep
|turn|84
|inactive|Not Sarcasm has 120 seconds left.
|
|t:|1665704028
|switch|p1a: Slowbro|Slowbro, F|93/100 tox
|-damage|p1a: Slowbro|80/100 tox|[from] Stealth Rock
|move|p2a: Hippowdon|Slack Off|p2a: Hippowdon
|-heal|p2a: Hippowdon|100/100
|
|-weather|none
|-damage|p1a: Slowbro|74/100 tox|[from] psn
|upkeep
|turn|85
|
|t:|1665704035
|switch|p2a: Toxapex|Toxapex, M|100/100
|-damage|p2a: Toxapex|88/100|[from] Stealth Rock
|move|p1a: Slowbro|Teleport|p1a: Slowbro
|
|t:|1665704039
|switch|p1a: Tornadus|Tornadus-Therian, M|100/100|[from]move: Teleport
|-damage|p1a: Tornadus|76/100|[from] Stealth Rock
|
|upkeep
|turn|86
|
|t:|1665704044
|move|p1a: Tornadus|Defog|p2a: Toxapex
|-unboost|p2a: Toxapex|evasion|1
|-sideend|p2: Highv0ltag3|Stealth Rock|[from] move: Defog|[of] p1a: Tornadus
|-sideend|p1: Not Sarcasm|Stealth Rock|[from] move: Defog|[of] p1a: Tornadus
|move|p2a: Toxapex|Knock Off|p1a: Tornadus
|-damage|p1a: Tornadus|66/100
|
|upkeep
|turn|87
|
|t:|1665704051
|switch|p2a: Hippowdon|Hippowdon, M|100/100
|-weather|Sandstorm|[from] ability: Sand Stream|[of] p2a: Hippowdon
|move|p1a: Tornadus|U-turn|p2a: Hippowdon
|-damage|p2a: Hippowdon|90/100
|
|t:|1665704056
|switch|p1a: Slowbro|Slowbro, F|100/100 tox|[from]move: U-turn
|
|-weather|Sandstorm|[upkeep]
|-damage|p1a: Slowbro|94/100 tox|[from] Sandstorm
|-heal|p2a: Hippowdon|96/100|[from] item: Leftovers
|-damage|p1a: Slowbro|88/100 tox|[from] psn
|upkeep
|turn|88
|
|t:|1665704063
|switch|p2a: Toxapex|Toxapex, M|100/100
|move|p1a: Slowbro|Scald|p2a: Toxapex
|-resisted|p2a: Toxapex
|-damage|p2a: Toxapex|89/100
|
|-weather|Sandstorm|[upkeep]
|-damage|p2a: Toxapex|83/100|[from] Sandstorm
|-damage|p1a: Slowbro|82/100 tox|[from] Sandstorm
|-damage|p1a: Slowbro|70/100 tox|[from] psn
|upkeep
|turn|89
|
|t:|1665704072
|move|p2a: Toxapex|Haze|p2a: Toxapex
|-clearallboost
|move|p1a: Slowbro|Scald|p2a: Toxapex
|-resisted|p2a: Toxapex
|-damage|p2a: Toxapex|72/100
|-status|p2a: Toxapex|brn
|
|-weather|Sandstorm|[upkeep]
|-damage|p2a: Toxapex|66/100 brn|[from] Sandstorm
|-damage|p1a: Slowbro|64/100 tox|[from] Sandstorm
|-damage|p1a: Slowbro|46/100 tox|[from] psn
|-damage|p2a: Toxapex|59/100 brn|[from] brn
|upkeep
|turn|90
|inactive|Not Sarcasm has 120 seconds left.
|
|t:|1665704083
|move|p2a: Toxapex|Recover|p2a: Toxapex
|-heal|p2a: Toxapex|100/100 brn
|move|p1a: Slowbro|Future Sight|p2a: Toxapex
|-start|p1a: Slowbro|move: Future Sight
|
|-weather|Sandstorm|[upkeep]
|-damage|p2a: Toxapex|94/100 brn|[from] Sandstorm
|-damage|p1a: Slowbro|40/100 tox|[from] Sandstorm
|-damage|p1a: Slowbro|15/100 tox|[from] psn
|-damage|p2a: Toxapex|88/100 brn|[from] brn
|upkeep
|turn|91
|j| BabyPigsAreLaughin
|inactive|Not Sarcasm has 120 seconds left.
|
|t:|1665704091
|move|p2a: Toxapex|Light Screen|p2a: Toxapex
|-sidestart|p2: Highv0ltag3|move: Light Screen
|move|p1a: Slowbro|Teleport|p1a: Slowbro
|
|t:|1665704095
|switch|p1a: Melmetal|Melmetal|88/100|[from]move: Teleport
|
|-weather|none
|-damage|p2a: Toxapex|82/100 brn|[from] brn
|upkeep
|turn|92
|
|t:|1665704101
|switch|p2a: Hippowdon|Hippowdon, M|96/100
|-weather|Sandstorm|[from] ability: Sand Stream|[of] p2a: Hippowdon
|move|p1a: Melmetal|Superpower|p2a: Hippowdon
|-damage|p2a: Hippowdon|60/100
|-unboost|p1a: Melmetal|atk|1
|-unboost|p1a: Melmetal|def|1
|
|-weather|Sandstorm|[upkeep]
|-end|p2a: Hippowdon|move: Future Sight
|-damage|p2a: Hippowdon|45/100
|-heal|p2a: Hippowdon|52/100|[from] item: Leftovers
|upkeep
|turn|93
|inactive|Not Sarcasm has 120 seconds left.
|
|t:|1665704113
|switch|p1a: Slowbro|Slowbro, F|48/100 tox
|move|p2a: Hippowdon|Toxic|p1a: Slowbro
|-fail|p1a: Slowbro|tox
|
|-weather|Sandstorm|[upkeep]
|-damage|p1a: Slowbro|42/100 tox|[from] Sandstorm
|-heal|p2a: Hippowdon|58/100|[from] item: Leftovers
|-damage|p1a: Slowbro|36/100 tox|[from] psn
|upkeep
|turn|94
|inactive|Not Sarcasm has 120 seconds left.
|
|t:|1665704124
|switch|p2a: Chansey|Chansey, F|23/100
|move|p1a: Slowbro|Future Sight|p2a: Chansey
|-start|p1a: Slowbro|move: Future Sight
|
|-weather|Sandstorm|[upkeep]
|-damage|p2a: Chansey|16/100|[from] Sandstorm
|-damage|p1a: Slowbro|30/100 tox|[from] Sandstorm
|-damage|p1a: Slowbro|18/100 tox|[from] psn
|upkeep
|turn|95
|
|t:|1665704131
|move|p2a: Chansey|Soft-Boiled|p2a: Chansey
|-heal|p2a: Chansey|66/100
|move|p1a: Slowbro|Teleport|p1a: Slowbro
|
|t:|1665704134
|switch|p1a: Blaziken|Blaziken, F|30/100|[from]move: Teleport
|
|-weather|Sandstorm|[upkeep]
|-damage|p1a: Blaziken|23/100|[from] Sandstorm
|-damage|p2a: Chansey|60/100|[from] Sandstorm
|-sideend|p2: Highv0ltag3|move: Light Screen
|upkeep
|turn|96
|inactive|Not Sarcasm has 120 seconds left.
|
|t:|1665704153
|move|p1a: Blaziken|Close Combat|p2a: Chansey
|-supereffective|p2a: Chansey
|-crit|p2a: Chansey
|-damage|p2a: Chansey|0 fnt
|-unboost|p1a: Blaziken|def|1
|-unboost|p1a: Blaziken|spd|1
|faint|p2a: Chansey
|
|-weather|none
|-hint|Future Sight did not hit because the target is fainted.
|-ability|p1a: Blaziken|Speed Boost|boost
|-boost|p1a: Blaziken|spe|1
|upkeep
|
|t:|1665704157
|switch|p2a: Hippowdon|Hippowdon, M|58/100
|-weather|Sandstorm|[from] ability: Sand Stream|[of] p2a: Hippowdon
|turn|97
|
|t:|1665704166
|move|p1a: Blaziken|Close Combat|p2a: Hippowdon
|-damage|p2a: Hippowdon|10/100
|-unboost|p1a: Blaziken|def|1
|-unboost|p1a: Blaziken|spd|1
|move|p2a: Hippowdon|Slack Off|p2a: Hippowdon
|-heal|p2a: Hippowdon|60/100
|
|-weather|Sandstorm|[upkeep]
|-damage|p1a: Blaziken|17/100|[from] Sandstorm
|-heal|p2a: Hippowdon|66/100|[from] item: Leftovers
|-ability|p1a: Blaziken|Speed Boost|boost
|-boost|p1a: Blaziken|spe|1
|upkeep
|turn|98
|inactive|Not Sarcasm has 120 seconds left.
|
|t:|1665704177
|move|p1a: Blaziken|Swords Dance|p1a: Blaziken
|-boost|p1a: Blaziken|atk|2
|move|p2a: Hippowdon|Slack Off|p2a: Hippowdon
|-heal|p2a: Hippowdon|100/100
|
|-weather|Sandstorm|[upkeep]
|-damage|p1a: Blaziken|11/100|[from] Sandstorm
|-ability|p1a: Blaziken|Speed Boost|boost
|-boost|p1a: Blaziken|spe|1
|upkeep
|turn|99
|inactive|Not Sarcasm has 120 seconds left.
|
|t:|1665704196
|move|p1a: Blaziken|Close Combat|p2a: Hippowdon
|-damage|p2a: Hippowdon|16/100
|-unboost|p1a: Blaziken|def|1
|-unboost|p1a: Blaziken|spd|1
|move|p2a: Hippowdon|Slack Off|p2a: Hippowdon
|-heal|p2a: Hippowdon|66/100
|
|-weather|Sandstorm|[upkeep]
|-damage|p1a: Blaziken|5/100|[from] Sandstorm
|-heal|p2a: Hippowdon|72/100|[from] item: Leftovers
|-ability|p1a: Blaziken|Speed Boost|boost
|-boost|p1a: Blaziken|spe|1
|upkeep
|turn|100
|
|t:|1665704209
|switch|p2a: Toxapex|Toxapex, M|100/100 brn
|move|p1a: Blaziken|Close Combat|p2a: Toxapex
|-resisted|p2a: Toxapex
|-damage|p2a: Toxapex|59/100 brn
|-unboost|p1a: Blaziken|def|1
|-unboost|p1a: Blaziken|spd|1
|
|-weather|Sandstorm|[upkeep]
|-damage|p1a: Blaziken|0 fnt|[from] Sandstorm
|-damage|p2a: Toxapex|53/100 brn|[from] Sandstorm
|faint|p1a: Blaziken
|-damage|p2a: Toxapex|47/100 brn|[from] brn
|upkeep
|
|t:|1665704221
|switch|p1a: Slowbro|Slowbro, F|51/100 tox
|turn|101
|
|t:|1665704227
|move|p2a: Toxapex|Recover|p2a: Toxapex
|-heal|p2a: Toxapex|97/100 brn
|move|p1a: Slowbro|Future Sight|p2a: Toxapex
|-start|p1a: Slowbro|move: Future Sight
|
|-weather|none
|-damage|p1a: Slowbro|45/100 tox|[from] psn
|-damage|p2a: Toxapex|90/100 brn|[from] brn
|upkeep
|turn|102
|
|t:|1665704234
|move|p2a: Toxapex|Light Screen|p2a: Toxapex
|-sidestart|p2: Highv0ltag3|move: Light Screen
|move|p1a: Slowbro|Teleport|p1a: Slowbro
|
|t:|1665704236
|switch|p1a: Tornadus|Tornadus-Therian, M|99/100|[from]move: Teleport
|
|-damage|p2a: Toxapex|84/100 brn|[from] brn
|upkeep
|turn|103
|
|t:|1665704243
|switch|p2a: Hippowdon|Hippowdon, M|72/100
|-weather|Sandstorm|[from] ability: Sand Stream|[of] p2a: Hippowdon
|move|p1a: Tornadus|U-turn|p2a: Hippowdon
|-damage|p2a: Hippowdon|62/100
|inactive|Not Sarcasm has 120 seconds left.
|
|t:|1665704249
|switch|p1a: Melmetal|Melmetal|88/100|[from]move: U-turn
|
|-weather|Sandstorm|[upkeep]
|-end|p2a: Hippowdon|move: Future Sight
|-damage|p2a: Hippowdon|46/100
|-heal|p2a: Hippowdon|53/100|[from] item: Leftovers
|upkeep
|turn|104
|inactive|Not Sarcasm has 120 seconds left.
|
|t:|1665704256
|move|p2a: Hippowdon|Slack Off|p2a: Hippowdon
|-heal|p2a: Hippowdon|100/100
|move|p1a: Melmetal|Superpower|p2a: Hippowdon
|-damage|p2a: Hippowdon|65/100
|-unboost|p1a: Melmetal|atk|1
|-unboost|p1a: Melmetal|def|1
|
|-weather|Sandstorm|[upkeep]
|-heal|p2a: Hippowdon|71/100|[from] item: Leftovers
|upkeep
|turn|105
|inactive|Not Sarcasm has 120 seconds left.
|
|t:|1665704264
|switch|p1a: Slowbro|Slowbro, F|78/100 tox
|move|p2a: Hippowdon|Stealth Rock|p1a: Slowbro
|-sidestart|p1: Not Sarcasm|move: Stealth Rock
|
|-weather|Sandstorm|[upkeep]
|-damage|p1a: Slowbro|72/100 tox|[from] Sandstorm
|-heal|p2a: Hippowdon|77/100|[from] item: Leftovers
|-damage|p1a: Slowbro|66/100 tox|[from] psn
|upkeep
|turn|106
|inactive|Not Sarcasm has 120 seconds left.
|
|t:|1665704273
|switch|p2a: Toxapex|Toxapex, M|100/100 brn
|move|p1a: Slowbro|Future Sight|p2a: Toxapex
|-start|p1a: Slowbro|move: Future Sight
|
|-weather|Sandstorm|[upkeep]
|-damage|p2a: Toxapex|94/100 brn|[from] Sandstorm
|-damage|p1a: Slowbro|60/100 tox|[from] Sandstorm
|-damage|p1a: Slowbro|48/100 tox|[from] psn
|-damage|p2a: Toxapex|88/100 brn|[from] brn
|-sideend|p2: Highv0ltag3|move: Light Screen
|upkeep
|turn|107
|inactive|Not Sarcasm has 120 seconds left.
|
|t:|1665704282
|move|p2a: Toxapex|Light Screen|p2a: Toxapex
|-sidestart|p2: Highv0ltag3|move: Light Screen
|move|p1a: Slowbro|Teleport|p1a: Slowbro
|
|t:|1665704284
|switch|p1a: Tornadus|Tornadus-Therian, M|100/100|[from]move: Teleport
|-damage|p1a: Tornadus|76/100|[from] Stealth Rock
|
|-weather|none
|-damage|p2a: Toxapex|82/100 brn|[from] brn
|upkeep
|turn|108
|
|t:|1665704290
|switch|p2a: Hippowdon|Hippowdon, M|77/100
|-weather|Sandstorm|[from] ability: Sand Stream|[of] p2a: Hippowdon
|move|p1a: Tornadus|Knock Off|p2a: Hippowdon
|-damage|p2a: Hippowdon|64/100
|-enditem|p2a: Hippowdon|Leftovers|[from] move: Knock Off|[of] p1a: Tornadus
|
|-weather|Sandstorm|[upkeep]
|-damage|p1a: Tornadus|70/100|[from] Sandstorm
|-end|p2a: Hippowdon|move: Future Sight
|-damage|p2a: Hippowdon|49/100
|upkeep
|turn|109
|inactive|Not Sarcasm has 120 seconds left.
|
|t:|1665704301
|move|p1a: Tornadus|U-turn|p2a: Hippowdon
|-damage|p2a: Hippowdon|38/100
|
|t:|1665704303
|switch|p1a: Melmetal|Melmetal|88/100|[from]move: U-turn
|-damage|p1a: Melmetal|82/100|[from] Stealth Rock
|move|p2a: Hippowdon|Slack Off|p2a: Hippowdon
|-heal|p2a: Hippowdon|88/100
|
|-weather|Sandstorm|[upkeep]
|upkeep
|turn|110
|
|t:|1665704310
|switch|p1a: Slowbro|Slowbro, F|81/100 tox
|-damage|p1a: Slowbro|69/100 tox|[from] Stealth Rock
|move|p2a: Hippowdon|Earthquake|p1a: Slowbro
|-damage|p1a: Slowbro|46/100 tox
|
|-weather|Sandstorm|[upkeep]
|-damage|p1a: Slowbro|40/100 tox|[from] Sandstorm
|-damage|p1a: Slowbro|34/100 tox|[from] psn
|upkeep
|turn|111
|inactive|Not Sarcasm has 120 seconds left.
|
|t:|1665704321
|switch|p1a: Tornadus|Tornadus-Therian, M|100/100
|-damage|p1a: Tornadus|76/100|[from] Stealth Rock
|move|p2a: Hippowdon|Earthquake|p1a: Tornadus
|-immune|p1a: Tornadus
|
|-weather|Sandstorm|[upkeep]
|-damage|p1a: Tornadus|70/100|[from] Sandstorm
|-sideend|p2: Highv0ltag3|move: Light Screen
|upkeep
|turn|112
|inactive|Not Sarcasm has 120 seconds left.
|
|t:|1665704330
|move|p1a: Tornadus|U-turn|p2a: Hippowdon
|-damage|p2a: Hippowdon|79/100
|
|t:|1665704332
|switch|p1a: Slowbro|Slowbro, F|68/100 tox|[from]move: U-turn
|-damage|p1a: Slowbro|55/100 tox|[from] Stealth Rock
|move|p2a: Hippowdon|Earthquake|p1a: Slowbro
|-damage|p1a: Slowbro|31/100 tox
|
|-weather|none
|-damage|p1a: Slowbro|25/100 tox|[from] psn
|upkeep
|turn|113
|
|t:|1665704340
|switch|p1a: Tornadus|Tornadus-Therian, M|100/100
|-damage|p1a: Tornadus|76/100|[from] Stealth Rock
|move|p2a: Hippowdon|Earthquake|p1a: Tornadus
|-immune|p1a: Tornadus
|
|upkeep
|turn|114
|
|t:|1665704347
|move|p1a: Tornadus|U-turn|p2a: Hippowdon
|-damage|p2a: Hippowdon|68/100
|
|t:|1665704349
|switch|p1a: Slowbro|Slowbro, F|58/100 tox|[from]move: U-turn
|-damage|p1a: Slowbro|46/100 tox|[from] Stealth Rock
|move|p2a: Hippowdon|Toxic|p1a: Slowbro
|-fail|p1a: Slowbro|tox
|
|-damage|p1a: Slowbro|40/100 tox|[from] psn
|upkeep
|turn|115
|
|t:|1665704356
|switch|p2a: Toxapex|Toxapex, M|100/100 brn
|move|p1a: Slowbro|Teleport|p1a: Slowbro
|
|t:|1665704359
|switch|p1a: Tornadus|Tornadus-Therian, M|100/100|[from]move: Teleport
|-damage|p1a: Tornadus|76/100|[from] Stealth Rock
|
|-damage|p2a: Toxapex|94/100 brn|[from] brn
|upkeep
|turn|116
|
|t:|1665704364
|move|p1a: Tornadus|Defog|p2a: Toxapex
|-unboost|p2a: Toxapex|evasion|1
|-sideend|p1: Not Sarcasm|Stealth Rock|[from] move: Defog|[of] p1a: Tornadus
|move|p2a: Toxapex|Light Screen|p2a: Toxapex
|-sidestart|p2: Highv0ltag3|move: Light Screen
|
|-damage|p2a: Toxapex|88/100 brn|[from] brn
|upkeep
|turn|117
|
|t:|1665704370
|switch|p2a: Clefable|Clefable, F|68/100
|move|p1a: Tornadus|U-turn|p2a: Clefable
|-resisted|p2a: Clefable
|-damage|p2a: Clefable|62/100
|
|t:|1665704375
|switch|p1a: Slowbro|Slowbro, F|73/100 tox|[from]move: U-turn
|
|-damage|p1a: Slowbro|67/100 tox|[from] psn
|upkeep
|turn|118
|
|t:|1665704380
|switch|p2a: Toxapex|Toxapex, M|100/100 brn
|move|p1a: Slowbro|Future Sight|p2a: Toxapex
|-start|p1a: Slowbro|move: Future Sight
|
|-damage|p1a: Slowbro|55/100 tox|[from] psn
|-damage|p2a: Toxapex|94/100 brn|[from] brn
|upkeep
|turn|119
|
|t:|1665704389
|move|p2a: Toxapex|Knock Off|p1a: Slowbro
|-supereffective|p1a: Slowbro
|-damage|p1a: Slowbro|49/100 tox
|move|p1a: Slowbro|Teleport|p1a: Slowbro
|
|t:|1665704392
|switch|p1a: Melmetal|Melmetal|82/100|[from]move: Teleport
|
|-damage|p2a: Toxapex|88/100 brn|[from] brn
|upkeep
|turn|120
|
|t:|1665704402
|move|p1a: Melmetal|Superpower|p2a: Toxapex
|-resisted|p2a: Toxapex
|-damage|p2a: Toxapex|74/100 brn
|-unboost|p1a: Melmetal|atk|1
|-unboost|p1a: Melmetal|def|1
|move|p2a: Toxapex|Recover|p2a: Toxapex
|-heal|p2a: Toxapex|100/100 brn
|
|-end|p2a: Toxapex|move: Future Sight
|-supereffective|p2a: Toxapex
|-damage|p2a: Toxapex|63/100 brn
|-damage|p2a: Toxapex|57/100 brn|[from] brn
|-sideend|p2: Highv0ltag3|move: Light Screen
|upkeep
|turn|121
|
|t:|1665704412
|switch|p1a: Slowbro|Slowbro, F|82/100 tox
|switch|p2a: Hippowdon|Hippowdon, M|68/100
|-weather|Sandstorm|[from] ability: Sand Stream|[of] p2a: Hippowdon
|
|-weather|Sandstorm|[upkeep]
|-damage|p1a: Slowbro|76/100 tox|[from] Sandstorm
|-damage|p1a: Slowbro|70/100 tox|[from] psn
|upkeep
|turn|122
|
|t:|1665704421
|switch|p2a: Toxapex|Toxapex, M|90/100 brn
|move|p1a: Slowbro|Toxic|p2a: Toxapex|[miss]
|-miss|p1a: Slowbro|p2a: Toxapex
|
|-weather|Sandstorm|[upkeep]
|-damage|p2a: Toxapex|84/100 brn|[from] Sandstorm
|-damage|p1a: Slowbro|64/100 tox|[from] Sandstorm
|-damage|p1a: Slowbro|52/100 tox|[from] psn
|-damage|p2a: Toxapex|77/100 brn|[from] brn
|upkeep
|turn|123
|
|t:|1665704431
|switch|p1a: Tornadus|Tornadus-Therian, M|100/100
|move|p2a: Toxapex|Knock Off|p1a: Tornadus
|-crit|p1a: Tornadus
|-damage|p1a: Tornadus|94/100
|
|-weather|Sandstorm|[upkeep]
|-damage|p1a: Tornadus|88/100|[from] Sandstorm
|-damage|p2a: Toxapex|71/100 brn|[from] Sandstorm
|-damage|p2a: Toxapex|65/100 brn|[from] brn
|upkeep
|turn|124
|
|t:|1665704439
|switch|p2a: Hippowdon|Hippowdon, M|68/100
|move|p1a: Tornadus|U-turn|p2a: Hippowdon
|-damage|p2a: Hippowdon|58/100
|
|t:|1665704443
|switch|p1a: Slowbro|Slowbro, F|85/100 tox|[from]move: U-turn
|
|-weather|Sandstorm|[upkeep]
|-damage|p1a: Slowbro|79/100 tox|[from] Sandstorm
|-damage|p1a: Slowbro|73/100 tox|[from] psn
|upkeep
|turn|125
|
|t:|1665704450
|switch|p2a: Toxapex|Toxapex, M|98/100 brn
|move|p1a: Slowbro|Future Sight|p2a: Toxapex
|-start|p1a: Slowbro|move: Future Sight
|
|-weather|none
|-damage|p1a: Slowbro|61/100 tox|[from] psn
|-damage|p2a: Toxapex|92/100 brn|[from] brn
|upkeep
|turn|126
|
|t:|1665704457
|move|p2a: Toxapex|Light Screen|p2a: Toxapex
|-sidestart|p2: Highv0ltag3|move: Light Screen
|move|p1a: Slowbro|Teleport|p1a: Slowbro
|
|t:|1665704459
|switch|p1a: Melmetal|Melmetal|82/100|[from]move: Teleport
|
|-damage|p2a: Toxapex|86/100 brn|[from] brn
|upkeep
|turn|127
|
|t:|1665704467
|move|p1a: Melmetal|Thunder Punch|p2a: Toxapex
|-supereffective|p2a: Toxapex
|-damage|p2a: Toxapex|45/100 brn
|move|p2a: Toxapex|Knock Off|p1a: Melmetal
|-damage|p1a: Melmetal|79/100
|
|-end|p2a: Toxapex|move: Future Sight
|-supereffective|p2a: Toxapex
|-damage|p2a: Toxapex|9/100 brn
|-damage|p2a: Toxapex|3/100 brn|[from] brn
|upkeep
|turn|128
|
|t:|1665704477
|switch|p1a: Slowbro|Slowbro, F|94/100 tox
|switch|p2a: Hippowdon|Hippowdon, M|58/100
|-weather|Sandstorm|[from] ability: Sand Stream|[of] p2a: Hippowdon
|
|-weather|Sandstorm|[upkeep]
|-damage|p1a: Slowbro|88/100 tox|[from] Sandstorm
|-damage|p1a: Slowbro|82/100 tox|[from] psn
|upkeep
|turn|129
|
|t:|1665704486
|move|p2a: Hippowdon|Stealth Rock|p1a: Slowbro
|-sidestart|p1: Not Sarcasm|move: Stealth Rock
|move|p1a: Slowbro|Future Sight|p2a: Hippowdon
|-start|p1a: Slowbro|move: Future Sight
|
|-weather|Sandstorm|[upkeep]
|-damage|p1a: Slowbro|76/100 tox|[from] Sandstorm
|-damage|p1a: Slowbro|63/100 tox|[from] psn
|upkeep
|turn|130
|
|t:|1665704494
|move|p2a: Hippowdon|Slack Off|p2a: Hippowdon
|-heal|p2a: Hippowdon|100/100
|move|p1a: Slowbro|Toxic|p2a: Hippowdon
|-status|p2a: Hippowdon|tox
|
|-weather|Sandstorm|[upkeep]
|-damage|p1a: Slowbro|57/100 tox|[from] Sandstorm
|-damage|p2a: Hippowdon|94/100 tox|[from] psn
|-damage|p1a: Slowbro|39/100 tox|[from] psn
|-sideend|p2: Highv0ltag3|move: Light Screen
|upkeep
|turn|131
|
|t:|1665704502
|move|p2a: Hippowdon|Toxic|p1a: Slowbro
|-fail|p1a: Slowbro|tox
|move|p1a: Slowbro|Teleport|p1a: Slowbro
|
|t:|1665704505
|switch|p1a: Melmetal|Melmetal|79/100|[from]move: Teleport
|-damage|p1a: Melmetal|73/100|[from] Stealth Rock
|
|-weather|Sandstorm|[upkeep]
|-end|p2a: Hippowdon|move: Future Sight
|-crit|p2a: Hippowdon
|-damage|p2a: Hippowdon|51/100 tox
|-damage|p2a: Hippowdon|39/100 tox|[from] psn
|upkeep
|turn|132
|
|t:|1665704513
|move|p2a: Hippowdon|Slack Off|p2a: Hippowdon
|-heal|p2a: Hippowdon|89/100 tox
|move|p1a: Melmetal|Thunder Punch|p2a: Hippowdon
|-immune|p2a: Hippowdon
|
|-weather|none
|-damage|p2a: Hippowdon|70/100 tox|[from] psn
|upkeep
|turn|133
|
|t:|1665704521
|switch|p2a: Clefable|Clefable, F|62/100
|move|p1a: Melmetal|Protect||[still]
|-fail|p1a: Melmetal
|
|upkeep
|turn|134
|
|t:|1665704528
|move|p2a: Clefable|Calm Mind|p2a: Clefable
|-boost|p2a: Clefable|spa|1
|-boost|p2a: Clefable|spd|1
|move|p1a: Melmetal|Thunder Punch|p2a: Clefable
|-damage|p2a: Clefable|33/100
|
|upkeep
|turn|135
|
|t:|1665704533
|move|p2a: Clefable|Soft-Boiled|p2a: Clefable
|-heal|p2a: Clefable|83/100
|move|p1a: Melmetal|Thunder Punch|p2a: Clefable
|-damage|p2a: Clefable|56/100
|
|upkeep
|turn|136
|
|t:|1665704538
|switch|p1a: Slowbro|Slowbro, F|72/100 tox
|-damage|p1a: Slowbro|60/100 tox|[from] Stealth Rock
|move|p2a: Clefable|Flamethrower|p1a: Slowbro
|-resisted|p1a: Slowbro
|-damage|p1a: Slowbro|43/100 tox
|
|-damage|p1a: Slowbro|37/100 tox|[from] psn
|upkeep
|turn|137
|
|t:|1665704546
|move|p2a: Clefable|Moonblast|p1a: Slowbro
|-damage|p1a: Slowbro|0 fnt
|faint|p1a: Slowbro
|
|upkeep
|c|☆Not Sarcasm|stall takes little to no skill :)
|c|☆Highv0ltag3|Sarcasm
|inactive|Not Sarcasm has 120 seconds left.
|c|☆Not Sarcasm|I actually had to think, plan out my plays and go from there
|c|☆Highv0ltag3|U think I didnt?
|c|☆Not Sarcasm|you, and btw I've used same team, don't really need to do much
|c| BabyPigsAreLaughin|That salt, though.
|inactive|Not Sarcasm has 90 seconds left.
|c|☆Not Sarcasm|other than switch between mons against certain mons
|c|☆Not Sarcasm|not too hard
|
|t:|1665704618
|switch|p1a: Melmetal|Melmetal|73/100
|-damage|p1a: Melmetal|67/100|[from] Stealth Rock
|turn|138
|c|☆Highv0ltag3|Why tell me this at turn 137 specifically?
|inactive|Highv0ltag3 has 120 seconds left.
|c|☆Not Sarcasm|well while you play 3-5 games every hour
|
|t:|1665704661
|move|p2a: Clefable|Flamethrower|p1a: Melmetal
|-supereffective|p1a: Melmetal
|-damage|p1a: Melmetal|10/100
|move|p1a: Melmetal|Thunder Punch|p2a: Clefable
|-damage|p2a: Clefable|27/100
|
|upkeep
|turn|139
|j| yeying
|c|☆Not Sarcasm|I get to play 20-30
|
|t:|1665704667
|move|p2a: Clefable|Soft-Boiled|p2a: Clefable
|-heal|p2a: Clefable|77/100
|move|p1a: Melmetal|Thunder Punch|p2a: Clefable
|-damage|p2a: Clefable|52/100
|
|upkeep
|turn|140
|l| Aitana y Zoilo
|
|t:|1665704673
|move|p2a: Clefable|Moonblast|p1a: Melmetal
|-resisted|p1a: Melmetal
|-damage|p1a: Melmetal|0 fnt
|faint|p1a: Melmetal
|
|upkeep
|j| Aitana y Zoilo
|-message|Not Sarcasm forfeited.
|
|win|Highv0ltag3
|raw|Not Sarcasm's rating: 1743 &rarr; <strong>1722</strong><br />(-21 for losing)
|raw|Highv0ltag3's rating: 1723 &rarr; <strong>1744</strong><br />(+21 for winning)
|l|☆Not Sarcasm
