|j|☆legitteambuilder
|j|☆CVCXCXAZ
|t:|1633794993
|gametype|singles
|player|p1|legitteambuilder|shadowtriad|1773
|player|p2|CVCXCXAZ|265|1897
|teamsize|p1|6
|teamsize|p2|6
|gen|8
|tier|[Gen 8] OU
|rated|
|rule|Sleep Clause Mod: Limit one foe put to sleep
|rule|Species Clause: Limit one of each Pokémon
|rule|OHKO Clause: OHKO moves are banned
|rule|Evasion Moves Clause: Evasion moves are banned
|rule|Endless Battle Clause: Forcing endless battles is banned
|rule|HP Percentage Mod: HP is shown in percentages
|rule|Dynamax Clause: You cannot dynamax
|clearpoke
|poke|p1|Azelf|
|poke|p1|Bisharp, M|
|poke|p1|Nihilego|
|poke|p1|Dragonite, M|
|poke|p1|Rillaboom, M|
|poke|p1|Blaziken, M|
|poke|p2|Rillaboom, M|
|poke|p2|Latias, F|
|poke|p2|Victini|
|poke|p2|Zapdos|
|poke|p2|Hatterene, F|
|poke|p2|Chansey, F|
|teampreview
|inactive|Battle timer is ON: inactive players will automatically lose when time's up. (requested by legitteambuilder)
|
|t:|1633795006
|start
|switch|p1a: Bisharp|Bisharp, M, shiny|100/100
|switch|p2a: Victini|Victini|100/100
|turn|1
|
|t:|1633795012
|switch|p2a: Zapdos|Zapdos|100/100
|move|p1a: Bisharp|Sucker Punch||[still]
|-fail|p1a: Bisharp
|
|upkeep
|turn|2
|
|t:|1633795023
|switch|p1a: Nihilego|Nihilego, shiny|100/100
|move|p2a: Zapdos|Discharge|p1a: Nihilego
|-damage|p1a: Nihilego|75/100
|
|upkeep
|turn|3
|
|t:|1633795034
|switch|p1a: Bisharp|Bisharp, M, shiny|100/100
|switch|p2a: Latias|Latias, F|100/100
|
|upkeep
|turn|4
|j| 0zorcNecropHADES
|
|t:|1633795041
|switch|p2a: Zapdos|Zapdos|100/100
|move|p1a: Bisharp|Swords Dance|p1a: Bisharp
|-boost|p1a: Bisharp|atk|2
|
|upkeep
|turn|5
|
|t:|1633795046
|move|p2a: Zapdos|Heat Wave|p1a: Bisharp
|-supereffective|p1a: Bisharp
|-damage|p1a: Bisharp|12/100
|move|p1a: Bisharp|Knock Off|p2a: Zapdos
|-damage|p2a: Zapdos|7/100
|-damage|p1a: Bisharp|0 fnt|[from] item: Rocky Helmet|[of] p2a: Zapdos
|faint|p1a: Bisharp
|
|upkeep
|
|t:|1633795062
|switch|p1a: Nihilego|Nihilego, shiny|75/100
|turn|6
|
|t:|1633795066
|switch|p2a: Latias|Latias, F|100/100
|move|p1a: Nihilego|Power Gem|p2a: Latias
|-damage|p2a: Latias|63/100
|
|upkeep
|turn|7
|
|t:|1633795076
|switch|p1a: Azelf|Azelf, shiny|100/100
|move|p2a: Latias|Psychic|p1a: Azelf
|-resisted|p1a: Azelf
|-damage|p1a: Azelf|75/100
|
|upkeep
|turn|8
|j| Erazio
|
|t:|1633795093
|switch|p2a: Hatterene|Hatterene, F|100/100
|switch|p1a: Rillaboom|Rillaboom, M, shiny|100/100
|-fieldstart|move: Grassy Terrain|[from] ability: Grassy Surge|[of] p1a: Rillaboom
|
|upkeep
|turn|9
|
|t:|1633795107
|move|p1a: Rillaboom|Swords Dance|p1a: Rillaboom
|-boost|p1a: Rillaboom|atk|2
|move|p2a: Hatterene|Mystical Fire|p1a: Rillaboom
|-supereffective|p1a: Rillaboom
|-damage|p1a: Rillaboom|23/100
|-unboost|p1a: Rillaboom|spa|1
|
|-heal|p1a: Rillaboom|29/100|[from] Grassy Terrain
|upkeep
|turn|10
|
|t:|1633795116
|switch|p2a: Zapdos|Zapdos|7/100
|move|p1a: Rillaboom|Grassy Glide|p2a: Zapdos
|-resisted|p2a: Zapdos
|-damage|p2a: Zapdos|0 fnt
|-damage|p1a: Rillaboom|13/100|[from] item: Rocky Helmet|[of] p2a: Zapdos
|faint|p2a: Zapdos
|-damage|p1a: Rillaboom|3/100|[from] item: Life Orb
|
|-heal|p1a: Rillaboom|9/100|[from] Grassy Terrain
|upkeep
|
|t:|1633795134
|switch|p2a: Victini|Victini|100/100
|turn|11
|
|t:|1633795142
|move|p1a: Rillaboom|Grassy Glide|p2a: Victini
|-resisted|p2a: Victini
|-damage|p2a: Victini|39/100
|-damage|p1a: Rillaboom|0 fnt|[from] item: Life Orb
|faint|p1a: Rillaboom
|move|p2a: Victini|U-turn|p1: Rillaboom|[notarget]
|-fail|p2a: Victini
|
|-heal|p2a: Victini|45/100|[from] Grassy Terrain
|upkeep
|
|t:|1633795162
|switch|p1a: Blaziken|Blaziken, M, shiny|100/100
|turn|12
|
|t:|1633795168
|move|p2a: Victini|U-turn|p1a: Blaziken
|-resisted|p1a: Blaziken
|-damage|p1a: Blaziken|93/100
|
|t:|1633795171
|switch|p2a: Latias|Latias, F|63/100|[from]move: U-turn
|move|p1a: Blaziken|Swords Dance|p1a: Blaziken
|-boost|p1a: Blaziken|atk|2
|
|-heal|p1a: Blaziken|99/100|[from] Grassy Terrain
|-fieldend|move: Grassy Terrain
|-ability|p1a: Blaziken|Speed Boost|boost
|-boost|p1a: Blaziken|spe|1
|upkeep
|turn|13
|c| 0zorcNecropHADES|scarf?
|inactive|legitteambuilder has 120 seconds left.
|
|t:|1633795209
|move|p2a: Latias|Psychic|p1a: Blaziken
|-supereffective|p1a: Blaziken
|-damage|p1a: Blaziken|0 fnt
|faint|p1a: Blaziken
|
|upkeep
|
|t:|1633795215
|switch|p1a: Dragonite|Dragonite, M, shiny|100/100
|turn|14
|
|t:|1633795223
|switch|p2a: Victini|Victini|45/100
|move|p1a: Dragonite|Dragon Dance|p1a: Dragonite
|-boost|p1a: Dragonite|atk|1
|-boost|p1a: Dragonite|spe|1
|
|upkeep
|turn|15
|
|t:|1633795229
|move|p2a: Victini|Trick|p1a: Dragonite
|-activate|p2a: Victini|move: Trick|[of] p1a: Dragonite
|-item|p1a: Dragonite|Choice Scarf|[from] move: Trick
|-item|p2a: Victini|Heavy-Duty Boots|[from] move: Trick
|move|p1a: Dragonite|Dragon Dance|p1a: Dragonite
|-boost|p1a: Dragonite|atk|1
|-boost|p1a: Dragonite|spe|1
|
|upkeep
|turn|16
|
|t:|1633795235
|switch|p1a: Azelf|Azelf, shiny|75/100
|move|p2a: Victini|U-turn|p1a: Azelf
|-supereffective|p1a: Azelf
|-damage|p1a: Azelf|27/100
|c| 0zorcNecropHADES|wp
|c| 0zorcNecropHADES|ggs
|
|t:|1633795240
|switch|p2a: Rillaboom|Rillaboom, M|100/100|[from]move: U-turn
|-fieldstart|move: Grassy Terrain|[from] ability: Grassy Surge|[of] p2a: Rillaboom
|
|upkeep
|turn|17
|
|t:|1633795245
|move|p2a: Rillaboom|Grassy Glide|p1a: Azelf
|-damage|p1a: Azelf|0 fnt
|faint|p1a: Azelf
|-damage|p2a: Rillaboom|91/100|[from] item: Life Orb
|
|-heal|p2a: Rillaboom|97/100|[from] Grassy Terrain
|upkeep
|
|t:|1633795247
|switch|p1a: Dragonite|Dragonite, M, shiny|100/100
|turn|18
|
|t:|1633795255
|switch|p2a: Chansey|Chansey, F|100/100
|move|p1a: Dragonite|Dual Wingbeat|p2a: Chansey
|-damage|p2a: Chansey|85/100
|-damage|p2a: Chansey|69/100
|-hitcount|p2a: Chansey|2
|
|-heal|p2a: Chansey|75/100|[from] Grassy Terrain
|upkeep
|turn|19
|j| jigobo
|
|t:|1633795266
|move|p1a: Dragonite|Dual Wingbeat|p2a: Chansey
|-damage|p2a: Chansey|59/100
|-damage|p2a: Chansey|44/100
|-hitcount|p2a: Chansey|2
|move|p2a: Chansey|Stealth Rock|p1a: Dragonite
|-sidestart|p1: legitteambuilder|move: Stealth Rock
|
|-heal|p2a: Chansey|50/100|[from] Grassy Terrain
|upkeep
|turn|20
|j| NPC666
|
|t:|1633795274
|move|p1a: Dragonite|Dual Wingbeat|p2a: Chansey
|-damage|p2a: Chansey|35/100
|-damage|p2a: Chansey|21/100
|-hitcount|p2a: Chansey|2
|move|p2a: Chansey|Soft-Boiled|p2a: Chansey
|-heal|p2a: Chansey|71/100
|
|-heal|p2a: Chansey|77/100|[from] Grassy Terrain
|-fieldend|move: Grassy Terrain
|upkeep
|turn|21
|
|t:|1633795285
|move|p1a: Dragonite|Dual Wingbeat|p2a: Chansey
|-damage|p2a: Chansey|62/100
|-damage|p2a: Chansey|45/100
|-hitcount|p2a: Chansey|2
|move|p2a: Chansey|Soft-Boiled|p2a: Chansey
|-heal|p2a: Chansey|95/100
|
|upkeep
|turn|22
|
|t:|1633795292
|move|p1a: Dragonite|Dual Wingbeat|p2a: Chansey
|-damage|p2a: Chansey|79/100
|-damage|p2a: Chansey|65/100
|-hitcount|p2a: Chansey|2
|move|p2a: Chansey|Seismic Toss|p1a: Dragonite
|-damage|p1a: Dragonite|70/100
|
|upkeep
|turn|23
|
|t:|1633795300
|switch|p1a: Nihilego|Nihilego, shiny|75/100
|-damage|p1a: Nihilego|62/100|[from] Stealth Rock
|move|p2a: Chansey|Soft-Boiled|p2a: Chansey
|-heal|p2a: Chansey|100/100
|
|upkeep
|turn|24
|
|t:|1633795307
|move|p1a: Nihilego|Meteor Beam||[still]
|-prepare|p1a: Nihilego|Meteor Beam
|-boost|p1a: Nihilego|spa|1
|-enditem|p1a: Nihilego|Power Herb
|-anim|p1a: Nihilego|Meteor Beam|p2a: Chansey
|-crit|p2a: Chansey
|-damage|p2a: Chansey|63/100
|move|p2a: Chansey|Seismic Toss|p1a: Nihilego
|-damage|p1a: Nihilego|34/100
|
|upkeep
|turn|25
|
|t:|1633795320
|move|p1a: Nihilego|Meteor Beam||[still]
|-prepare|p1a: Nihilego|Meteor Beam
|-boost|p1a: Nihilego|spa|1
|move|p2a: Chansey|Soft-Boiled|p2a: Chansey
|-heal|p2a: Chansey|100/100
|
|upkeep
|turn|26
|
|t:|1633795325
|move|p1a: Nihilego|Meteor Beam|p2a: Chansey|[from]lockedmove
|-damage|p2a: Chansey|63/100
|move|p2a: Chansey|Soft-Boiled|p2a: Chansey
|-heal|p2a: Chansey|100/100
|
|upkeep
|turn|27
|
|t:|1633795332
|move|p1a: Nihilego|Sludge Wave|p2a: Chansey
|-damage|p2a: Chansey|74/100
|move|p2a: Chansey|Seismic Toss|p1a: Nihilego
|-damage|p1a: Nihilego|7/100
|
|upkeep
|turn|28
|
|t:|1633795337
|move|p1a: Nihilego|Sludge Wave|p2a: Chansey
|-damage|p2a: Chansey|44/100
|move|p2a: Chansey|Soft-Boiled|p2a: Chansey
|-heal|p2a: Chansey|94/100
|
|upkeep
|turn|29
|
|t:|1633795342
|move|p1a: Nihilego|Sludge Wave|p2a: Chansey
|-damage|p2a: Chansey|64/100
|move|p2a: Chansey|Seismic Toss|p1a: Nihilego
|-damage|p1a: Nihilego|0 fnt
|faint|p1a: Nihilego
|
|upkeep
|-message|legitteambuilder forfeited.
|
|win|CVCXCXAZ
|raw|legitteambuilder's rating: 1773 &rarr; <strong>1760</strong><br />(-13 for losing)
|raw|CVCXCXAZ's rating: 1897 &rarr; <strong>1910</strong><br />(+13 for winning)
|l|☆legitteambuilder
