|j|☆Fryderyk Nietzky
|j|‽ghecisbestvillain
|t:|1663311731
|gametype|singles
|player|p1|Fryderyk Nietzky|170|1632
|player|p2|ghecisbestvillain|scientist-gen4|1876
|teamsize|p1|6
|teamsize|p2|6
|gen|8
|tier|[Gen 8] OU
|rated|
|rule|Sleep Clause Mod: Limit one foe put to sleep
|rule|Species Clause: Limit one of each Pokémon
|rule|OHKO Clause: OHKO moves are banned
|rule|Evasion Items Clause: Evasion items are banned
|rule|Evasion Moves Clause: Evasion moves are banned
|rule|Endless Battle Clause: Forcing endless battles is banned
|rule|HP Percentage Mod: HP is shown in percentages
|rule|Dynamax Clause: You cannot dynamax
|clearpoke
|poke|p1|Toxapex, M|
|poke|p1|Clefable, F|
|poke|p1|Blissey, F|
|poke|p1|Corviknight, M|
|poke|p1|Tangrowth, M|
|poke|p1|Gastrodon-East, F|
|poke|p2|Chansey, F|
|poke|p2|Quagsire, M|
|poke|p2|Corviknight, M|
|poke|p2|Toxapex, M|
|poke|p2|Buzzwole|
|poke|p2|Tyranitar, M|
|teampreview
|inactive|Battle timer is ON: inactive players will automatically lose when time's up. (requested by ghecisbestvillain)
|
|t:|1663311757
|start
|switch|p1a: Toxapex|Toxapex, M|100/100
|switch|p2a: Toxapex|Toxapex, M|100/100
|turn|1
|
|t:|1663311763
|move|p2a: Toxapex|Knock Off|p1a: Toxapex
|-damage|p1a: Toxapex|88/100
|-enditem|p1a: Toxapex|Black Sludge|[from] move: Knock Off|[of] p2a: Toxapex
|move|p1a: Toxapex|Infestation|p2a: Toxapex
|-resisted|p2a: Toxapex
|-damage|p2a: Toxapex|99/100
|-activate|p2a: Toxapex|move: Infestation|[of] p1a: Toxapex
|-damage|p1a: Toxapex|72/100|[from] item: Rocky Helmet|[of] p2a: Toxapex
|
|-damage|p2a: Toxapex|87/100|[from] move: Infestation|[partiallytrapped]
|upkeep
|turn|2
|
|t:|1663311774
|move|p1a: Toxapex|Baneful Bunker|p1a: Toxapex
|-singleturn|p1a: Toxapex|move: Protect
|move|p2a: Toxapex|Scald|p1a: Toxapex
|-activate|p1a: Toxapex|move: Protect
|
|-damage|p2a: Toxapex|75/100|[from] move: Infestation|[partiallytrapped]
|upkeep
|turn|3
|j| Mel0nL0rd
|
|t:|1663311797
|move|p1a: Toxapex|Recover|p1a: Toxapex
|-heal|p1a: Toxapex|100/100
|move|p2a: Toxapex|Scald|p1a: Toxapex
|-resisted|p1a: Toxapex
|-damage|p1a: Toxapex|96/100
|
|-damage|p2a: Toxapex|63/100|[from] move: Infestation|[partiallytrapped]
|upkeep
|turn|4
|
|t:|1663311806
|move|p1a: Toxapex|Baneful Bunker|p1a: Toxapex
|-singleturn|p1a: Toxapex|move: Protect
|move|p2a: Toxapex|Scald|p1a: Toxapex
|-activate|p1a: Toxapex|move: Protect
|
|-damage|p2a: Toxapex|51/100|[from] move: Infestation|[partiallytrapped]
|upkeep
|turn|5
|inactive|Fryderyk Nietzky has 120 seconds left.
|
|t:|1663311839
|move|p2a: Toxapex|Scald|p1a: Toxapex
|-resisted|p1a: Toxapex
|-damage|p1a: Toxapex|91/100
|move|p1a: Toxapex|Toxic|p2a: Toxapex
|-immune|p2a: Toxapex
|
|-damage|p2a: Toxapex|38/100|[from] move: Infestation|[partiallytrapped]
|upkeep
|turn|6
|j| Airair
|inactive|Fryderyk Nietzky has 120 seconds left.
|l| Airair
|
|t:|1663311866
|move|p1a: Toxapex|Toxic|p2a: Toxapex
|-immune|p2a: Toxapex
|move|p2a: Toxapex|Haze|p2a: Toxapex
|-clearallboost
|
|-end|p2a: Toxapex|Infestation|[partiallytrapped]
|upkeep
|turn|7
|
|t:|1663311873
|switch|p2a: Corviknight|Corviknight, M|100/100
|-ability|p2a: Corviknight|Pressure
|move|p1a: Toxapex|Infestation|p2a: Corviknight
|-resisted|p2a: Corviknight
|-damage|p2a: Corviknight|99/100
|-activate|p2a: Corviknight|move: Infestation|[of] p1a: Toxapex
|
|-heal|p2a: Corviknight|100/100|[from] item: Leftovers
|-damage|p2a: Corviknight|88/100|[from] move: Infestation|[partiallytrapped]
|upkeep
|turn|8
|inactive|Fryderyk Nietzky has 90 seconds left.
|
|t:|1663311898
|move|p2a: Corviknight|Iron Defense|p2a: Corviknight
|-boost|p2a: Corviknight|def|2
|move|p1a: Toxapex|Infestation|p2a: Corviknight
|-resisted|p2a: Corviknight
|-damage|p2a: Corviknight|87/100
|
|-heal|p2a: Corviknight|93/100|[from] item: Leftovers
|-damage|p2a: Corviknight|81/100|[from] move: Infestation|[partiallytrapped]
|upkeep
|turn|9
|inactive|Fryderyk Nietzky has 90 seconds left.
|
|t:|1663311916
|switch|p1a: Tangrowth|Tangrowth, M|100/100
|move|p2a: Corviknight|Iron Defense|p2a: Corviknight
|-boost|p2a: Corviknight|def|2
|
|-heal|p2a: Corviknight|87/100|[from] item: Leftovers
|-end|p2a: Corviknight|Infestation|[partiallytrapped]|[silent]
|upkeep
|turn|10
|inactive|Fryderyk Nietzky has 90 seconds left.
|
|t:|1663311923
|switch|p2a: Toxapex|Toxapex, M|72/100
|move|p1a: Tangrowth|Leech Seed|p2a: Toxapex
|-start|p2a: Toxapex|move: Leech Seed
|
|-damage|p2a: Toxapex|60/100|[from] Leech Seed|[of] p1a: Tangrowth
|upkeep
|turn|11
|
|t:|1663311931
|switch|p2a: Corviknight|Corviknight, M|87/100
|-ability|p2a: Corviknight|Pressure
|move|p1a: Tangrowth|Infestation|p2a: Corviknight
|-resisted|p2a: Corviknight
|-damage|p2a: Corviknight|86/100
|-activate|p2a: Corviknight|move: Infestation|[of] p1a: Tangrowth
|
|-heal|p2a: Corviknight|92/100|[from] item: Leftovers
|-damage|p2a: Corviknight|80/100|[from] move: Infestation|[partiallytrapped]
|upkeep
|turn|12
|
|t:|1663311941
|move|p2a: Corviknight|Iron Defense|p2a: Corviknight
|-boost|p2a: Corviknight|def|2
|move|p1a: Tangrowth|Leech Seed|p2a: Corviknight
|-start|p2a: Corviknight|move: Leech Seed
|
|-heal|p2a: Corviknight|86/100|[from] item: Leftovers
|-damage|p2a: Corviknight|73/100|[from] Leech Seed|[of] p1a: Tangrowth
|-damage|p2a: Corviknight|61/100|[from] move: Infestation|[partiallytrapped]
|upkeep
|turn|13
|
|t:|1663311951
|move|p2a: Corviknight|Iron Defense|p2a: Corviknight
|-boost|p2a: Corviknight|def|2
|move|p1a: Tangrowth|Knock Off|p2a: Corviknight
|-damage|p2a: Corviknight|57/100
|-enditem|p2a: Corviknight|Leftovers|[from] move: Knock Off|[of] p1a: Tangrowth
|
|-damage|p2a: Corviknight|44/100|[from] Leech Seed|[of] p1a: Tangrowth
|-damage|p2a: Corviknight|32/100|[from] move: Infestation|[partiallytrapped]
|upkeep
|turn|14
|
|t:|1663311970
|move|p1a: Tangrowth|Protect|p1a: Tangrowth
|-singleturn|p1a: Tangrowth|Protect
|move|p2a: Corviknight|Roost|p2a: Corviknight
|-heal|p2a: Corviknight|82/100
|-singleturn|p2a: Corviknight|move: Roost
|
|-damage|p2a: Corviknight|69/100|[from] Leech Seed|[of] p1a: Tangrowth
|-damage|p2a: Corviknight|57/100|[from] move: Infestation|[partiallytrapped]
|upkeep
|turn|15
|
|t:|1663311984
|move|p2a: Corviknight|Iron Defense|p2a: Corviknight
|-boost|p2a: Corviknight|def|2
|move|p1a: Tangrowth|Knock Off|p2a: Corviknight
|-damage|p2a: Corviknight|55/100
|
|-damage|p2a: Corviknight|42/100|[from] Leech Seed|[of] p1a: Tangrowth
|-end|p2a: Corviknight|Infestation|[partiallytrapped]
|upkeep
|turn|16
|
|t:|1663311992
|move|p2a: Corviknight|Roost|p2a: Corviknight
|-heal|p2a: Corviknight|92/100
|-singleturn|p2a: Corviknight|move: Roost
|move|p1a: Tangrowth|Infestation|p2a: Corviknight
|-resisted|p2a: Corviknight
|-damage|p2a: Corviknight|90/100
|-activate|p2a: Corviknight|move: Infestation|[of] p1a: Tangrowth
|
|-damage|p2a: Corviknight|77/100|[from] Leech Seed|[of] p1a: Tangrowth
|-damage|p2a: Corviknight|65/100|[from] move: Infestation|[partiallytrapped]
|upkeep
|turn|17
|j| Noob 0_o
|
|t:|1663312004
|switch|p1a: Clefable|Clefable, F|100/100
|move|p2a: Corviknight|Body Press|p1a: Clefable
|-resisted|p1a: Clefable
|-damage|p1a: Clefable|89/100
|
|-heal|p1a: Clefable|96/100|[from] item: Leftovers
|-damage|p2a: Corviknight|52/100|[from] Leech Seed|[of] p1a: Clefable
|-heal|p1a: Clefable|100/100|[silent]
|-end|p2a: Corviknight|Infestation|[partiallytrapped]|[silent]
|upkeep
|turn|18
|
|t:|1663312019
|switch|p2a: Toxapex|Toxapex, M|93/100
|move|p1a: Clefable|Moonblast|p2a: Toxapex
|-resisted|p2a: Toxapex
|-damage|p2a: Toxapex|79/100
|
|upkeep
|turn|19
|inactive|Fryderyk Nietzky has 90 seconds left.
|
|t:|1663312046
|switch|p1a: Blissey|Blissey, F|100/100
|switch|p2a: Tyranitar|Tyranitar, M|100/100
|-weather|Sandstorm|[from] ability: Sand Stream|[of] p2a: Tyranitar
|
|-weather|Sandstorm|[upkeep]
|-damage|p1a: Blissey|94/100|[from] Sandstorm
|upkeep
|turn|20
|inactive|Fryderyk Nietzky has 90 seconds left.
|
|t:|1663312062
|switch|p1a: Tangrowth|Tangrowth, M|100/100
|move|p2a: Tyranitar|Stone Edge|p1a: Tangrowth
|-damage|p1a: Tangrowth|45/100
|
|-weather|Sandstorm|[upkeep]
|-damage|p1a: Tangrowth|39/100|[from] Sandstorm
|-heal|p1a: Tangrowth|45/100|[from] item: Leftovers
|upkeep
|turn|21
|
|t:|1663312075
|move|p1a: Tangrowth|Protect|p1a: Tangrowth
|-singleturn|p1a: Tangrowth|Protect
|move|p2a: Tyranitar|Stone Edge|p1a: Tangrowth
|-activate|p1a: Tangrowth|move: Protect
|
|-weather|Sandstorm|[upkeep]
|-damage|p1a: Tangrowth|39/100|[from] Sandstorm
|-heal|p1a: Tangrowth|45/100|[from] item: Leftovers
|upkeep
|turn|22
|
|t:|1663312091
|switch|p1a: Corviknight|Corviknight, M|100/100
|-ability|p1a: Corviknight|Pressure
|move|p2a: Tyranitar|Stone Edge|p1a: Corviknight
|-damage|p1a: Corviknight|42/100
|
|-weather|Sandstorm|[upkeep]
|upkeep
|turn|23
|inactive|Fryderyk Nietzky has 60 seconds left.
|
|t:|1663312117
|switch|p1a: Gastrodon|Gastrodon-East, F|100/100
|switch|p2a: Corviknight|Corviknight, M|52/100
|-ability|p2a: Corviknight|Pressure
|
|-weather|none
|upkeep
|turn|24
|inactive|Fryderyk Nietzky has 60 seconds left.
|
|t:|1663312128
|switch|p2a: Toxapex|Toxapex, M|100/100
|move|p1a: Gastrodon|Scald|p2a: Toxapex
|-resisted|p2a: Toxapex
|-damage|p2a: Toxapex|90/100
|-status|p2a: Toxapex|brn
|
|-damage|p2a: Toxapex|84/100 brn|[from] brn
|upkeep
|turn|25
|inactive|Fryderyk Nietzky has 60 seconds left.
|
|t:|1663312139
|switch|p2a: Chansey|Chansey, F|100/100
|move|p1a: Gastrodon|Earth Power|p2a: Chansey
|-damage|p2a: Chansey|93/100
|
|upkeep
|turn|26
|
|t:|1663312145
|switch|p2a: Toxapex|Toxapex, M|100/100 brn
|switch|p1a: Corviknight|Corviknight, M|42/100
|-ability|p1a: Corviknight|Pressure
|
|-damage|p2a: Toxapex|95/100 brn|[from] brn
|upkeep
|turn|27
|
|t:|1663312154
|switch|p2a: Corviknight|Corviknight, M|52/100
|-ability|p2a: Corviknight|Pressure
|move|p1a: Corviknight|Roost|p1a: Corviknight
|-heal|p1a: Corviknight|92/100
|-singleturn|p1a: Corviknight|move: Roost
|
|upkeep
|turn|28
|inactive|Fryderyk Nietzky has 60 seconds left.
|
|t:|1663312176
|switch|p1a: Gastrodon|Gastrodon-East, F|100/100
|switch|p2a: Quagsire|Quagsire, M|100/100
|
|upkeep
|turn|29
|inactive|Fryderyk Nietzky has 60 seconds left.
|
|t:|1663312189
|switch|p2a: Chansey|Chansey, F|93/100
|move|p1a: Gastrodon|Earth Power|p2a: Chansey
|-damage|p2a: Chansey|86/100
|-unboost|p2a: Chansey|spd|1
|
|upkeep
|turn|30
|
|t:|1663312197
|switch|p2a: Corviknight|Corviknight, M|52/100
|-ability|p2a: Corviknight|Pressure
|switch|p1a: Toxapex|Toxapex, M|100/100
|
|upkeep
|turn|31
|
|t:|1663312206
|switch|p2a: Toxapex|Toxapex, M|100/100 brn
|move|p1a: Toxapex|Infestation|p2a: Toxapex
|-resisted|p2a: Toxapex
|-damage|p2a: Toxapex|99/100 brn
|-activate|p2a: Toxapex|move: Infestation|[of] p1a: Toxapex
|-damage|p1a: Toxapex|84/100|[from] item: Rocky Helmet|[of] p2a: Toxapex
|
|-damage|p2a: Toxapex|93/100 brn|[from] brn
|-damage|p2a: Toxapex|81/100 brn|[from] move: Infestation|[partiallytrapped]
|upkeep
|turn|32
|
|t:|1663312223
|move|p2a: Toxapex|Haze|p2a: Toxapex
|-clearallboost
|move|p1a: Toxapex|Infestation|p2a: Toxapex
|-resisted|p2a: Toxapex
|-damage|p2a: Toxapex|80/100 brn
|-damage|p1a: Toxapex|68/100|[from] item: Rocky Helmet|[of] p2a: Toxapex
|
|-damage|p2a: Toxapex|74/100 brn|[from] brn
|-damage|p2a: Toxapex|62/100 brn|[from] move: Infestation|[partiallytrapped]
|upkeep
|turn|33
|
|t:|1663312238
|move|p2a: Toxapex|Scald|p1a: Toxapex
|-resisted|p1a: Toxapex
|-damage|p1a: Toxapex|63/100
|move|p1a: Toxapex|Recover|p1a: Toxapex
|-heal|p1a: Toxapex|100/100
|
|-damage|p2a: Toxapex|56/100 brn|[from] brn
|-damage|p2a: Toxapex|43/100 brn|[from] move: Infestation|[partiallytrapped]
|upkeep
|turn|34
|
|t:|1663312248
|move|p1a: Toxapex|Baneful Bunker|p1a: Toxapex
|-singleturn|p1a: Toxapex|move: Protect
|move|p2a: Toxapex|Haze|p2a: Toxapex
|-clearallboost
|
|-damage|p2a: Toxapex|37/100 brn|[from] brn
|-damage|p2a: Toxapex|25/100 brn|[from] move: Infestation|[partiallytrapped]
|upkeep
|turn|35
|inactive|Fryderyk Nietzky has 60 seconds left.
|
|t:|1663312263
|move|p2a: Toxapex|Haze|p2a: Toxapex
|-clearallboost
|move|p1a: Toxapex|Infestation|p2a: Toxapex
|-resisted|p2a: Toxapex
|-damage|p2a: Toxapex|24/100 brn
|-damage|p1a: Toxapex|84/100|[from] item: Rocky Helmet|[of] p2a: Toxapex
|
|-damage|p2a: Toxapex|18/100 brn|[from] brn
|-damage|p2a: Toxapex|6/100 brn|[from] move: Infestation|[partiallytrapped]
|upkeep
|turn|36
|inactive|Fryderyk Nietzky has 60 seconds left.
|
|t:|1663312273
|move|p1a: Toxapex|Recover|p1a: Toxapex
|-heal|p1a: Toxapex|100/100
|move|p2a: Toxapex|Recover|p2a: Toxapex
|-heal|p2a: Toxapex|56/100 brn
|
|-damage|p2a: Toxapex|50/100 brn|[from] brn
|-end|p2a: Toxapex|Infestation|[partiallytrapped]
|upkeep
|turn|37
|
|t:|1663312283
|switch|p2a: Corviknight|Corviknight, M|52/100
|-ability|p2a: Corviknight|Pressure
|move|p1a: Toxapex|Infestation|p2a: Corviknight
|-resisted|p2a: Corviknight
|-damage|p2a: Corviknight|51/100
|-activate|p2a: Corviknight|move: Infestation|[of] p1a: Toxapex
|
|-damage|p2a: Corviknight|39/100|[from] move: Infestation|[partiallytrapped]
|upkeep
|turn|38
|
|t:|1663312298
|switch|p1a: Tangrowth|Tangrowth, M|78/100
|move|p2a: Corviknight|Roost|p2a: Corviknight
|-heal|p2a: Corviknight|89/100
|-singleturn|p2a: Corviknight|move: Roost
|
|-heal|p1a: Tangrowth|84/100|[from] item: Leftovers
|-end|p2a: Corviknight|Infestation|[partiallytrapped]|[silent]
|upkeep
|turn|39
|
|t:|1663312312
|switch|p2a: Toxapex|Toxapex, M|84/100 brn
|move|p1a: Tangrowth|Leech Seed|p2a: Toxapex
|-start|p2a: Toxapex|move: Leech Seed
|
|-heal|p1a: Tangrowth|91/100|[from] item: Leftovers
|-damage|p2a: Toxapex|71/100 brn|[from] Leech Seed|[of] p1a: Tangrowth
|-heal|p1a: Tangrowth|99/100|[silent]
|-damage|p2a: Toxapex|66/100 brn|[from] brn
|upkeep
|turn|40
|
|t:|1663312321
|switch|p2a: Corviknight|Corviknight, M|89/100
|-ability|p2a: Corviknight|Pressure
|move|p1a: Tangrowth|Infestation|p2a: Corviknight
|-resisted|p2a: Corviknight
|-damage|p2a: Corviknight|88/100
|-activate|p2a: Corviknight|move: Infestation|[of] p1a: Tangrowth
|
|-heal|p1a: Tangrowth|100/100|[from] item: Leftovers
|-damage|p2a: Corviknight|75/100|[from] move: Infestation|[partiallytrapped]
|upkeep
|turn|41
|
|t:|1663312344
|switch|p1a: Gastrodon|Gastrodon-East, F|100/100
|move|p2a: Corviknight|Iron Defense|p2a: Corviknight
|-boost|p2a: Corviknight|def|2
|
|-end|p2a: Corviknight|Infestation|[partiallytrapped]|[silent]
|upkeep
|turn|42
|
|t:|1663312354
|switch|p2a: Quagsire|Quagsire, M|100/100
|move|p1a: Gastrodon|Scald|p2a: Quagsire
|-damage|p2a: Quagsire|70/100
|
|-heal|p2a: Quagsire|76/100|[from] item: Leftovers
|upkeep
|turn|43
|
|t:|1663312362
|switch|p2a: Chansey|Chansey, F|86/100
|move|p1a: Gastrodon|Toxic|p2a: Chansey
|-status|p2a: Chansey|tox
|
|-damage|p2a: Chansey|80/100 tox|[from] psn
|upkeep
|turn|44
|
|t:|1663312383
|-curestatus|p2a: Chansey|tox|[from] ability: Natural Cure
|switch|p2a: Corviknight|Corviknight, M|75/100
|-ability|p2a: Corviknight|Pressure
|switch|p1a: Toxapex|Toxapex, M|100/100
|
|upkeep
|turn|45
|inactive|ghecisbestvillain has 120 seconds left.
|
|t:|1663312435
|switch|p2a: Chansey|Chansey, F|80/100
|switch|p1a: Tangrowth|Tangrowth, M|100/100
|
|upkeep
|turn|46
|
|t:|1663312445
|switch|p2a: Corviknight|Corviknight, M|75/100
|-ability|p2a: Corviknight|Pressure
|move|p1a: Tangrowth|Knock Off|p2a: Corviknight
|-crit|p2a: Corviknight
|-damage|p2a: Corviknight|62/100
|
|upkeep
|turn|47
|
|t:|1663312459
|switch|p2a: Toxapex|Toxapex, M|99/100 brn
|switch|p1a: Toxapex|Toxapex, M|100/100
|
|-damage|p2a: Toxapex|93/100 brn|[from] brn
|upkeep
|turn|48
|
|t:|1663312472
|switch|p1a: Gastrodon|Gastrodon-East, F|100/100
|switch|p2a: Corviknight|Corviknight, M|62/100
|-ability|p2a: Corviknight|Pressure
|
|upkeep
|turn|49
|
|t:|1663312484
|switch|p2a: Chansey|Chansey, F|80/100
|switch|p1a: Corviknight|Corviknight, M|92/100
|-ability|p1a: Corviknight|Pressure
|
|upkeep
|turn|50
|
|t:|1663312494
|switch|p2a: Corviknight|Corviknight, M|62/100
|-ability|p2a: Corviknight|Pressure
|move|p1a: Corviknight|Iron Defense|p1a: Corviknight
|-boost|p1a: Corviknight|def|2
|
|upkeep
|turn|51
|
|t:|1663312503
|switch|p2a: Toxapex|Toxapex, M|100/100 brn
|move|p1a: Corviknight|Body Press|p2a: Toxapex
|-resisted|p2a: Toxapex
|-damage|p2a: Toxapex|87/100 brn
|-damage|p1a: Corviknight|75/100|[from] item: Rocky Helmet|[of] p2a: Toxapex
|
|-damage|p2a: Toxapex|81/100 brn|[from] brn
|upkeep
|turn|52
|
|t:|1663312529
|switch|p1a: Toxapex|Toxapex, M|100/100
|switch|p2a: Quagsire|Quagsire, M|76/100
|
|-heal|p2a: Quagsire|82/100|[from] item: Leftovers
|upkeep
|turn|53
|
|t:|1663312539
|switch|p2a: Corviknight|Corviknight, M|62/100
|-ability|p2a: Corviknight|Pressure
|move|p1a: Toxapex|Infestation|p2a: Corviknight
|-resisted|p2a: Corviknight
|-damage|p2a: Corviknight|61/100
|-activate|p2a: Corviknight|move: Infestation|[of] p1a: Toxapex
|
|-damage|p2a: Corviknight|49/100|[from] move: Infestation|[partiallytrapped]
|upkeep
|turn|54
|inactive|Fryderyk Nietzky has 60 seconds left.
|
|t:|1663312560
|switch|p1a: Tangrowth|Tangrowth, M|100/100
|move|p2a: Corviknight|Roost|p2a: Corviknight
|-heal|p2a: Corviknight|99/100
|-singleturn|p2a: Corviknight|move: Roost
|
|-end|p2a: Corviknight|Infestation|[partiallytrapped]|[silent]
|upkeep
|turn|55
|inactive|Fryderyk Nietzky has 60 seconds left.
|
|t:|1663312571
|switch|p2a: Toxapex|Toxapex, M|100/100 brn
|move|p1a: Tangrowth|Infestation|p2a: Toxapex
|-resisted|p2a: Toxapex
|-damage|p2a: Toxapex|98/100 brn
|-activate|p2a: Toxapex|move: Infestation|[of] p1a: Tangrowth
|-damage|p1a: Tangrowth|84/100|[from] item: Rocky Helmet|[of] p2a: Toxapex
|
|-heal|p1a: Tangrowth|90/100|[from] item: Leftovers
|-damage|p2a: Toxapex|92/100 brn|[from] brn
|-damage|p2a: Toxapex|80/100 brn|[from] move: Infestation|[partiallytrapped]
|upkeep
|turn|56
|inactive|Fryderyk Nietzky has 60 seconds left.
|
|t:|1663312583
|move|p1a: Tangrowth|Leech Seed|p2a: Toxapex
|-start|p2a: Toxapex|move: Leech Seed
|move|p2a: Toxapex|Knock Off|p1a: Tangrowth
|-damage|p1a: Tangrowth|85/100
|-enditem|p1a: Tangrowth|Leftovers|[from] move: Knock Off|[of] p2a: Toxapex
|
|-damage|p2a: Toxapex|68/100 brn|[from] Leech Seed|[of] p1a: Tangrowth
|-heal|p1a: Tangrowth|94/100|[silent]
|-damage|p2a: Toxapex|62/100 brn|[from] brn
|-damage|p2a: Toxapex|50/100 brn|[from] move: Infestation|[partiallytrapped]
|upkeep
|turn|57
|inactive|Fryderyk Nietzky has 60 seconds left.
|
|t:|1663312600
|move|p1a: Tangrowth|Protect|p1a: Tangrowth
|-singleturn|p1a: Tangrowth|Protect
|move|p2a: Toxapex|Recover|p2a: Toxapex
|-heal|p2a: Toxapex|99/100 brn
|
|-damage|p2a: Toxapex|88/100 brn|[from] Leech Seed|[of] p1a: Tangrowth
|-heal|p1a: Tangrowth|100/100|[silent]
|-damage|p2a: Toxapex|82/100 brn|[from] brn
|-damage|p2a: Toxapex|69/100 brn|[from] move: Infestation|[partiallytrapped]
|upkeep
|turn|58
|inactive|Fryderyk Nietzky has 60 seconds left.
|
|t:|1663312610
|move|p1a: Tangrowth|Knock Off|p2a: Toxapex
|-damage|p2a: Toxapex|57/100 brn
|-damage|p1a: Tangrowth|84/100|[from] item: Rocky Helmet|[of] p2a: Toxapex
|-enditem|p2a: Toxapex|Rocky Helmet|[from] move: Knock Off|[of] p1a: Tangrowth
|move|p2a: Toxapex|Haze|p2a: Toxapex
|-clearallboost
|
|-damage|p2a: Toxapex|45/100 brn|[from] Leech Seed|[of] p1a: Tangrowth
|-heal|p1a: Tangrowth|93/100|[silent]
|-damage|p2a: Toxapex|39/100 brn|[from] brn
|-damage|p2a: Toxapex|27/100 brn|[from] move: Infestation|[partiallytrapped]
|upkeep
|turn|59
|inactive|Fryderyk Nietzky has 60 seconds left.
|
|t:|1663312626
|move|p1a: Tangrowth|Infestation|p2a: Toxapex
|-resisted|p2a: Toxapex
|-damage|p2a: Toxapex|25/100 brn
|move|p2a: Toxapex|Recover|p2a: Toxapex
|-heal|p2a: Toxapex|75/100 brn
|
|-damage|p2a: Toxapex|63/100 brn|[from] Leech Seed|[of] p1a: Tangrowth
|-heal|p1a: Tangrowth|100/100|[silent]
|-damage|p2a: Toxapex|57/100 brn|[from] brn
|-damage|p2a: Toxapex|44/100 brn|[from] move: Infestation|[partiallytrapped]
|upkeep
|turn|60
|inactive|Fryderyk Nietzky has 60 seconds left.
|
|t:|1663312646
|switch|p1a: Gastrodon|Gastrodon-East, F|100/100
|move|p2a: Toxapex|Haze|p2a: Toxapex
|-clearallboost
|
|-damage|p2a: Toxapex|32/100 brn|[from] Leech Seed|[of] p1a: Gastrodon
|-damage|p2a: Toxapex|26/100 brn|[from] brn
|-end|p2a: Toxapex|Infestation|[partiallytrapped]
|upkeep
|turn|61
|
|t:|1663312659
|switch|p2a: Chansey|Chansey, F|80/100
|move|p1a: Gastrodon|Scald|p2a: Chansey
|-damage|p2a: Chansey|72/100
|
|upkeep
|turn|62
|
|t:|1663312676
|switch|p2a: Quagsire|Quagsire, M|82/100
|switch|p1a: Toxapex|Toxapex, M|100/100
|
|-heal|p2a: Quagsire|88/100|[from] item: Leftovers
|upkeep
|turn|63
|
|t:|1663312684
|switch|p2a: Chansey|Chansey, F|72/100
|move|p1a: Toxapex|Infestation|p2a: Chansey
|-damage|p2a: Chansey|72/100
|-activate|p2a: Chansey|move: Infestation|[of] p1a: Toxapex
|
|-damage|p2a: Chansey|59/100|[from] move: Infestation|[partiallytrapped]
|upkeep
|turn|64
|
|t:|1663312693
|move|p2a: Chansey|Stealth Rock|p1a: Toxapex
|-sidestart|p1: Fryderyk Nietzky|move: Stealth Rock
|move|p1a: Toxapex|Toxic|p2a: Chansey
|-status|p2a: Chansey|tox
|
|-damage|p2a: Chansey|53/100 tox|[from] psn
|-damage|p2a: Chansey|41/100 tox|[from] move: Infestation|[partiallytrapped]
|upkeep
|turn|65
|inactive|Fryderyk Nietzky has 60 seconds left.
|
|t:|1663312701
|move|p2a: Chansey|Soft-Boiled|p2a: Chansey
|-heal|p2a: Chansey|91/100 tox
|move|p1a: Toxapex|Infestation|p2a: Chansey
|-damage|p2a: Chansey|90/100 tox
|
|-damage|p2a: Chansey|77/100 tox|[from] psn
|-damage|p2a: Chansey|65/100 tox|[from] move: Infestation|[partiallytrapped]
|upkeep
|turn|66
|inactive|Fryderyk Nietzky has 60 seconds left.
|
|t:|1663312712
|move|p2a: Chansey|Aromatherapy|p2a: Chansey
|-activate|p2a: Chansey|move: Aromatherapy
|-curestatus|p2a: Chansey|tox|[msg]
|-curestatus|p2: Toxapex|brn|[msg]
|move|p1a: Toxapex|Infestation|p2a: Chansey
|-damage|p2a: Chansey|64/100
|
|-damage|p2a: Chansey|52/100|[from] move: Infestation|[partiallytrapped]
|upkeep
|turn|67
|
|t:|1663312724
|move|p2a: Chansey|Stealth Rock||[still]
|-fail|p2a: Chansey
|move|p1a: Toxapex|Toxic|p2a: Chansey
|-status|p2a: Chansey|tox
|
|-damage|p2a: Chansey|45/100 tox|[from] psn
|-end|p2a: Chansey|Infestation|[partiallytrapped]
|upkeep
|turn|68
|
|t:|1663312732
|-curestatus|p2a: Chansey|tox|[from] ability: Natural Cure
|switch|p2a: Toxapex|Toxapex, M|60/100
|move|p1a: Toxapex|Infestation|p2a: Toxapex
|-resisted|p2a: Toxapex
|-damage|p2a: Toxapex|58/100
|-activate|p2a: Toxapex|move: Infestation|[of] p1a: Toxapex
|
|-damage|p2a: Toxapex|46/100|[from] move: Infestation|[partiallytrapped]
|upkeep
|turn|69
|l| Mel0nL0rd
|
|t:|1663312747
|switch|p1a: Gastrodon|Gastrodon-East, F|100/100
|-damage|p1a: Gastrodon|94/100|[from] Stealth Rock
|move|p2a: Toxapex|Haze|p2a: Toxapex
|-clearallboost
|
|-heal|p1a: Gastrodon|100/100|[from] item: Leftovers
|-end|p2a: Toxapex|Infestation|[partiallytrapped]|[silent]
|upkeep
|turn|70
|inactive|Fryderyk Nietzky has 60 seconds left.
|
|t:|1663312764
|switch|p1a: Tangrowth|Tangrowth, M|100/100
|-damage|p1a: Tangrowth|88/100|[from] Stealth Rock
|switch|p2a: Chansey|Chansey, F|45/100
|
|upkeep
|turn|71
|
|t:|1663312773
|switch|p2a: Toxapex|Toxapex, M|79/100
|move|p1a: Tangrowth|Infestation|p2a: Toxapex
|-resisted|p2a: Toxapex
|-damage|p2a: Toxapex|77/100
|-activate|p2a: Toxapex|move: Infestation|[of] p1a: Tangrowth
|
|-damage|p2a: Toxapex|65/100|[from] move: Infestation|[partiallytrapped]
|upkeep
|turn|72
|
|t:|1663312782
|move|p1a: Tangrowth|Leech Seed|p2a: Toxapex
|-start|p2a: Toxapex|move: Leech Seed
|move|p2a: Toxapex|Haze|p2a: Toxapex
|-clearallboost
|
|-damage|p2a: Toxapex|53/100|[from] Leech Seed|[of] p1a: Tangrowth
|-heal|p1a: Tangrowth|98/100|[silent]
|-damage|p2a: Toxapex|41/100|[from] move: Infestation|[partiallytrapped]
|upkeep
|turn|73
|
|t:|1663312791
|move|p1a: Tangrowth|Knock Off|p2a: Toxapex
|-damage|p2a: Toxapex|32/100
|move|p2a: Toxapex|Recover|p2a: Toxapex
|-heal|p2a: Toxapex|82/100
|
|-damage|p2a: Toxapex|70/100|[from] Leech Seed|[of] p1a: Tangrowth
|-heal|p1a: Tangrowth|100/100|[silent]
|-damage|p2a: Toxapex|58/100|[from] move: Infestation|[partiallytrapped]
|upkeep
|turn|74
|
|t:|1663312799
|move|p1a: Tangrowth|Knock Off|p2a: Toxapex
|-damage|p2a: Toxapex|50/100
|move|p2a: Toxapex|Haze|p2a: Toxapex
|-clearallboost
|
|-damage|p2a: Toxapex|38/100|[from] Leech Seed|[of] p1a: Tangrowth
|-damage|p2a: Toxapex|26/100|[from] move: Infestation|[partiallytrapped]
|upkeep
|turn|75
|
|t:|1663312808
|move|p1a: Tangrowth|Knock Off|p2a: Toxapex
|-damage|p2a: Toxapex|17/100
|move|p2a: Toxapex|Recover|p2a: Toxapex
|-heal|p2a: Toxapex|67/100
|
|-damage|p2a: Toxapex|55/100|[from] Leech Seed|[of] p1a: Tangrowth
|-end|p2a: Toxapex|Infestation|[partiallytrapped]
|upkeep
|turn|76
|inactive|Fryderyk Nietzky has 90 seconds left.
|
|t:|1663312818
|switch|p1a: Toxapex|Toxapex, M|100/100
|-damage|p1a: Toxapex|88/100|[from] Stealth Rock
|switch|p2a: Corviknight|Corviknight, M|99/100
|-ability|p2a: Corviknight|Pressure
|
|upkeep
|turn|77
|inactive|Fryderyk Nietzky has 90 seconds left.
|
|t:|1663312834
|switch|p1a: Corviknight|Corviknight, M|75/100
|-damage|p1a: Corviknight|63/100|[from] Stealth Rock
|-ability|p1a: Corviknight|Pressure
|move|p2a: Corviknight|Iron Defense|p2a: Corviknight
|-boost|p2a: Corviknight|def|2
|
|upkeep
|turn|78
|inactive|Fryderyk Nietzky has 90 seconds left.
|
|t:|1663312847
|switch|p2a: Toxapex|Toxapex, M|89/100
|move|p1a: Corviknight|Iron Defense|p1a: Corviknight
|-boost|p1a: Corviknight|def|2
|
|upkeep
|turn|79
|inactive|Fryderyk Nietzky has 90 seconds left.
|
|t:|1663312854
|switch|p2a: Quagsire|Quagsire, M|88/100
|move|p1a: Corviknight|Defog|p2a: Quagsire
|-unboost|p2a: Quagsire|evasion|1
|-sideend|p1: Fryderyk Nietzky|Stealth Rock|[from] move: Defog|[of] p1a: Corviknight
|
|-heal|p2a: Quagsire|94/100|[from] item: Leftovers
|upkeep
|turn|80
|inactive|Fryderyk Nietzky has 90 seconds left.
|
|t:|1663312864
|switch|p2a: Toxapex|Toxapex, M|100/100
|move|p1a: Corviknight|Body Press|p2a: Toxapex
|-resisted|p2a: Toxapex
|-damage|p2a: Toxapex|87/100
|
|upkeep
|turn|81
|
|t:|1663312872
|switch|p1a: Gastrodon|Gastrodon-East, F|100/100
|switch|p2a: Quagsire|Quagsire, M|94/100
|
|-heal|p2a: Quagsire|99/100|[from] item: Leftovers
|upkeep
|turn|82
|
|t:|1663312881
|switch|p2a: Chansey|Chansey, F|45/100
|move|p1a: Gastrodon|Toxic|p2a: Chansey
|-status|p2a: Chansey|tox
|
|-damage|p2a: Chansey|39/100 tox|[from] psn
|upkeep
|turn|83
|
|t:|1663312893
|-curestatus|p2a: Chansey|tox|[from] ability: Natural Cure
|switch|p2a: Corviknight|Corviknight, M|99/100
|-ability|p2a: Corviknight|Pressure
|move|p1a: Gastrodon|Scald|p2a: Corviknight
|-damage|p2a: Corviknight|76/100
|-status|p2a: Corviknight|brn
|
|-damage|p2a: Corviknight|70/100 brn|[from] brn
|upkeep
|turn|84
|
|t:|1663312906
|switch|p2a: Chansey|Chansey, F|39/100
|switch|p1a: Tangrowth|Tangrowth, M|100/100
|
|upkeep
|turn|85
|j| yuwentai
|
|t:|1663312915
|switch|p2a: Buzzwole|Buzzwole|100/100
|move|p1a: Tangrowth|Infestation|p2a: Buzzwole
|-resisted|p2a: Buzzwole
|-damage|p2a: Buzzwole|97/100
|-activate|p2a: Buzzwole|move: Infestation|[of] p1a: Tangrowth
|
|-damage|p2a: Buzzwole|85/100|[from] move: Infestation|[partiallytrapped]
|upkeep
|turn|86
|
|t:|1663312927
|switch|p1a: Corviknight|Corviknight, M|63/100
|-ability|p1a: Corviknight|Pressure
|move|p2a: Buzzwole|Leech Life|p1a: Corviknight
|-resisted|p1a: Corviknight
|-damage|p1a: Corviknight|57/100
|-heal|p2a: Buzzwole|87/100|[from] drain|[of] p1a: Corviknight
|-damage|p2a: Buzzwole|71/100|[from] item: Rocky Helmet|[of] p1a: Corviknight
|
|-end|p2a: Buzzwole|Infestation|[partiallytrapped]|[silent]
|upkeep
|turn|87
|l| yuwentai
|
|t:|1663312944
|switch|p2a: Toxapex|Toxapex, M|100/100
|move|p1a: Corviknight|Roost|p1a: Corviknight
|-heal|p1a: Corviknight|100/100
|-singleturn|p1a: Corviknight|move: Roost
|
|upkeep
|turn|88
|
|t:|1663312954
|switch|p1a: Toxapex|Toxapex, M|100/100
|switch|p2a: Quagsire|Quagsire, M|99/100
|
|-heal|p2a: Quagsire|100/100|[from] item: Leftovers
|upkeep
|turn|89
|
|t:|1663312965
|switch|p2a: Chansey|Chansey, F|39/100
|move|p1a: Toxapex|Infestation|p2a: Chansey
|-damage|p2a: Chansey|38/100
|-activate|p2a: Chansey|move: Infestation|[of] p1a: Toxapex
|
|-damage|p2a: Chansey|26/100|[from] move: Infestation|[partiallytrapped]
|upkeep
|turn|90
|
|t:|1663312972
|move|p2a: Chansey|Soft-Boiled|p2a: Chansey
|-heal|p2a: Chansey|76/100
|move|p1a: Toxapex|Toxic|p2a: Chansey
|-status|p2a: Chansey|tox
|
|-damage|p2a: Chansey|70/100 tox|[from] psn
|-damage|p2a: Chansey|57/100 tox|[from] move: Infestation|[partiallytrapped]
|upkeep
|turn|91
|
|t:|1663312983
|move|p1a: Toxapex|Baneful Bunker|p1a: Toxapex
|-singleturn|p1a: Toxapex|move: Protect
|move|p2a: Chansey|Stealth Rock|p1a: Toxapex
|-sidestart|p1: Fryderyk Nietzky|move: Stealth Rock
|
|-damage|p2a: Chansey|45/100 tox|[from] psn
|-damage|p2a: Chansey|32/100 tox|[from] move: Infestation|[partiallytrapped]
|upkeep
|turn|92
|
|t:|1663312992
|move|p2a: Chansey|Aromatherapy|p2a: Chansey
|-activate|p2a: Chansey|move: Aromatherapy
|-curestatus|p2a: Chansey|tox|[msg]
|-curestatus|p2: Corviknight|brn|[msg]
|move|p1a: Toxapex|Toxic|p2a: Chansey
|-status|p2a: Chansey|tox
|
|-damage|p2a: Chansey|26/100 tox|[from] psn
|-damage|p2a: Chansey|14/100 tox|[from] move: Infestation|[partiallytrapped]
|upkeep
|turn|93
|j| KMTQ
|
|t:|1663313004
|move|p2a: Chansey|Soft-Boiled|p2a: Chansey
|-heal|p2a: Chansey|64/100 tox
|move|p1a: Toxapex|Infestation|p2a: Chansey
|-crit|p2a: Chansey
|-damage|p2a: Chansey|62/100 tox
|
|-damage|p2a: Chansey|50/100 tox|[from] psn
|-damage|p2a: Chansey|37/100 tox|[from] move: Infestation|[partiallytrapped]
|upkeep
|turn|94
|
|t:|1663313023
|move|p1a: Toxapex|Baneful Bunker|p1a: Toxapex
|-singleturn|p1a: Toxapex|move: Protect
|move|p2a: Chansey|Soft-Boiled|p2a: Chansey
|-heal|p2a: Chansey|87/100 tox
|
|-damage|p2a: Chansey|69/100 tox|[from] psn
|-end|p2a: Chansey|Infestation|[partiallytrapped]
|upkeep
|turn|95
|
|t:|1663313030
|-curestatus|p2a: Chansey|tox|[from] ability: Natural Cure
|switch|p2a: Toxapex|Toxapex, M|100/100
|move|p1a: Toxapex|Infestation|p2a: Toxapex
|-resisted|p2a: Toxapex
|-damage|p2a: Toxapex|99/100
|-activate|p2a: Toxapex|move: Infestation|[of] p1a: Toxapex
|
|-damage|p2a: Toxapex|87/100|[from] move: Infestation|[partiallytrapped]
|upkeep
|turn|96
|
|t:|1663313043
|switch|p1a: Gastrodon|Gastrodon-East, F|100/100
|-damage|p1a: Gastrodon|94/100|[from] Stealth Rock
|move|p2a: Toxapex|Haze|p2a: Toxapex
|-clearallboost
|
|-heal|p1a: Gastrodon|100/100|[from] item: Leftovers
|-end|p2a: Toxapex|Infestation|[partiallytrapped]|[silent]
|upkeep
|turn|97
|
|t:|1663313056
|switch|p1a: Corviknight|Corviknight, M|100/100
|-damage|p1a: Corviknight|88/100|[from] Stealth Rock
|-ability|p1a: Corviknight|Pressure
|switch|p2a: Tyranitar|Tyranitar, M|100/100
|-weather|Sandstorm|[from] ability: Sand Stream|[of] p2a: Tyranitar
|
|-weather|Sandstorm|[upkeep]
|upkeep
|turn|98
|
|t:|1663313068
|switch|p2a: Toxapex|Toxapex, M|100/100
|move|p1a: Corviknight|Body Press|p2a: Toxapex
|-resisted|p2a: Toxapex
|-damage|p2a: Toxapex|93/100
|
|-weather|Sandstorm|[upkeep]
|-damage|p2a: Toxapex|87/100|[from] Sandstorm
|upkeep
|turn|99
|
|t:|1663313076
|switch|p2a: Quagsire|Quagsire, M|100/100
|move|p1a: Corviknight|Defog|p2a: Quagsire
|-unboost|p2a: Quagsire|evasion|1
|-sideend|p1: Fryderyk Nietzky|Stealth Rock|[from] move: Defog|[of] p1a: Corviknight
|
|-weather|Sandstorm|[upkeep]
|upkeep
|turn|100
|
|t:|1663313088
|switch|p1a: Gastrodon|Gastrodon-East, F|100/100
|switch|p2a: Toxapex|Toxapex, M|100/100
|
|-weather|Sandstorm|[upkeep]
|-damage|p2a: Toxapex|95/100|[from] Sandstorm
|upkeep
|turn|101
|
|t:|1663313101
|switch|p2a: Chansey|Chansey, F|69/100
|move|p1a: Gastrodon|Scald|p2a: Chansey
|-damage|p2a: Chansey|62/100
|-status|p2a: Chansey|brn
|
|-weather|none
|-damage|p2a: Chansey|56/100 brn|[from] brn
|upkeep
|turn|102
|
|t:|1663313115
|switch|p1a: Tangrowth|Tangrowth, M|100/100
|move|p2a: Chansey|Stealth Rock|p1a: Tangrowth
|-sidestart|p1: Fryderyk Nietzky|move: Stealth Rock
|
|-damage|p2a: Chansey|49/100 brn|[from] brn
|upkeep
|turn|103
|
|t:|1663313128
|-curestatus|p2a: Chansey|brn|[from] ability: Natural Cure
|switch|p2a: Tyranitar|Tyranitar, M|100/100
|-weather|Sandstorm|[from] ability: Sand Stream|[of] p2a: Tyranitar
|switch|p1a: Corviknight|Corviknight, M|88/100
|-damage|p1a: Corviknight|76/100|[from] Stealth Rock
|-ability|p1a: Corviknight|Pressure
|
|-weather|Sandstorm|[upkeep]
|upkeep
|turn|104
|inactive|Fryderyk Nietzky has 90 seconds left.
|
|t:|1663313139
|switch|p2a: Corviknight|Corviknight, M|70/100
|-ability|p2a: Corviknight|Pressure
|move|p1a: Corviknight|Defog|p2a: Corviknight
|-unboost|p2a: Corviknight|evasion|1
|-sideend|p1: Fryderyk Nietzky|Stealth Rock|[from] move: Defog|[of] p1a: Corviknight
|
|-weather|Sandstorm|[upkeep]
|upkeep
|turn|105
|inactive|Fryderyk Nietzky has 90 seconds left.
|
|t:|1663313152
|switch|p2a: Toxapex|Toxapex, M|100/100
|switch|p1a: Tangrowth|Tangrowth, M|100/100
|
|-weather|Sandstorm|[upkeep]
|-damage|p1a: Tangrowth|94/100|[from] Sandstorm
|-damage|p2a: Toxapex|95/100|[from] Sandstorm
|upkeep
|turn|106
|inactive|ghecisbestvillain has 120 seconds left.
|
|t:|1663313165
|switch|p2a: Tyranitar|Tyranitar, M|100/100
|move|p1a: Tangrowth|Infestation|p2a: Tyranitar
|-supereffective|p2a: Tyranitar
|-damage|p2a: Tyranitar|95/100
|-activate|p2a: Tyranitar|move: Infestation|[of] p1a: Tangrowth
|
|-weather|Sandstorm|[upkeep]
|-damage|p1a: Tangrowth|88/100|[from] Sandstorm
|-damage|p2a: Tyranitar|83/100|[from] move: Infestation|[partiallytrapped]
|upkeep
|turn|107
|inactive|ghecisbestvillain has 120 seconds left.
|
|t:|1663313176
|move|p2a: Tyranitar|Rest|p2a: Tyranitar
|-status|p2a: Tyranitar|slp|[from] move: Rest
|-heal|p2a: Tyranitar|100/100 slp|[silent]
|move|p1a: Tangrowth|Leech Seed|p2a: Tyranitar
|-start|p2a: Tyranitar|move: Leech Seed
|
|-weather|none
|-damage|p2a: Tyranitar|88/100 slp|[from] Leech Seed|[of] p1a: Tangrowth
|-heal|p1a: Tangrowth|99/100|[silent]
|-damage|p2a: Tyranitar|75/100 slp|[from] move: Infestation|[partiallytrapped]
|upkeep
|turn|108
|inactive|ghecisbestvillain has 120 seconds left.
|
|t:|1663313186
|cant|p2a: Tyranitar|slp
|move|p1a: Tangrowth|Infestation|p2a: Tyranitar
|-supereffective|p2a: Tyranitar
|-damage|p2a: Tyranitar|66/100 slp
|
|-damage|p2a: Tyranitar|54/100 slp|[from] Leech Seed|[of] p1a: Tangrowth
|-heal|p1a: Tangrowth|100/100|[silent]
|-damage|p2a: Tyranitar|41/100 slp|[from] move: Infestation|[partiallytrapped]
|upkeep
|turn|109
|inactive|ghecisbestvillain has 120 seconds left.
|
|t:|1663313195
|cant|p2a: Tyranitar|slp
|move|p1a: Tangrowth|Infestation|p2a: Tyranitar
|-supereffective|p2a: Tyranitar
|-damage|p2a: Tyranitar|32/100 slp
|
|-damage|p2a: Tyranitar|20/100 slp|[from] Leech Seed|[of] p1a: Tangrowth
|-damage|p2a: Tyranitar|7/100 slp|[from] move: Infestation|[partiallytrapped]
|upkeep
|turn|110
|inactive|ghecisbestvillain has 120 seconds left.
|
|t:|1663313202
|move|p1a: Tangrowth|Protect|p1a: Tangrowth
|-singleturn|p1a: Tangrowth|Protect
|-curestatus|p2a: Tyranitar|slp|[msg]
|move|p2a: Tyranitar|Rest|p2a: Tyranitar
|-status|p2a: Tyranitar|slp|[from] move: Rest
|-heal|p2a: Tyranitar|100/100 slp|[silent]
|
|-damage|p2a: Tyranitar|88/100 slp|[from] Leech Seed|[of] p1a: Tangrowth
|-damage|p2a: Tyranitar|75/100 slp|[from] move: Infestation|[partiallytrapped]
|upkeep
|turn|111
|inactive|ghecisbestvillain has 120 seconds left.
|
|t:|1663313217
|cant|p2a: Tyranitar|slp
|move|p1a: Tangrowth|Knock Off|p2a: Tyranitar
|-resisted|p2a: Tyranitar
|-crit|p2a: Tyranitar
|-damage|p2a: Tyranitar|62/100 slp
|-enditem|p2a: Tyranitar|Choice Band|[from] move: Knock Off|[of] p1a: Tangrowth
|
|-damage|p2a: Tyranitar|49/100 slp|[from] Leech Seed|[of] p1a: Tangrowth
|-end|p2a: Tyranitar|Infestation|[partiallytrapped]
|upkeep
|turn|112
|inactive|ghecisbestvillain has 120 seconds left.
|
|t:|1663313233
|switch|p2a: Toxapex|Toxapex, M|100/100
|move|p1a: Tangrowth|Infestation|p2a: Toxapex
|-resisted|p2a: Toxapex
|-damage|p2a: Toxapex|99/100
|-activate|p2a: Toxapex|move: Infestation|[of] p1a: Tangrowth
|
|-damage|p2a: Toxapex|86/100|[from] move: Infestation|[partiallytrapped]
|upkeep
|turn|113
|inactive|Fryderyk Nietzky has 60 seconds left.
|
|t:|1663313244
|switch|p1a: Corviknight|Corviknight, M|76/100
|-ability|p1a: Corviknight|Pressure
|move|p2a: Toxapex|Haze|p2a: Toxapex
|-clearallboost
|
|-end|p2a: Toxapex|Infestation|[partiallytrapped]|[silent]
|upkeep
|turn|114
|inactive|Fryderyk Nietzky has 60 seconds left.
|
|t:|1663313256
|switch|p1a: Gastrodon|Gastrodon-East, F|100/100
|switch|p2a: Quagsire|Quagsire, M|100/100
|
|upkeep
|turn|115
|
|t:|1663313269
|switch|p1a: Tangrowth|Tangrowth, M|100/100
|switch|p2a: Toxapex|Toxapex, M|100/100
|
|upkeep
|turn|116
|
|t:|1663313280
|switch|p2a: Buzzwole|Buzzwole|71/100
|move|p1a: Tangrowth|Infestation|p2a: Buzzwole
|-resisted|p2a: Buzzwole
|-damage|p2a: Buzzwole|67/100
|-activate|p2a: Buzzwole|move: Infestation|[of] p1a: Tangrowth
|
|-damage|p2a: Buzzwole|55/100|[from] move: Infestation|[partiallytrapped]
|upkeep
|turn|117
|inactive|ghecisbestvillain has 90 seconds left.
|
|t:|1663313315
|move|p1a: Tangrowth|Protect|p1a: Tangrowth
|-singleturn|p1a: Tangrowth|Protect
|move|p2a: Buzzwole|Poison Jab|p1a: Tangrowth
|-activate|p1a: Tangrowth|move: Protect
|
|-damage|p2a: Buzzwole|43/100|[from] move: Infestation|[partiallytrapped]
|upkeep
|turn|118
|
|t:|1663313322
|move|p2a: Buzzwole|Roost|p2a: Buzzwole
|-heal|p2a: Buzzwole|93/100
|-singleturn|p2a: Buzzwole|move: Roost
|move|p1a: Tangrowth|Leech Seed|p2a: Buzzwole
|-start|p2a: Buzzwole|move: Leech Seed
|
|-damage|p2a: Buzzwole|81/100|[from] Leech Seed|[of] p1a: Tangrowth
|-damage|p2a: Buzzwole|68/100|[from] move: Infestation|[partiallytrapped]
|upkeep
|turn|119
|
|t:|1663313333
|switch|p1a: Corviknight|Corviknight, M|76/100
|-ability|p1a: Corviknight|Pressure
|move|p2a: Buzzwole|Poison Jab|p1a: Corviknight
|-immune|p1a: Corviknight
|
|-damage|p2a: Buzzwole|56/100|[from] Leech Seed|[of] p1a: Corviknight
|-heal|p1a: Corviknight|89/100|[silent]
|-end|p2a: Buzzwole|Infestation|[partiallytrapped]|[silent]
|upkeep
|turn|120
|inactive|ghecisbestvillain has 60 seconds left.
|
|t:|1663313370
|switch|p2a: Toxapex|Toxapex, M|100/100
|move|p1a: Corviknight|Iron Defense|p1a: Corviknight
|-boost|p1a: Corviknight|def|2
|
|upkeep
|turn|121
|inactive|Fryderyk Nietzky has 30 seconds left.
|
|t:|1663313382
|switch|p2a: Quagsire|Quagsire, M|100/100
|move|p1a: Corviknight|Defog|p2a: Quagsire
|-unboost|p2a: Quagsire|evasion|1
|
|upkeep
|turn|122
|inactive|Fryderyk Nietzky has 30 seconds left.
|inactive|Fryderyk Nietzky has 20 seconds left.
|inactive|Fryderyk Nietzky has 15 seconds left.
|
|t:|1663313403
|switch|p1a: Toxapex|Toxapex, M|100/100
|switch|p2a: Toxapex|Toxapex, M|100/100
|
|upkeep
|turn|123
|inactive|Fryderyk Nietzky has 20 seconds left this turn.
|
|t:|1663313409
|switch|p2a: Chansey|Chansey, F|49/100
|switch|p1a: Tangrowth|Tangrowth, M|100/100
|
|upkeep
|turn|124
|inactive|Fryderyk Nietzky has 25 seconds left this turn.
|
|t:|1663313415
|switch|p2a: Buzzwole|Buzzwole|56/100
|move|p1a: Tangrowth|Infestation|p2a: Buzzwole
|-resisted|p2a: Buzzwole
|-damage|p2a: Buzzwole|53/100
|-activate|p2a: Buzzwole|move: Infestation|[of] p1a: Tangrowth
|
|-damage|p2a: Buzzwole|40/100|[from] move: Infestation|[partiallytrapped]
|upkeep
|turn|125
|inactive|Fryderyk Nietzky has 30 seconds left this turn.
|
|t:|1663313425
|move|p2a: Buzzwole|Leech Life|p1a: Tangrowth
|-supereffective|p1a: Tangrowth
|-damage|p1a: Tangrowth|52/100
|-heal|p2a: Buzzwole|63/100|[from] drain|[of] p1a: Tangrowth
|move|p1a: Tangrowth|Knock Off|p2a: Buzzwole
|-resisted|p2a: Buzzwole
|-damage|p2a: Buzzwole|58/100
|-enditem|p2a: Buzzwole|Heavy-Duty Boots|[from] move: Knock Off|[of] p1a: Tangrowth
|
|-damage|p2a: Buzzwole|46/100|[from] move: Infestation|[partiallytrapped]
|upkeep
|turn|126
|inactive|Fryderyk Nietzky has 30 seconds left this turn.
|
|t:|1663313435
|move|p1a: Tangrowth|Protect|p1a: Tangrowth
|-singleturn|p1a: Tangrowth|Protect
|move|p2a: Buzzwole|Roost|p2a: Buzzwole
|-heal|p2a: Buzzwole|96/100
|-singleturn|p2a: Buzzwole|move: Roost
|
|-damage|p2a: Buzzwole|84/100|[from] move: Infestation|[partiallytrapped]
|upkeep
|turn|127
|inactive|Fryderyk Nietzky has 30 seconds left this turn.
|
|t:|1663313444
|switch|p1a: Toxapex|Toxapex, M|100/100
|move|p2a: Buzzwole|Leech Life|p1a: Toxapex
|-resisted|p1a: Toxapex
|-damage|p1a: Toxapex|86/100
|-heal|p2a: Buzzwole|90/100|[from] drain|[of] p1a: Toxapex
|
|-end|p2a: Buzzwole|Infestation|[partiallytrapped]|[silent]
|upkeep
|turn|128
|inactive|Fryderyk Nietzky has 30 seconds left this turn.
|
|t:|1663313453
|switch|p2a: Chansey|Chansey, F|49/100
|move|p1a: Toxapex|Toxic|p2a: Chansey
|-status|p2a: Chansey|tox
|
|-damage|p2a: Chansey|43/100 tox|[from] psn
|upkeep
|turn|129
|inactive|Fryderyk Nietzky has 30 seconds left this turn.
|
|t:|1663313463
|-curestatus|p2a: Chansey|tox|[from] ability: Natural Cure
|switch|p2a: Toxapex|Toxapex, M|100/100
|move|p1a: Toxapex|Infestation|p2a: Toxapex
|-resisted|p2a: Toxapex
|-damage|p2a: Toxapex|99/100
|-activate|p2a: Toxapex|move: Infestation|[of] p1a: Toxapex
|
|-damage|p2a: Toxapex|87/100|[from] move: Infestation|[partiallytrapped]
|upkeep
|turn|130
|inactive|Fryderyk Nietzky has 30 seconds left this turn.
|
|t:|1663313471
|switch|p1a: Corviknight|Corviknight, M|89/100
|-ability|p1a: Corviknight|Pressure
|move|p2a: Toxapex|Knock Off|p1a: Corviknight
|-damage|p1a: Corviknight|79/100
|-damage|p2a: Toxapex|70/100|[from] item: Rocky Helmet|[of] p1a: Corviknight
|-enditem|p1a: Corviknight|Rocky Helmet|[from] move: Knock Off|[of] p2a: Toxapex
|
|-end|p2a: Toxapex|Infestation|[partiallytrapped]|[silent]
|upkeep
|turn|131
|inactive|Fryderyk Nietzky has 30 seconds left this turn.
|l| Noob 0_o
|inactive|Fryderyk Nietzky has 20 seconds left.
|inactive|ghecisbestvillain has 30 seconds left.
|
|t:|1663313483
|switch|p1a: Tangrowth|Tangrowth, M|86/100
|switch|p2a: Quagsire|Quagsire, M|100/100
|
|upkeep
|turn|132
|inactive|Fryderyk Nietzky has 25 seconds left this turn.
|inactive|Fryderyk Nietzky has 20 seconds left.
|inactive|ghecisbestvillain has 30 seconds left.
|
|t:|1663313490
|switch|p2a: Buzzwole|Buzzwole|90/100
|move|p1a: Tangrowth|Infestation|p2a: Buzzwole
|-resisted|p2a: Buzzwole
|-damage|p2a: Buzzwole|86/100
|-activate|p2a: Buzzwole|move: Infestation|[of] p1a: Tangrowth
|
|-damage|p2a: Buzzwole|73/100|[from] move: Infestation|[partiallytrapped]
|upkeep
|turn|133
|inactive|Fryderyk Nietzky has 25 seconds left this turn.
|inactive|Fryderyk Nietzky has 20 seconds left.
|inactive|ghecisbestvillain has 30 seconds left.
|
|t:|1663313499
|switch|p1a: Toxapex|Toxapex, M|100/100
|move|p2a: Buzzwole|Leech Life|p1a: Toxapex
|-resisted|p1a: Toxapex
|-damage|p1a: Toxapex|86/100
|-heal|p2a: Buzzwole|79/100|[from] drain|[of] p1a: Toxapex
|
|-end|p2a: Buzzwole|Infestation|[partiallytrapped]|[silent]
|upkeep
|turn|134
|inactive|Fryderyk Nietzky has 25 seconds left this turn.
|inactive|ghecisbestvillain has 30 seconds left.
|
|t:|1663313510
|switch|p2a: Chansey|Chansey, F|43/100
|switch|p1a: Corviknight|Corviknight, M|79/100
|-ability|p1a: Corviknight|Pressure
|
|upkeep
|turn|135
|inactive|Fryderyk Nietzky has 30 seconds left this turn.
|inactive|ghecisbestvillain has 30 seconds left this turn.
|
|t:|1663313518
|switch|p2a: Toxapex|Toxapex, M|100/100
|move|p1a: Corviknight|Iron Defense|p1a: Corviknight
|-boost|p1a: Corviknight|def|2
|
|upkeep
|turn|136
|inactive|ghecisbestvillain has 30 seconds left this turn.
|inactive|Fryderyk Nietzky has 30 seconds left.
|
|t:|1663313524
|switch|p1a: Toxapex|Toxapex, M|100/100
|switch|p2a: Quagsire|Quagsire, M|100/100
|
|upkeep
|turn|137
|inactive|ghecisbestvillain has 30 seconds left this turn.
|inactive|Fryderyk Nietzky has 30 seconds left.
|
|t:|1663313531
|switch|p2a: Chansey|Chansey, F|43/100
|switch|p1a: Corviknight|Corviknight, M|79/100
|-ability|p1a: Corviknight|Pressure
|
|upkeep
|turn|138
|inactive|ghecisbestvillain has 30 seconds left this turn.
|inactive|Fryderyk Nietzky has 30 seconds left.
|
|t:|1663313539
|switch|p1a: Gastrodon|Gastrodon-East, F|100/100
|switch|p2a: Toxapex|Toxapex, M|100/100
|
|upkeep
|turn|139
|inactive|ghecisbestvillain has 30 seconds left this turn.
|inactive|Fryderyk Nietzky has 30 seconds left.
|
|t:|1663313547
|switch|p1a: Tangrowth|Tangrowth, M|100/100
|switch|p2a: Chansey|Chansey, F|43/100
|
|upkeep
|turn|140
|
|t:|1663313551
|switch|p2a: Buzzwole|Buzzwole|79/100
|switch|p1a: Gastrodon|Gastrodon-East, F|100/100
|
|upkeep
|turn|141
|
|t:|1663313555
|switch|p2a: Chansey|Chansey, F|43/100
|switch|p1a: Toxapex|Toxapex, M|100/100
|
|upkeep
|turn|142
|
|t:|1663313560
|switch|p2a: Toxapex|Toxapex, M|100/100
|switch|p1a: Tangrowth|Tangrowth, M|100/100
|
|upkeep
|turn|143
|
|t:|1663313564
|switch|p1a: Toxapex|Toxapex, M|100/100
|switch|p2a: Buzzwole|Buzzwole|79/100
|
|upkeep
|turn|144
|
|t:|1663313568
|switch|p2a: Toxapex|Toxapex, M|100/100
|switch|p1a: Tangrowth|Tangrowth, M|100/100
|
|upkeep
|turn|145
|
|t:|1663313574
|switch|p1a: Toxapex|Toxapex, M|100/100
|switch|p2a: Buzzwole|Buzzwole|79/100
|
|upkeep
|turn|146
|
|t:|1663313579
|switch|p2a: Toxapex|Toxapex, M|100/100
|move|p1a: Toxapex|Infestation|p2a: Toxapex
|-resisted|p2a: Toxapex
|-damage|p2a: Toxapex|99/100
|-activate|p2a: Toxapex|move: Infestation|[of] p1a: Toxapex
|
|-damage|p2a: Toxapex|87/100|[from] move: Infestation|[partiallytrapped]
|upkeep
|turn|147
|
|t:|1663313585
|switch|p1a: Tangrowth|Tangrowth, M|100/100
|move|p2a: Toxapex|Scald|p1a: Tangrowth
|-resisted|p1a: Tangrowth
|-damage|p1a: Tangrowth|93/100
|
|-end|p2a: Toxapex|Infestation|[partiallytrapped]|[silent]
|upkeep
|turn|148
|
|t:|1663313594
|switch|p1a: Gastrodon|Gastrodon-East, F|100/100
|switch|p2a: Buzzwole|Buzzwole|79/100
|
|upkeep
|turn|149
|
|t:|1663313601
|switch|p2a: Chansey|Chansey, F|43/100
|move|p1a: Gastrodon|Scald|p2a: Chansey
|-damage|p2a: Chansey|36/100
|
|upkeep
|turn|150
|
|t:|1663313612
|switch|p1a: Corviknight|Corviknight, M|79/100
|-ability|p1a: Corviknight|Pressure
|move|p2a: Chansey|Soft-Boiled|p2a: Chansey
|-heal|p2a: Chansey|86/100
|
|upkeep
|turn|151
|
|t:|1663313623
|switch|p1a: Tangrowth|Tangrowth, M|100/100
|switch|p2a: Toxapex|Toxapex, M|100/100
|
|upkeep
|turn|152
|
|t:|1663313630
|switch|p2a: Buzzwole|Buzzwole|79/100
|move|p1a: Tangrowth|Infestation|p2a: Buzzwole
|-resisted|p2a: Buzzwole
|-damage|p2a: Buzzwole|75/100
|-activate|p2a: Buzzwole|move: Infestation|[of] p1a: Tangrowth
|
|-damage|p2a: Buzzwole|63/100|[from] move: Infestation|[partiallytrapped]
|upkeep
|turn|153
|
|t:|1663313641
|switch|p1a: Toxapex|Toxapex, M|100/100
|move|p2a: Buzzwole|Leech Life|p1a: Toxapex
|-resisted|p1a: Toxapex
|-damage|p1a: Toxapex|87/100
|-heal|p2a: Buzzwole|68/100|[from] drain|[of] p1a: Toxapex
|
|-end|p2a: Buzzwole|Infestation|[partiallytrapped]|[silent]
|upkeep
|turn|154
|
|t:|1663313652
|switch|p2a: Chansey|Chansey, F|86/100
|move|p1a: Toxapex|Infestation|p2a: Chansey
|-damage|p2a: Chansey|85/100
|-activate|p2a: Chansey|move: Infestation|[of] p1a: Toxapex
|
|-damage|p2a: Chansey|72/100|[from] move: Infestation|[partiallytrapped]
|upkeep
|turn|155
|
|t:|1663313659
|move|p2a: Chansey|Stealth Rock|p1a: Toxapex
|-sidestart|p1: Fryderyk Nietzky|move: Stealth Rock
|move|p1a: Toxapex|Toxic|p2a: Chansey
|-status|p2a: Chansey|tox
|
|-damage|p2a: Chansey|66/100 tox|[from] psn
|-damage|p2a: Chansey|54/100 tox|[from] move: Infestation|[partiallytrapped]
|upkeep
|turn|156
|
|t:|1663313669
|move|p2a: Chansey|Aromatherapy|p2a: Chansey
|-activate|p2a: Chansey|move: Aromatherapy
|-curestatus|p2a: Chansey|tox|[msg]
|-curestatus|p2: Tyranitar|slp|[msg]
|move|p1a: Toxapex|Toxic|p2a: Chansey
|-status|p2a: Chansey|tox
|
|-damage|p2a: Chansey|48/100 tox|[from] psn
|-damage|p2a: Chansey|35/100 tox|[from] move: Infestation|[partiallytrapped]
|upkeep
|turn|157
|
|t:|1663313678
|move|p2a: Chansey|Soft-Boiled|p2a: Chansey
|-heal|p2a: Chansey|85/100 tox
|move|p1a: Toxapex|Infestation|p2a: Chansey
|-damage|p2a: Chansey|84/100 tox
|
|-damage|p2a: Chansey|72/100 tox|[from] psn
|-damage|p2a: Chansey|59/100 tox|[from] move: Infestation|[partiallytrapped]
|upkeep
|turn|158
|
|t:|1663313687
|move|p2a: Chansey|Seismic Toss|p1a: Toxapex
|-damage|p1a: Toxapex|54/100
|move|p1a: Toxapex|Infestation|p2a: Chansey
|-damage|p2a: Chansey|59/100 tox
|
|-damage|p2a: Chansey|40/100 tox|[from] psn
|-end|p2a: Chansey|Infestation|[partiallytrapped]
|upkeep
|turn|159
|inactive|Fryderyk Nietzky has 30 seconds left.
|
|t:|1663313698
|-curestatus|p2a: Chansey|tox|[from] ability: Natural Cure
|switch|p2a: Tyranitar|Tyranitar, M|49/100
|-weather|Sandstorm|[from] ability: Sand Stream|[of] p2a: Tyranitar
|switch|p1a: Corviknight|Corviknight, M|79/100
|-damage|p1a: Corviknight|67/100|[from] Stealth Rock
|-ability|p1a: Corviknight|Pressure
|
|-weather|Sandstorm|[upkeep]
|upkeep
|turn|160
|inactive|Fryderyk Nietzky has 30 seconds left.
|inactive|ghecisbestvillain has 60 seconds left.
|inactive|Fryderyk Nietzky has 20 seconds left.
|
|t:|1663313715
|switch|p2a: Corviknight|Corviknight, M|70/100
|-ability|p2a: Corviknight|Pressure
|move|p1a: Corviknight|Roost|p1a: Corviknight
|-heal|p1a: Corviknight|100/100
|-singleturn|p1a: Corviknight|move: Roost
|
|-weather|Sandstorm|[upkeep]
|upkeep
|turn|161
|inactive|Fryderyk Nietzky has 25 seconds left this turn.
|inactive|Fryderyk Nietzky has 20 seconds left.
|inactive|ghecisbestvillain has 60 seconds left.
|
|t:|1663313724
|switch|p2a: Toxapex|Toxapex, M|100/100
|move|p1a: Corviknight|Defog|p2a: Toxapex
|-unboost|p2a: Toxapex|evasion|1
|-sideend|p1: Fryderyk Nietzky|Stealth Rock|[from] move: Defog|[of] p1a: Corviknight
|
|-weather|Sandstorm|[upkeep]
|-damage|p2a: Toxapex|95/100|[from] Sandstorm
|upkeep
|turn|162
|inactive|Fryderyk Nietzky has 25 seconds left this turn.
|inactive|Fryderyk Nietzky has 20 seconds left.
|inactive|ghecisbestvillain has 60 seconds left.
|
|t:|1663313732
|switch|p1a: Gastrodon|Gastrodon-East, F|100/100
|switch|p2a: Quagsire|Quagsire, M|100/100
|
|-weather|Sandstorm|[upkeep]
|upkeep
|turn|163
|inactive|Fryderyk Nietzky has 25 seconds left this turn.
|inactive|ghecisbestvillain has 60 seconds left.
|
|t:|1663313739
|switch|p1a: Tangrowth|Tangrowth, M|100/100
|switch|p2a: Toxapex|Toxapex, M|100/100
|
|-weather|none
|upkeep
|turn|164
|inactive|Fryderyk Nietzky has 30 seconds left this turn.
|inactive|ghecisbestvillain has 60 seconds left.
|
|t:|1663313747
|switch|p2a: Corviknight|Corviknight, M|70/100
|-ability|p2a: Corviknight|Pressure
|move|p1a: Tangrowth|Infestation|p2a: Corviknight
|-resisted|p2a: Corviknight
|-damage|p2a: Corviknight|69/100
|-activate|p2a: Corviknight|move: Infestation|[of] p1a: Tangrowth
|
|-damage|p2a: Corviknight|56/100|[from] move: Infestation|[partiallytrapped]
|upkeep
|turn|165
|inactive|Fryderyk Nietzky has 30 seconds left this turn.
|inactive|ghecisbestvillain has 60 seconds left.
|
|t:|1663313756
|switch|p1a: Corviknight|Corviknight, M|100/100
|-ability|p1a: Corviknight|Pressure
|move|p2a: Corviknight|Iron Defense|p2a: Corviknight
|-boost|p2a: Corviknight|def|2
|
|-end|p2a: Corviknight|Infestation|[partiallytrapped]|[silent]
|upkeep
|turn|166
|inactive|Fryderyk Nietzky has 30 seconds left this turn.
|inactive|ghecisbestvillain has 60 seconds left.
|
|t:|1663313766
|switch|p2a: Toxapex|Toxapex, M|100/100
|move|p1a: Corviknight|Iron Defense|p1a: Corviknight
|-boost|p1a: Corviknight|def|2
|
|upkeep
|turn|167
|inactive|Fryderyk Nietzky has 30 seconds left this turn.
|inactive|ghecisbestvillain has 60 seconds left.
|
|t:|1663313773
|switch|p1a: Tangrowth|Tangrowth, M|100/100
|switch|p2a: Quagsire|Quagsire, M|100/100
|
|upkeep
|turn|168
|inactive|Fryderyk Nietzky has 30 seconds left this turn.
|inactive|ghecisbestvillain has 60 seconds left.
|
|t:|1663313780
|switch|p1a: Corviknight|Corviknight, M|100/100
|-ability|p1a: Corviknight|Pressure
|switch|p2a: Buzzwole|Buzzwole|68/100
|
|upkeep
|turn|169
|inactive|Fryderyk Nietzky has 30 seconds left this turn.
|inactive|ghecisbestvillain has 60 seconds left.
|
|t:|1663313789
|switch|p2a: Toxapex|Toxapex, M|100/100
|switch|p1a: Toxapex|Toxapex, M|87/100
|
|upkeep
|turn|170
|inactive|Fryderyk Nietzky has 30 seconds left this turn.
|inactive|ghecisbestvillain has 60 seconds left.
|
|t:|1663313795
|switch|p1a: Gastrodon|Gastrodon-East, F|100/100
|switch|p2a: Tyranitar|Tyranitar, M|49/100
|-weather|Sandstorm|[from] ability: Sand Stream|[of] p2a: Tyranitar
|
|-weather|Sandstorm|[upkeep]
|upkeep
|turn|171
|inactive|Fryderyk Nietzky has 30 seconds left this turn.
|inactive|ghecisbestvillain has 60 seconds left.
|
|t:|1663313802
|switch|p2a: Quagsire|Quagsire, M|100/100
|move|p1a: Gastrodon|Toxic|p2a: Quagsire
|-status|p2a: Quagsire|tox
|
|-weather|Sandstorm|[upkeep]
|-damage|p2a: Quagsire|94/100 tox|[from] psn
|upkeep
|turn|172
|inactive|Fryderyk Nietzky has 30 seconds left this turn.
|inactive|ghecisbestvillain has 60 seconds left.
|
|t:|1663313811
|switch|p1a: Tangrowth|Tangrowth, M|100/100
|switch|p2a: Toxapex|Toxapex, M|100/100
|
|-weather|Sandstorm|[upkeep]
|-damage|p1a: Tangrowth|94/100|[from] Sandstorm
|-damage|p2a: Toxapex|95/100|[from] Sandstorm
|upkeep
|turn|173
|inactive|Fryderyk Nietzky has 30 seconds left this turn.
|inactive|ghecisbestvillain has 60 seconds left.
|
|t:|1663313820
|switch|p2a: Corviknight|Corviknight, M|56/100
|-ability|p2a: Corviknight|Pressure
|move|p1a: Tangrowth|Infestation|p2a: Corviknight
|-resisted|p2a: Corviknight
|-damage|p2a: Corviknight|55/100
|-activate|p2a: Corviknight|move: Infestation|[of] p1a: Tangrowth
|
|-weather|Sandstorm|[upkeep]
|-damage|p1a: Tangrowth|88/100|[from] Sandstorm
|-damage|p2a: Corviknight|43/100|[from] move: Infestation|[partiallytrapped]
|upkeep
|turn|174
|inactive|Fryderyk Nietzky has 30 seconds left this turn.
|inactive|ghecisbestvillain has 60 seconds left.
|inactive|Fryderyk Nietzky has 20 seconds left.
|
|t:|1663313831
|switch|p1a: Clefable|Clefable, F|100/100
|move|p2a: Corviknight|Roost|p2a: Corviknight
|-heal|p2a: Corviknight|93/100
|-singleturn|p2a: Corviknight|move: Roost
|
|-weather|none
|-end|p2a: Corviknight|Infestation|[partiallytrapped]|[silent]
|upkeep
|turn|175
|inactive|Fryderyk Nietzky has 25 seconds left this turn.
|inactive|Fryderyk Nietzky has 20 seconds left.
|j| Sunday surfer
|
|t:|1663313841
|switch|p2a: Chansey|Chansey, F|40/100
|move|p1a: Clefable|Calm Mind|p1a: Clefable
|-boost|p1a: Clefable|spa|1
|-boost|p1a: Clefable|spd|1
|
|upkeep
|turn|176
|inactive|Fryderyk Nietzky has 25 seconds left this turn.
|inactive|Fryderyk Nietzky has 20 seconds left.
|
|t:|1663313849
|move|p1a: Clefable|Calm Mind|p1a: Clefable
|-boost|p1a: Clefable|spa|1
|-boost|p1a: Clefable|spd|1
|move|p2a: Chansey|Soft-Boiled|p2a: Chansey
|-heal|p2a: Chansey|90/100
|
|upkeep
|turn|177
|inactive|Fryderyk Nietzky has 25 seconds left this turn.
|inactive|Fryderyk Nietzky has 20 seconds left.
|
|t:|1663313855
|move|p1a: Clefable|Moonblast|p2a: Chansey
|-damage|p2a: Chansey|72/100
|move|p2a: Chansey|Aromatherapy|p2a: Chansey
|-activate|p2a: Chansey|move: Aromatherapy
|-curestatus|p2: Quagsire|tox|[msg]
|
|upkeep
|turn|178
|inactive|Fryderyk Nietzky has 25 seconds left this turn.
|inactive|Fryderyk Nietzky has 20 seconds left.
|
|t:|1663313865
|switch|p1a: Corviknight|Corviknight, M|100/100
|-ability|p1a: Corviknight|Pressure
|switch|p2a: Toxapex|Toxapex, M|100/100
|
|upkeep
|turn|179
|inactive|Fryderyk Nietzky has 25 seconds left this turn.
|inactive|Fryderyk Nietzky has 20 seconds left.
|
|t:|1663313874
|switch|p1a: Tangrowth|Tangrowth, M|100/100
|switch|p2a: Corviknight|Corviknight, M|93/100
|-ability|p2a: Corviknight|Pressure
|
|upkeep
|turn|180
|inactive|Fryderyk Nietzky has 25 seconds left this turn.
|inactive|Fryderyk Nietzky has 20 seconds left.
|
|t:|1663313881
|switch|p2a: Buzzwole|Buzzwole|68/100
|switch|p1a: Gastrodon|Gastrodon-East, F|100/100
|
|upkeep
|turn|181
|inactive|Fryderyk Nietzky has 25 seconds left this turn.
|
|t:|1663313890
|switch|p2a: Chansey|Chansey, F|72/100
|move|p1a: Gastrodon|Scald|p2a: Chansey
|-damage|p2a: Chansey|65/100
|
|upkeep
|turn|182
|inactive|Fryderyk Nietzky has 30 seconds left this turn.
|
|t:|1663313896
|switch|p2a: Tyranitar|Tyranitar, M|49/100
|-weather|Sandstorm|[from] ability: Sand Stream|[of] p2a: Tyranitar
|switch|p1a: Toxapex|Toxapex, M|100/100
|
|-weather|Sandstorm|[upkeep]
|-damage|p1a: Toxapex|94/100|[from] Sandstorm
|upkeep
|turn|183
|inactive|Fryderyk Nietzky has 30 seconds left this turn.
|
|t:|1663313906
|move|p1a: Toxapex|Baneful Bunker|p1a: Toxapex
|-singleturn|p1a: Toxapex|move: Protect
|move|p2a: Tyranitar|Rest|p2a: Tyranitar
|-status|p2a: Tyranitar|slp|[from] move: Rest
|-heal|p2a: Tyranitar|100/100 slp|[silent]
|
|-weather|Sandstorm|[upkeep]
|-damage|p1a: Toxapex|88/100|[from] Sandstorm
|upkeep
|turn|184
|inactive|Fryderyk Nietzky has 30 seconds left this turn.
|
|t:|1663313916
|switch|p1a: Tangrowth|Tangrowth, M|100/100
|cant|p2a: Tyranitar|slp
|
|-weather|Sandstorm|[upkeep]
|-damage|p1a: Tangrowth|94/100|[from] Sandstorm
|upkeep
|turn|185
|inactive|Fryderyk Nietzky has 30 seconds left this turn.
|
|t:|1663313925
|switch|p2a: Buzzwole|Buzzwole|68/100
|move|p1a: Tangrowth|Infestation|p2a: Buzzwole
|-resisted|p2a: Buzzwole
|-damage|p2a: Buzzwole|65/100
|-activate|p2a: Buzzwole|move: Infestation|[of] p1a: Tangrowth
|
|-weather|Sandstorm|[upkeep]
|-damage|p2a: Buzzwole|59/100|[from] Sandstorm
|-damage|p1a: Tangrowth|88/100|[from] Sandstorm
|-damage|p2a: Buzzwole|46/100|[from] move: Infestation|[partiallytrapped]
|upkeep
|turn|186
|inactive|Fryderyk Nietzky has 30 seconds left this turn.
|
|t:|1663313934
|move|p2a: Buzzwole|Roost|p2a: Buzzwole
|-heal|p2a: Buzzwole|97/100
|-singleturn|p2a: Buzzwole|move: Roost
|move|p1a: Tangrowth|Leech Seed|p2a: Buzzwole
|-start|p2a: Buzzwole|move: Leech Seed
|
|-weather|none
|-damage|p2a: Buzzwole|84/100|[from] Leech Seed|[of] p1a: Tangrowth
|-heal|p1a: Tangrowth|100/100|[silent]
|-damage|p2a: Buzzwole|72/100|[from] move: Infestation|[partiallytrapped]
|upkeep
|turn|187
|inactive|Fryderyk Nietzky has 30 seconds left this turn.
|inactive|Fryderyk Nietzky has 20 seconds left.
|
|t:|1663313945
|switch|p1a: Corviknight|Corviknight, M|100/100
|-ability|p1a: Corviknight|Pressure
|move|p2a: Buzzwole|Leech Life|p1a: Corviknight
|-resisted|p1a: Corviknight
|-damage|p1a: Corviknight|94/100
|-heal|p2a: Buzzwole|75/100|[from] drain|[of] p1a: Corviknight
|
|-damage|p2a: Buzzwole|63/100|[from] Leech Seed|[of] p1a: Corviknight
|-heal|p1a: Corviknight|100/100|[silent]
|-end|p2a: Buzzwole|Infestation|[partiallytrapped]|[silent]
|upkeep
|turn|188
|inactive|Fryderyk Nietzky has 25 seconds left this turn.
|inactive|Fryderyk Nietzky has 20 seconds left.
|
|t:|1663313955
|switch|p2a: Corviknight|Corviknight, M|93/100
|-ability|p2a: Corviknight|Pressure
|switch|p1a: Toxapex|Toxapex, M|100/100
|
|upkeep
|turn|189
|inactive|Fryderyk Nietzky has 25 seconds left this turn.
|inactive|Fryderyk Nietzky has 20 seconds left.
|
|t:|1663313976
|switch|p2a: Toxapex|Toxapex, M|100/100
|switch|p1a: Corviknight|Corviknight, M|100/100
|-ability|p1a: Corviknight|Pressure
|
|upkeep
|turn|190
|inactive|Fryderyk Nietzky has 25 seconds left this turn.
|inactive|Fryderyk Nietzky has 20 seconds left.
|
|t:|1663313985
|switch|p1a: Toxapex|Toxapex, M|100/100
|switch|p2a: Quagsire|Quagsire, M|94/100
|
|-heal|p2a: Quagsire|100/100|[from] item: Leftovers
|upkeep
|turn|191
|inactive|Fryderyk Nietzky has 25 seconds left this turn.
|inactive|Fryderyk Nietzky has 20 seconds left.
|
|t:|1663313991
|switch|p2a: Toxapex|Toxapex, M|100/100
|move|p1a: Toxapex|Infestation|p2a: Toxapex
|-resisted|p2a: Toxapex
|-damage|p2a: Toxapex|99/100
|-activate|p2a: Toxapex|move: Infestation|[of] p1a: Toxapex
|
|-damage|p2a: Toxapex|87/100|[from] move: Infestation|[partiallytrapped]
|upkeep
|turn|192
|inactive|Fryderyk Nietzky has 25 seconds left this turn.
|l| KMTQ
|inactive|Fryderyk Nietzky has 20 seconds left.
|
|t:|1663313996
|switch|p1a: Gastrodon|Gastrodon-East, F|100/100
|move|p2a: Toxapex|Haze|p2a: Toxapex
|-clearallboost
|
|-end|p2a: Toxapex|Infestation|[partiallytrapped]|[silent]
|upkeep
|turn|193
|inactive|Fryderyk Nietzky has 25 seconds left this turn.
|inactive|Fryderyk Nietzky has 20 seconds left.
|
|t:|1663314006
|switch|p1a: Corviknight|Corviknight, M|100/100
|-ability|p1a: Corviknight|Pressure
|switch|p2a: Chansey|Chansey, F|65/100
|
|upkeep
|turn|194
|inactive|Fryderyk Nietzky has 25 seconds left this turn.
|inactive|Fryderyk Nietzky has 20 seconds left.
|
|t:|1663314014
|switch|p1a: Toxapex|Toxapex, M|100/100
|switch|p2a: Toxapex|Toxapex, M|100/100
|
|upkeep
|turn|195
|inactive|Fryderyk Nietzky has 25 seconds left this turn.
|inactive|Fryderyk Nietzky has 20 seconds left.
|j| KMTQ
|inactive|ghecisbestvillain has 30 seconds left.
|l| KMTQ
|
|t:|1663314033
|switch|p1a: Tangrowth|Tangrowth, M|100/100
|switch|p2a: Corviknight|Corviknight, M|93/100
|-ability|p2a: Corviknight|Pressure
|
|upkeep
|turn|196
|inactive|Fryderyk Nietzky has 25 seconds left this turn.
|inactive|ghecisbestvillain has 30 seconds left this turn.
|
|t:|1663314038
|switch|p2a: Buzzwole|Buzzwole|63/100
|switch|p1a: Corviknight|Corviknight, M|100/100
|-ability|p1a: Corviknight|Pressure
|
|upkeep
|turn|197
|inactive|Fryderyk Nietzky has 30 seconds left this turn.
|inactive|ghecisbestvillain has 30 seconds left this turn.
|
|t:|1663314042
|switch|p2a: Toxapex|Toxapex, M|100/100
|switch|p1a: Toxapex|Toxapex, M|100/100
|
|upkeep
|turn|198
|inactive|ghecisbestvillain has 30 seconds left.
|
|t:|1663314047
|switch|p2a: Tyranitar|Tyranitar, M|100/100 slp
|-weather|Sandstorm|[from] ability: Sand Stream|[of] p2a: Tyranitar
|switch|p1a: Tangrowth|Tangrowth, M|100/100
|
|-weather|Sandstorm|[upkeep]
|-damage|p1a: Tangrowth|94/100|[from] Sandstorm
|upkeep
|turn|199
|
|t:|1663314051
|switch|p2a: Buzzwole|Buzzwole|63/100
|switch|p1a: Corviknight|Corviknight, M|100/100
|-ability|p1a: Corviknight|Pressure
|
|-weather|Sandstorm|[upkeep]
|-damage|p2a: Buzzwole|57/100|[from] Sandstorm
|upkeep
|turn|200
|
|t:|1663314056
|switch|p2a: Quagsire|Quagsire, M|100/100
|switch|p1a: Toxapex|Toxapex, M|100/100
|
|-weather|Sandstorm|[upkeep]
|-damage|p1a: Toxapex|94/100|[from] Sandstorm
|upkeep
|turn|201
|
|t:|1663314059
|switch|p2a: Toxapex|Toxapex, M|100/100
|move|p1a: Toxapex|Toxic|p2a: Toxapex
|-immune|p2a: Toxapex
|
|-weather|Sandstorm|[upkeep]
|-damage|p2a: Toxapex|95/100|[from] Sandstorm
|-damage|p1a: Toxapex|88/100|[from] Sandstorm
|upkeep
|turn|202
|
|t:|1663314068
|switch|p1a: Gastrodon|Gastrodon-East, F|100/100
|switch|p2a: Quagsire|Quagsire, M|100/100
|
|-weather|none
|upkeep
|turn|203
|
|t:|1663314075
|switch|p1a: Toxapex|Toxapex, M|100/100
|switch|p2a: Chansey|Chansey, F|65/100
|
|upkeep
|turn|204
|inactive|ghecisbestvillain has 30 seconds left.
|
|t:|1663314083
|switch|p2a: Toxapex|Toxapex, M|100/100
|switch|p1a: Corviknight|Corviknight, M|100/100
|-ability|p1a: Corviknight|Pressure
|
|upkeep
|turn|205
|inactive|ghecisbestvillain has 30 seconds left.
|
|t:|1663314090
|switch|p1a: Gastrodon|Gastrodon-East, F|100/100
|switch|p2a: Quagsire|Quagsire, M|100/100
|
|upkeep
|turn|206
|inactive|ghecisbestvillain has 30 seconds left this turn.
|inactive|Fryderyk Nietzky has 30 seconds left.
|
|t:|1663314098
|switch|p1a: Toxapex|Toxapex, M|100/100
|switch|p2a: Chansey|Chansey, F|65/100
|
|upkeep
|turn|207
|inactive|Fryderyk Nietzky has 30 seconds left.
|
|t:|1663314103
|switch|p2a: Toxapex|Toxapex, M|100/100
|switch|p1a: Corviknight|Corviknight, M|100/100
|-ability|p1a: Corviknight|Pressure
|
|upkeep
|turn|208
|inactive|Fryderyk Nietzky has 30 seconds left this turn.
|
|t:|1663314109
|switch|p1a: Gastrodon|Gastrodon-East, F|100/100
|switch|p2a: Quagsire|Quagsire, M|100/100
|
|upkeep
|turn|209
|inactive|Fryderyk Nietzky has 30 seconds left this turn.
|
|t:|1663314117
|switch|p1a: Toxapex|Toxapex, M|100/100
|switch|p2a: Toxapex|Toxapex, M|100/100
|
|upkeep
|turn|210
|inactive|Fryderyk Nietzky has 25 seconds left this turn.
|inactive|Fryderyk Nietzky has 20 seconds left.
|
|t:|1663314122
|switch|p1a: Tangrowth|Tangrowth, M|100/100
|switch|p2a: Tyranitar|Tyranitar, M|100/100 slp
|-weather|Sandstorm|[from] ability: Sand Stream|[of] p2a: Tyranitar
|
|-weather|Sandstorm|[upkeep]
|-damage|p1a: Tangrowth|94/100|[from] Sandstorm
|upkeep
|turn|211
|inactive|Fryderyk Nietzky has 25 seconds left this turn.
|inactive|Fryderyk Nietzky has 20 seconds left.
|
|t:|1663314129
|switch|p2a: Buzzwole|Buzzwole|57/100
|move|p1a: Tangrowth|Infestation|p2a: Buzzwole
|-resisted|p2a: Buzzwole
|-damage|p2a: Buzzwole|53/100
|-activate|p2a: Buzzwole|move: Infestation|[of] p1a: Tangrowth
|
|-weather|Sandstorm|[upkeep]
|-damage|p2a: Buzzwole|47/100|[from] Sandstorm
|-damage|p1a: Tangrowth|88/100|[from] Sandstorm
|-damage|p2a: Buzzwole|35/100|[from] move: Infestation|[partiallytrapped]
|upkeep
|turn|212
|inactive|Fryderyk Nietzky has 20 seconds left this turn.
|inactive|Fryderyk Nietzky has 15 seconds left.
|inactive|ghecisbestvillain has 30 seconds left.
|
|t:|1663314137
|move|p2a: Buzzwole|Leech Life|p1a: Tangrowth
|-supereffective|p1a: Tangrowth
|-damage|p1a: Tangrowth|40/100
|-heal|p2a: Buzzwole|58/100|[from] drain|[of] p1a: Tangrowth
|move|p1a: Tangrowth|Leech Seed|p2a: Buzzwole
|-start|p2a: Buzzwole|move: Leech Seed
|
|-weather|Sandstorm|[upkeep]
|-damage|p2a: Buzzwole|52/100|[from] Sandstorm
|-damage|p1a: Tangrowth|34/100|[from] Sandstorm
|-damage|p2a: Buzzwole|40/100|[from] Leech Seed|[of] p1a: Tangrowth
|-heal|p1a: Tangrowth|47/100|[silent]
|-damage|p2a: Buzzwole|27/100|[from] move: Infestation|[partiallytrapped]
|upkeep
|turn|213
|inactive|Fryderyk Nietzky has 20 seconds left this turn.
|inactive|Fryderyk Nietzky has 15 seconds left.
|inactive|ghecisbestvillain has 30 seconds left.
|
|t:|1663314147
|switch|p1a: Corviknight|Corviknight, M|100/100
|-ability|p1a: Corviknight|Pressure
|move|p2a: Buzzwole|Roost|p2a: Buzzwole
|-heal|p2a: Buzzwole|77/100
|-singleturn|p2a: Buzzwole|move: Roost
|
|-weather|Sandstorm|[upkeep]
|-damage|p2a: Buzzwole|71/100|[from] Sandstorm
|-damage|p2a: Buzzwole|59/100|[from] Leech Seed|[of] p1a: Corviknight
|-end|p2a: Buzzwole|Infestation|[partiallytrapped]|[silent]
|upkeep
|turn|214
|inactive|Fryderyk Nietzky has 15 seconds left this turn.
|inactive|ghecisbestvillain has 25 seconds left this turn.
|inactive|Fryderyk Nietzky has 10 seconds left.
|inactive|ghecisbestvillain has 20 seconds left.
|inactive|ghecisbestvillain has 15 seconds left.
|
|t:|1663314158
|switch|p2a: Toxapex|Toxapex, M|100/100
|switch|p1a: Gastrodon|Gastrodon-East, F|100/100
|
|-weather|none
|upkeep
|turn|215
|inactive|Fryderyk Nietzky has 15 seconds left this turn.
|inactive|ghecisbestvillain has 20 seconds left this turn.
|inactive|ghecisbestvillain has 15 seconds left.
|inactive|ghecisbestvillain has 10 seconds left.
|
|t:|1663314169
|switch|p1a: Toxapex|Toxapex, M|100/100
|switch|p2a: Chansey|Chansey, F|65/100
|
|upkeep
|turn|216
|inactive|Fryderyk Nietzky has 15 seconds left this turn.
|inactive|ghecisbestvillain has 10 seconds left this turn.
|inactive|ghecisbestvillain has 5 seconds left.
|
|t:|1663314175
|switch|p2a: Toxapex|Toxapex, M|100/100
|switch|p1a: Corviknight|Corviknight, M|100/100
|-ability|p1a: Corviknight|Pressure
|
|upkeep
|turn|217
|inactive|Fryderyk Nietzky has 20 seconds left this turn.
|inactive|ghecisbestvillain has 10 seconds left this turn.
|inactive|ghecisbestvillain has 5 seconds left.
|
|t:|1663314180
|switch|p1a: Toxapex|Toxapex, M|100/100
|switch|p2a: Corviknight|Corviknight, M|93/100
|-ability|p2a: Corviknight|Pressure
|
|upkeep
|turn|218
|inactive|Fryderyk Nietzky has 20 seconds left this turn.
|inactive|ghecisbestvillain has 5 seconds left this turn.
|
|t:|1663314184
|switch|p2a: Toxapex|Toxapex, M|100/100
|move|p1a: Toxapex|Infestation|p2a: Toxapex
|-resisted|p2a: Toxapex
|-damage|p2a: Toxapex|99/100
|-activate|p2a: Toxapex|move: Infestation|[of] p1a: Toxapex
|
|-damage|p2a: Toxapex|87/100|[from] move: Infestation|[partiallytrapped]
|upkeep
|turn|219
|inactive|Fryderyk Nietzky has 25 seconds left this turn.
|inactive|ghecisbestvillain has 10 seconds left this turn.
|inactive|ghecisbestvillain has 5 seconds left.
|
|t:|1663314190
|switch|p1a: Corviknight|Corviknight, M|100/100
|-ability|p1a: Corviknight|Pressure
|move|p2a: Toxapex|Haze|p2a: Toxapex
|-clearallboost
|
|-end|p2a: Toxapex|Infestation|[partiallytrapped]|[silent]
|upkeep
|turn|220
|inactive|Fryderyk Nietzky has 25 seconds left this turn.
|inactive|ghecisbestvillain has 5 seconds left this turn.
|-message|ghecisbestvillain lost due to inactivity.
|
|win|Fryderyk Nietzky
|raw|Fryderyk Nietzky's rating: 1632 &rarr; <strong>1664</strong><br />(+32 for winning)
|raw|ghecisbestvillain's rating: 1876 &rarr; <strong>1844</strong><br />(-32 for losing)
|l|‽ghecisbestvillain
