|j|☆GORAN EL DRACO
|j|☆Spectre Ace
|t:|1663885332
|gametype|singles
|player|p1|GORAN EL DRACO|harlequin|1609
|player|p2|Spectre Ace|juggler|1618
|teamsize|p1|6
|teamsize|p2|6
|gen|8
|tier|[Gen 8] OU
|rated|
|rule|Sleep Clause Mod: Limit one foe put to sleep
|rule|Species Clause: Limit one of each Pokémon
|rule|OHKO Clause: OHKO moves are banned
|rule|Evasion Items Clause: Evasion items are banned
|rule|Evasion Moves Clause: Evasion moves are banned
|rule|Endless Battle Clause: Forcing endless battles is banned
|rule|HP Percentage Mod: HP is shown in percentages
|rule|Dynamax Clause: You cannot dynamax
|clearpoke
|poke|p1|Tapu Bulu|
|poke|p1|Tapu Fini|
|poke|p1|Tapu Lele|
|poke|p1|Tapu Koko|
|poke|p1|Swampert, F|
|poke|p1|Heatran, M|
|poke|p2|Landorus-Therian, M|
|poke|p2|Weavile, F|
|poke|p2|Ferrothorn, M|
|poke|p2|Slowking-Galar, F|
|poke|p2|Raichu-Alola, F|
|poke|p2|Tapu Koko|
|teampreview
|inactive|Battle timer is ON: inactive players will automatically lose when time's up. (requested by GORAN EL DRACO)
|
|t:|1663885344
|start
|switch|p1a: Swampert|Swampert, F|100/100
|switch|p2a: Valentine|Raichu-Alola, F, shiny|100/100
|turn|1
|
|t:|1663885347
|switch|p2a: Sundowner|Ferrothorn, M, shiny|100/100
|move|p1a: Swampert|Stealth Rock|p2a: Sundowner
|-sidestart|p2: Spectre Ace|move: Stealth Rock
|
|upkeep
|turn|2
|
|t:|1663885352
|switch|p1a: Heatran|Heatran, M|100/100
|-item|p1a: Heatran|Air Balloon
|move|p2a: Sundowner|Knock Off|p1a: Heatran
|-damage|p1a: Heatran|78/100
|-enditem|p1a: Heatran|Air Balloon
|
|upkeep
|turn|3
|
|t:|1663885356
|switch|p2a: Samus|Slowking-Galar, F|100/100
|-damage|p2a: Samus|88/100|[from] Stealth Rock
|move|p1a: Heatran|Eruption|p2a: Samus
|-damage|p2a: Samus|61/100
|
|upkeep
|turn|4
|
|t:|1663885363
|move|p1a: Heatran|Earth Power|p2a: Samus
|-supereffective|p2a: Samus
|-damage|p2a: Samus|34/100
|move|p2a: Samus|Future Sight|p1a: Heatran
|-start|p2a: Samus|move: Future Sight
|
|upkeep
|turn|5
|
|t:|1663885369
|move|p1a: Heatran|Eruption|p2a: Samus
|-damage|p2a: Samus|10/100
|move|p2a: Samus|Earthquake|p1a: Heatran
|-supereffective|p1a: Heatran
|-damage|p1a: Heatran|11/100
|
|upkeep
|turn|6
|
|t:|1663885375
|switch|p2a: Amadeus|Landorus-Therian, M|100/100
|-damage|p2a: Amadeus|88/100|[from] Stealth Rock
|-ability|p2a: Amadeus|Intimidate|boost
|-unboost|p1a: Heatran|atk|1
|move|p1a: Heatran|Dragon Pulse|p2a: Amadeus
|-damage|p2a: Amadeus|66/100
|
|-end|p1a: Heatran|move: Future Sight
|-resisted|p1a: Heatran
|-damage|p1a: Heatran|0 fnt
|faint|p1a: Heatran
|-heal|p2a: Amadeus|72/100|[from] item: Leftovers
|upkeep
|
|t:|1663885388
|switch|p1a: Tapu Bulu|Tapu Bulu|100/100
|-fieldstart|move: Grassy Terrain|[from] ability: Grassy Surge|[of] p1a: Tapu Bulu
|turn|7
|
|t:|1663885393
|move|p1a: Tapu Bulu|Swords Dance|p1a: Tapu Bulu
|-boost|p1a: Tapu Bulu|atk|2
|move|p2a: Amadeus|U-turn|p1a: Tapu Bulu
|-damage|p1a: Tapu Bulu|77/100
|
|t:|1663885396
|switch|p2a: Ocelot|Weavile, F|100/100|[from]move: U-turn
|-ability|p2a: Ocelot|Pressure
|
|-heal|p1a: Tapu Bulu|83/100|[from] Grassy Terrain
|upkeep
|turn|8
|
|t:|1663885400
|switch|p1a: Swampert|Swampert, F|100/100
|move|p2a: Ocelot|Triple Axel|p1a: Swampert
|-damage|p1a: Swampert|94/100
|-damage|p2a: Ocelot|84/100|[from] item: Rocky Helmet|[of] p1a: Swampert
|-damage|p1a: Swampert|80/100
|-damage|p2a: Ocelot|68/100|[from] item: Rocky Helmet|[of] p1a: Swampert
|-damage|p1a: Swampert|58/100
|-damage|p2a: Ocelot|51/100|[from] item: Rocky Helmet|[of] p1a: Swampert
|-hitcount|p1a: Swampert|3
|
|-heal|p2a: Ocelot|57/100|[from] Grassy Terrain
|-heal|p1a: Swampert|64/100|[from] Grassy Terrain
|upkeep
|turn|9
|
|t:|1663885409
|switch|p2a: Sundowner|Ferrothorn, M, shiny|100/100
|-damage|p2a: Sundowner|94/100|[from] Stealth Rock
|move|p1a: Swampert|Flip Turn|p2a: Sundowner
|-resisted|p2a: Sundowner
|-damage|p2a: Sundowner|87/100
|-damage|p1a: Swampert|52/100|[from] ability: Iron Barbs|[of] p2a: Sundowner
|
|t:|1663885417
|switch|p1a: Tapu Bulu|Tapu Bulu|83/100|[from]move: Flip Turn
|
|-heal|p1a: Tapu Bulu|89/100|[from] Grassy Terrain
|-heal|p2a: Sundowner|94/100|[from] Grassy Terrain
|-heal|p2a: Sundowner|99/100|[from] item: Leftovers
|upkeep
|turn|10
|
|t:|1663885422
|switch|p2a: Samus|Slowking-Galar, F|44/100
|-damage|p2a: Samus|31/100|[from] Stealth Rock
|move|p1a: Tapu Bulu|Swords Dance|p1a: Tapu Bulu
|-boost|p1a: Tapu Bulu|atk|2
|
|-heal|p1a: Tapu Bulu|95/100|[from] Grassy Terrain
|-heal|p2a: Samus|37/100|[from] Grassy Terrain
|upkeep
|turn|11
|
|t:|1663885426
|switch|p2a: Amadeus|Landorus-Therian, M|72/100
|-damage|p2a: Amadeus|60/100|[from] Stealth Rock
|-ability|p2a: Amadeus|Intimidate|boost
|-unboost|p1a: Tapu Bulu|atk|1
|move|p1a: Tapu Bulu|Horn Leech|p2a: Amadeus
|-damage|p2a: Amadeus|0 fnt
|-heal|p1a: Tapu Bulu|100/100|[from] drain|[of] p2a: Amadeus
|faint|p2a: Amadeus
|-damage|p1a: Tapu Bulu|91/100|[from] item: Life Orb
|
|-heal|p1a: Tapu Bulu|97/100|[from] Grassy Terrain
|-fieldend|move: Grassy Terrain
|upkeep
|
|t:|1663885429
|switch|p2a: Samus|Slowking-Galar, F|71/100
|-damage|p2a: Samus|58/100|[from] Stealth Rock
|turn|12
|
|t:|1663885432
|move|p1a: Tapu Bulu|Stone Edge|p2a: Samus|[miss]
|-miss|p1a: Tapu Bulu|p2a: Samus
|move|p2a: Samus|Sludge Bomb|p1a: Tapu Bulu
|-supereffective|p1a: Tapu Bulu
|-damage|p1a: Tapu Bulu|0 fnt
|faint|p1a: Tapu Bulu
|
|upkeep
|
|t:|1663885439
|switch|p1a: Swampert|Swampert, F|52/100
|turn|13
|
|t:|1663885444
|switch|p2a: Sundowner|Ferrothorn, M, shiny|99/100
|-damage|p2a: Sundowner|94/100|[from] Stealth Rock
|move|p1a: Swampert|Earthquake|p2a: Sundowner
|-damage|p2a: Sundowner|72/100
|
|-heal|p2a: Sundowner|79/100|[from] item: Leftovers
|upkeep
|turn|14
|
|t:|1663885450
|switch|p1a: Tapu Fini|Tapu Fini|100/100
|-fieldstart|move: Misty Terrain|[from] ability: Misty Surge|[of] p1a: Tapu Fini
|move|p2a: Sundowner|Spikes|p1a: Tapu Fini
|-sidestart|p1: GORAN EL DRACO|Spikes
|
|-heal|p2a: Sundowner|85/100|[from] item: Leftovers
|upkeep
|turn|15
|
|t:|1663885454
|switch|p2a: Booker|Tapu Koko|100/100
|-damage|p2a: Booker|88/100|[from] Stealth Rock
|-fieldstart|move: Electric Terrain|[from] ability: Electric Surge|[of] p2a: Booker
|move|p1a: Tapu Fini|Nature's Madness|p2a: Booker
|-damage|p2a: Booker|44/100
|
|upkeep
|turn|16
|
|t:|1663885460
|move|p2a: Booker|Roost|p2a: Booker
|-heal|p2a: Booker|94/100
|-singleturn|p2a: Booker|move: Roost
|move|p1a: Tapu Fini|Moonblast|p2a: Booker
|-damage|p2a: Booker|43/100
|
|upkeep
|turn|17
|
|t:|1663885465
|move|p2a: Booker|U-turn|p1a: Tapu Fini
|-resisted|p1a: Tapu Fini
|-damage|p1a: Tapu Fini|95/100
|
|t:|1663885466
|switch|p2a: Samus|Slowking-Galar, F|91/100|[from]move: U-turn
|-damage|p2a: Samus|79/100|[from] Stealth Rock
|move|p1a: Tapu Fini|Taunt|p2a: Samus
|-start|p2a: Samus|move: Taunt
|
|-heal|p1a: Tapu Fini|100/100|[from] item: Leftovers
|upkeep
|turn|18
|
|t:|1663885469
|move|p1a: Tapu Fini|Nature's Madness|p2a: Samus
|-damage|p2a: Samus|40/100
|move|p2a: Samus|Sludge Bomb|p1a: Tapu Fini
|-supereffective|p1a: Tapu Fini
|-damage|p1a: Tapu Fini|46/100
|
|-heal|p1a: Tapu Fini|52/100|[from] item: Leftovers
|upkeep
|turn|19
|
|t:|1663885481
|move|p1a: Tapu Fini|Scald|p2a: Samus
|-damage|p2a: Samus|29/100
|-status|p2a: Samus|brn
|move|p2a: Samus|Future Sight|p1a: Tapu Fini
|-start|p2a: Samus|move: Future Sight
|
|-heal|p1a: Tapu Fini|58/100|[from] item: Leftovers
|-damage|p2a: Samus|23/100 brn|[from] brn
|-end|p2a: Samus|move: Taunt
|upkeep
|turn|20
|
|t:|1663885488
|move|p1a: Tapu Fini|Scald|p2a: Samus
|-damage|p2a: Samus|12/100 brn
|move|p2a: Samus|Sludge Bomb|p1a: Tapu Fini
|-supereffective|p1a: Tapu Fini
|-damage|p1a: Tapu Fini|0 fnt
|faint|p1a: Tapu Fini
|
|-damage|p2a: Samus|6/100 brn|[from] brn
|upkeep
|-message|GORAN EL DRACO forfeited.
|
|win|Spectre Ace
|raw|GORAN EL DRACO's rating: 1609 &rarr; <strong>1590</strong><br />(-19 for losing)
|raw|Spectre Ace's rating: 1618 &rarr; <strong>1637</strong><br />(+19 for winning)
|l|☆GORAN EL DRACO
||Ladder isn't responding, score probably updated but might not have (Request timeout).
