|j|☆quixana
|j|☆Shikshtenaan
|t:|1666994816
|gametype|singles
|player|p1|quixana|ethan-pokeathlon|1730
|player|p2|Shikshtenaan|swimmer-gen4|1761
|teamsize|p1|6
|teamsize|p2|6
|gen|8
|tier|[Gen 8] OU
|rated|
|rule|Sleep Clause Mod: Limit one foe put to sleep
|rule|Species Clause: Limit one of each Pokémon
|rule|OHKO Clause: OHKO moves are banned
|rule|Evasion Items Clause: Evasion items are banned
|rule|Evasion Moves Clause: Evasion moves are banned
|rule|Endless Battle Clause: Forcing endless battles is banned
|rule|HP Percentage Mod: HP is shown in percentages
|rule|Dynamax Clause: You cannot dynamax
|clearpoke
|poke|p1|Xurkitree|
|poke|p1|Slowbro, F|
|poke|p1|Rillaboom, M|
|poke|p1|Melmetal|
|poke|p1|Tornadus-Therian, M|
|poke|p1|Landorus-Therian, M|
|poke|p2|Mew|
|poke|p2|Skarmory, M|
|poke|p2|Seismitoad, M|
|poke|p2|Tyranitar, M|
|poke|p2|Dragapult, M|
|poke|p2|Heatran, M|
|teampreview
|inactive|Battle timer is ON: inactive players will automatically lose when time's up. (requested by Shikshtenaan)
|
|t:|1666994847
|start
|switch|p1a: Tornadus|Tornadus-Therian, M|100/100
|switch|p2a: Mew|Mew, shiny|100/100
|turn|1
|
|t:|1666994855
|move|p2a: Mew|Trick|p1a: Tornadus
|-activate|p2a: Mew|move: Trick|[of] p1a: Tornadus
|-item|p1a: Tornadus|Choice Scarf|[from] move: Trick
|-item|p2a: Mew|Assault Vest|[from] move: Trick
|move|p1a: Tornadus|U-turn|p2a: Mew
|-supereffective|p2a: Mew
|-damage|p2a: Mew|67/100
|
|t:|1666994868
|switch|p1a: Slowbro|Slowbro, F|100/100|[from]move: U-turn
|
|upkeep
|turn|2
|
|t:|1666994877
|switch|p2a: Seismitoad|Seismitoad, M, shiny|100/100
|move|p1a: Slowbro|Teleport|p1a: Slowbro
|
|t:|1666994884
|switch|p1a: Rillaboom|Rillaboom, M|100/100|[from]move: Teleport
|-fieldstart|move: Grassy Terrain|[from] ability: Grassy Surge|[of] p1a: Rillaboom
|
|upkeep
|turn|3
|
|t:|1666994894
|switch|p2a: Skarmory|Skarmory, M|100/100
|move|p1a: Rillaboom|U-turn|p2a: Skarmory
|-resisted|p2a: Skarmory
|-damage|p2a: Skarmory|95/100
|-damage|p1a: Rillaboom|84/100|[from] item: Rocky Helmet|[of] p2a: Skarmory
|
|t:|1666994898
|switch|p1a: christmas lights|Xurkitree, shiny|100/100|[from]move: U-turn
|
|upkeep
|turn|4
|
|t:|1666994909
|switch|p2a: Heatran|Heatran, M|100/100
|move|p1a: christmas lights|Thunderbolt|p2a: Heatran
|-damage|p2a: Heatran|58/100
|
|-heal|p2a: Heatran|64/100|[from] Grassy Terrain
|-heal|p2a: Heatran|70/100|[from] item: Leftovers
|upkeep
|turn|5
|
|t:|1666994919
|move|p1a: christmas lights|Volt Switch|p2a: Heatran
|-damage|p2a: Heatran|38/100
|
|t:|1666994927
|switch|p1a: Landorus|Landorus-Therian, M|100/100|[from]move: Volt Switch
|-ability|p1a: Landorus|Intimidate|boost
|-unboost|p2a: Heatran|atk|1
|move|p2a: Heatran|Toxic|p1a: Landorus|[miss]
|-miss|p2a: Heatran|p1a: Landorus
|
|-heal|p2a: Heatran|45/100|[from] Grassy Terrain
|-heal|p2a: Heatran|51/100|[from] item: Leftovers
|upkeep
|turn|6
|
|t:|1666994942
|switch|p2a: Skarmory|Skarmory, M|95/100
|move|p1a: Landorus|U-turn|p2a: Skarmory
|-resisted|p2a: Skarmory
|-crit|p2a: Skarmory
|-damage|p2a: Skarmory|91/100
|-damage|p1a: Landorus|84/100|[from] item: Rocky Helmet|[of] p2a: Skarmory
|
|t:|1666994947
|switch|p1a: christmas lights|Xurkitree, shiny|100/100|[from]move: U-turn
|
|-fieldend|move: Grassy Terrain
|upkeep
|turn|7
|
|t:|1666994960
|switch|p2a: Seismitoad|Seismitoad, M, shiny|100/100
|move|p1a: christmas lights|Volt Switch|p2a: Seismitoad
|-immune|p2a: Seismitoad
|
|upkeep
|turn|8
|
|t:|1666994963
|switch|p2a: Heatran|Heatran, M|51/100
|move|p1a: christmas lights|Energy Ball|p2a: Heatran
|-resisted|p2a: Heatran
|-damage|p2a: Heatran|44/100
|-unboost|p2a: Heatran|spd|1
|
|-heal|p2a: Heatran|50/100|[from] item: Leftovers
|upkeep
|turn|9
|j| Sendpais
|
|t:|1666994972
|move|p1a: christmas lights|Thunderbolt|p2a: Heatran
|-damage|p2a: Heatran|0 fnt
|faint|p2a: Heatran
|-ability|p1a: christmas lights|Beast Boost|boost
|-boost|p1a: christmas lights|spa|1
|
|upkeep
|
|t:|1666994978
|switch|p2a: Dragapult|Dragapult, M, shiny|100/100
|turn|10
|j|+Dragonillis
|c| Sendpais|cursed gground mon
|
|t:|1666995000
|switch|p1a: Landorus|Landorus-Therian, M|84/100
|-ability|p1a: Landorus|Intimidate|boost
|-fail|p2a: Dragapult|unboost|[from] ability: Clear Body|[of] p2a: Dragapult
|move|p2a: Dragapult|Dragon Darts|p1a: Landorus
|-damage|p1a: Landorus|47/100
|-anim|p2a: Dragapult|Dragon Darts|p1a: Landorus
|-damage|p1a: Landorus|9/100
|
|-heal|p1a: Landorus|15/100|[from] item: Leftovers
|upkeep
|turn|11
|
|t:|1666995006
|switch|p1a: Melmetal|Melmetal|100/100
|move|p2a: Dragapult|Dragon Darts|p1a: Melmetal
|-resisted|p1a: Melmetal
|-damage|p1a: Melmetal|91/100
|-anim|p2a: Dragapult|Dragon Darts|p1a: Melmetal
|-resisted|p1a: Melmetal
|-damage|p1a: Melmetal|82/100
|
|-heal|p1a: Melmetal|88/100|[from] item: Leftovers
|upkeep
|turn|12
|j| goaway12309
|l| goaway12309
|
|t:|1666995015
|switch|p2a: Skarmory|Skarmory, M|91/100
|move|p1a: Melmetal|Superpower|p2a: Skarmory
|-damage|p2a: Skarmory|69/100
|-unboost|p1a: Melmetal|atk|1
|-unboost|p1a: Melmetal|def|1
|-damage|p1a: Melmetal|71/100|[from] item: Rocky Helmet|[of] p2a: Skarmory
|
|-heal|p1a: Melmetal|78/100|[from] item: Leftovers
|upkeep
|turn|13
|
|t:|1666995019
|switch|p1a: christmas lights|Xurkitree, shiny|100/100
|move|p2a: Skarmory|Roost|p2a: Skarmory
|-heal|p2a: Skarmory|100/100
|-singleturn|p2a: Skarmory|move: Roost
|
|upkeep
|turn|14
|
|t:|1666995032
|switch|p2a: Tyranitar|Tyranitar, M|100/100
|-weather|Sandstorm|[from] ability: Sand Stream|[of] p2a: Tyranitar
|move|p1a: christmas lights|Energy Ball|p2a: Tyranitar
|-supereffective|p2a: Tyranitar
|-crit|p2a: Tyranitar
|-damage|p2a: Tyranitar|35/100
|
|-weather|Sandstorm|[upkeep]
|-damage|p1a: christmas lights|94/100|[from] Sandstorm
|upkeep
|turn|15
|
|t:|1666995056
|switch|p2a: Dragapult|Dragapult, M, shiny|100/100
|move|p1a: christmas lights|Volt Switch|p2a: Dragapult
|-resisted|p2a: Dragapult
|-damage|p2a: Dragapult|64/100
|
|t:|1666995067
|switch|p1a: Tornadus|Tornadus-Therian, M|100/100|[from]move: Volt Switch
|
|-weather|Sandstorm|[upkeep]
|-damage|p1a: Tornadus|94/100|[from] Sandstorm
|-damage|p2a: Dragapult|58/100|[from] Sandstorm
|upkeep
|turn|16
|
|t:|1666995084
|switch|p2a: Seismitoad|Seismitoad, M, shiny|100/100
|move|p1a: Tornadus|Knock Off|p2a: Seismitoad
|-damage|p2a: Seismitoad|75/100
|-enditem|p2a: Seismitoad|Custap Berry|[from] move: Knock Off|[of] p1a: Tornadus
|
|-weather|Sandstorm|[upkeep]
|-damage|p1a: Tornadus|88/100|[from] Sandstorm
|upkeep
|turn|17
|
|t:|1666995095
|switch|p1a: Slowbro|Slowbro, F|100/100
|move|p2a: Seismitoad|Scald|p1a: Slowbro
|-resisted|p1a: Slowbro
|-damage|p1a: Slowbro|89/100
|
|-weather|Sandstorm|[upkeep]
|-damage|p1a: Slowbro|83/100|[from] Sandstorm
|upkeep
|turn|18
|j| fcking k!ll me
|
|t:|1666995098
|move|p2a: Seismitoad|Toxic|p1a: Slowbro
|-status|p1a: Slowbro|tox
|move|p1a: Slowbro|Teleport|p1a: Slowbro
|l|fckingkllme
|
|t:|1666995103
|switch|p1a: christmas lights|Xurkitree, shiny|94/100|[from]move: Teleport
|
|-weather|none
|upkeep
|turn|19
|l| Sendpais
|
|t:|1666995114
|switch|p2a: Tyranitar|Tyranitar, M|35/100
|-weather|Sandstorm|[from] ability: Sand Stream|[of] p2a: Tyranitar
|move|p1a: christmas lights|Energy Ball|p2a: Tyranitar
|-supereffective|p2a: Tyranitar
|-damage|p2a: Tyranitar|0 fnt
|faint|p2a: Tyranitar
|-ability|p1a: christmas lights|Beast Boost|boost
|-boost|p1a: christmas lights|spa|1
|
|-weather|Sandstorm|[upkeep]
|-damage|p1a: christmas lights|88/100|[from] Sandstorm
|upkeep
|
|t:|1666995119
|switch|p2a: Dragapult|Dragapult, M, shiny|58/100
|turn|20
|
|t:|1666995141
|switch|p1a: Melmetal|Melmetal|78/100
|move|p2a: Dragapult|Dragon Darts|p1a: Melmetal
|-resisted|p1a: Melmetal
|-damage|p1a: Melmetal|68/100
|-anim|p2a: Dragapult|Dragon Darts|p1a: Melmetal
|-resisted|p1a: Melmetal
|-damage|p1a: Melmetal|59/100
|
|-weather|Sandstorm|[upkeep]
|-damage|p2a: Dragapult|52/100|[from] Sandstorm
|-heal|p1a: Melmetal|65/100|[from] item: Leftovers
|upkeep
|turn|21
|j| Pachismo
|inactive|quixana has 120 seconds left.
|
|t:|1666995165
|switch|p2a: Skarmory|Skarmory, M|100/100
|move|p1a: Melmetal|Superpower|p2a: Skarmory
|-damage|p2a: Skarmory|80/100
|-unboost|p1a: Melmetal|atk|1
|-unboost|p1a: Melmetal|def|1
|-damage|p1a: Melmetal|48/100|[from] item: Rocky Helmet|[of] p2a: Skarmory
|
|-weather|Sandstorm|[upkeep]
|-heal|p1a: Melmetal|54/100|[from] item: Leftovers
|upkeep
|turn|22
|
|t:|1666995175
|switch|p2a: Dragapult|Dragapult, M, shiny|52/100
|switch|p1a: christmas lights|Xurkitree, shiny|88/100
|
|-weather|Sandstorm|[upkeep]
|-damage|p2a: Dragapult|46/100|[from] Sandstorm
|-damage|p1a: christmas lights|82/100|[from] Sandstorm
|upkeep
|turn|23
|
|t:|1666995186
|switch|p1a: Slowbro|Slowbro, F|100/100 tox
|move|p2a: Dragapult|Dragon Darts|p1a: Slowbro
|-damage|p1a: Slowbro|79/100 tox
|-anim|p2a: Dragapult|Dragon Darts|p1a: Slowbro
|-damage|p1a: Slowbro|58/100 tox
|
|-weather|none
|-damage|p1a: Slowbro|52/100 tox|[from] psn
|upkeep
|turn|24
|
|t:|1666995191
|move|p2a: Dragapult|Dragon Darts|p1a: Slowbro
|-damage|p1a: Slowbro|30/100 tox
|-anim|p2a: Dragapult|Dragon Darts|p1a: Slowbro
|-damage|p1a: Slowbro|9/100 tox
|move|p1a: Slowbro|Teleport|p1a: Slowbro
|
|t:|1666995194
|switch|p1a: Tornadus|Tornadus-Therian, M|100/100|[from]move: Teleport
|
|upkeep
|turn|25
|
|t:|1666995203
|move|p1a: Tornadus|U-turn|p2a: Dragapult
|-resisted|p2a: Dragapult
|-damage|p2a: Dragapult|35/100
|
|t:|1666995207
|switch|p1a: Melmetal|Melmetal|54/100|[from]move: U-turn
|move|p2a: Dragapult|Dragon Darts|p1a: Melmetal
|-resisted|p1a: Melmetal
|-damage|p1a: Melmetal|45/100
|-anim|p2a: Dragapult|Dragon Darts|p1a: Melmetal
|-resisted|p1a: Melmetal
|-damage|p1a: Melmetal|36/100
|
|-heal|p1a: Melmetal|42/100|[from] item: Leftovers
|upkeep
|turn|26
|
|t:|1666995213
|switch|p2a: Skarmory|Skarmory, M|80/100
|move|p1a: Melmetal|Toxic|p2a: Skarmory
|-immune|p2a: Skarmory
|
|-heal|p1a: Melmetal|48/100|[from] item: Leftovers
|upkeep
|turn|27
|
|t:|1666995220
|switch|p1a: Slowbro|Slowbro, F|42/100 tox
|move|p2a: Skarmory|Body Press|p1a: Slowbro
|-resisted|p1a: Slowbro
|-damage|p1a: Slowbro|33/100 tox
|-damage|p2a: Skarmory|64/100|[from] item: Rocky Helmet|[of] p1a: Slowbro
|
|-damage|p1a: Slowbro|27/100 tox|[from] psn
|upkeep
|turn|28
|
|t:|1666995225
|move|p2a: Skarmory|Roost|p2a: Skarmory
|-heal|p2a: Skarmory|100/100
|-singleturn|p2a: Skarmory|move: Roost
|move|p1a: Slowbro|Teleport|p1a: Slowbro
|
|t:|1666995227
|switch|p1a: christmas lights|Xurkitree, shiny|82/100|[from]move: Teleport
|
|upkeep
|turn|29
|
|t:|1666995236
|switch|p2a: Mew|Mew, shiny|67/100
|move|p1a: christmas lights|Thunderbolt|p2a: Mew
|-damage|p2a: Mew|21/100
|-status|p2a: Mew|par
|-activate|p2a: Mew|ability: Synchronize
|-immune|p1a: christmas lights
|
|upkeep
|turn|30
|j| Vortxxx
|c|☆Shikshtenaan|Lol this mon got serene grace or what
|c|☆quixana|yew
|
|t:|1666995258
|move|p1a: christmas lights|Thunderbolt|p2a: Mew
|-damage|p2a: Mew|0 fnt
|faint|p2a: Mew
|-ability|p1a: christmas lights|Beast Boost|boost
|-boost|p1a: christmas lights|spa|1
|
|upkeep
|
|t:|1666995260
|switch|p2a: Dragapult|Dragapult, M, shiny|35/100
|turn|31
|c|☆quixana|dance
|inactive|Shikshtenaan has 120 seconds left.
|
|t:|1666995297
|switch|p1a: Landorus|Landorus-Therian, M|15/100
|-ability|p1a: Landorus|Intimidate|boost
|-fail|p2a: Dragapult|unboost|[from] ability: Clear Body|[of] p2a: Dragapult
|move|p2a: Dragapult|Dragon Darts|p1a: Landorus
|-damage|p1a: Landorus|0 fnt
|faint|p1a: Landorus
|
|upkeep
|
|t:|1666995301
|switch|p1a: Tornadus|Tornadus-Therian, M|100/100
|turn|32
|
|t:|1666995306
|switch|p2a: Seismitoad|Seismitoad, M, shiny|75/100
|move|p1a: Tornadus|U-turn|p2a: Seismitoad
|-damage|p2a: Seismitoad|57/100
|j| charge Q
|
|t:|1666995309
|switch|p1a: christmas lights|Xurkitree, shiny|82/100|[from]move: U-turn
|
|upkeep
|turn|33
|c|☆quixana|dance
|
|t:|1666995323
|move|p1a: christmas lights|Energy Ball|p2a: Seismitoad
|-supereffective|p2a: Seismitoad
|-damage|p2a: Seismitoad|0 fnt
|faint|p2a: Seismitoad
|-ability|p1a: christmas lights|Beast Boost|boost
|-boost|p1a: christmas lights|spa|1
|
|upkeep
|
|t:|1666995325
|switch|p2a: Dragapult|Dragapult, M, shiny|35/100
|turn|34
|
|t:|1666995338
|switch|p1a: Rillaboom|Rillaboom, M|84/100
|-fieldstart|move: Grassy Terrain|[from] ability: Grassy Surge|[of] p1a: Rillaboom
|move|p2a: Dragapult|Dragon Darts|p1a: Rillaboom
|-damage|p1a: Rillaboom|45/100
|-anim|p2a: Dragapult|Dragon Darts|p1a: Rillaboom
|-damage|p1a: Rillaboom|4/100
|
|-heal|p2a: Dragapult|41/100|[from] Grassy Terrain
|-heal|p1a: Rillaboom|10/100|[from] Grassy Terrain
|upkeep
|turn|35
|
|t:|1666995350
|move|p1a: Rillaboom|Grassy Glide|p2a: Dragapult
|-resisted|p2a: Dragapult
|-damage|p2a: Dragapult|0 fnt
|faint|p2a: Dragapult
|
|-heal|p1a: Rillaboom|16/100|[from] Grassy Terrain
|upkeep
|c|☆Shikshtenaan|Gg
|c|☆quixana|gg
|-message|Shikshtenaan forfeited.
|
|win|quixana
|raw|quixana's rating: 1730 &rarr; <strong>1752</strong><br />(+22 for winning)
|raw|Shikshtenaan's rating: 1761 &rarr; <strong>1739</strong><br />(-22 for losing)
|l|☆Shikshtenaan
|l| Vortxxx
||Ladder isn't responding, score probably updated but might not have (Request timeout).
|l| charge Q
|l| Pachismo
