|j|☆Wehrak_02
|j|☆Pok et glace
|t:|1662737764
|gametype|singles
|player|p1|Wehrak_02|blue|1619
|player|p2|Pok et glace|cynthia-masters|1810
|teamsize|p1|6
|teamsize|p2|6
|gen|8
|tier|[Gen 8] OU
|rated|
|rule|Sleep Clause Mod: Limit one foe put to sleep
|rule|Species Clause: Limit one of each Pokémon
|rule|OHKO Clause: OHKO moves are banned
|rule|Evasion Items Clause: Evasion items are banned
|rule|Evasion Moves Clause: Evasion moves are banned
|rule|Endless Battle Clause: Forcing endless battles is banned
|rule|HP Percentage Mod: HP is shown in percentages
|rule|Dynamax Clause: You cannot dynamax
|clearpoke
|poke|p1|Dragapult, M|
|poke|p1|Tapu Lele|
|poke|p1|Buzzwole|
|poke|p1|Heatran, M|
|poke|p1|Toxapex, F|
|poke|p1|Landorus-Therian, M|
|poke|p2|Mew|
|poke|p2|Crawdaunt, M|
|poke|p2|Celesteela|
|poke|p2|Garchomp, F|
|poke|p2|Weavile, M|
|poke|p2|Blacephalon|
|teampreview
|j| podtastic1
|inactive|Battle timer is ON: inactive players will automatically lose when time's up. (requested by Pok et glace)
|
|t:|1662737792
|start
|switch|p1a: Landorus|Landorus-Therian, M|100/100
|switch|p2a: Blacephalon|Blacephalon|100/100
|-ability|p1a: Landorus|Intimidate|boost
|-unboost|p2a: Blacephalon|atk|1
|turn|1
|
|t:|1662737807
|switch|p1a: Heatran|Heatran, M|100/100
|move|p2a: Blacephalon|Taunt|p1a: Heatran
|-start|p1a: Heatran|move: Taunt
|
|upkeep
|turn|2
|
|t:|1662737811
|switch|p2a: Sperm thing|Mew|100/100
|move|p1a: Heatran|Magma Storm|p2a: Sperm thing
|-damage|p2a: Sperm thing|61/100
|-activate|p2a: Sperm thing|move: Magma Storm|[of] p1a: Heatran
|
|-damage|p2a: Sperm thing|49/100|[from] move: Magma Storm|[partiallytrapped]
|upkeep
|turn|3
|
|t:|1662737817
|move|p2a: Sperm thing|Stealth Rock|p1a: Heatran
|-sidestart|p1: Wehrak_02|move: Stealth Rock
|move|p1a: Heatran|Earth Power|p2a: Sperm thing
|-crit|p2a: Sperm thing
|-damage|p2a: Sperm thing|17/100
|
|-damage|p2a: Sperm thing|4/100|[from] move: Magma Storm|[partiallytrapped]
|-end|p1a: Heatran|move: Taunt
|upkeep
|turn|4
|
|t:|1662737822
|move|p2a: Sperm thing|Spikes|p1a: Heatran
|-sidestart|p1: Wehrak_02|Spikes
|move|p1a: Heatran|Earth Power|p2a: Sperm thing
|-damage|p2a: Sperm thing|0 fnt
|faint|p2a: Sperm thing
|
|upkeep
|
|t:|1662737828
|switch|p2a: Jaw|Crawdaunt, M|100/100
|turn|5
|j| LT_Alt1
|
|t:|1662737842
|move|p2a: Jaw|Crabhammer|p1a: Heatran
|-supereffective|p1a: Heatran
|-damage|p1a: Heatran|0 fnt
|faint|p1a: Heatran
|-damage|p2a: Jaw|91/100|[from] item: Life Orb
|
|upkeep
|j| SigmaMW
|l| SigmaMW
|inactive|Wehrak_02 has 120 seconds left.
|
|t:|1662737868
|switch|p1a: Tapu Lele|Tapu Lele|100/100
|-damage|p1a: Tapu Lele|88/100|[from] Stealth Rock
|-damage|p1a: Tapu Lele|76/100|[from] Spikes
|-fieldstart|move: Psychic Terrain|[from] ability: Psychic Surge|[of] p1a: Tapu Lele
|turn|6
|inactive|Wehrak_02 has 120 seconds left.
|
|t:|1662737878
|switch|p2a: Blacephalon|Blacephalon|100/100
|move|p1a: Tapu Lele|Moonblast|p2a: Blacephalon
|-resisted|p2a: Blacephalon
|-damage|p2a: Blacephalon|40/100
|-unboost|p2a: Blacephalon|spa|1
|
|upkeep
|turn|7
|inactive|Wehrak_02 has 120 seconds left.
|
|t:|1662737889
|switch|p1a: Toxapex|Toxapex, F|100/100
|-damage|p1a: Toxapex|88/100|[from] Stealth Rock
|-damage|p1a: Toxapex|75/100|[from] Spikes
|move|p2a: Blacephalon|Shadow Ball|p1a: Toxapex
|-damage|p1a: Toxapex|52/100
|-enditem|p1a: Toxapex|Eject Button
|
|t:|1662737893
|switch|p1a: Dragapult|Dragapult, M|100/100
|-damage|p1a: Dragapult|88/100|[from] Stealth Rock
|-damage|p1a: Dragapult|76/100|[from] Spikes
|
|upkeep
|turn|8
|inactive|Wehrak_02 has 120 seconds left.
|
|t:|1662737909
|move|p2a: Blacephalon|Shadow Ball|p1a: Dragapult
|-supereffective|p1a: Dragapult
|-damage|p1a: Dragapult|0 fnt
|faint|p1a: Dragapult
|-ability|p2a: Blacephalon|Beast Boost|boost
|-boost|p2a: Blacephalon|spa|1
|
|upkeep
|
|t:|1662737912
|switch|p1a: Buzzwole|Buzzwole|100/100
|-damage|p1a: Buzzwole|88/100|[from] Stealth Rock
|-damage|p1a: Buzzwole|76/100|[from] Spikes
|turn|9
|l| LT_Alt1
|inactive|Pok et glace has 120 seconds left.
|
|t:|1662737964
|switch|p2a: Jaw|Crawdaunt, M|91/100
|move|p1a: Buzzwole|Earthquake|p2a: Jaw
|-crit|p2a: Jaw
|-damage|p2a: Jaw|4/100
|
|upkeep
|turn|10
|
|t:|1662737974
|move|p1a: Buzzwole|Earthquake|p2a: Jaw
|-damage|p2a: Jaw|0 fnt
|faint|p2a: Jaw
|-ability|p1a: Buzzwole|Beast Boost|boost
|-boost|p1a: Buzzwole|atk|1
|
|-fieldend|move: Psychic Terrain
|upkeep
|
|t:|1662737978
|switch|p2a: Blacephalon|Blacephalon|40/100
|turn|11
|
|t:|1662737982
|move|p2a: Blacephalon|Flamethrower|p1a: Buzzwole
|-supereffective|p1a: Buzzwole
|-damage|p1a: Buzzwole|0 fnt
|faint|p1a: Buzzwole
|-ability|p2a: Blacephalon|Beast Boost|boost
|-boost|p2a: Blacephalon|spa|1
|
|upkeep
|
|t:|1662737987
|switch|p1a: Tapu Lele|Tapu Lele|76/100
|-damage|p1a: Tapu Lele|63/100|[from] Stealth Rock
|-damage|p1a: Tapu Lele|51/100|[from] Spikes
|-fieldstart|move: Psychic Terrain|[from] ability: Psychic Surge|[of] p1a: Tapu Lele
|turn|12
|
|t:|1662737998
|switch|p1a: Toxapex|Toxapex, F|85/100
|-damage|p1a: Toxapex|73/100|[from] Stealth Rock
|-damage|p1a: Toxapex|60/100|[from] Spikes
|move|p2a: Blacephalon|Flamethrower|p1a: Toxapex
|-resisted|p1a: Toxapex
|-damage|p1a: Toxapex|29/100
|
|upkeep
|turn|13
|-message|Wehrak_02 forfeited.
|
|win|Pok et glace
|raw|Wehrak_02's rating: 1619 &rarr; <strong>1609</strong><br />(-10 for losing)
|raw|Pok et glace's rating: 1810 &rarr; <strong>1820</strong><br />(+10 for winning)
|l|☆Wehrak_02
|l|☆Pok et glace
