|html|<div class="broadcast-blue"><strong>[Gen 8] OU is currently suspecting Spectrier! For information on how to participate check out the <a href="https://www.smogon.com/forums/threads/np-ss-ou-suspect-process-round-9-old-town-road.3676744/">suspect thread</a>.</strong></div>
|j|☆NeoNaruto®++
|j|☆LaxativeCement
|t:|1612209699
|player|p1|NeoNaruto®++|medium|1685
|player|p2|LaxativeCement|lucas|1646
|teamsize|p1|6
|teamsize|p2|6
|gametype|singles
|gen|8
|tier|[Gen 8] OU
|rated|
|clearpoke
|poke|p1|Landorus-Therian, M|
|poke|p1|Slowbro, M|
|poke|p1|Tapu Koko|
|poke|p1|Dragonite, F|
|poke|p1|Darmanitan, F|
|poke|p1|Magearna|
|poke|p2|Garchomp, M|
|poke|p2|Blaziken, M|
|poke|p2|Kartana|
|poke|p2|Dragonite, F|
|poke|p2|Magnezone|
|poke|p2|Zapdos|
|rule|Sleep Clause Mod: Limit one foe put to sleep
|rule|Species Clause: Limit one of each Pokémon
|rule|OHKO Clause: OHKO moves are banned
|rule|Evasion Moves Clause: Evasion moves are banned
|rule|Endless Battle Clause: Forcing endless battles is banned
|rule|HP Percentage Mod: HP is shown in percentages
|rule|Dynamax Clause: You cannot dynamax
|teampreview
|inactive|Battle timer is ON: inactive players will automatically lose when time's up. (requested by LaxativeCement)
|inactive|NeoNaruto®++ also wants the timer to be on.
|inactive|LaxativeCement has 120 seconds left.
|
|t:|1612209733
|start
|switch|p1a: Bernie Landers|Landorus-Therian, M|100/100
|switch|p2a: Gameshark|Garchomp, M|100/100
|-ability|p1a: Bernie Landers|Intimidate|boost
|-unboost|p2a: Gameshark|atk|1
|turn|1
|
|t:|1612209736
|move|p2a: Gameshark|Toxic|p1a: Bernie Landers
|-status|p1a: Bernie Landers|tox
|move|p1a: Bernie Landers|Stealth Rock|p2a: Gameshark
|-sidestart|p2: LaxativeCement|move: Stealth Rock
|
|-damage|p1a: Bernie Landers|94/100 tox|[from] psn
|upkeep
|turn|2
|
|t:|1612209739
|move|p2a: Gameshark|Stealth Rock|p1a: Bernie Landers
|-sidestart|p1: NeoNaruto®++|move: Stealth Rock
|move|p1a: Bernie Landers|Knock Off|p2a: Gameshark
|-damage|p2a: Gameshark|76/100
|-damage|p1a: Bernie Landers|82/100 tox|[from] ability: Rough Skin|[of] p2a: Gameshark
|-damage|p1a: Bernie Landers|66/100 tox|[from] item: Rocky Helmet|[of] p2a: Gameshark
|-enditem|p2a: Gameshark|Rocky Helmet|[from] move: Knock Off|[of] p1a: Bernie Landers
|
|-damage|p1a: Bernie Landers|54/100 tox|[from] psn
|upkeep
|turn|3
|
|t:|1612209743
|switch|p1a: spvceghvstpvrrp|Slowbro, M, shiny|100/100
|-damage|p1a: spvceghvstpvrrp|88/100|[from] Stealth Rock
|move|p2a: Gameshark|Roar|p1a: spvceghvstpvrrp
|drag|p1a: Bernie Landers|Landorus-Therian, M|54/100 tox
|-damage|p1a: Bernie Landers|41/100 tox|[from] Stealth Rock
|-ability|p1a: Bernie Landers|Intimidate|boost
|-unboost|p2a: Gameshark|atk|1
|
|-damage|p1a: Bernie Landers|35/100 tox|[from] psn
|upkeep
|turn|4
|
|t:|1612209751
|switch|p1a: spvceghvstpvrrp|Slowbro, M, shiny|100/100
|-damage|p1a: spvceghvstpvrrp|88/100|[from] Stealth Rock
|move|p2a: Gameshark|Roar|p1a: spvceghvstpvrrp
|drag|p1a: Darmanitan|Darmanitan, F|100/100
|
|upkeep
|turn|5
|
|t:|1612209765
|move|p2a: Gameshark|Earthquake|p1a: Darmanitan
|-supereffective|p1a: Darmanitan
|-damage|p1a: Darmanitan|28/100
|move|p1a: Darmanitan|Flare Blitz|p2a: Gameshark
|-resisted|p2a: Gameshark
|-damage|p2a: Gameshark|34/100
|-damage|p1a: Darmanitan|16/100|[from] ability: Rough Skin|[of] p2a: Gameshark
|-damage|p1a: Darmanitan|0 fnt|[from] Recoil
|faint|p1a: Darmanitan
|
|upkeep
|
|t:|1612209768
|switch|p1a: Tapu Koko|Tapu Koko|100/100
|-damage|p1a: Tapu Koko|88/100|[from] Stealth Rock
|-fieldstart|move: Electric Terrain|[from] ability: Electric Surge|[of] p1a: Tapu Koko
|turn|6
|c|☆LaxativeCement|boots darm??
|inactive|LaxativeCement has 120 seconds left.
|
|t:|1612209799
|switch|p2a: IN MY ZONE|Magnezone|100/100
|-damage|p2a: IN MY ZONE|94/100|[from] Stealth Rock
|move|p1a: Tapu Koko|Dazzling Gleam|p2a: IN MY ZONE
|-resisted|p2a: IN MY ZONE
|-damage|p2a: IN MY ZONE|72/100
|
|upkeep
|turn|7
|
|t:|1612209813
|switch|p1a: Bernie Landers|Landorus-Therian, M|35/100 tox
|-damage|p1a: Bernie Landers|23/100 tox|[from] Stealth Rock
|-ability|p1a: Bernie Landers|Intimidate|boost
|-unboost|p2a: IN MY ZONE|atk|1
|move|p2a: IN MY ZONE|Flash Cannon|p1a: Bernie Landers
|-damage|p1a: Bernie Landers|0 fnt
|faint|p1a: Bernie Landers
|
|upkeep
|
|t:|1612209815
|switch|p1a: Fat Charizard|Dragonite, F, shiny|100/100
|turn|8
|
|t:|1612209823
|move|p1a: Fat Charizard|Earthquake|p2a: IN MY ZONE
|-supereffective|p2a: IN MY ZONE
|-damage|p2a: IN MY ZONE|0 fnt
|faint|p2a: IN MY ZONE
|
|upkeep
|
|t:|1612209838
|switch|p2a: Mario Kart|Kartana|100/100
|-damage|p2a: Mario Kart|94/100|[from] Stealth Rock
|turn|9
|
|t:|1612209852
|switch|p1a: spvceghvstpvrrp|Slowbro, M, shiny|100/100
|-damage|p1a: spvceghvstpvrrp|88/100|[from] Stealth Rock
|move|p2a: Mario Kart|Knock Off|p1a: spvceghvstpvrrp
|-supereffective|p1a: spvceghvstpvrrp
|-damage|p1a: spvceghvstpvrrp|38/100
|-damage|p2a: Mario Kart|78/100|[from] item: Rocky Helmet|[of] p1a: spvceghvstpvrrp
|-enditem|p1a: spvceghvstpvrrp|Rocky Helmet|[from] move: Knock Off|[of] p2a: Mario Kart
|
|upkeep
|turn|10
|j| Nuzzload
|
|t:|1612209859
|switch|p2a: Big Bird|Zapdos|100/100
|move|p1a: spvceghvstpvrrp|Slack Off|p1a: spvceghvstpvrrp
|-heal|p1a: spvceghvstpvrrp|88/100
|
|-fieldend|move: Electric Terrain
|upkeep
|turn|11
|
|t:|1612209865
|move|p2a: Big Bird|Volt Switch|p1a: spvceghvstpvrrp
|-supereffective|p1a: spvceghvstpvrrp
|-damage|p1a: spvceghvstpvrrp|22/100
|
|t:|1612209867
|switch|p2a: Gameshark|Garchomp, M|34/100|[from]move: Volt Switch
|-damage|p2a: Gameshark|28/100|[from] Stealth Rock
|move|p1a: spvceghvstpvrrp|Teleport|p1a: spvceghvstpvrrp
|
|t:|1612209870
|switch|p1a: Tapu Koko|Tapu Koko|88/100|[from]move: Teleport
|-damage|p1a: Tapu Koko|76/100|[from] Stealth Rock
|-fieldstart|move: Electric Terrain|[from] ability: Electric Surge|[of] p1a: Tapu Koko
|
|upkeep
|turn|12
|
|t:|1612209879
|move|p1a: Tapu Koko|Dazzling Gleam|p2a: Gameshark
|-supereffective|p2a: Gameshark
|-damage|p2a: Gameshark|0 fnt
|faint|p2a: Gameshark
|
|upkeep
|
|t:|1612209885
|switch|p2a: Mario Kart|Kartana|78/100
|-damage|p2a: Mario Kart|72/100|[from] Stealth Rock
|turn|13
|
|t:|1612209896
|switch|p1a: VODECi|Magearna|100/100
|-damage|p1a: VODECi|94/100|[from] Stealth Rock
|move|p2a: Mario Kart|Smart Strike|p1a: VODECi
|-damage|p1a: VODECi|53/100
|
|upkeep
|turn|14
|
|t:|1612209908
|switch|p2a: Big Bird|Zapdos|100/100
|move|p1a: VODECi|Focus Blast|p2a: Big Bird|[miss]
|-miss|p1a: VODECi|p2a: Big Bird
|
|upkeep
|turn|15
|
|t:|1612209914
|move|p2a: Big Bird|Heat Wave|p1a: VODECi
|-supereffective|p1a: VODECi
|-damage|p1a: VODECi|31/100
|move|p1a: VODECi|Ice Beam|p2a: Big Bird
|-supereffective|p2a: Big Bird
|-damage|p2a: Big Bird|49/100
|
|-fieldend|move: Electric Terrain
|upkeep
|turn|16
|
|t:|1612209920
|move|p2a: Big Bird|Roost|p2a: Big Bird
|-heal|p2a: Big Bird|99/100
|-singleturn|p2a: Big Bird|move: Roost
|move|p1a: VODECi|Ice Beam|p2a: Big Bird
|-damage|p2a: Big Bird|75/100
|
|upkeep
|turn|17
|
|t:|1612209923
|move|p2a: Big Bird|Heat Wave|p1a: VODECi
|-supereffective|p1a: VODECi
|-damage|p1a: VODECi|7/100
|move|p1a: VODECi|Volt Switch|p2a: Big Bird
|-damage|p2a: Big Bird|54/100
|
|t:|1612209926
|switch|p1a: Tapu Koko|Tapu Koko|76/100|[from]move: Volt Switch
|-damage|p1a: Tapu Koko|63/100|[from] Stealth Rock
|-fieldstart|move: Electric Terrain|[from] ability: Electric Surge|[of] p1a: Tapu Koko
|
|upkeep
|turn|18
|
|t:|1612209932
|move|p1a: Tapu Koko|Thunderbolt|p2a: Big Bird
|-damage|p2a: Big Bird|0 fnt
|faint|p2a: Big Bird
|
|upkeep
|
|t:|1612209946
|switch|p2a: Mario Kart|Kartana|72/100
|-damage|p2a: Mario Kart|65/100|[from] Stealth Rock
|turn|19
|l| Nuzzload
|
|t:|1612209951
|switch|p1a: VODECi|Magearna|7/100
|-damage|p1a: VODECi|1/100|[from] Stealth Rock
|move|p2a: Mario Kart|Leaf Blade|p1a: VODECi
|-resisted|p1a: VODECi
|-damage|p1a: VODECi|0 fnt
|faint|p1a: VODECi
|-ability|p2a: Mario Kart|Beast Boost|boost
|-boost|p2a: Mario Kart|atk|1
|
|upkeep
|
|t:|1612209953
|switch|p1a: Fat Charizard|Dragonite, F, shiny|100/100
|turn|20
|
|t:|1612209955
|switch|p2a: Dragginballz|Dragonite, F|100/100
|move|p1a: Fat Charizard|Dragon Dance|p1a: Fat Charizard
|-boost|p1a: Fat Charizard|atk|1
|-boost|p1a: Fat Charizard|spe|1
|
|upkeep
|turn|21
|
|t:|1612209959
|move|p1a: Fat Charizard|Dual Wingbeat|p2a: Dragginballz
|-damage|p2a: Dragginballz|82/100
|-damage|p2a: Dragginballz|40/100
|-hitcount|p2a: Dragginballz|2
|move|p2a: Dragginballz|Dragon Claw|p1a: Fat Charizard
|-supereffective|p1a: Fat Charizard
|-damage|p1a: Fat Charizard|54/100
|
|-fieldend|move: Electric Terrain
|upkeep
|turn|22
|
|t:|1612209968
|move|p2a: Dragginballz|Extreme Speed|p1a: Fat Charizard
|-damage|p1a: Fat Charizard|24/100
|move|p1a: Fat Charizard|Dual Wingbeat|p2a: Dragginballz
|-damage|p2a: Dragginballz|3/100
|-damage|p2a: Dragginballz|0 fnt
|-hitcount|p2a: Dragginballz|2
|faint|p2a: Dragginballz
|
|upkeep
|
|t:|1612209971
|switch|p2a: Mario Kart|Kartana|65/100
|-damage|p2a: Mario Kart|59/100|[from] Stealth Rock
|turn|23
|
|t:|1612209976
|move|p2a: Mario Kart|Smart Strike|p1a: Fat Charizard
|-damage|p1a: Fat Charizard|0 fnt
|faint|p1a: Fat Charizard
|-ability|p2a: Mario Kart|Beast Boost|boost
|-boost|p2a: Mario Kart|atk|1
|
|upkeep
|
|t:|1612209978
|switch|p1a: Tapu Koko|Tapu Koko|63/100
|-damage|p1a: Tapu Koko|51/100|[from] Stealth Rock
|-fieldstart|move: Electric Terrain|[from] ability: Electric Surge|[of] p1a: Tapu Koko
|turn|24
|
|t:|1612209995
|move|p2a: Mario Kart|Smart Strike|p1a: Tapu Koko
|-damage|p1a: Tapu Koko|0 fnt
|faint|p1a: Tapu Koko
|-ability|p2a: Mario Kart|Beast Boost|boost
|-boost|p2a: Mario Kart|atk|1
|
|upkeep
|-message|NeoNaruto®++ forfeited.
|
|win|LaxativeCement
|l|☆NeoNaruto®++
