|j|☆Blacksponge
|j|☆ultimategoogolplex
|t:|1667526075
|gametype|singles
|player|p1|Blacksponge|lucas|1789
|player|p2|ultimategoogolplex|2|1720
|teamsize|p1|6
|teamsize|p2|6
|gen|8
|tier|[Gen 8] OU
|rated|
|rule|Sleep Clause Mod: Limit one foe put to sleep
|rule|Species Clause: Limit one of each Pokémon
|rule|OHKO Clause: OHKO moves are banned
|rule|Evasion Items Clause: Evasion items are banned
|rule|Evasion Moves Clause: Evasion moves are banned
|rule|Endless Battle Clause: Forcing endless battles is banned
|rule|HP Percentage Mod: HP is shown in percentages
|rule|Dynamax Clause: You cannot dynamax
|clearpoke
|poke|p1|Tyranitar, F|
|poke|p1|Landorus-Therian, M|
|poke|p1|Dragapult, M|
|poke|p1|Weavile, F|
|poke|p1|Excadrill, M|
|poke|p1|Victini|
|poke|p2|Weavile, M|
|poke|p2|Volcanion|
|poke|p2|Zapdos|
|poke|p2|Landorus-Therian, M|
|poke|p2|Kartana|
|poke|p2|Melmetal|
|teampreview
|inactive|Battle timer is ON: inactive players will automatically lose when time's up. (requested by ultimategoogolplex)
|
|t:|1667526087
|start
|switch|p1a: Dragapult|Dragapult, M|100/100
|switch|p2a: Melmetal|Melmetal|100/100
|turn|1
|
|t:|1667526095
|move|p1a: Dragapult|U-turn|p2a: Melmetal
|-resisted|p2a: Melmetal
|-damage|p2a: Melmetal|96/100
|
|t:|1667526097
|switch|p1a: Landorus|Landorus-Therian, M|100/100|[from]move: U-turn
|-ability|p1a: Landorus|Intimidate|boost
|-unboost|p2a: Melmetal|atk|1
|move|p2a: Melmetal|Ice Punch|p1a: Landorus
|-supereffective|p1a: Landorus
|-damage|p1a: Landorus|26/100
|-damage|p2a: Melmetal|79/100|[from] item: Rocky Helmet|[of] p1a: Landorus
|
|upkeep
|turn|2
|
|t:|1667526101
|switch|p2a: Landorus|Landorus-Therian, M|100/100
|-ability|p2a: Landorus|Intimidate|boost
|-unboost|p1a: Landorus|atk|1
|move|p1a: Landorus|Stealth Rock|p2a: Landorus
|-sidestart|p2: ultimategoogolplex|move: Stealth Rock
|
|upkeep
|turn|3
|
|t:|1667526104
|move|p2a: Landorus|U-turn|p1a: Landorus
|-resisted|p1a: Landorus
|-damage|p1a: Landorus|18/100
|-damage|p2a: Landorus|84/100|[from] item: Rocky Helmet|[of] p1a: Landorus
|
|t:|1667526109
|switch|p2a: Zapdos|Zapdos|100/100|[from]move: U-turn
|move|p1a: Landorus|Toxic|p2a: Zapdos
|-status|p2a: Zapdos|tox
|
|-damage|p2a: Zapdos|94/100 tox|[from] psn
|upkeep
|turn|4
|
|t:|1667526115
|switch|p1a: Tyranitar|Tyranitar, F|100/100
|-weather|Sandstorm|[from] ability: Sand Stream|[of] p1a: Tyranitar
|move|p2a: Zapdos|Defog|p1a: Tyranitar
|-unboost|p1a: Tyranitar|evasion|1
|-sideend|p2: ultimategoogolplex|Stealth Rock|[from] move: Defog|[of] p2a: Zapdos
|
|-weather|Sandstorm|[upkeep]
|-damage|p2a: Zapdos|88/100 tox|[from] Sandstorm
|-damage|p2a: Zapdos|76/100 tox|[from] psn
|upkeep
|turn|5
|
|t:|1667526124
|switch|p2a: Melmetal|Melmetal|79/100
|move|p1a: Tyranitar|Superpower|p2a: Melmetal
|-supereffective|p2a: Melmetal
|-damage|p2a: Melmetal|0 fnt
|-unboost|p1a: Tyranitar|atk|1
|-unboost|p1a: Tyranitar|def|1
|faint|p2a: Melmetal
|
|-weather|Sandstorm|[upkeep]
|upkeep
|
|t:|1667526129
|switch|p2a: Volcanion|Volcanion|100/100
|turn|6
|
|t:|1667526154
|switch|p1a: Dragapult|Dragapult, M|100/100
|move|p2a: Volcanion|Steam Eruption|p1a: Dragapult
|-resisted|p1a: Dragapult
|-damage|p1a: Dragapult|47/100
|
|-weather|Sandstorm|[upkeep]
|-damage|p1a: Dragapult|41/100|[from] Sandstorm
|-damage|p2a: Volcanion|95/100|[from] Sandstorm
|upkeep
|turn|7
|
|t:|1667526174
|switch|p2a: Zapdos|Zapdos|76/100 tox
|move|p1a: Dragapult|Draco Meteor|p2a: Zapdos
|-damage|p2a: Zapdos|0 fnt
|-unboost|p1a: Dragapult|spa|2
|faint|p2a: Zapdos
|
|-weather|Sandstorm|[upkeep]
|-damage|p1a: Dragapult|35/100|[from] Sandstorm
|upkeep
|
|t:|1667526183
|switch|p2a: Weavile|Weavile, M|100/100
|-ability|p2a: Weavile|Pressure
|turn|8
|
|t:|1667526195
|switch|p1a: Landorus|Landorus-Therian, M|18/100
|-ability|p1a: Landorus|Intimidate|boost
|-unboost|p2a: Weavile|atk|1
|move|p2a: Weavile|Triple Axel|p1a: Landorus
|-supereffective|p1a: Landorus
|-damage|p1a: Landorus|0 fnt
|-damage|p2a: Weavile|84/100|[from] item: Rocky Helmet|[of] p1a: Landorus
|faint|p1a: Landorus
|-hitcount|p1: Landorus|1
|
|-weather|none
|upkeep
|
|t:|1667526201
|switch|p1a: Tyranitar|Tyranitar, F|100/100
|-weather|Sandstorm|[from] ability: Sand Stream|[of] p1a: Tyranitar
|turn|9
|
|t:|1667526211
|switch|p2a: Kartana|Kartana|100/100
|move|p1a: Tyranitar|Crunch|p2a: Kartana
|-damage|p2a: Kartana|26/100
|
|-weather|Sandstorm|[upkeep]
|upkeep
|turn|10
|
|t:|1667526230
|switch|p1a: Victini|Victini|100/100
|move|p2a: Kartana|Knock Off|p1a: Victini
|-supereffective|p1a: Victini
|-damage|p1a: Victini|6/100
|-enditem|p1a: Victini|Heavy-Duty Boots|[from] move: Knock Off|[of] p2a: Kartana
|
|-weather|Sandstorm|[upkeep]
|-damage|p1a: Victini|0 fnt|[from] Sandstorm
|faint|p1a: Victini
|upkeep
|
|t:|1667526238
|switch|p1a: Excadrill|Excadrill, M|100/100
|turn|11
|
|t:|1667526241
|switch|p2a: Landorus|Landorus-Therian, M|84/100
|-ability|p2a: Landorus|Intimidate|boost
|-unboost|p1a: Excadrill|atk|1
|move|p1a: Excadrill|Iron Head|p2a: Landorus
|-damage|p2a: Landorus|48/100
|
|-weather|Sandstorm|[upkeep]
|-heal|p2a: Landorus|54/100|[from] item: Leftovers
|upkeep
|turn|12
|
|t:|1667526254
|switch|p1a: Weavile|Weavile, F|100/100
|-ability|p1a: Weavile|Pressure
|move|p2a: Landorus|Earthquake|p1a: Weavile
|-damage|p1a: Weavile|23/100
|
|-weather|Sandstorm|[upkeep]
|-damage|p1a: Weavile|17/100|[from] Sandstorm
|-heal|p2a: Landorus|60/100|[from] item: Leftovers
|upkeep
|turn|13
|
|t:|1667526278
|switch|p2a: Kartana|Kartana|26/100
|move|p1a: Weavile|Knock Off|p2a: Kartana
|-damage|p2a: Kartana|0 fnt
|-enditem|p2a: Kartana|Choice Scarf|[from] move: Knock Off|[of] p1a: Weavile
|faint|p2a: Kartana
|
|-weather|none
|upkeep
|
|t:|1667526287
|switch|p2a: Weavile|Weavile, M|84/100
|-ability|p2a: Weavile|Pressure
|turn|14
|j| jsjdjsjshs sjdjd
|
|t:|1667526293
|move|p1a: Weavile|Knock Off|p2a: Weavile
|-resisted|p2a: Weavile
|-damage|p2a: Weavile|45/100
|-enditem|p2a: Weavile|Choice Band|[from] move: Knock Off|[of] p1a: Weavile
|move|p2a: Weavile|Triple Axel|p1a: Weavile
|-resisted|p1a: Weavile
|-damage|p1a: Weavile|7/100
|-resisted|p1a: Weavile
|-damage|p1a: Weavile|0 fnt
|faint|p1a: Weavile
|-hitcount|p1: Weavile|2
|
|upkeep
|
|t:|1667526301
|switch|p1a: Tyranitar|Tyranitar, F|100/100
|-weather|Sandstorm|[from] ability: Sand Stream|[of] p1a: Tyranitar
|turn|15
|
|t:|1667526312
|move|p2a: Weavile|Triple Axel|p1a: Tyranitar
|-damage|p1a: Tyranitar|90/100
|-damage|p1a: Tyranitar|71/100
|-crit|p1a: Tyranitar
|-damage|p1a: Tyranitar|24/100
|-hitcount|p1a: Tyranitar|3
|move|p1a: Tyranitar|Crunch|p2a: Weavile
|-resisted|p2a: Weavile
|-damage|p2a: Weavile|0 fnt
|faint|p2a: Weavile
|
|-weather|Sandstorm|[upkeep]
|upkeep
|
|t:|1667526326
|switch|p2a: Volcanion|Volcanion|95/100
|turn|16
|
|t:|1667526331
|move|p2a: Volcanion|Steam Eruption|p1a: Tyranitar
|-supereffective|p1a: Tyranitar
|-damage|p1a: Tyranitar|0 fnt
|faint|p1a: Tyranitar
|
|-weather|Sandstorm|[upkeep]
|-damage|p2a: Volcanion|89/100|[from] Sandstorm
|upkeep
|
|t:|1667526334
|switch|p1a: Dragapult|Dragapult, M|35/100
|turn|17
|
|t:|1667526339
|move|p1a: Dragapult|Draco Meteor|p2a: Volcanion
|-crit|p2a: Volcanion
|-damage|p2a: Volcanion|0 fnt
|-unboost|p1a: Dragapult|spa|2
|faint|p2a: Volcanion
|
|-weather|Sandstorm|[upkeep]
|-damage|p1a: Dragapult|29/100|[from] Sandstorm
|upkeep
|
|t:|1667526346
|switch|p2a: Landorus|Landorus-Therian, M|60/100
|-ability|p2a: Landorus|Intimidate|boost
|-unboost|p1a: Dragapult|atk|1
|turn|18
|
|t:|1667526350
|switch|p1a: Excadrill|Excadrill, M|100/100
|move|p2a: Landorus|Earthquake|p1a: Excadrill
|-supereffective|p1a: Excadrill
|-damage|p1a: Excadrill|0 fnt
|faint|p1a: Excadrill
|
|-weather|Sandstorm|[upkeep]
|-heal|p2a: Landorus|66/100|[from] item: Leftovers
|upkeep
|j| DannoBob
|
|t:|1667526352
|switch|p1a: Dragapult|Dragapult, M|29/100
|turn|19
|j| Chiefsss
|
|t:|1667526359
|move|p1a: Dragapult|Draco Meteor|p2a: Landorus
|-damage|p2a: Landorus|0 fnt
|-unboost|p1a: Dragapult|spa|2
|faint|p2a: Landorus
|
|win|Blacksponge
|raw|Blacksponge's rating: 1789 &rarr; <strong>1805</strong><br />(+16 for winning)
|raw|ultimategoogolplex's rating: 1720 &rarr; <strong>1704</strong><br />(-16 for losing)
|l|☆ultimategoogolplex
|l| DannoBob
|l| Chiefsss
||Ladder isn't responding, score probably updated but might not have (Request timeout).
