|j|☆Loki To 1
|j|☆Maitredouard2
|t:|1646812562
|gametype|singles
|player|p1|Loki To 1|elesa|1577
|player|p2|Maitredouard2|lance|1639
|teamsize|p1|6
|teamsize|p2|6
|gen|8
|tier|[Gen 8] OU
|rated|
|rule|Sleep Clause Mod: Limit one foe put to sleep
|rule|Species Clause: Limit one of each Pokémon
|rule|OHKO Clause: OHKO moves are banned
|rule|Evasion Moves Clause: Evasion moves are banned
|rule|Endless Battle Clause: Forcing endless battles is banned
|rule|HP Percentage Mod: HP is shown in percentages
|rule|Dynamax Clause: You cannot dynamax
|clearpoke
|poke|p1|Dragapult, F|
|poke|p1|Blacephalon|
|poke|p1|Corviknight, M|
|poke|p1|Zarude|
|poke|p1|Toxapex, M|
|poke|p1|Landorus-Therian, M|
|poke|p2|Mandibuzz, F|
|poke|p2|Landorus-Therian, M|
|poke|p2|Blissey, F|
|poke|p2|Heatran, M|
|poke|p2|Toxapex, M|
|poke|p2|Tapu Lele|
|teampreview
|
|t:|1646812571
|start
|switch|p1a: Toxapex|Toxapex, M|100/100
|switch|p2a: Tapu Lele|Tapu Lele|100/100
|-fieldstart|move: Psychic Terrain|[from] ability: Psychic Surge|[of] p2a: Tapu Lele
|turn|1
|
|t:|1646812588
|switch|p1a: Corviknight|Corviknight, M|100/100
|-ability|p1a: Corviknight|Pressure
|move|p2a: Tapu Lele|Psyshock|p1a: Corviknight
|-resisted|p1a: Corviknight
|-damage|p1a: Corviknight|75/100
|
|upkeep
|turn|2
|inactive|Battle timer is ON: inactive players will automatically lose when time's up. (requested by Loki To 1)
|
|t:|1646812600
|switch|p2a: Toxapex|Toxapex, M|100/100
|move|p1a: Corviknight|U-turn|p2a: Toxapex
|-resisted|p2a: Toxapex
|-damage|p2a: Toxapex|96/100
|-damage|p1a: Corviknight|58/100|[from] item: Rocky Helmet|[of] p2a: Toxapex
|
|t:|1646812609
|switch|p1a: Landorus|Landorus-Therian, M|100/100|[from]move: U-turn
|-ability|p1a: Landorus|Intimidate|boost
|-unboost|p2a: Toxapex|atk|1
|
|upkeep
|turn|3
|
|t:|1646812638
|move|p1a: Landorus|Stealth Rock|p2a: Toxapex
|-sidestart|p2: Maitredouard2|move: Stealth Rock
|move|p2a: Toxapex|Scald|p1a: Landorus
|-supereffective|p1a: Landorus
|-damage|p1a: Landorus|72/100
|-status|p1a: Landorus|brn
|
|-heal|p1a: Landorus|78/100 brn|[from] item: Leftovers
|-damage|p1a: Landorus|72/100 brn|[from] brn
|upkeep
|turn|4
|inactive|Maitredouard2 has 120 seconds left.
|j| G-Cis91
|
|t:|1646812658
|move|p1a: Landorus|U-turn|p2a: Toxapex
|-resisted|p2a: Toxapex
|-damage|p2a: Toxapex|93/100
|-damage|p1a: Landorus|56/100 brn|[from] item: Rocky Helmet|[of] p2a: Toxapex
|l| G-Cis91
|
|t:|1646812666
|switch|p1a: Zarude|Zarude|100/100|[from]move: U-turn
|move|p2a: Toxapex|Scald|p1a: Zarude
|-resisted|p1a: Zarude
|-damage|p1a: Zarude|92/100
|
|-heal|p1a: Zarude|99/100|[from] item: Leftovers
|upkeep
|turn|5
|
|t:|1646812676
|move|p1a: Zarude|Bulk Up|p1a: Zarude
|-boost|p1a: Zarude|atk|1
|-boost|p1a: Zarude|def|1
|move|p2a: Toxapex|Toxic|p1a: Zarude
|-status|p1a: Zarude|tox
|
|-heal|p1a: Zarude|100/100 tox|[from] item: Leftovers
|-damage|p1a: Zarude|94/100 tox|[from] psn
|-fieldend|move: Psychic Terrain
|upkeep
|turn|6
|
|t:|1646812686
|move|p1a: Zarude|Jungle Healing|p1a: Zarude
|-heal|p1a: Zarude|100/100 tox
|-curestatus|p1a: Zarude|tox|[msg]
|move|p2a: Toxapex|Haze|p2a: Toxapex
|-clearallboost
|
|upkeep
|turn|7
|
|t:|1646812697
|move|p1a: Zarude|Bulk Up|p1a: Zarude
|-boost|p1a: Zarude|atk|1
|-boost|p1a: Zarude|def|1
|move|p2a: Toxapex|Toxic|p1a: Zarude
|-status|p1a: Zarude|tox
|
|-damage|p1a: Zarude|94/100 tox|[from] psn
|upkeep
|turn|8
|
|t:|1646812706
|move|p1a: Zarude|Power Whip|p2a: Toxapex
|-damage|p2a: Toxapex|43/100
|-damage|p1a: Zarude|78/100 tox|[from] item: Rocky Helmet|[of] p2a: Toxapex
|move|p2a: Toxapex|Haze|p2a: Toxapex
|-clearallboost
|
|-heal|p1a: Zarude|84/100 tox|[from] item: Leftovers
|-damage|p1a: Zarude|72/100 tox|[from] psn
|upkeep
|turn|9
|inactive|Maitredouard2 has 120 seconds left.
|
|t:|1646812760
|move|p1a: Zarude|Jungle Healing|p1a: Zarude
|-heal|p1a: Zarude|97/100 tox
|-curestatus|p1a: Zarude|tox|[msg]
|move|p2a: Toxapex|Recover|p2a: Toxapex
|-heal|p2a: Toxapex|93/100
|
|-heal|p1a: Zarude|100/100|[from] item: Leftovers
|upkeep
|turn|10
|
|t:|1646812771
|switch|p1a: Toxapex|Toxapex, M|100/100
|move|p2a: Toxapex|Toxic|p1a: Toxapex
|-immune|p1a: Toxapex
|
|upkeep
|turn|11
|
|t:|1646812778
|switch|p2a: Blissey|Blissey, F|100/100
|move|p1a: Toxapex|Knock Off|p2a: Blissey
|-damage|p2a: Blissey|89/100
|-enditem|p2a: Blissey|Heavy-Duty Boots|[from] move: Knock Off|[of] p1a: Toxapex
|
|upkeep
|turn|12
|
|t:|1646812786
|switch|p1a: Landorus|Landorus-Therian, M|56/100 brn
|-ability|p1a: Landorus|Intimidate|boost
|-unboost|p2a: Blissey|atk|1
|move|p2a: Blissey|Teleport|p2a: Blissey
|
|t:|1646812792
|switch|p2a: Tapu Lele|Tapu Lele|100/100|[from]move: Teleport
|-damage|p2a: Tapu Lele|88/100|[from] Stealth Rock
|-fieldstart|move: Psychic Terrain|[from] ability: Psychic Surge|[of] p2a: Tapu Lele
|
|-heal|p1a: Landorus|62/100 brn|[from] item: Leftovers
|-damage|p1a: Landorus|56/100 brn|[from] brn
|upkeep
|turn|13
|inactive|Maitredouard2 has 120 seconds left.
|
|t:|1646812820
|move|p2a: Tapu Lele|Moonblast|p1a: Landorus
|-damage|p1a: Landorus|0 fnt
|faint|p1a: Landorus
|
|upkeep
|
|t:|1646812821
|switch|p1a: Blacephalon|Blacephalon|100/100
|turn|14
|
|t:|1646812828
|switch|p1a: Zarude|Zarude|100/100
|switch|p2a: Blissey|Blissey, F|89/100
|-damage|p2a: Blissey|77/100|[from] Stealth Rock
|
|upkeep
|turn|15
|j| Metazoan_Pit
|
|t:|1646812835
|switch|p2a: Mandibuzz|Mandibuzz, F|100/100
|move|p1a: Zarude|Bulk Up|p1a: Zarude
|-boost|p1a: Zarude|atk|1
|-boost|p1a: Zarude|def|1
|
|upkeep
|turn|16
|
|t:|1646812842
|move|p1a: Zarude|Bulk Up|p1a: Zarude
|-boost|p1a: Zarude|atk|1
|-boost|p1a: Zarude|def|1
|move|p2a: Mandibuzz|Toxic|p1a: Zarude
|-status|p1a: Zarude|tox
|
|-damage|p1a: Zarude|94/100 tox|[from] psn
|-fieldend|move: Psychic Terrain
|upkeep
|turn|17
|
|t:|1646812852
|move|p1a: Zarude|Jungle Healing|p1a: Zarude
|-heal|p1a: Zarude|100/100 tox
|-curestatus|p1a: Zarude|tox|[msg]
|move|p2a: Mandibuzz|Foul Play|p1a: Zarude
|-resisted|p1a: Zarude
|-damage|p1a: Zarude|79/100
|
|-heal|p1a: Zarude|85/100|[from] item: Leftovers
|upkeep
|turn|18
|
|t:|1646812862
|move|p1a: Zarude|Bulk Up|p1a: Zarude
|-boost|p1a: Zarude|atk|1
|-boost|p1a: Zarude|def|1
|move|p2a: Mandibuzz|Toxic|p1a: Zarude
|-status|p1a: Zarude|tox
|
|-heal|p1a: Zarude|92/100 tox|[from] item: Leftovers
|-damage|p1a: Zarude|85/100 tox|[from] psn
|upkeep
|turn|19
|
|t:|1646812872
|move|p1a: Zarude|Jungle Healing|p1a: Zarude
|-heal|p1a: Zarude|100/100 tox
|-curestatus|p1a: Zarude|tox|[msg]
|move|p2a: Mandibuzz|Toxic|p1a: Zarude|[miss]
|-miss|p2a: Mandibuzz|p1a: Zarude
|
|upkeep
|turn|20
|
|t:|1646812879
|move|p1a: Zarude|Power Whip|p2a: Mandibuzz
|-resisted|p2a: Mandibuzz
|-damage|p2a: Mandibuzz|52/100
|move|p2a: Mandibuzz|Toxic|p1a: Zarude
|-status|p1a: Zarude|tox
|
|-damage|p1a: Zarude|94/100 tox|[from] psn
|upkeep
|turn|21
|j| alkachiever
|
|t:|1646812906
|move|p1a: Zarude|Jungle Healing|p1a: Zarude
|-heal|p1a: Zarude|100/100 tox
|-curestatus|p1a: Zarude|tox|[msg]
|move|p2a: Mandibuzz|Roost|p2a: Mandibuzz
|-heal|p2a: Mandibuzz|100/100
|-singleturn|p2a: Mandibuzz|move: Roost
|
|upkeep
|turn|22
|
|t:|1646812917
|switch|p2a: Landorus|Landorus-Therian, M|100/100
|-damage|p2a: Landorus|88/100|[from] Stealth Rock
|-ability|p2a: Landorus|Intimidate|boost
|-unboost|p1a: Zarude|atk|1
|move|p1a: Zarude|Bulk Up|p1a: Zarude
|-boost|p1a: Zarude|atk|1
|-boost|p1a: Zarude|def|1
|
|upkeep
|turn|23
|j| G-Cis91
|inactive|Loki To 1 has 120 seconds left.
|
|t:|1646812949
|move|p2a: Landorus|U-turn|p1a: Zarude
|-supereffective|p1a: Zarude
|-damage|p1a: Zarude|69/100
|l| G-Cis91
|
|t:|1646812978
|switch|p2a: Toxapex|Toxapex, M|100/100|[from]move: U-turn
|-damage|p2a: Toxapex|88/100|[from] Stealth Rock
|move|p1a: Zarude|Power Whip|p2a: Toxapex
|-damage|p2a: Toxapex|0 fnt
|-damage|p1a: Zarude|52/100|[from] item: Rocky Helmet|[of] p2a: Toxapex
|faint|p2a: Toxapex
|
|-heal|p1a: Zarude|58/100|[from] item: Leftovers
|upkeep
|inactive|Maitredouard2 has 120 seconds left.
|
|t:|1646812995
|switch|p2a: Heatran|Heatran, M|100/100
|-damage|p2a: Heatran|88/100|[from] Stealth Rock
|-item|p2a: Heatran|Air Balloon
|turn|24
|inactive|Maitredouard2 has 120 seconds left.
|
|t:|1646813001
|move|p1a: Zarude|Darkest Lariat|p2a: Heatran
|-damage|p2a: Heatran|0 fnt
|-enditem|p2a: Heatran|Air Balloon
|faint|p2a: Heatran
|
|-heal|p1a: Zarude|65/100|[from] item: Leftovers
|upkeep
|-message|Maitredouard2 forfeited.
|
|win|Loki To 1
|raw|Loki To 1's rating: 1597 &rarr; <strong>1619</strong><br />(+22 for winning)
|raw|Maitredouard2's rating: 1639 &rarr; <strong>1617</strong><br />(-22 for losing)
|l|☆Maitredouard2
