|j|☆Pinks1ip
|j|☆BAMT
|t:|1659392569
|gametype|singles
|player|p1|Pinks1ip|skierf|1591
|player|p2|BAMT|battlegirl|1623
|teamsize|p1|6
|teamsize|p2|6
|gen|8
|tier|[Gen 8] OU
|rated|
|rule|Sleep Clause Mod: Limit one foe put to sleep
|rule|Species Clause: Limit one of each Pokémon
|rule|OHKO Clause: OHKO moves are banned
|rule|Evasion Moves Clause: Evasion moves are banned
|rule|Endless Battle Clause: Forcing endless battles is banned
|rule|HP Percentage Mod: HP is shown in percentages
|rule|Dynamax Clause: You cannot dynamax
|clearpoke
|poke|p1|Garchomp, M|
|poke|p1|Blacephalon|
|poke|p1|Kartana|
|poke|p1|Ninetales-Alola, F|
|poke|p1|Heatran, F|
|poke|p1|Tapu Fini|
|poke|p2|Buzzwole|
|poke|p2|Urshifu-*, M|
|poke|p2|Weavile, M|
|poke|p2|Corviknight, M|
|poke|p2|Slowking-Galar, M|
|poke|p2|Garchomp, F|
|teampreview
|inactive|Battle timer is ON: inactive players will automatically lose when time's up. (requested by BAMT)
|
|t:|1659392589
|start
|switch|p1a: Blacephalon|Blacephalon, shiny|100/100
|switch|p2a: Slowking|Slowking-Galar, M|100/100
|turn|1
|
|t:|1659392595
|move|p1a: Blacephalon|Substitute|p1a: Blacephalon
|-start|p1a: Blacephalon|Substitute
|-damage|p1a: Blacephalon|76/100
|move|p2a: Slowking|Scald|p1a: Blacephalon
|-supereffective|p1a: Blacephalon
|-end|p1a: Blacephalon|Substitute
|
|upkeep
|turn|2
|
|t:|1659392605
|switch|p1a: Tapu Fini|Tapu Fini|100/100
|-fieldstart|move: Misty Terrain|[from] ability: Misty Surge|[of] p1a: Tapu Fini
|move|p2a: Slowking|Scald|p1a: Tapu Fini
|-resisted|p1a: Tapu Fini
|-damage|p1a: Tapu Fini|93/100
|
|-heal|p1a: Tapu Fini|99/100|[from] item: Leftovers
|upkeep
|turn|3
|
|t:|1659392609
|move|p1a: Tapu Fini|Whirlpool|p2a: Slowking|[miss]
|-miss|p1a: Tapu Fini|p2a: Slowking
|move|p2a: Slowking|Sludge Bomb|p1a: Tapu Fini
|-supereffective|p1a: Tapu Fini
|-damage|p1a: Tapu Fini|44/100
|
|-heal|p1a: Tapu Fini|50/100|[from] item: Leftovers
|upkeep
|turn|4
|
|t:|1659392614
|switch|p1a: Garchomp|Garchomp, M|100/100
|move|p2a: Slowking|Sludge Bomb|p1a: Garchomp
|-resisted|p1a: Garchomp
|-damage|p1a: Garchomp|82/100
|
|upkeep
|turn|5
|
|t:|1659392617
|switch|p2a: Buzzwole|Buzzwole, shiny|100/100
|move|p1a: Garchomp|Swords Dance|p1a: Garchomp
|-boost|p1a: Garchomp|atk|2
|
|upkeep
|turn|6
|
|t:|1659392622
|switch|p1a: Blacephalon|Blacephalon, shiny|76/100
|move|p2a: Buzzwole|Ice Punch|p1a: Blacephalon
|-resisted|p1a: Blacephalon
|-damage|p1a: Blacephalon|50/100
|
|-fieldend|Misty Terrain
|upkeep
|turn|7
|
|t:|1659392628
|switch|p2a: Garchomp|Garchomp, F|100/100
|move|p1a: Blacephalon|Calm Mind|p1a: Blacephalon
|-boost|p1a: Blacephalon|spa|1
|-boost|p1a: Blacephalon|spd|1
|
|upkeep
|turn|8
|
|t:|1659392633
|move|p1a: Blacephalon|Shadow Ball|p2a: Garchomp
|-damage|p2a: Garchomp|53/100
|move|p2a: Garchomp|Earthquake|p1a: Blacephalon
|-supereffective|p1a: Blacephalon
|-damage|p1a: Blacephalon|0 fnt
|faint|p1a: Blacephalon
|
|-heal|p2a: Garchomp|59/100|[from] item: Leftovers
|upkeep
|
|t:|1659392649
|switch|p1a: Ninetales|Ninetales-Alola, F|100/100
|-weather|Hail|[from] ability: Snow Warning|[of] p1a: Ninetales
|turn|9
|
|t:|1659392651
|switch|p2a: Slowking|Slowking-Galar, M|100/100
|move|p1a: Ninetales|Aurora Veil|p1a: Ninetales
|-sidestart|p1: Pinks1ip|move: Aurora Veil
|
|-weather|Hail|[upkeep]
|-damage|p2a: Slowking|94/100|[from] Hail
|upkeep
|turn|10
|
|t:|1659392656
|move|p1a: Ninetales|Freeze-Dry|p2a: Slowking
|-damage|p2a: Slowking|82/100
|-status|p2a: Slowking|frz
|cant|p2a: Slowking|frz
|
|-weather|Hail|[upkeep]
|-damage|p2a: Slowking|76/100 frz|[from] Hail
|upkeep
|turn|11
|
|t:|1659392660
|switch|p1a: Garchomp|Garchomp, M|82/100
|-curestatus|p2a: Slowking|frz|[from] move: Scald
|move|p2a: Slowking|Scald|p1a: Garchomp
|-damage|p1a: Garchomp|70/100
|
|-weather|Hail|[upkeep]
|-damage|p1a: Garchomp|64/100|[from] Hail
|-damage|p2a: Slowking|70/100|[from] Hail
|upkeep
|turn|12
|
|t:|1659392663
|switch|p2a: Buzzwole|Buzzwole, shiny|100/100
|move|p1a: Garchomp|Swords Dance|p1a: Garchomp
|-boost|p1a: Garchomp|atk|2
|
|-weather|Hail|[upkeep]
|-damage|p1a: Garchomp|58/100|[from] Hail
|-damage|p2a: Buzzwole|94/100|[from] Hail
|upkeep
|turn|13
|
|t:|1659392672
|move|p1a: Garchomp|Fire Fang|p2a: Buzzwole
|-supereffective|p2a: Buzzwole
|-damage|p2a: Buzzwole|34/100
|-damage|p1a: Garchomp|41/100|[from] item: Rocky Helmet|[of] p2a: Buzzwole
|move|p2a: Buzzwole|Ice Punch|p1a: Garchomp
|-supereffective|p1a: Garchomp
|-enditem|p1a: Garchomp|Yache Berry|[eat]
|-enditem|p1a: Garchomp|Yache Berry|[weaken]
|-damage|p1a: Garchomp|13/100
|-damage|p2a: Buzzwole|22/100|[from] ability: Rough Skin|[of] p1a: Garchomp
|
|-weather|none
|upkeep
|turn|14
|
|t:|1659392676
|move|p1a: Garchomp|Earthquake|p2a: Buzzwole
|-resisted|p2a: Buzzwole
|-damage|p2a: Buzzwole|0 fnt
|faint|p2a: Buzzwole
|
|upkeep
|
|t:|1659392679
|switch|p2a: Weavile|Weavile, M|100/100
|-ability|p2a: Weavile|Pressure
|turn|15
|
|t:|1659392690
|switch|p1a: Tapu Fini|Tapu Fini|50/100
|-fieldstart|move: Misty Terrain|[from] ability: Misty Surge|[of] p1a: Tapu Fini
|move|p2a: Weavile|Knock Off|p1a: Tapu Fini
|-resisted|p1a: Tapu Fini
|-damage|p1a: Tapu Fini|41/100
|-enditem|p1a: Tapu Fini|Leftovers|[from] move: Knock Off|[of] p2a: Weavile
|
|upkeep
|turn|16
|
|t:|1659392693
|switch|p2a: Slowking|Slowking-Galar, M|100/100
|move|p1a: Tapu Fini|Whirlpool|p2a: Slowking
|-damage|p2a: Slowking|95/100
|-activate|p2a: Slowking|move: Whirlpool|[of] p1a: Tapu Fini
|
|-damage|p2a: Slowking|82/100|[from] move: Whirlpool|[partiallytrapped]
|-sideend|p1: Pinks1ip|move: Aurora Veil
|upkeep
|turn|17
|
|t:|1659392699
|move|p1a: Tapu Fini|Nature's Madness|p2a: Slowking
|-damage|p2a: Slowking|42/100
|move|p2a: Slowking|Future Sight|p1a: Tapu Fini
|-start|p2a: Slowking|move: Future Sight
|
|-damage|p2a: Slowking|29/100|[from] move: Whirlpool|[partiallytrapped]
|upkeep
|turn|18
|
|t:|1659392706
|move|p1a: Tapu Fini|Nature's Madness|p2a: Slowking|[miss]
|-miss|p1a: Tapu Fini|p2a: Slowking
|move|p2a: Slowking|Sludge Bomb|p1a: Tapu Fini
|-supereffective|p1a: Tapu Fini
|-damage|p1a: Tapu Fini|0 fnt
|faint|p1a: Tapu Fini
|
|-end|p2a: Slowking|Whirlpool|[partiallytrapped]|[silent]
|upkeep
|
|t:|1659392710
|switch|p1a: Heatran|Heatran, F|100/100
|-item|p1a: Heatran|Air Balloon
|turn|19
|
|t:|1659392723
|switch|p2a: Urshifu|Urshifu-Rapid-Strike, M|100/100
|move|p1a: Heatran|Magma Storm|p2a: Urshifu
|-resisted|p2a: Urshifu
|-damage|p2a: Urshifu|69/100
|-activate|p2a: Urshifu|move: Magma Storm|[of] p1a: Heatran
|
|-end|p1a: Heatran|move: Future Sight
|-resisted|p1a: Heatran
|-damage|p1a: Heatran|86/100
|-enditem|p1a: Heatran|Air Balloon
|-damage|p2a: Urshifu|56/100|[from] move: Magma Storm|[partiallytrapped]
|-fieldend|Misty Terrain
|upkeep
|turn|20
|
|t:|1659392741
|switch|p1a: Ninetales|Ninetales-Alola, F|100/100
|-weather|Hail|[from] ability: Snow Warning|[of] p1a: Ninetales
|move|p2a: Urshifu|U-turn|p1a: Ninetales
|-resisted|p1a: Ninetales
|-damage|p1a: Ninetales|71/100
|
|t:|1659392745
|switch|p2a: Slowking|Slowking-Galar, M|62/100|[from]move: U-turn
|
|-weather|Hail|[upkeep]
|-damage|p2a: Slowking|56/100|[from] Hail
|upkeep
|turn|21
|
|t:|1659392750
|move|p1a: Ninetales|Aurora Veil|p1a: Ninetales
|-sidestart|p1: Pinks1ip|move: Aurora Veil
|move|p2a: Slowking|Future Sight|p1a: Ninetales
|-start|p2a: Slowking|move: Future Sight
|
|-weather|Hail|[upkeep]
|-damage|p2a: Slowking|50/100|[from] Hail
|upkeep
|turn|22
|
|t:|1659392766
|switch|p1a: Heatran|Heatran, F|86/100
|move|p2a: Slowking|Scald|p1a: Heatran
|-supereffective|p1a: Heatran
|-damage|p1a: Heatran|72/100
|
|-weather|Hail|[upkeep]
|-damage|p1a: Heatran|66/100|[from] Hail
|-damage|p2a: Slowking|44/100|[from] Hail
|upkeep
|turn|23
|
|t:|1659392769
|switch|p2a: Garchomp|Garchomp, F|59/100
|move|p1a: Heatran|Magma Storm|p2a: Garchomp|[miss]
|-miss|p1a: Heatran|p2a: Garchomp
|
|-weather|Hail|[upkeep]
|-damage|p2a: Garchomp|53/100|[from] Hail
|-damage|p1a: Heatran|60/100|[from] Hail
|-end|p1a: Heatran|move: Future Sight
|-resisted|p1a: Heatran
|-damage|p1a: Heatran|52/100
|-heal|p2a: Garchomp|59/100|[from] item: Leftovers
|upkeep
|turn|24
|
|t:|1659392773
|switch|p1a: Kartana|Kartana|100/100
|move|p2a: Garchomp|Stealth Rock|p1a: Kartana
|-sidestart|p1: Pinks1ip|move: Stealth Rock
|
|-weather|none
|-heal|p2a: Garchomp|65/100|[from] item: Leftovers
|upkeep
|turn|25
|
|t:|1659392779
|switch|p2a: Corviknight|Corviknight, M|100/100
|-ability|p2a: Corviknight|Pressure
|move|p1a: Kartana|Knock Off|p2a: Corviknight
|-damage|p2a: Corviknight|68/100
|-enditem|p2a: Corviknight|Leftovers|[from] move: Knock Off|[of] p1a: Kartana
|
|upkeep
|turn|26
|
|t:|1659392788
|switch|p1a: Garchomp|Garchomp, M|13/100
|-damage|p1a: Garchomp|7/100|[from] Stealth Rock
|move|p2a: Corviknight|Defog|p1a: Garchomp
|-unboost|p1a: Garchomp|evasion|1
|-sideend|p1: Pinks1ip|move: Aurora Veil
|-sideend|p1: Pinks1ip|Stealth Rock|[from] move: Defog|[of] p2a: Corviknight
|
|upkeep
|turn|27
|
|t:|1659392795
|move|p1a: Garchomp|Fire Fang|p2a: Corviknight
|-supereffective|p2a: Corviknight
|-damage|p2a: Corviknight|35/100
|move|p2a: Corviknight|Roost|p2a: Corviknight
|-heal|p2a: Corviknight|85/100
|-singleturn|p2a: Corviknight|move: Roost
|
|upkeep
|turn|28
|
|t:|1659392801
|switch|p1a: Kartana|Kartana|100/100
|switch|p2a: Garchomp|Garchomp, F|65/100
|
|-heal|p2a: Garchomp|72/100|[from] item: Leftovers
|upkeep
|turn|29
|
|t:|1659392807
|switch|p2a: Corviknight|Corviknight, M|85/100
|-ability|p2a: Corviknight|Pressure
|move|p1a: Kartana|Knock Off|p2a: Corviknight
|-damage|p2a: Corviknight|65/100
|
|upkeep
|turn|30
|
|t:|1659392813
|switch|p1a: Heatran|Heatran, F|52/100
|move|p2a: Corviknight|Roost|p2a: Corviknight
|-heal|p2a: Corviknight|100/100
|-singleturn|p2a: Corviknight|move: Roost
|
|upkeep
|turn|31
|
|t:|1659392818
|switch|p2a: Garchomp|Garchomp, F|72/100
|move|p1a: Heatran|Taunt|p2a: Garchomp
|-start|p2a: Garchomp|move: Taunt
|
|-heal|p2a: Garchomp|78/100|[from] item: Leftovers
|upkeep
|turn|32
|
|t:|1659392821
|switch|p1a: Ninetales|Ninetales-Alola, F|71/100
|-weather|Hail|[from] ability: Snow Warning|[of] p1a: Ninetales
|move|p2a: Garchomp|Earthquake|p1a: Ninetales
|-damage|p1a: Ninetales|9/100
|
|-weather|Hail|[upkeep]
|-damage|p2a: Garchomp|72/100|[from] Hail
|-heal|p2a: Garchomp|78/100|[from] item: Leftovers
|upkeep
|turn|33
|
|t:|1659392829
|switch|p2a: Slowking|Slowking-Galar, M|77/100
|move|p1a: Ninetales|Aurora Veil|p1a: Ninetales
|-sidestart|p1: Pinks1ip|move: Aurora Veil
|
|-weather|Hail|[upkeep]
|-damage|p2a: Slowking|71/100|[from] Hail
|upkeep
|turn|34
|
|t:|1659392831
|switch|p1a: Heatran|Heatran, F|52/100
|move|p2a: Slowking|Future Sight|p1a: Heatran
|-start|p2a: Slowking|move: Future Sight
|
|-weather|Hail|[upkeep]
|-damage|p1a: Heatran|46/100|[from] Hail
|-damage|p2a: Slowking|65/100|[from] Hail
|upkeep
|turn|35
|
|t:|1659392834
|switch|p2a: Garchomp|Garchomp, F|78/100
|move|p1a: Heatran|Magma Storm|p2a: Garchomp|[miss]
|-miss|p1a: Heatran|p2a: Garchomp
|
|-weather|Hail|[upkeep]
|-damage|p2a: Garchomp|72/100|[from] Hail
|-damage|p1a: Heatran|39/100|[from] Hail
|-heal|p2a: Garchomp|78/100|[from] item: Leftovers
|upkeep
|turn|36
|
|t:|1659392838
|move|p2a: Garchomp|Stealth Rock|p1a: Heatran
|-sidestart|p1: Pinks1ip|move: Stealth Rock
|move|p1a: Heatran|Taunt|p2a: Garchomp
|-start|p2a: Garchomp|move: Taunt
|
|-weather|none
|-end|p1a: Heatran|move: Future Sight
|-resisted|p1a: Heatran
|-damage|p1a: Heatran|32/100
|-heal|p2a: Garchomp|84/100|[from] item: Leftovers
|upkeep
|turn|37
|
|t:|1659392843
|switch|p1a: Kartana|Kartana|100/100
|-damage|p1a: Kartana|94/100|[from] Stealth Rock
|move|p2a: Garchomp|Earthquake|p1a: Kartana
|-damage|p1a: Kartana|70/100
|
|-heal|p2a: Garchomp|90/100|[from] item: Leftovers
|upkeep
|turn|38
|-message|Pinks1ip forfeited.
|
|win|BAMT
|raw|Pinks1ip's rating: 1591 &rarr; <strong>1573</strong><br />(-18 for losing)
|raw|BAMT's rating: 1623 &rarr; <strong>1641</strong><br />(+18 for winning)
|l|☆Pinks1ip
