|j|☆Darkortex
|j|☆knexhawk2
|t:|1651040923
|gametype|singles
|player|p1|Darkortex|hilbert|1848
|player|p2|knexhawk2|benga|1785
|teamsize|p1|6
|teamsize|p2|6
|gen|8
|tier|[Gen 8] OU
|rated|
|rule|Sleep Clause Mod: Limit one foe put to sleep
|rule|Species Clause: Limit one of each Pokémon
|rule|OHKO Clause: OHKO moves are banned
|rule|Evasion Moves Clause: Evasion moves are banned
|rule|Endless Battle Clause: Forcing endless battles is banned
|rule|HP Percentage Mod: HP is shown in percentages
|rule|Dynamax Clause: You cannot dynamax
|clearpoke
|poke|p1|Torkoal, F|
|poke|p1|Venusaur, F|
|poke|p1|Heatran, M|
|poke|p1|Mandibuzz, F|
|poke|p1|Swampert, F|
|poke|p1|Dragapult, M|
|poke|p2|Togekiss, F|
|poke|p2|Gastrodon-East, M|
|poke|p2|Dragonite, F|
|poke|p2|Volcarona, F|
|poke|p2|Ferrothorn, F|
|poke|p2|Magnezone|
|teampreview
|inactive|Battle timer is ON: inactive players will automatically lose when time's up. (requested by knexhawk2)
|inactive|Darkortex also wants the timer to be on.
|
|t:|1651040941
|start
|switch|p1a: Torkoal|Torkoal, F|100/100
|switch|p2a: spikey|Ferrothorn, F|100/100
|-weather|SunnyDay|[from] ability: Drought|[of] p1a: Torkoal
|turn|1
|
|t:|1651040948
|move|p1a: Torkoal|Toxic|p2a: spikey
|-immune|p2a: spikey
|move|p2a: spikey|Stealth Rock|p1a: Torkoal
|-sidestart|p1: Darkortex|move: Stealth Rock
|
|-weather|SunnyDay|[upkeep]
|upkeep
|turn|2
|
|t:|1651040951
|move|p1a: Torkoal|Lava Plume|p2a: spikey
|-supereffective|p2a: spikey
|-damage|p2a: spikey|0 fnt
|faint|p2a: spikey
|
|-weather|SunnyDay|[upkeep]
|upkeep
|
|t:|1651040953
|switch|p2a: annoying|Togekiss, F|100/100
|turn|3
|j| Cybil
|c|☆Darkortex|smh
|
|t:|1651040959
|switch|p1a: Swampert|Swampert, F|100/100
|-damage|p1a: Swampert|94/100|[from] Stealth Rock
|move|p2a: annoying|Air Slash|p1a: Swampert
|-damage|p1a: Swampert|72/100
|
|-weather|SunnyDay|[upkeep]
|-heal|p1a: Swampert|78/100|[from] item: Leftovers
|upkeep
|turn|4
|c|☆knexhawk2|Gottom
|j| DrJoeBroni
|
|t:|1651040964
|move|p2a: annoying|Air Slash|p1a: Swampert
|-damage|p1a: Swampert|54/100
|cant|p1a: Swampert|flinch
|
|-weather|SunnyDay|[upkeep]
|-heal|p1a: Swampert|60/100|[from] item: Leftovers
|upkeep
|turn|5
|
|t:|1651040969
|move|p2a: annoying|Air Slash|p1a: Swampert
|-damage|p1a: Swampert|37/100
|move|p1a: Swampert|Flip Turn|p2a: annoying
|-damage|p2a: annoying|89/100
|
|t:|1651040973
|switch|p1a: Heatran|Heatran, M|100/100|[from]move: Flip Turn
|-damage|p1a: Heatran|88/100|[from] Stealth Rock
|
|-weather|SunnyDay|[upkeep]
|upkeep
|turn|6
|
|t:|1651040976
|switch|p2a: the funny|Dragonite, F|100/100
|move|p1a: Heatran|Eruption|p2a: the funny
|-resisted|p2a: the funny
|-damage|p2a: the funny|65/100
|
|-weather|SunnyDay|[upkeep]
|upkeep
|turn|7
|
|t:|1651040980
|switch|p2a: blue > pink|Gastrodon-East, M|100/100
|move|p1a: Heatran|Eruption|p2a: blue > pink
|-resisted|p2a: blue > pink
|-damage|p2a: blue > pink|39/100
|
|-weather|SunnyDay|[upkeep]
|-heal|p2a: blue > pink|45/100|[from] item: Leftovers
|upkeep
|turn|8
|
|t:|1651040983
|switch|p2a: electric dugtrio|Magnezone|100/100
|move|p1a: Heatran|Eruption|p2a: electric dugtrio
|-supereffective|p2a: electric dugtrio
|-damage|p2a: electric dugtrio|0 fnt
|faint|p2a: electric dugtrio
|
|-weather|none
|upkeep
|
|t:|1651040985
|switch|p2a: the funny|Dragonite, F|65/100
|turn|9
|
|t:|1651040991
|switch|p1a: Mandibuzz|Mandibuzz, F|100/100
|move|p2a: the funny|Dragon Dance|p2a: the funny
|-boost|p2a: the funny|atk|1
|-boost|p2a: the funny|spe|1
|
|upkeep
|turn|10
|
|t:|1651040999
|move|p2a: the funny|Dual Wingbeat|p1a: Mandibuzz
|-damage|p1a: Mandibuzz|83/100
|-damage|p1a: Mandibuzz|64/100
|-hitcount|p1a: Mandibuzz|2
|move|p1a: Mandibuzz|Foul Play|p2a: the funny
|-damage|p2a: the funny|20/100
|
|upkeep
|turn|11
|
|t:|1651041005
|move|p2a: the funny|Roost|p2a: the funny
|-heal|p2a: the funny|70/100
|-singleturn|p2a: the funny|move: Roost
|move|p1a: Mandibuzz|Defog|p2a: the funny
|-unboost|p2a: the funny|evasion|1
|-sideend|p1: Darkortex|Stealth Rock|[from] move: Defog|[of] p1a: Mandibuzz
|
|upkeep
|turn|12
|
|t:|1651041010
|move|p2a: the funny|Dual Wingbeat|p1a: Mandibuzz
|-damage|p1a: Mandibuzz|47/100
|-damage|p1a: Mandibuzz|28/100
|-hitcount|p1a: Mandibuzz|2
|move|p1a: Mandibuzz|Foul Play|p2a: the funny
|-damage|p2a: the funny|21/100
|
|upkeep
|turn|13
|
|t:|1651041020
|move|p2a: the funny|Dual Wingbeat|p1a: Mandibuzz
|-damage|p1a: Mandibuzz|11/100
|-damage|p1a: Mandibuzz|0 fnt
|faint|p1a: Mandibuzz
|-hitcount|p1: Mandibuzz|2
|
|upkeep
|
|t:|1651041021
|switch|p1a: Dragapult|Dragapult, M|100/100
|turn|14
|
|t:|1651041026
|switch|p2a: annoying|Togekiss, F|89/100
|move|p1a: Dragapult|Dragon Darts|p2a: annoying
|-immune|p2a: annoying
|
|upkeep
|turn|15
|
|t:|1651041029
|switch|p1a: Torkoal|Torkoal, F|100/100
|-weather|SunnyDay|[from] ability: Drought|[of] p1a: Torkoal
|move|p2a: annoying|Thunder Wave|p1a: Torkoal
|-status|p1a: Torkoal|par
|
|-weather|SunnyDay|[upkeep]
|upkeep
|turn|16
|
|t:|1651041035
|switch|p2a: the funny|Dragonite, F|21/100
|switch|p1a: Swampert|Swampert, F|37/100
|
|-weather|SunnyDay|[upkeep]
|-heal|p1a: Swampert|43/100|[from] item: Leftovers
|upkeep
|turn|17
|
|t:|1651041040
|move|p2a: the funny|Dragon Dance|p2a: the funny
|-boost|p2a: the funny|atk|1
|-boost|p2a: the funny|spe|1
|move|p1a: Swampert|Flip Turn|p2a: the funny
|-resisted|p2a: the funny
|-damage|p2a: the funny|17/100
|
|t:|1651041042
|switch|p1a: Venusaur|Venusaur, F|100/100|[from]move: Flip Turn
|
|-weather|SunnyDay|[upkeep]
|upkeep
|turn|18
|
|t:|1651041049
|switch|p2a: trollarona|Volcarona, F|100/100
|move|p1a: Venusaur|Weather Ball|p2a: trollarona
|-damage|p2a: trollarona|47/100
|-damage|p1a: Venusaur|91/100|[from] item: Life Orb
|
|-weather|SunnyDay|[upkeep]
|upkeep
|turn|19
|
|t:|1651041054
|switch|p2a: blue > pink|Gastrodon-East, M|45/100
|move|p1a: Venusaur|Weather Ball|p2a: blue > pink
|-resisted|p2a: blue > pink
|-damage|p2a: blue > pink|17/100
|-damage|p1a: Venusaur|81/100|[from] item: Life Orb
|
|-weather|SunnyDay|[upkeep]
|-heal|p2a: blue > pink|23/100|[from] item: Leftovers
|upkeep
|turn|20
|
|t:|1651041058
|move|p1a: Venusaur|Giga Drain|p2a: blue > pink
|-supereffective|p2a: blue > pink
|-damage|p2a: blue > pink|0 fnt
|-heal|p1a: Venusaur|97/100|[from] drain|[of] p2a: blue > pink
|faint|p2a: blue > pink
|-damage|p1a: Venusaur|87/100|[from] item: Life Orb
|
|-weather|SunnyDay|[upkeep]
|upkeep
|
|t:|1651041060
|switch|p2a: annoying|Togekiss, F|89/100
|turn|21
|
|t:|1651041064
|switch|p1a: Swampert|Swampert, F|43/100
|move|p2a: annoying|Air Slash|p1a: Swampert
|-damage|p1a: Swampert|18/100
|
|-weather|SunnyDay|[upkeep]
|-heal|p1a: Swampert|24/100|[from] item: Leftovers
|upkeep
|turn|22
|
|t:|1651041070
|move|p1a: Swampert|Protect|p1a: Swampert
|-singleturn|p1a: Swampert|Protect
|move|p2a: annoying|Air Slash|p1a: Swampert
|-activate|p1a: Swampert|move: Protect
|
|-weather|none
|-heal|p1a: Swampert|30/100|[from] item: Leftovers
|upkeep
|turn|23
|
|t:|1651041072
|move|p2a: annoying|Air Slash|p1a: Swampert
|-damage|p1a: Swampert|7/100
|cant|p1a: Swampert|flinch
|
|-heal|p1a: Swampert|14/100|[from] item: Leftovers
|upkeep
|turn|24
|
|t:|1651041076
|switch|p1a: Torkoal|Torkoal, F|100/100 par
|-weather|SunnyDay|[from] ability: Drought|[of] p1a: Torkoal
|move|p2a: annoying|Air Slash|p1a: Torkoal
|-damage|p1a: Torkoal|60/100 par
|
|-weather|SunnyDay|[upkeep]
|upkeep
|turn|25
|
|t:|1651041079
|switch|p1a: Swampert|Swampert, F|14/100
|move|p2a: annoying|Air Slash|p1a: Swampert
|-damage|p1a: Swampert|0 fnt
|faint|p1a: Swampert
|
|-weather|SunnyDay|[upkeep]
|upkeep
|
|t:|1651041083
|switch|p1a: Heatran|Heatran, M|88/100
|turn|26
|-message|knexhawk2 forfeited.
|
|win|Darkortex
|raw|Darkortex's rating: 1848 &rarr; <strong>1864</strong><br />(+16 for winning)
|raw|knexhawk2's rating: 1785 &rarr; <strong>1769</strong><br />(-16 for losing)
|l|☆knexhawk2
|l| DrJoeBroni
