|j|☆James155
|j|☆ThedebatableReaper
|t:|1605111183
|player|p1|James155|striker|1748
|player|p2|ThedebatableReaper|steven|1723
|teamsize|p1|6
|teamsize|p2|6
|gametype|singles
|gen|8
|tier|[Gen 8] OU
|rated|
|clearpoke
|poke|p1|Landorus-Therian, M|
|poke|p1|Heatran, M|
|poke|p1|Rillaboom, M|
|poke|p1|Buzzwole|
|poke|p1|Tapu Fini|
|poke|p1|Spectrier|
|poke|p2|Latios, M|
|poke|p2|Urshifu-*, F|
|poke|p2|Heatran, F|
|poke|p2|Tapu Fini|
|poke|p2|Landorus-Therian, M|
|poke|p2|Zapdos|
|rule|Sleep Clause Mod: Limit one foe put to sleep
|rule|Species Clause: Limit one of each Pokémon
|rule|OHKO Clause: OHKO moves are banned
|rule|Evasion Moves Clause: Evasion moves are banned
|rule|Endless Battle Clause: Forcing endless battles is banned
|rule|HP Percentage Mod: HP is shown in percentages
|rule|Dynamax Clause: You cannot dynamax
|teampreview
|j| roltr
|j| Masterteam99
|
|t:|1605111252
|start
|switch|p1a: Landorus|Landorus-Therian, M|100/100
|switch|p2a: Landorus|Landorus-Therian, M|100/100
|-ability|p2a: Landorus|Intimidate|boost
|-unboost|p1a: Landorus|atk|1
|-ability|p1a: Landorus|Intimidate|boost
|-unboost|p2a: Landorus|atk|1
|turn|1
|j| Blablabluroblop
|j| Lawic
|
|t:|1605111266
|move|p2a: Landorus|Knock Off|p1a: Landorus
|-damage|p1a: Landorus|73/100
|-enditem|p1a: Landorus|Leftovers|[from] move: Knock Off|[of] p2a: Landorus
|move|p1a: Landorus|Knock Off|p2a: Landorus
|-damage|p2a: Landorus|73/100
|-enditem|p2a: Landorus|Choice Scarf|[from] move: Knock Off|[of] p1a: Landorus
|
|upkeep
|turn|2
|
|t:|1605111278
|switch|p2a: Tapu Fini|Tapu Fini, shiny|100/100
|-fieldstart|move: Misty Terrain|[from] ability: Misty Surge|[of] p2a: Tapu Fini
|move|p1a: Landorus|U-turn|p2a: Tapu Fini
|-resisted|p2a: Tapu Fini
|-damage|p2a: Tapu Fini|95/100
|
|t:|1605111282
|switch|p1a: Rillaboom|Rillaboom, M|100/100|[from]move: U-turn
|-fieldstart|move: Grassy Terrain|[from] ability: Grassy Surge|[of] p1a: Rillaboom
|
|-heal|p2a: Tapu Fini|100/100|[from] item: Leftovers
|upkeep
|turn|3
|
|t:|1605111291
|switch|p2a: Zapdos|Zapdos|100/100
|move|p1a: Rillaboom|Knock Off|p2a: Zapdos
|-damage|p2a: Zapdos|60/100
|-enditem|p2a: Zapdos|Heavy-Duty Boots|[from] move: Knock Off|[of] p1a: Rillaboom
|
|upkeep
|turn|4
|
|t:|1605111300
|switch|p1a: Heatran|Heatran, M|100/100
|move|p2a: Zapdos|Roost|p2a: Zapdos
|-heal|p2a: Zapdos|100/100
|-singleturn|p2a: Zapdos|move: Roost
|
|upkeep
|turn|5
|
|t:|1605111306
|move|p2a: Zapdos|Volt Switch|p1a: Heatran
|-damage|p1a: Heatran|81/100
|
|t:|1605111309
|switch|p2a: Tapu Fini|Tapu Fini, shiny|100/100|[from]move: Volt Switch
|-fieldstart|move: Misty Terrain|[from] ability: Misty Surge|[of] p2a: Tapu Fini
|move|p1a: Heatran|Stealth Rock|p2a: Tapu Fini
|-sidestart|p2: ThedebatableReaper|move: Stealth Rock
|
|-heal|p1a: Heatran|87/100|[from] item: Leftovers
|upkeep
|turn|6
|j| 20th century noob
|j| Provoked Frog
|
|t:|1605111321
|switch|p1a: Rillaboom|Rillaboom, M|100/100
|-fieldstart|move: Grassy Terrain|[from] ability: Grassy Surge|[of] p1a: Rillaboom
|move|p2a: Tapu Fini|Defog|p1a: Rillaboom
|-unboost|p1a: Rillaboom|evasion|1
|-sideend|p2: ThedebatableReaper|Stealth Rock|[from] move: Defog|[of] p2a: Tapu Fini
|-fieldend|move: Grassy Terrain
|
|upkeep
|turn|7
|j| tungulus
|
|t:|1605111328
|switch|p1a: Heatran|Heatran, M|87/100
|switch|p2a: Zapdos|Zapdos|100/100
|
|-heal|p1a: Heatran|94/100|[from] item: Leftovers
|upkeep
|turn|8
|
|t:|1605111340
|move|p2a: Zapdos|Volt Switch|p1a: Heatran
|-damage|p1a: Heatran|73/100
|
|t:|1605111344
|switch|p2a: Tapu Fini|Tapu Fini, shiny|100/100|[from]move: Volt Switch
|-fieldstart|move: Misty Terrain|[from] ability: Misty Surge|[of] p2a: Tapu Fini
|move|p1a: Heatran|Stealth Rock|p2a: Tapu Fini
|-sidestart|p2: ThedebatableReaper|move: Stealth Rock
|
|-heal|p1a: Heatran|79/100|[from] item: Leftovers
|upkeep
|turn|9
|
|t:|1605111357
|move|p2a: Tapu Fini|Defog|p1a: Heatran
|-unboost|p1a: Heatran|evasion|1
|-sideend|p2: ThedebatableReaper|Stealth Rock|[from] move: Defog|[of] p2a: Tapu Fini
|-fieldend|Misty Terrain
|move|p1a: Heatran|Toxic|p2a: Tapu Fini
|-status|p2a: Tapu Fini|tox
|
|-heal|p1a: Heatran|85/100|[from] item: Leftovers
|-damage|p2a: Tapu Fini|94/100 tox|[from] psn
|upkeep
|turn|10
|
|t:|1605111366
|move|p1a: Heatran|Stealth Rock|p2a: Tapu Fini
|-sidestart|p2: ThedebatableReaper|move: Stealth Rock
|move|p2a: Tapu Fini|Scald|p1a: Heatran
|-supereffective|p1a: Heatran
|-damage|p1a: Heatran|50/100
|
|-heal|p1a: Heatran|56/100|[from] item: Leftovers
|-heal|p2a: Tapu Fini|100/100 tox|[from] item: Leftovers
|-damage|p2a: Tapu Fini|88/100 tox|[from] psn
|upkeep
|turn|11
|c| Blablabluroblop|Oooooh 230 iq
|
|t:|1605111383
|switch|p1a: Rillaboom|Rillaboom, M|100/100
|-fieldstart|move: Grassy Terrain|[from] ability: Grassy Surge|[of] p1a: Rillaboom
|move|p2a: Tapu Fini|Defog|p1a: Rillaboom
|-unboost|p1a: Rillaboom|evasion|1
|-sideend|p2: ThedebatableReaper|Stealth Rock|[from] move: Defog|[of] p2a: Tapu Fini
|-fieldend|move: Grassy Terrain
|
|-heal|p2a: Tapu Fini|94/100 tox|[from] item: Leftovers
|-damage|p2a: Tapu Fini|76/100 tox|[from] psn
|upkeep
|turn|12
|
|t:|1605111398
|switch|p2a: Zapdos|Zapdos|100/100
|move|p1a: Rillaboom|U-turn|p2a: Zapdos
|-resisted|p2a: Zapdos
|-damage|p2a: Zapdos|87/100
|-status|p1a: Rillaboom|par|[from] ability: Static|[of] p2a: Zapdos
|
|t:|1605111399
|switch|p1a: Heatran|Heatran, M|56/100|[from]move: U-turn
|
|-heal|p1a: Heatran|63/100|[from] item: Leftovers
|upkeep
|turn|13
|l| Masterteam99
|
|t:|1605111408
|move|p2a: Zapdos|Volt Switch|p1a: Heatran
|-damage|p1a: Heatran|44/100
|
|t:|1605111418
|switch|p2a: Tapu Fini|Tapu Fini, shiny|76/100 tox|[from]move: Volt Switch
|-fieldstart|move: Misty Terrain|[from] ability: Misty Surge|[of] p2a: Tapu Fini
|move|p1a: Heatran|Stealth Rock|p2a: Tapu Fini
|-sidestart|p2: ThedebatableReaper|move: Stealth Rock
|
|-heal|p1a: Heatran|50/100|[from] item: Leftovers
|-heal|p2a: Tapu Fini|82/100 tox|[from] item: Leftovers
|-damage|p2a: Tapu Fini|76/100 tox|[from] psn
|upkeep
|turn|14
|c|☆James155|Man really hates rocks
|c|☆James155|lmfao
|l| Provoked Frog
|
|t:|1605111445
|move|p1a: Heatran|Magma Storm|p2a: Tapu Fini
|-resisted|p2a: Tapu Fini
|-damage|p2a: Tapu Fini|60/100 tox
|-activate|p2a: Tapu Fini|move: Magma Storm|[of] p1a: Heatran
|move|p2a: Tapu Fini|Defog|p1a: Heatran
|-unboost|p1a: Heatran|evasion|1
|-sideend|p2: ThedebatableReaper|Stealth Rock|[from] move: Defog|[of] p2a: Tapu Fini
|-fieldend|Misty Terrain
|
|-heal|p1a: Heatran|56/100|[from] item: Leftovers
|-heal|p2a: Tapu Fini|66/100 tox|[from] item: Leftovers
|-damage|p2a: Tapu Fini|54/100 tox|[from] psn
|-damage|p2a: Tapu Fini|42/100 tox|[from] move: Magma Storm|[partiallytrapped]
|upkeep
|turn|15
|
|t:|1605111461
|switch|p1a: Tapu Fini|Tapu Fini|100/100
|-fieldstart|move: Misty Terrain|[from] ability: Misty Surge|[of] p1a: Tapu Fini
|move|p2a: Tapu Fini|Scald|p1a: Tapu Fini
|-resisted|p1a: Tapu Fini
|-damage|p1a: Tapu Fini|90/100
|
|-heal|p1a: Tapu Fini|96/100|[from] item: Leftovers
|-heal|p2a: Tapu Fini|48/100 tox|[from] item: Leftovers
|-damage|p2a: Tapu Fini|30/100 tox|[from] psn
|-end|p2a: Tapu Fini|Magma Storm|[partiallytrapped]|[silent]
|upkeep
|turn|16
|
|t:|1605111475
|switch|p1a: Heatran|Heatran, M|56/100
|switch|p2a: Zapdos|Zapdos|87/100
|
|-heal|p1a: Heatran|63/100|[from] item: Leftovers
|upkeep
|turn|17
|c|☆James155|I want my rocks
|
|t:|1605111501
|move|p2a: Zapdos|Volt Switch|p1a: Heatran
|-damage|p1a: Heatran|45/100
|
|t:|1605111508
|switch|p2a: Landorus|Landorus-Therian, M|73/100|[from]move: Volt Switch
|-ability|p2a: Landorus|Intimidate|boost
|-unboost|p1a: Heatran|atk|1
|move|p1a: Heatran|Stealth Rock|p2a: Landorus
|-sidestart|p2: ThedebatableReaper|move: Stealth Rock
|
|-heal|p1a: Heatran|51/100|[from] item: Leftovers
|upkeep
|turn|18
|
|t:|1605111516
|switch|p1a: Buzzwole|Buzzwole|100/100
|move|p2a: Landorus|U-turn|p1a: Buzzwole
|-resisted|p1a: Buzzwole
|-damage|p1a: Buzzwole|94/100
|-damage|p2a: Landorus|57/100|[from] item: Rocky Helmet|[of] p1a: Buzzwole
|
|t:|1605111523
|switch|p2a: Tapu Fini|Tapu Fini, shiny|30/100 tox|[from]move: U-turn
|-damage|p2a: Tapu Fini|17/100 tox|[from] Stealth Rock
|
|-heal|p2a: Tapu Fini|24/100 tox|[from] item: Leftovers
|-damage|p2a: Tapu Fini|17/100 tox|[from] psn
|upkeep
|turn|19
|c| Blablabluroblop|Ahahah
|
|t:|1605111547
|switch|p1a: Spectrier|Spectrier|100/100
|move|p2a: Tapu Fini|Defog|p1a: Spectrier
|-unboost|p1a: Spectrier|evasion|1
|-sideend|p2: ThedebatableReaper|Stealth Rock|[from] move: Defog|[of] p2a: Tapu Fini
|-fieldend|Misty Terrain
|
|-heal|p2a: Tapu Fini|24/100 tox|[from] item: Leftovers
|-damage|p2a: Tapu Fini|11/100 tox|[from] psn
|upkeep
|turn|20
|l| roltr
|c|☆James155|This fini is goin down
|c|☆James155|and I’m getting my rocks
|
|t:|1605111585
|move|p1a: Spectrier|Mud Shot|p2a: Tapu Fini
|-damage|p2a: Tapu Fini|0 fnt
|faint|p2a: Tapu Fini
|-ability|p1a: Spectrier|Grim Neigh|boost
|-boost|p1a: Spectrier|spa|1
|
|upkeep
|
|t:|1605111593
|switch|p2a: Latios|Latios, M|100/100
|turn|21
|
|t:|1605111602
|switch|p1a: Tapu Fini|Tapu Fini|96/100
|-fieldstart|move: Misty Terrain|[from] ability: Misty Surge|[of] p1a: Tapu Fini
|move|p2a: Latios|Psychic|p1a: Tapu Fini
|-damage|p1a: Tapu Fini|39/100
|
|-heal|p1a: Tapu Fini|45/100|[from] item: Leftovers
|upkeep
|turn|22
|c|☆James155|Specs
|c|☆James155|ow
|c| Blablabluroblop|Dont choke
|
|t:|1605111628
|switch|p2a: Landorus|Landorus-Therian, M|57/100
|-ability|p2a: Landorus|Intimidate|boost
|-unboost|p1a: Tapu Fini|atk|1
|switch|p1a: Rillaboom|Rillaboom, M|100/100 par
|-fieldstart|move: Grassy Terrain|[from] ability: Grassy Surge|[of] p1a: Rillaboom
|
|upkeep
|turn|23
|c|☆James155|I look like a god for no reason
|c|☆James155|but ok
|
|t:|1605111672
|move|p2a: Landorus|U-turn|p1a: Rillaboom
|-supereffective|p1a: Rillaboom
|-damage|p1a: Rillaboom|40/100 par
|
|t:|1605111676
|switch|p2a: Heatran|Heatran, F|100/100|[from]move: U-turn
|move|p1a: Rillaboom|U-turn|p2a: Heatran
|-resisted|p2a: Heatran
|-damage|p2a: Heatran|92/100
|
|t:|1605111681
|switch|p1a: Landorus|Landorus-Therian, M|73/100|[from]move: U-turn
|-ability|p1a: Landorus|Intimidate|boost
|-unboost|p2a: Heatran|atk|1
|
|-heal|p2a: Heatran|98/100|[from] item: Leftovers
|-heal|p2a: Heatran|100/100|[from] Grassy Terrain
|upkeep
|turn|24
|
|t:|1605111717
|move|p1a: Landorus|Knock Off|p2a: Heatran
|-damage|p2a: Heatran|71/100
|-enditem|p2a: Heatran|Leftovers|[from] move: Knock Off|[of] p1a: Landorus
|move|p2a: Heatran|Magma Storm|p1a: Landorus
|-damage|p1a: Landorus|15/100
|-activate|p1a: Landorus|move: Magma Storm|[of] p2a: Heatran
|
|-heal|p2a: Heatran|77/100|[from] Grassy Terrain
|-damage|p1a: Landorus|3/100|[from] move: Magma Storm|[partiallytrapped]
|upkeep
|turn|25
|
|t:|1605111727
|switch|p2a: Landorus|Landorus-Therian, M|57/100
|-ability|p2a: Landorus|Intimidate|boost
|-unboost|p1a: Landorus|atk|1
|move|p1a: Landorus|U-turn|p2a: Landorus
|-resisted|p2a: Landorus
|-damage|p2a: Landorus|47/100
|
|t:|1605111741
|switch|p1a: Spectrier|Spectrier|100/100|[from]move: U-turn
|
|upkeep
|turn|26
|
|t:|1605111748
|switch|p2a: Urshifu|Urshifu, F|100/100
|move|p1a: Spectrier|Shadow Ball|p2a: Urshifu
|-resisted|p2a: Urshifu
|-damage|p2a: Urshifu|61/100
|
|-heal|p2a: Urshifu|67/100|[from] Grassy Terrain
|-fieldend|move: Grassy Terrain
|upkeep
|turn|27
|
|t:|1605111756
|switch|p1a: Buzzwole|Buzzwole|94/100
|move|p2a: Urshifu|Wicked Blow|p1a: Buzzwole
|-resisted|p1a: Buzzwole
|-crit|p1a: Buzzwole
|-damage|p1a: Buzzwole|72/100
|-damage|p2a: Urshifu|51/100|[from] item: Rocky Helmet|[of] p1a: Buzzwole
|
|upkeep
|turn|28
|
|t:|1605111773
|switch|p2a: Zapdos|Zapdos|87/100
|switch|p1a: Heatran|Heatran, M|51/100
|
|-heal|p1a: Heatran|57/100|[from] item: Leftovers
|upkeep
|turn|29
|c|☆James155|Rocks
|
|t:|1605111782
|move|p2a: Zapdos|Volt Switch|p1a: Heatran
|-crit|p1a: Heatran
|-damage|p1a: Heatran|27/100
|
|t:|1605111787
|switch|p2a: Urshifu|Urshifu, F|51/100|[from]move: Volt Switch
|move|p1a: Heatran|Stealth Rock|p2a: Urshifu
|-sidestart|p2: ThedebatableReaper|move: Stealth Rock
|
|-heal|p1a: Heatran|33/100|[from] item: Leftovers
|upkeep
|turn|30
|
|t:|1605111793
|switch|p1a: Buzzwole|Buzzwole|72/100
|move|p2a: Urshifu|U-turn|p1a: Buzzwole
|-resisted|p1a: Buzzwole
|-damage|p1a: Buzzwole|63/100
|-damage|p2a: Urshifu|34/100|[from] item: Rocky Helmet|[of] p1a: Buzzwole
|
|t:|1605111799
|switch|p2a: Latios|Latios, M|100/100|[from]move: U-turn
|-damage|p2a: Latios|88/100|[from] Stealth Rock
|
|upkeep
|turn|31
|l| tungulus
|
|t:|1605111812
|switch|p1a: Landorus|Landorus-Therian, M|3/100
|-ability|p1a: Landorus|Intimidate|boost
|-unboost|p2a: Latios|atk|1
|move|p2a: Latios|Psychic|p1a: Landorus
|-damage|p1a: Landorus|0 fnt
|faint|p1a: Landorus
|
|upkeep
|
|t:|1605111814
|switch|p1a: Spectrier|Spectrier|100/100
|turn|32
|
|t:|1605111826
|switch|p2a: Landorus|Landorus-Therian, M|47/100
|-damage|p2a: Landorus|34/100|[from] Stealth Rock
|-ability|p2a: Landorus|Intimidate|boost
|-unboost|p1a: Spectrier|atk|1
|move|p1a: Spectrier|Shadow Ball|p2a: Landorus
|-damage|p2a: Landorus|0 fnt
|faint|p2a: Landorus
|-ability|p1a: Spectrier|Grim Neigh|boost
|-boost|p1a: Spectrier|spa|1
|
|upkeep
|
|t:|1605111836
|switch|p2a: Urshifu|Urshifu, F|34/100
|-damage|p2a: Urshifu|28/100|[from] Stealth Rock
|turn|33
|
|t:|1605111848
|switch|p1a: Buzzwole|Buzzwole|63/100
|switch|p2a: Latios|Latios, M|88/100
|-damage|p2a: Latios|76/100|[from] Stealth Rock
|
|upkeep
|turn|34
|
|t:|1605111862
|switch|p1a: Rillaboom|Rillaboom, M|40/100 par
|-fieldstart|move: Grassy Terrain|[from] ability: Grassy Surge|[of] p1a: Rillaboom
|move|p2a: Latios|Psychic|p1a: Rillaboom
|-damage|p1a: Rillaboom|0 fnt
|faint|p1a: Rillaboom
|
|upkeep
|
|t:|1605111863
|switch|p1a: Spectrier|Spectrier|100/100
|turn|35
|
|t:|1605111871
|switch|p2a: Heatran|Heatran, F|77/100
|-damage|p2a: Heatran|65/100|[from] Stealth Rock
|move|p1a: Spectrier|Shadow Ball|p2a: Heatran
|-damage|p2a: Heatran|30/100
|
|-heal|p2a: Heatran|36/100|[from] Grassy Terrain
|upkeep
|turn|36
|c|☆James155|Finna get the roll
|
|t:|1605111892
|move|p1a: Spectrier|Shadow Ball|p2a: Heatran
|-damage|p2a: Heatran|1/100
|move|p2a: Heatran|Stealth Rock|p1a: Spectrier
|-sidestart|p1: James155|move: Stealth Rock
|
|-heal|p2a: Heatran|7/100|[from] Grassy Terrain
|upkeep
|turn|37
|
|t:|1605111903
|move|p1a: Spectrier|Shadow Ball|p2a: Heatran
|-damage|p2a: Heatran|0 fnt
|faint|p2a: Heatran
|-ability|p1a: Spectrier|Grim Neigh|boost
|-boost|p1a: Spectrier|spa|1
|
|upkeep
|
|t:|1605111909
|switch|p2a: Urshifu|Urshifu, F|28/100
|-damage|p2a: Urshifu|22/100|[from] Stealth Rock
|turn|38
|
|t:|1605111914
|switch|p1a: Buzzwole|Buzzwole|63/100
|-damage|p1a: Buzzwole|51/100|[from] Stealth Rock
|move|p2a: Urshifu|Sucker Punch||[still]
|-fail|p2a: Urshifu
|
|-heal|p2a: Urshifu|28/100|[from] Grassy Terrain
|-heal|p1a: Buzzwole|57/100|[from] Grassy Terrain
|-fieldend|move: Grassy Terrain
|upkeep
|turn|39
|
|t:|1605111923
|switch|p2a: Zapdos|Zapdos|87/100
|-damage|p2a: Zapdos|62/100|[from] Stealth Rock
|move|p1a: Buzzwole|Ice Punch|p2a: Zapdos
|-supereffective|p2a: Zapdos
|-damage|p2a: Zapdos|28/100
|-status|p1a: Buzzwole|par|[from] ability: Static|[of] p2a: Zapdos
|
|upkeep
|turn|40
|
|t:|1605111965
|switch|p1a: Spectrier|Spectrier|100/100
|-damage|p1a: Spectrier|88/100|[from] Stealth Rock
|move|p2a: Zapdos|Volt Switch|p1a: Spectrier
|-damage|p1a: Spectrier|52/100
|
|t:|1605111971
|switch|p2a: Urshifu|Urshifu, F|28/100|[from]move: Volt Switch
|-damage|p2a: Urshifu|22/100|[from] Stealth Rock
|
|upkeep
|turn|41
|j| Devon
|
|t:|1605111990
|switch|p1a: Heatran|Heatran, M|33/100
|-damage|p1a: Heatran|21/100|[from] Stealth Rock
|switch|p2a: Latios|Latios, M|76/100
|-damage|p2a: Latios|64/100|[from] Stealth Rock
|
|-heal|p1a: Heatran|27/100|[from] item: Leftovers
|upkeep
|turn|42
|
|t:|1605112012
|move|p2a: Latios|Surf|p1a: Heatran
|-supereffective|p1a: Heatran
|-damage|p1a: Heatran|0 fnt
|faint|p1a: Heatran
|
|upkeep
|
|t:|1605112013
|switch|p1a: Spectrier|Spectrier|52/100
|-damage|p1a: Spectrier|40/100|[from] Stealth Rock
|turn|43
|
|t:|1605112019
|switch|p2a: Zapdos|Zapdos|28/100
|-damage|p2a: Zapdos|4/100|[from] Stealth Rock
|move|p1a: Spectrier|Shadow Ball|p2a: Zapdos
|-damage|p2a: Zapdos|0 fnt
|faint|p2a: Zapdos
|-ability|p1a: Spectrier|Grim Neigh|boost
|-boost|p1a: Spectrier|spa|1
|
|upkeep
|
|t:|1605112031
|switch|p2a: Urshifu|Urshifu, F|22/100
|-damage|p2a: Urshifu|16/100|[from] Stealth Rock
|turn|44
|
|t:|1605112039
|switch|p1a: Tapu Fini|Tapu Fini|45/100
|-damage|p1a: Tapu Fini|33/100|[from] Stealth Rock
|-fieldstart|move: Misty Terrain|[from] ability: Misty Surge|[of] p1a: Tapu Fini
|switch|p2a: Latios|Latios, M|64/100
|-damage|p2a: Latios|51/100|[from] Stealth Rock
|
|-heal|p1a: Tapu Fini|39/100|[from] item: Leftovers
|upkeep
|turn|45
|c|☆James155|gg
|
|t:|1605112050
|move|p2a: Latios|Psychic|p1a: Tapu Fini
|-damage|p1a: Tapu Fini|0 fnt
|faint|p1a: Tapu Fini
|
|upkeep
|
|t:|1605112052
|switch|p1a: Spectrier|Spectrier|40/100
|-damage|p1a: Spectrier|27/100|[from] Stealth Rock
|turn|46
|-message|ThedebatableReaper forfeited.
|
|win|James155
|l|☆ThedebatableReaper
|l| Devon
|c| Blablabluroblop|Gg
|l| Blablabluroblop
|l| 20th century noob
||Ladder (probably) updated, but score could not be retrieved (Request timeout).
