|j|☆Talon 5
|j|☆quixana
|t:|1665294061
|gametype|singles
|player|p1|Talon 5|blue|1696
|player|p2|quixana|ethan-pokeathlon|1776
|teamsize|p1|6
|teamsize|p2|6
|gen|8
|tier|[Gen 8] OU
|rated|
|rule|Sleep Clause Mod: Limit one foe put to sleep
|rule|Species Clause: Limit one of each Pokémon
|rule|OHKO Clause: OHKO moves are banned
|rule|Evasion Items Clause: Evasion items are banned
|rule|Evasion Moves Clause: Evasion moves are banned
|rule|Endless Battle Clause: Forcing endless battles is banned
|rule|HP Percentage Mod: HP is shown in percentages
|rule|Dynamax Clause: You cannot dynamax
|clearpoke
|poke|p1|Slowbro, M|
|poke|p1|Hatterene, F|
|poke|p1|Marowak-Alola, F|
|poke|p1|Ferrothorn, M|
|poke|p1|Garchomp, M|
|poke|p1|Drampa, M|
|poke|p2|Chansey, F|
|poke|p2|Corviknight, M|
|poke|p2|Hippowdon, M|
|poke|p2|Toxapex, F|
|poke|p2|Clefable, F|
|poke|p2|Tornadus-Therian, M|
|teampreview
|
|t:|1665294078
|start
|switch|p1a: Sharpo|Garchomp, M|100/100
|switch|p2a: Hippowdon|Hippowdon, M|100/100
|-weather|Sandstorm|[from] ability: Sand Stream|[of] p2a: Hippowdon
|turn|1
|
|t:|1665294085
|switch|p1a: Thorns|Ferrothorn, M|100/100
|switch|p2a: Corviknight|Corviknight, M|100/100
|-ability|p2a: Corviknight|Pressure
|
|-weather|Sandstorm|[upkeep]
|upkeep
|turn|2
|
|t:|1665294101
|switch|p2a: Toxapex|Toxapex, F|100/100
|move|p1a: Thorns|Stealth Rock|p2a: Toxapex
|-sidestart|p2: quixana|move: Stealth Rock
|
|-weather|Sandstorm|[upkeep]
|-damage|p2a: Toxapex|95/100|[from] Sandstorm
|upkeep
|turn|3
|
|t:|1665294109
|move|p2a: Toxapex|Knock Off|p1a: Thorns
|-damage|p1a: Thorns|90/100
|-damage|p2a: Toxapex|82/100|[from] ability: Iron Barbs|[of] p1a: Thorns
|-enditem|p1a: Thorns|Shed Shell|[from] move: Knock Off|[of] p2a: Toxapex
|move|p1a: Thorns|Leech Seed|p2a: Toxapex
|-start|p2a: Toxapex|move: Leech Seed
|
|-weather|Sandstorm|[upkeep]
|-damage|p2a: Toxapex|76/100|[from] Sandstorm
|-damage|p2a: Toxapex|64/100|[from] Leech Seed|[of] p1a: Thorns
|-heal|p1a: Thorns|99/100|[silent]
|upkeep
|turn|4
|
|t:|1665294127
|move|p2a: Toxapex|Light Screen|p2a: Toxapex
|-sidestart|p2: quixana|move: Light Screen
|move|p1a: Thorns|Power Whip|p2a: Toxapex
|-damage|p2a: Toxapex|40/100
|
|-weather|Sandstorm|[upkeep]
|-damage|p2a: Toxapex|34/100|[from] Sandstorm
|-damage|p2a: Toxapex|22/100|[from] Leech Seed|[of] p1a: Thorns
|-heal|p1a: Thorns|100/100|[silent]
|upkeep
|turn|5
|
|t:|1665294136
|switch|p2a: Corviknight|Corviknight, M|100/100
|-damage|p2a: Corviknight|88/100|[from] Stealth Rock
|-ability|p2a: Corviknight|Pressure
|switch|p1a: Billy B.|Marowak-Alola, F|100/100
|
|-weather|none
|-heal|p2a: Corviknight|94/100|[from] item: Leftovers
|upkeep
|turn|6
|
|t:|1665294147
|switch|p2a: Clefable|Clefable, F|100/100
|move|p1a: Billy B.|Substitute|p1a: Billy B.
|-start|p1a: Billy B.|Substitute
|-damage|p1a: Billy B.|76/100
|
|upkeep
|turn|7
|
|t:|1665294161
|switch|p2a: Hippowdon|Hippowdon, M|100/100
|-damage|p2a: Hippowdon|94/100|[from] Stealth Rock
|-weather|Sandstorm|[from] ability: Sand Stream|[of] p2a: Hippowdon
|move|p1a: Billy B.|Swords Dance|p1a: Billy B.
|-boost|p1a: Billy B.|atk|2
|
|-weather|Sandstorm|[upkeep]
|-damage|p1a: Billy B.|70/100|[from] Sandstorm
|-heal|p2a: Hippowdon|100/100|[from] item: Leftovers
|upkeep
|turn|8
|
|t:|1665294172
|move|p1a: Billy B.|Flare Blitz|p2a: Hippowdon
|-damage|p2a: Hippowdon|0 fnt
|faint|p2a: Hippowdon
|
|-weather|Sandstorm|[upkeep]
|-damage|p1a: Billy B.|64/100|[from] Sandstorm
|-sideend|p2: quixana|move: Light Screen
|upkeep
|
|t:|1665294176
|switch|p2a: Clefable|Clefable, F|100/100
|turn|9
|
|t:|1665294180
|move|p1a: Billy B.|Flare Blitz|p2a: Clefable
|-damage|p2a: Clefable|20/100
|move|p2a: Clefable|Moonblast|p1a: Billy B.
|-resisted|p1a: Billy B.
|-activate|p1a: Billy B.|move: Substitute|[damage]
|
|-weather|Sandstorm|[upkeep]
|-damage|p1a: Billy B.|57/100|[from] Sandstorm
|-damage|p2a: Clefable|13/100|[from] Sandstorm
|upkeep
|turn|10
|j| Rovecraetove
|-message|quixana forfeited.
|
|win|Talon 5
|raw|Talon 5's rating: 1696 &rarr; <strong>1721</strong><br />(+25 for winning)
|raw|quixana's rating: 1776 &rarr; <strong>1751</strong><br />(-25 for losing)
|l|☆quixana
