|j|☆cump2
|j|☆John690
|t:|1631383167
|gametype|singles
|player|p1|cump2|266|1316
|player|p2|John690|giovanni|1316
|teamsize|p1|6
|teamsize|p2|6
|gen|8
|tier|[Gen 8] OU
|rated|
|rule|Sleep Clause Mod: Limit one foe put to sleep
|rule|Species Clause: Limit one of each Pokémon
|rule|OHKO Clause: OHKO moves are banned
|rule|Evasion Moves Clause: Evasion moves are banned
|rule|Endless Battle Clause: Forcing endless battles is banned
|rule|HP Percentage Mod: HP is shown in percentages
|rule|Dynamax Clause: You cannot dynamax
|clearpoke
|poke|p1|Mew|
|poke|p1|Urshifu-*, M|
|poke|p1|Gengar, F|
|poke|p1|Landorus-Therian, M|
|poke|p1|Volcarona, F|
|poke|p1|Zapdos-Galar|
|poke|p2|Volcanion|
|poke|p2|Ninetales-Alola, F|
|poke|p2|Corviknight, F|
|poke|p2|Arctozolt|
|poke|p2|Landorus-Therian, M|
|poke|p2|Tornadus-Therian, M|
|teampreview
|
|t:|1631383182
|start
|switch|p1a: Landorus|Landorus-Therian, M|100/100
|switch|p2a: Landorus|Landorus-Therian, M|100/100
|-ability|p1a: Landorus|Intimidate|boost
|-unboost|p2a: Landorus|atk|1
|-ability|p2a: Landorus|Intimidate|boost
|-unboost|p1a: Landorus|atk|1
|turn|1
|
|t:|1631383186
|move|p1a: Landorus|Rock Polish|p1a: Landorus
|-boost|p1a: Landorus|spe|2
|move|p2a: Landorus|U-turn|p1a: Landorus
|-resisted|p1a: Landorus
|-damage|p1a: Landorus|92/100
|
|t:|1631383191
|switch|p2a: Ninetales|Ninetales-Alola, F|100/100|[from]move: U-turn
|-weather|Hail|[from] ability: Snow Warning|[of] p2a: Ninetales
|
|-weather|Hail|[upkeep]
|-damage|p1a: Landorus|86/100|[from] Hail
|-heal|p1a: Landorus|92/100|[from] item: Leftovers
|upkeep
|turn|2
|
|t:|1631383197
|move|p1a: Landorus|Swords Dance|p1a: Landorus
|-boost|p1a: Landorus|atk|2
|move|p2a: Ninetales|Freeze-Dry|p1a: Landorus
|-supereffective|p1a: Landorus
|-damage|p1a: Landorus|0 fnt
|faint|p1a: Landorus
|
|-weather|Hail|[upkeep]
|upkeep
|
|t:|1631383203
|switch|p1a: Volcarona|Volcarona, F, shiny|100/100
|turn|3
|
|t:|1631383206
|move|p2a: Ninetales|Encore||[still]
|-fail|p2a: Ninetales
|move|p1a: Volcarona|Quiver Dance|p1a: Volcarona
|-boost|p1a: Volcarona|spa|1
|-boost|p1a: Volcarona|spd|1
|-boost|p1a: Volcarona|spe|1
|
|-weather|Hail|[upkeep]
|-damage|p1a: Volcarona|94/100|[from] Hail
|upkeep
|turn|4
|
|t:|1631383211
|move|p1a: Volcarona|Flamethrower|p2a: Ninetales
|-supereffective|p2a: Ninetales
|-damage|p2a: Ninetales|0 fnt
|faint|p2a: Ninetales
|
|-weather|Hail|[upkeep]
|-damage|p1a: Volcarona|88/100|[from] Hail
|upkeep
|
|t:|1631383215
|switch|p2a: Tornadus|Tornadus-Therian, M|100/100
|turn|5
|
|t:|1631383220
|move|p1a: Volcarona|Flamethrower|p2a: Tornadus
|-damage|p2a: Tornadus|53/100
|move|p2a: Tornadus|Knock Off|p1a: Volcarona
|-damage|p1a: Volcarona|54/100
|-enditem|p1a: Volcarona|Heavy-Duty Boots|[from] move: Knock Off|[of] p2a: Tornadus
|
|-weather|Hail|[upkeep]
|-damage|p1a: Volcarona|48/100|[from] Hail
|-damage|p2a: Tornadus|47/100|[from] Hail
|upkeep
|turn|6
|
|t:|1631383229
|switch|p2a: Volcanion|Volcanion|100/100
|move|p1a: Volcarona|Flamethrower|p2a: Volcanion
|-resisted|p2a: Volcanion
|-damage|p2a: Volcanion|80/100
|
|-weather|Hail|[upkeep]
|-damage|p1a: Volcarona|42/100|[from] Hail
|-damage|p2a: Volcanion|74/100|[from] Hail
|upkeep
|turn|7
|
|t:|1631383233
|move|p1a: Volcarona|Psychic|p2a: Volcanion
|-damage|p2a: Volcanion|19/100
|move|p2a: Volcanion|Steam Eruption|p1a: Volcarona
|-supereffective|p1a: Volcarona
|-damage|p1a: Volcarona|0 fnt
|faint|p1a: Volcarona
|
|-weather|Hail|[upkeep]
|-damage|p2a: Volcanion|13/100|[from] Hail
|upkeep
|
|t:|1631383238
|switch|p1a: Mew|Mew, shiny|100/100
|turn|8
|
|t:|1631383241
|move|p1a: Mew|Stealth Rock|p2a: Volcanion
|-sidestart|p2: John690|move: Stealth Rock
|move|p2a: Volcanion|Steam Eruption|p1a: Mew
|-damage|p1a: Mew|27/100
|-enditem|p1a: Mew|Red Card|[of] p2a: Volcanion
|drag|p2a: Arctozolt|Arctozolt|100/100
|-damage|p2a: Arctozolt|76/100|[from] Stealth Rock
|
|-weather|none
|-heal|p2a: Arctozolt|82/100|[from] item: Leftovers
|upkeep
|turn|9
|
|t:|1631383250
|move|p1a: Mew|Spikes|p2a: Arctozolt
|-sidestart|p2: John690|Spikes
|move|p2a: Arctozolt|Bolt Beak|p1a: Mew
|-damage|p1a: Mew|0 fnt
|faint|p1a: Mew
|
|-heal|p2a: Arctozolt|88/100|[from] item: Leftovers
|upkeep
|
|t:|1631383253
|switch|p1a: Urshifu|Urshifu-Rapid-Strike, M, shiny|100/100
|turn|10
|
|t:|1631383256
|switch|p2a: Corviknight|Corviknight, F|100/100
|-damage|p2a: Corviknight|88/100|[from] Stealth Rock
|-ability|p2a: Corviknight|Pressure
|move|p1a: Urshifu|Close Combat|p2a: Corviknight
|-damage|p2a: Corviknight|34/100
|-unboost|p1a: Urshifu|def|1
|-unboost|p1a: Urshifu|spd|1
|-damage|p1a: Urshifu|84/100|[from] item: Rocky Helmet|[of] p2a: Corviknight
|
|upkeep
|turn|11
|
|t:|1631383266
|switch|p2a: Landorus|Landorus-Therian, M|100/100
|-damage|p2a: Landorus|88/100|[from] Stealth Rock
|-ability|p2a: Landorus|Intimidate|boost
|-unboost|p1a: Urshifu|atk|1
|move|p1a: Urshifu|Close Combat|p2a: Landorus
|-resisted|p2a: Landorus
|-damage|p2a: Landorus|60/100
|-unboost|p1a: Urshifu|def|1
|-unboost|p1a: Urshifu|spd|1
|
|-heal|p2a: Landorus|66/100|[from] item: Leftovers
|upkeep
|turn|12
|-message|cump2 forfeited.
|
|win|John690
|l|☆cump2
|raw|cump2's rating: 1316 &rarr; <strong>1296</strong><br />(-20 for losing)
|raw|John690's rating: 1317 &rarr; <strong>1337</strong><br />(+20 for winning)
