|j|☆pepsi
|j|☆DJ CRIB DEF
|t:|1653074057
|gametype|singles
|player|p1|pepsi|morty|1474
|player|p2|DJ CRIB DEF|cynthia-gen4|1468
|teamsize|p1|6
|teamsize|p2|6
|gen|8
|tier|[Gen 8] OU
|rated|
|rule|Sleep Clause Mod: Limit one foe put to sleep
|rule|Species Clause: Limit one of each Pokémon
|rule|OHKO Clause: OHKO moves are banned
|rule|Evasion Moves Clause: Evasion moves are banned
|rule|Endless Battle Clause: Forcing endless battles is banned
|rule|HP Percentage Mod: HP is shown in percentages
|rule|Dynamax Clause: You cannot dynamax
|clearpoke
|poke|p1|Nihilego|
|poke|p1|Zapdos-Galar|
|poke|p1|Kartana|
|poke|p1|Celesteela|
|poke|p1|Garchomp, M|
|poke|p1|Tapu Fini|
|poke|p2|Slowbro, M|
|poke|p2|Blacephalon|
|poke|p2|Landorus-Therian, M|
|poke|p2|Blissey, F|
|poke|p2|Buzzwole|
|poke|p2|Melmetal|
|teampreview
|inactive|Battle timer is ON: inactive players will automatically lose when time's up. (requested by DJ CRIB DEF)
|
|t:|1653074080
|start
|switch|p1a: Kartana|Kartana|100/100
|switch|p2a: Landorus|Landorus-Therian, M|100/100
|-ability|p2a: Landorus|Intimidate|boost
|-unboost|p1a: Kartana|atk|1
|turn|1
|
|t:|1653074085
|switch|p1a: Zapdos|Zapdos-Galar|100/100
|move|p2a: Landorus|Knock Off|p1a: Zapdos
|-resisted|p1a: Zapdos
|-damage|p1a: Zapdos|81/100
|-enditem|p1a: Zapdos|Choice Scarf|[from] move: Knock Off|[of] p2a: Landorus
|
|upkeep
|turn|2
|
|t:|1653074093
|switch|p2a: Slowbro|Slowbro, M|100/100
|move|p1a: Zapdos|Thunderous Kick|p2a: Slowbro
|-resisted|p2a: Slowbro
|-damage|p2a: Slowbro|79/100
|-unboost|p2a: Slowbro|def|1
|-damage|p1a: Zapdos|65/100|[from] item: Rocky Helmet|[of] p2a: Slowbro
|
|upkeep
|turn|3
|
|t:|1653074099
|move|p1a: Zapdos|U-turn|p2a: Slowbro
|-supereffective|p2a: Slowbro
|-damage|p2a: Slowbro|22/100
|-damage|p1a: Zapdos|48/100|[from] item: Rocky Helmet|[of] p2a: Slowbro
|
|t:|1653074103
|switch|p1a: Tapu Fini|Tapu Fini|100/100|[from]move: U-turn
|-fieldstart|move: Misty Terrain|[from] ability: Misty Surge|[of] p1a: Tapu Fini
|move|p2a: Slowbro|Future Sight|p1a: Tapu Fini
|-start|p2a: Slowbro|move: Future Sight
|
|upkeep
|turn|4
|
|t:|1653074115
|switch|p2a: Melmetal|Melmetal|100/100
|move|p1a: Tapu Fini|Scald|p2a: Melmetal
|-damage|p2a: Melmetal|71/100
|
|upkeep
|turn|5
|
|t:|1653074120
|switch|p1a: Celesteela|Celesteela|100/100
|move|p2a: Melmetal|Thunder Punch|p1a: Celesteela
|-supereffective|p1a: Celesteela
|-damage|p1a: Celesteela|0 fnt
|faint|p1a: Celesteela
|
|-hint|Future Sight did not hit because the target is fainted.
|upkeep
|
|t:|1653074124
|switch|p1a: Garchomp|Garchomp, M|100/100
|turn|6
|
|t:|1653074129
|switch|p2a: Buzzwole|Buzzwole|100/100
|move|p1a: Garchomp|Toxic|p2a: Buzzwole
|-activate|p2a: Buzzwole|move: Misty Terrain
|
|upkeep
|turn|7
|
|t:|1653074138
|switch|p1a: Tapu Fini|Tapu Fini|100/100
|switch|p2a: Melmetal|Melmetal|71/100
|
|-fieldend|Misty Terrain
|upkeep
|turn|8
|
|t:|1653074142
|switch|p1a: Garchomp|Garchomp, M|100/100
|move|p2a: Melmetal|Double Iron Bash|p1a: Garchomp
|-damage|p1a: Garchomp|49/100
|-damage|p2a: Melmetal|59/100|[from] ability: Rough Skin|[of] p1a: Garchomp
|-damage|p2a: Melmetal|42/100|[from] item: Rocky Helmet|[of] p1a: Garchomp
|-damage|p1a: Garchomp|0 fnt
|-damage|p2a: Melmetal|30/100|[from] ability: Rough Skin|[of] p1a: Garchomp
|-damage|p2a: Melmetal|13/100|[from] item: Rocky Helmet|[of] p1a: Garchomp
|faint|p1a: Garchomp
|-hitcount|p1: Garchomp|2
|
|upkeep
|
|t:|1653074145
|switch|p1a: Kartana|Kartana|100/100
|turn|9
|inactive|DJ CRIB DEF has 120 seconds left.
|
|t:|1653074202
|switch|p2a: Buzzwole|Buzzwole|100/100
|move|p1a: Kartana|Knock Off|p2a: Buzzwole
|-resisted|p2a: Buzzwole
|-damage|p2a: Buzzwole|90/100
|-enditem|p2a: Buzzwole|Heavy-Duty Boots|[from] move: Knock Off|[of] p1a: Kartana
|
|upkeep
|turn|10
|
|t:|1653074220
|switch|p1a: Tapu Fini|Tapu Fini|100/100
|-fieldstart|move: Misty Terrain|[from] ability: Misty Surge|[of] p1a: Tapu Fini
|move|p2a: Buzzwole|Close Combat|p1a: Tapu Fini
|-resisted|p1a: Tapu Fini
|-damage|p1a: Tapu Fini|81/100
|-unboost|p2a: Buzzwole|def|1
|-unboost|p2a: Buzzwole|spd|1
|
|-heal|p1a: Tapu Fini|87/100|[from] item: Leftovers
|upkeep
|turn|11
|inactive|pepsi has 120 seconds left.
|
|t:|1653074263
|switch|p2a: Blissey|Blissey, F|100/100
|move|p1a: Tapu Fini|Calm Mind|p1a: Tapu Fini
|-boost|p1a: Tapu Fini|spa|1
|-boost|p1a: Tapu Fini|spd|1
|
|-heal|p1a: Tapu Fini|94/100|[from] item: Leftovers
|upkeep
|turn|12
|
|t:|1653074277
|switch|p2a: Blacephalon|Blacephalon, shiny|100/100
|move|p1a: Tapu Fini|Taunt|p2a: Blacephalon
|-start|p2a: Blacephalon|move: Taunt
|
|-heal|p1a: Tapu Fini|99/100|[from] item: Leftovers
|upkeep
|turn|13
|
|t:|1653074284
|switch|p2a: Melmetal|Melmetal|13/100
|move|p1a: Tapu Fini|Calm Mind|p1a: Tapu Fini
|-boost|p1a: Tapu Fini|spa|1
|-boost|p1a: Tapu Fini|spd|1
|
|-heal|p1a: Tapu Fini|100/100|[from] item: Leftovers
|upkeep
|turn|14
|
|t:|1653074289
|move|p1a: Tapu Fini|Scald|p2a: Melmetal
|-damage|p2a: Melmetal|0 fnt
|faint|p2a: Melmetal
|
|-fieldend|Misty Terrain
|upkeep
|
|t:|1653074293
|switch|p2a: Blacephalon|Blacephalon, shiny|100/100
|turn|15
|
|t:|1653074296
|switch|p1a: Kartana|Kartana|100/100
|move|p2a: Blacephalon|Trick|p1a: Kartana
|-activate|p2a: Blacephalon|move: Trick|[of] p1a: Kartana
|-item|p1a: Kartana|Choice Specs|[from] move: Trick
|-item|p2a: Blacephalon|Choice Scarf|[from] move: Trick
|
|upkeep
|turn|16
|
|t:|1653074311
|switch|p1a: Tapu Fini|Tapu Fini|100/100
|-fieldstart|move: Misty Terrain|[from] ability: Misty Surge|[of] p1a: Tapu Fini
|move|p2a: Blacephalon|Shadow Ball|p1a: Tapu Fini
|-damage|p1a: Tapu Fini|65/100
|
|-heal|p1a: Tapu Fini|71/100|[from] item: Leftovers
|upkeep
|turn|17
|
|t:|1653074316
|switch|p2a: Slowbro|Slowbro, M|55/100
|move|p1a: Tapu Fini|Calm Mind|p1a: Tapu Fini
|-boost|p1a: Tapu Fini|spa|1
|-boost|p1a: Tapu Fini|spd|1
|
|-heal|p1a: Tapu Fini|77/100|[from] item: Leftovers
|upkeep
|turn|18
|
|t:|1653074320
|switch|p2a: Blacephalon|Blacephalon, shiny|100/100
|move|p1a: Tapu Fini|Taunt|p2a: Blacephalon
|-start|p2a: Blacephalon|move: Taunt
|
|-heal|p1a: Tapu Fini|83/100|[from] item: Leftovers
|upkeep
|turn|19
|
|t:|1653074332
|switch|p2a: Blissey|Blissey, F|100/100
|move|p1a: Tapu Fini|Calm Mind|p1a: Tapu Fini
|-boost|p1a: Tapu Fini|spa|1
|-boost|p1a: Tapu Fini|spd|1
|
|-heal|p1a: Tapu Fini|89/100|[from] item: Leftovers
|upkeep
|turn|20
|
|t:|1653074336
|move|p1a: Tapu Fini|Taunt|p2a: Blissey
|-start|p2a: Blissey|move: Taunt
|move|p2a: Blissey|Seismic Toss|p1a: Tapu Fini
|-damage|p1a: Tapu Fini|60/100
|
|-heal|p1a: Tapu Fini|66/100|[from] item: Leftovers
|-fieldend|Misty Terrain
|upkeep
|turn|21
|
|t:|1653074344
|move|p1a: Tapu Fini|Draining Kiss|p2a: Blissey
|-damage|p2a: Blissey|89/100
|-heal|p1a: Tapu Fini|85/100|[from] drain|[of] p2a: Blissey
|move|p2a: Blissey|Seismic Toss|p1a: Tapu Fini
|-damage|p1a: Tapu Fini|56/100
|
|-heal|p1a: Tapu Fini|62/100|[from] item: Leftovers
|upkeep
|turn|22
|
|t:|1653074349
|move|p1a: Tapu Fini|Calm Mind|p1a: Tapu Fini
|-boost|p1a: Tapu Fini|spa|1
|-boost|p1a: Tapu Fini|spd|1
|move|p2a: Blissey|Seismic Toss|p1a: Tapu Fini
|-damage|p1a: Tapu Fini|33/100
|
|-heal|p1a: Tapu Fini|39/100|[from] item: Leftovers
|-end|p2a: Blissey|move: Taunt
|upkeep
|turn|23
|
|t:|1653074356
|switch|p2a: Blacephalon|Blacephalon, shiny|100/100
|move|p1a: Tapu Fini|Taunt|p2a: Blacephalon
|-start|p2a: Blacephalon|move: Taunt
|
|-heal|p1a: Tapu Fini|45/100|[from] item: Leftovers
|upkeep
|turn|24
|
|t:|1653074372
|move|p2a: Blacephalon|Shadow Ball|p1a: Tapu Fini
|-damage|p1a: Tapu Fini|29/100
|move|p1a: Tapu Fini|Draining Kiss|p2a: Blacephalon
|-resisted|p2a: Blacephalon
|-damage|p2a: Blacephalon|64/100
|-heal|p1a: Tapu Fini|49/100|[from] drain|[of] p2a: Blacephalon
|
|-heal|p1a: Tapu Fini|55/100|[from] item: Leftovers
|upkeep
|turn|25
|
|t:|1653074380
|switch|p2a: Landorus|Landorus-Therian, M|100/100
|-ability|p2a: Landorus|Intimidate|boost
|-unboost|p1a: Tapu Fini|atk|1
|move|p1a: Tapu Fini|Draining Kiss|p2a: Landorus
|-damage|p2a: Landorus|71/100
|-heal|p1a: Tapu Fini|80/100|[from] drain|[of] p2a: Landorus
|
|-heal|p1a: Tapu Fini|86/100|[from] item: Leftovers
|-heal|p2a: Landorus|77/100|[from] item: Leftovers
|upkeep
|turn|26
|
|t:|1653074384
|move|p1a: Tapu Fini|Scald|p2a: Landorus
|-supereffective|p2a: Landorus
|-damage|p2a: Landorus|0 fnt
|faint|p2a: Landorus
|
|-heal|p1a: Tapu Fini|92/100|[from] item: Leftovers
|upkeep
|
|t:|1653074387
|switch|p2a: Blacephalon|Blacephalon, shiny|64/100
|turn|27
|inactive|pepsi has 120 seconds left.
|
|t:|1653074427
|switch|p1a: Nihilego|Nihilego|100/100
|move|p2a: Blacephalon|Trick|p1a: Nihilego
|-activate|p2a: Blacephalon|move: Trick|[of] p1a: Nihilego
|-item|p1a: Nihilego|Choice Scarf|[from] move: Trick
|-item|p2a: Blacephalon|Power Herb|[from] move: Trick
|
|upkeep
|turn|28
|
|t:|1653074438
|switch|p1a: Zapdos|Zapdos-Galar|48/100
|move|p2a: Blacephalon|Trick|p1a: Zapdos
|-activate|p2a: Blacephalon|move: Trick|[of] p1a: Zapdos
|-item|p1a: Zapdos|Power Herb|[from] move: Trick
|-enditem|p2a: Blacephalon|Power Herb|[silent]|[from] move: Trick
|
|upkeep
|turn|29
|
|t:|1653074461
|switch|p1a: Nihilego|Nihilego|100/100
|move|p2a: Blacephalon|Shadow Ball|p1a: Nihilego
|-damage|p1a: Nihilego|65/100
|-unboost|p1a: Nihilego|spd|1
|
|upkeep
|turn|30
|
|t:|1653074466
|switch|p2a: Blissey|Blissey, F|89/100
|move|p1a: Nihilego|Power Gem|p2a: Blissey
|-damage|p2a: Blissey|73/100
|
|upkeep
|turn|31
|
|t:|1653074474
|switch|p1a: Zapdos|Zapdos-Galar|48/100
|move|p2a: Blissey|Stealth Rock|p1a: Zapdos
|-sidestart|p1: pepsi|move: Stealth Rock
|
|upkeep
|turn|32
|inactive|pepsi has 120 seconds left.
|
|t:|1653074485
|switch|p2a: Slowbro|Slowbro, M|88/100
|move|p1a: Zapdos|Brave Bird|p2a: Slowbro
|-damage|p2a: Slowbro|30/100
|-damage|p1a: Zapdos|32/100|[from] item: Rocky Helmet|[of] p2a: Slowbro
|-damage|p1a: Zapdos|8/100|[from] Recoil
|
|upkeep
|turn|33
|inactive|pepsi has 120 seconds left.
|
|t:|1653074499
|move|p1a: Zapdos|Brave Bird|p2a: Slowbro
|-damage|p2a: Slowbro|0 fnt
|-damage|p1a: Zapdos|0 fnt|[from] item: Rocky Helmet|[of] p2a: Slowbro
|faint|p2a: Slowbro
|faint|p1a: Zapdos
|
|upkeep
|inactive|pepsi has 120 seconds left.
|
|t:|1653074525
|switch|p1a: Kartana|Kartana|100/100
|switch|p2a: Blissey|Blissey, F|73/100
|-damage|p1a: Kartana|94/100|[from] Stealth Rock
|turn|34
|inactive|pepsi has 90 seconds left.
|
|t:|1653074545
|switch|p1a: Tapu Fini|Tapu Fini|92/100
|-damage|p1a: Tapu Fini|80/100|[from] Stealth Rock
|-fieldstart|move: Misty Terrain|[from] ability: Misty Surge|[of] p1a: Tapu Fini
|switch|p2a: Buzzwole|Buzzwole|90/100
|
|-heal|p1a: Tapu Fini|86/100|[from] item: Leftovers
|upkeep
|turn|35
|
|t:|1653074552
|switch|p2a: Blissey|Blissey, F|73/100
|move|p1a: Tapu Fini|Calm Mind|p1a: Tapu Fini
|-boost|p1a: Tapu Fini|spa|1
|-boost|p1a: Tapu Fini|spd|1
|
|-heal|p1a: Tapu Fini|92/100|[from] item: Leftovers
|upkeep
|turn|36
|
|t:|1653074565
|move|p1a: Tapu Fini|Taunt|p2a: Blissey
|-start|p2a: Blissey|move: Taunt
|move|p2a: Blissey|Seismic Toss|p1a: Tapu Fini
|-damage|p1a: Tapu Fini|63/100
|
|-heal|p1a: Tapu Fini|69/100|[from] item: Leftovers
|upkeep
|turn|37
|
|t:|1653074568
|move|p1a: Tapu Fini|Calm Mind|p1a: Tapu Fini
|-boost|p1a: Tapu Fini|spa|1
|-boost|p1a: Tapu Fini|spd|1
|move|p2a: Blissey|Seismic Toss|p1a: Tapu Fini
|-damage|p1a: Tapu Fini|40/100
|
|-heal|p1a: Tapu Fini|46/100|[from] item: Leftovers
|upkeep
|turn|38
|
|t:|1653074573
|move|p1a: Tapu Fini|Draining Kiss|p2a: Blissey
|-crit|p2a: Blissey
|-damage|p2a: Blissey|55/100
|-heal|p1a: Tapu Fini|75/100|[from] drain|[of] p2a: Blissey
|move|p2a: Blissey|Seismic Toss|p1a: Tapu Fini
|-damage|p1a: Tapu Fini|46/100
|
|-heal|p1a: Tapu Fini|52/100|[from] item: Leftovers
|-end|p2a: Blissey|move: Taunt
|-fieldend|Misty Terrain
|upkeep
|turn|39
|inactive|pepsi has 120 seconds left.
|
|t:|1653074579
|move|p1a: Tapu Fini|Taunt|p2a: Blissey
|-start|p2a: Blissey|move: Taunt
|move|p2a: Blissey|Seismic Toss|p1a: Tapu Fini
|-damage|p1a: Tapu Fini|23/100
|
|-heal|p1a: Tapu Fini|29/100|[from] item: Leftovers
|upkeep
|turn|40
|
|t:|1653074582
|move|p1a: Tapu Fini|Draining Kiss|p2a: Blissey
|-damage|p2a: Blissey|41/100
|-heal|p1a: Tapu Fini|51/100|[from] drain|[of] p2a: Blissey
|move|p2a: Blissey|Seismic Toss|p1a: Tapu Fini
|-damage|p1a: Tapu Fini|21/100
|
|-heal|p1a: Tapu Fini|28/100|[from] item: Leftovers
|upkeep
|turn|41
|
|t:|1653074587
|move|p1a: Tapu Fini|Draining Kiss|p2a: Blissey
|-damage|p2a: Blissey|28/100
|-heal|p1a: Tapu Fini|49/100|[from] drain|[of] p2a: Blissey
|move|p2a: Blissey|Seismic Toss|p1a: Tapu Fini
|-damage|p1a: Tapu Fini|20/100
|
|-heal|p1a: Tapu Fini|26/100|[from] item: Leftovers
|-end|p2a: Blissey|move: Taunt
|upkeep
|turn|42
|
|t:|1653074595
|move|p1a: Tapu Fini|Draining Kiss|p2a: Blissey
|-damage|p2a: Blissey|14/100
|-heal|p1a: Tapu Fini|47/100|[from] drain|[of] p2a: Blissey
|move|p2a: Blissey|Seismic Toss|p1a: Tapu Fini
|-damage|p1a: Tapu Fini|18/100
|
|-heal|p1a: Tapu Fini|24/100|[from] item: Leftovers
|upkeep
|turn|43
|inactive|pepsi has 120 seconds left.
|
|t:|1653074633
|move|p1a: Tapu Fini|Taunt|p2a: Blissey
|-start|p2a: Blissey|move: Taunt
|move|p2a: Blissey|Seismic Toss|p1a: Tapu Fini
|-damage|p1a: Tapu Fini|0 fnt
|faint|p1a: Tapu Fini
|
|upkeep
|c|☆DJ CRIB DEF|phew
|inactive|pepsi has 120 seconds left.
|
|t:|1653074646
|switch|p1a: Nihilego|Nihilego|65/100
|-damage|p1a: Nihilego|53/100|[from] Stealth Rock
|turn|44
|
|t:|1653074653
|move|p1a: Nihilego|Power Gem|p2a: Blissey
|-damage|p2a: Blissey|0 fnt
|faint|p2a: Blissey
|-ability|p1a: Nihilego|Beast Boost|boost
|-boost|p1a: Nihilego|spa|1
|
|upkeep
|
|t:|1653074670
|switch|p2a: Buzzwole|Buzzwole|90/100
|turn|45
|
|t:|1653074675
|move|p1a: Nihilego|Power Gem|p2a: Buzzwole
|-damage|p2a: Buzzwole|7/100
|move|p2a: Buzzwole|Earthquake|p1a: Nihilego
|-supereffective|p1a: Nihilego
|-damage|p1a: Nihilego|0 fnt
|faint|p1a: Nihilego
|-ability|p2a: Buzzwole|Beast Boost|boost
|-boost|p2a: Buzzwole|def|1
|
|upkeep
|c|☆DJ CRIB DEF|gg
|inactive|pepsi has 120 seconds left.
|c|☆pepsi|uh oh
|
|t:|1653074717
|switch|p1a: Kartana|Kartana|94/100
|-damage|p1a: Kartana|88/100|[from] Stealth Rock
|turn|46
|
|t:|1653074724
|move|p1a: Kartana|Smart Strike|p2a: Buzzwole
|-damage|p2a: Buzzwole|0 fnt
|faint|p2a: Buzzwole
|-ability|p1a: Kartana|Beast Boost|boost
|-boost|p1a: Kartana|atk|1
|
|upkeep
|
|t:|1653074727
|switch|p2a: Blacephalon|Blacephalon, shiny|64/100
|turn|47
|
|t:|1653074730
|move|p1a: Kartana|Smart Strike|p2a: Blacephalon
|-resisted|p2a: Blacephalon
|-damage|p2a: Blacephalon|0 fnt
|faint|p2a: Blacephalon
|
|win|pepsi
|raw|pepsi's rating: 1457 &rarr; <strong>1478</strong><br />(+21 for winning)
|raw|DJ CRIB DEF's rating: 1468 &rarr; <strong>1447</strong><br />(-21 for losing)
|c|☆pepsi|gg
|l|☆DJ CRIB DEF
||Ladder isn't responding, score probably updated but might not have (Request timeout).
