|j|☆Justin UA
|j|☆Grape Gatorade EZ
|t:|1614657218
|player|p1|Justin UA|ethan|1361
|player|p2|Grape Gatorade EZ|nate|1372
|teamsize|p1|6
|teamsize|p2|6
|gametype|singles
|gen|8
|tier|[Gen 8] OU
|rated|
|clearpoke
|poke|p1|Tapu Koko|
|poke|p1|Urshifu-*, F|
|poke|p1|Corviknight, F|
|poke|p1|Slowbro, F|
|poke|p1|Landorus-Therian, M|
|poke|p1|Dragapult, M|
|poke|p2|Tangrowth, M|
|poke|p2|Zeraora|
|poke|p2|Blacephalon|
|poke|p2|Tapu Fini|
|poke|p2|Excadrill, F|
|poke|p2|Mandibuzz, F|
|rule|Sleep Clause Mod: Limit one foe put to sleep
|rule|Species Clause: Limit one of each Pokémon
|rule|OHKO Clause: OHKO moves are banned
|rule|Evasion Moves Clause: Evasion moves are banned
|rule|Endless Battle Clause: Forcing endless battles is banned
|rule|HP Percentage Mod: HP is shown in percentages
|rule|Dynamax Clause: You cannot dynamax
|teampreview
|j| trnever
|inactive|Battle timer is ON: inactive players will automatically lose when time's up. (requested by Justin UA)
|
|t:|1614657239
|start
|switch|p1a: Landorus|Landorus-Therian, M|100/100
|switch|p2a: Mandibuzz|Mandibuzz, F|100/100
|-ability|p1a: Landorus|Intimidate|boost
|-unboost|p2a: Mandibuzz|atk|1
|turn|1
|l| trnever
|
|t:|1614657245
|move|p1a: Landorus|Stealth Rock|p2a: Mandibuzz
|-sidestart|p2: Grape Gatorade EZ|move: Stealth Rock
|move|p2a: Mandibuzz|Toxic|p1a: Landorus
|-status|p1a: Landorus|tox
|
|-damage|p1a: Landorus|94/100 tox|[from] psn
|upkeep
|turn|2
|
|t:|1614657249
|move|p1a: Landorus|Knock Off|p2a: Mandibuzz
|-resisted|p2a: Mandibuzz
|-damage|p2a: Mandibuzz|89/100
|-enditem|p2a: Mandibuzz|Heavy-Duty Boots|[from] move: Knock Off|[of] p1a: Landorus
|move|p2a: Mandibuzz|U-turn|p1a: Landorus
|-resisted|p1a: Landorus
|-damage|p1a: Landorus|91/100 tox
|-damage|p2a: Mandibuzz|73/100|[from] item: Rocky Helmet|[of] p1a: Landorus
|
|t:|1614657255
|switch|p2a: Tapu Fini|Tapu Fini, shiny|100/100|[from]move: U-turn
|-damage|p2a: Tapu Fini|88/100|[from] Stealth Rock
|-fieldstart|move: Misty Terrain|[from] ability: Misty Surge|[of] p2a: Tapu Fini
|
|-heal|p2a: Tapu Fini|94/100|[from] item: Leftovers
|-damage|p1a: Landorus|79/100 tox|[from] psn
|upkeep
|turn|3
|
|t:|1614657263
|switch|p1a: Slowbro|Slowbro, F|100/100
|move|p2a: Tapu Fini|Nature's Madness|p1a: Slowbro
|-damage|p1a: Slowbro|50/100
|
|-heal|p2a: Tapu Fini|100/100|[from] item: Leftovers
|upkeep
|turn|4
|
|t:|1614657269
|move|p2a: Tapu Fini|Taunt|p1a: Slowbro
|-start|p1a: Slowbro|move: Taunt
|cant|p1a: Slowbro|move: Taunt|Teleport
|
|upkeep
|turn|5
|
|t:|1614657274
|switch|p1a: Tapu Koko|Tapu Koko|100/100
|-fieldstart|move: Electric Terrain|[from] ability: Electric Surge|[of] p1a: Tapu Koko
|move|p2a: Tapu Fini|Whirlpool|p1a: Tapu Koko
|-damage|p1a: Tapu Koko|81/100
|-activate|p1a: Tapu Koko|move: Whirlpool|[of] p2a: Tapu Fini
|
|-damage|p1a: Tapu Koko|69/100|[from] move: Whirlpool|[partiallytrapped]
|upkeep
|turn|6
|
|t:|1614657279
|switch|p2a: Excadrill|Excadrill, F|100/100
|-damage|p2a: Excadrill|97/100|[from] Stealth Rock
|-ability|p2a: Excadrill|Mold Breaker
|move|p1a: Tapu Koko|U-turn|p2a: Excadrill
|-resisted|p2a: Excadrill
|-damage|p2a: Excadrill|85/100
|
|t:|1614657286
|switch|p1a: Urshifu|Urshifu-Rapid-Strike, F|100/100|[from]move: U-turn
|
|upkeep
|turn|7
|
|t:|1614657291
|switch|p2a: Tangrowth|Tangrowth, M|100/100
|-damage|p2a: Tangrowth|88/100|[from] Stealth Rock
|move|p1a: Urshifu|U-turn|p2a: Tangrowth
|-supereffective|p2a: Tangrowth
|-damage|p2a: Tangrowth|47/100
|-damage|p1a: Urshifu|84/100|[from] item: Rocky Helmet|[of] p2a: Tangrowth
|
|t:|1614657297
|switch|p1a: Dragapult|Dragapult, M, shiny|100/100|[from]move: U-turn
|
|upkeep
|turn|8
|c|☆Grape Gatorade EZ|Choice band
|
|t:|1614657308
|switch|p2a: Tapu Fini|Tapu Fini, shiny|100/100
|-damage|p2a: Tapu Fini|88/100|[from] Stealth Rock
|-fieldstart|move: Misty Terrain|[from] ability: Misty Surge|[of] p2a: Tapu Fini
|move|p1a: Dragapult|Dragon Dance|p1a: Dragapult
|-boost|p1a: Dragapult|atk|1
|-boost|p1a: Dragapult|spe|1
|
|-heal|p2a: Tapu Fini|94/100|[from] item: Leftovers
|upkeep
|turn|9
|
|t:|1614657316
|switch|p1a: Corviknight|Corviknight, F|100/100
|-ability|p1a: Corviknight|Pressure
|move|p2a: Tapu Fini|Nature's Madness|p1a: Corviknight
|-damage|p1a: Corviknight|50/100
|
|-heal|p2a: Tapu Fini|100/100|[from] item: Leftovers
|-heal|p1a: Corviknight|57/100|[from] item: Leftovers
|upkeep
|turn|10
|
|t:|1614657321
|move|p2a: Tapu Fini|Taunt|p1a: Corviknight
|-start|p1a: Corviknight|move: Taunt
|move|p1a: Corviknight|U-turn|p2a: Tapu Fini
|-resisted|p2a: Tapu Fini
|-damage|p2a: Tapu Fini|94/100
|
|t:|1614657325
|switch|p1a: Tapu Koko|Tapu Koko|69/100|[from]move: U-turn
|-fieldstart|move: Electric Terrain|[from] ability: Electric Surge|[of] p1a: Tapu Koko
|
|-heal|p2a: Tapu Fini|99/100|[from] item: Leftovers
|upkeep
|turn|11
|
|t:|1614657328
|switch|p2a: Excadrill|Excadrill, F|85/100
|-damage|p2a: Excadrill|82/100|[from] Stealth Rock
|-ability|p2a: Excadrill|Mold Breaker
|move|p1a: Tapu Koko|Thunderbolt|p2a: Excadrill
|-immune|p2a: Excadrill
|
|upkeep
|turn|12
|
|t:|1614657331
|move|p1a: Tapu Koko|U-turn|p2a: Excadrill
|-resisted|p2a: Excadrill
|-damage|p2a: Excadrill|71/100
|
|t:|1614657333
|switch|p1a: Landorus|Landorus-Therian, M|79/100 tox|[from]move: U-turn
|-ability|p1a: Landorus|Intimidate|boost
|-unboost|p2a: Excadrill|atk|1
|move|p2a: Excadrill|Stealth Rock|p1a: Landorus
|-sidestart|p1: Justin UA|move: Stealth Rock
|
|-damage|p1a: Landorus|73/100 tox|[from] psn
|upkeep
|turn|13
|
|t:|1614657339
|switch|p2a: Mandibuzz|Mandibuzz, F|73/100
|-damage|p2a: Mandibuzz|48/100|[from] Stealth Rock
|move|p1a: Landorus|U-turn|p2a: Mandibuzz
|-damage|p2a: Mandibuzz|30/100
|
|t:|1614657346
|switch|p1a: Urshifu|Urshifu-Rapid-Strike, F|84/100|[from]move: U-turn
|-damage|p1a: Urshifu|78/100|[from] Stealth Rock
|
|upkeep
|turn|14
|
|t:|1614657362
|move|p1a: Urshifu|U-turn|p2a: Mandibuzz
|-damage|p2a: Mandibuzz|3/100
|
|t:|1614657366
|switch|p1a: Tapu Koko|Tapu Koko|69/100|[from]move: U-turn
|move|p2a: Mandibuzz|Roost|p2a: Mandibuzz
|-heal|p2a: Mandibuzz|53/100
|-singleturn|p2a: Mandibuzz|move: Roost
|
|-fieldend|move: Electric Terrain
|upkeep
|turn|15
|
|t:|1614657376
|switch|p2a: Excadrill|Excadrill, F|71/100
|-damage|p2a: Excadrill|68/100|[from] Stealth Rock
|-ability|p2a: Excadrill|Mold Breaker
|move|p1a: Tapu Koko|U-turn|p2a: Excadrill
|-resisted|p2a: Excadrill
|-damage|p2a: Excadrill|56/100
|
|t:|1614657380
|switch|p1a: Urshifu|Urshifu-Rapid-Strike, F|78/100|[from]move: U-turn
|-damage|p1a: Urshifu|72/100|[from] Stealth Rock
|
|upkeep
|turn|16
|
|t:|1614657384
|switch|p2a: Tangrowth|Tangrowth, M|81/100
|-damage|p2a: Tangrowth|68/100|[from] Stealth Rock
|move|p1a: Urshifu|Surging Strikes|p2a: Tangrowth
|-resisted|p2a: Tangrowth
|-crit|p2a: Tangrowth
|-damage|p2a: Tangrowth|61/100
|-damage|p1a: Urshifu|55/100|[from] item: Rocky Helmet|[of] p2a: Tangrowth
|-resisted|p2a: Tangrowth
|-crit|p2a: Tangrowth
|-damage|p2a: Tangrowth|53/100
|-damage|p1a: Urshifu|39/100|[from] item: Rocky Helmet|[of] p2a: Tangrowth
|-resisted|p2a: Tangrowth
|-crit|p2a: Tangrowth
|-damage|p2a: Tangrowth|46/100
|-damage|p1a: Urshifu|22/100|[from] item: Rocky Helmet|[of] p2a: Tangrowth
|-hitcount|p2a: Tangrowth|3
|
|upkeep
|turn|17
|
|t:|1614657395
|switch|p1a: Landorus|Landorus-Therian, M|73/100 tox
|-damage|p1a: Landorus|61/100 tox|[from] Stealth Rock
|-ability|p1a: Landorus|Intimidate|boost
|-unboost|p2a: Tangrowth|atk|1
|switch|p2a: Tapu Fini|Tapu Fini, shiny|99/100
|-damage|p2a: Tapu Fini|88/100|[from] Stealth Rock
|-fieldstart|move: Misty Terrain|[from] ability: Misty Surge|[of] p2a: Tapu Fini
|
|-heal|p2a: Tapu Fini|94/100|[from] item: Leftovers
|-damage|p1a: Landorus|55/100 tox|[from] psn
|upkeep
|turn|18
|
|t:|1614657400
|move|p2a: Tapu Fini|Scald|p1a: Landorus
|-supereffective|p1a: Landorus
|-damage|p1a: Landorus|0 fnt
|faint|p1a: Landorus
|
|-heal|p2a: Tapu Fini|99/100|[from] item: Leftovers
|upkeep
|
|t:|1614657405
|switch|p1a: Tapu Koko|Tapu Koko|69/100
|-fieldstart|move: Electric Terrain|[from] ability: Electric Surge|[of] p1a: Tapu Koko
|turn|19
|
|t:|1614657411
|switch|p2a: Excadrill|Excadrill, F|56/100
|-damage|p2a: Excadrill|53/100|[from] Stealth Rock
|-ability|p2a: Excadrill|Mold Breaker
|move|p1a: Tapu Koko|Thunderbolt|p2a: Excadrill
|-immune|p2a: Excadrill
|
|upkeep
|turn|20
|
|t:|1614657414
|move|p1a: Tapu Koko|U-turn|p2a: Excadrill
|-resisted|p2a: Excadrill
|-damage|p2a: Excadrill|42/100
|
|t:|1614657417
|switch|p1a: Corviknight|Corviknight, F|57/100|[from]move: U-turn
|-damage|p1a: Corviknight|44/100|[from] Stealth Rock
|-ability|p1a: Corviknight|Pressure
|move|p2a: Excadrill|Rapid Spin|p1a: Corviknight
|-resisted|p1a: Corviknight
|-damage|p1a: Corviknight|39/100
|-boost|p2a: Excadrill|spe|1
|-sideend|p2: Grape Gatorade EZ|Stealth Rock|[from] move: Rapid Spin|[of] p2a: Excadrill
|
|-heal|p1a: Corviknight|45/100|[from] item: Leftovers
|upkeep
|turn|21
|
|t:|1614657422
|switch|p2a: Blacephalon|Blacephalon|100/100
|move|p1a: Corviknight|Defog|p2a: Blacephalon
|-unboost|p2a: Blacephalon|evasion|1
|-sideend|p1: Justin UA|Stealth Rock|[from] move: Defog|[of] p1a: Corviknight
|-fieldend|move: Electric Terrain
|
|-heal|p1a: Corviknight|51/100|[from] item: Leftovers
|upkeep
|turn|22
|
|t:|1614657428
|move|p2a: Blacephalon|Shadow Ball|p1a: Corviknight
|-damage|p1a: Corviknight|7/100
|move|p1a: Corviknight|U-turn|p2a: Blacephalon
|-resisted|p2a: Blacephalon
|-damage|p2a: Blacephalon|93/100
|
|t:|1614657431
|switch|p1a: Urshifu|Urshifu-Rapid-Strike, F|22/100|[from]move: U-turn
|
|upkeep
|turn|23
|
|t:|1614657438
|switch|p2a: Tangrowth|Tangrowth, M|79/100
|move|p1a: Urshifu|U-turn|p2a: Tangrowth
|-supereffective|p2a: Tangrowth
|-damage|p2a: Tangrowth|40/100
|-damage|p1a: Urshifu|6/100|[from] item: Rocky Helmet|[of] p2a: Tangrowth
|
|t:|1614657442
|switch|p1a: Dragapult|Dragapult, M, shiny|100/100|[from]move: U-turn
|
|upkeep
|turn|24
|
|t:|1614657448
|switch|p1a: Tapu Koko|Tapu Koko|69/100
|-fieldstart|move: Electric Terrain|[from] ability: Electric Surge|[of] p1a: Tapu Koko
|move|p2a: Tangrowth|Knock Off|p1a: Tapu Koko
|-resisted|p1a: Tapu Koko
|-damage|p1a: Tapu Koko|52/100
|-enditem|p1a: Tapu Koko|Heavy-Duty Boots|[from] move: Knock Off|[of] p2a: Tangrowth
|
|upkeep
|turn|25
|
|t:|1614657453
|switch|p2a: Zeraora|Zeraora|100/100
|move|p1a: Tapu Koko|U-turn|p2a: Zeraora
|-damage|p2a: Zeraora|77/100
|
|t:|1614657460
|switch|p1a: Urshifu|Urshifu-Rapid-Strike, F|6/100|[from]move: U-turn
|
|-heal|p2a: Zeraora|83/100|[from] item: Leftovers
|upkeep
|turn|26
|
|t:|1614657465
|move|p1a: Urshifu|Aqua Jet|p2a: Zeraora
|-damage|p2a: Zeraora|43/100
|move|p2a: Zeraora|Plasma Fists|p1a: Urshifu
|-supereffective|p1a: Urshifu
|-damage|p1a: Urshifu|0 fnt
|-fieldactivate|move: Ion Deluge
|faint|p1a: Urshifu
|
|-heal|p2a: Zeraora|49/100|[from] item: Leftovers
|upkeep
|
|t:|1614657470
|switch|p1a: Tapu Koko|Tapu Koko|52/100
|turn|27
|
|t:|1614657480
|move|p2a: Zeraora|Play Rough|p1a: Tapu Koko
|-damage|p1a: Tapu Koko|12/100
|move|p1a: Tapu Koko|Roost|p1a: Tapu Koko
|-heal|p1a: Tapu Koko|62/100
|-singleturn|p1a: Tapu Koko|move: Roost
|
|-heal|p2a: Zeraora|55/100|[from] item: Leftovers
|upkeep
|turn|28
|
|t:|1614657488
|move|p2a: Zeraora|Bulk Up|p2a: Zeraora
|-boost|p2a: Zeraora|atk|1
|-boost|p2a: Zeraora|def|1
|move|p1a: Tapu Koko|Roost|p1a: Tapu Koko
|-heal|p1a: Tapu Koko|100/100
|-singleturn|p1a: Tapu Koko|move: Roost
|
|-heal|p2a: Zeraora|61/100|[from] item: Leftovers
|-fieldend|move: Electric Terrain
|upkeep
|turn|29
|
|t:|1614657492
|move|p2a: Zeraora|Bulk Up|p2a: Zeraora
|-boost|p2a: Zeraora|atk|1
|-boost|p2a: Zeraora|def|1
|move|p1a: Tapu Koko|Dazzling Gleam|p2a: Zeraora
|-damage|p2a: Zeraora|17/100
|
|-heal|p2a: Zeraora|23/100|[from] item: Leftovers
|upkeep
|turn|30
|
|t:|1614657496
|move|p2a: Zeraora|Play Rough|p1a: Tapu Koko
|-damage|p1a: Tapu Koko|28/100
|move|p1a: Tapu Koko|Dazzling Gleam|p2a: Zeraora
|-damage|p2a: Zeraora|0 fnt
|faint|p2a: Zeraora
|
|upkeep
|
|t:|1614657500
|switch|p2a: Blacephalon|Blacephalon|93/100
|turn|31
|
|t:|1614657508
|move|p2a: Blacephalon|Shadow Ball|p1a: Tapu Koko
|-damage|p1a: Tapu Koko|0 fnt
|faint|p1a: Tapu Koko
|-ability|p2a: Blacephalon|Beast Boost|boost
|-boost|p2a: Blacephalon|spa|1
|
|upkeep
|-message|Justin UA forfeited.
|
|win|Grape Gatorade EZ
|l|☆Justin UA
|raw|Justin UA's rating: 1361 &rarr; <strong>1343</strong><br />(-18 for losing)
|raw|Grape Gatorade EZ's rating: 1392 &rarr; <strong>1410</strong><br />(+18 for winning)
