|raw|<div class="broadcast-blue"><strong>This battle is required to be public due to a player having a name starting with 'lt91bb'.</div>
|j|☆ElTester2000
|j|☆LT91BB Raizen
|t:|1658931326
|gametype|singles
|player|p1|ElTester2000|burglar|1661
|player|p2|LT91BB Raizen|#raizen1704|1877
|teamsize|p1|6
|teamsize|p2|6
|gen|8
|tier|[Gen 8] OU
|rated|
|rule|Sleep Clause Mod: Limit one foe put to sleep
|rule|Species Clause: Limit one of each Pokémon
|rule|OHKO Clause: OHKO moves are banned
|rule|Evasion Moves Clause: Evasion moves are banned
|rule|Endless Battle Clause: Forcing endless battles is banned
|rule|HP Percentage Mod: HP is shown in percentages
|rule|Dynamax Clause: You cannot dynamax
|clearpoke
|poke|p1|Obstagoon, M|
|poke|p1|Slowbro, M|
|poke|p1|Landorus-Therian, M|
|poke|p1|Melmetal|
|poke|p1|Clefable, F|
|poke|p1|Slowking-Galar, M|
|poke|p2|Dragapult, M|
|poke|p2|Zapdos|
|poke|p2|Urshifu-*, F|
|poke|p2|Tapu Lele|
|poke|p2|Landorus-Therian, M|
|poke|p2|Melmetal|
|teampreview
|inactive|Battle timer is ON: inactive players will automatically lose when time's up. (requested by ElTester2000)
|j| arbok13
|inactive|LT91BB Raizen has 120 seconds left.
|j| 7aminTenerife
|j| LT91BB ong
|j| ibleachyourskin
|j| mars and back
|j| Welli0u
|
|t:|1658931373
|start
|switch|p1a: King|Landorus-Therian, M|100/100
|switch|p2a: Urshifu|Urshifu-Rapid-Strike, F|100/100
|-ability|p1a: King|Intimidate|boost
|-unboost|p2a: Urshifu|atk|1
|turn|1
|j| LT91BB xray
|j| Ernstbusch
|j| Allen-xia
|l| ibleachyourskin
|j| CALL THE CREW
|
|t:|1658931392
|switch|p1a: SlowBRUH|Slowbro, M|100/100
|move|p2a: Urshifu|U-turn|p1a: SlowBRUH
|-supereffective|p1a: SlowBRUH
|-damage|p1a: SlowBRUH|70/100
|-damage|p2a: Urshifu|84/100|[from] item: Rocky Helmet|[of] p1a: SlowBRUH
|
|t:|1658931399
|switch|p2a: Dragapult|Dragapult, M, shiny|100/100|[from]move: U-turn
|
|upkeep
|turn|2
|
|t:|1658931403
|switch|p1a: Pink Demon|Clefable, F|100/100
|move|p2a: Dragapult|Shadow Ball|p1a: Pink Demon
|-damage|p1a: Pink Demon|45/100
|
|upkeep
|turn|3
|j| edrala
|
|t:|1658931409
|switch|p2a: Urshifu|Urshifu-Rapid-Strike, F|84/100
|switch|p1a: Thrash|Obstagoon, M|100/100
|
|-status|p1a: Thrash|brn|[from] item: Flame Orb
|upkeep
|turn|4
|j| LT91BB Jase Duken
|j| vkhss
|
|t:|1658931413
|switch|p1a: SlowBRUH|Slowbro, M|100/100
|move|p2a: Urshifu|U-turn|p1a: SlowBRUH
|-supereffective|p1a: SlowBRUH
|-damage|p1a: SlowBRUH|51/100
|-damage|p2a: Urshifu|68/100|[from] item: Rocky Helmet|[of] p1a: SlowBRUH
|
|t:|1658931414
|switch|p2a: Dragapult|Dragapult, M, shiny|100/100|[from]move: U-turn
|
|upkeep
|turn|5
|j| reje
|j| LT91BB Paz
|
|t:|1658931418
|switch|p1a: King BRUH|Slowking-Galar, M|100/100
|move|p2a: Dragapult|Shadow Ball|p1a: King BRUH
|-supereffective|p1a: King BRUH
|-damage|p1a: King BRUH|52/100
|
|upkeep
|turn|6
|l| LT91BB Paz
|
|t:|1658931423
|switch|p2a: Landorus|Landorus-Therian, M, shiny|100/100
|-ability|p2a: Landorus|Intimidate|boost
|-unboost|p1a: King BRUH|atk|1
|switch|p1a: Thrash|Obstagoon, M|100/100 brn
|
|-damage|p1a: Thrash|94/100 brn|[from] brn
|upkeep
|turn|7
|l| 7aminTenerife
|
|t:|1658931430
|move|p1a: Thrash|Obstruct|p1a: Thrash
|-singleturn|p1a: Thrash|Protect
|move|p2a: Landorus|Stealth Rock|p1a: Thrash
|-sidestart|p1: ElTester2000|move: Stealth Rock
|
|-damage|p1a: Thrash|88/100 brn|[from] brn
|upkeep
|turn|8
|j| LT91BB Tace
|
|t:|1658931434
|move|p1a: Thrash|Knock Off|p2a: Landorus
|-damage|p2a: Landorus|46/100
|-enditem|p2a: Landorus|Leftovers|[from] move: Knock Off|[of] p1a: Thrash
|move|p2a: Landorus|U-turn|p1a: Thrash
|-supereffective|p1a: Thrash
|-damage|p1a: Thrash|39/100 brn
|j| LT91BB Amir
|
|t:|1658931437
|switch|p2a: Urshifu|Urshifu-Rapid-Strike, F|68/100|[from]move: U-turn
|
|-damage|p1a: Thrash|33/100 brn|[from] brn
|upkeep
|turn|9
|l| LT91BB Tace
|
|t:|1658931442
|switch|p1a: SlowBRUH|Slowbro, M|85/100
|-damage|p1a: SlowBRUH|72/100|[from] Stealth Rock
|move|p2a: Urshifu|U-turn|p1a: SlowBRUH
|-supereffective|p1a: SlowBRUH
|-damage|p1a: SlowBRUH|21/100
|-damage|p2a: Urshifu|51/100|[from] item: Rocky Helmet|[of] p1a: SlowBRUH
|
|t:|1658931444
|switch|p2a: Dragapult|Dragapult, M, shiny|100/100|[from]move: U-turn
|
|upkeep
|turn|10
|
|t:|1658931450
|switch|p1a: Thrash|Obstagoon, M|33/100 brn
|-damage|p1a: Thrash|21/100 brn|[from] Stealth Rock
|move|p2a: Dragapult|Shadow Ball|p1a: Thrash
|-immune|p1a: Thrash
|
|-damage|p1a: Thrash|15/100 brn|[from] brn
|upkeep
|turn|11
|
|t:|1658931453
|switch|p2a: Landorus|Landorus-Therian, M, shiny|46/100
|-ability|p2a: Landorus|Intimidate|boost
|-unboost|p1a: Thrash|atk|1
|move|p1a: Thrash|Knock Off|p2a: Landorus
|-damage|p2a: Landorus|19/100
|
|-damage|p1a: Thrash|9/100 brn|[from] brn
|upkeep
|turn|12
|j| UU12S tobee
|j| jhehehehe
|j| ibleachyourskin
|j| ClumsyClefable
|
|t:|1658931472
|move|p1a: Thrash|Knock Off|p2a: Landorus
|-damage|p2a: Landorus|0 fnt
|faint|p2a: Landorus
|
|-damage|p1a: Thrash|3/100 brn|[from] brn
|upkeep
|j| whoghohou
|l| whoghohou
|
|t:|1658931485
|switch|p2a: Zapdos|Zapdos, shiny|100/100
|turn|13
|
|t:|1658931487
|move|p2a: Zapdos|Volt Switch|p1a: Thrash
|-damage|p1a: Thrash|0 fnt
|faint|p1a: Thrash
|
|t:|1658931489
|switch|p2a: Dragapult|Dragapult, M, shiny|100/100|[from]move: Volt Switch
|
|upkeep
|j| chiharu haru
|
|t:|1658931497
|switch|p1a: Melmetal|Melmetal|100/100
|-damage|p1a: Melmetal|94/100|[from] Stealth Rock
|turn|14
|
|t:|1658931500
|move|p1a: Melmetal|Protect|p1a: Melmetal
|-singleturn|p1a: Melmetal|Protect
|move|p2a: Dragapult|U-turn|p1a: Melmetal
|-activate|p1a: Melmetal|move: Protect
|
|-heal|p1a: Melmetal|100/100|[from] item: Leftovers
|upkeep
|turn|15
|
|t:|1658931506
|move|p2a: Dragapult|U-turn|p1a: Melmetal
|-resisted|p1a: Melmetal
|-damage|p1a: Melmetal|95/100
|
|t:|1658931508
|switch|p2a: Melmetal|Melmetal, shiny|100/100|[from]move: U-turn
|move|p1a: Melmetal|Toxic|p2a: Melmetal
|-immune|p2a: Melmetal
|
|-heal|p1a: Melmetal|100/100|[from] item: Leftovers
|upkeep
|turn|16
|
|t:|1658931512
|switch|p1a: King|Landorus-Therian, M|100/100
|-damage|p1a: King|88/100|[from] Stealth Rock
|-ability|p1a: King|Intimidate|boost
|-unboost|p2a: Melmetal|atk|1
|move|p2a: Melmetal|Earthquake|p1a: King
|-immune|p1a: King
|
|-heal|p1a: King|94/100|[from] item: Leftovers
|upkeep
|turn|17
|
|t:|1658931515
|move|p1a: King|Defog|p2a: Melmetal
|-unboost|p2a: Melmetal|evasion|1
|-sideend|p1: ElTester2000|Stealth Rock|[from] move: Defog|[of] p1a: King
|move|p2a: Melmetal|Toxic|p1a: King
|-status|p1a: King|tox
|
|-heal|p1a: King|99/100 tox|[from] item: Leftovers
|-damage|p1a: King|94/100 tox|[from] psn
|upkeep
|turn|18
|
|t:|1658931519
|move|p1a: King|Stealth Rock|p2a: Melmetal
|-sidestart|p2: LT91BB Raizen|move: Stealth Rock
|move|p2a: Melmetal|Toxic|p1a: King
|-fail|p1a: King|tox
|
|-heal|p1a: King|99/100 tox|[from] item: Leftovers
|-damage|p1a: King|88/100 tox|[from] psn
|upkeep
|turn|19
|
|t:|1658931521
|move|p1a: King|U-turn|p2a: Melmetal
|-resisted|p2a: Melmetal
|-damage|p2a: Melmetal|94/100
|
|t:|1658931526
|switch|p1a: SlowBRUH|Slowbro, M|54/100|[from]move: U-turn
|move|p2a: Melmetal|Toxic|p1a: SlowBRUH
|-status|p1a: SlowBRUH|tox
|
|-heal|p2a: Melmetal|99/100|[from] item: Leftovers
|-damage|p1a: SlowBRUH|48/100 tox|[from] psn
|upkeep
|turn|20
|
|t:|1658931530
|switch|p2a: Zapdos|Zapdos, shiny|100/100
|move|p1a: SlowBRUH|Future Sight|p2a: Zapdos
|-start|p1a: SlowBRUH|move: Future Sight
|
|-damage|p1a: SlowBRUH|36/100 tox|[from] psn
|upkeep
|turn|21
|
|t:|1658931533
|switch|p1a: King|Landorus-Therian, M|88/100 tox
|-ability|p1a: King|Intimidate|boost
|-unboost|p2a: Zapdos|atk|1
|move|p2a: Zapdos|Defog|p1a: King
|-unboost|p1a: King|evasion|1
|-sideend|p2: LT91BB Raizen|Stealth Rock|[from] move: Defog|[of] p2a: Zapdos
|
|-heal|p1a: King|94/100 tox|[from] item: Leftovers
|-damage|p1a: King|88/100 tox|[from] psn
|upkeep
|turn|22
|
|t:|1658931541
|move|p2a: Zapdos|Hurricane|p1a: King
|-damage|p1a: King|32/100 tox
|move|p1a: King|U-turn|p2a: Zapdos
|-resisted|p2a: Zapdos
|-damage|p2a: Zapdos|87/100
|
|t:|1658931545
|switch|p1a: Pink Demon|Clefable, F|45/100|[from]move: U-turn
|
|-end|p2a: Zapdos|move: Future Sight
|-crit|p2a: Zapdos
|-damage|p2a: Zapdos|11/100
|upkeep
|turn|23
|
|t:|1658931549
|move|p2a: Zapdos|Volt Switch|p1a: Pink Demon
|-damage|p1a: Pink Demon|10/100
|j| DrasticLightning
|
|t:|1658931556
|switch|p2a: Melmetal|Melmetal, shiny|99/100|[from]move: Volt Switch
|move|p1a: Pink Demon|Soft-Boiled|p1a: Pink Demon
|-heal|p1a: Pink Demon|60/100
|
|-heal|p2a: Melmetal|100/100|[from] item: Leftovers
|upkeep
|turn|24
|
|t:|1658931560
|switch|p1a: SlowBRUH|Slowbro, M|69/100 tox
|move|p2a: Melmetal|Double Iron Bash|p1a: SlowBRUH
|-resisted|p1a: SlowBRUH
|-damage|p1a: SlowBRUH|56/100 tox
|-damage|p2a: Melmetal|84/100|[from] item: Rocky Helmet|[of] p1a: SlowBRUH
|-resisted|p1a: SlowBRUH
|-damage|p1a: SlowBRUH|44/100 tox
|-damage|p2a: Melmetal|67/100|[from] item: Rocky Helmet|[of] p1a: SlowBRUH
|-hitcount|p1a: SlowBRUH|2
|
|-heal|p2a: Melmetal|74/100|[from] item: Leftovers
|-damage|p1a: SlowBRUH|38/100 tox|[from] psn
|upkeep
|turn|25
|
|t:|1658931564
|move|p2a: Melmetal|Double Iron Bash|p1a: SlowBRUH
|-resisted|p1a: SlowBRUH
|-damage|p1a: SlowBRUH|25/100 tox
|-damage|p2a: Melmetal|57/100|[from] item: Rocky Helmet|[of] p1a: SlowBRUH
|-resisted|p1a: SlowBRUH
|-crit|p1a: SlowBRUH
|-damage|p1a: SlowBRUH|7/100 tox
|-damage|p2a: Melmetal|40/100|[from] item: Rocky Helmet|[of] p1a: SlowBRUH
|-hitcount|p1a: SlowBRUH|2
|cant|p1a: SlowBRUH|flinch
|
|-heal|p2a: Melmetal|47/100|[from] item: Leftovers
|-damage|p1a: SlowBRUH|0 fnt|[from] psn
|faint|p1a: SlowBRUH
|upkeep
|j| LT91BB Mimi
|
|t:|1658931571
|switch|p1a: King|Landorus-Therian, M|32/100 tox
|-ability|p1a: King|Intimidate|boost
|-unboost|p2a: Melmetal|atk|1
|turn|26
|
|t:|1658931580
|switch|p2a: Zapdos|Zapdos, shiny|11/100
|move|p1a: King|U-turn|p2a: Zapdos
|-resisted|p2a: Zapdos
|-damage|p2a: Zapdos|0 fnt
|faint|p2a: Zapdos
|l| LT91BB Mimi
|j| Leo
|
|t:|1658931583
|switch|p1a: Melmetal|Melmetal|100/100|[from]move: U-turn
|
|upkeep
|j| LT91BB ashwonkalos
|
|t:|1658931589
|switch|p2a: Urshifu|Urshifu-Rapid-Strike, F|51/100
|turn|27
|
|t:|1658931601
|move|p2a: Urshifu|Close Combat|p1a: Melmetal
|-supereffective|p1a: Melmetal
|-damage|p1a: Melmetal|0 fnt
|-unboost|p2a: Urshifu|def|1
|-unboost|p2a: Urshifu|spd|1
|faint|p1a: Melmetal
|
|upkeep
|
|t:|1658931603
|switch|p1a: Pink Demon|Clefable, F|60/100
|turn|28
|
|t:|1658931609
|switch|p2a: Melmetal|Melmetal, shiny|47/100
|move|p1a: Pink Demon|Calm Mind|p1a: Pink Demon
|-boost|p1a: Pink Demon|spa|1
|-boost|p1a: Pink Demon|spd|1
|
|-heal|p2a: Melmetal|53/100|[from] item: Leftovers
|upkeep
|turn|29
|
|t:|1658931612
|move|p1a: Pink Demon|Flamethrower|p2a: Melmetal
|-supereffective|p2a: Melmetal
|-damage|p2a: Melmetal|0 fnt
|faint|p2a: Melmetal
|
|upkeep
|
|t:|1658931614
|switch|p2a: Urshifu|Urshifu-Rapid-Strike, F|51/100
|turn|30
|
|t:|1658931618
|move|p2a: Urshifu|Surging Strikes|p1a: Pink Demon
|-crit|p1a: Pink Demon
|-damage|p1a: Pink Demon|36/100
|-crit|p1a: Pink Demon
|-damage|p1a: Pink Demon|7/100
|-crit|p1a: Pink Demon
|-damage|p1a: Pink Demon|0 fnt
|faint|p1a: Pink Demon
|-hitcount|p1: Pink Demon|3
|
|upkeep
|-message|ElTester2000 forfeited.
|
|win|LT91BB Raizen
|raw|ElTester2000's rating: 1661 &rarr; <strong>1652</strong><br />(-9 for losing)
|raw|LT91BB Raizen's rating: 1877 &rarr; <strong>1886</strong><br />(+9 for winning)
|l|☆ElTester2000
|l| arbok13
|l| Leo
|l| Welli0u
|l| vkhss
|l| LT91BB xray
|l|☆LT91BB Raizen
|j| Lance's Time
|l| Ernstbusch
|l| reje
|l| ClumsyClefable
|l| ibleachyourskin
|l| LT91BB Amir
|j| OLT Farmer
|j| whoghohou
|l| Lance's Time
|l| OLT Farmer
|l| UU12S tobee
|l| whoghohou
|l| Allen-xia
||Ladder isn't responding, score probably updated but might not have (Request timeout).
|l| chiharu haru
|j| LT91BB magmafires
|l| LT91BB magmafires
|j| ownerfloor
|l| mars and back
|l| ownerfloor
|l| LT91BB ashwonkalos
|j| LT91BB Tace
|l| LT91BB Tace
|l| DrasticLightning
|j| Curryisnotgood
|l| Curryisnotgood
|l| LT91BB ong
|l| jhehehehe
|j| De la Bourdonnais
