|raw|<div class="broadcast-blue"><strong>This battle is required to be public due to a player having a name starting with 'lt93oq'.</div>
|j|☆Bleudeon
|j|☆LT93OQ Scary Hours
|t:|1660394839
|gametype|singles
|player|p1|Bleudeon|beauty-gen5bw2|1769
|player|p2|LT93OQ Scary Hours|blue-gen7|1727
|teamsize|p1|6
|teamsize|p2|6
|gen|8
|tier|[Gen 8] OU
|rated|
|rule|Sleep Clause Mod: Limit one foe put to sleep
|rule|Species Clause: Limit one of each Pokémon
|rule|OHKO Clause: OHKO moves are banned
|rule|Evasion Items Clause: Evasion items are banned
|rule|Evasion Moves Clause: Evasion moves are banned
|rule|Endless Battle Clause: Forcing endless battles is banned
|rule|HP Percentage Mod: HP is shown in percentages
|rule|Dynamax Clause: You cannot dynamax
|clearpoke
|poke|p1|Melmetal|
|poke|p1|Urshifu-*, M|
|poke|p1|Garchomp, M|
|poke|p1|Kartana|
|poke|p1|Landorus-Therian, M|
|poke|p1|Dragapult, M|
|poke|p2|Tapu Lele|
|poke|p2|Weavile, F|
|poke|p2|Heatran, M|
|poke|p2|Toxapex, M|
|poke|p2|Garchomp, F|
|poke|p2|Rotom-Wash|
|teampreview
|inactive|Battle timer is ON: inactive players will automatically lose when time's up. (requested by LT93OQ Scary Hours)
|
|t:|1660394847
|start
|switch|p1a: Landorus|Landorus-Therian, M|100/100
|switch|p2a: Rotom|Rotom-Wash|100/100
|-ability|p1a: Landorus|Intimidate|boost
|-unboost|p2a: Rotom|atk|1
|turn|1
|j| ProXXDev
|j| LT93OQ Horikita ❤
|
|t:|1660394872
|move|p1a: Landorus|Stealth Rock|p2a: Rotom
|-sidestart|p2: LT93OQ Scary Hours|move: Stealth Rock
|move|p2a: Rotom|Will-O-Wisp|p1a: Landorus
|-status|p1a: Landorus|brn
|
|-damage|p1a: Landorus|94/100 brn|[from] brn
|upkeep
|turn|2
|j| isabela000◥▶_◀◤
|l| LT93OQ Horikita ❤
|
|t:|1660394881
|move|p1a: Landorus|Knock Off|p2a: Rotom
|-damage|p2a: Rotom|85/100
|-enditem|p2a: Rotom|Leftovers|[from] move: Knock Off|[of] p1a: Landorus
|move|p2a: Rotom|Defog|p1a: Landorus
|-unboost|p1a: Landorus|evasion|1
|-sideend|p2: LT93OQ Scary Hours|Stealth Rock|[from] move: Defog|[of] p2a: Rotom
|
|-heal|p1a: Landorus|100/100 brn|[from] item: Leftovers
|-damage|p1a: Landorus|94/100 brn|[from] brn
|upkeep
|turn|3
|
|t:|1660394892
|switch|p2a: Toxapex|Toxapex, M|100/100
|move|p1a: Landorus|Stealth Rock|p2a: Toxapex
|-sidestart|p2: LT93OQ Scary Hours|move: Stealth Rock
|
|-heal|p1a: Landorus|100/100 brn|[from] item: Leftovers
|-damage|p1a: Landorus|94/100 brn|[from] brn
|upkeep
|turn|4
|
|t:|1660394901
|move|p1a: Landorus|Knock Off|p2a: Toxapex
|-damage|p2a: Toxapex|92/100
|-damage|p1a: Landorus|78/100 brn|[from] item: Rocky Helmet|[of] p2a: Toxapex
|-enditem|p2a: Toxapex|Rocky Helmet|[from] move: Knock Off|[of] p1a: Landorus
|move|p2a: Toxapex|Toxic Spikes|p1a: Landorus
|-sidestart|p1: Bleudeon|move: Toxic Spikes
|
|-heal|p1a: Landorus|84/100 brn|[from] item: Leftovers
|-damage|p1a: Landorus|78/100 brn|[from] brn
|upkeep
|turn|5
|j| Wish i was gud
|
|t:|1660394912
|move|p1a: Landorus|Earthquake|p2a: Toxapex
|-supereffective|p2a: Toxapex
|-damage|p2a: Toxapex|61/100
|move|p2a: Toxapex|Knock Off|p1a: Landorus
|-damage|p1a: Landorus|64/100 brn
|-enditem|p1a: Landorus|Leftovers|[from] move: Knock Off|[of] p2a: Toxapex
|
|-damage|p1a: Landorus|58/100 brn|[from] brn
|upkeep
|turn|6
|
|t:|1660394921
|move|p1a: Landorus|U-turn|p2a: Toxapex
|-resisted|p2a: Toxapex
|-crit|p2a: Toxapex
|-damage|p2a: Toxapex|55/100
|
|t:|1660394926
|switch|p1a: Kartana|Kartana|100/100|[from]move: U-turn
|move|p2a: Toxapex|Toxic Spikes|p1a: Kartana
|-sidestart|p1: Bleudeon|move: Toxic Spikes
|
|upkeep
|turn|7
|
|t:|1660394932
|move|p1a: Kartana|Swords Dance|p1a: Kartana
|-boost|p1a: Kartana|atk|2
|move|p2a: Toxapex|Recover|p2a: Toxapex
|-heal|p2a: Toxapex|100/100
|
|upkeep
|turn|8
|
|t:|1660394942
|switch|p2a: Garchomp|Garchomp, F|100/100
|-damage|p2a: Garchomp|94/100|[from] Stealth Rock
|move|p1a: Kartana|Leaf Blade|p2a: Garchomp
|-crit|p2a: Garchomp
|-damage|p2a: Garchomp|0 fnt
|-damage|p1a: Kartana|88/100|[from] ability: Rough Skin|[of] p2a: Garchomp
|faint|p2a: Garchomp
|-ability|p1a: Kartana|Beast Boost|boost
|-boost|p1a: Kartana|spe|1
|
|-heal|p1a: Kartana|94/100|[from] item: Leftovers
|upkeep
|
|t:|1660394948
|switch|p2a: Heatran|Heatran, M|100/100
|-damage|p2a: Heatran|88/100|[from] Stealth Rock
|turn|9
|
|t:|1660394959
|move|p1a: Kartana|Sacred Sword|p2a: Heatran
|-supereffective|p2a: Heatran
|-damage|p2a: Heatran|0 fnt
|faint|p2a: Heatran
|-ability|p1a: Kartana|Beast Boost|boost
|-boost|p1a: Kartana|spe|1
|
|-heal|p1a: Kartana|100/100|[from] item: Leftovers
|upkeep
|-message|LT93OQ Scary Hours forfeited.
|
|win|Bleudeon
|raw|Bleudeon's rating: 1748 &rarr; <strong>1767</strong><br />(+19 for winning)
|raw|LT93OQ Scary Hours's rating: 1727 &rarr; <strong>1708</strong><br />(-19 for losing)
|l|☆LT93OQ Scary Hours
