|raw|<div class="broadcast-blue"><strong>This battle is required to be public due to a player having a name starting with 'lt93oq'.</div>
|j|☆LT93OQ udon
|j|☆Escalando
|t:|1660382276
|gametype|singles
|player|p1|LT93OQ udon|2|1586
|player|p2|Escalando|hiker-gen4|1731
|teamsize|p1|6
|teamsize|p2|6
|gen|8
|tier|[Gen 8] OU
|rated|
|rule|Sleep Clause Mod: Limit one foe put to sleep
|rule|Species Clause: Limit one of each Pokémon
|rule|OHKO Clause: OHKO moves are banned
|rule|Evasion Items Clause: Evasion items are banned
|rule|Evasion Moves Clause: Evasion moves are banned
|rule|Endless Battle Clause: Forcing endless battles is banned
|rule|HP Percentage Mod: HP is shown in percentages
|rule|Dynamax Clause: You cannot dynamax
|clearpoke
|poke|p1|Urshifu-*, F|
|poke|p1|Heatran, F|
|poke|p1|Zapdos|
|poke|p1|Tapu Lele|
|poke|p1|Landorus-Therian, M|
|poke|p1|Slowking-Galar, F|
|poke|p2|Melmetal|
|poke|p2|Tornadus-Therian, M|
|poke|p2|Slowbro, F|
|poke|p2|Clefable, F|
|poke|p2|Weavile, F|
|poke|p2|Garchomp, M|
|teampreview
|inactive|Battle timer is ON: inactive players will automatically lose when time's up. (requested by LT93OQ udon)
|
|t:|1660382325
|start
|switch|p1a: Urshifu|Urshifu-Rapid-Strike, F|100/100
|switch|p2a: Weavile|Weavile, F|100/100
|-ability|p2a: Weavile|Pressure
|turn|1
|
|t:|1660382330
|switch|p2a: Slowbro|Slowbro, F|100/100
|move|p1a: Urshifu|U-turn|p2a: Slowbro
|-supereffective|p2a: Slowbro
|-damage|p2a: Slowbro|56/100
|
|t:|1660382335
|switch|p1a: Slowking|Slowking-Galar, F|100/100|[from]move: U-turn
|
|upkeep
|turn|2
|
|t:|1660382341
|move|p1a: Slowking|Future Sight|p2a: Slowbro
|-start|p1a: Slowking|move: Future Sight
|move|p2a: Slowbro|Teleport|p2a: Slowbro
|
|t:|1660382345
|switch|p2a: Garchomp|Garchomp, M|100/100|[from]move: Teleport
|
|upkeep
|turn|3
|
|t:|1660382350
|switch|p1a: Landorus|Landorus-Therian, M|100/100
|-ability|p1a: Landorus|Intimidate|boost
|-unboost|p2a: Garchomp|atk|1
|move|p2a: Garchomp|Stealth Rock|p1a: Landorus
|-sidestart|p1: LT93OQ udon|move: Stealth Rock
|
|upkeep
|turn|4
|
|t:|1660382361
|switch|p2a: Tornadus|Tornadus-Therian, M|100/100
|move|p1a: Landorus|Defog|p2a: Tornadus
|-unboost|p2a: Tornadus|evasion|1
|-sideend|p1: LT93OQ udon|Stealth Rock|[from] move: Defog|[of] p1a: Landorus
|
|-end|p2a: Tornadus|move: Future Sight
|-damage|p2a: Tornadus|34/100
|upkeep
|turn|5
|
|t:|1660382366
|move|p2a: Tornadus|Knock Off|p1a: Landorus
|-damage|p1a: Landorus|85/100
|-enditem|p1a: Landorus|Leftovers|[from] move: Knock Off|[of] p2a: Tornadus
|move|p1a: Landorus|Knock Off|p2a: Tornadus
|-damage|p2a: Tornadus|0 fnt
|-enditem|p2a: Tornadus|Heavy-Duty Boots|[from] move: Knock Off|[of] p1a: Landorus
|faint|p2a: Tornadus
|
|upkeep
|
|t:|1660382375
|switch|p2a: Weavile|Weavile, F|100/100
|-ability|p2a: Weavile|Pressure
|turn|6
|
|t:|1660382380
|switch|p1a: Heatran|Heatran, F|100/100
|move|p2a: Weavile|Knock Off|p1a: Heatran
|-damage|p1a: Heatran|60/100
|-enditem|p1a: Heatran|Leftovers|[from] move: Knock Off|[of] p2a: Weavile
|
|upkeep
|turn|7
|j| just nimmemja
|
|t:|1660382384
|switch|p2a: Garchomp|Garchomp, M|100/100
|move|p1a: Heatran|Stealth Rock|p2a: Garchomp
|-sidestart|p2: Escalando|move: Stealth Rock
|
|upkeep
|turn|8
|
|t:|1660382391
|move|p2a: Garchomp|Swords Dance|p2a: Garchomp
|-boost|p2a: Garchomp|atk|2
|move|p1a: Heatran|Toxic|p2a: Garchomp
|-status|p2a: Garchomp|tox
|
|-damage|p2a: Garchomp|94/100 tox|[from] psn
|upkeep
|turn|9
|
|t:|1660382397
|switch|p1a: Landorus|Landorus-Therian, M|85/100
|-ability|p1a: Landorus|Intimidate|boost
|-unboost|p2a: Garchomp|atk|1
|move|p2a: Garchomp|Stealth Rock|p1a: Landorus
|-sidestart|p1: LT93OQ udon|move: Stealth Rock
|
|-heal|p2a: Garchomp|100/100 tox|[from] item: Leftovers
|-damage|p2a: Garchomp|88/100 tox|[from] psn
|upkeep
|turn|10
|
|t:|1660382403
|switch|p1a: Tapu Lele|Tapu Lele|100/100
|-damage|p1a: Tapu Lele|88/100|[from] Stealth Rock
|-fieldstart|move: Psychic Terrain|[from] ability: Psychic Surge|[of] p1a: Tapu Lele
|move|p2a: Garchomp|Scale Shot|p1a: Tapu Lele
|-immune|p1a: Tapu Lele
|
|-heal|p2a: Garchomp|94/100 tox|[from] item: Leftovers
|-damage|p2a: Garchomp|76/100 tox|[from] psn
|upkeep
|turn|11
|
|t:|1660382411
|switch|p2a: Melmetal|Melmetal|100/100
|-damage|p2a: Melmetal|94/100|[from] Stealth Rock
|move|p1a: Tapu Lele|Moonblast|p2a: Melmetal
|-resisted|p2a: Melmetal
|-damage|p2a: Melmetal|71/100
|
|-heal|p2a: Melmetal|77/100|[from] item: Leftovers
|upkeep
|turn|12
|
|t:|1660382419
|switch|p1a: Heatran|Heatran, F|60/100
|-damage|p1a: Heatran|47/100|[from] Stealth Rock
|move|p2a: Melmetal|Double Iron Bash|p1a: Heatran
|-resisted|p1a: Heatran
|-damage|p1a: Heatran|39/100
|-status|p2a: Melmetal|brn|[from] ability: Flame Body|[of] p1a: Heatran
|-resisted|p1a: Heatran
|-damage|p1a: Heatran|34/100
|-hitcount|p1a: Heatran|2
|
|-heal|p2a: Melmetal|83/100 brn|[from] item: Leftovers
|-damage|p2a: Melmetal|77/100 brn|[from] brn
|upkeep
|turn|13
|
|t:|1660382425
|switch|p2a: Clefable|Clefable, F|100/100
|move|p1a: Heatran|Magma Storm|p2a: Clefable
|-damage|p2a: Clefable|61/100
|-activate|p2a: Clefable|move: Magma Storm|[of] p1a: Heatran
|
|upkeep
|turn|14
|
|t:|1660382430
|switch|p1a: Slowking|Slowking-Galar, F|100/100
|-damage|p1a: Slowking|88/100|[from] Stealth Rock
|move|p2a: Clefable|Aromatherapy|p2a: Clefable
|-activate|p2a: Clefable|move: Aromatherapy
|-curestatus|p2: Melmetal|brn|[msg]
|-curestatus|p2: Garchomp|tox|[msg]
|
|-end|p2a: Clefable|Magma Storm|[partiallytrapped]|[silent]
|-fieldend|move: Psychic Terrain
|upkeep
|turn|15
|
|t:|1660382438
|switch|p2a: Melmetal|Melmetal|77/100
|-damage|p2a: Melmetal|71/100|[from] Stealth Rock
|move|p1a: Slowking|Future Sight|p2a: Melmetal
|-start|p1a: Slowking|move: Future Sight
|
|-heal|p2a: Melmetal|77/100|[from] item: Leftovers
|upkeep
|turn|16
|
|t:|1660382446
|switch|p1a: Zapdos|Zapdos|100/100
|move|p2a: Melmetal|Double Iron Bash|p1a: Zapdos
|-resisted|p1a: Zapdos
|-damage|p1a: Zapdos|82/100
|-resisted|p1a: Zapdos
|-damage|p1a: Zapdos|64/100
|-status|p2a: Melmetal|par|[from] ability: Static|[of] p1a: Zapdos
|-hitcount|p1a: Zapdos|2
|
|-heal|p2a: Melmetal|83/100 par|[from] item: Leftovers
|upkeep
|turn|17
|
|t:|1660382450
|cant|p2a: Melmetal|par
|move|p1a: Zapdos|Volt Switch|p2a: Melmetal
|-damage|p2a: Melmetal|56/100 par
|
|t:|1660382455
|switch|p1a: Heatran|Heatran, F|34/100|[from]move: Volt Switch
|-damage|p1a: Heatran|21/100|[from] Stealth Rock
|
|-end|p2a: Melmetal|move: Future Sight
|-resisted|p2a: Melmetal
|-damage|p2a: Melmetal|27/100 par
|-heal|p2a: Melmetal|33/100 par|[from] item: Leftovers
|upkeep
|turn|18
|
|t:|1660382463
|switch|p2a: Garchomp|Garchomp, M|76/100
|-damage|p2a: Garchomp|70/100|[from] Stealth Rock
|move|p1a: Heatran|Magma Storm|p2a: Garchomp
|-resisted|p2a: Garchomp
|-damage|p2a: Garchomp|47/100
|-activate|p2a: Garchomp|move: Magma Storm|[of] p1a: Heatran
|
|-heal|p2a: Garchomp|54/100|[from] item: Leftovers
|-damage|p2a: Garchomp|41/100|[from] move: Magma Storm|[partiallytrapped]
|upkeep
|turn|19
|
|t:|1660382469
|move|p2a: Garchomp|Earthquake|p1a: Heatran
|-supereffective|p1a: Heatran
|-damage|p1a: Heatran|0 fnt
|faint|p1a: Heatran
|
|-heal|p2a: Garchomp|47/100|[from] item: Leftovers
|-end|p2a: Garchomp|Magma Storm|[partiallytrapped]|[silent]
|upkeep
|
|t:|1660382476
|switch|p1a: Tapu Lele|Tapu Lele|88/100
|-damage|p1a: Tapu Lele|76/100|[from] Stealth Rock
|-fieldstart|move: Psychic Terrain|[from] ability: Psychic Surge|[of] p1a: Tapu Lele
|turn|20
|
|t:|1660382484
|move|p1a: Tapu Lele|Moonblast|p2a: Garchomp
|-supereffective|p2a: Garchomp
|-damage|p2a: Garchomp|0 fnt
|faint|p2a: Garchomp
|
|upkeep
|
|t:|1660382487
|switch|p2a: Clefable|Clefable, F|61/100
|turn|21
|
|t:|1660382490
|switch|p1a: Slowking|Slowking-Galar, F|100/100
|-damage|p1a: Slowking|88/100|[from] Stealth Rock
|move|p2a: Clefable|Soft-Boiled|p2a: Clefable
|-heal|p2a: Clefable|100/100
|
|upkeep
|turn|22
|
|t:|1660382509
|move|p2a: Clefable|Aromatherapy|p2a: Clefable
|-activate|p2a: Clefable|move: Aromatherapy
|-curestatus|p2: Melmetal|par|[msg]
|move|p1a: Slowking|Flamethrower|p2a: Clefable
|-damage|p2a: Clefable|74/100
|
|upkeep
|turn|23
|
|t:|1660382528
|switch|p2a: Slowbro|Slowbro, F|90/100
|move|p1a: Slowking|Flamethrower|p2a: Slowbro
|-resisted|p2a: Slowbro
|-damage|p2a: Slowbro|76/100
|
|upkeep
|turn|24
|
|t:|1660382535
|move|p1a: Slowking|Future Sight|p2a: Slowbro
|-start|p1a: Slowking|move: Future Sight
|move|p2a: Slowbro|Future Sight|p1a: Slowking
|-start|p2a: Slowbro|move: Future Sight
|
|-fieldend|move: Psychic Terrain
|upkeep
|turn|25
|
|t:|1660382545
|move|p1a: Slowking|Sludge Bomb|p2a: Slowbro
|-damage|p2a: Slowbro|37/100
|move|p2a: Slowbro|Teleport|p2a: Slowbro
|
|t:|1660382549
|switch|p2a: Weavile|Weavile, F|100/100|[from]move: Teleport
|-ability|p2a: Weavile|Pressure
|
|upkeep
|turn|26
|
|t:|1660382557
|switch|p1a: Zapdos|Zapdos|64/100
|move|p2a: Weavile|Knock Off|p1a: Zapdos
|-damage|p1a: Zapdos|22/100
|-enditem|p1a: Zapdos|Heavy-Duty Boots|[from] move: Knock Off|[of] p2a: Weavile
|
|-end|p1a: Zapdos|move: Future Sight
|-damage|p1a: Zapdos|0 fnt
|faint|p1a: Zapdos
|-end|p2a: Weavile|move: Future Sight
|-immune|p2a: Weavile
|upkeep
|
|t:|1660382561
|switch|p1a: Urshifu|Urshifu-Rapid-Strike, F|100/100
|-damage|p1a: Urshifu|94/100|[from] Stealth Rock
|turn|27
|
|t:|1660382566
|switch|p2a: Clefable|Clefable, F|74/100
|move|p1a: Urshifu|U-turn|p2a: Clefable
|-resisted|p2a: Clefable
|-damage|p2a: Clefable|59/100
|-damage|p1a: Urshifu|78/100|[from] item: Rocky Helmet|[of] p2a: Clefable
|
|t:|1660382569
|switch|p1a: Slowking|Slowking-Galar, F|100/100|[from]move: U-turn
|-damage|p1a: Slowking|88/100|[from] Stealth Rock
|
|upkeep
|turn|28
|
|t:|1660382575
|switch|p2a: Weavile|Weavile, F|100/100
|-ability|p2a: Weavile|Pressure
|move|p1a: Slowking|Sludge Bomb|p2a: Weavile
|-damage|p2a: Weavile|35/100
|
|upkeep
|turn|29
|
|t:|1660382582
|switch|p1a: Landorus|Landorus-Therian, M|85/100
|-damage|p1a: Landorus|73/100|[from] Stealth Rock
|-ability|p1a: Landorus|Intimidate|boost
|-unboost|p2a: Weavile|atk|1
|move|p2a: Weavile|Knock Off|p1a: Landorus
|-damage|p1a: Landorus|58/100
|
|upkeep
|turn|30
|
|t:|1660382587
|switch|p1a: Urshifu|Urshifu-Rapid-Strike, F|78/100
|-damage|p1a: Urshifu|72/100|[from] Stealth Rock
|move|p2a: Weavile|Triple Axel|p1a: Urshifu|[miss]
|-miss|p2a: Weavile|p1a: Urshifu
|
|upkeep
|turn|31
|
|t:|1660382599
|switch|p2a: Clefable|Clefable, F|59/100
|move|p1a: Urshifu|Surging Strikes|p2a: Clefable
|-crit|p2a: Clefable
|-damage|p2a: Clefable|34/100
|-damage|p1a: Urshifu|55/100|[from] item: Rocky Helmet|[of] p2a: Clefable
|-crit|p2a: Clefable
|-damage|p2a: Clefable|10/100
|-damage|p1a: Urshifu|39/100|[from] item: Rocky Helmet|[of] p2a: Clefable
|-crit|p2a: Clefable
|-damage|p2a: Clefable|0 fnt
|-damage|p1a: Urshifu|22/100|[from] item: Rocky Helmet|[of] p2a: Clefable
|faint|p2a: Clefable
|-hitcount|p2: Clefable|3
|
|upkeep
|
|t:|1660382611
|switch|p2a: Slowbro|Slowbro, F|70/100
|turn|32
|
|t:|1660382621
|switch|p1a: Slowking|Slowking-Galar, F|100/100
|-damage|p1a: Slowking|88/100|[from] Stealth Rock
|move|p2a: Slowbro|Scald|p1a: Slowking
|-damage|p1a: Slowking|73/100
|-status|p1a: Slowking|brn
|
|-damage|p1a: Slowking|67/100 brn|[from] brn
|upkeep
|turn|33
|
|t:|1660382626
|move|p1a: Slowking|Future Sight|p2a: Slowbro
|-start|p1a: Slowking|move: Future Sight
|move|p2a: Slowbro|Future Sight|p1a: Slowking
|-start|p2a: Slowbro|move: Future Sight
|
|-damage|p1a: Slowking|61/100 brn|[from] brn
|upkeep
|turn|34
|
|t:|1660382634
|move|p1a: Slowking|Sludge Bomb|p2a: Slowbro
|-damage|p2a: Slowbro|29/100
|move|p2a: Slowbro|Slack Off|p2a: Slowbro
|-heal|p2a: Slowbro|79/100
|
|-damage|p1a: Slowking|55/100 brn|[from] brn
|upkeep
|turn|35
|
|t:|1660382642
|move|p1a: Slowking|Sludge Bomb|p2a: Slowbro
|-damage|p2a: Slowbro|34/100
|-status|p2a: Slowbro|psn
|move|p2a: Slowbro|Slack Off|p2a: Slowbro
|-heal|p2a: Slowbro|84/100 psn
|
|-end|p2a: Slowbro|move: Future Sight
|-resisted|p2a: Slowbro
|-damage|p2a: Slowbro|55/100 psn
|-end|p1a: Slowking|move: Future Sight
|-damage|p1a: Slowking|32/100 brn
|-damage|p2a: Slowbro|42/100 psn|[from] psn
|-damage|p1a: Slowking|26/100 brn|[from] brn
|upkeep
|turn|36
|
|t:|1660382646
|switch|p1a: Tapu Lele|Tapu Lele|76/100
|-damage|p1a: Tapu Lele|63/100|[from] Stealth Rock
|-fieldstart|move: Psychic Terrain|[from] ability: Psychic Surge|[of] p1a: Tapu Lele
|move|p2a: Slowbro|Slack Off|p2a: Slowbro
|-heal|p2a: Slowbro|92/100 psn
|
|-damage|p2a: Slowbro|80/100 psn|[from] psn
|upkeep
|turn|37
|
|t:|1660382653
|move|p1a: Tapu Lele|Moonblast|p2a: Slowbro
|-damage|p2a: Slowbro|32/100 psn
|move|p2a: Slowbro|Teleport|p2a: Slowbro
|
|t:|1660382654
|switch|p2a: Melmetal|Melmetal|33/100|[from]move: Teleport
|-damage|p2a: Melmetal|27/100|[from] Stealth Rock
|
|-heal|p2a: Melmetal|33/100|[from] item: Leftovers
|upkeep
|turn|38
|
|t:|1660382668
|switch|p1a: Urshifu|Urshifu-Rapid-Strike, F|22/100
|-damage|p1a: Urshifu|16/100|[from] Stealth Rock
|move|p2a: Melmetal|Double Iron Bash|p1a: Urshifu
|-resisted|p1a: Urshifu
|-damage|p1a: Urshifu|0 fnt
|faint|p1a: Urshifu
|-hitcount|p1: Urshifu|1
|
|-heal|p2a: Melmetal|39/100|[from] item: Leftovers
|upkeep
|
|t:|1660382669
|switch|p1a: Landorus|Landorus-Therian, M|58/100
|-damage|p1a: Landorus|46/100|[from] Stealth Rock
|-ability|p1a: Landorus|Intimidate|boost
|-unboost|p2a: Melmetal|atk|1
|turn|39
|
|t:|1660382683
|switch|p2a: Weavile|Weavile, F|35/100
|-ability|p2a: Weavile|Pressure
|move|p1a: Landorus|Earthquake|p2a: Weavile
|-crit|p2a: Weavile
|-damage|p2a: Weavile|0 fnt
|faint|p2a: Weavile
|
|upkeep
|
|t:|1660382684
|switch|p2a: Slowbro|Slowbro, F|65/100 psn
|turn|40
|
|t:|1660382693
|move|p1a: Landorus|U-turn|p2a: Slowbro
|-supereffective|p2a: Slowbro
|-damage|p2a: Slowbro|37/100 psn
|
|t:|1660382697
|switch|p1a: Tapu Lele|Tapu Lele|63/100|[from]move: U-turn
|-damage|p1a: Tapu Lele|51/100|[from] Stealth Rock
|move|p2a: Slowbro|Slack Off|p2a: Slowbro
|-heal|p2a: Slowbro|87/100 psn
|
|-damage|p2a: Slowbro|74/100 psn|[from] psn
|-fieldend|move: Psychic Terrain
|upkeep
|turn|41
|
|t:|1660382700
|move|p1a: Tapu Lele|Moonblast|p2a: Slowbro
|-damage|p2a: Slowbro|24/100 psn
|-unboost|p2a: Slowbro|spa|1
|move|p2a: Slowbro|Slack Off|p2a: Slowbro
|-heal|p2a: Slowbro|74/100 psn
|
|-damage|p2a: Slowbro|62/100 psn|[from] psn
|upkeep
|turn|42
|
|t:|1660382708
|move|p1a: Tapu Lele|Moonblast|p2a: Slowbro
|-damage|p2a: Slowbro|17/100 psn
|-unboost|p2a: Slowbro|spa|1
|move|p2a: Slowbro|Teleport|p2a: Slowbro
|
|t:|1660382710
|switch|p2a: Melmetal|Melmetal|39/100|[from]move: Teleport
|-damage|p2a: Melmetal|33/100|[from] Stealth Rock
|
|-heal|p2a: Melmetal|39/100|[from] item: Leftovers
|upkeep
|turn|43
|
|t:|1660382713
|switch|p1a: Slowking|Slowking-Galar, F|60/100 brn
|-damage|p1a: Slowking|47/100 brn|[from] Stealth Rock
|move|p2a: Melmetal|Double Iron Bash|p1a: Slowking
|-damage|p1a: Slowking|0 fnt
|faint|p1a: Slowking
|-hitcount|p1: Slowking|1
|
|-heal|p2a: Melmetal|45/100|[from] item: Leftovers
|upkeep
|
|t:|1660382715
|switch|p1a: Landorus|Landorus-Therian, M|46/100
|-damage|p1a: Landorus|33/100|[from] Stealth Rock
|-ability|p1a: Landorus|Intimidate|boost
|-unboost|p2a: Melmetal|atk|1
|turn|44
|
|t:|1660382717
|move|p2a: Melmetal|Protect|p2a: Melmetal
|-singleturn|p2a: Melmetal|Protect
|move|p1a: Landorus|Earthquake|p2a: Melmetal
|-activate|p2a: Melmetal|move: Protect
|
|-heal|p2a: Melmetal|51/100|[from] item: Leftovers
|upkeep
|turn|45
|
|t:|1660382727
|move|p1a: Landorus|Earthquake|p2a: Melmetal
|-supereffective|p2a: Melmetal
|-damage|p2a: Melmetal|0 fnt
|faint|p2a: Melmetal
|
|upkeep
|
|t:|1660382729
|switch|p2a: Slowbro|Slowbro, F|50/100 psn
|turn|46
|
|t:|1660382745
|move|p1a: Landorus|Knock Off|p2a: Slowbro
|-supereffective|p2a: Slowbro
|-damage|p2a: Slowbro|13/100 psn
|-enditem|p2a: Slowbro|Heavy-Duty Boots|[from] move: Knock Off|[of] p1a: Landorus
|move|p2a: Slowbro|Slack Off|p2a: Slowbro
|-heal|p2a: Slowbro|63/100 psn
|
|-damage|p2a: Slowbro|50/100 psn|[from] psn
|upkeep
|turn|47
|
|t:|1660382749
|move|p1a: Landorus|U-turn|p2a: Slowbro
|-supereffective|p2a: Slowbro
|-damage|p2a: Slowbro|21/100 psn
|
|t:|1660382751
|switch|p1a: Tapu Lele|Tapu Lele|51/100|[from]move: U-turn
|-damage|p1a: Tapu Lele|38/100|[from] Stealth Rock
|-fieldstart|move: Psychic Terrain|[from] ability: Psychic Surge|[of] p1a: Tapu Lele
|move|p2a: Slowbro|Slack Off|p2a: Slowbro
|-heal|p2a: Slowbro|71/100 psn
|
|-damage|p2a: Slowbro|59/100 psn|[from] psn
|upkeep
|turn|48
|
|t:|1660382755
|move|p1a: Tapu Lele|Moonblast|p2a: Slowbro
|-damage|p2a: Slowbro|15/100 psn
|move|p2a: Slowbro|Slack Off|p2a: Slowbro
|-heal|p2a: Slowbro|65/100 psn
|
|-damage|p2a: Slowbro|53/100 psn|[from] psn
|upkeep
|turn|49
|j| CanUrepeat
|
|t:|1660382758
|move|p1a: Tapu Lele|Moonblast|p2a: Slowbro
|-crit|p2a: Slowbro
|-damage|p2a: Slowbro|0 fnt
|faint|p2a: Slowbro
|
|win|LT93OQ udon
|raw|LT93OQ udon's rating: 1586 &rarr; <strong>1614</strong><br />(+28 for winning)
|raw|Escalando's rating: 1731 &rarr; <strong>1703</strong><br />(-28 for losing)
|l|☆Escalando
|l|☆LT93OQ udon
||Ladder isn't responding, score probably updated but might not have (Request timeout).
