|j|☆haunter77
|j|☆TheonReekGreyjoy
|t:|1632084477
|gametype|singles
|player|p1|haunter77|285|1788
|player|p2|TheonReekGreyjoy|2|1825
|teamsize|p1|6
|teamsize|p2|6
|gen|8
|tier|[Gen 8] OU
|rated|
|rule|Sleep Clause Mod: Limit one foe put to sleep
|rule|Species Clause: Limit one of each Pokémon
|rule|OHKO Clause: OHKO moves are banned
|rule|Evasion Moves Clause: Evasion moves are banned
|rule|Endless Battle Clause: Forcing endless battles is banned
|rule|HP Percentage Mod: HP is shown in percentages
|rule|Dynamax Clause: You cannot dynamax
|clearpoke
|poke|p1|Victini|
|poke|p1|Kartana|
|poke|p1|Tapu Bulu|
|poke|p1|Porygon2|
|poke|p1|Landorus-Therian, M|
|poke|p1|Moltres|
|poke|p2|Ninetales-Alola, F|
|poke|p2|Arctozolt|
|poke|p2|Landorus-Therian, M|
|poke|p2|Corviknight, F|
|poke|p2|Tornadus-Therian, M|
|poke|p2|Volcanion|
|teampreview
|j| alansapinsly
|inactive|Battle timer is ON: inactive players will automatically lose when time's up. (requested by haunter77)
|j| GalarianN00b
|inactive|TheonReekGreyjoy has 120 seconds left.
|
|t:|1632084540
|start
|switch|p1a: Victini|Victini|100/100
|switch|p2a: Tornadus|Tornadus-Therian, M|100/100
|turn|1
|j| khuigyftdrt
|inactive|haunter77 has 120 seconds left.
|
|t:|1632084596
|move|p2a: Tornadus|Knock Off|p1a: Victini
|-supereffective|p1a: Victini
|-damage|p1a: Victini|62/100
|-enditem|p1a: Victini|Assault Vest|[from] move: Knock Off|[of] p2a: Tornadus
|move|p1a: Victini|Glaciate|p2a: Tornadus
|-supereffective|p2a: Tornadus
|-damage|p2a: Tornadus|78/100
|-unboost|p2a: Tornadus|spe|1
|
|upkeep
|turn|2
|inactive|TheonReekGreyjoy has 120 seconds left.
|j| melt is op
|
|t:|1632084637
|move|p1a: Victini|Bolt Strike|p2a: Tornadus
|-supereffective|p2a: Tornadus
|-damage|p2a: Tornadus|5/100
|move|p2a: Tornadus|Knock Off|p1a: Victini
|-supereffective|p1a: Victini
|-damage|p1a: Victini|34/100
|
|upkeep
|turn|3
|j| vepp
|
|t:|1632084648
|switch|p2a: Landorus|Landorus-Therian, M|100/100
|-ability|p2a: Landorus|Intimidate|boost
|-unboost|p1a: Victini|atk|1
|move|p1a: Victini|V-create|p2a: Landorus
|-damage|p2a: Landorus|50/100
|-unboost|p1a: Victini|spe|1
|-unboost|p1a: Victini|def|1
|-unboost|p1a: Victini|spd|1
|
|-heal|p2a: Landorus|56/100|[from] item: Leftovers
|upkeep
|turn|4
|
|t:|1632084661
|switch|p1a: Moltres|Moltres|100/100
|move|p2a: Landorus|U-turn|p1a: Moltres
|-resisted|p1a: Moltres
|-damage|p1a: Moltres|97/100
|
|t:|1632084665
|switch|p2a: Volcanion|Volcanion|100/100|[from]move: U-turn
|
|upkeep
|turn|5
|inactive|haunter77 has 120 seconds left.
|
|t:|1632084672
|switch|p1a: Porygon2|Porygon2|100/100
|move|p2a: Volcanion|Steam Eruption|p1a: Porygon2
|-damage|p1a: Porygon2|43/100
|
|upkeep
|turn|6
|
|t:|1632084679
|switch|p1a: Tapu Bulu|Tapu Bulu|100/100
|-fieldstart|move: Grassy Terrain|[from] ability: Grassy Surge|[of] p1a: Tapu Bulu
|move|p2a: Volcanion|Steam Eruption|p1a: Tapu Bulu
|-resisted|p1a: Tapu Bulu
|-damage|p1a: Tapu Bulu|68/100
|
|-heal|p1a: Tapu Bulu|74/100|[from] Grassy Terrain
|-heal|p1a: Tapu Bulu|80/100|[from] item: Leftovers
|upkeep
|turn|7
|
|t:|1632084691
|switch|p2a: Corviknight|Corviknight, F|100/100
|-ability|p2a: Corviknight|Pressure
|move|p1a: Tapu Bulu|Swords Dance|p1a: Tapu Bulu
|-boost|p1a: Tapu Bulu|atk|2
|
|-heal|p1a: Tapu Bulu|87/100|[from] Grassy Terrain
|-heal|p1a: Tapu Bulu|93/100|[from] item: Leftovers
|upkeep
|turn|8
|
|t:|1632084694
|move|p1a: Tapu Bulu|Swords Dance|p1a: Tapu Bulu
|-boost|p1a: Tapu Bulu|atk|2
|move|p2a: Corviknight|U-turn|p1a: Tapu Bulu
|-damage|p1a: Tapu Bulu|80/100
|
|t:|1632084701
|switch|p2a: Ninetales|Ninetales-Alola, F|100/100|[from]move: U-turn
|-weather|Hail|[from] ability: Snow Warning|[of] p2a: Ninetales
|
|-weather|Hail|[upkeep]
|-damage|p1a: Tapu Bulu|74/100|[from] Hail
|-heal|p1a: Tapu Bulu|80/100|[from] Grassy Terrain
|-heal|p1a: Tapu Bulu|86/100|[from] item: Leftovers
|upkeep
|turn|9
|
|t:|1632084704
|move|p2a: Ninetales|Encore|p1a: Tapu Bulu
|-start|p1a: Tapu Bulu|Encore
|move|p1a: Tapu Bulu|Swords Dance|p1a: Tapu Bulu
|-boost|p1a: Tapu Bulu|atk|2
|
|-weather|Hail|[upkeep]
|-damage|p1a: Tapu Bulu|80/100|[from] Hail
|-heal|p1a: Tapu Bulu|86/100|[from] Grassy Terrain
|-heal|p1a: Tapu Bulu|92/100|[from] item: Leftovers
|upkeep
|turn|10
|
|t:|1632084712
|switch|p2a: Arctozolt|Arctozolt|100/100
|switch|p1a: Victini|Victini|34/100
|
|-weather|Hail|[upkeep]
|-damage|p1a: Victini|28/100|[from] Hail
|-heal|p1a: Victini|34/100|[from] Grassy Terrain
|-fieldend|move: Grassy Terrain
|upkeep
|turn|11
|j| Hokul
|
|t:|1632084724
|switch|p1a: Landorus|Landorus-Therian, M|100/100
|-ability|p1a: Landorus|Intimidate|boost
|-unboost|p2a: Arctozolt|atk|1
|move|p2a: Arctozolt|Substitute|p2a: Arctozolt
|-start|p2a: Arctozolt|Substitute
|-damage|p2a: Arctozolt|76/100
|
|-weather|Hail|[upkeep]
|-damage|p1a: Landorus|95/100|[from] Hail
|-heal|p2a: Arctozolt|82/100|[from] item: Leftovers
|upkeep
|turn|12
|
|t:|1632084739
|switch|p1a: Moltres|Moltres|97/100
|move|p2a: Arctozolt|Blizzard|p1a: Moltres
|-damage|p1a: Moltres|59/100
|
|-weather|Hail|[upkeep]
|-damage|p1a: Moltres|53/100|[from] Hail
|-heal|p2a: Arctozolt|88/100|[from] item: Leftovers
|upkeep
|turn|13
|
|t:|1632084760
|move|p2a: Arctozolt|Bolt Beak|p1a: Moltres
|-supereffective|p1a: Moltres
|-damage|p1a: Moltres|0 fnt
|-status|p2a: Arctozolt|brn|[from] ability: Flame Body|[of] p1a: Moltres
|faint|p1a: Moltres
|
|-weather|Hail|[upkeep]
|-heal|p2a: Arctozolt|94/100 brn|[from] item: Leftovers
|-damage|p2a: Arctozolt|88/100 brn|[from] brn
|upkeep
|
|t:|1632084769
|switch|p1a: Porygon2|Porygon2|43/100
|turn|14
|
|t:|1632084774
|move|p2a: Arctozolt|Blizzard|p1a: Porygon2
|-damage|p1a: Porygon2|20/100
|move|p1a: Porygon2|Recover|p1a: Porygon2
|-heal|p1a: Porygon2|70/100
|
|-weather|Hail|[upkeep]
|-damage|p1a: Porygon2|64/100|[from] Hail
|-heal|p2a: Arctozolt|94/100 brn|[from] item: Leftovers
|-damage|p2a: Arctozolt|88/100 brn|[from] brn
|upkeep
|turn|15
|
|t:|1632084782
|switch|p2a: Tornadus|Tornadus-Therian, M|38/100
|move|p1a: Porygon2|Tri Attack|p2a: Tornadus
|-damage|p2a: Tornadus|2/100
|-status|p2a: Tornadus|par
|
|-weather|none
|upkeep
|turn|16
|l| Hokul
|c|☆TheonReekGreyjoy|Lol
|
|t:|1632084799
|switch|p1a: Victini|Victini|34/100
|move|p2a: Tornadus|Knock Off|p1a: Victini
|-supereffective|p1a: Victini
|-damage|p1a: Victini|7/100
|
|upkeep
|turn|17
|
|t:|1632084811
|move|p1a: Victini|Glaciate|p2a: Tornadus
|-supereffective|p2a: Tornadus
|-damage|p2a: Tornadus|0 fnt
|faint|p2a: Tornadus
|
|upkeep
|
|t:|1632084816
|switch|p2a: Ninetales|Ninetales-Alola, F|100/100
|-weather|Hail|[from] ability: Snow Warning|[of] p2a: Ninetales
|turn|18
|
|t:|1632084819
|move|p2a: Ninetales|Freeze-Dry|p1a: Victini
|-resisted|p1a: Victini
|-damage|p1a: Victini|0 fnt
|faint|p1a: Victini
|
|-weather|Hail|[upkeep]
|upkeep
|
|t:|1632084830
|switch|p1a: Landorus|Landorus-Therian, M|95/100
|-ability|p1a: Landorus|Intimidate|boost
|-unboost|p2a: Ninetales|atk|1
|turn|19
|
|t:|1632084837
|move|p1a: Landorus|Explosion|p2a: Ninetales
|-damage|p2a: Ninetales|0 fnt
|faint|p1a: Landorus
|faint|p2a: Ninetales
|
|-weather|Hail|[upkeep]
|upkeep
|
|t:|1632084853
|switch|p2a: Landorus|Landorus-Therian, M|56/100
|switch|p1a: Tapu Bulu|Tapu Bulu|92/100
|-ability|p2a: Landorus|Intimidate|boost
|-unboost|p1a: Tapu Bulu|atk|1
|-fieldstart|move: Grassy Terrain|[from] ability: Grassy Surge|[of] p1a: Tapu Bulu
|turn|20
|
|t:|1632084858
|switch|p2a: Corviknight|Corviknight, F|100/100
|-ability|p2a: Corviknight|Pressure
|move|p1a: Tapu Bulu|Swords Dance|p1a: Tapu Bulu
|-boost|p1a: Tapu Bulu|atk|2
|
|-weather|Hail|[upkeep]
|-damage|p1a: Tapu Bulu|86/100|[from] Hail
|-damage|p2a: Corviknight|94/100|[from] Hail
|-heal|p1a: Tapu Bulu|92/100|[from] Grassy Terrain
|-heal|p1a: Tapu Bulu|98/100|[from] item: Leftovers
|upkeep
|turn|21
|
|t:|1632084862
|move|p1a: Tapu Bulu|Swords Dance|p1a: Tapu Bulu
|-boost|p1a: Tapu Bulu|atk|2
|move|p2a: Corviknight|U-turn|p1a: Tapu Bulu
|-damage|p1a: Tapu Bulu|87/100
|
|t:|1632084866
|switch|p2a: Volcanion|Volcanion|100/100|[from]move: U-turn
|
|-weather|Hail|[upkeep]
|-damage|p2a: Volcanion|94/100|[from] Hail
|-damage|p1a: Tapu Bulu|80/100|[from] Hail
|-heal|p2a: Volcanion|100/100|[from] Grassy Terrain
|-heal|p1a: Tapu Bulu|87/100|[from] Grassy Terrain
|-heal|p1a: Tapu Bulu|93/100|[from] item: Leftovers
|upkeep
|turn|22
|
|t:|1632084877
|move|p2a: Volcanion|Fire Blast|p1a: Tapu Bulu
|-supereffective|p1a: Tapu Bulu
|-damage|p1a: Tapu Bulu|0 fnt
|faint|p1a: Tapu Bulu
|
|-weather|Hail|[upkeep]
|-damage|p2a: Volcanion|94/100|[from] Hail
|-heal|p2a: Volcanion|100/100|[from] Grassy Terrain
|upkeep
|
|t:|1632084884
|switch|p1a: Porygon2|Porygon2|64/100
|turn|23
|
|t:|1632084891
|move|p2a: Volcanion|Fire Blast|p1a: Porygon2
|-damage|p1a: Porygon2|8/100
|move|p1a: Porygon2|Discharge|p2a: Volcanion
|-supereffective|p2a: Volcanion
|-damage|p2a: Volcanion|23/100
|
|-weather|Hail|[upkeep]
|-damage|p2a: Volcanion|17/100|[from] Hail
|-damage|p1a: Porygon2|2/100|[from] Hail
|-heal|p2a: Volcanion|23/100|[from] Grassy Terrain
|-heal|p1a: Porygon2|8/100|[from] Grassy Terrain
|upkeep
|turn|24
|
|t:|1632084898
|move|p2a: Volcanion|Fire Blast|p1a: Porygon2
|-damage|p1a: Porygon2|0 fnt
|faint|p1a: Porygon2
|
|-weather|Hail|[upkeep]
|-damage|p2a: Volcanion|17/100|[from] Hail
|-heal|p2a: Volcanion|23/100|[from] Grassy Terrain
|-fieldend|move: Grassy Terrain
|upkeep
|
|t:|1632084900
|switch|p1a: Kartana|Kartana|100/100
|turn|25
|
|t:|1632084903
|move|p1a: Kartana|Swords Dance|p1a: Kartana
|-boost|p1a: Kartana|atk|2
|move|p2a: Volcanion|Fire Blast|p1a: Kartana
|-supereffective|p1a: Kartana
|-damage|p1a: Kartana|0 fnt
|faint|p1a: Kartana
|
|win|TheonReekGreyjoy
|raw|haunter77's rating: 1788 &rarr; <strong>1770</strong><br />(-18 for losing)
|raw|TheonReekGreyjoy's rating: 1825 &rarr; <strong>1843</strong><br />(+18 for winning)
|l|☆haunter77
||Ladder isn't responding, score probably updated but might not have (Request timeout).
|l| vepp
|l| khuigyftdrt
|l|☆TheonReekGreyjoy
|j| gfhdgfhdfghdf
|j| ihougiyfutd
|l| gfhdgfhdfghdf
|l| GalarianN00b
|l| melt is op
