|j|☆tester113
|j|☆LECH24
|t:|1667077707
|gametype|singles
|player|p1|tester113|unknown|1652
|player|p2|LECH24|102|1683
|teamsize|p1|6
|teamsize|p2|6
|gen|8
|tier|[Gen 8] OU
|rated|
|rule|Sleep Clause Mod: Limit one foe put to sleep
|rule|Species Clause: Limit one of each Pokémon
|rule|OHKO Clause: OHKO moves are banned
|rule|Evasion Items Clause: Evasion items are banned
|rule|Evasion Moves Clause: Evasion moves are banned
|rule|Endless Battle Clause: Forcing endless battles is banned
|rule|HP Percentage Mod: HP is shown in percentages
|rule|Dynamax Clause: You cannot dynamax
|clearpoke
|poke|p1|Zeraora|
|poke|p1|Dragapult, F|
|poke|p1|Heatran, F|
|poke|p1|Rillaboom, F|
|poke|p1|Clefable, F|
|poke|p1|Mandibuzz, F|
|poke|p2|Clefable, F|
|poke|p2|Slowking-Galar, M|
|poke|p2|Dragapult, F|
|poke|p2|Dragonite, M|
|poke|p2|Seismitoad, F|
|poke|p2|Bisharp, F|
|teampreview
|inactive|Battle timer is ON: inactive players will automatically lose when time's up. (requested by tester113)
|j| yohohohohoho69
|
|t:|1667077735
|start
|switch|p1a: Rillaboom|Rillaboom, F|100/100
|switch|p2a: Clefable|Clefable, F|100/100
|-fieldstart|move: Grassy Terrain|[from] ability: Grassy Surge|[of] p1a: Rillaboom
|turn|1
|
|t:|1667077748
|switch|p2a: Bisharp|Bisharp, F|100/100
|move|p1a: Rillaboom|Wood Hammer|p2a: Bisharp
|-resisted|p2a: Bisharp
|-damage|p2a: Bisharp|24/100
|-damage|p1a: Rillaboom|80/100|[from] Recoil
|
|-heal|p1a: Rillaboom|86/100|[from] Grassy Terrain
|-heal|p2a: Bisharp|30/100|[from] Grassy Terrain
|upkeep
|turn|2
|
|t:|1667077761
|switch|p2a: Slowking|Slowking-Galar, M|100/100
|move|p1a: Rillaboom|Wood Hammer|p2a: Slowking
|-resisted|p2a: Slowking
|-damage|p2a: Slowking|33/100
|-damage|p1a: Rillaboom|61/100|[from] Recoil
|
|-heal|p1a: Rillaboom|68/100|[from] Grassy Terrain
|-heal|p2a: Slowking|39/100|[from] Grassy Terrain
|upkeep
|turn|3
|
|t:|1667077772
|switch|p1a: Dragapult|Dragapult, F, shiny|100/100
|switch|p2a: Dragonite|Dragonite, M|100/100
|
|upkeep
|turn|4
|
|t:|1667077778
|switch|p2a: Slowking|Slowking-Galar, M|72/100
|move|p1a: Dragapult|Draco Meteor|p2a: Slowking
|-damage|p2a: Slowking|34/100
|-unboost|p1a: Dragapult|spa|2
|
|-heal|p2a: Slowking|40/100|[from] Grassy Terrain
|upkeep
|turn|5
|
|t:|1667077787
|switch|p1a: Clefable|Clefable, F|100/100
|move|p2a: Slowking|Future Sight|p1a: Clefable
|-start|p2a: Slowking|move: Future Sight
|
|-heal|p2a: Slowking|46/100|[from] Grassy Terrain
|-fieldend|move: Grassy Terrain
|upkeep
|turn|6
|
|t:|1667077793
|move|p1a: Clefable|Stealth Rock|p2a: Slowking
|-sidestart|p2: LECH24|move: Stealth Rock
|move|p2a: Slowking|Sludge Bomb|p1a: Clefable
|-supereffective|p1a: Clefable
|-damage|p1a: Clefable|27/100
|-status|p1a: Clefable|psn
|
|-heal|p1a: Clefable|33/100 psn|[from] item: Leftovers
|upkeep
|turn|7
|
|t:|1667077801
|switch|p1a: Mandibuzz|Mandibuzz, F|100/100
|move|p2a: Slowking|Sludge Bomb|p1a: Mandibuzz
|-damage|p1a: Mandibuzz|74/100
|
|-end|p1a: Mandibuzz|move: Future Sight
|-immune|p1a: Mandibuzz
|upkeep
|turn|8
|
|t:|1667077809
|switch|p2a: Clefable|Clefable, F|100/100
|move|p1a: Mandibuzz|U-turn|p2a: Clefable
|-resisted|p2a: Clefable
|-damage|p2a: Clefable|96/100
|
|t:|1667077814
|switch|p1a: Heatran|Heatran, F|100/100|[from]move: U-turn
|
|upkeep
|turn|9
|
|t:|1667077822
|switch|p2a: Slowking|Slowking-Galar, M|80/100
|-damage|p2a: Slowking|67/100|[from] Stealth Rock
|move|p1a: Heatran|Magma Storm|p2a: Slowking
|-damage|p2a: Slowking|42/100
|-activate|p2a: Slowking|move: Magma Storm|[of] p1a: Heatran
|
|-damage|p2a: Slowking|29/100|[from] move: Magma Storm|[partiallytrapped]
|upkeep
|turn|10
|
|t:|1667077830
|move|p1a: Heatran|Earth Power|p2a: Slowking
|-supereffective|p2a: Slowking
|-damage|p2a: Slowking|0 fnt
|faint|p2a: Slowking
|
|upkeep
|
|t:|1667077840
|switch|p2a: Dragonite|Dragonite, M|100/100
|turn|11
|
|t:|1667077846
|move|p2a: Dragonite|Earthquake|p1a: Heatran
|-supereffective|p1a: Heatran
|-damage|p1a: Heatran|0 fnt
|faint|p1a: Heatran
|
|upkeep
|
|t:|1667077853
|switch|p1a: Clefable|Clefable, F|33/100 psn
|turn|12
|
|t:|1667077860
|switch|p2a: Bisharp|Bisharp, F|30/100
|-damage|p2a: Bisharp|24/100|[from] Stealth Rock
|move|p1a: Clefable|Protect||[still]
|-fail|p1a: Clefable
|
|-heal|p1a: Clefable|40/100 psn|[from] item: Leftovers
|upkeep
|turn|13
|
|t:|1667077868
|move|p2a: Bisharp|Iron Head|p1a: Clefable
|-supereffective|p1a: Clefable
|-damage|p1a: Clefable|0 fnt
|faint|p1a: Clefable
|
|upkeep
|
|t:|1667077872
|switch|p1a: Rillaboom|Rillaboom, F|68/100
|-fieldstart|move: Grassy Terrain|[from] ability: Grassy Surge|[of] p1a: Rillaboom
|turn|14
|
|t:|1667077882
|move|p1a: Rillaboom|Grassy Glide|p2a: Bisharp
|-resisted|p2a: Bisharp
|-damage|p2a: Bisharp|0 fnt
|faint|p2a: Bisharp
|
|-heal|p1a: Rillaboom|74/100|[from] Grassy Terrain
|upkeep
|
|t:|1667077888
|switch|p2a: Dragonite|Dragonite, M|100/100
|turn|15
|
|t:|1667077892
|switch|p1a: Mandibuzz|Mandibuzz, F|74/100
|move|p2a: Dragonite|Ice Punch|p1a: Mandibuzz
|-supereffective|p1a: Mandibuzz
|-damage|p1a: Mandibuzz|41/100
|-status|p1a: Mandibuzz|frz
|
|upkeep
|turn|16
|c|☆tester113|well gg i guess
|
|t:|1667077905
|move|p2a: Dragonite|Dragon Dance|p2a: Dragonite
|-boost|p2a: Dragonite|atk|1
|-boost|p2a: Dragonite|spe|1
|cant|p1a: Mandibuzz|frz
|
|upkeep
|turn|17
|
|t:|1667077913
|move|p2a: Dragonite|Dragon Dance|p2a: Dragonite
|-boost|p2a: Dragonite|atk|1
|-boost|p2a: Dragonite|spe|1
|cant|p1a: Mandibuzz|frz
|
|upkeep
|turn|18
|
|t:|1667077918
|move|p2a: Dragonite|Ice Punch|p1a: Mandibuzz
|-supereffective|p1a: Mandibuzz
|-damage|p1a: Mandibuzz|0 fnt
|faint|p1a: Mandibuzz
|
|-fieldend|move: Grassy Terrain
|upkeep
|c| yohohohohoho69|ez
|c|☆LECH24|Gg
|c|☆LECH24|Srry
|c|☆tester113|its fine it happens art of the game you played really well
|c|☆tester113|gg
|-message|tester113 forfeited.
|
|win|LECH24
|raw|tester113's rating: 1652 &rarr; <strong>1634</strong><br />(-18 for losing)
|raw|LECH24's rating: 1683 &rarr; <strong>1701</strong><br />(+18 for winning)
|l|☆tester113
|c| yohohohohoho69|gg
|l| yohohohohoho69
||Ladder isn't responding, score probably updated but might not have (Request timeout).
