|j|☆nthirteen
|j|‽Regidragoons
|t:|1650575880
|gametype|singles
|player|p1|nthirteen|169|1664
|player|p2|Regidragoons|koga-gen1|1658
|teamsize|p1|6
|teamsize|p2|6
|gen|8
|tier|[Gen 8] OU
|rated|
|rule|Sleep Clause Mod: Limit one foe put to sleep
|rule|Species Clause: Limit one of each Pokémon
|rule|OHKO Clause: OHKO moves are banned
|rule|Evasion Moves Clause: Evasion moves are banned
|rule|Endless Battle Clause: Forcing endless battles is banned
|rule|HP Percentage Mod: HP is shown in percentages
|rule|Dynamax Clause: You cannot dynamax
|clearpoke
|poke|p1|Slowbro, F|
|poke|p1|Mandibuzz, F|
|poke|p1|Landorus-Therian, M|
|poke|p1|Zeraora|
|poke|p1|Weavile, F|
|poke|p1|Heatran, M|
|poke|p2|Regidrago|
|poke|p2|Melmetal|
|poke|p2|Slowbro, M|
|poke|p2|Tapu Koko|
|poke|p2|Landorus-Therian, M|
|poke|p2|Heatran, M|
|teampreview
|inactive|Battle timer is ON: inactive players will automatically lose when time's up. (requested by Regidragoons)
|inactive|nthirteen has 120 seconds left.
|n|☆Regidragoons|regidragoons
|inactive|nthirteen has 90 seconds left.
|
|t:|1650575968
|start
|switch|p1a: Slowbro|Slowbro, F|100/100
|switch|p2a: Slowbro|Slowbro, M|100/100
|turn|1
|
|t:|1650575977
|move|p1a: Slowbro|Future Sight|p2a: Slowbro
|-start|p1a: Slowbro|move: Future Sight
|move|p2a: Slowbro|Teleport|p2a: Slowbro
|
|t:|1650575980
|switch|p2a: Regidrago|Regidrago, shiny|100/100|[from]move: Teleport
|
|upkeep
|turn|2
|
|t:|1650575983
|switch|p1a: Heatran|Heatran, M|100/100
|move|p2a: Regidrago|Dragon Energy|p1a: Heatran
|-resisted|p1a: Heatran
|-damage|p1a: Heatran|53/100
|
|-heal|p1a: Heatran|59/100|[from] item: Leftovers
|upkeep
|turn|3
|
|t:|1650575987
|switch|p2a: Slowbro|Slowbro, M|100/100
|move|p1a: Heatran|Magma Storm|p2a: Slowbro
|-resisted|p2a: Slowbro
|-damage|p2a: Slowbro|80/100
|-activate|p2a: Slowbro|move: Magma Storm|[of] p1a: Heatran
|
|-end|p2a: Slowbro|move: Future Sight
|-resisted|p2a: Slowbro
|-crit|p2a: Slowbro
|-damage|p2a: Slowbro|48/100
|-heal|p1a: Heatran|66/100|[from] item: Leftovers
|-damage|p2a: Slowbro|36/100|[from] move: Magma Storm|[partiallytrapped]
|upkeep
|turn|4
|
|t:|1650575996
|move|p1a: Heatran|Taunt|p2a: Slowbro
|-start|p2a: Slowbro|move: Taunt
|cant|p2a: Slowbro|move: Taunt|Slack Off
|
|-heal|p1a: Heatran|72/100|[from] item: Leftovers
|-damage|p2a: Slowbro|23/100|[from] move: Magma Storm|[partiallytrapped]
|upkeep
|turn|5
|
|t:|1650575998
|move|p1a: Heatran|Earth Power|p2a: Slowbro
|-damage|p2a: Slowbro|0 fnt
|faint|p2a: Slowbro
|
|-heal|p1a: Heatran|78/100|[from] item: Leftovers
|upkeep
|
|t:|1650576002
|switch|p2a: Landorus|Landorus-Therian, M|100/100
|-ability|p2a: Landorus|Intimidate|boost
|-unboost|p1a: Heatran|atk|1
|turn|6
|
|t:|1650576008
|switch|p1a: Slowbro|Slowbro, F|100/100
|move|p2a: Landorus|Knock Off|p1a: Slowbro
|-supereffective|p1a: Slowbro
|-damage|p1a: Slowbro|59/100
|-enditem|p1a: Slowbro|Eject Button|[from] move: Knock Off|[of] p2a: Landorus
|
|upkeep
|turn|7
|
|t:|1650576011
|move|p2a: Landorus|U-turn|p1a: Slowbro
|-supereffective|p1a: Slowbro
|-damage|p1a: Slowbro|29/100
|
|t:|1650576013
|switch|p2a: Regidrago|Regidrago, shiny|100/100|[from]move: U-turn
|move|p1a: Slowbro|Scald|p2a: Regidrago
|-resisted|p2a: Regidrago
|-damage|p2a: Regidrago|84/100
|
|upkeep
|turn|8
|
|t:|1650576025
|switch|p1a: Mandibuzz|Mandibuzz, F|100/100
|move|p2a: Regidrago|Dragon Energy|p1a: Mandibuzz
|-damage|p1a: Mandibuzz|6/100
|
|upkeep
|turn|9
|
|t:|1650576027
|move|p2a: Regidrago|Dragon Energy|p1a: Mandibuzz
|-damage|p1a: Mandibuzz|0 fnt
|faint|p1a: Mandibuzz
|
|upkeep
|
|t:|1650576030
|switch|p1a: Weavile|Weavile, F|100/100
|-ability|p1a: Weavile|Pressure
|turn|10
|
|t:|1650576033
|switch|p2a: Melmetal|Melmetal|100/100
|move|p1a: Weavile|Knock Off|p2a: Melmetal
|-damage|p2a: Melmetal|75/100
|-enditem|p2a: Melmetal|Choice Band|[from] move: Knock Off|[of] p1a: Weavile
|
|upkeep
|turn|11
|
|t:|1650576036
|switch|p1a: Slowbro|Slowbro, F|62/100
|move|p2a: Melmetal|Superpower|p1a: Slowbro
|-resisted|p1a: Slowbro
|-damage|p1a: Slowbro|46/100
|-unboost|p2a: Melmetal|atk|1
|-unboost|p2a: Melmetal|def|1
|
|upkeep
|turn|12
|
|t:|1650576040
|switch|p2a: Regidrago|Regidrago, shiny|84/100
|move|p1a: Slowbro|Teleport|p1a: Slowbro
|
|t:|1650576042
|switch|p1a: Weavile|Weavile, F|100/100|[from]move: Teleport
|-ability|p1a: Weavile|Pressure
|
|upkeep
|turn|13
|
|t:|1650576051
|switch|p2a: Heatran|Heatran, M|100/100
|move|p1a: Weavile|Triple Axel|p2a: Heatran
|-resisted|p2a: Heatran
|-damage|p2a: Heatran|99/100
|-resisted|p2a: Heatran
|-damage|p2a: Heatran|95/100
|-hitcount|p2a: Heatran|2
|
|-heal|p2a: Heatran|100/100|[from] item: Leftovers
|upkeep
|turn|14
|
|t:|1650576059
|switch|p1a: Landorus|Landorus-Therian, M|100/100
|-ability|p1a: Landorus|Intimidate|boost
|-unboost|p2a: Heatran|atk|1
|move|p2a: Heatran|Stealth Rock|p1a: Landorus
|-sidestart|p1: nthirteen|move: Stealth Rock
|
|upkeep
|turn|15
|
|t:|1650576061
|switch|p2a: Landorus|Landorus-Therian, M|100/100
|-ability|p2a: Landorus|Intimidate|boost
|-unboost|p1a: Landorus|atk|1
|move|p1a: Landorus|Earthquake|p2a: Landorus
|-immune|p2a: Landorus
|
|upkeep
|turn|16
|
|t:|1650576064
|move|p2a: Landorus|Knock Off|p1a: Landorus
|-damage|p1a: Landorus|69/100
|-enditem|p1a: Landorus|Leftovers|[from] move: Knock Off|[of] p2a: Landorus
|move|p1a: Landorus|Stealth Rock|p2a: Landorus
|-sidestart|p2: Regidragoons|move: Stealth Rock
|
|upkeep
|turn|17
|
|t:|1650576067
|move|p2a: Landorus|Defog|p1a: Landorus
|-unboost|p1a: Landorus|evasion|1
|-sideend|p1: nthirteen|Stealth Rock|[from] move: Defog|[of] p2a: Landorus
|-sideend|p2: Regidragoons|Stealth Rock|[from] move: Defog|[of] p2a: Landorus
|move|p1a: Landorus|U-turn|p2a: Landorus
|-resisted|p2a: Landorus
|-damage|p2a: Landorus|96/100
|
|t:|1650576071
|switch|p1a: Slowbro|Slowbro, F|80/100|[from]move: U-turn
|
|-heal|p2a: Landorus|100/100|[from] item: Leftovers
|upkeep
|turn|18
|
|t:|1650576073
|move|p2a: Landorus|U-turn|p1a: Slowbro
|-supereffective|p1a: Slowbro
|-damage|p1a: Slowbro|51/100
|
|t:|1650576077
|switch|p2a: Tapu Koko|Tapu Koko|100/100|[from]move: U-turn
|-fieldstart|move: Electric Terrain|[from] ability: Electric Surge|[of] p2a: Tapu Koko
|move|p1a: Slowbro|Scald|p2a: Tapu Koko
|-damage|p2a: Tapu Koko|61/100
|-status|p2a: Tapu Koko|brn
|
|-damage|p2a: Tapu Koko|55/100 brn|[from] brn
|upkeep
|turn|19
|
|t:|1650576082
|switch|p1a: Landorus|Landorus-Therian, M|69/100
|-ability|p1a: Landorus|Intimidate|boost
|-unboost|p2a: Tapu Koko|atk|1
|move|p2a: Tapu Koko|U-turn|p1a: Landorus
|-resisted|p1a: Landorus
|-damage|p1a: Landorus|67/100
|
|t:|1650576085
|switch|p2a: Regidrago|Regidrago, shiny|84/100|[from]move: U-turn
|
|upkeep
|turn|20
|
|t:|1650576101
|move|p2a: Regidrago|Dragon Energy|p1a: Landorus
|-damage|p1a: Landorus|0 fnt
|faint|p1a: Landorus
|
|upkeep
|
|t:|1650576105
|switch|p1a: Weavile|Weavile, F|100/100
|-ability|p1a: Weavile|Pressure
|turn|21
|
|t:|1650576122
|switch|p2a: Melmetal|Melmetal|75/100
|move|p1a: Weavile|Knock Off|p2a: Melmetal
|-damage|p2a: Melmetal|57/100
|
|upkeep
|turn|22
|
|t:|1650576131
|switch|p1a: Zeraora|Zeraora|100/100
|switch|p2a: Regidrago|Regidrago, shiny|84/100
|
|-fieldend|move: Electric Terrain
|upkeep
|turn|23
|
|t:|1650576136
|switch|p2a: Landorus|Landorus-Therian, M|100/100
|-ability|p2a: Landorus|Intimidate|boost
|-unboost|p1a: Zeraora|atk|1
|move|p1a: Zeraora|Knock Off|p2a: Landorus
|-damage|p2a: Landorus|86/100
|-enditem|p2a: Landorus|Leftovers|[from] move: Knock Off|[of] p1a: Zeraora
|
|upkeep
|turn|24
|
|t:|1650576141
|switch|p1a: Slowbro|Slowbro, F|84/100
|move|p2a: Landorus|U-turn|p1a: Slowbro
|-supereffective|p1a: Slowbro
|-damage|p1a: Slowbro|56/100
|
|t:|1650576143
|switch|p2a: Regidrago|Regidrago, shiny|84/100|[from]move: U-turn
|
|upkeep
|turn|25
|-message|nthirteen forfeited.
|
|win|Regidragoons
|raw|nthirteen's rating: 1664 &rarr; <strong>1644</strong><br />(-20 for losing)
|raw|Regidragoons's rating: 1658 &rarr; <strong>1678</strong><br />(+20 for winning)
|l|☆nthirteen
||Ladder isn't responding, score probably updated but might not have (Request timeout).
