|j|☆Kwaga
|j|☆d18l
|t:|1664591223
|gametype|singles
|player|p1|Kwaga|elesa|1735
|player|p2|d18l|backpacker|1804
|teamsize|p1|6
|teamsize|p2|6
|gen|8
|tier|[Gen 8] OU
|rated|
|rule|Sleep Clause Mod: Limit one foe put to sleep
|rule|Species Clause: Limit one of each Pokémon
|rule|OHKO Clause: OHKO moves are banned
|rule|Evasion Items Clause: Evasion items are banned
|rule|Evasion Moves Clause: Evasion moves are banned
|rule|Endless Battle Clause: Forcing endless battles is banned
|rule|HP Percentage Mod: HP is shown in percentages
|rule|Dynamax Clause: You cannot dynamax
|clearpoke
|poke|p1|Zapdos|
|poke|p1|Urshifu-*, F|
|poke|p1|Tapu Lele|
|poke|p1|Melmetal|
|poke|p1|Tornadus-Therian, M|
|poke|p1|Swampert, F|
|poke|p2|Tapu Koko|
|poke|p2|Victini|
|poke|p2|Landorus-Therian, M|
|poke|p2|Tornadus-Therian, M|
|poke|p2|Rotom-Wash|
|poke|p2|Ferrothorn, F|
|teampreview
|
|t:|1664591246
|start
|switch|p1a: Swampert|Swampert, F|100/100
|switch|p2a: Tornadus|Tornadus-Therian, M|100/100
|turn|1
|
|t:|1664591251
|switch|p1a: Tornadus|Tornadus-Therian, M|100/100
|move|p2a: Tornadus|Knock Off|p1a: Tornadus
|-damage|p1a: Tornadus|80/100
|-enditem|p1a: Tornadus|Heavy-Duty Boots|[from] move: Knock Off|[of] p2a: Tornadus
|
|upkeep
|turn|2
|
|t:|1664591262
|switch|p2a: Rotom|Rotom-Wash|100/100
|move|p1a: Tornadus|Knock Off|p2a: Rotom
|-damage|p2a: Rotom|82/100
|-enditem|p2a: Rotom|Leftovers|[from] move: Knock Off|[of] p1a: Tornadus
|
|upkeep
|turn|3
|
|t:|1664591267
|move|p1a: Tornadus|U-turn|p2a: Rotom
|-damage|p2a: Rotom|69/100
|
|t:|1664591268
|switch|p1a: Swampert|Swampert, F|100/100|[from]move: U-turn
|move|p2a: Rotom|Will-O-Wisp|p1a: Swampert
|-status|p1a: Swampert|brn
|
|-damage|p1a: Swampert|94/100 brn|[from] brn
|upkeep
|turn|4
|
|t:|1664591270
|move|p2a: Rotom|Hydro Pump|p1a: Swampert|[miss]
|-miss|p2a: Rotom|p1a: Swampert
|move|p1a: Swampert|Yawn|p2a: Rotom
|-start|p2a: Rotom|move: Yawn|[of] p1a: Swampert
|
|-heal|p1a: Swampert|100/100 brn|[from] item: Leftovers
|-damage|p1a: Swampert|94/100 brn|[from] brn
|upkeep
|turn|5
|
|t:|1664591279
|switch|p2a: Landorus|Landorus-Therian, M|100/100
|-ability|p2a: Landorus|Intimidate|boost
|-unboost|p1a: Swampert|atk|1
|move|p1a: Swampert|Yawn|p2a: Landorus
|-start|p2a: Landorus|move: Yawn|[of] p1a: Swampert
|
|-heal|p1a: Swampert|100/100 brn|[from] item: Leftovers
|-damage|p1a: Swampert|94/100 brn|[from] brn
|upkeep
|turn|6
|
|t:|1664591284
|move|p2a: Landorus|U-turn|p1a: Swampert
|-damage|p1a: Swampert|75/100 brn
|
|t:|1664591289
|switch|p2a: Rotom|Rotom-Wash|69/100|[from]move: U-turn
|move|p1a: Swampert|Flip Turn|p2a: Rotom
|-resisted|p2a: Rotom
|-damage|p2a: Rotom|66/100
|
|t:|1664591294
|switch|p1a: Zapdos|Zapdos|100/100|[from]move: Flip Turn
|
|upkeep
|turn|7
|
|t:|1664591297
|switch|p2a: Tapu Koko|Tapu Koko|100/100
|-fieldstart|move: Electric Terrain|[from] ability: Electric Surge|[of] p2a: Tapu Koko
|move|p1a: Zapdos|Volt Switch|p2a: Tapu Koko
|-resisted|p2a: Tapu Koko
|-damage|p2a: Tapu Koko|61/100
|
|t:|1664591301
|switch|p1a: Tapu Lele|Tapu Lele|100/100|[from]move: Volt Switch
|-fieldstart|move: Psychic Terrain|[from] ability: Psychic Surge|[of] p1a: Tapu Lele
|
|upkeep
|turn|8
|
|t:|1664591306
|switch|p2a: Tornadus|Tornadus-Therian, M|100/100
|move|p1a: Tapu Lele|Future Sight|p2a: Tornadus
|-start|p1a: Tapu Lele|move: Future Sight
|
|upkeep
|turn|9
|
|t:|1664591314
|switch|p1a: Tornadus|Tornadus-Therian, M|100/100
|move|p2a: Tornadus|U-turn|p1a: Tornadus
|-resisted|p1a: Tornadus
|-damage|p1a: Tornadus|93/100
|inactive|Battle timer is ON: inactive players will automatically lose when time's up. (requested by Kwaga)
|
|t:|1664591327
|switch|p2a: Tapu Koko|Tapu Koko|61/100|[from]move: U-turn
|-fieldstart|move: Electric Terrain|[from] ability: Electric Surge|[of] p2a: Tapu Koko
|
|upkeep
|turn|10
|
|t:|1664591330
|switch|p2a: Tornadus|Tornadus-Therian, M|100/100
|move|p1a: Tornadus|U-turn|p2a: Tornadus
|-resisted|p2a: Tornadus
|-damage|p2a: Tornadus|93/100
|
|t:|1664591334
|switch|p1a: Tapu Lele|Tapu Lele|100/100|[from]move: U-turn
|-fieldstart|move: Psychic Terrain|[from] ability: Psychic Surge|[of] p1a: Tapu Lele
|
|-end|p2a: Tornadus|move: Future Sight
|-damage|p2a: Tornadus|30/100
|upkeep
|turn|11
|
|t:|1664591338
|switch|p2a: Victini|Victini|100/100
|move|p1a: Tapu Lele|Future Sight|p2a: Victini
|-start|p1a: Tapu Lele|move: Future Sight
|
|upkeep
|turn|12
|
|t:|1664591346
|switch|p1a: Tornadus|Tornadus-Therian, M|100/100
|move|p2a: Victini|Taunt|p1a: Tornadus
|-start|p1a: Tornadus|move: Taunt
|
|upkeep
|turn|13
|
|t:|1664591355
|switch|p2a: Ferrothorn|Ferrothorn, F|100/100
|move|p1a: Tornadus|U-turn|p2a: Ferrothorn
|-damage|p2a: Ferrothorn|92/100
|-damage|p1a: Tornadus|88/100|[from] ability: Iron Barbs|[of] p2a: Ferrothorn
|-damage|p1a: Tornadus|71/100|[from] item: Rocky Helmet|[of] p2a: Ferrothorn
|
|t:|1664591358
|switch|p1a: Zapdos|Zapdos|100/100|[from]move: U-turn
|
|-end|p2a: Ferrothorn|move: Future Sight
|-resisted|p2a: Ferrothorn
|-damage|p2a: Ferrothorn|55/100
|upkeep
|turn|14
|
|t:|1664591364
|switch|p2a: Rotom|Rotom-Wash|66/100
|move|p1a: Zapdos|Hurricane|p2a: Rotom
|-resisted|p2a: Rotom
|-damage|p2a: Rotom|26/100
|-start|p2a: Rotom|confusion
|
|-fieldend|move: Psychic Terrain
|upkeep
|turn|15
|
|t:|1664591372
|move|p1a: Zapdos|Hurricane|p2a: Rotom
|-resisted|p2a: Rotom
|-damage|p2a: Rotom|0 fnt
|faint|p2a: Rotom
|
|upkeep
|
|t:|1664591374
|switch|p2a: Tapu Koko|Tapu Koko|61/100
|-fieldstart|move: Electric Terrain|[from] ability: Electric Surge|[of] p2a: Tapu Koko
|turn|16
|j| i am ves ♥
|
|t:|1664591377
|switch|p1a: Swampert|Swampert, F|75/100 brn
|move|p2a: Tapu Koko|Thunderbolt|p1a: Swampert
|-immune|p1a: Swampert
|
|-heal|p1a: Swampert|81/100 brn|[from] item: Leftovers
|-damage|p1a: Swampert|75/100 brn|[from] brn
|upkeep
|turn|17
|
|t:|1664591380
|switch|p2a: Ferrothorn|Ferrothorn, F|55/100
|move|p1a: Swampert|Yawn|p2a: Ferrothorn
|-activate|p2a: Ferrothorn|move: Electric Terrain
|
|-heal|p1a: Swampert|81/100 brn|[from] item: Leftovers
|-damage|p1a: Swampert|75/100 brn|[from] brn
|upkeep
|turn|18
|
|t:|1664591387
|move|p1a: Swampert|Stealth Rock|p2a: Ferrothorn
|-sidestart|p2: d18l|move: Stealth Rock
|move|p2a: Ferrothorn|Stealth Rock|p1a: Swampert
|-sidestart|p1: Kwaga|move: Stealth Rock
|
|-heal|p1a: Swampert|81/100 brn|[from] item: Leftovers
|-damage|p1a: Swampert|75/100 brn|[from] brn
|upkeep
|turn|19
|
|t:|1664591393
|move|p1a: Swampert|Flip Turn|p2a: Ferrothorn
|-resisted|p2a: Ferrothorn
|-damage|p2a: Ferrothorn|51/100
|-damage|p1a: Swampert|62/100 brn|[from] ability: Iron Barbs|[of] p2a: Ferrothorn
|-damage|p1a: Swampert|46/100 brn|[from] item: Rocky Helmet|[of] p2a: Ferrothorn
|
|t:|1664591395
|switch|p1a: Tornadus|Tornadus-Therian, M|100/100|[from]move: Flip Turn
|-damage|p1a: Tornadus|76/100|[from] Stealth Rock
|move|p2a: Ferrothorn|Leech Seed|p1a: Tornadus
|-start|p1a: Tornadus|move: Leech Seed
|
|-damage|p1a: Tornadus|63/100|[from] Leech Seed|[of] p2a: Ferrothorn
|-heal|p2a: Ferrothorn|64/100|[silent]
|upkeep
|turn|20
|
|t:|1664591404
|switch|p2a: Tapu Koko|Tapu Koko|61/100
|-damage|p2a: Tapu Koko|49/100|[from] Stealth Rock
|move|p1a: Tornadus|U-turn|p2a: Tapu Koko
|-resisted|p2a: Tapu Koko
|-damage|p2a: Tapu Koko|39/100
|
|t:|1664591407
|switch|p1a: Tapu Lele|Tapu Lele|100/100|[from]move: U-turn
|-damage|p1a: Tapu Lele|88/100|[from] Stealth Rock
|-fieldstart|move: Psychic Terrain|[from] ability: Psychic Surge|[of] p1a: Tapu Lele
|
|upkeep
|turn|21
|
|t:|1664591414
|switch|p2a: Victini|Victini|100/100
|move|p1a: Tapu Lele|Moonblast|p2a: Victini
|-resisted|p2a: Victini
|-damage|p2a: Victini|71/100
|
|upkeep
|turn|22
|
|t:|1664591425
|switch|p1a: Swampert|Swampert, F|46/100 brn
|-damage|p1a: Swampert|39/100 brn|[from] Stealth Rock
|move|p2a: Victini|V-create|p1a: Swampert
|-resisted|p1a: Swampert
|-damage|p1a: Swampert|1/100 brn
|-unboost|p2a: Victini|spe|1
|-unboost|p2a: Victini|def|1
|-unboost|p2a: Victini|spd|1
|
|-heal|p1a: Swampert|7/100 brn|[from] item: Leftovers
|-damage|p1a: Swampert|1/100 brn|[from] brn
|upkeep
|turn|23
|
|t:|1664591434
|move|p2a: Victini|U-turn|p1a: Swampert
|-damage|p1a: Swampert|0 fnt
|faint|p1a: Swampert
|
|t:|1664591436
|switch|p2a: Tornadus|Tornadus-Therian, M|63/100|[from]move: U-turn
|-damage|p2a: Tornadus|38/100|[from] Stealth Rock
|
|upkeep
|
|t:|1664591440
|switch|p1a: Tapu Lele|Tapu Lele|88/100
|-damage|p1a: Tapu Lele|76/100|[from] Stealth Rock
|turn|24
|
|t:|1664591448
|switch|p2a: Victini|Victini|71/100
|move|p1a: Tapu Lele|Moonblast|p2a: Victini
|-resisted|p2a: Victini
|-damage|p2a: Victini|43/100
|
|-fieldend|move: Psychic Terrain
|upkeep
|turn|25
|j| rtegdsgfsdfg
|
|t:|1664591459
|switch|p1a: Tornadus|Tornadus-Therian, M|96/100
|-damage|p1a: Tornadus|71/100|[from] Stealth Rock
|move|p2a: Victini|Bolt Strike|p1a: Tornadus
|-supereffective|p1a: Tornadus
|-damage|p1a: Tornadus|0 fnt
|faint|p1a: Tornadus
|
|upkeep
|
|t:|1664591463
|switch|p1a: Zapdos|Zapdos|100/100
|-damage|p1a: Zapdos|76/100|[from] Stealth Rock
|turn|26
|inactive|d18l has 120 seconds left.
|
|t:|1664591503
|move|p2a: Victini|V-create|p1a: Zapdos
|-damage|p1a: Zapdos|0 fnt
|-unboost|p2a: Victini|spe|1
|-unboost|p2a: Victini|def|1
|-unboost|p2a: Victini|spd|1
|faint|p1a: Zapdos
|
|upkeep
|
|t:|1664591508
|switch|p1a: Urshifu|Urshifu-Rapid-Strike, F|100/100
|-damage|p1a: Urshifu|94/100|[from] Stealth Rock
|turn|27
|inactive|d18l has 120 seconds left.
|
|t:|1664591546
|switch|p2a: Ferrothorn|Ferrothorn, F|64/100
|-damage|p2a: Ferrothorn|58/100|[from] Stealth Rock
|move|p1a: Urshifu|Surging Strikes|p2a: Ferrothorn
|-resisted|p2a: Ferrothorn
|-crit|p2a: Ferrothorn
|-damage|p2a: Ferrothorn|52/100
|-activate|p2a: Ferrothorn|ability: Iron Barbs
|-activate|p1a: Urshifu|item: Protective Pads
|-resisted|p2a: Ferrothorn
|-crit|p2a: Ferrothorn
|-damage|p2a: Ferrothorn|46/100
|-activate|p2a: Ferrothorn|ability: Iron Barbs
|-activate|p1a: Urshifu|item: Protective Pads
|-resisted|p2a: Ferrothorn
|-crit|p2a: Ferrothorn
|-damage|p2a: Ferrothorn|40/100
|-activate|p2a: Ferrothorn|ability: Iron Barbs
|-activate|p1a: Urshifu|item: Protective Pads
|-hitcount|p2a: Ferrothorn|3
|
|upkeep
|turn|28
|inactive|d18l has 90 seconds left.
|
|t:|1664591576
|move|p1a: Urshifu|Surging Strikes|p2a: Ferrothorn
|-resisted|p2a: Ferrothorn
|-crit|p2a: Ferrothorn
|-damage|p2a: Ferrothorn|35/100
|-activate|p2a: Ferrothorn|ability: Iron Barbs
|-activate|p1a: Urshifu|item: Protective Pads
|-resisted|p2a: Ferrothorn
|-crit|p2a: Ferrothorn
|-damage|p2a: Ferrothorn|30/100
|-activate|p2a: Ferrothorn|ability: Iron Barbs
|-activate|p1a: Urshifu|item: Protective Pads
|-resisted|p2a: Ferrothorn
|-crit|p2a: Ferrothorn
|-damage|p2a: Ferrothorn|24/100
|-activate|p2a: Ferrothorn|ability: Iron Barbs
|-activate|p1a: Urshifu|item: Protective Pads
|-hitcount|p2a: Ferrothorn|3
|move|p2a: Ferrothorn|Body Press|p1a: Urshifu
|-damage|p1a: Urshifu|66/100
|
|upkeep
|turn|29
|
|t:|1664591583
|move|p1a: Urshifu|Surging Strikes|p2a: Ferrothorn
|-resisted|p2a: Ferrothorn
|-crit|p2a: Ferrothorn
|-damage|p2a: Ferrothorn|19/100
|-activate|p2a: Ferrothorn|ability: Iron Barbs
|-activate|p1a: Urshifu|item: Protective Pads
|-resisted|p2a: Ferrothorn
|-crit|p2a: Ferrothorn
|-damage|p2a: Ferrothorn|14/100
|-activate|p2a: Ferrothorn|ability: Iron Barbs
|-activate|p1a: Urshifu|item: Protective Pads
|-resisted|p2a: Ferrothorn
|-crit|p2a: Ferrothorn
|-damage|p2a: Ferrothorn|8/100
|-activate|p2a: Ferrothorn|ability: Iron Barbs
|-activate|p1a: Urshifu|item: Protective Pads
|-hitcount|p2a: Ferrothorn|3
|move|p2a: Ferrothorn|Body Press|p1a: Urshifu
|-damage|p1a: Urshifu|37/100
|
|upkeep
|turn|30
|
|t:|1664591586
|move|p1a: Urshifu|Surging Strikes|p2a: Ferrothorn
|-resisted|p2a: Ferrothorn
|-crit|p2a: Ferrothorn
|-damage|p2a: Ferrothorn|2/100
|-activate|p2a: Ferrothorn|ability: Iron Barbs
|-activate|p1a: Urshifu|item: Protective Pads
|-resisted|p2a: Ferrothorn
|-crit|p2a: Ferrothorn
|-damage|p2a: Ferrothorn|0 fnt
|-activate|p2a: Ferrothorn|ability: Iron Barbs
|-activate|p1a: Urshifu|item: Protective Pads
|faint|p2a: Ferrothorn
|-hitcount|p2: Ferrothorn|2
|
|upkeep
|
|t:|1664591589
|switch|p2a: Tornadus|Tornadus-Therian, M|71/100
|-damage|p2a: Tornadus|47/100|[from] Stealth Rock
|turn|31
|
|t:|1664591595
|switch|p1a: Melmetal|Melmetal|100/100
|-damage|p1a: Melmetal|94/100|[from] Stealth Rock
|move|p2a: Tornadus|Hurricane|p1a: Melmetal|[miss]
|-miss|p2a: Tornadus|p1a: Melmetal
|
|upkeep
|turn|32
|
|t:|1664591599
|move|p2a: Tornadus|U-turn|p1a: Melmetal
|-resisted|p1a: Melmetal
|-damage|p1a: Melmetal|90/100
|
|t:|1664591601
|switch|p2a: Landorus|Landorus-Therian, M|100/100|[from]move: U-turn
|-damage|p2a: Landorus|88/100|[from] Stealth Rock
|-ability|p2a: Landorus|Intimidate|boost
|-unboost|p1a: Melmetal|atk|1
|move|p1a: Melmetal|Double Iron Bash|p2a: Landorus
|-damage|p2a: Landorus|60/100
|-damage|p2a: Landorus|30/100
|-hitcount|p2a: Landorus|2
|
|-heal|p2a: Landorus|36/100|[from] item: Leftovers
|upkeep
|turn|33
|inactive|d18l has 120 seconds left.
|inactive|d18l has 90 seconds left.
|inactive|d18l has 60 seconds left.
|
|t:|1664591682
|switch|p1a: Urshifu|Urshifu-Rapid-Strike, F|37/100
|-damage|p1a: Urshifu|31/100|[from] Stealth Rock
|move|p2a: Landorus|Earthquake|p1a: Urshifu
|-damage|p1a: Urshifu|0 fnt
|faint|p1a: Urshifu
|
|-heal|p2a: Landorus|42/100|[from] item: Leftovers
|upkeep
|
|t:|1664591684
|switch|p1a: Tapu Lele|Tapu Lele|76/100
|-damage|p1a: Tapu Lele|63/100|[from] Stealth Rock
|-fieldstart|move: Psychic Terrain|[from] ability: Psychic Surge|[of] p1a: Tapu Lele
|turn|34
|inactive|d18l has 60 seconds left.
|inactive|d18l has 30 seconds left.
|
|t:|1664591737
|move|p1a: Tapu Lele|Moonblast|p2a: Landorus
|-damage|p2a: Landorus|0 fnt
|faint|p2a: Landorus
|
|upkeep
|inactive|d18l has 30 seconds left this turn.
|
|t:|1664591741
|switch|p2a: Victini|Victini|43/100
|turn|35
|
|t:|1664591768
|move|p1a: Tapu Lele|Moonblast|p2a: Victini
|-resisted|p2a: Victini
|-damage|p2a: Victini|16/100
|move|p2a: Victini|V-create|p1a: Tapu Lele
|-damage|p1a: Tapu Lele|0 fnt
|-unboost|p2a: Victini|spe|1
|-unboost|p2a: Victini|def|1
|-unboost|p2a: Victini|spd|1
|faint|p1a: Tapu Lele
|
|upkeep
|
|t:|1664591770
|switch|p1a: Melmetal|Melmetal|90/100
|-damage|p1a: Melmetal|84/100|[from] Stealth Rock
|turn|36
|-message|Kwaga forfeited.
|
|win|d18l
|raw|Kwaga's rating: 1735 &rarr; <strong>1719</strong><br />(-16 for losing)
|raw|d18l's rating: 1804 &rarr; <strong>1820</strong><br />(+16 for winning)
|l|☆Kwaga
|l| i am ves ♥
