|j|☆Groundt
|j|☆Galarian Hikertoad
|player|p1|Groundt|winona|1686
|player|p2|Galarian Hikertoad|red|1649
|teamsize|p1|6
|teamsize|p2|6
|gametype|singles
|gen|8
|tier|[Gen 8] OU
|rated|
|clearpoke
|poke|p1|Cloyster, M|
|poke|p1|Hatterene, F|
|poke|p1|Conkeldurr, F|
|poke|p1|Torkoal, M|
|poke|p1|Bronzong|
|poke|p1|Gardevoir, M|
|poke|p2|Kyurem|
|poke|p2|Kommo-o, F|
|poke|p2|Clefable, F|
|poke|p2|Jirachi|
|poke|p2|Gastrodon, M|
|poke|p2|Corviknight, M|
|rule|Sleep Clause Mod: Limit one foe put to sleep
|rule|Species Clause: Limit one of each Pokémon
|rule|OHKO Clause: OHKO moves are banned
|rule|Evasion Moves Clause: Evasion moves are banned
|rule|Endless Battle Clause: Forcing endless battles is banned
|rule|HP Percentage Mod: HP is shown in percentages
|rule|Dynamax Clause: You cannot dynamax
|teampreview
|inactive|Battle timer is ON: inactive players will automatically lose when time's up. (requested by Galarian Hikertoad)
|
|start
|switch|p1a: Bronzong|Bronzong|100/100
|switch|p2a: Kommo-o|Kommo-o, F|100/100
|turn|1
|
|switch|p1a: Hatterene|Hatterene, F|100/100
|move|p2a: Kommo-o|Stealth Rock|p1a: Hatterene
|move|p1a: Hatterene|Stealth Rock|p2a: Kommo-o|[from]Magic Bounce
|-sidestart|p2: Galarian Hikertoad|move: Stealth Rock
|
|upkeep
|turn|2
|
|switch|p2a: Corviknight|Corviknight, M|100/100
|-damage|p2a: Corviknight|88/100|[from] Stealth Rock
|-ability|p2a: Corviknight|Pressure
|move|p1a: Hatterene|Trick Room|p1a: Hatterene
|-fieldstart|move: Trick Room|[of] p1a: Hatterene
|
|-heal|p2a: Corviknight|94/100|[from] item: Leftovers
|upkeep
|turn|3
|
|switch|p1a: Torkoal|Torkoal, M|100/100
|-weather|SunnyDay|[from] ability: Drought|[of] p1a: Torkoal
|move|p2a: Corviknight|Defog|p1a: Torkoal
|-unboost|p1a: Torkoal|evasion|1
|-sideend|p2: Galarian Hikertoad|Stealth Rock|[from] move: Defog|[of] p2a: Corviknight
|
|-weather|SunnyDay|[upkeep]
|-heal|p2a: Corviknight|100/100|[from] item: Leftovers
|upkeep
|turn|4
|
|switch|p2a: Kommo-o|Kommo-o, F|100/100
|move|p1a: Torkoal|Eruption|p2a: Kommo-o
|-resisted|p2a: Kommo-o
|-damage|p2a: Kommo-o|38/100
|
|-weather|SunnyDay|[upkeep]
|-heal|p2a: Kommo-o|45/100|[from] item: Leftovers
|upkeep
|turn|5
|
|switch|p2a: Gastrodon|Gastrodon, M|100/100
|move|p1a: Torkoal|Eruption|p2a: Gastrodon
|-resisted|p2a: Gastrodon
|-damage|p2a: Gastrodon|45/100
|
|-weather|SunnyDay|[upkeep]
|-heal|p2a: Gastrodon|51/100|[from] item: Leftovers
|upkeep
|turn|6
|
|move|p1a: Torkoal|Eruption|p2a: Gastrodon
|-resisted|p2a: Gastrodon
|-damage|p2a: Gastrodon|0 fnt
|faint|p2a: Gastrodon
|
|-weather|SunnyDay|[upkeep]
|-fieldend|move: Trick Room
|upkeep
|
|switch|p2a: Kyurem|Kyurem|100/100
|-ability|p2a: Kyurem|Pressure
|turn|7
|
|switch|p1a: Gardevoir|Gardevoir, M, shiny|100/100
|-ability|p1a: Gardevoir|Pressure|[from] ability: Trace|[of] p2a: Kyurem
|-ability|p1a: Gardevoir|Pressure
|move|p2a: Kyurem|Ice Beam|p1a: Gardevoir
|-damage|p1a: Gardevoir|53/100
|
|-weather|none
|upkeep
|turn|8
|
|move|p2a: Kyurem|Ice Beam|p1a: Gardevoir
|-damage|p1a: Gardevoir|5/100
|move|p1a: Gardevoir|Trick Room|p1a: Gardevoir
|-fieldstart|move: Trick Room|[of] p1a: Gardevoir
|
|upkeep
|turn|9
|
|switch|p2a: Jirachi|Jirachi|100/100
|move|p1a: Gardevoir|Teleport|p1a: Gardevoir
|
|switch|p1a: Torkoal|Torkoal, M|100/100|[from]move: Teleport
|-weather|SunnyDay|[from] ability: Drought|[of] p1a: Torkoal
|
|-weather|SunnyDay|[upkeep]
|upkeep
|turn|10
|
|switch|p2a: Kommo-o|Kommo-o, F|45/100
|move|p1a: Torkoal|Eruption|p2a: Kommo-o
|-resisted|p2a: Kommo-o
|-damage|p2a: Kommo-o|0 fnt
|faint|p2a: Kommo-o
|
|-weather|SunnyDay|[upkeep]
|upkeep
|
|switch|p2a: Kyurem|Kyurem|100/100
|-ability|p2a: Kyurem|Pressure
|turn|11
|
|move|p1a: Torkoal|Eruption|p2a: Kyurem
|-damage|p2a: Kyurem|0 fnt
|faint|p2a: Kyurem
|
|-weather|SunnyDay|[upkeep]
|upkeep
|-message|Galarian Hikertoad forfeited.
|
|win|Groundt
|l|☆Galarian Hikertoad
|raw|Groundt's rating: 1686 &rarr; <strong>1704</strong><br />(+18 for winning)
|raw|Galarian Hikertoad's rating: 1649 &rarr; <strong>1631</strong><br />(-18 for losing)
|l|☆Groundt
|j|☆Groundt
|player|p1|Groundt|winona
