|j|☆FWGDFSITPD
|j|☆ArcanineSquad
|t:|1603711641
|player|p1|FWGDFSITPD|hilbert|1340
|player|p2|ArcanineSquad|cynthia-gen4|1299
|teamsize|p1|6
|teamsize|p2|6
|gametype|singles
|gen|8
|tier|[Gen 8] OU
|rated|
|clearpoke
|poke|p1|Grimmsnarl, M|
|poke|p1|Hatterene, F|
|poke|p1|Hydreigon, M|
|poke|p1|Pheromosa|
|poke|p1|Zygarde|
|poke|p1|Regieleki|
|poke|p2|Regieleki|
|poke|p2|Tapu Koko|
|poke|p2|Kyurem-Black|
|poke|p2|Corviknight, F|
|poke|p2|Swampert, F|
|poke|p2|Zapdos-Galar|
|rule|Sleep Clause Mod: Limit one foe put to sleep
|rule|Species Clause: Limit one of each Pokémon
|rule|OHKO Clause: OHKO moves are banned
|rule|Evasion Moves Clause: Evasion moves are banned
|rule|Endless Battle Clause: Forcing endless battles is banned
|rule|HP Percentage Mod: HP is shown in percentages
|rule|Dynamax Clause: You cannot dynamax
|teampreview
|inactive|Battle timer is ON: inactive players will automatically lose when time's up. (requested by ArcanineSquad)
|
|t:|1603711654
|start
|switch|p1a: The Sass|Pheromosa|100/100
|switch|p2a: Swampert|Swampert, F, shiny|100/100
|turn|1
|
|t:|1603711659
|move|p1a: The Sass|U-turn|p2a: Swampert
|-damage|p2a: Swampert|55/100
|-damage|p1a: The Sass|91/100|[from] item: Life Orb
|
|t:|1603711663
|switch|p1a: Echidna|Hatterene, F|100/100|[from]move: U-turn
|move|p2a: Swampert|Stealth Rock|p1a: Echidna
|move|p1a: Echidna|Stealth Rock|p2a: Swampert|[from]Magic Bounce
|-sidestart|p2: ArcanineSquad|move: Stealth Rock
|
|-heal|p2a: Swampert|61/100|[from] item: Leftovers
|upkeep
|turn|2
|
|t:|1603711672
|move|p2a: Swampert|Flip Turn|p1a: Echidna
|-damage|p1a: Echidna|75/100
|
|t:|1603711675
|switch|p2a: Corviknight|Corviknight, F|100/100|[from]move: Flip Turn
|-damage|p2a: Corviknight|88/100|[from] Stealth Rock
|-ability|p2a: Corviknight|Pressure
|move|p1a: Echidna|Calm Mind|p1a: Echidna
|-boost|p1a: Echidna|spa|1
|-boost|p1a: Echidna|spd|1
|
|-heal|p1a: Echidna|81/100|[from] item: Leftovers
|upkeep
|turn|3
|
|t:|1603711685
|move|p2a: Corviknight|Brave Bird|p1a: Echidna
|-damage|p1a: Echidna|41/100
|-damage|p2a: Corviknight|78/100|[from] Recoil
|move|p1a: Echidna|Mystical Fire|p2a: Corviknight
|-supereffective|p2a: Corviknight
|-damage|p2a: Corviknight|0 fnt
|faint|p2a: Corviknight
|
|-heal|p1a: Echidna|47/100|[from] item: Leftovers
|upkeep
|
|t:|1603711699
|switch|p2a: Zapdos|Zapdos-Galar|100/100
|-damage|p2a: Zapdos|88/100|[from] Stealth Rock
|turn|4
|
|t:|1603711703
|move|p2a: Zapdos|Brave Bird|p1a: Echidna
|-damage|p1a: Echidna|0 fnt
|-damage|p2a: Zapdos|73/100|[from] Recoil
|faint|p1a: Echidna
|
|upkeep
|
|t:|1603711711
|switch|p1a: SPEED|Regieleki, shiny|100/100
|turn|5
|
|t:|1603711715
|switch|p1a: Zygarde|Zygarde|100/100
|-ability|p1a: Zygarde|Aura Break
|switch|p2a: Swampert|Swampert, F, shiny|61/100
|-damage|p2a: Swampert|55/100|[from] Stealth Rock
|
|-heal|p2a: Swampert|61/100|[from] item: Leftovers
|upkeep
|turn|6
|
|t:|1603711724
|move|p1a: Zygarde|Thousand Arrows|p2a: Swampert
|-damage|p2a: Swampert|11/100
|move|p2a: Swampert|Flip Turn|p1a: Zygarde
|-damage|p1a: Zygarde|74/100
|
|t:|1603711730
|switch|p2a: Kyurem|Kyurem-Black|100/100|[from]move: Flip Turn
|-ability|p2a: Kyurem|Teravolt
|
|upkeep
|turn|7
|
|t:|1603711736
|move|p1a: Zygarde|Thousand Arrows|p2a: Kyurem
|-damage|p2a: Kyurem|51/100
|move|p2a: Kyurem|Dragon Dance|p2a: Kyurem
|-boost|p2a: Kyurem|atk|1
|-boost|p2a: Kyurem|spe|1
|
|upkeep
|turn|8
|
|t:|1603711742
|move|p2a: Kyurem|Icicle Spear|p1a: Zygarde
|-supereffective|p1a: Zygarde
|-damage|p1a: Zygarde|0 fnt
|-hitcount|p1a: Zygarde|1
|faint|p1a: Zygarde
|
|upkeep
|
|t:|1603711747
|switch|p1a: Eren|Grimmsnarl, M|100/100
|turn|9
|
|t:|1603711753
|move|p1a: Eren|Sucker Punch||[still]
|-fail|p1a: Eren
|move|p2a: Kyurem|Roost|p2a: Kyurem
|-heal|p2a: Kyurem|100/100
|-singleturn|p2a: Kyurem|move: Roost
|
|upkeep
|turn|10
|
|t:|1603711758
|move|p2a: Kyurem|Dragon Dance|p2a: Kyurem
|-boost|p2a: Kyurem|atk|1
|-boost|p2a: Kyurem|spe|1
|move|p1a: Eren|Play Rough|p2a: Kyurem
|-supereffective|p2a: Kyurem
|-damage|p2a: Kyurem|13/100
|
|upkeep
|turn|11
|
|t:|1603711767
|move|p1a: Eren|Sucker Punch|p2a: Kyurem
|-damage|p2a: Kyurem|0 fnt
|faint|p2a: Kyurem
|
|upkeep
|
|t:|1603711772
|switch|p2a: Tapu Koko|Tapu Koko|100/100
|-damage|p2a: Tapu Koko|88/100|[from] Stealth Rock
|-fieldstart|move: Electric Terrain|[from] ability: Electric Surge|[of] p2a: Tapu Koko
|turn|12
|
|t:|1603711783
|move|p1a: Eren|Sucker Punch|p2a: Tapu Koko
|-resisted|p2a: Tapu Koko
|-damage|p2a: Tapu Koko|58/100
|move|p2a: Tapu Koko|Dazzling Gleam|p1a: Eren
|-supereffective|p1a: Eren
|-damage|p1a: Eren|20/100
|
|upkeep
|turn|13
|
|t:|1603711790
|move|p1a: Eren|Sucker Punch||[still]
|-fail|p1a: Eren
|move|p2a: Tapu Koko|Roost|p2a: Tapu Koko
|-heal|p2a: Tapu Koko|100/100
|-singleturn|p2a: Tapu Koko|move: Roost
|
|upkeep
|turn|14
|
|t:|1603711795
|move|p1a: Eren|Sucker Punch|p2a: Tapu Koko
|-resisted|p2a: Tapu Koko
|-damage|p2a: Tapu Koko|69/100
|move|p2a: Tapu Koko|Dazzling Gleam|p1a: Eren
|-supereffective|p1a: Eren
|-damage|p1a: Eren|0 fnt
|faint|p1a: Eren
|
|upkeep
|
|t:|1603711802
|switch|p1a: The Sass|Pheromosa|91/100
|turn|15
|
|t:|1603711818
|move|p1a: The Sass|Poison Jab|p2a: Tapu Koko
|-supereffective|p2a: Tapu Koko
|-damage|p2a: Tapu Koko|0 fnt
|-damage|p1a: The Sass|81/100|[from] item: Life Orb
|faint|p2a: Tapu Koko
|-ability|p1a: The Sass|Beast Boost|boost
|-boost|p1a: The Sass|spe|1
|
|upkeep
|
|t:|1603711826
|switch|p2a: Zapdos|Zapdos-Galar|73/100
|-damage|p2a: Zapdos|61/100|[from] Stealth Rock
|turn|16
|
|t:|1603711830
|move|p1a: The Sass|Triple Axel|p2a: Zapdos
|-supereffective|p2a: Zapdos
|-damage|p2a: Zapdos|40/100
|-supereffective|p2a: Zapdos
|-damage|p2a: Zapdos|0 fnt
|-hitcount|p2a: Zapdos|2
|-damage|p1a: The Sass|71/100|[from] item: Life Orb
|faint|p2a: Zapdos
|-ability|p1a: The Sass|Beast Boost|boost
|-boost|p1a: The Sass|spe|1
|
|upkeep
|
|t:|1603711839
|switch|p2a: Regieleki|Regieleki|100/100
|-damage|p2a: Regieleki|88/100|[from] Stealth Rock
|turn|17
|
|t:|1603711843
|move|p1a: The Sass|High Jump Kick|p2a: Regieleki
|-damage|p2a: Regieleki|0 fnt
|-damage|p1a: The Sass|61/100|[from] item: Life Orb
|faint|p2a: Regieleki
|-ability|p1a: The Sass|Beast Boost|boost
|-boost|p1a: The Sass|spe|1
|
|upkeep
|-message|ArcanineSquad forfeited.
|
|win|FWGDFSITPD
|l|☆ArcanineSquad
|c|☆FWGDFSITPD|gg
|raw|FWGDFSITPD's rating: 1341 &rarr; <strong>1357</strong><br />(+16 for winning)
|raw|ArcanineSquad's rating: 1274 &rarr; <strong>1254</strong><br />(-20 for losing)
