|j|☆quixana
|j|☆Mangostein
|t:|1666999058
|gametype|singles
|player|p1|quixana|ethan-pokeathlon|1654
|player|p2|Mangostein|flannery|1808
|teamsize|p1|6
|teamsize|p2|6
|gen|8
|tier|[Gen 8] OU
|rated|
|rule|Sleep Clause Mod: Limit one foe put to sleep
|rule|Species Clause: Limit one of each Pokémon
|rule|OHKO Clause: OHKO moves are banned
|rule|Evasion Items Clause: Evasion items are banned
|rule|Evasion Moves Clause: Evasion moves are banned
|rule|Endless Battle Clause: Forcing endless battles is banned
|rule|HP Percentage Mod: HP is shown in percentages
|rule|Dynamax Clause: You cannot dynamax
|clearpoke
|poke|p1|Dragapult, M|
|poke|p1|Rotom-Wash|
|poke|p1|Landorus-Therian, M|
|poke|p1|Melmetal|
|poke|p1|Weavile, M|
|poke|p1|Kartana|
|poke|p2|Dusknoir, F|
|poke|p2|Haxorus, M|
|poke|p2|Corviknight, F|
|poke|p2|Nihilego|
|poke|p2|Gastrodon, M|
|poke|p2|Heatran, M|
|teampreview
|j| BabyPigsAreLaughin
|
|t:|1666999126
|start
|switch|p1a: Bandit|Weavile, M, shiny|100/100
|switch|p2a: Dusknoir|Dusknoir, F|100/100
|-ability|p1a: Bandit|Pressure
|-item|p1a: Bandit|Choice Band|[from] ability: Frisk|[of] p2a: Dusknoir|[identify]
|turn|1
|
|t:|1666999133
|switch|p2a: Heatran|Heatran, M|100/100
|move|p1a: Bandit|Beat Up|p2a: Heatran
|-damage|p2a: Heatran|92/100
|-damage|p2a: Heatran|87/100
|-damage|p2a: Heatran|78/100
|-damage|p2a: Heatran|69/100
|-damage|p2a: Heatran|62/100
|-damage|p2a: Heatran|51/100
|-hitcount|p2a: Heatran|6
|
|-heal|p2a: Heatran|57/100|[from] item: Leftovers
|upkeep
|turn|2
|
|t:|1666999163
|switch|p1a: Phantom|Rotom-Wash, shiny|100/100
|move|p2a: Heatran|Lava Plume|p1a: Phantom
|-resisted|p1a: Phantom
|-damage|p1a: Phantom|76/100
|
|-heal|p1a: Phantom|82/100|[from] item: Leftovers
|-heal|p2a: Heatran|64/100|[from] item: Leftovers
|upkeep
|turn|3
|
|t:|1666999170
|switch|p1a: Deathstroke|Kartana, shiny|100/100
|switch|p2a: Gastrodon|Gastrodon, M|100/100
|
|upkeep
|turn|4
|
|t:|1666999176
|switch|p2a: Corviknight|Corviknight, F|100/100
|-ability|p2a: Corviknight|Pressure
|move|p1a: Deathstroke|Knock Off|p2a: Corviknight
|-damage|p2a: Corviknight|74/100
|-enditem|p2a: Corviknight|Leftovers|[from] move: Knock Off|[of] p1a: Deathstroke
|
|upkeep
|turn|5
|
|t:|1666999218
|switch|p1a: Phantom|Rotom-Wash, shiny|82/100
|move|p2a: Corviknight|U-turn|p1a: Phantom
|-damage|p1a: Phantom|64/100
|
|t:|1666999226
|switch|p2a: Haxorus|Haxorus, M|100/100|[from]move: U-turn
|-ability|p2a: Haxorus|Mold Breaker
|
|-heal|p1a: Phantom|70/100|[from] item: Leftovers
|upkeep
|turn|6
|
|t:|1666999277
|move|p1a: Phantom|Volt Switch|p2a: Haxorus
|-resisted|p2a: Haxorus
|-damage|p2a: Haxorus|77/100
|
|t:|1666999313
|switch|p1a: Enten|Landorus-Therian, M, shiny|100/100|[from]move: Volt Switch
|-ability|p1a: Enten|Intimidate|boost
|-unboost|p2a: Haxorus|atk|1
|move|p2a: Haxorus|Swords Dance|p2a: Haxorus
|-boost|p2a: Haxorus|atk|2
|
|upkeep
|turn|7
|
|t:|1666999319
|move|p2a: Haxorus|Scale Shot|p1a: Enten
|-damage|p1a: Enten|77/100
|-damage|p1a: Enten|56/100
|-damage|p1a: Enten|33/100
|-hitcount|p1a: Enten|3
|-unboost|p2a: Haxorus|def|1
|-boost|p2a: Haxorus|spe|1
|move|p1a: Enten|Earthquake|p2a: Haxorus
|-damage|p2a: Haxorus|0 fnt
|faint|p2a: Haxorus
|
|-heal|p1a: Enten|39/100|[from] item: Leftovers
|upkeep
|
|t:|1666999340
|switch|p2a: Dusknoir|Dusknoir, F|100/100
|-item|p1a: Enten|Leftovers|[from] ability: Frisk|[of] p2a: Dusknoir|[identify]
|turn|8
|
|t:|1666999348
|move|p2a: Dusknoir|Poltergeist|p1a: Enten
|-activate|p1a: Enten|move: Poltergeist|Leftovers
|-damage|p1a: Enten|0 fnt
|faint|p1a: Enten
|
|upkeep
|
|t:|1666999351
|switch|p1a: Bandit|Weavile, M, shiny|100/100
|-ability|p1a: Bandit|Pressure
|turn|9
|
|t:|1666999356
|switch|p2a: Heatran|Heatran, M|64/100
|move|p1a: Bandit|Beat Up|p2a: Heatran
|-damage|p2a: Heatran|56/100
|-damage|p2a: Heatran|50/100
|-damage|p2a: Heatran|42/100
|-damage|p2a: Heatran|33/100
|-damage|p2a: Heatran|24/100
|-hitcount|p2a: Heatran|5
|
|-heal|p2a: Heatran|30/100|[from] item: Leftovers
|upkeep
|turn|10
|
|t:|1666999361
|move|p1a: Bandit|Beat Up|p2a: Heatran
|-damage|p2a: Heatran|22/100
|-damage|p2a: Heatran|18/100
|-damage|p2a: Heatran|9/100
|-damage|p2a: Heatran|0 fnt
|faint|p2a: Heatran
|-hitcount|p2: Heatran|4
|
|upkeep
|
|t:|1666999366
|switch|p2a: Corviknight|Corviknight, F|74/100
|-ability|p2a: Corviknight|Pressure
|turn|11
|
|t:|1666999402
|switch|p1a: Leviathan|Dragapult, M, shiny|100/100
|move|p2a: Corviknight|U-turn|p1a: Leviathan
|-resisted|p1a: Leviathan
|-damage|p1a: Leviathan|91/100
|
|t:|1666999417
|switch|p2a: Gastrodon|Gastrodon, M|100/100|[from]move: U-turn
|
|upkeep
|turn|12
|
|t:|1666999441
|move|p1a: Leviathan|U-turn|p2a: Gastrodon
|-damage|p2a: Gastrodon|81/100
|
|t:|1666999444
|switch|p1a: Fate|Melmetal, shiny|100/100|[from]move: U-turn
|move|p2a: Gastrodon|Scald|p1a: Fate
|-damage|p1a: Fate|73/100
|
|upkeep
|turn|13
|
|t:|1666999465
|move|p1a: Fate|Superpower|p2a: Gastrodon
|-damage|p2a: Gastrodon|1/100
|-unboost|p1a: Fate|atk|1
|-unboost|p1a: Fate|def|1
|move|p2a: Gastrodon|Scald|p1a: Fate
|-damage|p1a: Fate|48/100
|
|upkeep
|turn|14
|
|t:|1666999472
|switch|p1a: Bandit|Weavile, M, shiny|100/100
|-ability|p1a: Bandit|Pressure
|move|p2a: Gastrodon|Recover|p2a: Gastrodon
|-heal|p2a: Gastrodon|51/100
|
|upkeep
|turn|15
|
|t:|1666999479
|move|p1a: Bandit|Triple Axel|p2a: Gastrodon
|-damage|p2a: Gastrodon|33/100
|-damage|p2a: Gastrodon|3/100
|-damage|p2a: Gastrodon|0 fnt
|faint|p2a: Gastrodon
|-hitcount|p2: Gastrodon|3
|
|upkeep
|
|t:|1666999481
|switch|p2a: Nihilego|Nihilego|100/100
|turn|16
|
|t:|1666999499
|move|p2a: Nihilego|Power Gem|p1a: Bandit
|-supereffective|p1a: Bandit
|-damage|p1a: Bandit|0 fnt
|faint|p1a: Bandit
|-ability|p2a: Nihilego|Beast Boost|boost
|-boost|p2a: Nihilego|spa|1
|
|upkeep
|
|t:|1666999507
|switch|p1a: Fate|Melmetal, shiny|48/100
|turn|17
|c|☆quixana|thats
|c|☆quixana|not a set
|c|☆Mangostein|ah, but i assume dusknoir is
|j| apersonoobn
|
|t:|1666999553
|switch|p2a: Corviknight|Corviknight, F|74/100
|-ability|p2a: Corviknight|Pressure
|move|p1a: Fate|Double Iron Bash|p2a: Corviknight
|-resisted|p2a: Corviknight
|-crit|p2a: Corviknight
|-damage|p2a: Corviknight|42/100
|-resisted|p2a: Corviknight
|-damage|p2a: Corviknight|20/100
|-hitcount|p2a: Corviknight|2
|
|upkeep
|turn|18
|
|t:|1666999558
|switch|p1a: Phantom|Rotom-Wash, shiny|70/100
|move|p2a: Corviknight|Roost|p2a: Corviknight
|-heal|p2a: Corviknight|70/100
|-singleturn|p2a: Corviknight|move: Roost
|
|-heal|p1a: Phantom|76/100|[from] item: Leftovers
|upkeep
|turn|19
|
|t:|1666999573
|switch|p2a: Dusknoir|Dusknoir, F|100/100
|-item|p1a: Phantom|Leftovers|[from] ability: Frisk|[of] p2a: Dusknoir|[identify]
|move|p1a: Phantom|Volt Switch|p2a: Dusknoir
|-damage|p2a: Dusknoir|70/100
|
|t:|1666999581
|switch|p1a: Leviathan|Dragapult, M, shiny|91/100|[from]move: Volt Switch
|
|upkeep
|turn|20
|
|t:|1666999585
|switch|p1a: Deathstroke|Kartana, shiny|100/100
|switch|p2a: Nihilego|Nihilego|100/100
|
|upkeep
|turn|21
|
|t:|1666999627
|move|p1a: Deathstroke|Smart Strike|p2a: Nihilego
|-supereffective|p2a: Nihilego
|-damage|p2a: Nihilego|0 fnt
|faint|p2a: Nihilego
|-ability|p1a: Deathstroke|Beast Boost|boost
|-boost|p1a: Deathstroke|atk|1
|
|upkeep
|-message|Mangostein forfeited.
|
|win|quixana
|raw|quixana's rating: 1631 &rarr; <strong>1660</strong><br />(+29 for winning)
|raw|Mangostein's rating: 1808 &rarr; <strong>1779</strong><br />(-29 for losing)
|l|☆Mangostein
|l| BabyPigsAreLaughin
||Ladder isn't responding, score probably updated but might not have (Request timeout).
