|j|☆yhdrslb
|j|☆Rawketz
|player|p1|yhdrslb|30|1531
|player|p2|Rawketz|102|1457
|teamsize|p1|6
|teamsize|p2|6
|gametype|singles
|gen|8
|tier|[Gen 8] OU
|rated|
|clearpoke
|poke|p1|Crawdaunt, F|
|poke|p1|Cinderace, F|
|poke|p1|Mamoswine, M|
|poke|p1|Aegislash, M|
|poke|p1|Zeraora|
|poke|p1|Haxorus, M|
|poke|p2|Cinderace, M|
|poke|p2|Hatterene, F|
|poke|p2|Toxapex, F|
|poke|p2|Mandibuzz, F|
|poke|p2|Dragapult, F|
|poke|p2|Excadrill, F|
|rule|Sleep Clause Mod: Limit one foe put to sleep
|rule|Species Clause: Limit one of each Pokémon
|rule|OHKO Clause: OHKO moves are banned
|rule|Evasion Moves Clause: Evasion moves are banned
|rule|Endless Battle Clause: Forcing endless battles is banned
|rule|HP Percentage Mod: HP is shown in percentages
|rule|Dynamax Clause: You cannot dynamax
|teampreview
|
|start
|switch|p1a: Cinderace|Cinderace, F|100/100
|switch|p2a: Cinderace|Cinderace, M|100/100
|turn|1
|
|move|p1a: Cinderace|Pyro Ball|p2a: Cinderace
|-resisted|p2a: Cinderace
|-damage|p2a: Cinderace|36/100
|move|p2a: Cinderace|U-turn|p1a: Cinderace
|-start|p2a: Cinderace|typechange|Bug|[from] ability: Libero
|-resisted|p1a: Cinderace
|-damage|p1a: Cinderace|64/100
|-damage|p2a: Cinderace|26/100|[from] item: Life Orb
|
|switch|p2a: Dragapult|Dragapult, F|100/100|[from]move: U-turn
|
|upkeep
|turn|2
|
|move|p2a: Dragapult|Hex|p1a: Cinderace
|-damage|p1a: Cinderace|0 fnt
|faint|p1a: Cinderace
|
|upkeep
|
|switch|p1a: Aegislash|Aegislash, M|100/100
|turn|3
|
|switch|p2a: Mandibuzz|Mandibuzz, F|100/100
|-formechange|p1a: Aegislash|Aegislash-Blade||[from] ability: Stance Change
|move|p1a: Aegislash|Iron Head|p2a: Mandibuzz
|-damage|p2a: Mandibuzz|44/100
|
|upkeep
|turn|4
|
|switch|p1a: Zeraora|Zeraora|100/100
|move|p2a: Mandibuzz|Foul Play|p1a: Zeraora
|-damage|p1a: Zeraora|39/100
|
|upkeep
|turn|5
|
|move|p1a: Zeraora|Knock Off|p2a: Mandibuzz
|-resisted|p2a: Mandibuzz
|-damage|p2a: Mandibuzz|26/100
|-enditem|p2a: Mandibuzz|Heavy-Duty Boots|[from] move: Knock Off|[of] p1a: Zeraora
|move|p2a: Mandibuzz|Foul Play|p1a: Zeraora
|-damage|p1a: Zeraora|0 fnt
|faint|p1a: Zeraora
|
|upkeep
|
|switch|p1a: Mamoswine|Mamoswine, M|100/100
|turn|6
|
|switch|p2a: Toxapex|Toxapex, F|100/100
|move|p1a: Mamoswine|Icicle Crash|p2a: Toxapex
|-resisted|p2a: Toxapex
|-damage|p2a: Toxapex|81/100
|
|-heal|p2a: Toxapex|87/100|[from] item: Black Sludge
|upkeep
|turn|7
|
|switch|p1a: Crawdaunt|Crawdaunt, F|100/100
|move|p2a: Toxapex|Scald|p1a: Crawdaunt
|-resisted|p1a: Crawdaunt
|-damage|p1a: Crawdaunt|84/100
|-status|p1a: Crawdaunt|brn
|
|-heal|p2a: Toxapex|93/100|[from] item: Black Sludge
|-damage|p1a: Crawdaunt|78/100 brn|[from] brn
|upkeep
|turn|8
|
|move|p1a: Crawdaunt|Knock Off|p2a: Toxapex
|-damage|p2a: Toxapex|61/100
|-enditem|p2a: Toxapex|Black Sludge|[from] move: Knock Off|[of] p1a: Crawdaunt
|move|p2a: Toxapex|Knock Off|p1a: Crawdaunt
|-resisted|p1a: Crawdaunt
|-crit|p1a: Crawdaunt
|-damage|p1a: Crawdaunt|63/100 brn
|-enditem|p1a: Crawdaunt|Choice Band|[from] move: Knock Off|[of] p2a: Toxapex
|
|-damage|p1a: Crawdaunt|57/100 brn|[from] brn
|upkeep
|turn|9
|
|move|p1a: Crawdaunt|Crabhammer|p2a: Toxapex
|-resisted|p2a: Toxapex
|-damage|p2a: Toxapex|51/100
|move|p2a: Toxapex|Toxic Spikes|p1a: Crawdaunt
|-sidestart|p1: yhdrslb|move: Toxic Spikes
|
|-damage|p1a: Crawdaunt|51/100 brn|[from] brn
|upkeep
|turn|10
|
|move|p1a: Crawdaunt|Crunch|p2a: Toxapex
|-damage|p2a: Toxapex|35/100
|move|p2a: Toxapex|Recover|p2a: Toxapex
|-heal|p2a: Toxapex|85/100
|
|-damage|p1a: Crawdaunt|45/100 brn|[from] brn
|upkeep
|turn|11
|
|switch|p1a: Haxorus|Haxorus, M|100/100
|-status|p1a: Haxorus|psn
|-ability|p1a: Haxorus|Mold Breaker
|move|p2a: Toxapex|Scald|p1a: Haxorus
|-resisted|p1a: Haxorus
|-damage|p1a: Haxorus|88/100 psn
|
|-damage|p1a: Haxorus|76/100 psn|[from] psn
|upkeep
|turn|12
|
|switch|p2a: Mandibuzz|Mandibuzz, F|26/100
|move|p1a: Haxorus|Earthquake|p2a: Mandibuzz
|-immune|p2a: Mandibuzz
|
|-damage|p1a: Haxorus|64/100 psn|[from] psn
|upkeep
|turn|13
|-message|yhdrslb forfeited.
|
|win|Rawketz
|l|☆yhdrslb
|raw|yhdrslb's rating: 1492 &rarr; <strong>1470</strong><br />(-22 for losing)
|raw|Rawketz's rating: 1457 &rarr; <strong>1481</strong><br />(+24 for winning)
