|html|<div class="broadcast-blue"><strong>[Gen 8] OU is currently suspecting Kyurem! For information on how to participate check out the <a href="https://www.smogon.com/forums/threads/np-ss-ou-suspect-process-round-11-break-the-ice.3694129/">suspect thread</a>.</strong></div>
|j|☆VirginJimmy99
|j|☆Bsuuuu
|inactive|Battle timer is ON: inactive players will automatically lose when time's up.
|t:|1638760509
|gametype|singles
|player|p1|VirginJimmy99|rocketgrunt|
|player|p2|Bsuuuu|102|
|teamsize|p1|6
|teamsize|p2|6
|gen|8
|tier|[Gen 8] OU
|rated|Tournament battle
|rule|Sleep Clause Mod: Limit one foe put to sleep
|rule|Species Clause: Limit one of each Pokémon
|rule|OHKO Clause: OHKO moves are banned
|rule|Evasion Moves Clause: Evasion moves are banned
|rule|Endless Battle Clause: Forcing endless battles is banned
|rule|HP Percentage Mod: HP is shown in percentages
|rule|Dynamax Clause: You cannot dynamax
|clearpoke
|poke|p1|Zapdos-Galar|
|poke|p1|Slowking, M|
|poke|p1|Ferrothorn, F|
|poke|p1|Landorus-Therian, M|
|poke|p1|Regieleki|
|poke|p1|Weavile, F|
|poke|p2|Tapu Fini|
|poke|p2|Melmetal|
|poke|p2|Pelipper, M|
|poke|p2|Barraskewda, M|
|poke|p2|Landorus-Therian, M|
|poke|p2|Zapdos|
|teampreview
|j| Mikirae
|j| Boanerges
|j| lufan131
|j| NoTollsNoRolls
|inactive|Bsuuuu has 120 seconds left.
|j| Serp IV
|
|t:|1638760552
|start
|switch|p1a: Slowking|Slowking, M|100/100
|switch|p2a: Zapdos|Zapdos|100/100
|turn|1
|
|t:|1638760559
|switch|p1a: Landorus|Landorus-Therian, M|100/100
|-ability|p1a: Landorus|Intimidate|boost
|-unboost|p2a: Zapdos|atk|1
|move|p2a: Zapdos|Volt Switch|p1a: Landorus
|-immune|p1a: Landorus
|
|upkeep
|turn|2
|inactive|Bsuuuu has 120 seconds left.
|j|@azure nights
|
|t:|1638760604
|switch|p2a: Landorus|Landorus-Therian, M|100/100
|-ability|p2a: Landorus|Intimidate|boost
|-unboost|p1a: Landorus|atk|1
|move|p1a: Landorus|Toxic|p2a: Landorus
|-status|p2a: Landorus|tox
|
|-damage|p2a: Landorus|94/100 tox|[from] psn
|upkeep
|turn|3
|
|t:|1638760614
|move|p2a: Landorus|Stealth Rock|p1a: Landorus
|-sidestart|p1: VirginJimmy99|move: Stealth Rock
|move|p1a: Landorus|Stealth Rock|p2a: Landorus
|-sidestart|p2: Bsuuuu|move: Stealth Rock
|
|-damage|p2a: Landorus|82/100 tox|[from] psn
|upkeep
|turn|4
|inactive|Bsuuuu has 120 seconds left.
|
|t:|1638760633
|move|p2a: Landorus|U-turn|p1a: Landorus
|-resisted|p1a: Landorus
|-damage|p1a: Landorus|90/100
|
|t:|1638760636
|switch|p2a: Tapu Fini|Tapu Fini|100/100|[from]move: U-turn
|-damage|p2a: Tapu Fini|88/100|[from] Stealth Rock
|-fieldstart|move: Misty Terrain|[from] ability: Misty Surge|[of] p2a: Tapu Fini
|move|p1a: Landorus|U-turn|p2a: Tapu Fini
|-resisted|p2a: Tapu Fini
|-damage|p2a: Tapu Fini|83/100
|
|t:|1638760641
|switch|p1a: Regieleki|Regieleki|100/100|[from]move: U-turn
|
|-heal|p2a: Tapu Fini|89/100|[from] item: Leftovers
|upkeep
|turn|5
|inactive|Bsuuuu has 120 seconds left.
|inactive|Bsuuuu has 90 seconds left.
|inactive|Bsuuuu has 60 seconds left.
|
|t:|1638760726
|switch|p2a: Landorus|Landorus-Therian, M|82/100 tox
|-damage|p2a: Landorus|70/100 tox|[from] Stealth Rock
|-ability|p2a: Landorus|Intimidate|boost
|-unboost|p1a: Regieleki|atk|1
|move|p1a: Regieleki|Rapid Spin|p2a: Landorus
|-damage|p2a: Landorus|65/100 tox
|-boost|p1a: Regieleki|spe|1
|-damage|p1a: Regieleki|84/100|[from] item: Rocky Helmet|[of] p2a: Landorus
|-sideend|p1: VirginJimmy99|Stealth Rock|[from] move: Rapid Spin|[of] p1a: Regieleki
|
|-damage|p2a: Landorus|59/100 tox|[from] psn
|upkeep
|turn|6
|inactive|VirginJimmy99 has 120 seconds left.
|
|t:|1638760762
|switch|p1a: Slowking|Slowking, M|100/100
|move|p2a: Landorus|Defog|p1a: Slowking
|-unboost|p1a: Slowking|evasion|1
|-sideend|p2: Bsuuuu|Stealth Rock|[from] move: Defog|[of] p2a: Landorus
|-fieldend|Misty Terrain
|
|-damage|p2a: Landorus|47/100 tox|[from] psn
|upkeep
|turn|7
|inactive|VirginJimmy99 has 120 seconds left.
|inactive|Bsuuuu has 60 seconds left.
|
|t:|1638760771
|move|p2a: Landorus|U-turn|p1a: Slowking
|-supereffective|p1a: Slowking
|-damage|p1a: Slowking|54/100
|
|t:|1638760774
|switch|p2a: Zapdos|Zapdos|100/100|[from]move: U-turn
|move|p1a: Slowking|Scald|p2a: Zapdos
|-damage|p2a: Zapdos|66/100
|-status|p2a: Zapdos|brn
|
|-damage|p2a: Zapdos|60/100 brn|[from] brn
|upkeep
|turn|8
|
|t:|1638760784
|move|p2a: Zapdos|Hurricane|p1a: Slowking|[miss]
|-miss|p2a: Zapdos|p1a: Slowking
|move|p1a: Slowking|Slack Off|p1a: Slowking
|-heal|p1a: Slowking|100/100
|
|-damage|p2a: Zapdos|53/100 brn|[from] brn
|upkeep
|turn|9
|
|t:|1638760789
|switch|p2a: Pelipper|Pelipper, M|100/100
|-weather|RainDance|[from] ability: Drizzle|[of] p2a: Pelipper
|move|p1a: Slowking|Teleport|p1a: Slowking
|
|t:|1638760792
|switch|p1a: Regieleki|Regieleki|84/100|[from]move: Teleport
|
|-weather|RainDance|[upkeep]
|upkeep
|turn|10
|
|t:|1638760796
|switch|p2a: Landorus|Landorus-Therian, M|47/100 tox
|-ability|p2a: Landorus|Intimidate|boost
|-unboost|p1a: Regieleki|atk|1
|move|p1a: Regieleki|Electro Ball|p2a: Landorus
|-immune|p2a: Landorus
|
|-weather|RainDance|[upkeep]
|-damage|p2a: Landorus|41/100 tox|[from] psn
|upkeep
|turn|11
|
|t:|1638760802
|switch|p1a: Landorus|Landorus-Therian, M|90/100
|-ability|p1a: Landorus|Intimidate|boost
|-unboost|p2a: Landorus|atk|1
|move|p2a: Landorus|U-turn|p1a: Landorus
|-resisted|p1a: Landorus
|-damage|p1a: Landorus|84/100
|
|t:|1638760814
|switch|p2a: Barraskewda|Barraskewda, M|100/100|[from]move: U-turn
|
|-weather|RainDance|[upkeep]
|-heal|p1a: Landorus|90/100|[from] item: Leftovers
|upkeep
|turn|12
|
|t:|1638760817
|switch|p1a: Slowking|Slowking, M|100/100
|move|p2a: Barraskewda|Flip Turn|p1a: Slowking
|-resisted|p1a: Slowking
|-damage|p1a: Slowking|63/100
|
|t:|1638760820
|switch|p2a: Zapdos|Zapdos|53/100 brn|[from]move: Flip Turn
|
|-weather|RainDance|[upkeep]
|-damage|p2a: Zapdos|47/100 brn|[from] brn
|upkeep
|turn|13
|
|t:|1638760830
|switch|p1a: Landorus|Landorus-Therian, M|90/100
|-ability|p1a: Landorus|Intimidate|boost
|-unboost|p2a: Zapdos|atk|1
|move|p2a: Zapdos|Hurricane|p1a: Landorus
|-damage|p1a: Landorus|24/100
|
|-weather|RainDance|[upkeep]
|-heal|p1a: Landorus|30/100|[from] item: Leftovers
|-damage|p2a: Zapdos|41/100 brn|[from] brn
|upkeep
|turn|14
|
|t:|1638760836
|switch|p1a: Slowking|Slowking, M|96/100
|move|p2a: Zapdos|Hurricane|p1a: Slowking
|-damage|p1a: Slowking|49/100
|-start|p1a: Slowking|confusion
|
|-weather|RainDance|[upkeep]
|-damage|p2a: Zapdos|35/100 brn|[from] brn
|upkeep
|turn|15
|
|t:|1638760841
|move|p2a: Zapdos|Hurricane|p1a: Slowking
|-damage|p1a: Slowking|2/100
|-activate|p1a: Slowking|confusion
|-damage|p1a: Slowking|0 fnt|[from] confusion
|faint|p1a: Slowking
|
|-weather|RainDance|[upkeep]
|-damage|p2a: Zapdos|29/100 brn|[from] brn
|upkeep
|
|t:|1638760846
|switch|p1a: Regieleki|Regieleki|84/100
|turn|16
|
|t:|1638760853
|switch|p2a: Landorus|Landorus-Therian, M|41/100 tox
|-ability|p2a: Landorus|Intimidate|boost
|-unboost|p1a: Regieleki|atk|1
|move|p1a: Regieleki|Ancient Power|p2a: Landorus
|-damage|p2a: Landorus|23/100 tox
|
|-weather|none
|-damage|p2a: Landorus|17/100 tox|[from] psn
|upkeep
|turn|17
|
|t:|1638760866
|move|p1a: Regieleki|Volt Switch|p2a: Landorus
|-immune|p2a: Landorus
|move|p2a: Landorus|Stealth Rock|p1a: Regieleki
|-sidestart|p1: VirginJimmy99|move: Stealth Rock
|
|-damage|p2a: Landorus|5/100 tox|[from] psn
|upkeep
|turn|18
|c|☆VirginJimmy99|oops
|c|☆VirginJimmy99|i thought i clicked ancient
|c|☆VirginJimmy99|woops
|
|t:|1638760876
|switch|p2a: Melmetal|Melmetal|100/100
|move|p1a: Regieleki|Ancient Power|p2a: Melmetal
|-resisted|p2a: Melmetal
|-damage|p2a: Melmetal|96/100
|
|upkeep
|turn|19
|
|t:|1638760880
|move|p1a: Regieleki|Volt Switch|p2a: Melmetal
|-crit|p2a: Melmetal
|-damage|p2a: Melmetal|61/100
|
|t:|1638760884
|switch|p1a: Ferrothorn|Ferrothorn, F|100/100|[from]move: Volt Switch
|-damage|p1a: Ferrothorn|95/100|[from] Stealth Rock
|move|p2a: Melmetal|Double Iron Bash|p1a: Ferrothorn
|-resisted|p1a: Ferrothorn
|-damage|p1a: Ferrothorn|83/100
|-damage|p2a: Melmetal|48/100|[from] ability: Iron Barbs|[of] p1a: Ferrothorn
|-resisted|p1a: Ferrothorn
|-damage|p1a: Ferrothorn|71/100
|-damage|p2a: Melmetal|36/100|[from] ability: Iron Barbs|[of] p1a: Ferrothorn
|-hitcount|p1a: Ferrothorn|2
|
|-heal|p1a: Ferrothorn|77/100|[from] item: Leftovers
|upkeep
|turn|20
|
|t:|1638760890
|switch|p2a: Zapdos|Zapdos|29/100 brn
|switch|p1a: Landorus|Landorus-Therian, M|30/100
|-damage|p1a: Landorus|18/100|[from] Stealth Rock
|-ability|p1a: Landorus|Intimidate|boost
|-unboost|p2a: Zapdos|atk|1
|
|-heal|p1a: Landorus|24/100|[from] item: Leftovers
|-damage|p2a: Zapdos|22/100 brn|[from] brn
|upkeep
|turn|21
|
|t:|1638760893
|move|p2a: Zapdos|Hurricane|p1a: Landorus
|-crit|p1a: Landorus
|-damage|p1a: Landorus|0 fnt
|faint|p1a: Landorus
|
|-damage|p2a: Zapdos|16/100 brn|[from] brn
|upkeep
|
|t:|1638760896
|switch|p1a: Regieleki|Regieleki|84/100
|turn|22
|
|t:|1638760898
|switch|p2a: Landorus|Landorus-Therian, M|5/100 tox
|-ability|p2a: Landorus|Intimidate|boost
|-unboost|p1a: Regieleki|atk|1
|move|p1a: Regieleki|Ancient Power|p2a: Landorus
|-damage|p2a: Landorus|0 fnt
|-boost|p1a: Regieleki|atk|1
|-boost|p1a: Regieleki|def|1
|-boost|p1a: Regieleki|spa|1
|-boost|p1a: Regieleki|spd|1
|-boost|p1a: Regieleki|spe|1
|faint|p2a: Landorus
|
|upkeep
|c|☆Bsuuuu|o
|
|t:|1638760908
|switch|p2a: Pelipper|Pelipper, M|100/100
|-weather|RainDance|[from] ability: Drizzle|[of] p2a: Pelipper
|turn|23
|
|t:|1638760921
|switch|p2a: Melmetal|Melmetal|36/100
|move|p1a: Regieleki|Electro Ball|p2a: Melmetal
|-damage|p2a: Melmetal|0 fnt
|faint|p2a: Melmetal
|
|-weather|RainDance|[upkeep]
|upkeep
|
|t:|1638760922
|switch|p2a: Barraskewda|Barraskewda, M|100/100
|turn|24
|
|t:|1638760928
|move|p1a: Regieleki|Electro Ball|p2a: Barraskewda
|-supereffective|p2a: Barraskewda
|-damage|p2a: Barraskewda|0 fnt
|faint|p2a: Barraskewda
|
|-weather|RainDance|[upkeep]
|upkeep
|-message|Bsuuuu forfeited.
|
|win|VirginJimmy99
|n|☆VirginJimmy99|virginjimmy99
|n|☆Bsuuuu|bsuuuu
|n| Mikirae|mikirae
|n| Boanerges|boanerges
|n| lufan131|lufan131
|n| NoTollsNoRolls|notollsnorolls
|n| Serp IV|serpiv
|n| azure nights|azurenights
|l|☆Bsuuuu
