|j|☆isheavydead
|j|☆DiegoYB
|inactive|Battle timer is ON: inactive players will automatically lose when time's up.
|t:|1615085871
|player|p1|isheavydead|ethan|
|player|p2|DiegoYB|gentleman-gen4|
|teamsize|p1|6
|teamsize|p2|6
|gametype|singles
|gen|8
|tier|[Gen 8] OU
|rated|Tournament battle
|clearpoke
|poke|p1|Landorus-Therian, M|
|poke|p1|Kyurem|
|poke|p1|Urshifu-*, M|
|poke|p1|Moltres-Galar|
|poke|p1|Dragapult, M|
|poke|p1|Aegislash, M|
|poke|p2|Landorus-Therian, M|
|poke|p2|Kyurem|
|poke|p2|Urshifu-*, M|
|poke|p2|Moltres-Galar|
|poke|p2|Dragapult, M|
|poke|p2|Aegislash, M|
|rule|Sleep Clause Mod: Limit one foe put to sleep
|rule|Species Clause: Limit one of each Pokémon
|rule|OHKO Clause: OHKO moves are banned
|rule|Evasion Moves Clause: Evasion moves are banned
|rule|Endless Battle Clause: Forcing endless battles is banned
|rule|HP Percentage Mod: HP is shown in percentages
|rule|Dynamax Clause: You cannot dynamax
|teampreview
|inactive|DiegoYB also wants the timer to be on.
|j|+f a mpire
|j| Clvspercillo
|j| Criingetopia
|c|☆isheavydead|LMAO
|c| Criingetopia|hm
|c|☆DiegoYB|lmao
|c|☆isheavydead|ive been scouted.
|c|☆isheavydead|hf
|c|☆DiegoYB|Nonoo
|j| Broly beast
|j|%georgiethefirst
|j| ImLilTjay
|c|☆DiegoYB|I use this team des el princio del torneo
|inactive|DiegoYB has 120 seconds left.
|
|t:|1615085905
|start
|switch|p1a: Achilles|Aegislash, M, shiny|100/100
|switch|p2a: Kyotaro|Kyurem, shiny|100/100
|-ability|p2a: Kyotaro|Pressure
|turn|1
|
|t:|1615085911
|move|p2a: Kyotaro|Draco Meteor|p1a: Achilles
|-resisted|p1a: Achilles
|-damage|p1a: Achilles|64/100
|-unboost|p2a: Kyotaro|spa|2
|-formechange|p1a: Achilles|Aegislash-Blade||[from] ability: Stance Change
|move|p1a: Achilles|Shadow Ball|p2a: Kyotaro
|-damage|p2a: Kyotaro|37/100
|
|upkeep
|turn|2
|
|t:|1615085921
|switch|p2a: Yami|Moltres-Galar|100/100
|move|p1a: Achilles|Shadow Ball|p2a: Yami
|-resisted|p2a: Yami
|-damage|p2a: Yami|70/100
|
|upkeep
|turn|3
|
|t:|1615085927
|switch|p1a: Kyotaro|Kyurem, shiny|100/100
|-ability|p1a: Kyotaro|Pressure
|move|p2a: Yami|Nasty Plot|p2a: Yami
|-boost|p2a: Yami|spa|2
|
|upkeep
|turn|4
|
|t:|1615085934
|switch|p2a: Kyotaro|Kyurem, shiny|37/100
|-ability|p2a: Kyotaro|Pressure
|move|p1a: Kyotaro|Ice Beam|p2a: Kyotaro
|-damage|p2a: Kyotaro|0 fnt
|faint|p2a: Kyotaro
|
|upkeep
|j| Lynarto
|
|t:|1615085940
|switch|p2a: Achilles|Aegislash, M, shiny|100/100
|turn|5
|j| kinolu
|
|t:|1615085942
|switch|p1a: Yami|Moltres-Galar|100/100
|-formechange|p2a: Achilles|Aegislash-Blade||[from] ability: Stance Change
|move|p2a: Achilles|Flash Cannon|p1a: Yami
|-damage|p1a: Yami|40/100
|-ability|p1a: Yami|Berserk|boost
|-boost|p1a: Yami|spa|1
|
|upkeep
|turn|6
|
|t:|1615085950
|switch|p2a: Yami|Moltres-Galar|70/100
|move|p1a: Yami|Hurricane|p2a: Yami
|-damage|p2a: Yami|5/100
|-ability|p2a: Yami|Berserk|boost
|-boost|p2a: Yami|spa|1
|
|upkeep
|turn|7
|
|t:|1615085954
|move|p1a: Yami|Fiery Wrath|p2a: Yami
|-resisted|p2a: Yami
|-damage|p2a: Yami|0 fnt
|faint|p2a: Yami
|
|upkeep
|
|t:|1615085957
|switch|p2a: Poseidon-Blade|Urshifu-Rapid-Strike, M|100/100
|turn|8
|
|t:|1615085958
|move|p2a: Poseidon-Blade|Surging Strikes|p1a: Yami
|-crit|p1a: Yami
|-damage|p1a: Yami|20/100
|-crit|p1a: Yami
|-damage|p1a: Yami|0 fnt
|-hitcount|p1a: Yami|2
|faint|p1a: Yami
|
|upkeep
|
|t:|1615085965
|switch|p1a: Leviathan|Dragapult, M|100/100
|turn|9
|j| yeetium
|c| Lynarto|what is this lol
|j| Mikirae
|
|t:|1615085979
|switch|p2a: Lucifer|Landorus-Therian, M|100/100
|-ability|p2a: Lucifer|Intimidate|boost
|-fail|p1a: Leviathan|unboost|[from] ability: Clear Body|[of] p1a: Leviathan
|move|p1a: Leviathan|Dragon Dance|p1a: Leviathan
|-boost|p1a: Leviathan|atk|1
|-boost|p1a: Leviathan|spe|1
|
|upkeep
|turn|10
|j| BurlyBear_poke
|j| atlr103
|j| kisian
|l| atlr103
|inactive|isheavydead has 120 seconds left.
|j| AquaVanillla
|
|t:|1615086032
|switch|p1a: Lucifer|Landorus-Therian, M|100/100
|-ability|p1a: Lucifer|Intimidate|boost
|-unboost|p2a: Lucifer|atk|1
|move|p2a: Lucifer|Knock Off|p1a: Lucifer
|-damage|p1a: Lucifer|51/100
|-enditem|p1a: Lucifer|Choice Band|[from] move: Knock Off|[of] p2a: Lucifer
|
|upkeep
|turn|11
|
|t:|1615086039
|switch|p2a: Poseidon-Blade|Urshifu-Rapid-Strike, M|100/100
|move|p1a: Lucifer|U-turn|p2a: Poseidon-Blade
|-resisted|p2a: Poseidon-Blade
|-damage|p2a: Poseidon-Blade|85/100
|
|t:|1615086051
|switch|p1a: Leviathan|Dragapult, M|100/100|[from]move: U-turn
|
|upkeep
|turn|12
|j| Datsko
|
|t:|1615086057
|switch|p2a: Lucifer|Landorus-Therian, M|100/100
|-ability|p2a: Lucifer|Intimidate|boost
|-fail|p1a: Leviathan|unboost|[from] ability: Clear Body|[of] p1a: Leviathan
|move|p1a: Leviathan|Dragon Darts|p2a: Lucifer
|-damage|p2a: Lucifer|68/100
|-anim|p1a: Leviathan|Dragon Darts|p2a: Lucifer
|-damage|p2a: Lucifer|39/100
|
|upkeep
|turn|13
|
|t:|1615086063
|move|p1a: Leviathan|Dragon Darts|p2a: Lucifer
|-damage|p2a: Lucifer|10/100
|-anim|p1a: Leviathan|Dragon Darts|p2a: Lucifer
|-damage|p2a: Lucifer|0 fnt
|faint|p2a: Lucifer
|
|upkeep
|
|t:|1615086068
|switch|p2a: Leviathan|Dragapult, M|100/100
|turn|14
|
|t:|1615086073
|move|p1a: Leviathan|Phantom Force||[still]
|-prepare|p1a: Leviathan|Phantom Force
|move|p2a: Leviathan|Dragon Darts|p1a: Leviathan|[miss]
|-miss|p2a: Leviathan|p1a: Leviathan
|
|upkeep
|turn|15
|
|t:|1615086076
|move|p2a: Leviathan|Phantom Force||[still]
|-prepare|p2a: Leviathan|Phantom Force
|move|p1a: Leviathan|Phantom Force|p2a: Leviathan|[from]lockedmove|[miss]
|-miss|p1a: Leviathan|p2a: Leviathan
|
|upkeep
|turn|16
|j| MagikRoom
|c|☆isheavydead|IM TRASH
|
|t:|1615086090
|switch|p1a: Lucifer|Landorus-Therian, M|51/100
|-ability|p1a: Lucifer|Intimidate|boost
|-fail|p2a: Leviathan|unboost|[from] ability: Clear Body|[of] p2a: Leviathan
|move|p2a: Leviathan|Phantom Force|p1a: Lucifer|[from]lockedmove
|-damage|p1a: Lucifer|0 fnt
|faint|p1a: Lucifer
|
|upkeep
|j| Yugimora
|
|t:|1615086091
|switch|p1a: Kyotaro|Kyurem, shiny|100/100
|-ability|p1a: Kyotaro|Pressure
|turn|17
|
|t:|1615086094
|switch|p2a: Achilles|Aegislash, M, shiny|100/100
|move|p1a: Kyotaro|Ice Beam|p2a: Achilles
|-resisted|p2a: Achilles
|-damage|p2a: Achilles|75/100
|
|upkeep
|turn|18
|
|t:|1615086101
|switch|p1a: Poseidon-Blade|Urshifu-Rapid-Strike, M|100/100
|-formechange|p2a: Achilles|Aegislash-Blade||[from] ability: Stance Change
|move|p2a: Achilles|Shadow Ball|p1a: Poseidon-Blade
|-damage|p1a: Poseidon-Blade|0 fnt
|faint|p1a: Poseidon-Blade
|
|upkeep
|c| AquaVanillla|LIL TECC
|inactive|isheavydead has 120 seconds left.
|
|t:|1615086139
|switch|p1a: Leviathan|Dragapult, M|100/100
|turn|19
|inactive|isheavydead has 120 seconds left.
|
|t:|1615086168
|switch|p2a: Poseidon-Blade|Urshifu-Rapid-Strike, M|85/100
|move|p1a: Leviathan|Phantom Force||[still]
|-prepare|p1a: Leviathan|Phantom Force
|
|upkeep
|turn|20
|
|t:|1615086186
|move|p1a: Leviathan|Phantom Force|p2a: Poseidon-Blade|[from]lockedmove
|-damage|p2a: Poseidon-Blade|37/100
|move|p2a: Poseidon-Blade|U-turn|p1a: Leviathan
|-resisted|p1a: Leviathan
|-damage|p1a: Leviathan|86/100
|
|t:|1615086189
|switch|p2a: Leviathan|Dragapult, M|100/100|[from]move: U-turn
|
|upkeep
|turn|21
|
|t:|1615086197
|move|p1a: Leviathan|Dragon Darts|p2a: Leviathan
|-supereffective|p2a: Leviathan
|-damage|p2a: Leviathan|27/100
|-enditem|p2a: Leviathan|Weakness Policy
|-boost|p2a: Leviathan|atk|2|[from] item: Weakness Policy
|-boost|p2a: Leviathan|spa|2|[from] item: Weakness Policy
|-anim|p1a: Leviathan|Dragon Darts|p2a: Leviathan
|-supereffective|p2a: Leviathan
|-damage|p2a: Leviathan|0 fnt
|faint|p2a: Leviathan
|
|upkeep
|c|☆isheavydead|rip
|c|☆DiegoYB|Whyyyyyyy
|c|☆isheavydead|mad speed ties
|
|t:|1615086207
|switch|p2a: Achilles|Aegislash, M, shiny|75/100
|turn|22
|
|t:|1615086214
|move|p1a: Leviathan|Phantom Force||[still]
|-prepare|p1a: Leviathan|Phantom Force
|-formechange|p2a: Achilles|Aegislash-Blade||[from] ability: Stance Change
|move|p2a: Achilles|Shadow Ball|p1a: Leviathan|[miss]
|-miss|p2a: Achilles|p1a: Leviathan
|
|upkeep
|turn|23
|
|t:|1615086218
|switch|p2a: Poseidon-Blade|Urshifu-Rapid-Strike, M|37/100
|move|p1a: Leviathan|Phantom Force|p2a: Poseidon-Blade|[from]lockedmove
|-damage|p2a: Poseidon-Blade|0 fnt
|faint|p2a: Poseidon-Blade
|
|upkeep
|c| Broly beast|rip
|
|t:|1615086223
|switch|p2a: Achilles|Aegislash, M, shiny|75/100
|turn|24
|c|☆DiegoYB|f
|c|☆isheavydead|gg
|
|t:|1615086228
|-formechange|p2a: Achilles|Aegislash-Blade||[from] ability: Stance Change
|move|p2a: Achilles|Shadow Sneak|p1a: Leviathan
|-supereffective|p1a: Leviathan
|-damage|p1a: Leviathan|42/100
|-enditem|p1a: Leviathan|Weakness Policy
|-boost|p1a: Leviathan|atk|2|[from] item: Weakness Policy
|-boost|p1a: Leviathan|spa|2|[from] item: Weakness Policy
|move|p1a: Leviathan|Phantom Force||[still]
|-prepare|p1a: Leviathan|Phantom Force
|
|upkeep
|turn|25
|
|t:|1615086236
|move|p2a: Achilles|Shadow Sneak|p1a: Leviathan|[miss]
|-miss|p2a: Achilles|p1a: Leviathan
|move|p1a: Leviathan|Phantom Force|p2a: Achilles|[from]lockedmove
|-supereffective|p2a: Achilles
|-damage|p2a: Achilles|0 fnt
|faint|p2a: Achilles
|
|win|isheavydead
|n|☆isheavydead|isheavydead
|n|☆DiegoYB|diegoyb
|n| f a mpire|fampire
|n| Clvspercillo|clvspercillo
|n| Criingetopia|criingetopia
|n| Broly beast|brolybeast
|n| georgiethefirst|georgiethefirst
|n| ImLilTjay|imliltjay
|n| Lynarto|lynarto
|n| kinolu|kinolu
|n| yeetium|yeetium
|n| Mikirae|mikirae
|n| BurlyBear_poke|burlybearpoke
|n| kisian|kisian
|n| AquaVanillla|aquavanillla
|n| Datsko|datsko
|n| MagikRoom|magikroom
|n| Yugimora|yugimora
