|j|☆Stads
|j|☆Pok et glace
|t:|1661869086
|gametype|singles
|player|p1|Stads|102|1791
|player|p2|Pok et glace|cynthia-masters|1807
|teamsize|p1|6
|teamsize|p2|6
|gen|8
|tier|[Gen 8] OU
|rated|
|rule|Sleep Clause Mod: Limit one foe put to sleep
|rule|Species Clause: Limit one of each Pokémon
|rule|OHKO Clause: OHKO moves are banned
|rule|Evasion Items Clause: Evasion items are banned
|rule|Evasion Moves Clause: Evasion moves are banned
|rule|Endless Battle Clause: Forcing endless battles is banned
|rule|HP Percentage Mod: HP is shown in percentages
|rule|Dynamax Clause: You cannot dynamax
|clearpoke
|poke|p1|Tornadus-Therian, M|
|poke|p1|Corviknight, M|
|poke|p1|Kartana|
|poke|p1|Toxapex, M|
|poke|p1|Hippowdon, M|
|poke|p1|Heatran, F|
|poke|p2|Lanturn, M|
|poke|p2|Tapu Bulu|
|poke|p2|Heatran, M|
|poke|p2|Clefable, F|
|poke|p2|Tornadus-Therian, M|
|poke|p2|Kartana|
|teampreview
|inactive|Battle timer is ON: inactive players will automatically lose when time's up. (requested by Stads)
|
|t:|1661869123
|start
|switch|p1a: Tornadus|Tornadus-Therian, M|100/100
|switch|p2a: Tornadus|Tornadus-Therian, M|100/100
|turn|1
|
|t:|1661869146
|move|p1a: Tornadus|Knock Off|p2a: Tornadus
|-damage|p2a: Tornadus|79/100
|-enditem|p2a: Tornadus|Heavy-Duty Boots|[from] move: Knock Off|[of] p1a: Tornadus
|move|p2a: Tornadus|Hurricane|p1a: Tornadus|[miss]
|-miss|p2a: Tornadus|p1a: Tornadus
|
|upkeep
|turn|2
|
|t:|1661869156
|move|p1a: Tornadus|Hurricane|p2a: Tornadus
|-damage|p2a: Tornadus|31/100
|move|p2a: Tornadus|U-turn|p1a: Tornadus
|-resisted|p1a: Tornadus
|-damage|p1a: Tornadus|91/100
|
|t:|1661869160
|switch|p2a: Lanturn|Lanturn, M|100/100|[from]move: U-turn
|
|upkeep
|turn|3
|
|t:|1661869162
|move|p1a: Tornadus|Knock Off|p2a: Lanturn
|-damage|p2a: Lanturn|79/100
|-enditem|p2a: Lanturn|Leftovers|[from] move: Knock Off|[of] p1a: Tornadus
|move|p2a: Lanturn|Thunder Wave|p1a: Tornadus
|-status|p1a: Tornadus|par
|
|upkeep
|turn|4
|
|t:|1661869169
|move|p1a: Tornadus|U-turn|p2a: Lanturn
|-damage|p2a: Lanturn|63/100
|
|t:|1661869171
|switch|p1a: Hippowdon|Hippowdon, M|100/100|[from]move: U-turn
|-weather|Sandstorm|[from] ability: Sand Stream|[of] p1a: Hippowdon
|move|p2a: Lanturn|Scald|p1a: Hippowdon
|-supereffective|p1a: Hippowdon
|-damage|p1a: Hippowdon|66/100
|-status|p1a: Hippowdon|brn
|
|-weather|Sandstorm|[upkeep]
|-damage|p2a: Lanturn|57/100|[from] Sandstorm
|-heal|p1a: Hippowdon|72/100 brn|[from] item: Leftovers
|-damage|p1a: Hippowdon|66/100 brn|[from] brn
|upkeep
|turn|5
|
|t:|1661869175
|switch|p2a: Tornadus|Tornadus-Therian, M|64/100
|move|p1a: Hippowdon|Stealth Rock|p2a: Tornadus
|-sidestart|p2: Pok et glace|move: Stealth Rock
|
|-weather|Sandstorm|[upkeep]
|-damage|p2a: Tornadus|58/100|[from] Sandstorm
|-heal|p1a: Hippowdon|72/100 brn|[from] item: Leftovers
|-damage|p1a: Hippowdon|66/100 brn|[from] brn
|upkeep
|turn|6
|j| zgiat
|
|t:|1661869178
|move|p2a: Tornadus|Taunt|p1a: Hippowdon
|-start|p1a: Hippowdon|move: Taunt
|cant|p1a: Hippowdon|move: Taunt|Slack Off
|
|-weather|Sandstorm|[upkeep]
|-damage|p2a: Tornadus|52/100|[from] Sandstorm
|-heal|p1a: Hippowdon|72/100 brn|[from] item: Leftovers
|-damage|p1a: Hippowdon|66/100 brn|[from] brn
|upkeep
|turn|7
|
|t:|1661869184
|move|p2a: Tornadus|Defog|p1a: Hippowdon
|-unboost|p1a: Hippowdon|evasion|1
|-sideend|p2: Pok et glace|Stealth Rock|[from] move: Defog|[of] p2a: Tornadus
|move|p1a: Hippowdon|Earthquake|p2a: Tornadus
|-immune|p2a: Tornadus
|
|-weather|Sandstorm|[upkeep]
|-damage|p2a: Tornadus|46/100|[from] Sandstorm
|-heal|p1a: Hippowdon|72/100 brn|[from] item: Leftovers
|-damage|p1a: Hippowdon|66/100 brn|[from] brn
|upkeep
|turn|8
|
|t:|1661869187
|move|p2a: Tornadus|Hurricane|p1a: Hippowdon
|-damage|p1a: Hippowdon|37/100 brn
|move|p1a: Hippowdon|Earthquake|p2a: Tornadus
|-immune|p2a: Tornadus
|
|-weather|none
|-heal|p1a: Hippowdon|43/100 brn|[from] item: Leftovers
|-damage|p1a: Hippowdon|37/100 brn|[from] brn
|-end|p1a: Hippowdon|move: Taunt
|upkeep
|turn|9
|
|t:|1661869193
|switch|p1a: Toxapex|Toxapex, M|100/100
|move|p2a: Tornadus|Taunt|p1a: Toxapex
|-start|p1a: Toxapex|move: Taunt
|
|upkeep
|turn|10
|
|t:|1661869198
|move|p2a: Tornadus|Hurricane|p1a: Toxapex|[miss]
|-miss|p2a: Tornadus|p1a: Toxapex
|move|p1a: Toxapex|Knock Off|p2a: Tornadus
|-damage|p2a: Tornadus|36/100
|
|upkeep
|turn|11
|
|t:|1661869203
|move|p2a: Tornadus|U-turn|p1a: Toxapex
|-resisted|p1a: Toxapex
|-damage|p1a: Toxapex|96/100
|
|t:|1661869205
|switch|p2a: Lanturn|Lanturn, M|57/100|[from]move: U-turn
|move|p1a: Toxapex|Scald|p2a: Lanturn
|-resisted|p2a: Lanturn
|-damage|p2a: Lanturn|51/100
|-status|p2a: Lanturn|brn
|
|-damage|p2a: Lanturn|45/100 brn|[from] brn
|-end|p1a: Toxapex|move: Taunt
|upkeep
|turn|12
|
|t:|1661869209
|switch|p1a: Tornadus|Tornadus-Therian, M|100/100 par
|move|p2a: Lanturn|Thunder Wave|p1a: Tornadus
|-fail|p1a: Tornadus|par
|
|-damage|p2a: Lanturn|38/100 brn|[from] brn
|upkeep
|turn|13
|
|t:|1661869214
|cant|p1a: Tornadus|par
|move|p2a: Lanturn|Heal Bell|p2a: Lanturn
|-activate|p2a: Lanturn|move: Heal Bell
|-curestatus|p2a: Lanturn|brn|[msg]
|
|upkeep
|turn|14
|
|t:|1661869217
|move|p1a: Tornadus|U-turn|p2a: Lanturn
|-damage|p2a: Lanturn|23/100
|
|t:|1661869220
|switch|p1a: Heatran|Heatran, F|100/100|[from]move: U-turn
|move|p2a: Lanturn|Volt Switch|p1a: Heatran
|-damage|p1a: Heatran|88/100
|
|t:|1661869227
|switch|p2a: Kartana|Kartana|100/100|[from]move: Volt Switch
|
|-heal|p1a: Heatran|94/100|[from] item: Leftovers
|upkeep
|turn|15
|
|t:|1661869229
|move|p1a: Heatran|Protect|p1a: Heatran
|-singleturn|p1a: Heatran|Protect
|move|p2a: Kartana|Sacred Sword|p1a: Heatran
|-activate|p1a: Heatran|move: Protect
|
|-heal|p1a: Heatran|99/100|[from] item: Leftovers
|upkeep
|turn|16
|
|t:|1661869259
|switch|p2a: Tornadus|Tornadus-Therian, M|69/100
|move|p1a: Heatran|Magma Storm|p2a: Tornadus
|-damage|p2a: Tornadus|24/100
|-activate|p2a: Tornadus|move: Magma Storm|[of] p1a: Heatran
|
|-heal|p1a: Heatran|100/100|[from] item: Leftovers
|-damage|p2a: Tornadus|12/100|[from] move: Magma Storm|[partiallytrapped]
|upkeep
|turn|17
|
|t:|1661869267
|move|p1a: Heatran|Protect|p1a: Heatran
|-singleturn|p1a: Heatran|Protect
|move|p2a: Tornadus|U-turn|p1a: Heatran
|-activate|p1a: Heatran|move: Protect
|
|-damage|p2a: Tornadus|0 fnt|[from] move: Magma Storm|[partiallytrapped]
|faint|p2a: Tornadus
|upkeep
|
|t:|1661869273
|switch|p2a: Clefable|Clefable, F|100/100
|turn|18
|j| no relief
|
|t:|1661869277
|move|p1a: Heatran|Magma Storm|p2a: Clefable
|-damage|p2a: Clefable|69/100
|-activate|p2a: Clefable|move: Magma Storm|[of] p1a: Heatran
|move|p2a: Clefable|Wish|p2a: Clefable
|
|-heal|p2a: Clefable|75/100|[from] item: Leftovers
|upkeep
|turn|19
|
|t:|1661869281
|move|p1a: Heatran|Taunt|p2a: Clefable
|-start|p2a: Clefable|move: Taunt
|cant|p2a: Clefable|move: Taunt|Teleport
|
|-heal|p2a: Clefable|100/100|[from] move: Wish|[wisher] Clefable
|upkeep
|turn|20
|
|t:|1661869284
|move|p1a: Heatran|Magma Storm|p2a: Clefable
|-damage|p2a: Clefable|72/100
|move|p2a: Clefable|Moonblast|p1a: Heatran
|-resisted|p1a: Heatran
|-damage|p1a: Heatran|96/100
|
|-heal|p1a: Heatran|100/100|[from] item: Leftovers
|-heal|p2a: Clefable|78/100|[from] item: Leftovers
|upkeep
|turn|21
|
|t:|1661869289
|move|p1a: Heatran|Magma Storm|p2a: Clefable
|-damage|p2a: Clefable|47/100
|move|p2a: Clefable|Moonblast|p1a: Heatran
|-resisted|p1a: Heatran
|-damage|p1a: Heatran|96/100
|
|-heal|p1a: Heatran|100/100|[from] item: Leftovers
|-heal|p2a: Clefable|53/100|[from] item: Leftovers
|-end|p2a: Clefable|move: Taunt
|upkeep
|turn|22
|
|t:|1661869294
|move|p1a: Heatran|Taunt|p2a: Clefable
|-start|p2a: Clefable|move: Taunt
|move|p2a: Clefable|Moonblast|p1a: Heatran
|-resisted|p1a: Heatran
|-damage|p1a: Heatran|96/100
|-unboost|p1a: Heatran|spa|1
|
|-heal|p1a: Heatran|100/100|[from] item: Leftovers
|-heal|p2a: Clefable|59/100|[from] item: Leftovers
|upkeep
|turn|23
|
|t:|1661869297
|switch|p1a: Tornadus|Tornadus-Therian, M|100/100 par
|move|p2a: Clefable|Moonblast|p1a: Tornadus
|-damage|p1a: Tornadus|74/100 par
|
|-heal|p2a: Clefable|65/100|[from] item: Leftovers
|-end|p2a: Clefable|Magma Storm|[partiallytrapped]
|upkeep
|turn|24
|
|t:|1661869301
|move|p1a: Tornadus|Knock Off|p2a: Clefable
|-resisted|p2a: Clefable
|-damage|p2a: Clefable|55/100
|-enditem|p2a: Clefable|Leftovers|[from] move: Knock Off|[of] p1a: Tornadus
|move|p2a: Clefable|Moonblast|p1a: Tornadus
|-damage|p1a: Tornadus|49/100 par
|-unboost|p1a: Tornadus|spa|1
|
|-end|p2a: Clefable|move: Taunt
|upkeep
|turn|25
|
|t:|1661869305
|move|p1a: Tornadus|U-turn|p2a: Clefable
|-resisted|p2a: Clefable
|-damage|p2a: Clefable|46/100
|
|t:|1661869307
|switch|p1a: Hippowdon|Hippowdon, M|37/100 brn|[from]move: U-turn
|-weather|Sandstorm|[from] ability: Sand Stream|[of] p1a: Hippowdon
|move|p2a: Clefable|Wish|p2a: Clefable
|
|-weather|Sandstorm|[upkeep]
|-heal|p1a: Hippowdon|43/100 brn|[from] item: Leftovers
|-damage|p1a: Hippowdon|37/100 brn|[from] brn
|upkeep
|turn|26
|
|t:|1661869310
|move|p2a: Clefable|Moonblast|p1a: Hippowdon
|-damage|p1a: Hippowdon|15/100 brn
|move|p1a: Hippowdon|Slack Off|p1a: Hippowdon
|-heal|p1a: Hippowdon|65/100 brn
|
|-weather|Sandstorm|[upkeep]
|-heal|p2a: Clefable|96/100|[from] move: Wish|[wisher] Clefable
|-heal|p1a: Hippowdon|71/100 brn|[from] item: Leftovers
|-damage|p1a: Hippowdon|65/100 brn|[from] brn
|upkeep
|turn|27
|
|t:|1661869318
|move|p2a: Clefable|Moonblast|p1a: Hippowdon
|-damage|p1a: Hippowdon|41/100 brn
|move|p1a: Hippowdon|Slack Off|p1a: Hippowdon
|-heal|p1a: Hippowdon|91/100 brn
|
|-weather|Sandstorm|[upkeep]
|-heal|p1a: Hippowdon|97/100 brn|[from] item: Leftovers
|-damage|p1a: Hippowdon|91/100 brn|[from] brn
|upkeep
|turn|28
|
|t:|1661869321
|move|p2a: Clefable|Wish|p2a: Clefable
|move|p1a: Hippowdon|Stealth Rock|p2a: Clefable
|-sidestart|p2: Pok et glace|move: Stealth Rock
|
|-weather|Sandstorm|[upkeep]
|-heal|p1a: Hippowdon|97/100 brn|[from] item: Leftovers
|-damage|p1a: Hippowdon|91/100 brn|[from] brn
|upkeep
|turn|29
|
|t:|1661869323
|move|p1a: Hippowdon|Earthquake|p2a: Clefable
|-damage|p2a: Clefable|74/100
|move|p2a: Clefable|Teleport|p2a: Clefable
|
|t:|1661869327
|switch|p2a: Kartana|Kartana|100/100|[from]move: Teleport
|-damage|p2a: Kartana|94/100|[from] Stealth Rock
|
|-weather|none
|-heal|p2a: Kartana|100/100|[from] move: Wish|[wisher] Clefable
|-heal|p1a: Hippowdon|97/100 brn|[from] item: Leftovers
|-damage|p1a: Hippowdon|91/100 brn|[from] brn
|upkeep
|turn|30
|
|t:|1661869330
|switch|p1a: Tornadus|Tornadus-Therian, M|83/100 par
|move|p2a: Kartana|Knock Off|p1a: Tornadus
|-damage|p1a: Tornadus|0 fnt
|-enditem|p1a: Tornadus|Assault Vest|[from] move: Knock Off|[of] p2a: Kartana
|faint|p1a: Tornadus
|-ability|p2a: Kartana|Beast Boost|boost
|-boost|p2a: Kartana|atk|1
|
|upkeep
|
|t:|1661869334
|switch|p1a: Toxapex|Toxapex, M|100/100
|turn|31
|
|t:|1661869338
|move|p2a: Kartana|Knock Off|p1a: Toxapex
|-damage|p1a: Toxapex|44/100
|-enditem|p1a: Toxapex|Shed Shell|[from] move: Knock Off|[of] p2a: Kartana
|move|p1a: Toxapex|Scald|p2a: Kartana
|-resisted|p2a: Kartana
|-damage|p2a: Kartana|75/100
|
|upkeep
|turn|32
|
|t:|1661869345
|move|p2a: Kartana|Knock Off|p1a: Toxapex
|-damage|p1a: Toxapex|2/100
|move|p1a: Toxapex|Scald|p2a: Kartana
|-resisted|p2a: Kartana
|-damage|p2a: Kartana|50/100
|-status|p2a: Kartana|brn
|
|-damage|p2a: Kartana|44/100 brn|[from] brn
|upkeep
|turn|33
|
|t:|1661869348
|switch|p1a: Corviknight|Corviknight, M|100/100
|-ability|p1a: Corviknight|Pressure
|move|p2a: Kartana|Knock Off|p1a: Corviknight
|-damage|p1a: Corviknight|68/100
|-enditem|p1a: Corviknight|Leftovers|[from] move: Knock Off|[of] p2a: Kartana
|
|-damage|p2a: Kartana|38/100 brn|[from] brn
|upkeep
|turn|34
|
|t:|1661869353
|switch|p2a: Clefable|Clefable, F|74/100
|move|p1a: Corviknight|Roost|p1a: Corviknight
|-heal|p1a: Corviknight|100/100
|-singleturn|p1a: Corviknight|move: Roost
|
|upkeep
|turn|35
|
|t:|1661869355
|move|p1a: Corviknight|U-turn|p2a: Clefable
|-resisted|p2a: Clefable
|-damage|p2a: Clefable|66/100
|
|t:|1661869356
|switch|p1a: Heatran|Heatran, F|100/100|[from]move: U-turn
|move|p2a: Clefable|Wish|p2a: Clefable
|
|upkeep
|turn|36
|
|t:|1661869360
|move|p2a: Clefable|Protect|p2a: Clefable
|-singleturn|p2a: Clefable|Protect
|move|p1a: Heatran|Taunt|p2a: Clefable
|-activate|p2a: Clefable|move: Protect
|
|-heal|p2a: Clefable|100/100|[from] move: Wish|[wisher] Clefable
|upkeep
|turn|37
|
|t:|1661869364
|switch|p1a: Toxapex|Toxapex, M|36/100
|move|p2a: Clefable|Moonblast|p1a: Toxapex
|-resisted|p1a: Toxapex
|-damage|p1a: Toxapex|23/100
|
|upkeep
|turn|38
|
|t:|1661869366
|switch|p1a: Heatran|Heatran, F|100/100
|move|p2a: Clefable|Wish|p2a: Clefable
|
|upkeep
|turn|39
|
|t:|1661869374
|move|p1a: Heatran|Taunt|p2a: Clefable
|-start|p2a: Clefable|move: Taunt
|cant|p2a: Clefable|move: Taunt|Teleport
|
|upkeep
|turn|40
|
|t:|1661869378
|move|p1a: Heatran|Toxic|p2a: Clefable
|-status|p2a: Clefable|tox
|move|p2a: Clefable|Moonblast|p1a: Heatran
|-resisted|p1a: Heatran
|-damage|p1a: Heatran|96/100
|-unboost|p1a: Heatran|spa|1
|
|-heal|p1a: Heatran|100/100|[from] item: Leftovers
|upkeep
|turn|41
|
|t:|1661869381
|switch|p1a: Toxapex|Toxapex, M|56/100
|move|p2a: Clefable|Moonblast|p1a: Toxapex
|-resisted|p1a: Toxapex
|-damage|p1a: Toxapex|43/100
|
|-end|p2a: Clefable|move: Taunt
|upkeep
|turn|42
|
|t:|1661869388
|switch|p1a: Kartana|Kartana|100/100
|move|p2a: Clefable|Wish|p2a: Clefable
|
|upkeep
|turn|43
|
|t:|1661869393
|switch|p2a: Heatran|Heatran, M|100/100
|-damage|p2a: Heatran|88/100|[from] Stealth Rock
|move|p1a: Kartana|Smart Strike|p2a: Heatran
|-resisted|p2a: Heatran
|-damage|p2a: Heatran|81/100
|-status|p1a: Kartana|brn|[from] ability: Flame Body|[of] p2a: Heatran
|
|-heal|p2a: Heatran|100/100|[from] move: Wish|[wisher] Clefable
|-damage|p1a: Kartana|94/100 brn|[from] brn
|upkeep
|turn|44
|
|t:|1661869401
|switch|p1a: Hippowdon|Hippowdon, M|91/100 brn
|-weather|Sandstorm|[from] ability: Sand Stream|[of] p1a: Hippowdon
|move|p2a: Heatran|Stealth Rock|p1a: Hippowdon
|-sidestart|p1: Stads|move: Stealth Rock
|
|-weather|Sandstorm|[upkeep]
|-heal|p1a: Hippowdon|97/100 brn|[from] item: Leftovers
|-damage|p1a: Hippowdon|91/100 brn|[from] brn
|upkeep
|turn|45
|
|t:|1661869407
|switch|p2a: Clefable|Clefable, F|100/100 tox
|switch|p1a: Toxapex|Toxapex, M|76/100
|-damage|p1a: Toxapex|63/100|[from] Stealth Rock
|
|-weather|Sandstorm|[upkeep]
|-damage|p1a: Toxapex|57/100|[from] Sandstorm
|upkeep
|turn|46
|
|t:|1661869411
|move|p2a: Clefable|Wish|p2a: Clefable
|move|p1a: Toxapex|Recover|p1a: Toxapex
|-heal|p1a: Toxapex|100/100
|
|-weather|Sandstorm|[upkeep]
|-damage|p1a: Toxapex|94/100|[from] Sandstorm
|upkeep
|turn|47
|
|t:|1661869422
|switch|p1a: Heatran|Heatran, F|100/100
|-damage|p1a: Heatran|88/100|[from] Stealth Rock
|move|p2a: Clefable|Teleport|p2a: Clefable
|j| iulic
|
|t:|1661869424
|switch|p2a: Lanturn|Lanturn, M|23/100|[from]move: Teleport
|-damage|p2a: Lanturn|10/100|[from] Stealth Rock
|
|-weather|Sandstorm|[upkeep]
|-damage|p2a: Lanturn|4/100|[from] Sandstorm
|-heal|p2a: Lanturn|48/100|[from] move: Wish|[wisher] Clefable
|-heal|p1a: Heatran|94/100|[from] item: Leftovers
|upkeep
|turn|48
|l| iulic
|
|t:|1661869431
|move|p1a: Heatran|Toxic|p2a: Lanturn
|-status|p2a: Lanturn|tox
|move|p2a: Lanturn|Thunder Wave|p1a: Heatran
|-status|p1a: Heatran|par
|
|-weather|none
|-heal|p1a: Heatran|100/100 par|[from] item: Leftovers
|-damage|p2a: Lanturn|41/100 tox|[from] psn
|upkeep
|turn|49
|
|t:|1661869440
|move|p2a: Lanturn|Volt Switch|p1a: Heatran
|-damage|p1a: Heatran|88/100 par
|
|t:|1661869444
|switch|p2a: Clefable|Clefable, F|100/100 tox|[from]move: Volt Switch
|move|p1a: Heatran|Taunt|p2a: Clefable
|-start|p2a: Clefable|move: Taunt
|
|-heal|p1a: Heatran|94/100 par|[from] item: Leftovers
|upkeep
|turn|50
|
|t:|1661869451
|move|p1a: Heatran|Protect|p1a: Heatran
|-singleturn|p1a: Heatran|Protect
|move|p2a: Clefable|Moonblast|p1a: Heatran
|-activate|p1a: Heatran|move: Protect
|
|-heal|p1a: Heatran|99/100 par|[from] item: Leftovers
|upkeep
|turn|51
|
|t:|1661869458
|switch|p2a: Heatran|Heatran, M|100/100
|-damage|p2a: Heatran|88/100|[from] Stealth Rock
|move|p1a: Heatran|Toxic|p2a: Heatran
|-immune|p2a: Heatran
|
|-heal|p2a: Heatran|94/100|[from] item: Leftovers
|-heal|p1a: Heatran|100/100 par|[from] item: Leftovers
|upkeep
|turn|52
|
|t:|1661869465
|switch|p1a: Hippowdon|Hippowdon, M|91/100 brn
|-damage|p1a: Hippowdon|85/100 brn|[from] Stealth Rock
|-weather|Sandstorm|[from] ability: Sand Stream|[of] p1a: Hippowdon
|move|p2a: Heatran|Lava Plume|p1a: Hippowdon
|-damage|p1a: Hippowdon|59/100 brn
|
|-weather|Sandstorm|[upkeep]
|-heal|p2a: Heatran|100/100|[from] item: Leftovers
|-heal|p1a: Hippowdon|65/100 brn|[from] item: Leftovers
|-damage|p1a: Hippowdon|59/100 brn|[from] brn
|upkeep
|turn|53
|
|t:|1661869471
|switch|p2a: Clefable|Clefable, F|100/100 tox
|move|p1a: Hippowdon|Slack Off|p1a: Hippowdon
|-heal|p1a: Hippowdon|100/100 brn
|
|-weather|Sandstorm|[upkeep]
|-damage|p1a: Hippowdon|94/100 brn|[from] brn
|upkeep
|turn|54
|j| wuminKenken
|
|t:|1661869478
|switch|p1a: Kartana|Kartana|94/100 brn
|-damage|p1a: Kartana|88/100 brn|[from] Stealth Rock
|move|p2a: Clefable|Wish|p2a: Clefable
|
|-weather|Sandstorm|[upkeep]
|-damage|p1a: Kartana|82/100 brn|[from] brn
|upkeep
|turn|55
|
|t:|1661869482
|move|p1a: Kartana|Smart Strike|p2a: Clefable
|-supereffective|p2a: Clefable
|-damage|p2a: Clefable|48/100 tox
|move|p2a: Clefable|Teleport|p2a: Clefable
|j| FreedomZone
|
|t:|1661869486
|switch|p2a: Lanturn|Lanturn, M|41/100 tox|[from]move: Teleport
|-damage|p2a: Lanturn|29/100 tox|[from] Stealth Rock
|
|-weather|Sandstorm|[upkeep]
|-damage|p2a: Lanturn|23/100 tox|[from] Sandstorm
|-heal|p2a: Lanturn|66/100 tox|[from] move: Wish|[wisher] Clefable
|-damage|p2a: Lanturn|60/100 tox|[from] psn
|-damage|p1a: Kartana|76/100 brn|[from] brn
|upkeep
|turn|56
|
|t:|1661869495
|move|p1a: Kartana|Smart Strike|p2a: Lanturn
|-resisted|p2a: Lanturn
|-damage|p2a: Lanturn|54/100 tox
|move|p2a: Lanturn|Heal Bell|p2a: Lanturn
|-activate|p2a: Lanturn|move: Heal Bell
|-curestatus|p2a: Lanturn|tox|[msg]
|-curestatus|p2: Kartana|brn|[msg]
|-curestatus|p2: Clefable|tox|[msg]
|
|-weather|none
|-damage|p1a: Kartana|70/100 brn|[from] brn
|upkeep
|turn|57
|
|t:|1661869501
|switch|p1a: Hippowdon|Hippowdon, M|94/100 brn
|-damage|p1a: Hippowdon|88/100 brn|[from] Stealth Rock
|-weather|Sandstorm|[from] ability: Sand Stream|[of] p1a: Hippowdon
|move|p2a: Lanturn|Scald|p1a: Hippowdon
|-supereffective|p1a: Hippowdon
|-damage|p1a: Hippowdon|55/100 brn
|
|-weather|Sandstorm|[upkeep]
|-damage|p2a: Lanturn|48/100|[from] Sandstorm
|-heal|p1a: Hippowdon|61/100 brn|[from] item: Leftovers
|-damage|p1a: Hippowdon|55/100 brn|[from] brn
|upkeep
|turn|58
|
|t:|1661869505
|switch|p2a: Tapu Bulu|Tapu Bulu|100/100
|-damage|p2a: Tapu Bulu|88/100|[from] Stealth Rock
|-fieldstart|move: Grassy Terrain|[from] ability: Grassy Surge|[of] p2a: Tapu Bulu
|move|p1a: Hippowdon|Slack Off|p1a: Hippowdon
|-heal|p1a: Hippowdon|100/100 brn
|
|-weather|Sandstorm|[upkeep]
|-damage|p2a: Tapu Bulu|82/100|[from] Sandstorm
|-heal|p2a: Tapu Bulu|88/100|[from] Grassy Terrain
|-heal|p2a: Tapu Bulu|94/100|[from] item: Leftovers
|-damage|p1a: Hippowdon|94/100 brn|[from] brn
|upkeep
|turn|59
|
|t:|1661869512
|move|p2a: Tapu Bulu|Swords Dance|p2a: Tapu Bulu
|-boost|p2a: Tapu Bulu|atk|2
|move|p1a: Hippowdon|Toxic|p2a: Tapu Bulu
|-status|p2a: Tapu Bulu|tox
|
|-weather|Sandstorm|[upkeep]
|-damage|p2a: Tapu Bulu|88/100 tox|[from] Sandstorm
|-heal|p2a: Tapu Bulu|94/100 tox|[from] Grassy Terrain
|-heal|p2a: Tapu Bulu|100/100 tox|[from] item: Leftovers
|-heal|p1a: Hippowdon|100/100 brn|[from] Grassy Terrain
|-damage|p2a: Tapu Bulu|94/100 tox|[from] psn
|-damage|p1a: Hippowdon|94/100 brn|[from] brn
|upkeep
|turn|60
|
|t:|1661869516
|switch|p1a: Corviknight|Corviknight, M|100/100
|-damage|p1a: Corviknight|88/100|[from] Stealth Rock
|-ability|p1a: Corviknight|Pressure
|move|p2a: Tapu Bulu|Swords Dance|p2a: Tapu Bulu
|-boost|p2a: Tapu Bulu|atk|2
|
|-weather|Sandstorm|[upkeep]
|-damage|p2a: Tapu Bulu|88/100 tox|[from] Sandstorm
|-heal|p2a: Tapu Bulu|94/100 tox|[from] Grassy Terrain
|-heal|p2a: Tapu Bulu|100/100 tox|[from] item: Leftovers
|-damage|p2a: Tapu Bulu|88/100 tox|[from] psn
|upkeep
|turn|61
|
|t:|1661869519
|move|p2a: Tapu Bulu|Close Combat|p1a: Corviknight
|-damage|p1a: Corviknight|0 fnt
|-unboost|p2a: Tapu Bulu|def|1
|-unboost|p2a: Tapu Bulu|spd|1
|faint|p1a: Corviknight
|
|-weather|none
|-heal|p2a: Tapu Bulu|94/100 tox|[from] Grassy Terrain
|-heal|p2a: Tapu Bulu|100/100 tox|[from] item: Leftovers
|-damage|p2a: Tapu Bulu|82/100 tox|[from] psn
|upkeep
|-message|Stads forfeited.
|
|win|Pok et glace
|raw|Stads's rating: 1791 &rarr; <strong>1772</strong><br />(-19 for losing)
|raw|Pok et glace's rating: 1807 &rarr; <strong>1826</strong><br />(+19 for winning)
|l|☆Stads
|l|☆Pok et glace
||Ladder isn't responding, score probably updated but might not have (Request timeout).
|l| zgiat
