|j|☆cogonahorse
|j|☆LT_Alt1
|t:|1661270379
|gametype|singles
|player|p1|cogonahorse|workerice|1592
|player|p2|LT_Alt1|2|1613
|teamsize|p1|6
|teamsize|p2|6
|gen|8
|tier|[Gen 8] OU
|rated|
|rule|Sleep Clause Mod: Limit one foe put to sleep
|rule|Species Clause: Limit one of each Pokémon
|rule|OHKO Clause: OHKO moves are banned
|rule|Evasion Items Clause: Evasion items are banned
|rule|Evasion Moves Clause: Evasion moves are banned
|rule|Endless Battle Clause: Forcing endless battles is banned
|rule|HP Percentage Mod: HP is shown in percentages
|rule|Dynamax Clause: You cannot dynamax
|clearpoke
|poke|p1|Dragapult, M|
|poke|p1|Tapu Fini|
|poke|p1|Aegislash, F|
|poke|p1|Zapdos|
|poke|p1|Landorus-Therian, M|
|poke|p1|Ferrothorn, F|
|poke|p2|Alakazam, F|
|poke|p2|Chansey, F|
|poke|p2|Zapdos|
|poke|p2|Clefable, M|
|poke|p2|Slowbro, F|
|poke|p2|Rhydon, F|
|teampreview
|
|t:|1661270400
|start
|switch|p1a: Landorus|Landorus-Therian, M|100/100
|switch|p2a: Slowbro|Slowbro, F|100/100
|-ability|p1a: Landorus|Intimidate|boost
|-unboost|p2a: Slowbro|atk|1
|turn|1
|
|t:|1661270408
|switch|p1a: Tapu Fini|Tapu Fini|100/100
|-fieldstart|move: Misty Terrain|[from] ability: Misty Surge|[of] p1a: Tapu Fini
|move|p2a: Slowbro|Ice Beam|p1a: Tapu Fini
|-resisted|p1a: Tapu Fini
|-damage|p1a: Tapu Fini|94/100
|
|-heal|p1a: Tapu Fini|99/100|[from] item: Leftovers
|upkeep
|turn|2
|
|t:|1661270416
|move|p1a: Tapu Fini|Nature's Madness|p2a: Slowbro
|-damage|p2a: Slowbro|50/100
|move|p2a: Slowbro|Teleport|p2a: Slowbro
|
|t:|1661270420
|switch|p2a: Zapdos|Zapdos|100/100|[from]move: Teleport
|
|-heal|p1a: Tapu Fini|100/100|[from] item: Leftovers
|upkeep
|turn|3
|
|t:|1661270425
|switch|p1a: Landorus|Landorus-Therian, M|100/100
|-ability|p1a: Landorus|Intimidate|boost
|-unboost|p2a: Zapdos|atk|1
|move|p2a: Zapdos|Hurricane|p1a: Landorus
|-damage|p1a: Landorus|63/100
|-start|p1a: Landorus|confusion
|
|-heal|p1a: Landorus|69/100|[from] item: Leftovers
|upkeep
|turn|4
|
|t:|1661270435
|switch|p2a: Slowbro|Slowbro, F|84/100
|-activate|p1a: Landorus|confusion
|move|p1a: Landorus|Stealth Rock|p2a: Slowbro
|-sidestart|p2: LT_Alt1|move: Stealth Rock
|
|-heal|p1a: Landorus|75/100|[from] item: Leftovers
|upkeep
|turn|5
|
|t:|1661270444
|switch|p1a: Aegislash|Aegislash, F|100/100
|move|p2a: Slowbro|Future Sight|p1a: Aegislash
|-start|p2a: Slowbro|move: Future Sight
|
|-fieldend|Misty Terrain
|upkeep
|turn|6
|
|t:|1661270455
|switch|p2a: Zapdos|Zapdos|100/100
|-formechange|p1a: Aegislash|Aegislash-Blade||[from] ability: Stance Change
|move|p1a: Aegislash|Flash Cannon|p2a: Zapdos
|-resisted|p2a: Zapdos
|-damage|p2a: Zapdos|64/100
|
|upkeep
|turn|7
|
|t:|1661270463
|switch|p1a: Zapdos|Zapdos|100/100
|move|p2a: Zapdos|Hurricane|p1a: Zapdos
|-resisted|p1a: Zapdos
|-damage|p1a: Zapdos|77/100
|
|-end|p1a: Zapdos|move: Future Sight
|-damage|p1a: Zapdos|39/100
|upkeep
|turn|8
|
|t:|1661270471
|move|p2a: Zapdos|Volt Switch|p1a: Zapdos
|-damage|p1a: Zapdos|13/100
|
|t:|1661270475
|switch|p2a: Rhydon|Rhydon, F|100/100|[from]move: Volt Switch
|-damage|p2a: Rhydon|94/100|[from] Stealth Rock
|move|p1a: Zapdos|Roost|p1a: Zapdos
|-heal|p1a: Zapdos|63/100
|-singleturn|p1a: Zapdos|move: Roost
|
|upkeep
|turn|9
|
|t:|1661270482
|switch|p1a: Ferrothorn|Ferrothorn, F|100/100
|move|p2a: Rhydon|Stealth Rock|p1a: Ferrothorn
|-sidestart|p1: cogonahorse|move: Stealth Rock
|
|upkeep
|turn|10
|
|t:|1661270490
|move|p2a: Rhydon|Fire Punch|p1a: Ferrothorn
|-supereffective|p1a: Ferrothorn
|-damage|p1a: Ferrothorn|29/100
|-status|p1a: Ferrothorn|brn
|-damage|p2a: Rhydon|82/100|[from] ability: Iron Barbs|[of] p1a: Ferrothorn
|move|p1a: Ferrothorn|Leech Seed|p2a: Rhydon
|-start|p2a: Rhydon|move: Leech Seed
|
|-heal|p1a: Ferrothorn|35/100 brn|[from] item: Leftovers
|-damage|p2a: Rhydon|70/100|[from] Leech Seed|[of] p1a: Ferrothorn
|-heal|p1a: Ferrothorn|48/100 brn|[silent]
|-damage|p1a: Ferrothorn|42/100 brn|[from] brn
|upkeep
|turn|11
|
|t:|1661270502
|switch|p2a: Slowbro|Slowbro, F|100/100
|-damage|p2a: Slowbro|88/100|[from] Stealth Rock
|switch|p1a: Tapu Fini|Tapu Fini|100/100
|-damage|p1a: Tapu Fini|88/100|[from] Stealth Rock
|-fieldstart|move: Misty Terrain|[from] ability: Misty Surge|[of] p1a: Tapu Fini
|
|-heal|p1a: Tapu Fini|94/100|[from] item: Leftovers
|upkeep
|turn|12
|
|t:|1661270512
|switch|p2a: Zapdos|Zapdos|64/100
|move|p1a: Tapu Fini|Moonblast|p2a: Zapdos
|-damage|p2a: Zapdos|36/100
|
|-heal|p1a: Tapu Fini|100/100|[from] item: Leftovers
|upkeep
|turn|13
|
|t:|1661270520
|switch|p1a: Dragapult|Dragapult, M|100/100
|-damage|p1a: Dragapult|88/100|[from] Stealth Rock
|move|p2a: Zapdos|Roost|p2a: Zapdos
|-heal|p2a: Zapdos|86/100
|-singleturn|p2a: Zapdos|move: Roost
|
|upkeep
|turn|14
|
|t:|1661270529
|move|p1a: Dragapult|U-turn|p2a: Zapdos
|-resisted|p2a: Zapdos
|-damage|p2a: Zapdos|78/100
|
|t:|1661270533
|switch|p1a: Landorus|Landorus-Therian, M|75/100|[from]move: U-turn
|-damage|p1a: Landorus|63/100|[from] Stealth Rock
|-ability|p1a: Landorus|Intimidate|boost
|-unboost|p2a: Zapdos|atk|1
|move|p2a: Zapdos|Roost|p2a: Zapdos
|-heal|p2a: Zapdos|100/100
|-singleturn|p2a: Zapdos|move: Roost
|
|-heal|p1a: Landorus|69/100|[from] item: Leftovers
|upkeep
|turn|15
|
|t:|1661270544
|switch|p2a: Slowbro|Slowbro, F|100/100
|-damage|p2a: Slowbro|88/100|[from] Stealth Rock
|move|p1a: Landorus|Toxic|p2a: Slowbro
|-activate|p2a: Slowbro|move: Misty Terrain
|
|-heal|p1a: Landorus|75/100|[from] item: Leftovers
|-fieldend|Misty Terrain
|upkeep
|turn|16
|
|t:|1661270551
|move|p1a: Landorus|U-turn|p2a: Slowbro
|-supereffective|p2a: Slowbro
|-damage|p2a: Slowbro|60/100
|-damage|p1a: Landorus|59/100|[from] item: Rocky Helmet|[of] p2a: Slowbro
|
|t:|1661270558
|switch|p1a: Aegislash|Aegislash, F|100/100|[from]move: U-turn
|-damage|p1a: Aegislash|94/100|[from] Stealth Rock
|move|p2a: Slowbro|Teleport|p2a: Slowbro
|
|t:|1661270562
|switch|p2a: Chansey|Chansey, F|100/100|[from]move: Teleport
|-damage|p2a: Chansey|88/100|[from] Stealth Rock
|
|upkeep
|turn|17
|
|t:|1661270569
|-formechange|p1a: Aegislash|Aegislash-Blade||[from] ability: Stance Change
|move|p1a: Aegislash|Close Combat|p2a: Chansey
|-supereffective|p2a: Chansey
|-damage|p2a: Chansey|49/100
|-unboost|p1a: Aegislash|def|1
|-unboost|p1a: Aegislash|spd|1
|move|p2a: Chansey|Reflect|p2a: Chansey
|-sidestart|p2: LT_Alt1|Reflect
|
|upkeep
|turn|18
|-message|cogonahorse forfeited.
|
|win|LT_Alt1
|raw|cogonahorse's rating: 1592 &rarr; <strong>1573</strong><br />(-19 for losing)
|raw|LT_Alt1's rating: 1613 &rarr; <strong>1632</strong><br />(+19 for winning)
|l|☆cogonahorse
||Ladder isn't responding, score probably updated but might not have (Request timeout).
