|j|☆ripreckful
|j|☆I Chronos I
|inactive|Battle timer is ON: inactive players will automatically lose when time's up.
|t:|1658146541
|gametype|singles
|player|p1|ripreckful|lucas|
|player|p2|I Chronos I|pryce|
|teamsize|p1|6
|teamsize|p2|6
|gen|8
|tier|[Gen 8] OU
|rated|Tournament battle
|rule|Sleep Clause Mod: Limit one foe put to sleep
|rule|Species Clause: Limit one of each Pokémon
|rule|OHKO Clause: OHKO moves are banned
|rule|Evasion Moves Clause: Evasion moves are banned
|rule|Endless Battle Clause: Forcing endless battles is banned
|rule|HP Percentage Mod: HP is shown in percentages
|rule|Dynamax Clause: You cannot dynamax
|clearpoke
|poke|p1|Zarude|
|poke|p1|Clefable, M|
|poke|p1|Slowking-Galar, M|
|poke|p1|Ferrothorn, F|
|poke|p1|Landorus-Therian, M|
|poke|p1|Moltres|
|poke|p2|Hippowdon, M|
|poke|p2|Slowking-Galar, F|
|poke|p2|Urshifu-*, F|
|poke|p2|Tapu Lele|
|poke|p2|Primarina, F|
|poke|p2|Mandibuzz, F|
|teampreview
|inactive|ripreckful also wants the timer to be on.
|j| Swagataka
|c|☆I Chronos I|Gl hf !
|c|☆ripreckful|u2
|
|t:|1658146564
|start
|switch|p1a: Landorus|Landorus-Therian, M|100/100
|switch|p2a: Primarina|Primarina, F|100/100
|-ability|p1a: Landorus|Intimidate|boost
|-unboost|p2a: Primarina|atk|1
|turn|1
|
|t:|1658146581
|move|p1a: Landorus|Earthquake|p2a: Primarina
|-damage|p2a: Primarina|0 fnt
|faint|p2a: Primarina
|
|upkeep
|
|t:|1658146587
|switch|p2a: Urshifu|Urshifu-Rapid-Strike, F|100/100
|turn|2
|
|t:|1658146595
|switch|p1a: Ferrothorn|Ferrothorn, F|100/100
|move|p2a: Urshifu|Surging Strikes|p1a: Ferrothorn
|-resisted|p1a: Ferrothorn
|-crit|p1a: Ferrothorn
|-damage|p1a: Ferrothorn|95/100
|-activate|p1a: Ferrothorn|ability: Iron Barbs
|-activate|p2a: Urshifu|item: Protective Pads
|-resisted|p1a: Ferrothorn
|-crit|p1a: Ferrothorn
|-damage|p1a: Ferrothorn|89/100
|-activate|p1a: Ferrothorn|ability: Iron Barbs
|-activate|p2a: Urshifu|item: Protective Pads
|-resisted|p1a: Ferrothorn
|-crit|p1a: Ferrothorn
|-damage|p1a: Ferrothorn|83/100
|-activate|p1a: Ferrothorn|ability: Iron Barbs
|-activate|p2a: Urshifu|item: Protective Pads
|-hitcount|p1a: Ferrothorn|3
|
|upkeep
|turn|3
|
|t:|1658146599
|switch|p1a: Clefable|Clefable, M|100/100
|move|p2a: Urshifu|Close Combat|p1a: Clefable
|-resisted|p1a: Clefable
|-damage|p1a: Clefable|78/100
|-unboost|p2a: Urshifu|def|1
|-unboost|p2a: Urshifu|spd|1
|
|upkeep
|turn|4
|
|t:|1658146603
|move|p2a: Urshifu|U-turn|p1a: Clefable
|-resisted|p1a: Clefable
|-damage|p1a: Clefable|70/100
|
|t:|1658146606
|switch|p2a: Slowking|Slowking-Galar, F|100/100|[from]move: U-turn
|move|p1a: Clefable|Trick|p2a: Slowking
|-activate|p1a: Clefable|move: Trick|[of] p2a: Slowking
|-item|p2a: Slowking|Sticky Barb|[from] move: Trick
|-item|p1a: Clefable|Assault Vest|[from] move: Trick
|
|-damage|p2a: Slowking|88/100|[from] item: Sticky Barb
|upkeep
|turn|5
|
|t:|1658146614
|switch|p1a: Slowking|Slowking-Galar, M|100/100
|move|p2a: Slowking|Future Sight|p1a: Slowking
|-start|p2a: Slowking|move: Future Sight
|
|-damage|p2a: Slowking|76/100|[from] item: Sticky Barb
|upkeep
|turn|6
|
|t:|1658146621
|switch|p2a: Urshifu|Urshifu-Rapid-Strike, F|100/100
|move|p1a: Slowking|Future Sight|p2a: Urshifu
|-start|p1a: Slowking|move: Future Sight
|
|upkeep
|turn|7
|
|t:|1658146627
|move|p2a: Urshifu|Surging Strikes|p1a: Slowking
|-crit|p1a: Slowking
|-damage|p1a: Slowking|84/100
|-crit|p1a: Slowking
|-damage|p1a: Slowking|68/100
|-crit|p1a: Slowking
|-damage|p1a: Slowking|50/100
|-hitcount|p1a: Slowking|3
|move|p1a: Slowking|Sludge Bomb|p2a: Urshifu
|-damage|p2a: Urshifu|47/100
|
|-end|p1a: Slowking|move: Future Sight
|-crit|p1a: Slowking
|-damage|p1a: Slowking|8/100
|upkeep
|turn|8
|
|t:|1658146640
|switch|p1a: Clefable|Clefable, M|70/100
|move|p2a: Urshifu|U-turn|p1a: Clefable
|-resisted|p1a: Clefable
|-damage|p1a: Clefable|61/100
|
|t:|1658146643
|switch|p2a: Slowking|Slowking-Galar, F|100/100|[from]move: U-turn
|
|-end|p2a: Slowking|move: Future Sight
|-damage|p2a: Slowking|63/100
|-damage|p2a: Slowking|51/100|[from] item: Sticky Barb
|upkeep
|turn|9
|
|t:|1658146647
|switch|p1a: Slowking|Slowking-Galar, M|42/100
|move|p2a: Slowking|Future Sight|p1a: Slowking
|-start|p2a: Slowking|move: Future Sight
|
|-damage|p2a: Slowking|38/100|[from] item: Sticky Barb
|upkeep
|turn|10
|
|t:|1658146652
|switch|p2a: Tapu Lele|Tapu Lele|100/100
|-fieldstart|move: Psychic Terrain|[from] ability: Psychic Surge|[of] p2a: Tapu Lele
|move|p1a: Slowking|Sludge Bomb|p2a: Tapu Lele
|-supereffective|p2a: Tapu Lele
|-damage|p2a: Tapu Lele|29/100
|
|upkeep
|turn|11
|
|t:|1658146667
|switch|p1a: Moltres|Moltres|100/100
|move|p2a: Tapu Lele|Moonblast|p1a: Moltres
|-resisted|p1a: Moltres
|-damage|p1a: Moltres|74/100
|
|-end|p1a: Moltres|move: Future Sight
|-damage|p1a: Moltres|0 fnt
|faint|p1a: Moltres
|upkeep
|
|t:|1658146673
|switch|p1a: Ferrothorn|Ferrothorn, F|83/100
|turn|12
|
|t:|1658146678
|switch|p2a: Slowking|Slowking-Galar, F|72/100
|move|p1a: Ferrothorn|Stealth Rock|p2a: Slowking
|-sidestart|p2: I Chronos I|move: Stealth Rock
|
|-damage|p2a: Slowking|59/100|[from] item: Sticky Barb
|upkeep
|turn|13
|
|t:|1658146683
|switch|p1a: Landorus|Landorus-Therian, M|100/100
|-ability|p1a: Landorus|Intimidate|boost
|-unboost|p2a: Slowking|atk|1
|move|p2a: Slowking|Future Sight|p1a: Landorus
|-start|p2a: Slowking|move: Future Sight
|
|-damage|p2a: Slowking|47/100|[from] item: Sticky Barb
|upkeep
|turn|14
|
|t:|1658146689
|switch|p2a: Mandibuzz|Mandibuzz, F|100/100
|move|p1a: Landorus|Stone Edge|p2a: Mandibuzz|[miss]
|-miss|p1a: Landorus|p2a: Mandibuzz
|
|-fieldend|move: Psychic Terrain
|upkeep
|turn|15
|
|t:|1658146703
|switch|p1a: Ferrothorn|Ferrothorn, F|83/100
|switch|p2a: Hippowdon|Hippowdon, M|100/100
|-damage|p2a: Hippowdon|94/100|[from] Stealth Rock
|-weather|Sandstorm|[from] ability: Sand Stream|[of] p2a: Hippowdon
|
|-weather|Sandstorm|[upkeep]
|-end|p1a: Ferrothorn|move: Future Sight
|-resisted|p1a: Ferrothorn
|-damage|p1a: Ferrothorn|56/100
|-heal|p2a: Hippowdon|100/100|[from] item: Leftovers
|upkeep
|turn|16
|j| Iceman8911
|
|t:|1658146719
|switch|p2a: Mandibuzz|Mandibuzz, F|100/100
|move|p1a: Ferrothorn|Leech Seed|p2a: Mandibuzz
|-start|p2a: Mandibuzz|move: Leech Seed
|
|-weather|Sandstorm|[upkeep]
|-damage|p2a: Mandibuzz|88/100|[from] Leech Seed|[of] p1a: Ferrothorn
|-heal|p1a: Ferrothorn|71/100|[silent]
|upkeep
|turn|17
|
|t:|1658146723
|move|p2a: Mandibuzz|Defog|p1a: Ferrothorn
|-unboost|p1a: Ferrothorn|evasion|1
|-sideend|p2: I Chronos I|Stealth Rock|[from] move: Defog|[of] p2a: Mandibuzz
|move|p1a: Ferrothorn|Spikes|p2a: Mandibuzz
|-sidestart|p2: I Chronos I|Spikes
|
|-weather|Sandstorm|[upkeep]
|-damage|p2a: Mandibuzz|76/100|[from] Leech Seed|[of] p1a: Ferrothorn
|-heal|p1a: Ferrothorn|86/100|[silent]
|upkeep
|turn|18
|
|t:|1658146727
|switch|p2a: Slowking|Slowking-Galar, F|80/100
|-damage|p2a: Slowking|68/100|[from] Spikes
|move|p1a: Ferrothorn|Stealth Rock|p2a: Slowking
|-sidestart|p2: I Chronos I|move: Stealth Rock
|
|-weather|Sandstorm|[upkeep]
|-damage|p2a: Slowking|61/100|[from] Sandstorm
|-damage|p2a: Slowking|49/100|[from] item: Sticky Barb
|upkeep
|turn|19
|
|t:|1658146735
|switch|p1a: Landorus|Landorus-Therian, M|100/100
|-ability|p1a: Landorus|Intimidate|boost
|-unboost|p2a: Slowking|atk|1
|move|p2a: Slowking|Flamethrower|p1a: Landorus
|-damage|p1a: Landorus|61/100
|
|-weather|none
|-damage|p2a: Slowking|37/100|[from] item: Sticky Barb
|upkeep
|turn|20
|
|t:|1658146740
|switch|p2a: Hippowdon|Hippowdon, M|100/100
|-damage|p2a: Hippowdon|88/100|[from] Spikes
|-damage|p2a: Hippowdon|82/100|[from] Stealth Rock
|-weather|Sandstorm|[from] ability: Sand Stream|[of] p2a: Hippowdon
|move|p1a: Landorus|U-turn|p2a: Hippowdon
|-damage|p2a: Hippowdon|53/100
|
|t:|1658146746
|switch|p1a: Zarude|Zarude|100/100|[from]move: U-turn
|
|-weather|Sandstorm|[upkeep]
|-damage|p1a: Zarude|94/100|[from] Sandstorm
|-heal|p1a: Zarude|100/100|[from] item: Leftovers
|-heal|p2a: Hippowdon|59/100|[from] item: Leftovers
|upkeep
|turn|21
|
|t:|1658146762
|switch|p2a: Mandibuzz|Mandibuzz, F|76/100
|move|p1a: Zarude|Bulk Up|p1a: Zarude
|-boost|p1a: Zarude|atk|1
|-boost|p1a: Zarude|def|1
|
|-weather|Sandstorm|[upkeep]
|-damage|p1a: Zarude|94/100|[from] Sandstorm
|-heal|p1a: Zarude|100/100|[from] item: Leftovers
|upkeep
|turn|22
|
|t:|1658146767
|move|p1a: Zarude|Bulk Up|p1a: Zarude
|-boost|p1a: Zarude|atk|1
|-boost|p1a: Zarude|def|1
|move|p2a: Mandibuzz|Defog|p1a: Zarude
|-unboost|p1a: Zarude|evasion|1
|-sideend|p2: I Chronos I|Spikes|[from] move: Defog|[of] p2a: Mandibuzz
|-sideend|p2: I Chronos I|Stealth Rock|[from] move: Defog|[of] p2a: Mandibuzz
|
|-weather|Sandstorm|[upkeep]
|-damage|p1a: Zarude|94/100|[from] Sandstorm
|-heal|p1a: Zarude|100/100|[from] item: Leftovers
|upkeep
|turn|23
|
|t:|1658146774
|move|p1a: Zarude|Power Whip|p2a: Mandibuzz
|-resisted|p2a: Mandibuzz
|-damage|p2a: Mandibuzz|45/100
|move|p2a: Mandibuzz|U-turn|p1a: Zarude
|-supereffective|p1a: Zarude
|-damage|p1a: Zarude|82/100
|
|t:|1658146781
|switch|p2a: Tapu Lele|Tapu Lele|29/100|[from]move: U-turn
|-fieldstart|move: Psychic Terrain|[from] ability: Psychic Surge|[of] p2a: Tapu Lele
|
|-weather|Sandstorm|[upkeep]
|-damage|p2a: Tapu Lele|23/100|[from] Sandstorm
|-damage|p1a: Zarude|76/100|[from] Sandstorm
|-heal|p1a: Zarude|82/100|[from] item: Leftovers
|upkeep
|turn|24
|
|t:|1658146785
|switch|p1a: Slowking|Slowking-Galar, M|75/100
|move|p2a: Tapu Lele|Moonblast|p1a: Slowking
|-resisted|p1a: Slowking
|-damage|p1a: Slowking|63/100
|
|-weather|none
|upkeep
|turn|25
|
|t:|1658146792
|switch|p2a: Hippowdon|Hippowdon, M|59/100
|-weather|Sandstorm|[from] ability: Sand Stream|[of] p2a: Hippowdon
|move|p1a: Slowking|Scald|p2a: Hippowdon
|-supereffective|p2a: Hippowdon
|-damage|p2a: Hippowdon|31/100
|
|-weather|Sandstorm|[upkeep]
|-damage|p1a: Slowking|57/100|[from] Sandstorm
|-heal|p2a: Hippowdon|37/100|[from] item: Leftovers
|upkeep
|turn|26
|
|t:|1658146799
|switch|p1a: Ferrothorn|Ferrothorn, F|86/100
|move|p2a: Hippowdon|Slack Off|p2a: Hippowdon
|-heal|p2a: Hippowdon|87/100
|
|-weather|Sandstorm|[upkeep]
|-heal|p2a: Hippowdon|93/100|[from] item: Leftovers
|upkeep
|turn|27
|
|t:|1658146802
|switch|p2a: Slowking|Slowking-Galar, F|70/100
|move|p1a: Ferrothorn|Stealth Rock|p2a: Slowking
|-sidestart|p2: I Chronos I|move: Stealth Rock
|
|-weather|Sandstorm|[upkeep]
|-damage|p2a: Slowking|64/100|[from] Sandstorm
|-fieldend|move: Psychic Terrain
|-damage|p2a: Slowking|51/100|[from] item: Sticky Barb
|upkeep
|turn|28
|
|t:|1658146810
|switch|p1a: Slowking|Slowking-Galar, M|90/100
|move|p2a: Slowking|Ice Beam|p1a: Slowking
|-crit|p1a: Slowking
|-damage|p1a: Slowking|71/100
|
|-weather|Sandstorm|[upkeep]
|-damage|p2a: Slowking|45/100|[from] Sandstorm
|-damage|p1a: Slowking|65/100|[from] Sandstorm
|-damage|p2a: Slowking|33/100|[from] item: Sticky Barb
|upkeep
|turn|29
|
|t:|1658146818
|switch|p2a: Hippowdon|Hippowdon, M|93/100
|-damage|p2a: Hippowdon|87/100|[from] Stealth Rock
|move|p1a: Slowking|Future Sight|p2a: Hippowdon
|-start|p1a: Slowking|move: Future Sight
|
|-weather|none
|-heal|p2a: Hippowdon|93/100|[from] item: Leftovers
|upkeep
|turn|30
|
|t:|1658146835
|switch|p2a: Mandibuzz|Mandibuzz, F|45/100
|switch|p1a: Zarude|Zarude|82/100
|
|-heal|p1a: Zarude|88/100|[from] item: Leftovers
|upkeep
|turn|31
|j| Rafe132
|
|t:|1658146839
|move|p1a: Zarude|Power Whip|p2a: Mandibuzz
|-resisted|p2a: Mandibuzz
|-damage|p2a: Mandibuzz|30/100
|move|p2a: Mandibuzz|Roost|p2a: Mandibuzz
|-heal|p2a: Mandibuzz|80/100
|-singleturn|p2a: Mandibuzz|move: Roost
|
|-end|p2a: Mandibuzz|move: Future Sight
|-immune|p2a: Mandibuzz
|-heal|p1a: Zarude|94/100|[from] item: Leftovers
|upkeep
|turn|32
|
|t:|1658146843
|move|p1a: Zarude|Bulk Up|p1a: Zarude
|-boost|p1a: Zarude|atk|1
|-boost|p1a: Zarude|def|1
|move|p2a: Mandibuzz|Defog|p1a: Zarude
|-unboost|p1a: Zarude|evasion|1
|-sideend|p2: I Chronos I|Stealth Rock|[from] move: Defog|[of] p2a: Mandibuzz
|
|-heal|p1a: Zarude|100/100|[from] item: Leftovers
|upkeep
|turn|33
|l| Rafe132
|
|t:|1658146849
|move|p1a: Zarude|Darkest Lariat|p2a: Mandibuzz
|-resisted|p2a: Mandibuzz
|-damage|p2a: Mandibuzz|65/100
|move|p2a: Mandibuzz|U-turn|p1a: Zarude
|-supereffective|p1a: Zarude
|-damage|p1a: Zarude|73/100
|
|t:|1658146862
|switch|p2a: Tapu Lele|Tapu Lele|23/100|[from]move: U-turn
|-fieldstart|move: Psychic Terrain|[from] ability: Psychic Surge|[of] p2a: Tapu Lele
|
|-heal|p1a: Zarude|79/100|[from] item: Leftovers
|upkeep
|turn|34
|
|t:|1658146869
|switch|p1a: Slowking|Slowking-Galar, M|98/100
|move|p2a: Tapu Lele|Moonblast|p1a: Slowking
|-resisted|p1a: Slowking
|-damage|p1a: Slowking|87/100
|
|upkeep
|turn|35
|
|t:|1658146873
|switch|p2a: Slowking|Slowking-Galar, F|66/100
|move|p1a: Slowking|Future Sight|p2a: Slowking
|-start|p1a: Slowking|move: Future Sight
|
|-damage|p2a: Slowking|54/100|[from] item: Sticky Barb
|upkeep
|turn|36
|
|t:|1658146878
|move|p1a: Slowking|Scald|p2a: Slowking
|-damage|p2a: Slowking|38/100
|move|p2a: Slowking|Future Sight|p1a: Slowking
|-start|p2a: Slowking|move: Future Sight
|
|-damage|p2a: Slowking|25/100|[from] item: Sticky Barb
|upkeep
|turn|37
|
|t:|1658146887
|switch|p2a: Hippowdon|Hippowdon, M|93/100
|-weather|Sandstorm|[from] ability: Sand Stream|[of] p2a: Hippowdon
|move|p1a: Slowking|Scald|p2a: Hippowdon
|-supereffective|p2a: Hippowdon
|-damage|p2a: Hippowdon|64/100
|
|-weather|Sandstorm|[upkeep]
|-damage|p1a: Slowking|80/100|[from] Sandstorm
|-end|p2a: Hippowdon|move: Future Sight
|-damage|p2a: Hippowdon|21/100
|-heal|p2a: Hippowdon|27/100|[from] item: Leftovers
|-fieldend|move: Psychic Terrain
|upkeep
|turn|38
|
|t:|1658146909
|switch|p1a: Zarude|Zarude|79/100
|move|p2a: Hippowdon|Slack Off|p2a: Hippowdon
|-heal|p2a: Hippowdon|77/100
|
|-weather|Sandstorm|[upkeep]
|-damage|p1a: Zarude|73/100|[from] Sandstorm
|-end|p1a: Zarude|move: Future Sight
|-immune|p1a: Zarude
|-heal|p1a: Zarude|79/100|[from] item: Leftovers
|-heal|p2a: Hippowdon|84/100|[from] item: Leftovers
|upkeep
|turn|39
|
|t:|1658146917
|switch|p1a: Ferrothorn|Ferrothorn, F|86/100
|switch|p2a: Mandibuzz|Mandibuzz, F|65/100
|
|-weather|Sandstorm|[upkeep]
|upkeep
|turn|40
|
|t:|1658146925
|switch|p2a: Slowking|Slowking-Galar, F|59/100
|move|p1a: Ferrothorn|Leech Seed|p2a: Slowking
|-start|p2a: Slowking|move: Leech Seed
|
|-weather|Sandstorm|[upkeep]
|-damage|p2a: Slowking|53/100|[from] Sandstorm
|-damage|p2a: Slowking|40/100|[from] Leech Seed|[of] p1a: Ferrothorn
|-heal|p1a: Ferrothorn|99/100|[silent]
|-damage|p2a: Slowking|28/100|[from] item: Sticky Barb
|upkeep
|turn|41
|
|t:|1658146933
|switch|p1a: Slowking|Slowking-Galar, M|100/100
|move|p2a: Slowking|Future Sight|p1a: Slowking
|-start|p2a: Slowking|move: Future Sight
|
|-weather|none
|-damage|p2a: Slowking|15/100|[from] Leech Seed|[of] p1a: Slowking
|-damage|p2a: Slowking|3/100|[from] item: Sticky Barb
|upkeep
|turn|42
|
|t:|1658146946
|switch|p2a: Hippowdon|Hippowdon, M|84/100
|-weather|Sandstorm|[from] ability: Sand Stream|[of] p2a: Hippowdon
|move|p1a: Slowking|Scald|p2a: Hippowdon
|-supereffective|p2a: Hippowdon
|-crit|p2a: Hippowdon
|-damage|p2a: Hippowdon|42/100
|
|-weather|Sandstorm|[upkeep]
|-damage|p1a: Slowking|94/100|[from] Sandstorm
|-heal|p2a: Hippowdon|48/100|[from] item: Leftovers
|upkeep
|turn|43
|
|t:|1658146956
|switch|p2a: Urshifu|Urshifu-Rapid-Strike, F|47/100
|switch|p1a: Zarude|Zarude|79/100
|
|-weather|Sandstorm|[upkeep]
|-damage|p1a: Zarude|73/100|[from] Sandstorm
|-damage|p2a: Urshifu|41/100|[from] Sandstorm
|-end|p1a: Zarude|move: Future Sight
|-immune|p1a: Zarude
|-heal|p1a: Zarude|79/100|[from] item: Leftovers
|upkeep
|turn|44
|
|t:|1658146963
|move|p1a: Zarude|Power Whip|p2a: Urshifu
|-supereffective|p2a: Urshifu
|-damage|p2a: Urshifu|0 fnt
|faint|p2a: Urshifu
|
|-weather|Sandstorm|[upkeep]
|-damage|p1a: Zarude|73/100|[from] Sandstorm
|-heal|p1a: Zarude|79/100|[from] item: Leftovers
|upkeep
|-message|I Chronos I forfeited.
|
|win|ripreckful
|n|☆ripreckful|ripreckful
|n|☆I Chronos I|ichronosi
|n| Swagataka|swagataka
|n| Iceman8911|iceman8911
