|j|☆Kobiisbetterthanu
|j|☆LECH24
|t:|1641699375
|gametype|singles
|player|p1|Kobiisbetterthanu|266|1525
|player|p2|LECH24|102|1647
|teamsize|p1|6
|teamsize|p2|6
|gen|8
|tier|[Gen 8] OU
|rated|
|rule|Sleep Clause Mod: Limit one foe put to sleep
|rule|Species Clause: Limit one of each Pokémon
|rule|OHKO Clause: OHKO moves are banned
|rule|Evasion Moves Clause: Evasion moves are banned
|rule|Endless Battle Clause: Forcing endless battles is banned
|rule|HP Percentage Mod: HP is shown in percentages
|rule|Dynamax Clause: You cannot dynamax
|clearpoke
|poke|p1|Arctovish|
|poke|p1|Ferrothorn, M|
|poke|p1|Rotom-Wash|
|poke|p1|Ninetales-Alola, F|
|poke|p1|Blaziken, F|
|poke|p1|Salamence, F|
|poke|p2|Zarude|
|poke|p2|Weavile, M|
|poke|p2|Melmetal|
|poke|p2|Clefable, F|
|poke|p2|Landorus-Therian, M|
|poke|p2|Tapu Koko|
|teampreview
|inactive|Battle timer is ON: inactive players will automatically lose when time's up. (requested by Kobiisbetterthanu)
|inactive|LECH24 has 120 seconds left.
|
|t:|1641699407
|start
|switch|p1a: Blaziken|Blaziken, F|100/100
|switch|p2a: Tapu Koko|Tapu Koko|100/100
|-fieldstart|move: Electric Terrain|[from] ability: Electric Surge|[of] p2a: Tapu Koko
|turn|1
|
|t:|1641699411
|move|p1a: Blaziken|Protect|p1a: Blaziken
|-singleturn|p1a: Blaziken|Protect
|move|p2a: Tapu Koko|Volt Switch|p1a: Blaziken
|-activate|p1a: Blaziken|move: Protect
|
|-ability|p1a: Blaziken|Speed Boost|boost
|-boost|p1a: Blaziken|spe|1
|upkeep
|turn|2
|
|t:|1641699424
|switch|p2a: Landorus|Landorus-Therian, M|100/100
|-ability|p2a: Landorus|Intimidate|boost
|-unboost|p1a: Blaziken|atk|1
|switch|p1a: Ferrothorn|Ferrothorn, M|100/100
|
|upkeep
|turn|3
|
|t:|1641699428
|move|p2a: Landorus|Stealth Rock|p1a: Ferrothorn
|-sidestart|p1: Kobiisbetterthanu|move: Stealth Rock
|move|p1a: Ferrothorn|Power Whip|p2a: Landorus
|-damage|p2a: Landorus|57/100
|
|-heal|p2a: Landorus|63/100|[from] item: Leftovers
|upkeep
|turn|4
|
|t:|1641699445
|switch|p2a: Clefable|Clefable, F|100/100
|move|p1a: Ferrothorn|Stealth Rock|p2a: Clefable
|-sidestart|p2: LECH24|move: Stealth Rock
|
|upkeep
|turn|5
|
|t:|1641699452
|switch|p1a: Rotom|Rotom-Wash|100/100
|-damage|p1a: Rotom|88/100|[from] Stealth Rock
|move|p2a: Clefable|Calm Mind|p2a: Clefable
|-boost|p2a: Clefable|spa|1
|-boost|p2a: Clefable|spd|1
|
|-heal|p1a: Rotom|94/100|[from] item: Leftovers
|-fieldend|move: Electric Terrain
|upkeep
|turn|6
|
|t:|1641699456
|move|p1a: Rotom|Thunder Wave|p2a: Clefable|[miss]
|-miss|p1a: Rotom|p2a: Clefable
|move|p2a: Clefable|Moonblast|p1a: Rotom
|-damage|p1a: Rotom|43/100
|
|-heal|p1a: Rotom|49/100|[from] item: Leftovers
|upkeep
|turn|7
|
|t:|1641699463
|move|p1a: Rotom|Defog|p2a: Clefable
|-unboost|p2a: Clefable|evasion|1
|-sideend|p2: LECH24|Stealth Rock|[from] move: Defog|[of] p1a: Rotom
|-sideend|p1: Kobiisbetterthanu|Stealth Rock|[from] move: Defog|[of] p1a: Rotom
|move|p2a: Clefable|Moonblast|p1a: Rotom
|-damage|p1a: Rotom|0 fnt
|faint|p1a: Rotom
|
|upkeep
|
|t:|1641699469
|switch|p1a: Arctovish|Arctovish|100/100
|turn|8
|
|t:|1641699476
|switch|p2a: Zarude|Zarude|100/100
|move|p1a: Arctovish|Fishious Rend|p2a: Zarude
|-resisted|p2a: Zarude
|-damage|p2a: Zarude|52/100
|
|-heal|p2a: Zarude|58/100|[from] item: Leftovers
|upkeep
|turn|9
|
|t:|1641699482
|switch|p1a: Salamence|Salamence, F|100/100
|-ability|p1a: Salamence|Intimidate|boost
|-unboost|p2a: Zarude|atk|1
|move|p2a: Zarude|Jungle Healing|p2a: Zarude
|-heal|p2a: Zarude|83/100
|
|-heal|p2a: Zarude|89/100|[from] item: Leftovers
|upkeep
|turn|10
|
|t:|1641699491
|switch|p2a: Clefable|Clefable, F|100/100
|switch|p1a: Arctovish|Arctovish|100/100
|
|upkeep
|turn|11
|
|t:|1641699499
|switch|p2a: Zarude|Zarude|89/100
|move|p1a: Arctovish|Fishious Rend|p2a: Zarude
|-resisted|p2a: Zarude
|-damage|p2a: Zarude|44/100
|
|-heal|p2a: Zarude|50/100|[from] item: Leftovers
|upkeep
|turn|12
|
|t:|1641699503
|switch|p1a: Salamence|Salamence, F|100/100
|-ability|p1a: Salamence|Intimidate|boost
|-unboost|p2a: Zarude|atk|1
|move|p2a: Zarude|Power Whip|p1a: Salamence
|-resisted|p1a: Salamence
|-damage|p1a: Salamence|89/100
|
|-heal|p2a: Zarude|56/100|[from] item: Leftovers
|-heal|p1a: Salamence|95/100|[from] item: Leftovers
|upkeep
|turn|13
|
|t:|1641699510
|switch|p1a: Ninetales|Ninetales-Alola, F|100/100
|-weather|Hail|[from] ability: Snow Warning|[of] p1a: Ninetales
|move|p2a: Zarude|Jungle Healing|p2a: Zarude
|-heal|p2a: Zarude|81/100
|
|-weather|Hail|[upkeep]
|-damage|p2a: Zarude|75/100|[from] Hail
|-heal|p2a: Zarude|81/100|[from] item: Leftovers
|upkeep
|turn|14
|
|t:|1641699513
|switch|p2a: Tapu Koko|Tapu Koko|100/100
|-fieldstart|move: Electric Terrain|[from] ability: Electric Surge|[of] p2a: Tapu Koko
|move|p1a: Ninetales|Aurora Veil|p1a: Ninetales
|-sidestart|p1: Kobiisbetterthanu|move: Aurora Veil
|
|-weather|Hail|[upkeep]
|-damage|p2a: Tapu Koko|94/100|[from] Hail
|upkeep
|turn|15
|
|t:|1641699517
|move|p2a: Tapu Koko|Volt Switch|p1a: Ninetales
|-damage|p1a: Ninetales|68/100
|
|t:|1641699519
|switch|p2a: Melmetal|Melmetal|100/100|[from]move: Volt Switch
|move|p1a: Ninetales|Moonblast|p2a: Melmetal
|-resisted|p2a: Melmetal
|-damage|p2a: Melmetal|92/100
|-unboost|p2a: Melmetal|spa|1
|
|-weather|Hail|[upkeep]
|-damage|p2a: Melmetal|86/100|[from] Hail
|upkeep
|turn|16
|
|t:|1641699524
|switch|p1a: Ferrothorn|Ferrothorn, M|100/100
|switch|p2a: Clefable|Clefable, F|100/100
|
|-weather|Hail|[upkeep]
|-damage|p2a: Clefable|94/100|[from] Hail
|-damage|p1a: Ferrothorn|94/100|[from] Hail
|upkeep
|turn|17
|
|t:|1641699529
|move|p2a: Clefable|Moonblast|p1a: Ferrothorn
|-resisted|p1a: Ferrothorn
|-damage|p1a: Ferrothorn|88/100
|move|p1a: Ferrothorn|Gyro Ball|p2a: Clefable
|-supereffective|p2a: Clefable
|-damage|p2a: Clefable|30/100
|
|-weather|Hail|[upkeep]
|-damage|p2a: Clefable|24/100|[from] Hail
|-damage|p1a: Ferrothorn|81/100|[from] Hail
|upkeep
|turn|18
|
|t:|1641699537
|move|p2a: Clefable|Flamethrower|p1a: Ferrothorn
|-supereffective|p1a: Ferrothorn
|-damage|p1a: Ferrothorn|44/100
|move|p1a: Ferrothorn|Stealth Rock|p2a: Clefable
|-sidestart|p2: LECH24|move: Stealth Rock
|
|-weather|Hail|[upkeep]
|-damage|p2a: Clefable|18/100|[from] Hail
|-damage|p1a: Ferrothorn|38/100|[from] Hail
|-sideend|p1: Kobiisbetterthanu|move: Aurora Veil
|-fieldend|move: Electric Terrain
|upkeep
|turn|19
|
|t:|1641699546
|switch|p1a: Salamence|Salamence, F|95/100
|-ability|p1a: Salamence|Intimidate|boost
|-unboost|p2a: Clefable|atk|1
|move|p2a: Clefable|Soft-Boiled|p2a: Clefable
|-heal|p2a: Clefable|68/100
|
|-weather|Hail|[upkeep]
|-damage|p1a: Salamence|89/100|[from] Hail
|-damage|p2a: Clefable|62/100|[from] Hail
|-heal|p1a: Salamence|95/100|[from] item: Leftovers
|upkeep
|turn|20
|
|t:|1641699557
|switch|p1a: Ninetales|Ninetales-Alola, F|68/100
|move|p2a: Clefable|Soft-Boiled|p2a: Clefable
|-heal|p2a: Clefable|100/100
|
|-weather|none
|upkeep
|turn|21
|
|t:|1641699562
|move|p1a: Ninetales|Moonblast|p2a: Clefable
|-damage|p2a: Clefable|74/100
|move|p2a: Clefable|Flamethrower|p1a: Ninetales
|-supereffective|p1a: Ninetales
|-damage|p1a: Ninetales|27/100
|
|upkeep
|turn|22
|
|t:|1641699573
|move|p1a: Ninetales|Moonblast|p2a: Clefable
|-damage|p2a: Clefable|46/100
|-unboost|p2a: Clefable|spa|1
|move|p2a: Clefable|Moonblast|p1a: Ninetales
|-damage|p1a: Ninetales|4/100
|-unboost|p1a: Ninetales|spa|1
|
|upkeep
|turn|23
|
|t:|1641699578
|move|p1a: Ninetales|Moonblast|p2a: Clefable
|-damage|p2a: Clefable|16/100
|move|p2a: Clefable|Soft-Boiled|p2a: Clefable
|-heal|p2a: Clefable|66/100
|
|upkeep
|turn|24
|
|t:|1641699581
|move|p1a: Ninetales|Moonblast|p2a: Clefable
|-damage|p2a: Clefable|35/100
|move|p2a: Clefable|Soft-Boiled|p2a: Clefable
|-heal|p2a: Clefable|85/100
|
|upkeep
|turn|25
|
|t:|1641699584
|move|p1a: Ninetales|Moonblast|p2a: Clefable
|-crit|p2a: Clefable
|-damage|p2a: Clefable|39/100
|move|p2a: Clefable|Moonblast|p1a: Ninetales
|-damage|p1a: Ninetales|0 fnt
|faint|p1a: Ninetales
|
|upkeep
|
|t:|1641699587
|switch|p1a: Blaziken|Blaziken, F|100/100
|turn|26
|
|t:|1641699600
|move|p1a: Blaziken|Swords Dance|p1a: Blaziken
|-boost|p1a: Blaziken|atk|2
|move|p2a: Clefable|Moonblast|p1a: Blaziken
|-damage|p1a: Blaziken|69/100
|
|-ability|p1a: Blaziken|Speed Boost|boost
|-boost|p1a: Blaziken|spe|1
|upkeep
|turn|27
|
|t:|1641699605
|move|p1a: Blaziken|Flare Blitz|p2a: Clefable
|-damage|p2a: Clefable|0 fnt
|faint|p2a: Clefable
|-damage|p1a: Blaziken|53/100|[from] Recoil
|-damage|p1a: Blaziken|43/100|[from] item: Life Orb
|
|-ability|p1a: Blaziken|Speed Boost|boost
|-boost|p1a: Blaziken|spe|1
|upkeep
|
|t:|1641699610
|switch|p2a: Landorus|Landorus-Therian, M|63/100
|-damage|p2a: Landorus|51/100|[from] Stealth Rock
|-ability|p2a: Landorus|Intimidate|boost
|-unboost|p1a: Blaziken|atk|1
|turn|28
|
|t:|1641699614
|move|p1a: Blaziken|Flare Blitz|p2a: Landorus
|-damage|p2a: Landorus|0 fnt
|faint|p2a: Landorus
|-damage|p1a: Blaziken|22/100|[from] Recoil
|-damage|p1a: Blaziken|12/100|[from] item: Life Orb
|
|-ability|p1a: Blaziken|Speed Boost|boost
|-boost|p1a: Blaziken|spe|1
|upkeep
|
|t:|1641699617
|switch|p2a: Weavile|Weavile, M|100/100
|-ability|p2a: Weavile|Pressure
|turn|29
|
|t:|1641699623
|move|p1a: Blaziken|Protect|p1a: Blaziken
|-singleturn|p1a: Blaziken|Protect
|move|p2a: Weavile|Ice Shard|p1a: Blaziken
|-activate|p1a: Blaziken|move: Protect
|
|-ability|p1a: Blaziken|Speed Boost|boost
|-boost|p1a: Blaziken|spe|1
|upkeep
|turn|30
|
|t:|1641699626
|move|p2a: Weavile|Ice Shard|p1a: Blaziken
|-resisted|p1a: Blaziken
|-damage|p1a: Blaziken|0 fnt
|faint|p1a: Blaziken
|
|upkeep
|
|t:|1641699629
|switch|p1a: Ferrothorn|Ferrothorn, M|38/100
|turn|31
|
|t:|1641699639
|switch|p2a: Melmetal|Melmetal|86/100
|-damage|p2a: Melmetal|80/100|[from] Stealth Rock
|move|p1a: Ferrothorn|Leech Seed|p2a: Melmetal
|-start|p2a: Melmetal|move: Leech Seed
|
|-damage|p2a: Melmetal|67/100|[from] Leech Seed|[of] p1a: Ferrothorn
|-heal|p1a: Ferrothorn|53/100|[silent]
|upkeep
|turn|32
|
|t:|1641699645
|move|p2a: Melmetal|Earthquake|p1a: Ferrothorn
|-damage|p1a: Ferrothorn|25/100
|move|p1a: Ferrothorn|Gyro Ball|p2a: Melmetal
|-resisted|p2a: Melmetal
|-damage|p2a: Melmetal|60/100
|
|-damage|p2a: Melmetal|48/100|[from] Leech Seed|[of] p1a: Ferrothorn
|-heal|p1a: Ferrothorn|40/100|[silent]
|upkeep
|turn|33
|
|t:|1641699651
|move|p2a: Melmetal|Double Iron Bash|p1a: Ferrothorn
|-resisted|p1a: Ferrothorn
|-damage|p1a: Ferrothorn|26/100
|-damage|p2a: Melmetal|35/100|[from] ability: Iron Barbs|[of] p1a: Ferrothorn
|-damage|p2a: Melmetal|19/100|[from] item: Rocky Helmet|[of] p1a: Ferrothorn
|-resisted|p1a: Ferrothorn
|-damage|p1a: Ferrothorn|12/100
|-damage|p2a: Melmetal|6/100|[from] ability: Iron Barbs|[of] p1a: Ferrothorn
|-damage|p2a: Melmetal|0 fnt|[from] item: Rocky Helmet|[of] p1a: Ferrothorn
|faint|p2a: Melmetal
|-hitcount|p1a: Ferrothorn|2
|cant|p1a: Ferrothorn|flinch
|
|upkeep
|
|t:|1641699654
|switch|p2a: Weavile|Weavile, M|100/100
|-ability|p2a: Weavile|Pressure
|turn|34
|
|t:|1641699656
|move|p2a: Weavile|Knock Off|p1a: Ferrothorn
|-damage|p1a: Ferrothorn|0 fnt
|-damage|p2a: Weavile|88/100|[from] ability: Iron Barbs|[of] p1a: Ferrothorn
|-damage|p2a: Weavile|72/100|[from] item: Rocky Helmet|[of] p1a: Ferrothorn
|-enditem|p1a: Ferrothorn|Rocky Helmet|[from] move: Knock Off|[of] p2a: Weavile
|faint|p1a: Ferrothorn
|
|upkeep
|
|t:|1641699658
|switch|p1a: Arctovish|Arctovish|100/100
|turn|35
|
|t:|1641699664
|move|p2a: Weavile|Knock Off|p1a: Arctovish
|-damage|p1a: Arctovish|47/100
|-enditem|p1a: Arctovish|Choice Band|[from] move: Knock Off|[of] p2a: Weavile
|move|p1a: Arctovish|Fishious Rend|p2a: Weavile
|-damage|p2a: Weavile|7/100
|
|upkeep
|turn|36
|
|t:|1641699670
|move|p2a: Weavile|Knock Off|p1a: Arctovish
|-damage|p1a: Arctovish|12/100
|move|p1a: Arctovish|Fishious Rend|p2a: Weavile
|-damage|p2a: Weavile|0 fnt
|faint|p2a: Weavile
|
|upkeep
|
|t:|1641699671
|switch|p2a: Tapu Koko|Tapu Koko|94/100
|-damage|p2a: Tapu Koko|82/100|[from] Stealth Rock
|-fieldstart|move: Electric Terrain|[from] ability: Electric Surge|[of] p2a: Tapu Koko
|turn|37
|
|t:|1641699673
|move|p2a: Tapu Koko|Dazzling Gleam|p1a: Arctovish
|-damage|p1a: Arctovish|0 fnt
|faint|p1a: Arctovish
|
|upkeep
|
|t:|1641699678
|switch|p1a: Salamence|Salamence, F|95/100
|-ability|p1a: Salamence|Intimidate|boost
|-unboost|p2a: Tapu Koko|atk|1
|turn|38
|
|t:|1641699680
|move|p2a: Tapu Koko|Dazzling Gleam|p1a: Salamence
|-supereffective|p1a: Salamence
|-damage|p1a: Salamence|0 fnt
|faint|p1a: Salamence
|
|win|LECH24
|raw|Kobiisbetterthanu's rating: 1525 &rarr; <strong>1512</strong><br />(-13 for losing)
|raw|LECH24's rating: 1647 &rarr; <strong>1660</strong><br />(+13 for winning)
|l|☆LECH24
|player|p1|Kobiisbetterthanu|266
|j|☆LECH24
|player|p2|LECH24|102
|j| Fusien
