|j|☆ripreckful
|j|☆quixana
|inactive|Battle timer is ON: inactive players will automatically lose when time's up.
|t:|1651825427
|gametype|singles
|player|p1|ripreckful|hilbert|
|player|p2|quixana|ethan-pokeathlon|
|teamsize|p1|6
|teamsize|p2|6
|gen|8
|tier|[Gen 8] OU
|rated|Tournament battle
|rule|Sleep Clause Mod: Limit one foe put to sleep
|rule|Species Clause: Limit one of each Pokémon
|rule|OHKO Clause: OHKO moves are banned
|rule|Evasion Moves Clause: Evasion moves are banned
|rule|Endless Battle Clause: Forcing endless battles is banned
|rule|HP Percentage Mod: HP is shown in percentages
|rule|Dynamax Clause: You cannot dynamax
|clearpoke
|poke|p1|Nihilego|
|poke|p1|Kartana|
|poke|p1|Celesteela|
|poke|p1|Mew|
|poke|p1|Landorus-Therian, M|
|poke|p1|Urshifu-*, M|
|poke|p2|Tangrowth, F|
|poke|p2|Tornadus-Therian, M|
|poke|p2|Toxapex, F|
|poke|p2|Corviknight, M|
|poke|p2|Blissey, F|
|poke|p2|Quagsire, F|
|teampreview
|inactive|ripreckful also wants the timer to be on.
|j| dragonclaw723
|j| vkhss
|j| Mistelpil
|j| cranking 90's rn
|j| noobpichu
|c| vkhss|oh man
|c| cranking 90's rn|wow lmao
|j| Air isnt fair
|c| cranking 90's rn|stall in finals
|inactive|ripreckful has 120 seconds left.
|inactive|quixana has 120 seconds left.
|c|☆ripreckful|hf
|inactive|ripreckful has 90 seconds left.
|c| noobpichu|stall against ho
|c|☆quixana|u2
|inactive|ripreckful has 60 seconds left.
|
|t:|1651825539
|start
|switch|p1a: Landorus|Landorus-Therian, M|100/100
|switch|p2a: Ye-Late|Tornadus-Therian, M|100/100
|-ability|p1a: Landorus|Intimidate|boost
|-unboost|p2a: Ye-Late|atk|1
|turn|1
|inactive|quixana has 120 seconds left.
|
|t:|1651825586
|switch|p2a: BLAKE BORTLES|Tangrowth, F|100/100
|move|p1a: Landorus|Stone Edge|p2a: BLAKE BORTLES
|-damage|p2a: BLAKE BORTLES|82/100
|
|upkeep
|turn|2
|
|t:|1651825606
|switch|p1a: Celesteela|Celesteela|100/100
|move|p2a: BLAKE BORTLES|Knock Off|p1a: Celesteela
|-damage|p1a: Celesteela|78/100
|-enditem|p1a: Celesteela|Power Herb|[from] move: Knock Off|[of] p2a: BLAKE BORTLES
|
|upkeep
|turn|3
|l| vkhss
|
|t:|1651825622
|switch|p2a: 737|Blissey, F|100/100
|move|p1a: Celesteela|Air Slash|p2a: 737
|-damage|p2a: 737|86/100
|
|upkeep
|turn|4
|
|t:|1651825640
|switch|p1a: Urshifu|Urshifu-Rapid-Strike, M|100/100
|move|p2a: 737|Stealth Rock|p1a: Urshifu
|-sidestart|p1: ripreckful|move: Stealth Rock
|
|upkeep
|turn|5
|inactive|quixana has 90 seconds left.
|
|t:|1651825667
|switch|p2a: BLAKE BORTLES|Tangrowth, F|100/100
|move|p1a: Urshifu|U-turn|p2a: BLAKE BORTLES
|-supereffective|p2a: BLAKE BORTLES
|-damage|p2a: BLAKE BORTLES|73/100
|c| cranking 90's rn|pls be pain split nihilego
|
|t:|1651825674
|switch|p1a: Mew|Mew|100/100|[from]move: U-turn
|-damage|p1a: Mew|88/100|[from] Stealth Rock
|
|upkeep
|turn|6
|c|☆ripreckful|pain split does 6-0
|j| vkhss
|inactive|quixana has 90 seconds left.
|c| noobpichu|no way its pain slpit
|inactive|ripreckful has 120 seconds left.
|c| cranking 90's rn|it might b
|
|t:|1651825696
|switch|p2a: Ye-Late|Tornadus-Therian, M|100/100
|move|p1a: Mew|Nasty Plot|p1a: Mew
|-boost|p1a: Mew|spa|2
|
|upkeep
|turn|7
|inactive|ripreckful has 120 seconds left.
|inactive|quixana has 90 seconds left.
|c| cranking 90's rn|fuck em up!!!
|c| noobpichu|oh its dog shit mew lmao
|c| cranking 90's rn|bro this mew is fire
|c| noobpichu|+2 vaccuum wave did 54 to heliolisk
|inactive|quixana has 60 seconds left.
|
|t:|1651825735
|move|p2a: Ye-Late|Hurricane|p1a: Mew
|-damage|p1a: Mew|38/100
|move|p1a: Mew|Nasty Plot|p1a: Mew
|-boost|p1a: Mew|spa|2
|
|upkeep
|turn|8
|c| cranking 90's rn|right
|
|t:|1651825755
|move|p2a: Ye-Late|Hurricane|p1a: Mew
|-damage|p1a: Mew|0 fnt
|faint|p1a: Mew
|
|upkeep
|inactive|ripreckful has 90 seconds left.
|c|☆ripreckful|damn dodge mightve let me win
|c| vkhss|damn
|c| cranking 90's rn|he do have quag tho
|c|☆ripreckful|quag takes 50
|inactive|ripreckful has 60 seconds left.
|c| cranking 90's rn|eq prob does 38
|c| cranking 90's rn|no?
|c|☆ripreckful|32 max
|c| cranking 90's rn|oh
|inactive|ripreckful has 30 seconds left.
|
|t:|1651825826
|switch|p1a: Landorus|Landorus-Therian, M|100/100
|-damage|p1a: Landorus|88/100|[from] Stealth Rock
|-ability|p1a: Landorus|Intimidate|boost
|-unboost|p2a: Ye-Late|atk|1
|turn|9
|
|t:|1651825833
|switch|p2a: BLAKE BORTLES|Tangrowth, F|100/100
|move|p1a: Landorus|Swords Dance|p1a: Landorus
|-boost|p1a: Landorus|atk|2
|
|upkeep
|turn|10
|c|☆ripreckful|ok imma fish for crits gl
|inactive|ripreckful has 30 seconds left.
|inactive|ripreckful has 20 seconds left.
|inactive|quixana has 60 seconds left.
|c| cranking 90's rn|sub on powder
|inactive|ripreckful has 15 seconds left.
|
|t:|1651825874
|move|p1a: Landorus|Earthquake|p2a: BLAKE BORTLES
|-resisted|p2a: BLAKE BORTLES
|-damage|p2a: BLAKE BORTLES|74/100
|move|p2a: BLAKE BORTLES|Knock Off|p1a: Landorus
|-damage|p1a: Landorus|62/100
|-enditem|p1a: Landorus|Adrenaline Orb|[from] move: Knock Off|[of] p2a: BLAKE BORTLES
|
|upkeep
|turn|11
|inactive|ripreckful has 25 seconds left this turn.
|inactive|ripreckful has 20 seconds left.
|
|t:|1651825881
|move|p1a: Landorus|Swords Dance|p1a: Landorus
|-boost|p1a: Landorus|atk|2
|move|p2a: BLAKE BORTLES|Giga Drain|p1a: Landorus
|-damage|p1a: Landorus|28/100
|-heal|p2a: BLAKE BORTLES|87/100|[from] drain|[of] p1a: Landorus
|
|upkeep
|turn|12
|inactive|ripreckful has 30 seconds left this turn.
|
|t:|1651825887
|switch|p2a: What..QUA6QYQ|Quagsire, F|100/100
|move|p1a: Landorus|Stone Edge|p2a: What..QUA6QYQ
|-resisted|p2a: What..QUA6QYQ
|-damage|p2a: What..QUA6QYQ|87/100
|
|-heal|p2a: What..QUA6QYQ|93/100|[from] item: Leftovers
|upkeep
|turn|13
|
|t:|1651825891
|move|p1a: Landorus|Earthquake|p2a: What..QUA6QYQ
|-damage|p2a: What..QUA6QYQ|52/100
|move|p2a: What..QUA6QYQ|Scald|p1a: Landorus
|-supereffective|p1a: Landorus
|-damage|p1a: Landorus|0 fnt
|faint|p1a: Landorus
|
|-heal|p2a: What..QUA6QYQ|58/100|[from] item: Leftovers
|upkeep
|l| vkhss
|inactive|ripreckful has 30 seconds left.
|
|t:|1651825909
|switch|p1a: Nihilego|Nihilego|100/100
|-damage|p1a: Nihilego|88/100|[from] Stealth Rock
|turn|14
|
|t:|1651825936
|move|p1a: Nihilego|Grass Knot|p2a: What..QUA6QYQ
|-supereffective|p2a: What..QUA6QYQ
|-damage|p2a: What..QUA6QYQ|0 fnt
|faint|p2a: What..QUA6QYQ
|-ability|p1a: Nihilego|Beast Boost|boost
|-boost|p1a: Nihilego|spe|1
|
|upkeep
|j| vkhss
|c| cranking 90's rn|he can also
|inactive|quixana has 60 seconds left.
|c|☆ripreckful|1 kill thats pretty much a win
|c| cranking 90's rn|kart sd and dodge
|c| cranking 90's rn|don't tell me u aren't pain split
|c| cranking 90's rn|zzz
|c|☆ripreckful|maybe
|c| noobpichu|hes not
|inactive|quixana has 30 seconds left.
|
|t:|1651825979
|switch|p2a: Amy Schumer 🤢|Toxapex, F|100/100
|turn|15
|c| noobpichu|its double stabs meteor beam grass not
|
|t:|1651825992
|move|p1a: Nihilego|Meteor Beam||[still]
|-prepare|p1a: Nihilego|Meteor Beam
|-boost|p1a: Nihilego|spa|1
|-enditem|p1a: Nihilego|Power Herb
|-anim|p1a: Nihilego|Meteor Beam|p2a: Amy Schumer 🤢
|-damage|p2a: Amy Schumer 🤢|34/100
|move|p2a: Amy Schumer 🤢|Haze|p2a: Amy Schumer 🤢
|-clearallboost
|
|upkeep
|turn|16
|
|t:|1651825998
|switch|p2a: 737|Blissey, F|86/100
|move|p1a: Nihilego|Meteor Beam||[still]
|-prepare|p1a: Nihilego|Meteor Beam
|-boost|p1a: Nihilego|spa|1
|
|upkeep
|turn|17
|
|t:|1651826007
|move|p1a: Nihilego|Meteor Beam|p2a: 737|[from]lockedmove
|-damage|p2a: 737|54/100
|move|p2a: 737|Seismic Toss|p1a: Nihilego
|-damage|p1a: Nihilego|62/100
|
|upkeep
|turn|18
|l| vkhss
|
|t:|1651826026
|move|p1a: Nihilego|Meteor Beam||[still]
|-prepare|p1a: Nihilego|Meteor Beam
|-boost|p1a: Nihilego|spa|1
|move|p2a: 737|Seismic Toss|p1a: Nihilego
|-damage|p1a: Nihilego|35/100
|
|upkeep
|turn|19
|
|t:|1651826032
|move|p1a: Nihilego|Meteor Beam|p2a: 737|[from]lockedmove
|-damage|p2a: 737|10/100
|move|p2a: 737|Soft-Boiled|p2a: 737
|-heal|p2a: 737|60/100
|
|upkeep
|turn|20
|l| cranking 90's rn
|inactive|ripreckful has 90 seconds left.
|j| vkhss
|inactive|quixana has 30 seconds left.
|
|t:|1651826072
|move|p1a: Nihilego|Meteor Beam||[still]
|-prepare|p1a: Nihilego|Meteor Beam
|-boost|p1a: Nihilego|spa|1
|move|p2a: 737|Soft-Boiled|p2a: 737
|-heal|p2a: 737|100/100
|
|upkeep
|turn|21
|
|t:|1651826074
|move|p1a: Nihilego|Meteor Beam|p2a: 737|[from]lockedmove
|-crit|p2a: 737
|-damage|p2a: 737|22/100
|move|p2a: 737|Seismic Toss|p1a: Nihilego
|-damage|p1a: Nihilego|9/100
|
|upkeep
|turn|22
|c|☆ripreckful|chance
|c| vkhss|ohh
|inactive|quixana has 30 seconds left.
|c| noobpichu|does it ohko corv
|c|☆ripreckful|at +3 it should
|inactive|quixana has 20 seconds left.
|j| cranking 90's rn
|c| noobpichu|oh fair
|inactive|quixana has 15 seconds left.
|inactive|quixana has 10 seconds left.
|inactive|quixana has 5 seconds left.
|c|☆ripreckful|just sack this bro
|
|t:|1651826122
|move|p1a: Nihilego|Power Gem|p2a: 737
|-damage|p2a: 737|0 fnt
|faint|p2a: 737
|-ability|p1a: Nihilego|Beast Boost|boost
|-boost|p1a: Nihilego|spe|1
|
|upkeep
|inactive|quixana has 10 seconds left this turn.
|c|☆ripreckful|time
|inactive|quixana has 5 seconds left.
|
|t:|1651826130
|switch|p2a: Cut the chit chat|Corviknight, M|100/100
|-ability|p2a: Cut the chit chat|Pressure
|turn|23
|inactive|quixana has 15 seconds left this turn.
|inactive|quixana has 10 seconds left.
|
|t:|1651826135
|move|p1a: Nihilego|Power Gem|p2a: Cut the chit chat
|-damage|p2a: Cut the chit chat|18/100
|move|p2a: Cut the chit chat|Body Press|p1a: Nihilego
|-damage|p1a: Nihilego|0 fnt
|faint|p1a: Nihilego
|
|-heal|p2a: Cut the chit chat|24/100|[from] item: Leftovers
|upkeep
|inactive|quixana has 15 seconds left this turn.
|c| noobpichu|ye
|c| noobpichu|rip
|c|☆ripreckful|:(
|
|t:|1651826142
|switch|p1a: Celesteela|Celesteela|78/100
|-damage|p1a: Celesteela|66/100|[from] Stealth Rock
|turn|24
|inactive|quixana has 25 seconds left this turn.
|c| vkhss|Steela
|c| vkhss|wins right?
|c|☆ripreckful|maybe
|inactive|ripreckful has 120 seconds left.
|l| noobpichu
|
|t:|1651826160
|switch|p2a: Amy Schumer 🤢|Toxapex, F|67/100
|move|p1a: Celesteela|Meteor Beam||[still]
|-prepare|p1a: Celesteela|Meteor Beam
|-boost|p1a: Celesteela|spa|1
|
|upkeep
|turn|25
|inactive|quixana has 30 seconds left.
|
|t:|1651826169
|move|p1a: Celesteela|Meteor Beam|p2a: Amy Schumer 🤢|[from]lockedmove
|-damage|p2a: Amy Schumer 🤢|16/100
|move|p2a: Amy Schumer 🤢|Recover|p2a: Amy Schumer 🤢
|-heal|p2a: Amy Schumer 🤢|66/100
|
|upkeep
|turn|26
|
|t:|1651826173
|move|p1a: Celesteela|Air Slash|p2a: Amy Schumer 🤢
|-damage|p2a: Amy Schumer 🤢|21/100
|move|p2a: Amy Schumer 🤢|Haze|p2a: Amy Schumer 🤢
|-clearallboost
|
|upkeep
|turn|27
|
|t:|1651826186
|switch|p2a: Cut the chit chat|Corviknight, M|24/100
|-ability|p2a: Cut the chit chat|Pressure
|move|p1a: Celesteela|Air Slash|p2a: Cut the chit chat
|-resisted|p2a: Cut the chit chat
|-damage|p2a: Cut the chit chat|8/100
|
|-heal|p2a: Cut the chit chat|14/100|[from] item: Leftovers
|upkeep
|turn|28
|
|t:|1651826193
|move|p1a: Celesteela|Air Slash|p2a: Cut the chit chat|[miss]
|-miss|p1a: Celesteela|p2a: Cut the chit chat
|move|p2a: Cut the chit chat|Body Press|p1a: Celesteela
|-damage|p1a: Celesteela|39/100
|
|-heal|p2a: Cut the chit chat|20/100|[from] item: Leftovers
|upkeep
|turn|29
|c| cranking 90's rn|a
|j| Fart Stinky
|
|t:|1651826222
|move|p1a: Celesteela|Flamethrower|p2a: Cut the chit chat
|-supereffective|p2a: Cut the chit chat
|-damage|p2a: Cut the chit chat|0 fnt
|faint|p2a: Cut the chit chat
|-ability|p1a: Celesteela|Beast Boost|boost
|-boost|p1a: Celesteela|spa|1
|
|upkeep
|
|t:|1651826244
|switch|p2a: Ye-Late|Tornadus-Therian, M|100/100
|turn|30
|
|t:|1651826251
|move|p2a: Ye-Late|Focus Blast|p1a: Celesteela
|-damage|p1a: Celesteela|2/100
|move|p1a: Celesteela|Autotomize|p1a: Celesteela
|-boost|p1a: Celesteela|spe|2
|-start|p1a: Celesteela|Autotomize
|
|upkeep
|turn|31
|c| vkhss|:o
|c| vkhss|chance?
|
|t:|1651826266
|move|p1a: Celesteela|Air Slash|p2a: Ye-Late
|-damage|p2a: Ye-Late|36/100
|move|p2a: Ye-Late|Hurricane|p1a: Celesteela|[miss]
|-miss|p2a: Ye-Late|p1a: Celesteela
|
|upkeep
|turn|32
|c| cranking 90's rn|..
|c|☆ripreckful|tbf the odds r in my favour on that one
|inactive|quixana has 30 seconds left.
|c| vkhss|just flinch everything
|inactive|quixana has 20 seconds left.
|c| cranking 90's rn|go win
|inactive|quixana has 15 seconds left.
|inactive|quixana has 10 seconds left.
|
|t:|1651826309
|move|p1a: Celesteela|Air Slash|p2a: Ye-Late
|-crit|p2a: Ye-Late
|-damage|p2a: Ye-Late|0 fnt
|faint|p2a: Ye-Late
|-ability|p1a: Celesteela|Beast Boost|boost
|-boost|p1a: Celesteela|spa|1
|
|upkeep
|inactive|quixana has 15 seconds left this turn.
|
|t:|1651826312
|switch|p2a: Amy Schumer 🤢|Toxapex, F|54/100
|turn|33
|inactive|quixana has 25 seconds left this turn.
|c| vkhss|Flinch
|c|☆ripreckful|gg
|c| vkhss|pls
|inactive|quixana has 20 seconds left.
|c|☆ripreckful|if i hit
|inactive|quixana has 15 seconds left.
|c| vkhss|do u need the flinch?
|inactive|quixana has 10 seconds left.
|c| cranking 90's rn|no
|c| vkhss|No u dont
|c|☆ripreckful|nah it kills
|inactive|quixana has 5 seconds left.
|
|t:|1651826335
|move|p1a: Celesteela|Air Slash|p2a: Amy Schumer 🤢
|-damage|p2a: Amy Schumer 🤢|0 fnt
|faint|p2a: Amy Schumer 🤢
|-ability|p1a: Celesteela|Beast Boost|boost
|-boost|p1a: Celesteela|spa|1
|
|upkeep
|inactive|quixana has 10 seconds left this turn.
|
|t:|1651826337
|switch|p2a: BLAKE BORTLES|Tangrowth, F|100/100
|turn|34
|inactive|quixana has 20 seconds left this turn.
|c|☆quixana|gg
|inactive|quixana has 15 seconds left.
|c| vkhss|damn
|c|☆ripreckful|gg bro
|
|t:|1651826346
|move|p1a: Celesteela|Flamethrower|p2a: BLAKE BORTLES
|-supereffective|p2a: BLAKE BORTLES
|-damage|p2a: BLAKE BORTLES|0 fnt
|faint|p2a: BLAKE BORTLES
|
|win|ripreckful
|inactive|quixana has 20 seconds left this turn.
|n|☆ripreckful|ripreckful
|n|☆quixana|quixana
|n| dragonclaw723|dragonclaw723
|n| Mistelpil|mistelpil
|n| Air isnt fair|airisntfair
|n| vkhss|vkhss
|n| cranking 90's rn|cranking90srn
|n| Fart Stinky|fartstinky
