|raw|<div class="broadcast-blue"><strong>This battle is required to be public due to a player having a name starting with 'lt91bb'.</div>
|j|☆antarctozolt
|j|☆LT91BB PDC
|t:|1659088223
|gametype|singles
|player|p1|antarctozolt|skier|1955
|player|p2|LT91BB PDC|ethan|1813
|teamsize|p1|6
|teamsize|p2|6
|gen|8
|tier|[Gen 8] OU
|rated|
|rule|Sleep Clause Mod: Limit one foe put to sleep
|rule|Species Clause: Limit one of each Pokémon
|rule|OHKO Clause: OHKO moves are banned
|rule|Evasion Moves Clause: Evasion moves are banned
|rule|Endless Battle Clause: Forcing endless battles is banned
|rule|HP Percentage Mod: HP is shown in percentages
|rule|Dynamax Clause: You cannot dynamax
|clearpoke
|poke|p1|Bronzong|
|poke|p1|Clefable, M|
|poke|p1|Quagsire, F|
|poke|p1|Skarmory, M|
|poke|p1|Zapdos|
|poke|p1|Toxapex, M|
|poke|p2|Skarmory, M|
|poke|p2|Gastrodon-East, M|
|poke|p2|Heatran, F|
|poke|p2|Tornadus-Therian, M|
|poke|p2|Tapu Koko|
|poke|p2|Weavile, M|
|teampreview
|j| galactest bro !
|l| galactest bro !
|j| Barracades
|j| wingspam
|
|t:|1659088260
|start
|switch|p1a: Toxapex|Toxapex, M|100/100
|switch|p2a: Tornadus|Tornadus-Therian, M|100/100
|turn|1
|
|t:|1659088264
|move|p2a: Tornadus|U-turn|p1a: Toxapex
|-resisted|p1a: Toxapex
|-damage|p1a: Toxapex|95/100
|
|t:|1659088267
|switch|p2a: Skarmory|Skarmory, M|100/100|[from]move: U-turn
|move|p1a: Toxapex|Knock Off|p2a: Skarmory
|-damage|p2a: Skarmory|92/100
|-damage|p1a: Toxapex|78/100|[from] item: Rocky Helmet|[of] p2a: Skarmory
|-enditem|p2a: Skarmory|Rocky Helmet|[from] move: Knock Off|[of] p1a: Toxapex
|
|upkeep
|turn|2
|
|t:|1659088273
|move|p2a: Skarmory|Spikes|p1a: Toxapex
|-sidestart|p1: antarctozolt|Spikes
|move|p1a: Toxapex|Toxic Spikes|p2a: Skarmory
|-sidestart|p2: LT91BB PDC|move: Toxic Spikes
|
|upkeep
|turn|3
|j| LT91BB xray
|
|t:|1659088305
|switch|p2a: Tornadus|Tornadus-Therian, M|100/100
|switch|p1a: Skarmory|Skarmory, M|100/100
|
|upkeep
|turn|4
|j| LT91BB Poeh
|j| ivehadenoughshit
|
|t:|1659088310
|switch|p1a: Toxapex|Toxapex, M|100/100
|-damage|p1a: Toxapex|88/100|[from] Spikes
|move|p2a: Tornadus|Knock Off|p1a: Toxapex
|-damage|p1a: Toxapex|72/100
|-enditem|p1a: Toxapex|Shed Shell|[from] move: Knock Off|[of] p2a: Tornadus
|
|upkeep
|turn|5
|l| wingspam
|l| LT91BB Poeh
|
|t:|1659088316
|move|p2a: Tornadus|U-turn|p1a: Toxapex
|-resisted|p1a: Toxapex
|-damage|p1a: Toxapex|66/100
|
|t:|1659088318
|switch|p2a: Skarmory|Skarmory, M|92/100|[from]move: U-turn
|move|p1a: Toxapex|Knock Off|p2a: Skarmory
|-damage|p2a: Skarmory|85/100
|
|upkeep
|turn|6
|
|t:|1659088320
|switch|p1a: Zapdos|Zapdos|100/100
|-ability|p1a: Zapdos|Pressure
|move|p2a: Skarmory|Spikes|p1a: Zapdos
|-sidestart|p1: antarctozolt|Spikes
|
|upkeep
|turn|7
|
|t:|1659088327
|switch|p2a: Gastrodon|Gastrodon-East, M|100/100
|-status|p2a: Gastrodon|psn
|move|p1a: Zapdos|Volt Switch|p2a: Gastrodon
|-immune|p2a: Gastrodon
|
|-damage|p2a: Gastrodon|88/100 psn|[from] psn
|upkeep
|turn|8
|
|t:|1659088332
|switch|p1a: Clefable|Clefable, M|100/100
|move|p2a: Gastrodon|Scald|p1a: Clefable
|-damage|p1a: Clefable|80/100
|
|-heal|p2a: Gastrodon|94/100 psn|[from] item: Leftovers
|-damage|p2a: Gastrodon|82/100 psn|[from] psn
|upkeep
|turn|9
|
|t:|1659088337
|switch|p2a: Tornadus|Tornadus-Therian, M|100/100
|move|p1a: Clefable|Knock Off|p2a: Tornadus
|-damage|p2a: Tornadus|85/100
|-enditem|p2a: Tornadus|Heavy-Duty Boots|[from] move: Knock Off|[of] p1a: Clefable
|
|upkeep
|turn|10
|j| Drunkensailer
|j| dadkadkfla
|
|t:|1659088345
|move|p2a: Tornadus|Knock Off|p1a: Clefable
|-resisted|p1a: Clefable
|-crit|p1a: Clefable
|-damage|p1a: Clefable|67/100
|move|p1a: Clefable|Soft-Boiled|p1a: Clefable
|-heal|p1a: Clefable|100/100
|
|-damage|p2a: Tornadus|73/100|[from] item: Sticky Barb
|upkeep
|turn|11
|l| dadkadkfla
|j| April Lotads
|
|t:|1659088350
|move|p2a: Tornadus|Hurricane|p1a: Clefable
|-damage|p1a: Clefable|68/100
|-start|p1a: Clefable|confusion
|-activate|p1a: Clefable|confusion
|move|p1a: Clefable|Moonblast|p2a: Tornadus
|-crit|p2a: Tornadus
|-damage|p2a: Tornadus|23/100
|
|-damage|p2a: Tornadus|10/100|[from] item: Sticky Barb
|upkeep
|turn|12
|j| LT91BB rejeff
|
|t:|1659088356
|switch|p2a: Heatran|Heatran, F|100/100
|-activate|p1a: Clefable|confusion
|move|p1a: Clefable|Knock Off|p2a: Heatran
|-damage|p2a: Heatran|89/100
|-enditem|p2a: Heatran|Leftovers|[from] move: Knock Off|[of] p1a: Clefable
|
|upkeep
|turn|13
|
|t:|1659088368
|switch|p1a: Quagsire|Quagsire, F|100/100
|-damage|p1a: Quagsire|84/100|[from] Spikes
|move|p2a: Heatran|Magma Storm|p1a: Quagsire
|-resisted|p1a: Quagsire
|-damage|p1a: Quagsire|62/100
|-activate|p1a: Quagsire|move: Magma Storm|[of] p2a: Heatran
|
|-heal|p1a: Quagsire|68/100|[from] item: Leftovers
|-damage|p1a: Quagsire|56/100|[from] move: Magma Storm|[partiallytrapped]
|upkeep
|turn|14
|
|t:|1659088381
|switch|p2a: Tornadus|Tornadus-Therian, M|43/100
|move|p1a: Quagsire|Recover|p1a: Quagsire
|-heal|p1a: Quagsire|100/100
|
|-end|p1a: Quagsire|Magma Storm|[partiallytrapped]|[silent]
|-damage|p2a: Tornadus|31/100|[from] item: Sticky Barb
|upkeep
|turn|15
|j| greenandgrey77
|
|t:|1659088388
|move|p2a: Tornadus|U-turn|p1a: Quagsire
|-damage|p1a: Quagsire|89/100
|j| Skyrio
|
|t:|1659088390
|switch|p2a: Gastrodon|Gastrodon-East, M|82/100 psn|[from]move: U-turn
|move|p1a: Quagsire|Scald|p2a: Gastrodon
|-ability|p2a: Gastrodon|Storm Drain|boost
|-boost|p2a: Gastrodon|spa|1
|
|-heal|p2a: Gastrodon|88/100 psn|[from] item: Leftovers
|-heal|p1a: Quagsire|95/100|[from] item: Leftovers
|-damage|p2a: Gastrodon|76/100 psn|[from] psn
|upkeep
|turn|16
|
|t:|1659088395
|switch|p1a: Bronzong|Bronzong|100/100
|move|p2a: Gastrodon|Scald|p1a: Bronzong
|-damage|p1a: Bronzong|75/100
|
|-heal|p2a: Gastrodon|82/100 psn|[from] item: Leftovers
|-heal|p1a: Bronzong|81/100|[from] item: Leftovers
|-damage|p2a: Gastrodon|70/100 psn|[from] psn
|upkeep
|turn|17
|
|t:|1659088398
|move|p2a: Gastrodon|Scald|p1a: Bronzong
|-damage|p1a: Bronzong|55/100
|-status|p1a: Bronzong|brn
|move|p1a: Bronzong|Stealth Rock|p2a: Gastrodon
|-sidestart|p2: LT91BB PDC|move: Stealth Rock
|
|-heal|p2a: Gastrodon|76/100 psn|[from] item: Leftovers
|-heal|p1a: Bronzong|61/100 brn|[from] item: Leftovers
|-damage|p2a: Gastrodon|64/100 psn|[from] psn
|-damage|p1a: Bronzong|55/100 brn|[from] brn
|upkeep
|turn|18
|
|t:|1659088400
|switch|p1a: Clefable|Clefable, M|68/100
|move|p2a: Gastrodon|Recover|p2a: Gastrodon
|-heal|p2a: Gastrodon|100/100 psn
|
|-damage|p2a: Gastrodon|88/100 psn|[from] psn
|upkeep
|turn|19
|
|t:|1659088404
|move|p1a: Clefable|Soft-Boiled|p1a: Clefable
|-heal|p1a: Clefable|100/100
|move|p2a: Gastrodon|Scald|p1a: Clefable
|-damage|p1a: Clefable|72/100
|
|-heal|p2a: Gastrodon|94/100 psn|[from] item: Leftovers
|-damage|p2a: Gastrodon|82/100 psn|[from] psn
|upkeep
|turn|20
|
|t:|1659088407
|switch|p2a: Heatran|Heatran, F|89/100
|-damage|p2a: Heatran|76/100|[from] Stealth Rock
|move|p1a: Clefable|Aromatherapy|p1a: Clefable
|-activate|p1a: Clefable|move: Aromatherapy
|-curestatus|p1: Bronzong|brn|[msg]
|
|upkeep
|turn|21
|
|t:|1659088413
|switch|p1a: Quagsire|Quagsire, F|95/100
|-damage|p1a: Quagsire|78/100|[from] Spikes
|move|p2a: Heatran|Stealth Rock|p1a: Quagsire
|-sidestart|p1: antarctozolt|move: Stealth Rock
|
|-heal|p1a: Quagsire|84/100|[from] item: Leftovers
|upkeep
|turn|22
|
|t:|1659088417
|switch|p2a: Gastrodon|Gastrodon-East, M|82/100 psn
|-damage|p2a: Gastrodon|76/100 psn|[from] Stealth Rock
|move|p1a: Quagsire|Earthquake|p2a: Gastrodon
|-damage|p2a: Gastrodon|40/100 psn
|
|-heal|p2a: Gastrodon|47/100 psn|[from] item: Leftovers
|-heal|p1a: Quagsire|90/100|[from] item: Leftovers
|-damage|p2a: Gastrodon|34/100 psn|[from] psn
|upkeep
|turn|23
|
|t:|1659088420
|move|p2a: Gastrodon|Recover|p2a: Gastrodon
|-heal|p2a: Gastrodon|84/100 psn
|move|p1a: Quagsire|Earthquake|p2a: Gastrodon
|-damage|p2a: Gastrodon|50/100 psn
|
|-heal|p2a: Gastrodon|56/100 psn|[from] item: Leftovers
|-heal|p1a: Quagsire|97/100|[from] item: Leftovers
|-damage|p2a: Gastrodon|44/100 psn|[from] psn
|upkeep
|turn|24
|j| uu12a gold
|
|t:|1659088428
|switch|p1a: Skarmory|Skarmory, M|100/100
|-damage|p1a: Skarmory|88/100|[from] Stealth Rock
|move|p2a: Gastrodon|Recover|p2a: Gastrodon
|-heal|p2a: Gastrodon|94/100 psn
|
|-heal|p2a: Gastrodon|99/100 psn|[from] item: Leftovers
|-damage|p2a: Gastrodon|87/100 psn|[from] psn
|upkeep
|turn|25
|
|t:|1659088436
|switch|p2a: Skarmory|Skarmory, M|85/100
|-damage|p2a: Skarmory|73/100|[from] Stealth Rock
|move|p1a: Skarmory|Spikes|p2a: Skarmory
|-sidestart|p2: LT91BB PDC|Spikes
|
|upkeep
|turn|26
|
|t:|1659088441
|switch|p1a: Zapdos|Zapdos|100/100
|-ability|p1a: Zapdos|Pressure
|move|p2a: Skarmory|Spikes|p1a: Zapdos
|-sidestart|p1: antarctozolt|Spikes
|
|upkeep
|turn|27
|
|t:|1659088443
|switch|p2a: Gastrodon|Gastrodon-East, M|87/100 psn
|-damage|p2a: Gastrodon|81/100 psn|[from] Stealth Rock
|-damage|p2a: Gastrodon|69/100 psn|[from] Spikes
|move|p1a: Zapdos|Hurricane|p2a: Gastrodon
|-damage|p2a: Gastrodon|38/100 psn
|
|-heal|p2a: Gastrodon|44/100 psn|[from] item: Leftovers
|-damage|p2a: Gastrodon|32/100 psn|[from] psn
|upkeep
|turn|28
|
|t:|1659088445
|move|p1a: Zapdos|Hurricane|p2a: Gastrodon|[miss]
|-miss|p1a: Zapdos|p2a: Gastrodon
|move|p2a: Gastrodon|Recover|p2a: Gastrodon
|-heal|p2a: Gastrodon|82/100 psn
|
|-heal|p2a: Gastrodon|88/100 psn|[from] item: Leftovers
|-damage|p2a: Gastrodon|76/100 psn|[from] psn
|upkeep
|turn|29
|
|t:|1659088456
|move|p1a: Zapdos|Hurricane|p2a: Gastrodon
|-damage|p2a: Gastrodon|44/100 psn
|move|p2a: Gastrodon|Recover|p2a: Gastrodon
|-heal|p2a: Gastrodon|94/100 psn
|
|-heal|p2a: Gastrodon|99/100 psn|[from] item: Leftovers
|-damage|p2a: Gastrodon|88/100 psn|[from] psn
|upkeep
|turn|30
|
|t:|1659088457
|switch|p1a: Clefable|Clefable, M|72/100
|move|p2a: Gastrodon|Toxic|p1a: Clefable
|-status|p1a: Clefable|tox
|
|-heal|p2a: Gastrodon|94/100 psn|[from] item: Leftovers
|-damage|p2a: Gastrodon|82/100 psn|[from] psn
|upkeep
|turn|31
|j| LT91BB KeshBa56
|
|t:|1659088465
|switch|p2a: Skarmory|Skarmory, M|73/100
|-damage|p2a: Skarmory|61/100|[from] Stealth Rock
|move|p1a: Clefable|Moonblast|p2a: Skarmory
|-resisted|p2a: Skarmory
|-damage|p2a: Skarmory|40/100
|
|upkeep
|turn|32
|
|t:|1659088468
|switch|p1a: Zapdos|Zapdos|100/100
|-ability|p1a: Zapdos|Pressure
|move|p2a: Skarmory|Roost|p2a: Skarmory
|-heal|p2a: Skarmory|91/100
|-singleturn|p2a: Skarmory|move: Roost
|
|upkeep
|turn|33
|
|t:|1659088470
|switch|p2a: Gastrodon|Gastrodon-East, M|82/100 psn
|-damage|p2a: Gastrodon|75/100 psn|[from] Stealth Rock
|-damage|p2a: Gastrodon|63/100 psn|[from] Spikes
|move|p1a: Zapdos|Volt Switch|p2a: Gastrodon
|-immune|p2a: Gastrodon
|
|-heal|p2a: Gastrodon|69/100 psn|[from] item: Leftovers
|-damage|p2a: Gastrodon|57/100 psn|[from] psn
|upkeep
|turn|34
|
|t:|1659088473
|switch|p1a: Clefable|Clefable, M|72/100 tox
|move|p2a: Gastrodon|Recover|p2a: Gastrodon
|-heal|p2a: Gastrodon|100/100 psn
|
|-damage|p2a: Gastrodon|88/100 psn|[from] psn
|upkeep
|turn|35
|
|t:|1659088474
|switch|p1a: Zapdos|Zapdos|100/100
|-ability|p1a: Zapdos|Pressure
|switch|p2a: Skarmory|Skarmory, M|91/100
|-damage|p2a: Skarmory|78/100|[from] Stealth Rock
|
|upkeep
|turn|36
|
|t:|1659088476
|switch|p1a: Clefable|Clefable, M|72/100 tox
|switch|p2a: Gastrodon|Gastrodon-East, M|88/100 psn
|-damage|p2a: Gastrodon|82/100 psn|[from] Stealth Rock
|-damage|p2a: Gastrodon|70/100 psn|[from] Spikes
|
|-heal|p2a: Gastrodon|76/100 psn|[from] item: Leftovers
|-damage|p2a: Gastrodon|64/100 psn|[from] psn
|upkeep
|turn|37
|
|t:|1659088480
|move|p1a: Clefable|Knock Off|p2a: Gastrodon
|-damage|p2a: Gastrodon|46/100 psn
|-enditem|p2a: Gastrodon|Leftovers|[from] move: Knock Off|[of] p1a: Clefable
|move|p2a: Gastrodon|Recover|p2a: Gastrodon
|-heal|p2a: Gastrodon|96/100 psn
|
|-damage|p2a: Gastrodon|84/100 psn|[from] psn
|upkeep
|turn|38
|j| ownerfloor
|
|t:|1659088483
|move|p1a: Clefable|Soft-Boiled|p1a: Clefable
|-heal|p1a: Clefable|100/100 tox
|move|p2a: Gastrodon|Scald|p1a: Clefable
|-damage|p1a: Clefable|80/100 tox
|
|-damage|p2a: Gastrodon|72/100 psn|[from] psn
|upkeep
|turn|39
|
|t:|1659088485
|move|p1a: Clefable|Moonblast|p2a: Gastrodon
|-damage|p2a: Gastrodon|50/100 psn
|move|p2a: Gastrodon|Scald|p1a: Clefable
|-damage|p1a: Clefable|59/100 tox
|
|-damage|p2a: Gastrodon|38/100 psn|[from] psn
|upkeep
|turn|40
|l| ownerfloor
|
|t:|1659088489
|move|p1a: Clefable|Soft-Boiled|p1a: Clefable
|-heal|p1a: Clefable|100/100 tox
|move|p2a: Gastrodon|Recover|p2a: Gastrodon
|-heal|p2a: Gastrodon|88/100 psn
|
|-damage|p2a: Gastrodon|76/100 psn|[from] psn
|upkeep
|turn|41
|
|t:|1659088491
|move|p1a: Clefable|Moonblast|p2a: Gastrodon
|-damage|p2a: Gastrodon|56/100 psn
|move|p2a: Gastrodon|Recover|p2a: Gastrodon
|-heal|p2a: Gastrodon|100/100 psn
|
|-damage|p2a: Gastrodon|88/100 psn|[from] psn
|upkeep
|turn|42
|
|t:|1659088493
|switch|p2a: Skarmory|Skarmory, M|78/100
|-damage|p2a: Skarmory|66/100|[from] Stealth Rock
|move|p1a: Clefable|Moonblast|p2a: Skarmory
|-resisted|p2a: Skarmory
|-damage|p2a: Skarmory|43/100
|
|upkeep
|turn|43
|
|t:|1659088497
|switch|p1a: Zapdos|Zapdos|100/100
|-ability|p1a: Zapdos|Pressure
|move|p2a: Skarmory|Toxic|p1a: Zapdos
|-status|p1a: Zapdos|tox
|
|-damage|p1a: Zapdos|94/100 tox|[from] psn
|upkeep
|turn|44
|j| ownerfloor
|l| LT91BB KeshBa56
|
|t:|1659088501
|switch|p1a: Clefable|Clefable, M|100/100 tox
|switch|p2a: Gastrodon|Gastrodon-East, M|88/100 psn
|-damage|p2a: Gastrodon|82/100 psn|[from] Stealth Rock
|-damage|p2a: Gastrodon|70/100 psn|[from] Spikes
|
|-damage|p2a: Gastrodon|57/100 psn|[from] psn
|upkeep
|turn|45
|
|t:|1659088503
|switch|p2a: Skarmory|Skarmory, M|43/100
|-damage|p2a: Skarmory|31/100|[from] Stealth Rock
|move|p1a: Clefable|Aromatherapy|p1a: Clefable
|-activate|p1a: Clefable|move: Aromatherapy
|-curestatus|p1a: Clefable|tox|[msg]
|-curestatus|p1: Zapdos|tox|[msg]
|
|upkeep
|turn|46
|
|t:|1659088505
|switch|p1a: Zapdos|Zapdos|94/100
|-ability|p1a: Zapdos|Pressure
|move|p2a: Skarmory|Roost|p2a: Skarmory
|-heal|p2a: Skarmory|81/100
|-singleturn|p2a: Skarmory|move: Roost
|
|upkeep
|turn|47
|
|t:|1659088509
|switch|p2a: Gastrodon|Gastrodon-East, M|57/100 psn
|-damage|p2a: Gastrodon|51/100 psn|[from] Stealth Rock
|-damage|p2a: Gastrodon|39/100 psn|[from] Spikes
|move|p1a: Zapdos|Volt Switch|p2a: Gastrodon
|-immune|p2a: Gastrodon
|
|-damage|p2a: Gastrodon|27/100 psn|[from] psn
|upkeep
|turn|48
|
|t:|1659088511
|move|p1a: Zapdos|Hurricane|p2a: Gastrodon
|-damage|p2a: Gastrodon|0 fnt
|faint|p2a: Gastrodon
|
|upkeep
|
|t:|1659088521
|switch|p2a: Weavile|Weavile, M|100/100
|-ability|p2a: Weavile|Pressure
|turn|49
|
|t:|1659088532
|switch|p1a: Skarmory|Skarmory, M|88/100
|-damage|p1a: Skarmory|76/100|[from] Stealth Rock
|move|p2a: Weavile|Knock Off|p1a: Skarmory
|-damage|p1a: Skarmory|44/100
|-enditem|p1a: Skarmory|Shed Shell|[from] move: Knock Off|[of] p2a: Weavile
|
|upkeep
|turn|50
|
|t:|1659088547
|switch|p2a: Tapu Koko|Tapu Koko|100/100
|-fieldstart|move: Electric Terrain|[from] ability: Electric Surge|[of] p2a: Tapu Koko
|move|p1a: Skarmory|Roost|p1a: Skarmory
|-heal|p1a: Skarmory|94/100
|-singleturn|p1a: Skarmory|move: Roost
|
|upkeep
|turn|51
|
|t:|1659088555
|switch|p1a: Clefable|Clefable, M|100/100
|move|p2a: Tapu Koko|Dazzling Gleam|p1a: Clefable
|-damage|p1a: Clefable|73/100
|
|upkeep
|turn|52
|j| Master 8 Leon
|
|t:|1659088562
|switch|p2a: Skarmory|Skarmory, M|81/100
|-damage|p2a: Skarmory|68/100|[from] Stealth Rock
|move|p1a: Clefable|Soft-Boiled|p1a: Clefable
|-heal|p1a: Clefable|100/100
|
|upkeep
|turn|53
|
|t:|1659088566
|move|p2a: Skarmory|Toxic|p1a: Clefable
|-status|p1a: Clefable|tox
|move|p1a: Clefable|Moonblast|p2a: Skarmory
|-resisted|p2a: Skarmory
|-damage|p2a: Skarmory|47/100
|
|upkeep
|turn|54
|
|t:|1659088568
|move|p2a: Skarmory|Toxic|p1a: Clefable
|-fail|p1a: Clefable|tox
|move|p1a: Clefable|Moonblast|p2a: Skarmory
|-resisted|p2a: Skarmory
|-damage|p2a: Skarmory|26/100
|
|-fieldend|move: Electric Terrain
|upkeep
|turn|55
|
|t:|1659088571
|move|p2a: Skarmory|Roost|p2a: Skarmory
|-heal|p2a: Skarmory|76/100
|-singleturn|p2a: Skarmory|move: Roost
|move|p1a: Clefable|Moonblast|p2a: Skarmory
|-resisted|p2a: Skarmory
|-damage|p2a: Skarmory|53/100
|
|upkeep
|turn|56
|
|t:|1659088573
|move|p2a: Skarmory|Roost|p2a: Skarmory
|-heal|p2a: Skarmory|100/100
|-singleturn|p2a: Skarmory|move: Roost
|move|p1a: Clefable|Moonblast|p2a: Skarmory
|-resisted|p2a: Skarmory
|-damage|p2a: Skarmory|80/100
|-unboost|p2a: Skarmory|spa|1
|
|upkeep
|turn|57
|j| Ran Kob
|
|t:|1659088578
|move|p2a: Skarmory|Toxic|p1a: Clefable
|-fail|p1a: Clefable|tox
|move|p1a: Clefable|Moonblast|p2a: Skarmory
|-resisted|p2a: Skarmory
|-damage|p2a: Skarmory|60/100
|
|upkeep
|turn|58
|
|t:|1659088580
|move|p2a: Skarmory|Roost|p2a: Skarmory
|-heal|p2a: Skarmory|100/100
|-singleturn|p2a: Skarmory|move: Roost
|move|p1a: Clefable|Knock Off|p2a: Skarmory
|-damage|p2a: Skarmory|95/100
|
|upkeep
|turn|59
|
|t:|1659088582
|move|p2a: Skarmory|Body Press|p1a: Clefable
|-resisted|p1a: Clefable
|-damage|p1a: Clefable|87/100 tox
|move|p1a: Clefable|Knock Off|p2a: Skarmory
|-damage|p2a: Skarmory|88/100
|
|upkeep
|turn|60
|
|t:|1659088585
|move|p2a: Skarmory|Body Press|p1a: Clefable
|-resisted|p1a: Clefable
|-damage|p1a: Clefable|73/100 tox
|move|p1a: Clefable|Moonblast|p2a: Skarmory
|-resisted|p2a: Skarmory
|-damage|p2a: Skarmory|67/100
|
|upkeep
|turn|61
|
|t:|1659088587
|switch|p2a: Heatran|Heatran, F|76/100
|-damage|p2a: Heatran|64/100|[from] Stealth Rock
|-damage|p2a: Heatran|52/100|[from] Spikes
|switch|p1a: Zapdos|Zapdos|94/100
|-ability|p1a: Zapdos|Pressure
|
|upkeep
|turn|62
|
|t:|1659088590
|move|p1a: Zapdos|Volt Switch|p2a: Heatran
|-damage|p2a: Heatran|33/100
|l| uu12a gold
|
|t:|1659088603
|switch|p1a: Quagsire|Quagsire, F|97/100|[from]move: Volt Switch
|-damage|p1a: Quagsire|72/100|[from] Spikes
|-damage|p1a: Quagsire|66/100|[from] Stealth Rock
|move|p2a: Heatran|Magma Storm|p1a: Quagsire
|-resisted|p1a: Quagsire
|-damage|p1a: Quagsire|44/100
|-activate|p1a: Quagsire|move: Magma Storm|[of] p2a: Heatran
|
|-heal|p1a: Quagsire|50/100|[from] item: Leftovers
|-damage|p1a: Quagsire|38/100|[from] move: Magma Storm|[partiallytrapped]
|upkeep
|turn|63
|
|t:|1659088610
|move|p2a: Heatran|Taunt|p1a: Quagsire
|-start|p1a: Quagsire|move: Taunt
|cant|p1a: Quagsire|move: Taunt|Recover
|
|-heal|p1a: Quagsire|44/100|[from] item: Leftovers
|-damage|p1a: Quagsire|32/100|[from] move: Magma Storm|[partiallytrapped]
|upkeep
|turn|64
|
|t:|1659088616
|move|p2a: Heatran|Earth Power|p1a: Quagsire
|-damage|p1a: Quagsire|2/100
|move|p1a: Quagsire|Earthquake|p2a: Heatran
|-supereffective|p2a: Heatran
|-damage|p2a: Heatran|0 fnt
|faint|p2a: Heatran
|
|-heal|p1a: Quagsire|8/100|[from] item: Leftovers
|-end|p1a: Quagsire|Magma Storm|[partiallytrapped]|[silent]
|upkeep
|j| LT91BB forever
|j| Alain Ledon
|
|t:|1659088634
|switch|p2a: Tornadus|Tornadus-Therian, M|64/100
|-damage|p2a: Tornadus|39/100|[from] Stealth Rock
|turn|65
|
|t:|1659088639
|switch|p1a: Toxapex|Toxapex, M|99/100
|-damage|p1a: Toxapex|75/100|[from] Spikes
|-damage|p1a: Toxapex|63/100|[from] Stealth Rock
|move|p2a: Tornadus|U-turn|p1a: Toxapex
|-resisted|p1a: Toxapex
|-damage|p1a: Toxapex|57/100
|
|t:|1659088642
|switch|p2a: Tapu Koko|Tapu Koko|100/100|[from]move: U-turn
|-fieldstart|move: Electric Terrain|[from] ability: Electric Surge|[of] p2a: Tapu Koko
|
|upkeep
|turn|66
|
|t:|1659088646
|switch|p1a: Quagsire|Quagsire, F|8/100
|-damage|p1a: Quagsire|0 fnt|[from] Spikes
|faint|p1a: Quagsire
|move|p2a: Tapu Koko|Thunderbolt|p1: Quagsire|[notarget]
|-fail|p2a: Tapu Koko
|
|upkeep
|
|t:|1659088647
|switch|p1a: Clefable|Clefable, M|73/100 tox
|turn|67
|
|t:|1659088682
|move|p2a: Tapu Koko|Calm Mind|p2a: Tapu Koko
|-boost|p2a: Tapu Koko|spa|1
|-boost|p2a: Tapu Koko|spd|1
|move|p1a: Clefable|Soft-Boiled|p1a: Clefable
|-heal|p1a: Clefable|100/100 tox
|
|upkeep
|turn|68
|
|t:|1659088688
|move|p2a: Tapu Koko|Thunderbolt|p1a: Clefable
|-damage|p1a: Clefable|47/100 tox
|move|p1a: Clefable|Moonblast|p2a: Tapu Koko
|-damage|p2a: Tapu Koko|68/100
|
|upkeep
|turn|69
|
|t:|1659088693
|switch|p1a: Bronzong|Bronzong|55/100
|-damage|p1a: Bronzong|49/100|[from] Stealth Rock
|move|p2a: Tapu Koko|Calm Mind|p2a: Tapu Koko
|-boost|p2a: Tapu Koko|spa|1
|-boost|p2a: Tapu Koko|spd|1
|
|-heal|p1a: Bronzong|55/100|[from] item: Leftovers
|-fieldend|move: Electric Terrain
|upkeep
|turn|70
|
|t:|1659088698
|switch|p2a: Skarmory|Skarmory, M|67/100
|-damage|p2a: Skarmory|55/100|[from] Stealth Rock
|move|p1a: Bronzong|Toxic|p2a: Skarmory
|-immune|p2a: Skarmory
|
|-heal|p1a: Bronzong|61/100|[from] item: Leftovers
|upkeep
|turn|71
|
|t:|1659088703
|move|p1a: Bronzong|Protect|p1a: Bronzong
|-singleturn|p1a: Bronzong|Protect
|move|p2a: Skarmory|Roost|p2a: Skarmory
|-heal|p2a: Skarmory|100/100
|-singleturn|p2a: Skarmory|move: Roost
|
|-heal|p1a: Bronzong|67/100|[from] item: Leftovers
|upkeep
|turn|72
|
|t:|1659088708
|switch|p1a: Clefable|Clefable, M|47/100 tox
|move|p2a: Skarmory|Toxic|p1a: Clefable
|-fail|p1a: Clefable|tox
|
|upkeep
|turn|73
|l| Alain Ledon
|
|t:|1659088726
|move|p2a: Skarmory|Body Press|p1a: Clefable
|-resisted|p1a: Clefable
|-damage|p1a: Clefable|33/100 tox
|move|p1a: Clefable|Soft-Boiled|p1a: Clefable
|-heal|p1a: Clefable|83/100 tox
|
|upkeep
|turn|74
|
|t:|1659088731
|move|p2a: Skarmory|Toxic|p1a: Clefable|[miss]
|-miss|p2a: Skarmory|p1a: Clefable
|move|p1a: Clefable|Soft-Boiled|p1a: Clefable
|-heal|p1a: Clefable|100/100 tox
|
|upkeep
|turn|75
|
|t:|1659088738
|move|p2a: Skarmory|Body Press|p1a: Clefable
|-resisted|p1a: Clefable
|-damage|p1a: Clefable|85/100 tox
|move|p1a: Clefable|Knock Off|p2a: Skarmory
|-damage|p2a: Skarmory|95/100
|
|upkeep
|turn|76
|l| ownerfloor
|
|t:|1659088742
|move|p2a: Skarmory|Toxic|p1a: Clefable
|-fail|p1a: Clefable|tox
|move|p1a: Clefable|Knock Off|p2a: Skarmory
|-damage|p2a: Skarmory|89/100
|
|upkeep
|turn|77
|
|t:|1659088744
|move|p2a: Skarmory|Body Press|p1a: Clefable
|-resisted|p1a: Clefable
|-damage|p1a: Clefable|70/100 tox
|move|p1a: Clefable|Moonblast|p2a: Skarmory
|-resisted|p2a: Skarmory
|-damage|p2a: Skarmory|69/100
|
|upkeep
|turn|78
|l| Ran Kob
|
|t:|1659088746
|move|p2a: Skarmory|Spikes||[still]
|-fail|p2a: Skarmory
|move|p1a: Clefable|Soft-Boiled|p1a: Clefable
|-heal|p1a: Clefable|100/100 tox
|
|upkeep
|turn|79
|
|t:|1659088749
|move|p2a: Skarmory|Roost|p2a: Skarmory
|-heal|p2a: Skarmory|100/100
|-singleturn|p2a: Skarmory|move: Roost
|move|p1a: Clefable|Moonblast|p2a: Skarmory
|-resisted|p2a: Skarmory
|-damage|p2a: Skarmory|79/100
|-unboost|p2a: Skarmory|spa|1
|
|upkeep
|turn|80
|
|t:|1659088754
|switch|p1a: Toxapex|Toxapex, M|90/100
|-damage|p1a: Toxapex|65/100|[from] Spikes
|-damage|p1a: Toxapex|53/100|[from] Stealth Rock
|move|p2a: Skarmory|Spikes||[still]
|-fail|p2a: Skarmory
|
|upkeep
|turn|81
|
|t:|1659088757
|move|p2a: Skarmory|Toxic|p1a: Toxapex
|-immune|p1a: Toxapex
|move|p1a: Toxapex|Recover|p1a: Toxapex
|-heal|p1a: Toxapex|100/100
|
|upkeep
|turn|82
|
|t:|1659088759
|move|p2a: Skarmory|Roost|p2a: Skarmory
|-heal|p2a: Skarmory|100/100
|-singleturn|p2a: Skarmory|move: Roost
|move|p1a: Toxapex|Toxic Spikes|p2a: Skarmory
|-sidestart|p2: LT91BB PDC|move: Toxic Spikes
|
|upkeep
|turn|83
|
|t:|1659088761
|switch|p2a: Tornadus|Tornadus-Therian, M|73/100
|-damage|p2a: Tornadus|48/100|[from] Stealth Rock
|move|p1a: Toxapex|Toxic Spikes||[still]
|-fail|p1a: Toxapex
|
|-damage|p2a: Tornadus|35/100|[from] item: Sticky Barb
|upkeep
|turn|84
|
|t:|1659088767
|move|p2a: Tornadus|Hurricane|p1a: Toxapex
|-damage|p1a: Toxapex|75/100
|move|p1a: Toxapex|Toxic Spikes||[still]
|-fail|p1a: Toxapex
|
|-damage|p2a: Tornadus|23/100|[from] item: Sticky Barb
|upkeep
|turn|85
|
|t:|1659088771
|move|p2a: Tornadus|U-turn|p1a: Toxapex
|-resisted|p1a: Toxapex
|-damage|p1a: Toxapex|70/100
|
|t:|1659088773
|switch|p2a: Skarmory|Skarmory, M|100/100|[from]move: U-turn
|-damage|p2a: Skarmory|88/100|[from] Stealth Rock
|move|p1a: Toxapex|Recover|p1a: Toxapex
|-heal|p1a: Toxapex|100/100
|
|upkeep
|turn|86
|
|t:|1659088775
|move|p2a: Skarmory|Spikes||[still]
|-fail|p2a: Skarmory
|move|p1a: Toxapex|Toxic Spikes||[still]
|-fail|p1a: Toxapex
|
|upkeep
|turn|87
|
|t:|1659088777
|switch|p2a: Tornadus|Tornadus-Therian, M|56/100
|-damage|p2a: Tornadus|31/100|[from] Stealth Rock
|move|p1a: Toxapex|Toxic Spikes||[still]
|-fail|p1a: Toxapex
|
|-damage|p2a: Tornadus|19/100|[from] item: Sticky Barb
|upkeep
|turn|88
|
|t:|1659088782
|move|p2a: Tornadus|U-turn|p1a: Toxapex
|-resisted|p1a: Toxapex
|-damage|p1a: Toxapex|95/100
|
|t:|1659088784
|switch|p2a: Skarmory|Skarmory, M|88/100|[from]move: U-turn
|-damage|p2a: Skarmory|76/100|[from] Stealth Rock
|move|p1a: Toxapex|Toxic Spikes||[still]
|-fail|p1a: Toxapex
|
|upkeep
|turn|89
|
|t:|1659088786
|switch|p1a: Zapdos|Zapdos|94/100
|-ability|p1a: Zapdos|Pressure
|move|p2a: Skarmory|Spikes||[still]
|-fail|p2a: Skarmory
|
|upkeep
|turn|90
|
|t:|1659088788
|switch|p2a: Tapu Koko|Tapu Koko|68/100
|-fieldstart|move: Electric Terrain|[from] ability: Electric Surge|[of] p2a: Tapu Koko
|move|p1a: Zapdos|Volt Switch|p2a: Tapu Koko
|-resisted|p2a: Tapu Koko
|-damage|p2a: Tapu Koko|47/100
|
|t:|1659088794
|switch|p1a: Bronzong|Bronzong|67/100|[from]move: Volt Switch
|-damage|p1a: Bronzong|61/100|[from] Stealth Rock
|
|-heal|p1a: Bronzong|67/100|[from] item: Leftovers
|upkeep
|turn|91
|
|t:|1659088796
|switch|p2a: Skarmory|Skarmory, M|76/100
|-damage|p2a: Skarmory|64/100|[from] Stealth Rock
|move|p1a: Bronzong|Toxic|p2a: Skarmory
|-immune|p2a: Skarmory
|
|-heal|p1a: Bronzong|74/100|[from] item: Leftovers
|upkeep
|turn|92
|
|t:|1659088798
|move|p2a: Skarmory|Roost|p2a: Skarmory
|-heal|p2a: Skarmory|100/100
|-singleturn|p2a: Skarmory|move: Roost
|move|p1a: Bronzong|Toxic|p2a: Skarmory
|-immune|p2a: Skarmory
|
|-heal|p1a: Bronzong|80/100|[from] item: Leftovers
|upkeep
|turn|93
|
|t:|1659088803
|move|p1a: Bronzong|Protect|p1a: Bronzong
|-singleturn|p1a: Bronzong|Protect
|move|p2a: Skarmory|Body Press|p1a: Bronzong
|-activate|p1a: Bronzong|move: Protect
|
|-heal|p1a: Bronzong|86/100|[from] item: Leftovers
|upkeep
|turn|94
|
|t:|1659088808
|switch|p2a: Tornadus|Tornadus-Therian, M|52/100
|-damage|p2a: Tornadus|27/100|[from] Stealth Rock
|switch|p1a: Toxapex|Toxapex, M|100/100
|-damage|p1a: Toxapex|76/100|[from] Spikes
|-damage|p1a: Toxapex|64/100|[from] Stealth Rock
|
|-fieldend|move: Electric Terrain
|-damage|p2a: Tornadus|14/100|[from] item: Sticky Barb
|upkeep
|turn|95
|
|t:|1659088810
|move|p2a: Tornadus|U-turn|p1a: Toxapex
|-resisted|p1a: Toxapex
|-damage|p1a: Toxapex|58/100
|
|t:|1659088812
|switch|p2a: Tapu Koko|Tapu Koko|47/100|[from]move: U-turn
|-fieldstart|move: Electric Terrain|[from] ability: Electric Surge|[of] p2a: Tapu Koko
|move|p1a: Toxapex|Recover|p1a: Toxapex
|-heal|p1a: Toxapex|100/100
|
|upkeep
|turn|96
|
|t:|1659088815
|move|p2a: Tapu Koko|Roost|p2a: Tapu Koko
|-heal|p2a: Tapu Koko|97/100
|-singleturn|p2a: Tapu Koko|move: Roost
|move|p1a: Toxapex|Toxic|p2a: Tapu Koko
|-status|p2a: Tapu Koko|tox
|
|-damage|p2a: Tapu Koko|91/100 tox|[from] psn
|upkeep
|turn|97
|
|t:|1659088820
|switch|p1a: Clefable|Clefable, M|100/100 tox
|move|p2a: Tapu Koko|Thunderbolt|p1a: Clefable
|-damage|p1a: Clefable|62/100 tox
|
|-damage|p2a: Tapu Koko|79/100 tox|[from] psn
|upkeep
|turn|98
|
|t:|1659088822
|move|p2a: Tapu Koko|Thunderbolt|p1a: Clefable
|-damage|p1a: Clefable|23/100 tox
|move|p1a: Clefable|Soft-Boiled|p1a: Clefable
|-heal|p1a: Clefable|73/100 tox
|
|-damage|p2a: Tapu Koko|60/100 tox|[from] psn
|upkeep
|turn|99
|
|t:|1659088824
|move|p2a: Tapu Koko|Thunderbolt|p1a: Clefable
|-damage|p1a: Clefable|33/100 tox
|move|p1a: Clefable|Soft-Boiled|p1a: Clefable
|-heal|p1a: Clefable|83/100 tox
|
|-damage|p2a: Tapu Koko|36/100 tox|[from] psn
|-fieldend|move: Electric Terrain
|upkeep
|turn|100
|
|t:|1659088827
|move|p2a: Tapu Koko|Thunderbolt|p1a: Clefable
|-crit|p1a: Clefable
|-damage|p1a: Clefable|35/100 tox
|move|p1a: Clefable|Moonblast|p2a: Tapu Koko
|-damage|p2a: Tapu Koko|0 fnt
|faint|p2a: Tapu Koko
|
|upkeep
|
|t:|1659088834
|switch|p2a: Weavile|Weavile, M|100/100
|-ability|p2a: Weavile|Pressure
|turn|101
|l| greenandgrey77
|
|t:|1659088841
|move|p2a: Weavile|Swords Dance|p2a: Weavile
|-boost|p2a: Weavile|atk|2
|move|p1a: Clefable|Moonblast|p2a: Weavile
|-supereffective|p2a: Weavile
|-damage|p2a: Weavile|18/100
|
|upkeep
|turn|102
|
|t:|1659088844
|move|p2a: Weavile|Triple Axel|p1a: Clefable
|-damage|p1a: Clefable|16/100 tox
|-damage|p1a: Clefable|0 fnt
|faint|p1a: Clefable
|-hitcount|p1: Clefable|2
|
|upkeep
|
|t:|1659088845
|switch|p1a: Skarmory|Skarmory, M|94/100
|-damage|p1a: Skarmory|82/100|[from] Stealth Rock
|turn|103
|
|t:|1659088850
|move|p2a: Weavile|Triple Axel|p1a: Skarmory
|-damage|p1a: Skarmory|70/100
|-damage|p1a: Skarmory|46/100
|-damage|p1a: Skarmory|9/100
|-hitcount|p1a: Skarmory|3
|move|p1a: Skarmory|Body Press|p2a: Weavile
|-supereffective|p2a: Weavile
|-damage|p2a: Weavile|0 fnt
|faint|p2a: Weavile
|
|upkeep
|c|☆antarctozolt|gg
|c|☆LT91BB PDC|gg
|-message|LT91BB PDC forfeited.
|
|win|antarctozolt
|raw|antarctozolt's rating: 1955 &rarr; <strong>1967</strong><br />(+12 for winning)
|raw|LT91BB PDC's rating: 1813 &rarr; <strong>1801</strong><br />(-12 for losing)
|l|☆LT91BB PDC
