|j|☆ChandosH
|j|☆FvkboyCharmander
|t:|1667081348
|gametype|singles
|player|p1|ChandosH|n-masters|1791
|player|p2|FvkboyCharmander|2|1670
|teamsize|p1|6
|teamsize|p2|6
|gen|8
|tier|[Gen 8] OU
|rated|
|rule|Sleep Clause Mod: Limit one foe put to sleep
|rule|Species Clause: Limit one of each Pokémon
|rule|OHKO Clause: OHKO moves are banned
|rule|Evasion Items Clause: Evasion items are banned
|rule|Evasion Moves Clause: Evasion moves are banned
|rule|Endless Battle Clause: Forcing endless battles is banned
|rule|HP Percentage Mod: HP is shown in percentages
|rule|Dynamax Clause: You cannot dynamax
|clearpoke
|poke|p1|Toxapex, M|
|poke|p1|Skarmory, F|
|poke|p1|Clefable, F|
|poke|p1|Tapu Koko|
|poke|p1|Hippowdon, F|
|poke|p1|Reuniclus, M|
|poke|p2|Azumarill, M|
|poke|p2|Landorus-Therian, M|
|poke|p2|Rillaboom, F|
|poke|p2|Ninetales-Alola, F|
|poke|p2|Hawlucha, M|
|poke|p2|Blaziken, M|
|teampreview
|j| RazorForce21
|inactive|Battle timer is ON: inactive players will automatically lose when time's up. (requested by FvkboyCharmander)
|j| Kyurem
|
|t:|1667081418
|start
|switch|p1a: Tapu Koko|Tapu Koko|100/100
|switch|p2a: Blaziken|Blaziken, M|100/100
|-fieldstart|move: Electric Terrain|[from] ability: Electric Surge|[of] p1a: Tapu Koko
|turn|1
|
|t:|1667081435
|move|p1a: Tapu Koko|Dazzling Gleam|p2a: Blaziken
|-damage|p2a: Blaziken|47/100
|move|p2a: Blaziken|Earthquake|p1a: Tapu Koko
|-supereffective|p1a: Tapu Koko
|-damage|p1a: Tapu Koko|0 fnt
|faint|p1a: Tapu Koko
|-damage|p2a: Blaziken|37/100|[from] item: Life Orb
|
|-ability|p2a: Blaziken|Speed Boost|boost
|-boost|p2a: Blaziken|spe|1
|upkeep
|inactive|ChandosH has 120 seconds left.
|
|t:|1667081464
|switch|p1a: Toxapex|Toxapex, M|100/100
|turn|2
|inactive|ChandosH has 120 seconds left.
|
|t:|1667081470
|switch|p2a: Rillaboom|Rillaboom, F|100/100
|-fieldstart|move: Grassy Terrain|[from] ability: Grassy Surge|[of] p2a: Rillaboom
|move|p1a: Toxapex|Scald|p2a: Rillaboom
|-resisted|p2a: Rillaboom
|-damage|p2a: Rillaboom|89/100
|
|-heal|p2a: Rillaboom|95/100|[from] Grassy Terrain
|upkeep
|turn|3
|inactive|ChandosH has 120 seconds left.
|
|t:|1667081483
|move|p2a: Rillaboom|Swords Dance|p2a: Rillaboom
|-boost|p2a: Rillaboom|atk|2
|move|p1a: Toxapex|Knock Off|p2a: Rillaboom
|-crit|p2a: Rillaboom
|-damage|p2a: Rillaboom|71/100
|-enditem|p2a: Rillaboom|Life Orb|[from] move: Knock Off|[of] p1a: Toxapex
|
|-heal|p2a: Rillaboom|77/100|[from] Grassy Terrain
|upkeep
|turn|4
|inactive|ChandosH has 120 seconds left.
|
|t:|1667081501
|move|p2a: Rillaboom|High Horsepower|p1a: Toxapex
|-supereffective|p1a: Toxapex
|-damage|p1a: Toxapex|13/100
|-damage|p2a: Rillaboom|60/100|[from] item: Rocky Helmet|[of] p1a: Toxapex
|move|p1a: Toxapex|Haze|p1a: Toxapex
|-clearallboost
|
|-heal|p2a: Rillaboom|67/100|[from] Grassy Terrain
|-heal|p1a: Toxapex|19/100|[from] Grassy Terrain
|upkeep
|turn|5
|inactive|ChandosH has 120 seconds left.
|
|t:|1667081507
|switch|p2a: Blaziken|Blaziken, M|37/100
|switch|p1a: Skarmory|Skarmory, F|100/100
|
|-heal|p2a: Blaziken|43/100|[from] Grassy Terrain
|upkeep
|turn|6
|inactive|ChandosH has 120 seconds left.
|
|t:|1667081522
|switch|p1a: Toxapex|Toxapex, M|52/100
|move|p2a: Blaziken|Flare Blitz|p1a: Toxapex
|-resisted|p1a: Toxapex
|-damage|p1a: Toxapex|29/100
|-damage|p2a: Blaziken|26/100|[from] item: Rocky Helmet|[of] p1a: Toxapex
|-damage|p2a: Blaziken|19/100|[from] Recoil
|-damage|p2a: Blaziken|9/100|[from] item: Life Orb
|
|-heal|p2a: Blaziken|15/100|[from] Grassy Terrain
|-heal|p1a: Toxapex|36/100|[from] Grassy Terrain
|-fieldend|move: Grassy Terrain
|-ability|p2a: Blaziken|Speed Boost|boost
|-boost|p2a: Blaziken|spe|1
|upkeep
|turn|7
|inactive|ChandosH has 120 seconds left.
|j| a jellyfish
|
|t:|1667081533
|switch|p1a: Hippowdon|Hippowdon, F|100/100
|-weather|Sandstorm|[from] ability: Sand Stream|[of] p1a: Hippowdon
|move|p2a: Blaziken|Earthquake|p1a: Hippowdon
|-damage|p1a: Hippowdon|68/100
|-damage|p2a: Blaziken|5/100|[from] item: Life Orb
|
|-weather|Sandstorm|[upkeep]
|-damage|p2a: Blaziken|0 fnt|[from] Sandstorm
|faint|p2a: Blaziken
|-heal|p1a: Hippowdon|74/100|[from] item: Leftovers
|upkeep
|
|t:|1667081541
|switch|p2a: Ninetales|Ninetales-Alola, F|100/100
|-weather|Hail|[from] ability: Snow Warning|[of] p2a: Ninetales
|turn|8
|l| a jellyfish
|
|t:|1667081547
|move|p2a: Ninetales|Aurora Veil|p2a: Ninetales
|-sidestart|p2: FvkboyCharmander|move: Aurora Veil
|move|p1a: Hippowdon|Stealth Rock|p2a: Ninetales
|-sidestart|p2: FvkboyCharmander|move: Stealth Rock
|
|-weather|Hail|[upkeep]
|-damage|p1a: Hippowdon|68/100|[from] Hail
|-heal|p1a: Hippowdon|74/100|[from] item: Leftovers
|upkeep
|turn|9
|inactive|ChandosH has 120 seconds left.
|
|t:|1667081575
|switch|p1a: Clefable|Clefable, F|100/100
|move|p2a: Ninetales|Toxic|p1a: Clefable
|-status|p1a: Clefable|tox
|
|-weather|Hail|[upkeep]
|upkeep
|turn|10
|j| BabyPigsAreLaughin
|
|t:|1667081590
|switch|p2a: Landorus|Landorus-Therian, M|100/100
|-damage|p2a: Landorus|88/100|[from] Stealth Rock
|-ability|p2a: Landorus|Intimidate|boost
|-unboost|p1a: Clefable|atk|1
|move|p1a: Clefable|Flamethrower|p2a: Landorus
|-damage|p2a: Landorus|75/100
|
|-weather|Hail|[upkeep]
|-damage|p2a: Landorus|69/100|[from] Hail
|upkeep
|turn|11
|
|t:|1667081614
|move|p2a: Landorus|Knock Off|p1a: Clefable
|-resisted|p1a: Clefable
|-damage|p1a: Clefable|86/100 tox
|-enditem|p1a: Clefable|Leftovers|[from] move: Knock Off|[of] p2a: Landorus
|move|p1a: Clefable|Moonblast|p2a: Landorus
|-damage|p2a: Landorus|48/100
|
|-weather|Hail|[upkeep]
|-damage|p2a: Landorus|42/100|[from] Hail
|upkeep
|turn|12
|
|t:|1667081618
|move|p2a: Landorus|Earthquake|p1a: Clefable
|-damage|p1a: Clefable|39/100 tox
|move|p1a: Clefable|Calm Mind|p1a: Clefable
|-boost|p1a: Clefable|spa|1
|-boost|p1a: Clefable|spd|1
|
|-weather|none
|upkeep
|turn|13
|
|t:|1667081631
|move|p2a: Landorus|Earthquake|p1a: Clefable
|-crit|p1a: Clefable
|-damage|p1a: Clefable|0 fnt
|faint|p1a: Clefable
|
|upkeep
|
|t:|1667081641
|switch|p1a: Skarmory|Skarmory, F|100/100
|turn|14
|
|t:|1667081645
|move|p2a: Landorus|Stealth Rock|p1a: Skarmory
|-sidestart|p1: ChandosH|move: Stealth Rock
|move|p1a: Skarmory|Spikes|p2a: Landorus
|-sidestart|p2: FvkboyCharmander|Spikes
|
|upkeep
|turn|15
|
|t:|1667081657
|switch|p2a: Ninetales|Ninetales-Alola, F|100/100
|-damage|p2a: Ninetales|75/100|[from] Stealth Rock
|-damage|p2a: Ninetales|63/100|[from] Spikes
|-weather|Hail|[from] ability: Snow Warning|[of] p2a: Ninetales
|move|p1a: Skarmory|Whirlwind|p2a: Ninetales
|drag|p2a: Landorus|Landorus-Therian, M|42/100
|-damage|p2a: Landorus|30/100|[from] Stealth Rock
|-ability|p2a: Landorus|Intimidate|boost
|-unboost|p1a: Skarmory|atk|1
|
|-weather|Hail|[upkeep]
|-damage|p2a: Landorus|23/100|[from] Hail
|-damage|p1a: Skarmory|95/100|[from] Hail
|-sideend|p2: FvkboyCharmander|move: Aurora Veil
|upkeep
|turn|16
|
|t:|1667081676
|switch|p2a: Hawlucha|Hawlucha, M|100/100
|-damage|p2a: Hawlucha|88/100|[from] Stealth Rock
|move|p1a: Skarmory|Body Press|p2a: Hawlucha
|-resisted|p2a: Hawlucha
|-damage|p2a: Hawlucha|71/100
|
|-weather|Hail|[upkeep]
|-damage|p2a: Hawlucha|65/100|[from] Hail
|-damage|p1a: Skarmory|89/100|[from] Hail
|upkeep
|turn|17
|
|t:|1667081681
|move|p2a: Hawlucha|Close Combat|p1a: Skarmory
|-damage|p1a: Skarmory|54/100
|-unboost|p2a: Hawlucha|def|1
|-unboost|p2a: Hawlucha|spd|1
|-damage|p2a: Hawlucha|48/100|[from] item: Rocky Helmet|[of] p1a: Skarmory
|move|p1a: Skarmory|Whirlwind|p2a: Hawlucha
|drag|p2a: Landorus|Landorus-Therian, M|23/100
|-damage|p2a: Landorus|11/100|[from] Stealth Rock
|-ability|p2a: Landorus|Intimidate|boost
|-unboost|p1a: Skarmory|atk|1
|
|-weather|Hail|[upkeep]
|-damage|p2a: Landorus|5/100|[from] Hail
|-damage|p1a: Skarmory|48/100|[from] Hail
|upkeep
|turn|18
|
|t:|1667081694
|move|p2a: Landorus|Knock Off|p1a: Skarmory
|-crit|p1a: Skarmory
|-damage|p1a: Skarmory|15/100
|-damage|p2a: Landorus|0 fnt|[from] item: Rocky Helmet|[of] p1a: Skarmory
|faint|p2a: Landorus
|move|p1a: Skarmory|Roost|p1a: Skarmory
|-heal|p1a: Skarmory|65/100
|-singleturn|p1a: Skarmory|move: Roost
|
|-weather|Hail|[upkeep]
|-damage|p1a: Skarmory|59/100|[from] Hail
|upkeep
|
|t:|1667081709
|switch|p2a: Ninetales|Ninetales-Alola, F|63/100
|-damage|p2a: Ninetales|38/100|[from] Stealth Rock
|-damage|p2a: Ninetales|25/100|[from] Spikes
|turn|19
|inactive|ChandosH has 120 seconds left.
|
|t:|1667081715
|switch|p1a: Hippowdon|Hippowdon, F|74/100
|-damage|p1a: Hippowdon|68/100|[from] Stealth Rock
|-weather|Sandstorm|[from] ability: Sand Stream|[of] p1a: Hippowdon
|move|p2a: Ninetales|Freeze-Dry|p1a: Hippowdon
|-supereffective|p1a: Hippowdon
|-damage|p1a: Hippowdon|30/100
|
|-weather|Sandstorm|[upkeep]
|-damage|p2a: Ninetales|19/100|[from] Sandstorm
|-heal|p1a: Hippowdon|36/100|[from] item: Leftovers
|upkeep
|turn|20
|j| Pullaya
|inactive|ChandosH has 120 seconds left.
|
|t:|1667081726
|switch|p1a: Reuniclus|Reuniclus, M|100/100
|move|p2a: Ninetales|Freeze-Dry|p1a: Reuniclus
|-damage|p1a: Reuniclus|76/100
|
|-weather|Sandstorm|[upkeep]
|-damage|p2a: Ninetales|13/100|[from] Sandstorm
|-heal|p1a: Reuniclus|82/100|[from] item: Leftovers
|upkeep
|turn|21
|inactive|ChandosH has 120 seconds left.
|
|t:|1667081739
|move|p2a: Ninetales|Moonblast|p1a: Reuniclus
|-damage|p1a: Reuniclus|51/100
|move|p1a: Reuniclus|Calm Mind|p1a: Reuniclus
|-boost|p1a: Reuniclus|spa|1
|-boost|p1a: Reuniclus|spd|1
|
|-weather|Sandstorm|[upkeep]
|-damage|p2a: Ninetales|7/100|[from] Sandstorm
|-heal|p1a: Reuniclus|57/100|[from] item: Leftovers
|upkeep
|turn|22
|
|t:|1667081743
|move|p2a: Ninetales|Moonblast|p1a: Reuniclus
|-crit|p1a: Reuniclus
|-damage|p1a: Reuniclus|6/100
|move|p1a: Reuniclus|Recover|p1a: Reuniclus
|-heal|p1a: Reuniclus|56/100
|
|-weather|Sandstorm|[upkeep]
|-damage|p2a: Ninetales|0 fnt|[from] Sandstorm
|faint|p2a: Ninetales
|-heal|p1a: Reuniclus|63/100|[from] item: Leftovers
|upkeep
|
|t:|1667081754
|switch|p2a: Rillaboom|Rillaboom, F|67/100
|-damage|p2a: Rillaboom|54/100|[from] Stealth Rock
|-damage|p2a: Rillaboom|42/100|[from] Spikes
|-fieldstart|move: Grassy Terrain|[from] ability: Grassy Surge|[of] p2a: Rillaboom
|turn|23
|
|t:|1667081766
|move|p2a: Rillaboom|Knock Off|p1a: Reuniclus
|-supereffective|p1a: Reuniclus
|-damage|p1a: Reuniclus|5/100
|-enditem|p1a: Reuniclus|Leftovers|[from] move: Knock Off|[of] p2a: Rillaboom
|move|p1a: Reuniclus|Recover|p1a: Reuniclus
|-heal|p1a: Reuniclus|55/100
|
|-weather|none
|-heal|p2a: Rillaboom|48/100|[from] Grassy Terrain
|-heal|p1a: Reuniclus|61/100|[from] Grassy Terrain
|upkeep
|turn|24
|l| Kyurem
|
|t:|1667081778
|move|p2a: Rillaboom|Swords Dance|p2a: Rillaboom
|-boost|p2a: Rillaboom|atk|2
|move|p1a: Reuniclus|Psyshock|p2a: Rillaboom
|-damage|p2a: Rillaboom|0 fnt
|faint|p2a: Rillaboom
|
|-heal|p1a: Reuniclus|67/100|[from] Grassy Terrain
|upkeep
|-message|FvkboyCharmander forfeited.
|
|win|ChandosH
|raw|ChandosH's rating: 1791 &rarr; <strong>1804</strong><br />(+13 for winning)
|raw|FvkboyCharmander's rating: 1670 &rarr; <strong>1657</strong><br />(-13 for losing)
|l|☆FvkboyCharmander
