|j|☆BillionthLadderAlt
|j|☆LT94JE Allistair
|t:|1667925397
|gametype|singles
|player|p1|BillionthLadderAlt|guitarist-gen4|1744
|player|p2|LT94JE Allistair|265|1769
|teamsize|p1|6
|teamsize|p2|6
|gen|8
|tier|[Gen 8] OU
|rated|
|rule|Sleep Clause Mod: Limit one foe put to sleep
|rule|Species Clause: Limit one of each Pokémon
|rule|OHKO Clause: OHKO moves are banned
|rule|Evasion Items Clause: Evasion items are banned
|rule|Evasion Moves Clause: Evasion moves are banned
|rule|Endless Battle Clause: Forcing endless battles is banned
|rule|HP Percentage Mod: HP is shown in percentages
|rule|Dynamax Clause: You cannot dynamax
|clearpoke
|poke|p1|Ninetales-Alola, F|
|poke|p1|Arctozolt|
|poke|p1|Blissey, F|
|poke|p1|Zapdos|
|poke|p1|Garchomp, F|
|poke|p1|Ferrothorn, M|
|poke|p2|Mew|
|poke|p2|Slurpuff, M|
|poke|p2|Vanilluxe, M|
|poke|p2|Jirachi|
|poke|p2|Kartana|
|poke|p2|Zapdos-Galar|
|teampreview
|inactive|Battle timer is ON: inactive players will automatically lose when time's up. (requested by BillionthLadderAlt)
|inactive|LT94JE Allistair has 120 seconds left.
|
|t:|1667925449
|start
|switch|p1a: Ninetales|Ninetales-Alola, F|100/100
|switch|p2a: Slurpuff|Slurpuff, M|100/100
|-weather|Hail|[from] ability: Snow Warning|[of] p1a: Ninetales
|turn|1
|j| westcottike
|j| cypherstest
|
|t:|1667925456
|move|p1a: Ninetales|Nasty Plot|p1a: Ninetales
|-boost|p1a: Ninetales|spa|2
|move|p2a: Slurpuff|Sticky Web|p1a: Ninetales
|-sidestart|p1: BillionthLadderAlt|move: Sticky Web
|
|-weather|Hail|[upkeep]
|-damage|p2a: Slurpuff|94/100|[from] Hail
|upkeep
|turn|2
|j| lalelosido
|inactive|BillionthLadderAlt has 120 seconds left.
|j| broked on bricks
|
|t:|1667925495
|move|p2a: Slurpuff|Magic Coat|p2a: Slurpuff
|-singleturn|p2a: Slurpuff|move: Magic Coat
|move|p1a: Ninetales|Blizzard|p2a: Slurpuff
|-damage|p2a: Slurpuff|0 fnt
|faint|p2a: Slurpuff
|
|-weather|Hail|[upkeep]
|upkeep
|j| bigmarvin
|inactive|LT94JE Allistair has 120 seconds left.
|
|t:|1667925528
|switch|p2a: Vanilluxe|Vanilluxe, M|100/100
|turn|3
|
|t:|1667925533
|move|p1a: Ninetales|Moonblast|p2a: Vanilluxe
|-damage|p2a: Vanilluxe|15/100
|move|p2a: Vanilluxe|Aurora Veil|p2a: Vanilluxe
|-sidestart|p2: LT94JE Allistair|move: Aurora Veil
|
|-weather|Hail|[upkeep]
|upkeep
|turn|4
|inactive|LT94JE Allistair has 120 seconds left.
|inactive|LT94JE Allistair has 90 seconds left.
|inactive|LT94JE Allistair has 60 seconds left.
|inactive|BillionthLadderAlt has 120 seconds left.
|
|t:|1667925618
|move|p1a: Ninetales|Encore|p2a: Vanilluxe
|-start|p2a: Vanilluxe|Encore
|move|p2a: Vanilluxe|Aurora Veil||[still]
|-fail|p2a: Vanilluxe
|
|-weather|Hail|[upkeep]
|upkeep
|turn|5
|
|t:|1667925627
|switch|p2a: Zapdos|Zapdos-Galar|100/100
|move|p1a: Ninetales|Nasty Plot|p1a: Ninetales
|-boost|p1a: Ninetales|spa|2
|
|-weather|Hail|[upkeep]
|-damage|p2a: Zapdos|94/100|[from] Hail
|upkeep
|turn|6
|inactive|BillionthLadderAlt has 120 seconds left.
|
|t:|1667925649
|move|p2a: Zapdos|Brave Bird|p1a: Ninetales
|-damage|p1a: Ninetales|5/100
|-damage|p2a: Zapdos|66/100|[from] Recoil
|move|p1a: Ninetales|Blizzard|p2a: Zapdos
|-supereffective|p2a: Zapdos
|-damage|p2a: Zapdos|0 fnt
|faint|p2a: Zapdos
|
|-weather|Hail|[upkeep]
|upkeep
|inactive|LT94JE Allistair has 60 seconds left.
|
|t:|1667925663
|switch|p2a: Kartana|Kartana|100/100
|turn|7
|
|t:|1667925666
|switch|p1a: Zapdos|Zapdos|100/100
|move|p2a: Kartana|Knock Off|p1a: Zapdos
|-damage|p1a: Zapdos|68/100
|-enditem|p1a: Zapdos|Heavy-Duty Boots|[from] move: Knock Off|[of] p2a: Kartana
|
|-weather|Hail|[upkeep]
|-damage|p2a: Kartana|94/100|[from] Hail
|-damage|p1a: Zapdos|62/100|[from] Hail
|upkeep
|turn|8
|
|t:|1667925675
|move|p2a: Kartana|Swords Dance|p2a: Kartana
|-boost|p2a: Kartana|atk|2
|move|p1a: Zapdos|Defog|p2a: Kartana
|-unboost|p2a: Kartana|evasion|1
|-sideend|p2: LT94JE Allistair|move: Aurora Veil
|-sideend|p1: BillionthLadderAlt|Sticky Web|[from] move: Defog|[of] p1a: Zapdos
|
|-weather|none
|upkeep
|turn|9
|
|t:|1667925678
|move|p2a: Kartana|Knock Off|p1a: Zapdos
|-damage|p1a: Zapdos|22/100
|move|p1a: Zapdos|Heat Wave|p2a: Kartana
|-supereffective|p2a: Kartana
|-damage|p2a: Kartana|0 fnt
|faint|p2a: Kartana
|
|upkeep
|
|t:|1667925683
|switch|p2a: Vanilluxe|Vanilluxe, M|15/100
|-weather|Hail|[from] ability: Snow Warning|[of] p2a: Vanilluxe
|turn|10
|
|t:|1667925691
|move|p2a: Vanilluxe|Aurora Veil|p2a: Vanilluxe
|-sidestart|p2: LT94JE Allistair|move: Aurora Veil
|move|p1a: Zapdos|Volt Switch|p2a: Vanilluxe
|-damage|p2a: Vanilluxe|0 fnt
|faint|p2a: Vanilluxe
|
|t:|1667925702
|switch|p1a: Arctozolt|Arctozolt|100/100|[from]move: Volt Switch
|
|-weather|Hail|[upkeep]
|upkeep
|
|t:|1667925708
|switch|p2a: Mew|Mew|100/100
|turn|11
|
|t:|1667925711
|move|p1a: Arctozolt|Bolt Beak|p2a: Mew
|-damage|p2a: Mew|57/100
|-damage|p1a: Arctozolt|91/100|[from] item: Life Orb
|move|p2a: Mew|Cosmic Power|p2a: Mew
|-boost|p2a: Mew|def|1
|-boost|p2a: Mew|spd|1
|
|-weather|Hail|[upkeep]
|-damage|p2a: Mew|51/100|[from] Hail
|upkeep
|turn|12
|
|t:|1667925717
|switch|p1a: Ninetales|Ninetales-Alola, F|5/100
|move|p2a: Mew|Roost|p2a: Mew
|-heal|p2a: Mew|100/100
|-singleturn|p2a: Mew|move: Roost
|
|-weather|Hail|[upkeep]
|-damage|p2a: Mew|94/100|[from] Hail
|upkeep
|turn|13
|
|t:|1667925721
|switch|p2a: Jirachi|Jirachi|100/100
|move|p1a: Ninetales|Encore||[still]
|-fail|p1a: Ninetales
|
|-weather|Hail|[upkeep]
|-damage|p2a: Jirachi|94/100|[from] Hail
|upkeep
|turn|14
|
|t:|1667925733
|switch|p1a: Zapdos|Zapdos|22/100
|move|p2a: Jirachi|Cosmic Power|p2a: Jirachi
|-boost|p2a: Jirachi|def|1
|-boost|p2a: Jirachi|spd|1
|
|-weather|none
|upkeep
|turn|15
|
|t:|1667925739
|move|p2a: Jirachi|Stored Power|p1a: Zapdos
|-damage|p1a: Zapdos|0 fnt
|faint|p1a: Zapdos
|
|upkeep
|
|t:|1667925746
|switch|p1a: Ninetales|Ninetales-Alola, F|5/100
|-weather|Hail|[from] ability: Snow Warning|[of] p1a: Ninetales
|turn|16
|
|t:|1667925754
|move|p1a: Ninetales|Encore|p2a: Jirachi
|-start|p2a: Jirachi|Encore
|move|p2a: Jirachi|Stored Power|p1a: Ninetales
|-damage|p1a: Ninetales|0 fnt
|faint|p1a: Ninetales
|
|-weather|Hail|[upkeep]
|-damage|p2a: Jirachi|88/100|[from] Hail
|upkeep
|
|t:|1667925756
|switch|p1a: Arctozolt|Arctozolt|91/100
|turn|17
|
|t:|1667925759
|move|p1a: Arctozolt|Bolt Beak|p2a: Jirachi
|-damage|p2a: Jirachi|57/100
|-damage|p1a: Arctozolt|81/100|[from] item: Life Orb
|move|p2a: Jirachi|Stored Power|p1a: Arctozolt
|-damage|p1a: Arctozolt|52/100
|
|-weather|Hail|[upkeep]
|-damage|p2a: Jirachi|51/100|[from] Hail
|-sideend|p2: LT94JE Allistair|move: Aurora Veil
|upkeep
|turn|18
|
|t:|1667925768
|move|p1a: Arctozolt|Bolt Beak|p2a: Jirachi
|-damage|p2a: Jirachi|0 fnt
|faint|p2a: Jirachi
|-damage|p1a: Arctozolt|42/100|[from] item: Life Orb
|
|-weather|Hail|[upkeep]
|upkeep
|
|t:|1667925774
|switch|p2a: Mew|Mew|94/100
|turn|19
|c|☆BillionthLadderAlt|dont pull up on ladder with this anymore noone likes playing vs this
|
|t:|1667925780
|move|p1a: Arctozolt|Bolt Beak|p2a: Mew
|-damage|p2a: Mew|12/100
|-damage|p1a: Arctozolt|32/100|[from] item: Life Orb
|move|p2a: Mew|Roost|p2a: Mew
|-heal|p2a: Mew|62/100
|-singleturn|p2a: Mew|move: Roost
|
|-weather|Hail|[upkeep]
|-damage|p2a: Mew|56/100|[from] Hail
|upkeep
|turn|20
|c|☆BillionthLadderAlt|gg
|c| bigmarvin|lol
|c|☆LT94JE Allistair|lmao
|inactive|LT94JE Allistair has 120 seconds left.
|l| bigmarvin
|c|☆LT94JE Allistair|do you think i care
|j| NinjaX4132
|inactive|LT94JE Allistair has 90 seconds left.
|c|☆BillionthLadderAlt|hey man, just telling you
|c|☆LT94JE Allistair|also speaking for ''anyone '' is pretty pathetic
|c|☆BillionthLadderAlt|mhmh
|j| Sober umbreon
|-message|LT94JE Allistair forfeited.
|
|win|BillionthLadderAlt
|raw|BillionthLadderAlt's rating: 1744 &rarr; <strong>1765</strong><br />(+21 for winning)
|raw|LT94JE Allistair's rating: 1769 &rarr; <strong>1748</strong><br />(-21 for losing)
|l|☆LT94JE Allistair
|c| broked on bricks|we got the ladder lieutenant
|c| NinjaX4132|YOOOOO LANFIDJRUNFID
|l| broked on bricks
|l| cypherstest
|c|☆BillionthLadderAlt|?
|l| westcottike
||Ladder isn't responding, score probably updated but might not have (Request timeout).
