|j|☆Loon999
|j|☆Adel19
|t:|1664945161
|gametype|singles
|player|p1|Loon999|emmet|1806
|player|p2|Adel19|101|1940
|teamsize|p1|6
|teamsize|p2|6
|gen|8
|tier|[Gen 8] OU
|rated|
|rule|Sleep Clause Mod: Limit one foe put to sleep
|rule|Species Clause: Limit one of each Pokémon
|rule|OHKO Clause: OHKO moves are banned
|rule|Evasion Items Clause: Evasion items are banned
|rule|Evasion Moves Clause: Evasion moves are banned
|rule|Endless Battle Clause: Forcing endless battles is banned
|rule|HP Percentage Mod: HP is shown in percentages
|rule|Dynamax Clause: You cannot dynamax
|clearpoke
|poke|p1|Clefable, F|
|poke|p1|Kartana|
|poke|p1|Hydreigon, M|
|poke|p1|Swampert, M|
|poke|p1|Slowking-Galar, M|
|poke|p1|Buzzwole|
|poke|p2|Landorus-Therian, M|
|poke|p2|Tapu Fini|
|poke|p2|Zapdos|
|poke|p2|Blissey, F|
|poke|p2|Kartana|
|poke|p2|Hydreigon, M|
|teampreview
|inactive|Battle timer is ON: inactive players will automatically lose when time's up. (requested by Adel19)
|
|t:|1664945193
|start
|switch|p1a: Gilbert|Swampert, M, shiny|100/100
|switch|p2a: Landorus|Landorus-Therian, M|100/100
|-ability|p2a: Landorus|Intimidate|boost
|-unboost|p1a: Gilbert|atk|1
|turn|1
|
|t:|1664945197
|move|p2a: Landorus|Earthquake|p1a: Gilbert
|-damage|p1a: Gilbert|35/100
|move|p1a: Gilbert|Avalanche|p2a: Landorus
|-supereffective|p2a: Landorus
|-damage|p2a: Landorus|0 fnt
|faint|p2a: Landorus
|
|-heal|p1a: Gilbert|41/100|[from] item: Leftovers
|upkeep
|
|t:|1664945204
|switch|p2a: Kartana|Kartana|100/100
|turn|2
|j| PANDA EXPRESS HR
|
|t:|1664945209
|switch|p1a: Buzz Swole|Buzzwole, shiny|100/100
|move|p2a: Kartana|Knock Off|p1a: Buzz Swole
|-resisted|p1a: Buzz Swole
|-damage|p1a: Buzz Swole|92/100
|-enditem|p1a: Buzz Swole|Rocky Helmet|[from] move: Knock Off|[of] p2a: Kartana
|
|upkeep
|turn|3
|j| jamel 1
|
|t:|1664945230
|switch|p2a: Tapu Fini|Tapu Fini|100/100
|-fieldstart|move: Misty Terrain|[from] ability: Misty Surge|[of] p2a: Tapu Fini
|move|p1a: Buzz Swole|Ice Punch|p2a: Tapu Fini
|-resisted|p2a: Tapu Fini
|-damage|p2a: Tapu Fini|91/100
|
|-heal|p2a: Tapu Fini|98/100|[from] item: Leftovers
|upkeep
|turn|4
|
|t:|1664945235
|switch|p1a: Slowking-Galaxy|Slowking-Galar, M|100/100
|move|p2a: Tapu Fini|Moonblast|p1a: Slowking-Galaxy
|-resisted|p1a: Slowking-Galaxy
|-damage|p1a: Slowking-Galaxy|92/100
|-unboost|p1a: Slowking-Galaxy|spa|1
|
|-heal|p2a: Tapu Fini|100/100|[from] item: Leftovers
|upkeep
|turn|5
|
|t:|1664945240
|switch|p2a: Blissey|Blissey, F|100/100
|move|p1a: Slowking-Galaxy|Future Sight|p2a: Blissey
|-start|p1a: Slowking-Galaxy|move: Future Sight
|
|upkeep
|turn|6
|
|t:|1664945244
|switch|p1a: Buzz Swole|Buzzwole, shiny|92/100
|move|p2a: Blissey|Stealth Rock|p1a: Buzz Swole
|-sidestart|p1: Loon999|move: Stealth Rock
|
|upkeep
|turn|7
|j| gdvtfvtgh
|inactive|Adel19 has 120 seconds left.
|
|t:|1664945276
|move|p1a: Buzz Swole|Close Combat|p2a: Blissey
|-supereffective|p2a: Blissey
|-crit|p2a: Blissey
|-damage|p2a: Blissey|0 fnt
|-unboost|p1a: Buzz Swole|def|1
|-unboost|p1a: Buzz Swole|spd|1
|faint|p2a: Blissey
|-ability|p1a: Buzz Swole|Beast Boost|boost
|-boost|p1a: Buzz Swole|atk|1
|
|-hint|Future Sight did not hit because the target is fainted.
|-fieldend|Misty Terrain
|upkeep
|
|t:|1664945279
|switch|p2a: Zapdos|Zapdos|100/100
|turn|8
|
|t:|1664945299
|switch|p1a: Slowking-Galaxy|Slowking-Galar, M|100/100
|-damage|p1a: Slowking-Galaxy|88/100|[from] Stealth Rock
|move|p2a: Zapdos|Hurricane|p1a: Slowking-Galaxy
|-damage|p1a: Slowking-Galaxy|65/100
|
|upkeep
|turn|9
|j| FunHaver3000
|inactive|Loon999 has 120 seconds left.
|
|t:|1664945334
|move|p2a: Zapdos|Volt Switch|p1a: Slowking-Galaxy
|-damage|p1a: Slowking-Galaxy|51/100
|l|☆Loon999
|inactive|Loon999 disconnected and has a minute to reconnect!
|player|p1|
|
|t:|1664945336
|switch|p2a: Hydreigon|Hydreigon, M|100/100|[from]move: Volt Switch
|move|p1a: Slowking-Galaxy|Future Sight|p2a: Hydreigon
|-start|p1a: Slowking-Galaxy|move: Future Sight
|
|upkeep
|turn|10
|l| jamel 1
|j|☆Loon999
|inactive|Loon999 reconnected and has 120 seconds left.
|player|p1|Loon999|emmet
|l| PANDA EXPRESS HR
|
|t:|1664945349
|switch|p1a: Clefooble|Clefable, F, shiny|100/100
|-damage|p1a: Clefooble|88/100|[from] Stealth Rock
|move|p2a: Hydreigon|Flash Cannon|p1a: Clefooble
|-supereffective|p1a: Clefooble
|-damage|p1a: Clefooble|31/100
|
|-heal|p1a: Clefooble|37/100|[from] item: Leftovers
|upkeep
|turn|11
|inactive|Loon999 has 120 seconds left.
|j| Palladiawa A
|
|t:|1664945366
|switch|p1a: Gilbert|Swampert, M, shiny|41/100
|-damage|p1a: Gilbert|35/100|[from] Stealth Rock
|move|p2a: Hydreigon|Flash Cannon|p1a: Gilbert
|-resisted|p1a: Gilbert
|-damage|p1a: Gilbert|17/100
|-unboost|p1a: Gilbert|spd|1
|
|-end|p2a: Hydreigon|move: Future Sight
|-immune|p2a: Hydreigon
|-heal|p1a: Gilbert|24/100|[from] item: Leftovers
|upkeep
|turn|12
|
|t:|1664945373
|move|p2a: Hydreigon|Flash Cannon|p1a: Gilbert
|-resisted|p1a: Gilbert
|-damage|p1a: Gilbert|0 fnt
|faint|p1a: Gilbert
|
|upkeep
|
|t:|1664945375
|switch|p1a: Hydration|Hydreigon, M, shiny|100/100
|-damage|p1a: Hydration|88/100|[from] Stealth Rock
|turn|13
|
|t:|1664945377
|switch|p2a: Tapu Fini|Tapu Fini|100/100
|-fieldstart|move: Misty Terrain|[from] ability: Misty Surge|[of] p2a: Tapu Fini
|move|p1a: Hydration|Dark Pulse|p2a: Tapu Fini
|-resisted|p2a: Tapu Fini
|-damage|p2a: Tapu Fini|82/100
|
|-heal|p1a: Hydration|94/100|[from] item: Leftovers
|-heal|p2a: Tapu Fini|88/100|[from] item: Leftovers
|upkeep
|turn|14
|
|t:|1664945384
|switch|p1a: Slowking-Galaxy|Slowking-Galar, M|84/100
|-damage|p1a: Slowking-Galaxy|72/100|[from] Stealth Rock
|switch|p2a: Hydreigon|Hydreigon, M|100/100
|
|upkeep
|turn|15
|
|t:|1664945399
|move|p2a: Hydreigon|Dark Pulse|p1a: Slowking-Galaxy
|-supereffective|p1a: Slowking-Galaxy
|-damage|p1a: Slowking-Galaxy|12/100
|cant|p1a: Slowking-Galaxy|flinch
|
|upkeep
|turn|16
|
|t:|1664945408
|switch|p1a: Hydration|Hydreigon, M, shiny|94/100
|-damage|p1a: Hydration|82/100|[from] Stealth Rock
|move|p2a: Hydreigon|Dark Pulse|p1a: Hydration
|-resisted|p1a: Hydration
|-damage|p1a: Hydration|51/100
|
|-heal|p1a: Hydration|57/100|[from] item: Leftovers
|upkeep
|turn|17
|
|t:|1664945415
|switch|p2a: Tapu Fini|Tapu Fini|88/100
|move|p1a: Hydration|Roost|p1a: Hydration
|-heal|p1a: Hydration|100/100
|-singleturn|p1a: Hydration|move: Roost
|
|-heal|p2a: Tapu Fini|94/100|[from] item: Leftovers
|-fieldend|Misty Terrain
|upkeep
|turn|18
|
|t:|1664945421
|switch|p1a: Slowking-Galaxy|Slowking-Galar, M|45/100
|-damage|p1a: Slowking-Galaxy|32/100|[from] Stealth Rock
|move|p2a: Tapu Fini|Calm Mind|p2a: Tapu Fini
|-boost|p2a: Tapu Fini|spa|1
|-boost|p2a: Tapu Fini|spd|1
|
|-heal|p2a: Tapu Fini|99/100|[from] item: Leftovers
|upkeep
|turn|19
|
|t:|1664945424
|move|p2a: Tapu Fini|Surf|p1a: Slowking-Galaxy
|-damage|p1a: Slowking-Galaxy|7/100
|move|p1a: Slowking-Galaxy|Sludge Wave|p2a: Tapu Fini
|-supereffective|p2a: Tapu Fini
|-damage|p2a: Tapu Fini|48/100
|
|-heal|p2a: Tapu Fini|54/100|[from] item: Leftovers
|upkeep
|turn|20
|
|t:|1664945435
|move|p2a: Tapu Fini|Moonblast|p1a: Slowking-Galaxy
|-resisted|p1a: Slowking-Galaxy
|-damage|p1a: Slowking-Galaxy|0 fnt
|faint|p1a: Slowking-Galaxy
|
|-heal|p2a: Tapu Fini|60/100|[from] item: Leftovers
|upkeep
|
|t:|1664945436
|switch|p1a: Clefooble|Clefable, F, shiny|37/100
|-damage|p1a: Clefooble|24/100|[from] Stealth Rock
|turn|21
|
|t:|1664945439
|move|p1a: Clefooble|Protect|p1a: Clefooble
|-singleturn|p1a: Clefooble|Protect
|move|p2a: Tapu Fini|Moonblast|p1a: Clefooble
|-activate|p1a: Clefooble|move: Protect
|
|-heal|p2a: Tapu Fini|66/100|[from] item: Leftovers
|-heal|p1a: Clefooble|30/100|[from] item: Leftovers
|upkeep
|turn|22
|
|t:|1664945442
|move|p2a: Tapu Fini|Moonblast|p1a: Clefooble
|-damage|p1a: Clefooble|5/100
|move|p1a: Clefooble|Wish|p1a: Clefooble
|
|-heal|p2a: Tapu Fini|72/100|[from] item: Leftovers
|-heal|p1a: Clefooble|11/100|[from] item: Leftovers
|upkeep
|turn|23
|
|t:|1664945450
|move|p1a: Clefooble|Protect|p1a: Clefooble
|-singleturn|p1a: Clefooble|Protect
|move|p2a: Tapu Fini|Calm Mind|p2a: Tapu Fini
|-boost|p2a: Tapu Fini|spa|1
|-boost|p2a: Tapu Fini|spd|1
|
|-heal|p1a: Clefooble|61/100|[from] move: Wish|[wisher] Clefooble
|-heal|p2a: Tapu Fini|78/100|[from] item: Leftovers
|-heal|p1a: Clefooble|67/100|[from] item: Leftovers
|upkeep
|turn|24
|
|t:|1664945452
|move|p2a: Tapu Fini|Taunt|p1a: Clefooble
|-start|p1a: Clefooble|move: Taunt
|cant|p1a: Clefooble|move: Taunt|Wish
|
|-heal|p2a: Tapu Fini|84/100|[from] item: Leftovers
|-heal|p1a: Clefooble|73/100|[from] item: Leftovers
|upkeep
|turn|25
|
|t:|1664945455
|move|p2a: Tapu Fini|Moonblast|p1a: Clefooble
|-damage|p1a: Clefooble|51/100
|move|p1a: Clefooble|Moonblast|p2a: Tapu Fini
|-damage|p2a: Tapu Fini|61/100
|
|-heal|p2a: Tapu Fini|67/100|[from] item: Leftovers
|-heal|p1a: Clefooble|57/100|[from] item: Leftovers
|upkeep
|turn|26
|
|t:|1664945457
|move|p2a: Tapu Fini|Moonblast|p1a: Clefooble
|-damage|p1a: Clefooble|36/100
|move|p1a: Clefooble|Moonblast|p2a: Tapu Fini
|-damage|p2a: Tapu Fini|42/100
|-unboost|p2a: Tapu Fini|spa|1
|
|-heal|p2a: Tapu Fini|48/100|[from] item: Leftovers
|-heal|p1a: Clefooble|42/100|[from] item: Leftovers
|-end|p1a: Clefooble|move: Taunt
|upkeep
|turn|27
|
|t:|1664945460
|move|p1a: Clefooble|Protect|p1a: Clefooble
|-singleturn|p1a: Clefooble|Protect
|move|p2a: Tapu Fini|Taunt|p1a: Clefooble
|-activate|p1a: Clefooble|move: Protect
|
|-heal|p2a: Tapu Fini|54/100|[from] item: Leftovers
|-heal|p1a: Clefooble|48/100|[from] item: Leftovers
|upkeep
|turn|28
|
|t:|1664945465
|move|p2a: Tapu Fini|Taunt|p1a: Clefooble
|-start|p1a: Clefooble|move: Taunt
|move|p1a: Clefooble|Moonblast|p2a: Tapu Fini
|-damage|p2a: Tapu Fini|30/100
|
|-heal|p2a: Tapu Fini|36/100|[from] item: Leftovers
|-heal|p1a: Clefooble|54/100|[from] item: Leftovers
|upkeep
|turn|29
|
|t:|1664945468
|move|p2a: Tapu Fini|Moonblast|p1a: Clefooble
|-damage|p1a: Clefooble|29/100
|move|p1a: Clefooble|Moonblast|p2a: Tapu Fini
|-damage|p2a: Tapu Fini|12/100
|
|-heal|p2a: Tapu Fini|18/100|[from] item: Leftovers
|-heal|p1a: Clefooble|35/100|[from] item: Leftovers
|upkeep
|turn|30
|
|t:|1664945470
|move|p2a: Tapu Fini|Moonblast|p1a: Clefooble
|-damage|p1a: Clefooble|13/100
|move|p1a: Clefooble|Moonblast|p2a: Tapu Fini
|-damage|p2a: Tapu Fini|0 fnt
|faint|p2a: Tapu Fini
|
|-heal|p1a: Clefooble|19/100|[from] item: Leftovers
|-end|p1a: Clefooble|move: Taunt
|upkeep
|
|t:|1664945489
|switch|p2a: Zapdos|Zapdos|100/100
|turn|31
|
|t:|1664945491
|move|p1a: Clefooble|Protect|p1a: Clefooble
|-singleturn|p1a: Clefooble|Protect
|move|p2a: Zapdos|Volt Switch|p1a: Clefooble
|-activate|p1a: Clefooble|move: Protect
|
|-heal|p1a: Clefooble|25/100|[from] item: Leftovers
|upkeep
|turn|32
|
|t:|1664945503
|switch|p1a: Hydration|Hydreigon, M, shiny|100/100
|-damage|p1a: Hydration|88/100|[from] Stealth Rock
|move|p2a: Zapdos|Hurricane|p1a: Hydration|[miss]
|-miss|p2a: Zapdos|p1a: Hydration
|
|-heal|p1a: Hydration|94/100|[from] item: Leftovers
|upkeep
|turn|33
|
|t:|1664945516
|move|p2a: Zapdos|Toxic|p1a: Hydration
|-status|p1a: Hydration|tox
|move|p1a: Hydration|Draco Meteor|p2a: Zapdos
|-damage|p2a: Zapdos|32/100
|-unboost|p1a: Hydration|spa|2
|
|-heal|p1a: Hydration|100/100 tox|[from] item: Leftovers
|-damage|p1a: Hydration|94/100 tox|[from] psn
|upkeep
|turn|34
|
|t:|1664945524
|move|p2a: Zapdos|Roost|p2a: Zapdos
|-heal|p2a: Zapdos|82/100
|-singleturn|p2a: Zapdos|move: Roost
|move|p1a: Hydration|Nasty Plot|p1a: Hydration
|-boost|p1a: Hydration|spa|2
|
|-heal|p1a: Hydration|100/100 tox|[from] item: Leftovers
|-damage|p1a: Hydration|88/100 tox|[from] psn
|upkeep
|turn|35
|
|t:|1664945542
|switch|p2a: Kartana|Kartana|100/100
|move|p1a: Hydration|Nasty Plot|p1a: Hydration
|-boost|p1a: Hydration|spa|2
|
|-heal|p1a: Hydration|94/100 tox|[from] item: Leftovers
|-damage|p1a: Hydration|76/100 tox|[from] psn
|upkeep
|turn|36
|
|t:|1664945547
|switch|p2a: Hydreigon|Hydreigon, M|100/100
|switch|p1a: Buzz Swole|Buzzwole, shiny|92/100
|-damage|p1a: Buzz Swole|79/100|[from] Stealth Rock
|
|upkeep
|turn|37
|
|t:|1664945560
|switch|p2a: Zapdos|Zapdos|82/100
|move|p1a: Buzz Swole|Leech Life|p2a: Zapdos
|-resisted|p2a: Zapdos
|-damage|p2a: Zapdos|65/100
|-heal|p1a: Buzz Swole|88/100|[from] drain|[of] p2a: Zapdos
|-status|p1a: Buzz Swole|par|[from] ability: Static|[of] p2a: Zapdos
|
|upkeep
|turn|38
|
|t:|1664945576
|move|p2a: Zapdos|Hurricane|p1a: Buzz Swole|[miss]
|-miss|p2a: Zapdos|p1a: Buzz Swole
|move|p1a: Buzz Swole|Ice Punch|p2a: Zapdos
|-supereffective|p2a: Zapdos
|-damage|p2a: Zapdos|29/100
|
|upkeep
|turn|39
|j| KMTQ
|
|t:|1664945583
|switch|p1a: Clefooble|Clefable, F, shiny|25/100
|-damage|p1a: Clefooble|13/100|[from] Stealth Rock
|move|p2a: Zapdos|Roost|p2a: Zapdos
|-heal|p2a: Zapdos|79/100
|-singleturn|p2a: Zapdos|move: Roost
|
|-heal|p1a: Clefooble|19/100|[from] item: Leftovers
|upkeep
|turn|40
|l| FunHaver3000
|
|t:|1664945588
|move|p1a: Clefooble|Protect|p1a: Clefooble
|-singleturn|p1a: Clefooble|Protect
|move|p2a: Zapdos|Hurricane|p1a: Clefooble
|-activate|p1a: Clefooble|move: Protect
|
|-heal|p1a: Clefooble|25/100|[from] item: Leftovers
|upkeep
|turn|41
|
|t:|1664945590
|move|p1a: Clefooble|Protect||[still]
|-fail|p1a: Clefooble
|move|p2a: Zapdos|Hurricane|p1a: Clefooble
|-damage|p1a: Clefooble|0 fnt
|faint|p1a: Clefooble
|
|upkeep
|
|t:|1664945592
|switch|p1a: Hydration|Hydreigon, M, shiny|76/100 tox
|-damage|p1a: Hydration|63/100 tox|[from] Stealth Rock
|turn|42
|
|t:|1664945596
|switch|p2a: Kartana|Kartana|100/100
|move|p1a: Hydration|Roost|p1a: Hydration
|-heal|p1a: Hydration|100/100 tox
|-singleturn|p1a: Hydration|move: Roost
|
|-damage|p1a: Hydration|94/100 tox|[from] psn
|upkeep
|turn|43
|
|t:|1664945601
|move|p2a: Kartana|Sacred Sword|p1a: Hydration
|-supereffective|p1a: Hydration
|-damage|p1a: Hydration|38/100 tox
|move|p1a: Hydration|Draco Meteor|p2a: Kartana
|-resisted|p2a: Kartana
|-damage|p2a: Kartana|1/100
|-unboost|p1a: Hydration|spa|2
|
|-heal|p1a: Hydration|44/100 tox|[from] item: Leftovers
|-damage|p1a: Hydration|31/100 tox|[from] psn
|upkeep
|turn|44
|inactive|Adel19 has 120 seconds left.
|
|t:|1664945646
|switch|p1a: Buzz Swole|Buzzwole, shiny|88/100 par
|-damage|p1a: Buzz Swole|75/100 par|[from] Stealth Rock
|move|p2a: Kartana|Sacred Sword|p1a: Buzz Swole
|-resisted|p1a: Buzz Swole
|-damage|p1a: Buzz Swole|68/100 par
|
|upkeep
|turn|45
|j| Hgeryam
|
|t:|1664945654
|move|p2a: Kartana|Sacred Sword|p1a: Buzz Swole
|-resisted|p1a: Buzz Swole
|-damage|p1a: Buzz Swole|59/100 par
|move|p1a: Buzz Swole|Ice Punch|p2a: Kartana
|-damage|p2a: Kartana|0 fnt
|faint|p2a: Kartana
|-ability|p1a: Buzz Swole|Beast Boost|boost
|-boost|p1a: Buzz Swole|atk|1
|
|upkeep
|
|t:|1664945659
|switch|p2a: Hydreigon|Hydreigon, M|100/100
|turn|46
|
|t:|1664945661
|move|p2a: Hydreigon|Draco Meteor|p1a: Buzz Swole
|-damage|p1a: Buzz Swole|0 fnt
|-unboost|p2a: Hydreigon|spa|2
|faint|p1a: Buzz Swole
|
|upkeep
|
|t:|1664945664
|switch|p1a: Paper Cut|Kartana, shiny|100/100
|-damage|p1a: Paper Cut|94/100|[from] Stealth Rock
|turn|47
|
|t:|1664945671
|switch|p2a: Zapdos|Zapdos|79/100
|move|p1a: Paper Cut|Knock Off|p2a: Zapdos
|-damage|p2a: Zapdos|29/100
|-enditem|p2a: Zapdos|Heavy-Duty Boots|[from] move: Knock Off|[of] p1a: Paper Cut
|
|upkeep
|turn|48
|
|t:|1664945677
|move|p1a: Paper Cut|Knock Off|p2a: Zapdos
|-damage|p2a: Zapdos|0 fnt
|-status|p1a: Paper Cut|par|[from] ability: Static|[of] p2a: Zapdos
|faint|p2a: Zapdos
|-ability|p1a: Paper Cut|Beast Boost|boost
|-boost|p1a: Paper Cut|atk|1
|
|upkeep
|
|t:|1664945680
|switch|p2a: Hydreigon|Hydreigon, M|100/100
|turn|49
|
|t:|1664945708
|move|p2a: Hydreigon|Draco Meteor|p1a: Paper Cut
|-resisted|p1a: Paper Cut
|-damage|p1a: Paper Cut|0 fnt
|-unboost|p2a: Hydreigon|spa|2
|faint|p1a: Paper Cut
|
|upkeep
|
|t:|1664945711
|switch|p1a: Hydration|Hydreigon, M, shiny|31/100 tox
|-damage|p1a: Hydration|19/100 tox|[from] Stealth Rock
|turn|50
|
|t:|1664945713
|move|p2a: Hydreigon|Draco Meteor|p1a: Hydration
|-supereffective|p1a: Hydration
|-damage|p1a: Hydration|0 fnt
|-unboost|p2a: Hydreigon|spa|2
|faint|p1a: Hydration
|
|win|Adel19
|raw|Loon999's rating: 1806 &rarr; <strong>1793</strong><br />(-13 for losing)
|raw|Adel19's rating: 1940 &rarr; <strong>1953</strong><br />(+13 for winning)
|c|☆Loon999|Gg
|c|☆Adel19|Gg
