|j|☆HOF69
|j|‽Guest 5890168
|t:|1664865714
|gametype|singles
|player|p1|HOF69|red|1766
|player|p2|Guest 5890168|170|1757
|teamsize|p1|6
|teamsize|p2|6
|gen|8
|tier|[Gen 8] OU
|rated|
|rule|Sleep Clause Mod: Limit one foe put to sleep
|rule|Species Clause: Limit one of each Pokémon
|rule|OHKO Clause: OHKO moves are banned
|rule|Evasion Items Clause: Evasion items are banned
|rule|Evasion Moves Clause: Evasion moves are banned
|rule|Endless Battle Clause: Forcing endless battles is banned
|rule|HP Percentage Mod: HP is shown in percentages
|rule|Dynamax Clause: You cannot dynamax
|clearpoke
|poke|p1|Blacephalon|
|poke|p1|Gengar, M|
|poke|p1|Landorus-Therian, M|
|poke|p1|Krookodile, M|
|poke|p1|Kartana|
|poke|p1|Tapu Lele|
|poke|p2|Rotom-Wash|
|poke|p2|Weavile, M|
|poke|p2|Landorus-Therian, M|
|poke|p2|Heatran, M|
|poke|p2|Tangrowth, M|
|poke|p2|Melmetal|
|teampreview
|
|t:|1664865717
|start
|switch|p1a: Krookodile|Krookodile, M|100/100
|switch|p2a: Heatran|Heatran, M|100/100
|-ability|p1a: Krookodile|Intimidate|boost
|-unboost|p2a: Heatran|atk|1
|-item|p2a: Heatran|Air Balloon
|turn|1
|inactive|Battle timer is ON: inactive players will automatically lose when time's up. (requested by Guest 5890168)
|
|t:|1664865720
|move|p1a: Krookodile|Taunt|p2a: Heatran
|-start|p2a: Heatran|move: Taunt
|move|p2a: Heatran|Magma Storm|p1a: Krookodile
|-damage|p1a: Krookodile|30/100
|-activate|p1a: Krookodile|move: Magma Storm|[of] p2a: Heatran
|
|-damage|p1a: Krookodile|17/100|[from] move: Magma Storm|[partiallytrapped]
|upkeep
|turn|2
|
|t:|1664865722
|move|p1a: Krookodile|Stealth Rock|p2a: Heatran
|-sidestart|p2: Guest 5890168|move: Stealth Rock
|move|p2a: Heatran|Eruption|p1a: Krookodile
|-damage|p1a: Krookodile|0 fnt
|faint|p1a: Krookodile
|
|upkeep
|
|t:|1664865738
|switch|p1a: Gengar|Gengar, M, shiny|100/100
|turn|3
|
|t:|1664865740
|switch|p2a: Melmetal|Melmetal|100/100
|-damage|p2a: Melmetal|94/100|[from] Stealth Rock
|move|p1a: Gengar|Shadow Ball|p2a: Melmetal
|-damage|p2a: Melmetal|74/100
|-unboost|p2a: Melmetal|spd|1
|
|upkeep
|turn|4
|
|t:|1664865744
|move|p1a: Gengar|Focus Blast|p2a: Melmetal|[miss]
|-miss|p1a: Gengar|p2a: Melmetal
|move|p2a: Melmetal|Double Iron Bash|p1a: Gengar
|-damage|p1a: Gengar|27/100
|-damage|p1a: Gengar|0 fnt
|faint|p1a: Gengar
|-hitcount|p1: Gengar|2
|
|upkeep
|
|t:|1664865754
|switch|p1a: Landorus|Landorus-Therian, M|100/100
|-ability|p1a: Landorus|Intimidate|boost
|-unboost|p2a: Melmetal|atk|1
|turn|5
|
|t:|1664865756
|switch|p2a: Landorus|Landorus-Therian, M|100/100
|-damage|p2a: Landorus|88/100|[from] Stealth Rock
|-ability|p2a: Landorus|Intimidate|boost
|-unboost|p1a: Landorus|atk|1
|move|p1a: Landorus|U-turn|p2a: Landorus
|-resisted|p2a: Landorus
|-damage|p2a: Landorus|80/100
|
|t:|1664865759
|switch|p1a: Tapu Lele|Tapu Lele|100/100|[from]move: U-turn
|-fieldstart|move: Psychic Terrain|[from] ability: Psychic Surge|[of] p1a: Tapu Lele
|
|-heal|p2a: Landorus|86/100|[from] item: Leftovers
|upkeep
|turn|6
|
|t:|1664865761
|switch|p2a: Melmetal|Melmetal|74/100
|-damage|p2a: Melmetal|68/100|[from] Stealth Rock
|move|p1a: Tapu Lele|Psyshock|p2a: Melmetal
|-resisted|p2a: Melmetal
|-damage|p2a: Melmetal|49/100
|
|upkeep
|turn|7
|
|t:|1664865764
|move|p1a: Tapu Lele|Focus Blast|p2a: Melmetal
|-supereffective|p2a: Melmetal
|-damage|p2a: Melmetal|7/100
|move|p2a: Melmetal|Ice Punch|p1a: Tapu Lele
|-damage|p1a: Tapu Lele|51/100
|
|upkeep
|turn|8
|
|t:|1664865769
|move|p1a: Tapu Lele|Psyshock|p2a: Melmetal
|-resisted|p2a: Melmetal
|-damage|p2a: Melmetal|0 fnt
|faint|p2a: Melmetal
|
|upkeep
|
|t:|1664865769
|switch|p2a: Weavile|Weavile, M|100/100
|-damage|p2a: Weavile|76/100|[from] Stealth Rock
|-ability|p2a: Weavile|Pressure
|turn|9
|
|t:|1664865772
|move|p2a: Weavile|Triple Axel|p1a: Tapu Lele
|-damage|p1a: Tapu Lele|29/100
|-hitcount|p1a: Tapu Lele|1
|move|p1a: Tapu Lele|Moonblast|p2a: Weavile
|-supereffective|p2a: Weavile
|-damage|p2a: Weavile|0 fnt
|faint|p2a: Weavile
|
|-fieldend|move: Psychic Terrain
|upkeep
|
|t:|1664865773
|switch|p2a: Heatran|Heatran, M|100/100
|-damage|p2a: Heatran|88/100|[from] Stealth Rock
|-item|p2a: Heatran|Air Balloon
|turn|10
|
|t:|1664865779
|move|p1a: Tapu Lele|Psyshock|p2a: Heatran
|-resisted|p2a: Heatran
|-damage|p2a: Heatran|63/100
|-enditem|p2a: Heatran|Air Balloon
|move|p2a: Heatran|Magma Storm|p1a: Tapu Lele
|-damage|p1a: Tapu Lele|0 fnt
|faint|p1a: Tapu Lele
|
|upkeep
|j| CurlsForHigher
|j| CCCCold
|
|t:|1664865791
|switch|p1a: Landorus|Landorus-Therian, M|100/100
|-ability|p1a: Landorus|Intimidate|boost
|-unboost|p2a: Heatran|atk|1
|turn|11
|
|t:|1664865793
|switch|p2a: Landorus|Landorus-Therian, M|86/100
|-damage|p2a: Landorus|74/100|[from] Stealth Rock
|-ability|p2a: Landorus|Intimidate|boost
|-unboost|p1a: Landorus|atk|1
|move|p1a: Landorus|Earthquake|p2a: Landorus
|-immune|p2a: Landorus
|
|-heal|p2a: Landorus|80/100|[from] item: Leftovers
|upkeep
|turn|12
|
|t:|1664865795
|move|p1a: Landorus|Knock Off|p2a: Landorus
|-damage|p2a: Landorus|56/100
|-enditem|p2a: Landorus|Leftovers|[from] move: Knock Off|[of] p1a: Landorus
|move|p2a: Landorus|Defog|p1a: Landorus
|-unboost|p1a: Landorus|evasion|1
|-sideend|p2: Guest 5890168|Stealth Rock|[from] move: Defog|[of] p2a: Landorus
|
|upkeep
|turn|13
|
|t:|1664865802
|move|p1a: Landorus|Knock Off|p2a: Landorus
|-crit|p2a: Landorus
|-damage|p2a: Landorus|20/100
|move|p2a: Landorus|U-turn|p1a: Landorus
|-resisted|p1a: Landorus
|-damage|p1a: Landorus|89/100
|
|t:|1664865802
|switch|p2a: Rotom|Rotom-Wash|100/100|[from]move: U-turn
|
|upkeep
|turn|14
|
|t:|1664865806
|move|p2a: Rotom|Hydro Pump|p1a: Landorus
|-supereffective|p1a: Landorus
|-damage|p1a: Landorus|37/100
|move|p1a: Landorus|Knock Off|p2a: Rotom
|-damage|p2a: Rotom|75/100
|-enditem|p2a: Rotom|Leftovers|[from] move: Knock Off|[of] p1a: Landorus
|
|upkeep
|turn|15
|
|t:|1664865813
|move|p2a: Rotom|Hydro Pump|p1a: Landorus
|-supereffective|p1a: Landorus
|-damage|p1a: Landorus|0 fnt
|faint|p1a: Landorus
|
|upkeep
|
|t:|1664865816
|switch|p1a: Kartana|Kartana|100/100
|turn|16
|
|t:|1664865820
|switch|p2a: Tangrowth|Tangrowth, M|100/100
|move|p1a: Kartana|Swords Dance|p1a: Kartana
|-boost|p1a: Kartana|atk|2
|
|upkeep
|turn|17
|
|t:|1664865823
|move|p1a: Kartana|Knock Off|p2a: Tangrowth
|-damage|p2a: Tangrowth|53/100
|-enditem|p2a: Tangrowth|Rocky Helmet|[from] move: Knock Off|[of] p1a: Kartana
|move|p2a: Tangrowth|Focus Blast|p1a: Kartana
|-supereffective|p1a: Kartana
|-damage|p1a: Kartana|0 fnt
|faint|p1a: Kartana
|
|upkeep
|
|t:|1664865828
|switch|p1a: Blacephalon|Blacephalon|100/100
|turn|18
|
|t:|1664865830
|switch|p2a: Landorus|Landorus-Therian, M|20/100
|-ability|p2a: Landorus|Intimidate|boost
|-unboost|p1a: Blacephalon|atk|1
|move|p1a: Blacephalon|Shadow Ball|p2a: Landorus
|-damage|p2a: Landorus|0 fnt
|faint|p2a: Landorus
|-ability|p1a: Blacephalon|Beast Boost|boost
|-boost|p1a: Blacephalon|spa|1
|
|upkeep
|
|t:|1664865830
|switch|p2a: Tangrowth|Tangrowth, M|86/100
|turn|19
|
|t:|1664865832
|switch|p2a: Heatran|Heatran, M|63/100
|move|p1a: Blacephalon|Shadow Ball|p2a: Heatran
|-damage|p2a: Heatran|0 fnt
|faint|p2a: Heatran
|-ability|p1a: Blacephalon|Beast Boost|boost
|-boost|p1a: Blacephalon|spa|1
|
|upkeep
|
|t:|1664865832
|switch|p2a: Tangrowth|Tangrowth, M|100/100
|turn|20
|
|t:|1664865834
|switch|p2a: Rotom|Rotom-Wash|75/100
|move|p1a: Blacephalon|Shadow Ball|p2a: Rotom
|-damage|p2a: Rotom|0 fnt
|faint|p2a: Rotom
|-ability|p1a: Blacephalon|Beast Boost|boost
|-boost|p1a: Blacephalon|spa|1
|
|upkeep
|
|t:|1664865835
|switch|p2a: Tangrowth|Tangrowth, M|100/100
|turn|21
|
|t:|1664865837
|move|p1a: Blacephalon|Shadow Ball|p2a: Tangrowth
|-damage|p2a: Tangrowth|0 fnt
|faint|p2a: Tangrowth
|
|win|HOF69
|raw|HOF69's rating: 1766 &rarr; <strong>1785</strong><br />(+19 for winning)
|raw|Guest 5890168's rating: 1757 &rarr; <strong>1738</strong><br />(-19 for losing)
|l|‽Guest 5890168
|c|☆HOF69|gg
