|j|☆Patrick2.O
|j|☆POLYKlNG
|t:|1641962526
|gametype|singles
|player|p1|Patrick2.O|crasherwake|1552
|player|p2|POLYKlNG|hilbert|1524
|teamsize|p1|6
|teamsize|p2|6
|gen|8
|tier|[Gen 8] OU
|rated|
|rule|Sleep Clause Mod: Limit one foe put to sleep
|rule|Species Clause: Limit one of each Pokémon
|rule|OHKO Clause: OHKO moves are banned
|rule|Evasion Moves Clause: Evasion moves are banned
|rule|Endless Battle Clause: Forcing endless battles is banned
|rule|HP Percentage Mod: HP is shown in percentages
|rule|Dynamax Clause: You cannot dynamax
|clearpoke
|poke|p1|Arctozolt|
|poke|p1|Ninetales-Alola, M|
|poke|p1|Swampert, F|
|poke|p1|Dragapult, F|
|poke|p1|Mandibuzz, F|
|poke|p1|Magnezone|
|poke|p2|Melmetal|
|poke|p2|Buzzwole|
|poke|p2|Tapu Fini|
|poke|p2|Tapu Lele|
|poke|p2|Dragonite, M|
|poke|p2|Slowking-Galar, F|
|teampreview
|inactive|Battle timer is ON: inactive players will automatically lose when time's up. (requested by POLYKlNG)
|inactive|Patrick2.O also wants the timer to be on.
|inactive|POLYKlNG has 120 seconds left.
|
|t:|1641962556
|start
|switch|p1a: Swampert|Swampert, F|100/100
|switch|p2a: Tapu Lele|Tapu Lele|100/100
|-fieldstart|move: Psychic Terrain|[from] ability: Psychic Surge|[of] p2a: Tapu Lele
|turn|1
|
|t:|1641962562
|move|p2a: Tapu Lele|Psyshock|p1a: Swampert
|-damage|p1a: Swampert|31/100
|move|p1a: Swampert|Stealth Rock|p2a: Tapu Lele
|-sidestart|p2: POLYKlNG|move: Stealth Rock
|
|-heal|p1a: Swampert|38/100|[from] item: Leftovers
|upkeep
|turn|2
|
|t:|1641962569
|switch|p1a: Mandibuzz|Mandibuzz, F, shiny|100/100
|move|p2a: Tapu Lele|Psyshock|p1a: Mandibuzz
|-immune|p1a: Mandibuzz
|
|upkeep
|turn|3
|
|t:|1641962578
|switch|p2a: Tapu Fini|Tapu Fini|100/100
|-damage|p2a: Tapu Fini|88/100|[from] Stealth Rock
|-fieldstart|move: Misty Terrain|[from] ability: Misty Surge|[of] p2a: Tapu Fini
|move|p1a: Mandibuzz|Toxic|p2a: Tapu Fini
|-activate|p2a: Tapu Fini|move: Misty Terrain
|
|-heal|p2a: Tapu Fini|94/100|[from] item: Leftovers
|upkeep
|turn|4
|
|t:|1641962591
|switch|p1a: Ninetales|Ninetales-Alola, M|100/100
|-weather|Hail|[from] ability: Snow Warning|[of] p1a: Ninetales
|move|p2a: Tapu Fini|Draining Kiss|p1a: Ninetales
|-damage|p1a: Ninetales|84/100
|-heal|p2a: Tapu Fini|100/100|[from] drain|[of] p1a: Ninetales
|
|-weather|Hail|[upkeep]
|-damage|p2a: Tapu Fini|94/100|[from] Hail
|-heal|p2a: Tapu Fini|100/100|[from] item: Leftovers
|upkeep
|turn|5
|
|t:|1641962601
|move|p1a: Ninetales|Aurora Veil|p1a: Ninetales
|-sidestart|p1: Patrick2.O|move: Aurora Veil
|move|p2a: Tapu Fini|Defog|p1a: Ninetales
|-unboost|p1a: Ninetales|evasion|1
|-sideend|p1: Patrick2.O|move: Aurora Veil
|-sideend|p2: POLYKlNG|Stealth Rock|[from] move: Defog|[of] p2a: Tapu Fini
|-fieldend|Misty Terrain
|
|-weather|Hail|[upkeep]
|-damage|p2a: Tapu Fini|94/100|[from] Hail
|-heal|p2a: Tapu Fini|100/100|[from] item: Leftovers
|upkeep
|turn|6
|
|t:|1641962611
|switch|p2a: Melmetal|Melmetal|100/100
|move|p1a: Ninetales|Encore||[still]
|-fail|p1a: Ninetales
|
|-weather|Hail|[upkeep]
|-damage|p2a: Melmetal|94/100|[from] Hail
|upkeep
|turn|7
|
|t:|1641962620
|switch|p1a: Mandibuzz|Mandibuzz, F, shiny|100/100
|move|p2a: Melmetal|Earthquake|p1a: Mandibuzz
|-immune|p1a: Mandibuzz
|
|-weather|Hail|[upkeep]
|-damage|p2a: Melmetal|88/100|[from] Hail
|upkeep
|turn|8
|
|t:|1641962630
|switch|p2a: Buzzwole|Buzzwole|100/100
|move|p1a: Mandibuzz|Foul Play|p2a: Buzzwole
|-resisted|p2a: Buzzwole
|-damage|p2a: Buzzwole|90/100
|-damage|p1a: Mandibuzz|84/100|[from] item: Rocky Helmet|[of] p2a: Buzzwole
|
|-weather|Hail|[upkeep]
|-damage|p2a: Buzzwole|84/100|[from] Hail
|upkeep
|turn|9
|
|t:|1641962638
|switch|p2a: Tapu Fini|Tapu Fini|100/100
|-fieldstart|move: Misty Terrain|[from] ability: Misty Surge|[of] p2a: Tapu Fini
|move|p1a: Mandibuzz|Toxic|p2a: Tapu Fini
|-activate|p2a: Tapu Fini|move: Misty Terrain
|
|-weather|Hail|[upkeep]
|-damage|p2a: Tapu Fini|94/100|[from] Hail
|-heal|p2a: Tapu Fini|100/100|[from] item: Leftovers
|upkeep
|turn|10
|
|t:|1641962647
|switch|p1a: Magnezone|Magnezone, shiny|100/100
|move|p2a: Tapu Fini|Taunt|p1a: Magnezone
|-start|p1a: Magnezone|move: Taunt
|
|-weather|Hail|[upkeep]
|-damage|p2a: Tapu Fini|94/100|[from] Hail
|-damage|p1a: Magnezone|94/100|[from] Hail
|-heal|p2a: Tapu Fini|100/100|[from] item: Leftovers
|-heal|p1a: Magnezone|100/100|[from] item: Leftovers
|upkeep
|turn|11
|
|t:|1641962657
|switch|p2a: Slowking|Slowking-Galar, F|100/100
|move|p1a: Magnezone|Discharge|p2a: Slowking
|-crit|p2a: Slowking
|-damage|p2a: Slowking|77/100
|
|-weather|none
|upkeep
|turn|12
|
|t:|1641962668
|move|p1a: Magnezone|Discharge|p2a: Slowking
|-damage|p2a: Slowking|63/100
|move|p2a: Slowking|Sludge Bomb|p1a: Magnezone
|-immune|p1a: Magnezone
|
|-end|p1a: Magnezone|move: Taunt
|upkeep
|turn|13
|
|t:|1641962676
|move|p1a: Magnezone|Discharge|p2a: Slowking
|-damage|p2a: Slowking|47/100
|move|p2a: Slowking|Fire Blast|p1a: Magnezone
|-supereffective|p1a: Magnezone
|-damage|p1a: Magnezone|44/100
|
|-heal|p1a: Magnezone|50/100|[from] item: Leftovers
|-fieldend|Misty Terrain
|upkeep
|turn|14
|
|t:|1641962689
|switch|p1a: Dragapult|Dragapult, F|100/100
|move|p2a: Slowking|Fire Blast|p1a: Dragapult|[miss]
|-miss|p2a: Slowking|p1a: Dragapult
|
|upkeep
|turn|15
|
|t:|1641962703
|switch|p2a: Tapu Fini|Tapu Fini|100/100
|-fieldstart|move: Misty Terrain|[from] ability: Misty Surge|[of] p2a: Tapu Fini
|move|p1a: Dragapult|U-turn|p2a: Tapu Fini
|-resisted|p2a: Tapu Fini
|-damage|p2a: Tapu Fini|87/100
|
|t:|1641962710
|switch|p1a: Magnezone|Magnezone, shiny|50/100|[from]move: U-turn
|
|-heal|p2a: Tapu Fini|94/100|[from] item: Leftovers
|-heal|p1a: Magnezone|56/100|[from] item: Leftovers
|upkeep
|turn|16
|
|t:|1641962718
|switch|p2a: Slowking|Slowking-Galar, F|80/100
|move|p1a: Magnezone|Discharge|p2a: Slowking
|-damage|p2a: Slowking|65/100
|
|-heal|p1a: Magnezone|62/100|[from] item: Leftovers
|upkeep
|turn|17
|
|t:|1641962727
|switch|p1a: Swampert|Swampert, F|38/100
|move|p2a: Slowking|Future Sight|p1a: Swampert
|-start|p2a: Slowking|move: Future Sight
|
|-heal|p1a: Swampert|44/100|[from] item: Leftovers
|upkeep
|turn|18
|
|t:|1641962749
|move|p1a: Swampert|Stealth Rock|p2a: Slowking
|-sidestart|p2: POLYKlNG|move: Stealth Rock
|move|p2a: Slowking|Sludge Bomb|p1a: Swampert
|-resisted|p1a: Swampert
|-damage|p1a: Swampert|33/100
|
|-heal|p1a: Swampert|39/100|[from] item: Leftovers
|upkeep
|turn|19
|
|t:|1641962760
|switch|p1a: Mandibuzz|Mandibuzz, F, shiny|84/100
|switch|p2a: Tapu Fini|Tapu Fini|94/100
|-damage|p2a: Tapu Fini|81/100|[from] Stealth Rock
|
|-end|p1a: Mandibuzz|move: Future Sight
|-immune|p1a: Mandibuzz
|-heal|p2a: Tapu Fini|87/100|[from] item: Leftovers
|-fieldend|Misty Terrain
|upkeep
|turn|20
|
|t:|1641962771
|switch|p2a: Slowking|Slowking-Galar, F|98/100
|-damage|p2a: Slowking|86/100|[from] Stealth Rock
|switch|p1a: Magnezone|Magnezone, shiny|62/100
|
|-heal|p1a: Magnezone|68/100|[from] item: Leftovers
|upkeep
|turn|21
|
|t:|1641962786
|switch|p1a: Dragapult|Dragapult, F|100/100
|move|p2a: Slowking|Fire Blast|p1a: Dragapult
|-resisted|p1a: Dragapult
|-damage|p1a: Dragapult|83/100
|
|upkeep
|turn|22
|
|t:|1641962800
|switch|p2a: Tapu Fini|Tapu Fini|87/100
|-damage|p2a: Tapu Fini|75/100|[from] Stealth Rock
|-fieldstart|move: Misty Terrain|[from] ability: Misty Surge|[of] p2a: Tapu Fini
|move|p1a: Dragapult|Dragon Darts|p2a: Tapu Fini
|-immune|p2a: Tapu Fini
|
|-heal|p2a: Tapu Fini|81/100|[from] item: Leftovers
|upkeep
|turn|23
|
|t:|1641962812
|switch|p1a: Magnezone|Magnezone, shiny|68/100
|move|p2a: Tapu Fini|Defog|p1a: Magnezone
|-unboost|p1a: Magnezone|evasion|1
|-sideend|p2: POLYKlNG|Stealth Rock|[from] move: Defog|[of] p2a: Tapu Fini
|-fieldend|Misty Terrain
|
|-heal|p2a: Tapu Fini|87/100|[from] item: Leftovers
|-heal|p1a: Magnezone|74/100|[from] item: Leftovers
|upkeep
|turn|24
|
|t:|1641962821
|switch|p2a: Slowking|Slowking-Galar, F|100/100
|switch|p1a: Swampert|Swampert, F|39/100
|
|-heal|p1a: Swampert|45/100|[from] item: Leftovers
|upkeep
|turn|25
|
|t:|1641962832
|switch|p2a: Tapu Lele|Tapu Lele|100/100
|-fieldstart|move: Psychic Terrain|[from] ability: Psychic Surge|[of] p2a: Tapu Lele
|move|p1a: Swampert|Earthquake|p2a: Tapu Lele
|-damage|p2a: Tapu Lele|40/100
|
|-heal|p1a: Swampert|51/100|[from] item: Leftovers
|upkeep
|turn|26
|
|t:|1641962862
|switch|p1a: Magnezone|Magnezone, shiny|74/100
|move|p2a: Tapu Lele|Psyshock|p1a: Magnezone
|-resisted|p1a: Magnezone
|-damage|p1a: Magnezone|39/100
|
|-heal|p1a: Magnezone|46/100|[from] item: Leftovers
|upkeep
|turn|27
|
|t:|1641962873
|switch|p2a: Slowking|Slowking-Galar, F|100/100
|move|p1a: Magnezone|Discharge|p2a: Slowking
|-damage|p2a: Slowking|87/100
|
|-heal|p1a: Magnezone|52/100|[from] item: Leftovers
|upkeep
|turn|28
|
|t:|1641962888
|switch|p1a: Dragapult|Dragapult, F|83/100
|move|p2a: Slowking|Future Sight|p1a: Dragapult
|-start|p2a: Slowking|move: Future Sight
|
|upkeep
|turn|29
|
|t:|1641962896
|switch|p2a: Tapu Fini|Tapu Fini|87/100
|-fieldstart|move: Misty Terrain|[from] ability: Misty Surge|[of] p2a: Tapu Fini
|move|p1a: Dragapult|Steel Wing|p2a: Tapu Fini
|-damage|p2a: Tapu Fini|61/100
|
|-heal|p2a: Tapu Fini|67/100|[from] item: Leftovers
|upkeep
|turn|30
|j| AshStackem
|
|t:|1641962919
|switch|p1a: Mandibuzz|Mandibuzz, F, shiny|84/100
|move|p2a: Tapu Fini|Draining Kiss|p1a: Mandibuzz
|-supereffective|p1a: Mandibuzz
|-damage|p1a: Mandibuzz|57/100
|-heal|p2a: Tapu Fini|92/100|[from] drain|[of] p1a: Mandibuzz
|
|-end|p1a: Mandibuzz|move: Future Sight
|-immune|p1a: Mandibuzz
|-heal|p2a: Tapu Fini|98/100|[from] item: Leftovers
|upkeep
|turn|31
|
|t:|1641962929
|move|p2a: Tapu Fini|Draining Kiss|p1a: Mandibuzz
|-supereffective|p1a: Mandibuzz
|-damage|p1a: Mandibuzz|30/100
|-heal|p2a: Tapu Fini|100/100|[from] drain|[of] p1a: Mandibuzz
|move|p1a: Mandibuzz|Roost|p1a: Mandibuzz
|-heal|p1a: Mandibuzz|80/100
|-singleturn|p1a: Mandibuzz|move: Roost
|
|upkeep
|turn|32
|
|t:|1641962938
|move|p2a: Tapu Fini|Draining Kiss|p1a: Mandibuzz
|-supereffective|p1a: Mandibuzz
|-damage|p1a: Mandibuzz|51/100
|move|p1a: Mandibuzz|Roost|p1a: Mandibuzz
|-heal|p1a: Mandibuzz|100/100
|-singleturn|p1a: Mandibuzz|move: Roost
|
|upkeep
|turn|33
|
|t:|1641962947
|move|p2a: Tapu Fini|Surf|p1a: Mandibuzz
|-damage|p1a: Mandibuzz|75/100
|move|p1a: Mandibuzz|Roost|p1a: Mandibuzz
|-heal|p1a: Mandibuzz|100/100
|-singleturn|p1a: Mandibuzz|move: Roost
|
|-fieldend|Misty Terrain
|upkeep
|turn|34
|
|t:|1641962957
|switch|p2a: Slowking|Slowking-Galar, F|100/100
|switch|p1a: Magnezone|Magnezone, shiny|52/100
|
|-heal|p1a: Magnezone|58/100|[from] item: Leftovers
|upkeep
|turn|35
|
|t:|1641962969
|switch|p1a: Dragapult|Dragapult, F|83/100
|move|p2a: Slowking|Future Sight|p1a: Dragapult
|-start|p2a: Slowking|move: Future Sight
|
|upkeep
|turn|36
|
|t:|1641962980
|switch|p2a: Tapu Fini|Tapu Fini|100/100
|-fieldstart|move: Misty Terrain|[from] ability: Misty Surge|[of] p2a: Tapu Fini
|move|p1a: Dragapult|U-turn|p2a: Tapu Fini
|-resisted|p2a: Tapu Fini
|-damage|p2a: Tapu Fini|88/100
|
|t:|1641962987
|switch|p1a: Mandibuzz|Mandibuzz, F, shiny|100/100|[from]move: U-turn
|
|-heal|p2a: Tapu Fini|94/100|[from] item: Leftovers
|upkeep
|turn|37
|
|t:|1641962997
|move|p2a: Tapu Fini|Taunt|p1a: Mandibuzz
|-start|p1a: Mandibuzz|move: Taunt
|cant|p1a: Mandibuzz|move: Taunt|Roost
|
|-end|p1a: Mandibuzz|move: Future Sight
|-immune|p1a: Mandibuzz
|-heal|p2a: Tapu Fini|99/100|[from] item: Leftovers
|upkeep
|turn|38
|
|t:|1641963005
|switch|p1a: Magnezone|Magnezone, shiny|58/100
|move|p2a: Tapu Fini|Surf|p1a: Magnezone
|-damage|p1a: Magnezone|26/100
|
|-heal|p2a: Tapu Fini|100/100|[from] item: Leftovers
|-heal|p1a: Magnezone|32/100|[from] item: Leftovers
|upkeep
|turn|39
|
|t:|1641963013
|switch|p2a: Slowking|Slowking-Galar, F|100/100
|move|p1a: Magnezone|Discharge|p2a: Slowking
|-damage|p2a: Slowking|85/100
|
|-heal|p1a: Magnezone|39/100|[from] item: Leftovers
|upkeep
|turn|40
|
|t:|1641963020
|move|p1a: Magnezone|Discharge|p2a: Slowking
|-damage|p2a: Slowking|70/100
|move|p2a: Slowking|Surf|p1a: Magnezone
|-damage|p1a: Magnezone|16/100
|
|-heal|p1a: Magnezone|22/100|[from] item: Leftovers
|-fieldend|Misty Terrain
|upkeep
|turn|41
|
|t:|1641963030
|switch|p1a: Swampert|Swampert, F|51/100
|move|p2a: Slowking|Fire Blast|p1a: Swampert
|-resisted|p1a: Swampert
|-damage|p1a: Swampert|42/100
|
|-heal|p1a: Swampert|48/100|[from] item: Leftovers
|upkeep
|turn|42
|j| TalonSFlames
|
|t:|1641963045
|switch|p2a: Buzzwole|Buzzwole|84/100
|move|p1a: Swampert|Stealth Rock|p2a: Buzzwole
|-sidestart|p2: POLYKlNG|move: Stealth Rock
|
|-heal|p1a: Swampert|54/100|[from] item: Leftovers
|upkeep
|turn|43
|
|t:|1641963052
|switch|p2a: Tapu Fini|Tapu Fini|100/100
|-damage|p2a: Tapu Fini|88/100|[from] Stealth Rock
|-fieldstart|move: Misty Terrain|[from] ability: Misty Surge|[of] p2a: Tapu Fini
|switch|p1a: Mandibuzz|Mandibuzz, F, shiny|100/100
|
|-heal|p2a: Tapu Fini|94/100|[from] item: Leftovers
|upkeep
|turn|44
|
|t:|1641963064
|switch|p1a: Ninetales|Ninetales-Alola, M|84/100
|-weather|Hail|[from] ability: Snow Warning|[of] p1a: Ninetales
|move|p2a: Tapu Fini|Taunt|p1a: Ninetales
|-start|p1a: Ninetales|move: Taunt
|
|-weather|Hail|[upkeep]
|-damage|p2a: Tapu Fini|88/100|[from] Hail
|-heal|p2a: Tapu Fini|94/100|[from] item: Leftovers
|upkeep
|turn|45
|
|t:|1641963074
|switch|p2a: Slowking|Slowking-Galar, F|100/100
|-damage|p2a: Slowking|88/100|[from] Stealth Rock
|move|p1a: Ninetales|Freeze-Dry|p2a: Slowking
|-damage|p2a: Slowking|80/100
|
|-weather|Hail|[upkeep]
|-damage|p2a: Slowking|74/100|[from] Hail
|upkeep
|turn|46
|c|☆Patrick2.O|my damn attacks arent statusing at all
|j| lecroy
|c|☆POLYKlNG|Misty Terrain
|c|☆Patrick2.O|oh didnt realize that lol
|inactive|Patrick2.O has 120 seconds left.
|c|☆Patrick2.O|thought it just blocked attacks that status all the time
|c|☆Patrick2.O|misty terrain is gay imo
|c|☆POLYKlNG|Lol
|c|☆Patrick2.O|thats why this game is taking so long
|inactive|Patrick2.O has 90 seconds left.
|c|☆Patrick2.O|its a stall terrain
|
|t:|1641963146
|switch|p1a: Dragapult|Dragapult, F|83/100
|move|p2a: Slowking|Future Sight|p1a: Dragapult
|-start|p2a: Slowking|move: Future Sight
|
|-weather|Hail|[upkeep]
|-damage|p1a: Dragapult|77/100|[from] Hail
|-damage|p2a: Slowking|68/100|[from] Hail
|upkeep
|turn|47
|
|t:|1641963161
|switch|p1a: Ninetales|Ninetales-Alola, M|84/100
|switch|p2a: Buzzwole|Buzzwole|84/100
|-damage|p2a: Buzzwole|71/100|[from] Stealth Rock
|
|-weather|Hail|[upkeep]
|-damage|p2a: Buzzwole|65/100|[from] Hail
|-fieldend|Misty Terrain
|upkeep
|turn|48
|
|t:|1641963173
|switch|p2a: Slowking|Slowking-Galar, F|100/100
|-damage|p2a: Slowking|88/100|[from] Stealth Rock
|move|p1a: Ninetales|Aurora Veil|p1a: Ninetales
|-sidestart|p1: Patrick2.O|move: Aurora Veil
|
|-weather|Hail|[upkeep]
|-damage|p2a: Slowking|82/100|[from] Hail
|-end|p1a: Ninetales|move: Future Sight
|-damage|p1a: Ninetales|60/100
|upkeep
|turn|49
|inactive|Patrick2.O has 90 seconds left.
|
|t:|1641963182
|move|p1a: Ninetales|Hypnosis|p2a: Slowking|[miss]
|-miss|p1a: Ninetales|p2a: Slowking
|move|p2a: Slowking|Sludge Bomb|p1a: Ninetales
|-supereffective|p1a: Ninetales
|-damage|p1a: Ninetales|29/100
|
|-weather|Hail|[upkeep]
|-damage|p2a: Slowking|76/100|[from] Hail
|upkeep
|turn|50
|inactive|Patrick2.O has 90 seconds left.
|
|t:|1641963206
|switch|p2a: Tapu Fini|Tapu Fini|94/100
|-damage|p2a: Tapu Fini|82/100|[from] Stealth Rock
|-fieldstart|move: Misty Terrain|[from] ability: Misty Surge|[of] p2a: Tapu Fini
|move|p1a: Ninetales|Hypnosis|p2a: Tapu Fini|[miss]
|-miss|p1a: Ninetales|p2a: Tapu Fini
|
|-weather|Hail|[upkeep]
|-damage|p2a: Tapu Fini|75/100|[from] Hail
|-heal|p2a: Tapu Fini|82/100|[from] item: Leftovers
|upkeep
|turn|51
|l| AshStackem
|
|t:|1641963244
|switch|p1a: Arctozolt|Arctozolt|100/100
|move|p2a: Tapu Fini|Defog|p1a: Arctozolt
|-unboost|p1a: Arctozolt|evasion|1
|-sideend|p1: Patrick2.O|move: Aurora Veil
|-sideend|p2: POLYKlNG|Stealth Rock|[from] move: Defog|[of] p2a: Tapu Fini
|-fieldend|Misty Terrain
|
|-weather|none
|-heal|p2a: Tapu Fini|88/100|[from] item: Leftovers
|upkeep
|turn|52
|
|t:|1641963256
|switch|p2a: Dragonite|Dragonite, M|100/100
|move|p1a: Arctozolt|Bolt Beak|p2a: Dragonite
|-crit|p2a: Dragonite
|-damage|p2a: Dragonite|40/100
|
|upkeep
|turn|53
|
|t:|1641963271
|switch|p1a: Mandibuzz|Mandibuzz, F, shiny|100/100
|move|p2a: Dragonite|Earthquake|p1a: Mandibuzz
|-immune|p1a: Mandibuzz
|
|upkeep
|turn|54
|j| YTY.PM
|l| YTY.PM
|
|t:|1641963283
|switch|p2a: Tapu Fini|Tapu Fini|88/100
|-fieldstart|move: Misty Terrain|[from] ability: Misty Surge|[of] p2a: Tapu Fini
|move|p1a: Mandibuzz|Foul Play|p2a: Tapu Fini
|-resisted|p2a: Tapu Fini
|-damage|p2a: Tapu Fini|82/100
|
|-heal|p2a: Tapu Fini|88/100|[from] item: Leftovers
|upkeep
|turn|55
|
|t:|1641963308
|switch|p2a: Melmetal|Melmetal|88/100
|switch|p1a: Swampert|Swampert, F|54/100
|
|-heal|p1a: Swampert|61/100|[from] item: Leftovers
|upkeep
|turn|56
|
|t:|1641963318
|move|p1a: Swampert|Flip Turn|p2a: Melmetal
|-damage|p2a: Melmetal|76/100
|l| TalonSFlames
|
|t:|1641963325
|switch|p1a: Mandibuzz|Mandibuzz, F, shiny|100/100|[from]move: Flip Turn
|move|p2a: Melmetal|Earthquake|p1a: Mandibuzz
|-immune|p1a: Mandibuzz
|
|upkeep
|turn|57
|
|t:|1641963344
|switch|p1a: Magnezone|Magnezone, shiny|22/100
|switch|p2a: Slowking|Slowking-Galar, F|100/100
|
|-heal|p1a: Magnezone|28/100|[from] item: Leftovers
|upkeep
|turn|58
|
|t:|1641963351
|switch|p1a: Swampert|Swampert, F|61/100
|move|p2a: Slowking|Future Sight|p1a: Swampert
|-start|p2a: Slowking|move: Future Sight
|
|-heal|p1a: Swampert|67/100|[from] item: Leftovers
|-fieldend|Misty Terrain
|upkeep
|turn|59
|
|t:|1641963360
|switch|p2a: Buzzwole|Buzzwole|65/100
|move|p1a: Swampert|Stealth Rock|p2a: Buzzwole
|-sidestart|p2: POLYKlNG|move: Stealth Rock
|
|-heal|p1a: Swampert|73/100|[from] item: Leftovers
|upkeep
|turn|60
|
|t:|1641963371
|switch|p2a: Tapu Fini|Tapu Fini|88/100
|-damage|p2a: Tapu Fini|75/100|[from] Stealth Rock
|-fieldstart|move: Misty Terrain|[from] ability: Misty Surge|[of] p2a: Tapu Fini
|move|p1a: Swampert|Flip Turn|p2a: Tapu Fini
|-resisted|p2a: Tapu Fini
|-damage|p2a: Tapu Fini|68/100
|
|t:|1641963379
|switch|p1a: Mandibuzz|Mandibuzz, F, shiny|100/100|[from]move: Flip Turn
|
|-end|p1a: Mandibuzz|move: Future Sight
|-immune|p1a: Mandibuzz
|-heal|p2a: Tapu Fini|74/100|[from] item: Leftovers
|upkeep
|turn|61
|
|t:|1641963390
|switch|p1a: Swampert|Swampert, F|73/100
|move|p2a: Tapu Fini|Defog|p1a: Swampert
|-unboost|p1a: Swampert|evasion|1
|-sideend|p2: POLYKlNG|Stealth Rock|[from] move: Defog|[of] p2a: Tapu Fini
|-fieldend|Misty Terrain
|
|-heal|p2a: Tapu Fini|80/100|[from] item: Leftovers
|-heal|p1a: Swampert|79/100|[from] item: Leftovers
|upkeep
|turn|62
|
|t:|1641963418
|switch|p2a: Slowking|Slowking-Galar, F|100/100
|move|p1a: Swampert|Earthquake|p2a: Slowking
|-supereffective|p2a: Slowking
|-damage|p2a: Slowking|21/100
|
|-heal|p1a: Swampert|85/100|[from] item: Leftovers
|upkeep
|turn|63
|
|t:|1641963426
|switch|p2a: Buzzwole|Buzzwole|65/100
|move|p1a: Swampert|Earthquake|p2a: Buzzwole
|-resisted|p2a: Buzzwole
|-damage|p2a: Buzzwole|56/100
|
|-heal|p1a: Swampert|92/100|[from] item: Leftovers
|upkeep
|turn|64
|inactive|Patrick2.O has 90 seconds left.
|
|t:|1641963436
|move|p2a: Buzzwole|Roost|p2a: Buzzwole
|-heal|p2a: Buzzwole|100/100
|-singleturn|p2a: Buzzwole|move: Roost
|move|p1a: Swampert|Stealth Rock|p2a: Buzzwole
|-sidestart|p2: POLYKlNG|move: Stealth Rock
|
|-heal|p1a: Swampert|98/100|[from] item: Leftovers
|upkeep
|turn|65
|inactive|Patrick2.O has 90 seconds left.
|c|☆POLYKlNG|I'm trying to figure out that last move
|c|☆POLYKlNG|Is it ice punch or sum?
|
|t:|1641963456
|move|p2a: Buzzwole|Earthquake|p1a: Swampert
|-damage|p1a: Swampert|65/100
|move|p1a: Swampert|Yawn|p2a: Buzzwole
|-start|p2a: Buzzwole|move: Yawn|[of] p1a: Swampert
|
|-heal|p1a: Swampert|71/100|[from] item: Leftovers
|upkeep
|turn|66
|inactive|Patrick2.O has 90 seconds left.
|c|☆POLYKlNG|Lmao
|c|☆Patrick2.O|there lol
|
|t:|1641963473
|switch|p2a: Tapu Fini|Tapu Fini|80/100
|-damage|p2a: Tapu Fini|67/100|[from] Stealth Rock
|-fieldstart|move: Misty Terrain|[from] ability: Misty Surge|[of] p2a: Tapu Fini
|move|p1a: Swampert|Earthquake|p2a: Tapu Fini
|-damage|p2a: Tapu Fini|44/100
|
|-heal|p2a: Tapu Fini|50/100|[from] item: Leftovers
|-heal|p1a: Swampert|77/100|[from] item: Leftovers
|upkeep
|turn|67
|inactive|Patrick2.O has 90 seconds left.
|
|t:|1641963485
|move|p2a: Tapu Fini|Draining Kiss|p1a: Swampert
|-damage|p1a: Swampert|67/100
|-heal|p2a: Tapu Fini|59/100|[from] drain|[of] p1a: Swampert
|move|p1a: Swampert|Earthquake|p2a: Tapu Fini
|-damage|p2a: Tapu Fini|37/100
|
|-heal|p2a: Tapu Fini|43/100|[from] item: Leftovers
|-heal|p1a: Swampert|73/100|[from] item: Leftovers
|upkeep
|turn|68
|inactive|Patrick2.O has 90 seconds left.
|
|t:|1641963500
|switch|p2a: Buzzwole|Buzzwole|100/100
|-damage|p2a: Buzzwole|88/100|[from] Stealth Rock
|move|p1a: Swampert|Earthquake|p2a: Buzzwole
|-resisted|p2a: Buzzwole
|-damage|p2a: Buzzwole|79/100
|
|-heal|p1a: Swampert|79/100|[from] item: Leftovers
|upkeep
|turn|69
|
|t:|1641963510
|switch|p1a: Mandibuzz|Mandibuzz, F, shiny|100/100
|move|p2a: Buzzwole|Ice Punch|p1a: Mandibuzz
|-supereffective|p1a: Mandibuzz
|-damage|p1a: Mandibuzz|72/100
|
|upkeep
|turn|70
|
|t:|1641963525
|switch|p2a: Tapu Lele|Tapu Lele|40/100
|-damage|p2a: Tapu Lele|27/100|[from] Stealth Rock
|-fieldstart|move: Psychic Terrain|[from] ability: Psychic Surge|[of] p2a: Tapu Lele
|move|p1a: Mandibuzz|Roost|p1a: Mandibuzz
|-heal|p1a: Mandibuzz|100/100
|-singleturn|p1a: Mandibuzz|move: Roost
|
|upkeep
|turn|71
|
|t:|1641963534
|move|p2a: Tapu Lele|Moonblast|p1a: Mandibuzz
|-supereffective|p1a: Mandibuzz
|-damage|p1a: Mandibuzz|0 fnt
|faint|p1a: Mandibuzz
|
|upkeep
|c|☆POLYKlNG|Finally
|
|t:|1641963543
|switch|p1a: Ninetales|Ninetales-Alola, M|29/100
|-weather|Hail|[from] ability: Snow Warning|[of] p1a: Ninetales
|turn|72
|
|t:|1641963551
|switch|p2a: Slowking|Slowking-Galar, F|54/100
|-damage|p2a: Slowking|42/100|[from] Stealth Rock
|move|p1a: Ninetales|Aurora Veil|p1a: Ninetales
|-sidestart|p1: Patrick2.O|move: Aurora Veil
|
|-weather|Hail|[upkeep]
|-damage|p2a: Slowking|36/100|[from] Hail
|upkeep
|turn|73
|
|t:|1641963560
|switch|p2a: Tapu Fini|Tapu Fini|43/100
|-damage|p2a: Tapu Fini|30/100|[from] Stealth Rock
|-fieldstart|move: Misty Terrain|[from] ability: Misty Surge|[of] p2a: Tapu Fini
|move|p1a: Ninetales|Hypnosis|p2a: Tapu Fini
|-activate|p2a: Tapu Fini|move: Misty Terrain
|
|-weather|Hail|[upkeep]
|-damage|p2a: Tapu Fini|24/100|[from] Hail
|-heal|p2a: Tapu Fini|30/100|[from] item: Leftovers
|upkeep
|turn|74
|
|t:|1641963572
|switch|p1a: Magnezone|Magnezone, shiny|28/100
|switch|p2a: Slowking|Slowking-Galar, F|69/100
|-damage|p2a: Slowking|56/100|[from] Stealth Rock
|
|-weather|Hail|[upkeep]
|-damage|p1a: Magnezone|22/100|[from] Hail
|-damage|p2a: Slowking|50/100|[from] Hail
|-heal|p1a: Magnezone|28/100|[from] item: Leftovers
|upkeep
|turn|75
|
|t:|1641963585
|switch|p1a: Arctozolt|Arctozolt|100/100
|move|p2a: Slowking|Future Sight|p1a: Arctozolt
|-start|p2a: Slowking|move: Future Sight
|
|-weather|Hail|[upkeep]
|-damage|p2a: Slowking|44/100|[from] Hail
|upkeep
|turn|76
|
|t:|1641963607
|switch|p2a: Dragonite|Dragonite, M|40/100
|move|p1a: Arctozolt|Bolt Beak|p2a: Dragonite
|-damage|p2a: Dragonite|0 fnt
|faint|p2a: Dragonite
|
|-weather|Hail|[upkeep]
|-sideend|p1: Patrick2.O|move: Aurora Veil
|upkeep
|
|t:|1641963613
|switch|p2a: Buzzwole|Buzzwole|79/100
|-damage|p2a: Buzzwole|67/100|[from] Stealth Rock
|turn|77
|inactive|Patrick2.O has 120 seconds left.
|
|t:|1641963619
|move|p1a: Arctozolt|Blizzard|p2a: Buzzwole
|-damage|p2a: Buzzwole|17/100
|move|p2a: Buzzwole|Roost|p2a: Buzzwole
|-heal|p2a: Buzzwole|67/100
|-singleturn|p2a: Buzzwole|move: Roost
|
|-weather|Hail|[upkeep]
|-damage|p2a: Buzzwole|61/100|[from] Hail
|-end|p1a: Arctozolt|move: Future Sight
|-damage|p1a: Arctozolt|34/100
|-heal|p1a: Arctozolt|40/100|[from] item: Leftovers
|-fieldend|Misty Terrain
|upkeep
|turn|78
|inactive|Patrick2.O has 120 seconds left.
|
|t:|1641963630
|move|p1a: Arctozolt|Blizzard|p2a: Buzzwole
|-damage|p2a: Buzzwole|12/100
|move|p2a: Buzzwole|Roost|p2a: Buzzwole
|-heal|p2a: Buzzwole|62/100
|-singleturn|p2a: Buzzwole|move: Roost
|
|-weather|Hail|[upkeep]
|-damage|p2a: Buzzwole|56/100|[from] Hail
|-heal|p1a: Arctozolt|46/100|[from] item: Leftovers
|upkeep
|turn|79
|
|t:|1641963640
|move|p1a: Arctozolt|Blizzard|p2a: Buzzwole
|-damage|p2a: Buzzwole|2/100
|move|p2a: Buzzwole|Close Combat|p1a: Arctozolt
|-supereffective|p1a: Arctozolt
|-damage|p1a: Arctozolt|0 fnt
|-unboost|p2a: Buzzwole|def|1
|-unboost|p2a: Buzzwole|spd|1
|faint|p1a: Arctozolt
|-ability|p2a: Buzzwole|Beast Boost|boost
|-boost|p2a: Buzzwole|def|1
|
|-weather|none
|upkeep
|inactive|Patrick2.O has 120 seconds left.
|
|t:|1641963655
|switch|p1a: Ninetales|Ninetales-Alola, M|29/100
|-weather|Hail|[from] ability: Snow Warning|[of] p1a: Ninetales
|turn|80
|
|t:|1641963660
|move|p1a: Ninetales|Freeze-Dry|p2a: Buzzwole
|-damage|p2a: Buzzwole|0 fnt
|faint|p2a: Buzzwole
|
|-weather|Hail|[upkeep]
|upkeep
|
|t:|1641963668
|switch|p2a: Slowking|Slowking-Galar, F|77/100
|-damage|p2a: Slowking|65/100|[from] Stealth Rock
|turn|81
|
|t:|1641963676
|move|p1a: Ninetales|Hypnosis|p2a: Slowking
|-status|p2a: Slowking|slp|[from] move: Hypnosis
|cant|p2a: Slowking|slp
|
|-weather|Hail|[upkeep]
|-damage|p2a: Slowking|59/100 slp|[from] Hail
|upkeep
|turn|82
|
|t:|1641963682
|move|p1a: Ninetales|Aurora Veil|p1a: Ninetales
|-sidestart|p1: Patrick2.O|move: Aurora Veil
|cant|p2a: Slowking|slp
|
|-weather|Hail|[upkeep]
|-damage|p2a: Slowking|53/100 slp|[from] Hail
|upkeep
|turn|83
|
|t:|1641963692
|switch|p1a: Swampert|Swampert, F|79/100
|-curestatus|p2a: Slowking|slp|[msg]
|move|p2a: Slowking|Sludge Bomb|p1a: Swampert
|-resisted|p1a: Swampert
|-damage|p1a: Swampert|75/100
|-status|p1a: Swampert|psn
|
|-weather|Hail|[upkeep]
|-damage|p1a: Swampert|68/100 psn|[from] Hail
|-damage|p2a: Slowking|47/100|[from] Hail
|-heal|p1a: Swampert|75/100 psn|[from] item: Leftovers
|-damage|p1a: Swampert|62/100 psn|[from] psn
|upkeep
|turn|84
|inactive|POLYKlNG has 120 seconds left.
|inactive|POLYKlNG has 90 seconds left.
|c|☆Patrick2.O|this is the longest match against a non-stall team ever
|inactive|POLYKlNG has 60 seconds left.
|c|☆POLYKlNG|Fax
|inactive|POLYKlNG has 30 seconds left.
|
|t:|1641963813
|switch|p2a: Tapu Fini|Tapu Fini|30/100
|-damage|p2a: Tapu Fini|18/100|[from] Stealth Rock
|-fieldstart|move: Misty Terrain|[from] ability: Misty Surge|[of] p2a: Tapu Fini
|move|p1a: Swampert|Earthquake|p2a: Tapu Fini
|-damage|p2a: Tapu Fini|0 fnt
|faint|p2a: Tapu Fini
|
|-weather|Hail|[upkeep]
|-damage|p1a: Swampert|56/100 psn|[from] Hail
|-heal|p1a: Swampert|62/100 psn|[from] item: Leftovers
|-damage|p1a: Swampert|50/100 psn|[from] psn
|upkeep
|inactive|POLYKlNG has 30 seconds left.
|
|t:|1641963828
|switch|p2a: Tapu Lele|Tapu Lele|27/100
|-damage|p2a: Tapu Lele|15/100|[from] Stealth Rock
|-fieldstart|move: Psychic Terrain|[from] ability: Psychic Surge|[of] p2a: Tapu Lele
|turn|85
|inactive|POLYKlNG has 30 seconds left.
|j| mufsimuhc
|inactive|POLYKlNG has 20 seconds left.
|inactive|POLYKlNG has 15 seconds left.
|
|t:|1641963849
|move|p2a: Tapu Lele|Psyshock|p1a: Swampert
|-damage|p1a: Swampert|13/100 psn
|move|p1a: Swampert|Earthquake|p2a: Tapu Lele
|-damage|p2a: Tapu Lele|0 fnt
|faint|p2a: Tapu Lele
|
|-weather|Hail|[upkeep]
|-damage|p1a: Swampert|6/100 psn|[from] Hail
|-heal|p1a: Swampert|13/100 psn|[from] item: Leftovers
|-damage|p1a: Swampert|0 fnt|[from] psn
|faint|p1a: Swampert
|upkeep
|inactive|POLYKlNG has 25 seconds left this turn.
|inactive|POLYKlNG has 20 seconds left.
|inactive|POLYKlNG has 15 seconds left.
|
|t:|1641963863
|switch|p2a: Slowking|Slowking-Galar, F|80/100
|switch|p1a: Dragapult|Dragapult, F|77/100
|-damage|p2a: Slowking|68/100|[from] Stealth Rock
|turn|86
|inactive|POLYKlNG has 25 seconds left this turn.
|inactive|POLYKlNG has 20 seconds left.
|
|t:|1641963870
|switch|p2a: Melmetal|Melmetal|76/100
|-damage|p2a: Melmetal|70/100|[from] Stealth Rock
|move|p1a: Dragapult|Phantom Force||[still]
|-prepare|p1a: Dragapult|Phantom Force
|
|-weather|Hail|[upkeep]
|-damage|p1a: Dragapult|71/100|[from] Hail
|-damage|p2a: Melmetal|64/100|[from] Hail
|-sideend|p1: Patrick2.O|move: Aurora Veil
|upkeep
|turn|87
|inactive|POLYKlNG has 30 seconds left this turn.
|
|t:|1641963878
|move|p1a: Dragapult|Phantom Force|p2a: Melmetal|[from]lockedmove
|-damage|p2a: Melmetal|31/100
|move|p2a: Melmetal|Double Iron Bash|p1a: Dragapult
|-damage|p1a: Dragapult|0 fnt
|faint|p1a: Dragapult
|-hitcount|p1: Dragapult|1
|
|-weather|none
|upkeep
|
|t:|1641963886
|switch|p1a: Magnezone|Magnezone, shiny|28/100
|turn|88
|c|☆POLYKlNG|It all comes down to this\
|
|t:|1641963904
|move|p1a: Magnezone|Magnet Rise|p1a: Magnezone
|-start|p1a: Magnezone|Magnet Rise
|move|p2a: Melmetal|Double Iron Bash|p1a: Magnezone
|-resisted|p1a: Magnezone
|-damage|p1a: Magnezone|16/100
|-resisted|p1a: Magnezone
|-damage|p1a: Magnezone|3/100
|-hitcount|p1a: Magnezone|2
|
|-heal|p1a: Magnezone|9/100|[from] item: Leftovers
|upkeep
|turn|89
|c|☆POLYKlNG|I'm banded bro
|c|☆Patrick2.O|lol
|
|t:|1641963919
|move|p1a: Magnezone|Discharge|p2a: Melmetal
|-damage|p2a: Melmetal|0 fnt
|faint|p2a: Melmetal
|
|-heal|p1a: Magnezone|15/100|[from] item: Leftovers
|-fieldend|move: Psychic Terrain
|upkeep
|
|t:|1641963922
|switch|p2a: Slowking|Slowking-Galar, F|100/100
|-damage|p2a: Slowking|88/100|[from] Stealth Rock
|turn|90
|
|t:|1641963930
|move|p1a: Magnezone|Discharge|p2a: Slowking
|-damage|p2a: Slowking|73/100
|move|p2a: Slowking|Surf|p1a: Magnezone
|-damage|p1a: Magnezone|0 fnt
|faint|p1a: Magnezone
|
|upkeep
|c|☆Patrick2.O|gg
|c|☆POLYKlNG|I have to beat hypnosis now
|c|☆POLYKlNG|oh
|
|t:|1641963942
|switch|p1a: Ninetales|Ninetales-Alola, M|29/100
|-weather|Hail|[from] ability: Snow Warning|[of] p1a: Ninetales
|turn|91
|c|☆Patrick2.O|yeah but still i think its gg
|c|☆Patrick2.O|i cant damage you
|
|t:|1641963952
|move|p1a: Ninetales|Hypnosis|p2a: Slowking
|-status|p2a: Slowking|slp|[from] move: Hypnosis
|cant|p2a: Slowking|slp
|
|-weather|Hail|[upkeep]
|-damage|p2a: Slowking|66/100 slp|[from] Hail
|upkeep
|turn|92
|
|t:|1641963959
|move|p1a: Ninetales|Freeze-Dry|p2a: Slowking
|-damage|p2a: Slowking|58/100 slp
|cant|p2a: Slowking|slp
|
|-weather|Hail|[upkeep]
|-damage|p2a: Slowking|52/100 slp|[from] Hail
|upkeep
|turn|93
|
|t:|1641963966
|move|p1a: Ninetales|Freeze-Dry|p2a: Slowking
|-damage|p2a: Slowking|44/100 slp
|cant|p2a: Slowking|slp
|
|-weather|Hail|[upkeep]
|-damage|p2a: Slowking|38/100 slp|[from] Hail
|upkeep
|turn|94
|c|☆POLYKlNG|yeah gg
|
|t:|1641963973
|move|p1a: Ninetales|Aurora Veil|p1a: Ninetales
|-sidestart|p1: Patrick2.O|move: Aurora Veil
|-curestatus|p2a: Slowking|slp|[msg]
|move|p2a: Slowking|Sludge Bomb|p1a: Ninetales
|-supereffective|p1a: Ninetales
|-damage|p1a: Ninetales|0 fnt
|faint|p1a: Ninetales
|
|win|POLYKlNG
|raw|Patrick2.O's rating: 1552 &rarr; <strong>1530</strong><br />(-22 for losing)
|raw|POLYKlNG's rating: 1524 &rarr; <strong>1546</strong><br />(+22 for winning)
