|j|☆Kikoobuster
|j|☆Dr. Elite
|t:|1643101699
|gametype|singles
|player|p1|Kikoobuster|102|1747
|player|p2|Dr. Elite|#drelite|1867
|teamsize|p1|6
|teamsize|p2|6
|gen|8
|tier|[Gen 8] OU
|rated|
|rule|Sleep Clause Mod: Limit one foe put to sleep
|rule|Species Clause: Limit one of each Pokémon
|rule|OHKO Clause: OHKO moves are banned
|rule|Evasion Moves Clause: Evasion moves are banned
|rule|Endless Battle Clause: Forcing endless battles is banned
|rule|HP Percentage Mod: HP is shown in percentages
|rule|Dynamax Clause: You cannot dynamax
|clearpoke
|poke|p1|Lycanroc-Dusk, F|
|poke|p1|Excadrill, M|
|poke|p1|Hawlucha, F|
|poke|p1|Azumarill, F|
|poke|p1|Zeraora|
|poke|p1|Rillaboom, M|
|poke|p2|Gardevoir, F|
|poke|p2|Clefable, F|
|poke|p2|Togekiss, M|
|poke|p2|Hatterene, F|
|poke|p2|Klefki, F|
|poke|p2|Primarina, F|
|teampreview
|
|t:|1643101707
|start
|switch|p1a: Lycanroc|Lycanroc-Dusk, F|100/100
|switch|p2a: Goodness|Primarina, F|100/100
|turn|1
|
|t:|1643101710
|move|p1a: Lycanroc|Stealth Rock|p2a: Goodness
|-sidestart|p2: Dr. Elite|move: Stealth Rock
|move|p2a: Goodness|Scald|p1a: Lycanroc
|-supereffective|p1a: Lycanroc
|-enditem|p1a: Lycanroc|Focus Sash
|-damage|p1a: Lycanroc|1/100
|
|upkeep
|turn|2
|c|☆Dr. Elite|Please do not Endeavor me...
|c|☆Kikoobuster|sorry
|c|☆Dr. Elite|Okay...
|
|t:|1643101735
|switch|p2a: Kindness|Klefki, F|100/100
|-damage|p2a: Kindness|95/100|[from] Stealth Rock
|move|p1a: Lycanroc|Endeavor|p2a: Kindness
|-damage|p2a: Kindness|1/100
|
|upkeep
|turn|3
|
|t:|1643101742
|move|p1a: Lycanroc|Accelerock|p2a: Kindness
|-resisted|p2a: Kindness
|-crit|p2a: Kindness
|-damage|p2a: Kindness|0 fnt
|faint|p2a: Kindness
|
|upkeep
|c|☆Dr. Elite|Oh man
|
|t:|1643101764
|switch|p2a: Love|Gardevoir, F|100/100
|-damage|p2a: Love|88/100|[from] Stealth Rock
|-ability|p2a: Love|Tough Claws|[from] ability: Trace|[of] p1a: Lycanroc
|turn|4
|
|t:|1643101768
|move|p1a: Lycanroc|Endeavor|p2a: Love
|-damage|p2a: Love|1/100
|move|p2a: Love|Draining Kiss|p1a: Lycanroc
|-damage|p1a: Lycanroc|0 fnt
|-heal|p2a: Love|1/100|[from] drain|[of] p1a: Lycanroc
|faint|p1a: Lycanroc
|
|upkeep
|
|t:|1643101776
|switch|p1a: Rillaboom|Rillaboom, M|100/100
|-fieldstart|move: Grassy Terrain|[from] ability: Grassy Surge|[of] p1a: Rillaboom
|turn|5
|
|t:|1643101787
|move|p1a: Rillaboom|U-turn|p2a: Love
|-damage|p2a: Love|0 fnt
|faint|p2a: Love
|
|t:|1643101796
|switch|p1a: Hawlucha|Hawlucha, F|100/100|[from]move: U-turn
|-enditem|p1a: Hawlucha|Grassy Seed
|-boost|p1a: Hawlucha|def|1|[from] item: Grassy Seed
|
|upkeep
|
|t:|1643101799
|switch|p2a: Joy|Clefable, F|100/100
|-damage|p2a: Joy|88/100|[from] Stealth Rock
|turn|6
|
|t:|1643101801
|move|p1a: Hawlucha|Taunt|p2a: Joy
|-start|p2a: Joy|move: Taunt
|cant|p2a: Joy|move: Taunt|Calm Mind
|
|-heal|p2a: Joy|94/100|[from] Grassy Terrain
|upkeep
|turn|7
|
|t:|1643101803
|move|p1a: Hawlucha|Acrobatics|p2a: Joy
|-damage|p2a: Joy|57/100
|-enditem|p2a: Joy|Kee Berry|[eat]
|-boost|p2a: Joy|def|1|[from] item: Kee Berry
|move|p2a: Joy|Draining Kiss|p1a: Hawlucha
|-supereffective|p1a: Hawlucha
|-damage|p1a: Hawlucha|46/100
|-heal|p2a: Joy|88/100|[from] drain|[of] p1a: Hawlucha
|
|-heal|p2a: Joy|94/100|[from] Grassy Terrain
|upkeep
|turn|8
|
|t:|1643101806
|move|p1a: Hawlucha|Acrobatics|p2a: Joy
|-damage|p2a: Joy|66/100
|move|p2a: Joy|Draining Kiss|p1a: Hawlucha
|-supereffective|p1a: Hawlucha
|-damage|p1a: Hawlucha|0 fnt
|-heal|p2a: Joy|92/100|[from] drain|[of] p1a: Hawlucha
|faint|p1a: Hawlucha
|
|-heal|p2a: Joy|98/100|[from] Grassy Terrain
|-end|p2a: Joy|move: Taunt
|upkeep
|
|t:|1643101811
|switch|p1a: Zeraora|Zeraora|100/100
|turn|9
|
|t:|1643101813
|move|p1a: Zeraora|Taunt|p2a: Joy
|-start|p2a: Joy|move: Taunt
|cant|p2a: Joy|move: Taunt|Calm Mind
|
|-heal|p2a: Joy|100/100|[from] Grassy Terrain
|-fieldend|move: Grassy Terrain
|upkeep
|turn|10
|
|t:|1643101816
|move|p1a: Zeraora|Plasma Fists|p2a: Joy
|-damage|p2a: Joy|75/100
|-fieldactivate|move: Ion Deluge
|-hint|Normal-type moves become Electric-type after using Plasma Fists.
|move|p2a: Joy|Draining Kiss|p1a: Zeraora
|-damage|p1a: Zeraora|78/100
|-heal|p2a: Joy|89/100|[from] drain|[of] p1a: Zeraora
|
|upkeep
|turn|11
|
|t:|1643101819
|move|p1a: Zeraora|Plasma Fists|p2a: Joy
|-damage|p2a: Joy|67/100
|-fieldactivate|move: Ion Deluge
|-hint|Normal-type moves become Electric-type after using Plasma Fists.
|move|p2a: Joy|Draining Kiss|p1a: Zeraora
|-damage|p1a: Zeraora|58/100
|-heal|p2a: Joy|79/100|[from] drain|[of] p1a: Zeraora
|
|-end|p2a: Joy|move: Taunt
|upkeep
|turn|12
|
|t:|1643101823
|move|p1a: Zeraora|Taunt|p2a: Joy
|-start|p2a: Joy|move: Taunt
|move|p2a: Joy|Draining Kiss|p1a: Zeraora
|-damage|p1a: Zeraora|36/100
|-heal|p2a: Joy|92/100|[from] drain|[of] p1a: Zeraora
|
|upkeep
|turn|13
|
|t:|1643101825
|move|p1a: Zeraora|Plasma Fists|p2a: Joy
|-damage|p2a: Joy|68/100
|-fieldactivate|move: Ion Deluge
|-hint|Normal-type moves become Electric-type after using Plasma Fists.
|move|p2a: Joy|Draining Kiss|p1a: Zeraora
|-damage|p1a: Zeraora|13/100
|-heal|p2a: Joy|82/100|[from] drain|[of] p1a: Zeraora
|
|upkeep
|turn|14
|
|t:|1643101830
|move|p1a: Zeraora|Plasma Fists|p2a: Joy
|-damage|p2a: Joy|58/100
|-fieldactivate|move: Ion Deluge
|-hint|Normal-type moves become Electric-type after using Plasma Fists.
|move|p2a: Joy|Draining Kiss|p1a: Zeraora
|-damage|p1a: Zeraora|0 fnt
|-heal|p2a: Joy|66/100|[from] drain|[of] p1a: Zeraora
|faint|p1a: Zeraora
|
|-end|p2a: Joy|move: Taunt
|upkeep
|
|t:|1643101832
|switch|p1a: Excadrill|Excadrill, M|100/100
|-ability|p1a: Excadrill|Mold Breaker
|turn|15
|
|t:|1643101836
|move|p1a: Excadrill|Iron Head|p2a: Joy
|-supereffective|p2a: Joy
|-damage|p2a: Joy|20/100
|move|p2a: Joy|Flamethrower|p1a: Excadrill
|-supereffective|p1a: Excadrill
|-damage|p1a: Excadrill|45/100
|
|upkeep
|turn|16
|
|t:|1643101844
|move|p1a: Excadrill|Iron Head|p2a: Joy
|-supereffective|p2a: Joy
|-damage|p2a: Joy|0 fnt
|faint|p2a: Joy
|
|upkeep
|
|t:|1643101846
|switch|p2a: Goodness|Primarina, F|100/100
|-damage|p2a: Goodness|88/100|[from] Stealth Rock
|turn|17
|
|t:|1643101851
|switch|p1a: Azumarill|Azumarill, F|100/100
|move|p2a: Goodness|Scald|p1a: Azumarill
|-resisted|p1a: Azumarill
|-damage|p1a: Azumarill|82/100
|
|-heal|p2a: Goodness|94/100|[from] item: Leftovers
|upkeep
|turn|18
|
|t:|1643101864
|move|p1a: Azumarill|Play Rough|p2a: Goodness
|-damage|p2a: Goodness|48/100
|move|p2a: Goodness|Scald|p1a: Azumarill
|-resisted|p1a: Azumarill
|-damage|p1a: Azumarill|62/100
|
|-heal|p2a: Goodness|54/100|[from] item: Leftovers
|upkeep
|turn|19
|
|t:|1643101873
|switch|p2a: Patience|Hatterene, F|100/100
|-damage|p2a: Patience|88/100|[from] Stealth Rock
|move|p1a: Azumarill|Belly Drum|p1a: Azumarill
|-damage|p1a: Azumarill|12/100
|-setboost|p1a: Azumarill|atk|6|[from] move: Belly Drum
|-enditem|p1a: Azumarill|Sitrus Berry|[eat]
|-heal|p1a: Azumarill|36/100|[from] item: Sitrus Berry
|
|upkeep
|turn|20
|j| Un0wn Player
|
|t:|1643101882
|move|p1a: Azumarill|Play Rough|p2a: Patience
|-damage|p2a: Patience|0 fnt
|faint|p2a: Patience
|
|upkeep
|
|t:|1643101885
|switch|p2a: Goodness|Primarina, F|54/100
|-damage|p2a: Goodness|41/100|[from] Stealth Rock
|turn|21
|
|t:|1643101888
|move|p1a: Azumarill|Play Rough|p2a: Goodness
|-damage|p2a: Goodness|0 fnt
|faint|p2a: Goodness
|
|upkeep
|
|t:|1643101891
|switch|p2a: Peace|Togekiss, M, shiny|100/100
|-damage|p2a: Peace|75/100|[from] Stealth Rock
|turn|22
|
|t:|1643101893
|move|p1a: Azumarill|Aqua Jet|p2a: Peace
|-damage|p2a: Peace|0 fnt
|faint|p2a: Peace
|
|win|Kikoobuster
|raw|Kikoobuster's rating: 1747 &rarr; <strong>1774</strong><br />(+27 for winning)
|raw|Dr. Elite's rating: 1867 &rarr; <strong>1840</strong><br />(-27 for losing)
|c|☆Kikoobuster|gg
|c|☆Dr. Elite|Great job
|c|☆Kikoobuster|thanks
||Ladder isn't responding, score probably updated but might not have (Request timeout).
