|j|☆Umyboyblue
|j|☆ThedebatableReaper
|t:|1605799367
|player|p1|Umyboyblue|blue|1916
|player|p2|ThedebatableReaper|266|1885
|teamsize|p1|6
|teamsize|p2|6
|gametype|singles
|gen|8
|tier|[Gen 8] OU
|rated|
|clearpoke
|poke|p1|Magearna-Original|
|poke|p1|Landorus-Therian, M|
|poke|p1|Dragonite, M|
|poke|p1|Pheromosa|
|poke|p1|Heatran, M|
|poke|p1|Cinderace, F|
|poke|p2|Latios, M|
|poke|p2|Cinderace, F|
|poke|p2|Heatran, M|
|poke|p2|Tapu Fini|
|poke|p2|Zapdos-Galar|
|poke|p2|Nidoking, M|
|rule|Sleep Clause Mod: Limit one foe put to sleep
|rule|Species Clause: Limit one of each Pokémon
|rule|OHKO Clause: OHKO moves are banned
|rule|Evasion Moves Clause: Evasion moves are banned
|rule|Endless Battle Clause: Forcing endless battles is banned
|rule|HP Percentage Mod: HP is shown in percentages
|rule|Dynamax Clause: You cannot dynamax
|teampreview
|j| M10
|j| assddff
|j| Limited_Toolkit
|j| MuesliDeCombat
|inactive|Battle timer is ON: inactive players will automatically lose when time's up. (requested by ThedebatableReaper)
|
|t:|1605799460
|start
|switch|p1a: Pheromosa|Pheromosa, shiny|100/100
|switch|p2a: Zapdos|Zapdos-Galar|100/100
|turn|1
|
|t:|1605799470
|switch|p1a: Heatran|Heatran, M|100/100
|move|p2a: Zapdos|Drill Peck|p1a: Heatran
|-resisted|p1a: Heatran
|-damage|p1a: Heatran|84/100
|
|-heal|p1a: Heatran|90/100|[from] item: Leftovers
|upkeep
|turn|2
|
|t:|1605799481
|switch|p2a: Tapu Fini|Tapu Fini|100/100
|-fieldstart|move: Misty Terrain|[from] ability: Misty Surge|[of] p2a: Tapu Fini
|move|p1a: Heatran|Magma Storm|p2a: Tapu Fini
|-resisted|p2a: Tapu Fini
|-damage|p2a: Tapu Fini|84/100
|-activate|p2a: Tapu Fini|move: Magma Storm|[of] p1a: Heatran
|
|-heal|p1a: Heatran|97/100|[from] item: Leftovers
|-heal|p2a: Tapu Fini|90/100|[from] item: Leftovers
|-damage|p2a: Tapu Fini|78/100|[from] move: Magma Storm|[partiallytrapped]
|upkeep
|turn|3
|
|t:|1605799502
|move|p1a: Heatran|Taunt|p2a: Tapu Fini
|-start|p2a: Tapu Fini|move: Taunt
|move|p2a: Tapu Fini|Surf|p1a: Heatran
|-supereffective|p1a: Heatran
|-damage|p1a: Heatran|53/100
|
|-heal|p1a: Heatran|59/100|[from] item: Leftovers
|-heal|p2a: Tapu Fini|84/100|[from] item: Leftovers
|-damage|p2a: Tapu Fini|72/100|[from] move: Magma Storm|[partiallytrapped]
|upkeep
|turn|4
|
|t:|1605799512
|move|p1a: Heatran|Stealth Rock|p2a: Tapu Fini
|-sidestart|p2: ThedebatableReaper|move: Stealth Rock
|move|p2a: Tapu Fini|Surf|p1a: Heatran
|-supereffective|p1a: Heatran
|-damage|p1a: Heatran|18/100
|
|-heal|p1a: Heatran|25/100|[from] item: Leftovers
|-heal|p2a: Tapu Fini|78/100|[from] item: Leftovers
|-damage|p2a: Tapu Fini|66/100|[from] move: Magma Storm|[partiallytrapped]
|upkeep
|turn|5
|j| zebcd
|j| heat conductor
|j| TheRealVaetosh
|j| dgdfnvbnzxcvdfg
|j| vip10086
|inactive|Umyboyblue has 120 seconds left.
|l| zebcd
|j| 0wt0rez
|inactive|Umyboyblue has 90 seconds left.
|
|t:|1605799578
|move|p1a: Heatran|Earth Power|p2a: Tapu Fini
|-damage|p2a: Tapu Fini|44/100
|-unboost|p2a: Tapu Fini|spd|1
|move|p2a: Tapu Fini|Surf|p1a: Heatran
|-supereffective|p1a: Heatran
|-damage|p1a: Heatran|0 fnt
|faint|p1a: Heatran
|
|-heal|p2a: Tapu Fini|50/100|[from] item: Leftovers
|-end|p2a: Tapu Fini|Magma Storm|[partiallytrapped]|[silent]
|-end|p2a: Tapu Fini|move: Taunt
|upkeep
|j| zebcd
|
|t:|1605799587
|switch|p1a: Cinderace|Cinderace, F|100/100
|turn|6
|inactive|Umyboyblue has 90 seconds left.
|
|t:|1605799592
|move|p1a: Cinderace|Gunk Shot|p2a: Tapu Fini
|-start|p1a: Cinderace|typechange|Poison|[from] ability: Libero
|-supereffective|p2a: Tapu Fini
|-damage|p2a: Tapu Fini|0 fnt
|faint|p2a: Tapu Fini
|
|-fieldend|Misty Terrain
|upkeep
|
|t:|1605799604
|switch|p2a: Cinderace|Cinderace, F|100/100
|turn|7
|l| zebcd
|j| Dragonmasteroli
|l| Dragonmasteroli
|inactive|Umyboyblue has 90 seconds left.
|j| Dragonmasteroli
|
|t:|1605799623
|move|p2a: Cinderace|Pyro Ball|p1a: Cinderace
|-damage|p1a: Cinderace|13/100
|-status|p1a: Cinderace|brn
|move|p1a: Cinderace|Gunk Shot|p2a: Cinderace
|-damage|p2a: Cinderace|54/100
|
|-damage|p1a: Cinderace|7/100 brn|[from] brn
|upkeep
|turn|8
|l| Dragonmasteroli
|
|t:|1605799636
|move|p1a: Cinderace|Sucker Punch|p2a: Cinderace
|-start|p1a: Cinderace|typechange|Dark|[from] ability: Libero
|-damage|p2a: Cinderace|27/100
|move|p2a: Cinderace|Sucker Punch||[still]
|-fail|p2a: Cinderace
|
|-damage|p1a: Cinderace|1/100 brn|[from] brn
|upkeep
|turn|9
|j| Deleting Threats
|j| LL Pop Smoke
|j| zebcd
|
|t:|1605799645
|move|p2a: Cinderace|Sucker Punch|p1a: Cinderace
|-start|p2a: Cinderace|typechange|Dark|[from] ability: Libero
|-resisted|p1a: Cinderace
|-damage|p1a: Cinderace|0 fnt
|faint|p1a: Cinderace
|
|upkeep
|j| AquaVanilla
|
|t:|1605799655
|switch|p1a: Pheromosa|Pheromosa, shiny|100/100
|turn|10
|
|t:|1605799666
|move|p1a: Pheromosa|Quiver Dance|p1a: Pheromosa
|-boost|p1a: Pheromosa|spa|1
|-boost|p1a: Pheromosa|spd|1
|-boost|p1a: Pheromosa|spe|1
|move|p2a: Cinderace|Pyro Ball|p1a: Pheromosa
|-start|p2a: Cinderace|typechange|Fire|[from] ability: Libero
|-supereffective|p1a: Pheromosa
|-damage|p1a: Pheromosa|0 fnt
|faint|p1a: Pheromosa
|
|upkeep
|
|t:|1605799671
|switch|p1a: Landorus|Landorus-Therian, M|100/100
|-ability|p1a: Landorus|Intimidate|boost
|-unboost|p2a: Cinderace|atk|1
|turn|11
|l| 0wt0rez
|
|t:|1605799692
|move|p1a: Landorus|Knock Off|p2a: Cinderace
|-damage|p2a: Cinderace|0 fnt
|-enditem|p2a: Cinderace|Heavy-Duty Boots|[from] move: Knock Off|[of] p1a: Landorus
|faint|p2a: Cinderace
|
|upkeep
|j| Omari P
|
|t:|1605799699
|switch|p2a: Nidoking|Nidoking, M|100/100
|-damage|p2a: Nidoking|95/100|[from] Stealth Rock
|turn|12
|
|t:|1605799705
|move|p1a: Landorus|Knock Off|p2a: Nidoking
|-damage|p2a: Nidoking|45/100
|-enditem|p2a: Nidoking|Life Orb|[from] move: Knock Off|[of] p1a: Landorus
|move|p2a: Nidoking|Ice Beam|p1a: Landorus
|-supereffective|p1a: Landorus
|-damage|p1a: Landorus|0 fnt
|faint|p1a: Landorus
|
|upkeep
|
|t:|1605799720
|switch|p1a: Dragonite|Dragonite, M|100/100
|turn|13
|
|t:|1605799726
|move|p2a: Nidoking|Ice Beam|p1a: Dragonite
|-supereffective|p1a: Dragonite
|-damage|p1a: Dragonite|32/100
|move|p1a: Dragonite|Dragon Dance|p1a: Dragonite
|-boost|p1a: Dragonite|atk|1
|-boost|p1a: Dragonite|spe|1
|
|upkeep
|turn|14
|
|t:|1605799732
|move|p1a: Dragonite|Extreme Speed|p2a: Nidoking
|-damage|p2a: Nidoking|0 fnt
|faint|p2a: Nidoking
|
|upkeep
|j| Jynx Nuggets
|
|t:|1605799737
|switch|p2a: Zapdos|Zapdos-Galar|100/100
|-damage|p2a: Zapdos|88/100|[from] Stealth Rock
|turn|15
|j| Tixzol
|j| Boi 240
|
|t:|1605799756
|move|p1a: Dragonite|Extreme Speed|p2a: Zapdos
|-damage|p2a: Zapdos|33/100
|move|p2a: Zapdos|Brave Bird|p1a: Dragonite
|-damage|p1a: Dragonite|0 fnt
|-damage|p2a: Zapdos|22/100|[from] Recoil
|faint|p1a: Dragonite
|
|upkeep
|j| wrfw
|l| Deleting Threats
|inactive|Umyboyblue has 120 seconds left.
|l| wrfw
|l| TheRealVaetosh
|l| zebcd
|-message|Umyboyblue forfeited.
|
|win|ThedebatableReaper
|l|☆Umyboyblue
|l| M10
|l|☆ThedebatableReaper
