|j|☆Cyber_CJ
|j|‽hypervortexreturns
|t:|1662805853
|gametype|singles
|player|p1|Cyber_CJ|2|1567
|player|p2|hypervortexreturns|170|1868
|teamsize|p1|6
|teamsize|p2|6
|gen|8
|tier|[Gen 8] OU
|rated|
|rule|Sleep Clause Mod: Limit one foe put to sleep
|rule|Species Clause: Limit one of each Pokémon
|rule|OHKO Clause: OHKO moves are banned
|rule|Evasion Items Clause: Evasion items are banned
|rule|Evasion Moves Clause: Evasion moves are banned
|rule|Endless Battle Clause: Forcing endless battles is banned
|rule|HP Percentage Mod: HP is shown in percentages
|rule|Dynamax Clause: You cannot dynamax
|clearpoke
|poke|p1|Tyranitar, F|
|poke|p1|Ferrothorn, M|
|poke|p1|Excadrill, F|
|poke|p1|Tornadus-Therian, M|
|poke|p1|Toxapex, F|
|poke|p1|Zapdos-Galar|
|poke|p2|Hydreigon, F|
|poke|p2|Excadrill, F|
|poke|p2|Azumarill, M|
|poke|p2|Corviknight, F|
|poke|p2|Zapdos|
|poke|p2|Tangrowth, F|
|teampreview
|inactive|Battle timer is ON: inactive players will automatically lose when time's up. (requested by Cyber_CJ)
|inactive|hypervortexreturns also wants the timer to be on.
|
|t:|1662805900
|start
|switch|p1a: Ferrothorn|Ferrothorn, M|100/100
|switch|p2a: Zapdos|Zapdos|100/100
|turn|1
|
|t:|1662805910
|switch|p2a: Tangrowth|Tangrowth, F|100/100
|switch|p1a: Tyranitar|Tyranitar, F|100/100
|-weather|Sandstorm|[from] ability: Sand Stream|[of] p1a: Tyranitar
|
|-weather|Sandstorm|[upkeep]
|-damage|p2a: Tangrowth|94/100|[from] Sandstorm
|upkeep
|turn|2
|
|t:|1662805921
|switch|p1a: Ferrothorn|Ferrothorn, M|100/100
|move|p2a: Tangrowth|Sleep Powder|p1a: Ferrothorn
|-immune|p1a: Ferrothorn
|
|-weather|Sandstorm|[upkeep]
|-damage|p2a: Tangrowth|88/100|[from] Sandstorm
|upkeep
|turn|3
|
|t:|1662805929
|move|p2a: Tangrowth|Knock Off|p1a: Ferrothorn
|-damage|p1a: Ferrothorn|87/100
|-damage|p2a: Tangrowth|76/100|[from] ability: Iron Barbs|[of] p1a: Ferrothorn
|-enditem|p1a: Ferrothorn|Leftovers|[from] move: Knock Off|[of] p2a: Tangrowth
|move|p1a: Ferrothorn|Stealth Rock|p2a: Tangrowth
|-sidestart|p2: hypervortexreturns|move: Stealth Rock
|
|-weather|Sandstorm|[upkeep]
|-damage|p2a: Tangrowth|70/100|[from] Sandstorm
|upkeep
|turn|4
|
|t:|1662805941
|move|p2a: Tangrowth|Focus Blast|p1a: Ferrothorn
|-supereffective|p1a: Ferrothorn
|-damage|p1a: Ferrothorn|32/100
|move|p1a: Ferrothorn|Knock Off|p2a: Tangrowth
|-damage|p2a: Tangrowth|59/100
|-damage|p1a: Ferrothorn|16/100|[from] item: Rocky Helmet|[of] p2a: Tangrowth
|-enditem|p2a: Tangrowth|Rocky Helmet|[from] move: Knock Off|[of] p1a: Ferrothorn
|
|-weather|Sandstorm|[upkeep]
|-damage|p2a: Tangrowth|53/100|[from] Sandstorm
|upkeep
|turn|5
|
|t:|1662805960
|switch|p1a: Tornadus|Tornadus-Therian, M|100/100
|move|p2a: Tangrowth|Focus Blast|p1a: Tornadus
|-resisted|p1a: Tornadus
|-damage|p1a: Tornadus|86/100
|
|-weather|none
|upkeep
|turn|6
|
|t:|1662805970
|switch|p1a: Tyranitar|Tyranitar, F|100/100
|-weather|Sandstorm|[from] ability: Sand Stream|[of] p1a: Tyranitar
|switch|p2a: Zapdos|Zapdos|100/100
|
|-weather|Sandstorm|[upkeep]
|-damage|p2a: Zapdos|94/100|[from] Sandstorm
|upkeep
|turn|7
|
|t:|1662805982
|switch|p2a: Tangrowth|Tangrowth, F|86/100
|-damage|p2a: Tangrowth|74/100|[from] Stealth Rock
|move|p1a: Tyranitar|Assurance|p2a: Tangrowth
|-damage|p2a: Tangrowth|15/100
|
|-weather|Sandstorm|[upkeep]
|-damage|p2a: Tangrowth|9/100|[from] Sandstorm
|upkeep
|turn|8
|
|t:|1662805995
|switch|p2a: Hydreigon|Hydreigon, F|100/100
|-damage|p2a: Hydreigon|88/100|[from] Stealth Rock
|move|p1a: Tyranitar|Assurance|p2a: Hydreigon
|-resisted|p2a: Hydreigon
|-damage|p2a: Hydreigon|41/100
|
|-weather|Sandstorm|[upkeep]
|-damage|p2a: Hydreigon|35/100|[from] Sandstorm
|-heal|p2a: Hydreigon|41/100|[from] item: Leftovers
|upkeep
|turn|9
|
|t:|1662806007
|move|p2a: Hydreigon|Roost|p2a: Hydreigon
|-heal|p2a: Hydreigon|91/100
|-singleturn|p2a: Hydreigon|move: Roost
|move|p1a: Tyranitar|Assurance|p2a: Hydreigon
|-resisted|p2a: Hydreigon
|-damage|p2a: Hydreigon|64/100
|
|-weather|Sandstorm|[upkeep]
|-damage|p2a: Hydreigon|58/100|[from] Sandstorm
|-heal|p2a: Hydreigon|64/100|[from] item: Leftovers
|upkeep
|turn|10
|
|t:|1662806019
|switch|p1a: Zapdos|Zapdos-Galar|100/100
|move|p2a: Hydreigon|Dark Pulse|p1a: Zapdos
|-resisted|p1a: Zapdos
|-damage|p1a: Zapdos|81/100
|
|-weather|none
|-heal|p2a: Hydreigon|70/100|[from] item: Leftovers
|upkeep
|turn|11
|
|t:|1662806035
|switch|p2a: Zapdos|Zapdos|94/100
|move|p1a: Zapdos|U-turn|p2a: Zapdos
|-resisted|p2a: Zapdos
|-damage|p2a: Zapdos|78/100
|
|t:|1662806039
|switch|p1a: Tyranitar|Tyranitar, F|100/100|[from]move: U-turn
|-weather|Sandstorm|[from] ability: Sand Stream|[of] p1a: Tyranitar
|
|-weather|Sandstorm|[upkeep]
|-damage|p2a: Zapdos|72/100|[from] Sandstorm
|upkeep
|turn|12
|
|t:|1662806072
|switch|p2a: Tangrowth|Tangrowth, F|42/100
|-damage|p2a: Tangrowth|30/100|[from] Stealth Rock
|move|p1a: Tyranitar|Stone Edge|p2a: Tangrowth
|-damage|p2a: Tangrowth|0 fnt
|faint|p2a: Tangrowth
|
|-weather|Sandstorm|[upkeep]
|upkeep
|j| usserrnnamme
|
|t:|1662806081
|switch|p2a: Excadrill|Excadrill, F|100/100
|-damage|p2a: Excadrill|97/100|[from] Stealth Rock
|-ability|p2a: Excadrill|Mold Breaker
|turn|13
|inactive|Cyber_CJ has 120 seconds left.
|j| Serendipitying
|l| Serendipitying
|j| Serendipitying
|l| Serendipitying
|
|t:|1662806136
|switch|p1a: Tornadus|Tornadus-Therian, M|100/100
|move|p2a: Excadrill|Stealth Rock|p1a: Tornadus
|-sidestart|p1: Cyber_CJ|move: Stealth Rock
|
|-weather|Sandstorm|[upkeep]
|-damage|p1a: Tornadus|94/100|[from] Sandstorm
|-heal|p2a: Excadrill|100/100|[from] item: Leftovers
|upkeep
|turn|14
|inactive|Cyber_CJ has 90 seconds left.
|inactive|hypervortexreturns has 120 seconds left.
|
|t:|1662806155
|move|p1a: Tornadus|Focus Blast|p2a: Excadrill
|-supereffective|p2a: Excadrill
|-damage|p2a: Excadrill|15/100
|move|p2a: Excadrill|Iron Head|p1a: Tornadus
|-damage|p1a: Tornadus|49/100
|
|-weather|Sandstorm|[upkeep]
|-damage|p1a: Tornadus|42/100|[from] Sandstorm
|-heal|p2a: Excadrill|21/100|[from] item: Leftovers
|upkeep
|turn|15
|inactive|hypervortexreturns has 120 seconds left.
|
|t:|1662806165
|switch|p2a: Zapdos|Zapdos|72/100
|move|p1a: Tornadus|Hurricane|p2a: Zapdos
|-resisted|p2a: Zapdos
|-damage|p2a: Zapdos|49/100
|
|-weather|none
|upkeep
|turn|16
|inactive|hypervortexreturns has 120 seconds left.
|inactive|Cyber_CJ has 90 seconds left.
|
|t:|1662806183
|move|p1a: Tornadus|Taunt|p2a: Zapdos
|-start|p2a: Zapdos|move: Taunt
|cant|p2a: Zapdos|move: Taunt|Roost
|
|upkeep
|turn|17
|
|t:|1662806189
|switch|p1a: Tyranitar|Tyranitar, F|100/100
|-damage|p1a: Tyranitar|88/100|[from] Stealth Rock
|-weather|Sandstorm|[from] ability: Sand Stream|[of] p1a: Tyranitar
|move|p2a: Zapdos|Discharge|p1a: Tyranitar
|-damage|p1a: Tyranitar|65/100
|
|-weather|Sandstorm|[upkeep]
|-damage|p2a: Zapdos|43/100|[from] Sandstorm
|upkeep
|turn|18
|
|t:|1662806203
|switch|p2a: Excadrill|Excadrill, F|21/100
|-damage|p2a: Excadrill|18/100|[from] Stealth Rock
|-ability|p2a: Excadrill|Mold Breaker
|move|p1a: Tyranitar|Stone Edge|p2a: Excadrill|[miss]
|-miss|p1a: Tyranitar|p2a: Excadrill
|
|-weather|Sandstorm|[upkeep]
|-heal|p2a: Excadrill|24/100|[from] item: Leftovers
|upkeep
|turn|19
|inactive|Cyber_CJ has 90 seconds left.
|
|t:|1662806234
|move|p2a: Excadrill|Iron Head|p1a: Tyranitar
|-supereffective|p1a: Tyranitar
|-damage|p1a: Tyranitar|0 fnt
|faint|p1a: Tyranitar
|
|-weather|Sandstorm|[upkeep]
|-heal|p2a: Excadrill|30/100|[from] item: Leftovers
|upkeep
|
|t:|1662806239
|switch|p1a: Excadrill|Excadrill, F|100/100
|-damage|p1a: Excadrill|97/100|[from] Stealth Rock
|turn|20
|
|t:|1662806253
|move|p1a: Excadrill|Rapid Spin|p2a: Excadrill
|-resisted|p2a: Excadrill
|-damage|p2a: Excadrill|18/100
|-boost|p1a: Excadrill|spe|1
|-sideend|p1: Cyber_CJ|Stealth Rock|[from] move: Rapid Spin|[of] p1a: Excadrill
|move|p2a: Excadrill|Earthquake|p1a: Excadrill
|-supereffective|p1a: Excadrill
|-damage|p1a: Excadrill|0 fnt
|faint|p1a: Excadrill
|
|-weather|Sandstorm|[upkeep]
|-heal|p2a: Excadrill|24/100|[from] item: Leftovers
|upkeep
|
|t:|1662806271
|switch|p1a: Tornadus|Tornadus-Therian, M|76/100
|turn|21
|
|t:|1662806284
|move|p1a: Tornadus|Hurricane|p2a: Excadrill|[miss]
|-miss|p1a: Tornadus|p2a: Excadrill
|move|p2a: Excadrill|Iron Head|p1a: Tornadus
|-damage|p1a: Tornadus|30/100
|
|-weather|none
|-heal|p2a: Excadrill|30/100|[from] item: Leftovers
|upkeep
|turn|22
|
|t:|1662806294
|move|p1a: Tornadus|Hurricane|p2a: Excadrill|[miss]
|-miss|p1a: Tornadus|p2a: Excadrill
|move|p2a: Excadrill|Iron Head|p1a: Tornadus
|-damage|p1a: Tornadus|0 fnt
|faint|p1a: Tornadus
|
|-heal|p2a: Excadrill|36/100|[from] item: Leftovers
|upkeep
|
|t:|1662806297
|switch|p1a: Zapdos|Zapdos-Galar|81/100
|turn|23
|
|t:|1662806310
|move|p1a: Zapdos|Close Combat|p2a: Excadrill
|-supereffective|p2a: Excadrill
|-damage|p2a: Excadrill|0 fnt
|-unboost|p1a: Zapdos|def|1
|-unboost|p1a: Zapdos|spd|1
|faint|p2a: Excadrill
|
|upkeep
|
|t:|1662806326
|switch|p2a: Zapdos|Zapdos|43/100
|turn|24
|
|t:|1662806330
|move|p1a: Zapdos|Close Combat|p2a: Zapdos
|-resisted|p2a: Zapdos
|-damage|p2a: Zapdos|0 fnt
|-unboost|p1a: Zapdos|def|1
|-unboost|p1a: Zapdos|spd|1
|faint|p2a: Zapdos
|
|upkeep
|
|t:|1662806346
|switch|p2a: Azumarill|Azumarill, M|100/100
|-damage|p2a: Azumarill|88/100|[from] Stealth Rock
|turn|25
|inactive|hypervortexreturns has 120 seconds left.
|
|t:|1662806371
|move|p1a: Zapdos|Close Combat|p2a: Azumarill
|-resisted|p2a: Azumarill
|-damage|p2a: Azumarill|31/100
|-unboost|p1a: Zapdos|def|1
|-unboost|p1a: Zapdos|spd|1
|-enditem|p2a: Azumarill|Sitrus Berry|[eat]
|-heal|p2a: Azumarill|56/100|[from] item: Sitrus Berry
|move|p2a: Azumarill|Belly Drum|p2a: Azumarill
|-damage|p2a: Azumarill|6/100
|-setboost|p2a: Azumarill|atk|6|[from] move: Belly Drum
|
|upkeep
|turn|26
|inactive|hypervortexreturns has 120 seconds left.
|inactive|Cyber_CJ has 120 seconds left.
|
|t:|1662806413
|switch|p1a: Ferrothorn|Ferrothorn, M|16/100
|switch|p2a: Corviknight|Corviknight, F|100/100
|-damage|p2a: Corviknight|88/100|[from] Stealth Rock
|-ability|p2a: Corviknight|Pressure
|
|-heal|p2a: Corviknight|94/100|[from] item: Leftovers
|upkeep
|turn|27
|inactive|hypervortexreturns has 120 seconds left.
|
|t:|1662806426
|move|p2a: Corviknight|Taunt|p1a: Ferrothorn
|-start|p1a: Ferrothorn|move: Taunt
|cant|p1a: Ferrothorn|move: Taunt|Leech Seed
|
|-heal|p2a: Corviknight|100/100|[from] item: Leftovers
|upkeep
|turn|28
|inactive|hypervortexreturns has 120 seconds left.
|
|t:|1662806434
|move|p2a: Corviknight|Bulk Up|p2a: Corviknight
|-boost|p2a: Corviknight|atk|1
|-boost|p2a: Corviknight|def|1
|move|p1a: Ferrothorn|Knock Off|p2a: Corviknight
|-damage|p2a: Corviknight|89/100
|-enditem|p2a: Corviknight|Leftovers|[from] move: Knock Off|[of] p1a: Ferrothorn
|
|upkeep
|turn|29
|
|t:|1662806442
|switch|p1a: Zapdos|Zapdos-Galar|81/100
|move|p2a: Corviknight|Bulk Up|p2a: Corviknight
|-boost|p2a: Corviknight|atk|1
|-boost|p2a: Corviknight|def|1
|
|upkeep
|turn|30
|
|t:|1662806452
|move|p1a: Zapdos|Thunderous Kick|p2a: Corviknight
|-crit|p2a: Corviknight
|-damage|p2a: Corviknight|0 fnt
|faint|p2a: Corviknight
|
|upkeep
|-message|hypervortexreturns forfeited.
|
|win|Cyber_CJ
|raw|Cyber_CJ's rating: 1567 &rarr; <strong>1601</strong><br />(+34 for winning)
|raw|hypervortexreturns's rating: 1868 &rarr; <strong>1834</strong><br />(-34 for losing)
|l|‽hypervortexreturns
|l| usserrnnamme
