|j|☆wsdfg
|j|☆6 digit osu player
|t:|1606782154
|player|p1|wsdfg|burglar|1808
|player|p2|6 digit osu player|elesa|1767
|teamsize|p1|6
|teamsize|p2|6
|gametype|singles
|gen|8
|tier|[Gen 8] OU
|rated|
|clearpoke
|poke|p1|Pheromosa|
|poke|p1|Slowbro, F|
|poke|p1|Garchomp, M|
|poke|p1|Clefable, M|
|poke|p1|Magnezone|
|poke|p1|Mandibuzz, F|
|poke|p2|Pheromosa|
|poke|p2|Moltres|
|poke|p2|Clefable, F|
|poke|p2|Tyranitar, M|
|poke|p2|Dracozolt|
|poke|p2|Urshifu-*, M|
|rule|Sleep Clause Mod: Limit one foe put to sleep
|rule|Species Clause: Limit one of each Pokémon
|rule|OHKO Clause: OHKO moves are banned
|rule|Evasion Moves Clause: Evasion moves are banned
|rule|Endless Battle Clause: Forcing endless battles is banned
|rule|HP Percentage Mod: HP is shown in percentages
|rule|Dynamax Clause: You cannot dynamax
|teampreview
|j| I'M AT MY LIMIT!
|j| julianna
|
|t:|1606782168
|start
|switch|p1a: Magnezone|Magnezone|100/100
|switch|p2a: Urshifu|Urshifu-Rapid-Strike, M|100/100
|turn|1
|l| julianna
|
|t:|1606782175
|switch|p2a: Tyranitar|Tyranitar, M|100/100
|-weather|Sandstorm|[from] ability: Sand Stream|[of] p2a: Tyranitar
|switch|p1a: Slowbro|Slowbro, F|100/100
|
|-weather|Sandstorm|[upkeep]
|-damage|p1a: Slowbro|94/100|[from] Sandstorm
|upkeep
|turn|2
|
|t:|1606782178
|move|p2a: Tyranitar|Toxic|p1a: Slowbro
|-status|p1a: Slowbro|tox
|move|p1a: Slowbro|Scald|p2a: Tyranitar
|-supereffective|p2a: Tyranitar
|-damage|p2a: Tyranitar|80/100
|
|-weather|Sandstorm|[upkeep]
|-damage|p1a: Slowbro|88/100 tox|[from] Sandstorm
|-damage|p1a: Slowbro|82/100 tox|[from] psn
|upkeep
|turn|3
|
|t:|1606782183
|move|p2a: Tyranitar|Stealth Rock|p1a: Slowbro
|-sidestart|p1: wsdfg|move: Stealth Rock
|move|p1a: Slowbro|Teleport|p1a: Slowbro
|
|t:|1606782187
|switch|p1a: Garchomp|Garchomp, M|100/100|[from]move: Teleport
|-damage|p1a: Garchomp|94/100|[from] Stealth Rock
|
|-weather|Sandstorm|[upkeep]
|upkeep
|turn|4
|
|t:|1606782193
|move|p1a: Garchomp|Scale Shot|p2a: Tyranitar
|-damage|p2a: Tyranitar|65/100
|-damage|p2a: Tyranitar|51/100
|-hitcount|p2a: Tyranitar|2
|-unboost|p1a: Garchomp|def|1
|-boost|p1a: Garchomp|spe|1
|-damage|p1a: Garchomp|85/100|[from] item: Life Orb
|move|p2a: Tyranitar|Toxic|p1a: Garchomp|[miss]
|-miss|p2a: Tyranitar|p1a: Garchomp
|
|-weather|Sandstorm|[upkeep]
|upkeep
|turn|5
|j| yourlilpogchamp
|
|t:|1606782198
|switch|p2a: Clefable|Clefable, F|100/100
|move|p1a: Garchomp|Earthquake|p2a: Clefable
|-damage|p2a: Clefable|40/100
|-damage|p1a: Garchomp|75/100|[from] item: Life Orb
|
|-weather|Sandstorm|[upkeep]
|-heal|p2a: Clefable|46/100|[from] item: Leftovers
|upkeep
|turn|6
|j| AmazingMoTest
|j| hailarctozolt
|j| Vessev
|j| DrPingasPotencia
|
|t:|1606782205
|move|p2a: Clefable|Protect|p2a: Clefable
|-singleturn|p2a: Clefable|Protect
|move|p1a: Garchomp|Earthquake|p2a: Clefable
|-activate|p2a: Clefable|move: Protect
|
|-weather|Sandstorm|[upkeep]
|-heal|p2a: Clefable|52/100|[from] item: Leftovers
|upkeep
|turn|7
|
|t:|1606782209
|switch|p2a: Moltres|Moltres|100/100
|move|p1a: Garchomp|Earthquake|p2a: Moltres
|-immune|p2a: Moltres
|
|-weather|Sandstorm|[upkeep]
|-damage|p2a: Moltres|94/100|[from] Sandstorm
|upkeep
|turn|8
|
|t:|1606782211
|move|p1a: Garchomp|Stone Edge|p2a: Moltres|[miss]
|-miss|p1a: Garchomp|p2a: Moltres
|move|p2a: Moltres|Scorching Sands|p1a: Garchomp
|-damage|p1a: Garchomp|55/100
|-status|p1a: Garchomp|brn
|
|-weather|none
|-damage|p1a: Garchomp|49/100 brn|[from] brn
|upkeep
|turn|9
|
|t:|1606782216
|switch|p2a: Clefable|Clefable, F|52/100
|move|p1a: Garchomp|Stone Edge|p2a: Clefable
|-damage|p2a: Clefable|31/100
|-damage|p1a: Garchomp|39/100 brn|[from] item: Life Orb
|
|-heal|p2a: Clefable|37/100|[from] item: Leftovers
|-damage|p1a: Garchomp|33/100 brn|[from] brn
|upkeep
|turn|10
|
|t:|1606782219
|move|p1a: Garchomp|Earthquake|p2a: Clefable
|-damage|p2a: Clefable|6/100
|-damage|p1a: Garchomp|23/100 brn|[from] item: Life Orb
|move|p2a: Clefable|Wish|p2a: Clefable
|
|-heal|p2a: Clefable|12/100|[from] item: Leftovers
|-damage|p1a: Garchomp|17/100 brn|[from] brn
|upkeep
|turn|11
|
|t:|1606782222
|move|p2a: Clefable|Protect|p2a: Clefable
|-singleturn|p2a: Clefable|Protect
|move|p1a: Garchomp|Swords Dance|p1a: Garchomp
|-boost|p1a: Garchomp|atk|2
|
|-heal|p2a: Clefable|62/100|[from] move: Wish|[wisher] Clefable
|-heal|p2a: Clefable|69/100|[from] item: Leftovers
|-damage|p1a: Garchomp|11/100 brn|[from] brn
|upkeep
|turn|12
|
|t:|1606782231
|move|p1a: Garchomp|Earthquake|p2a: Clefable
|-damage|p2a: Clefable|7/100
|-damage|p1a: Garchomp|1/100 brn|[from] item: Life Orb
|move|p2a: Clefable|Moonblast|p1a: Garchomp
|-supereffective|p1a: Garchomp
|-damage|p1a: Garchomp|0 fnt
|faint|p1a: Garchomp
|
|-heal|p2a: Clefable|13/100|[from] item: Leftovers
|upkeep
|
|t:|1606782236
|switch|p1a: Pheromosa|Pheromosa|100/100
|-damage|p1a: Pheromosa|88/100|[from] Stealth Rock
|turn|13
|
|t:|1606782239
|move|p2a: Clefable|Protect|p2a: Clefable
|-singleturn|p2a: Clefable|Protect
|move|p1a: Pheromosa|Ice Beam|p2a: Clefable
|-activate|p2a: Clefable|move: Protect
|
|-heal|p2a: Clefable|19/100|[from] item: Leftovers
|upkeep
|turn|14
|
|t:|1606782246
|switch|p2a: Tyranitar|Tyranitar, M|51/100
|-weather|Sandstorm|[from] ability: Sand Stream|[of] p2a: Tyranitar
|move|p1a: Pheromosa|Ice Beam|p2a: Tyranitar
|-damage|p2a: Tyranitar|34/100
|-damage|p1a: Pheromosa|78/100|[from] item: Life Orb
|
|-weather|Sandstorm|[upkeep]
|-damage|p1a: Pheromosa|72/100|[from] Sandstorm
|upkeep
|turn|15
|
|t:|1606782249
|switch|p2a: Clefable|Clefable, F|19/100
|move|p1a: Pheromosa|Focus Blast|p2a: Clefable
|-resisted|p2a: Clefable
|-damage|p2a: Clefable|0 fnt
|-damage|p1a: Pheromosa|62/100|[from] item: Life Orb
|faint|p2a: Clefable
|-ability|p1a: Pheromosa|Beast Boost|boost
|-boost|p1a: Pheromosa|spe|1
|
|-weather|Sandstorm|[upkeep]
|-damage|p1a: Pheromosa|56/100|[from] Sandstorm
|upkeep
|
|t:|1606782252
|switch|p2a: Urshifu|Urshifu-Rapid-Strike, M|100/100
|turn|16
|
|t:|1606782257
|switch|p1a: Slowbro|Slowbro, F|100/100 tox
|move|p2a: Urshifu|Aqua Jet|p1a: Slowbro
|-resisted|p1a: Slowbro
|-damage|p1a: Slowbro|90/100 tox
|
|-weather|Sandstorm|[upkeep]
|-damage|p2a: Urshifu|94/100|[from] Sandstorm
|-damage|p1a: Slowbro|84/100 tox|[from] Sandstorm
|-damage|p1a: Slowbro|78/100 tox|[from] psn
|upkeep
|turn|17
|
|t:|1606782262
|switch|p2a: Dracozolt|Dracozolt|100/100
|move|p1a: Slowbro|Teleport|p1a: Slowbro
|
|t:|1606782270
|switch|p1a: Magnezone|Magnezone|100/100|[from]move: Teleport
|-damage|p1a: Magnezone|94/100|[from] Stealth Rock
|
|-weather|Sandstorm|[upkeep]
|upkeep
|turn|18
|
|t:|1606782273
|move|p2a: Dracozolt|Earthquake|p1a: Magnezone
|-supereffective|p1a: Magnezone
|-damage|p1a: Magnezone|0 fnt
|faint|p1a: Magnezone
|
|-weather|Sandstorm|[upkeep]
|upkeep
|
|t:|1606782276
|switch|p1a: Clefable|Clefable, M|100/100
|turn|19
|
|t:|1606782280
|switch|p2a: Moltres|Moltres|94/100
|move|p1a: Clefable|Moonblast|p2a: Moltres
|-resisted|p2a: Moltres
|-damage|p2a: Moltres|80/100
|
|-weather|Sandstorm|[upkeep]
|-damage|p2a: Moltres|73/100|[from] Sandstorm
|upkeep
|turn|20
|
|t:|1606782283
|move|p2a: Moltres|Mystical Fire|p1a: Clefable
|-damage|p1a: Clefable|75/100
|-unboost|p1a: Clefable|spa|1
|move|p1a: Clefable|Stealth Rock|p2a: Moltres
|-sidestart|p2: 6 digit osu player|move: Stealth Rock
|
|-weather|Sandstorm|[upkeep]
|-damage|p2a: Moltres|67/100|[from] Sandstorm
|-heal|p1a: Clefable|81/100|[from] item: Leftovers
|upkeep
|turn|21
|
|t:|1606782287
|move|p2a: Moltres|Defog|p1a: Clefable
|-unboost|p1a: Clefable|evasion|1
|-sideend|p1: wsdfg|Stealth Rock|[from] move: Defog|[of] p2a: Moltres
|-sideend|p2: 6 digit osu player|Stealth Rock|[from] move: Defog|[of] p2a: Moltres
|move|p1a: Clefable|Soft-Boiled|p1a: Clefable
|-heal|p1a: Clefable|100/100
|
|-weather|none
|upkeep
|turn|22
|
|t:|1606782291
|move|p2a: Moltres|Scorching Sands|p1a: Clefable
|-damage|p1a: Clefable|86/100
|move|p1a: Clefable|Stealth Rock|p2a: Moltres
|-sidestart|p2: 6 digit osu player|move: Stealth Rock
|
|-heal|p1a: Clefable|92/100|[from] item: Leftovers
|upkeep
|turn|23
|
|t:|1606782296
|switch|p1a: Slowbro|Slowbro, F|100/100 tox
|move|p2a: Moltres|Defog|p1a: Slowbro
|-unboost|p1a: Slowbro|evasion|1
|-sideend|p2: 6 digit osu player|Stealth Rock|[from] move: Defog|[of] p2a: Moltres
|
|-damage|p1a: Slowbro|94/100 tox|[from] psn
|upkeep
|turn|24
|
|t:|1606782301
|move|p2a: Moltres|Roost|p2a: Moltres
|-heal|p2a: Moltres|100/100
|-singleturn|p2a: Moltres|move: Roost
|move|p1a: Slowbro|Teleport|p1a: Slowbro
|
|t:|1606782303
|switch|p1a: Clefable|Clefable, M|92/100|[from]move: Teleport
|
|-heal|p1a: Clefable|98/100|[from] item: Leftovers
|upkeep
|turn|25
|
|t:|1606782306
|move|p2a: Moltres|Scorching Sands|p1a: Clefable
|-damage|p1a: Clefable|82/100
|move|p1a: Clefable|Stealth Rock|p2a: Moltres
|-sidestart|p2: 6 digit osu player|move: Stealth Rock
|
|-heal|p1a: Clefable|89/100|[from] item: Leftovers
|upkeep
|turn|26
|
|t:|1606782308
|switch|p1a: Slowbro|Slowbro, F|100/100 tox
|move|p2a: Moltres|Scorching Sands|p1a: Slowbro
|-damage|p1a: Slowbro|81/100 tox
|
|-damage|p1a: Slowbro|75/100 tox|[from] psn
|upkeep
|turn|27
|
|t:|1606782312
|move|p2a: Moltres|Defog|p1a: Slowbro
|-unboost|p1a: Slowbro|evasion|1
|-sideend|p2: 6 digit osu player|Stealth Rock|[from] move: Defog|[of] p2a: Moltres
|move|p1a: Slowbro|Scald|p2a: Moltres
|-supereffective|p2a: Moltres
|-damage|p2a: Moltres|40/100
|
|-damage|p1a: Slowbro|63/100 tox|[from] psn
|upkeep
|turn|28
|
|t:|1606782314
|switch|p2a: Tyranitar|Tyranitar, M|34/100
|-weather|Sandstorm|[from] ability: Sand Stream|[of] p2a: Tyranitar
|move|p1a: Slowbro|Teleport|p1a: Slowbro
|
|t:|1606782316
|switch|p1a: Pheromosa|Pheromosa|56/100|[from]move: Teleport
|
|-weather|Sandstorm|[upkeep]
|-damage|p1a: Pheromosa|50/100|[from] Sandstorm
|upkeep
|turn|29
|
|t:|1606782321
|move|p1a: Pheromosa|Focus Blast|p2a: Tyranitar
|-supereffective|p2a: Tyranitar
|-damage|p2a: Tyranitar|0 fnt
|-damage|p1a: Pheromosa|40/100|[from] item: Life Orb
|faint|p2a: Tyranitar
|-ability|p1a: Pheromosa|Beast Boost|boost
|-boost|p1a: Pheromosa|spe|1
|
|-weather|Sandstorm|[upkeep]
|-damage|p1a: Pheromosa|34/100|[from] Sandstorm
|upkeep
|
|t:|1606782323
|switch|p2a: Urshifu|Urshifu-Rapid-Strike, M|94/100
|turn|30
|
|t:|1606782327
|switch|p1a: Slowbro|Slowbro, F|96/100 tox
|move|p2a: Urshifu|Aqua Jet|p1a: Slowbro
|-resisted|p1a: Slowbro
|-damage|p1a: Slowbro|87/100 tox
|
|-weather|Sandstorm|[upkeep]
|-damage|p2a: Urshifu|88/100|[from] Sandstorm
|-damage|p1a: Slowbro|80/100 tox|[from] Sandstorm
|-damage|p1a: Slowbro|74/100 tox|[from] psn
|upkeep
|turn|31
|
|t:|1606782333
|switch|p2a: Pheromosa|Pheromosa|100/100
|move|p1a: Slowbro|Scald|p2a: Pheromosa
|-damage|p2a: Pheromosa|34/100
|-status|p2a: Pheromosa|brn
|
|-weather|Sandstorm|[upkeep]
|-damage|p2a: Pheromosa|28/100 brn|[from] Sandstorm
|-damage|p1a: Slowbro|68/100 tox|[from] Sandstorm
|-damage|p2a: Pheromosa|22/100 brn|[from] brn
|-damage|p1a: Slowbro|56/100 tox|[from] psn
|upkeep
|turn|32
|
|t:|1606782337
|switch|p1a: Mandibuzz|Mandibuzz, F|100/100
|move|p2a: Pheromosa|Shock Wave|p1a: Mandibuzz
|-supereffective|p1a: Mandibuzz
|-damage|p1a: Mandibuzz|57/100
|-damage|p2a: Pheromosa|12/100 brn|[from] item: Life Orb
|
|-weather|Sandstorm|[upkeep]
|-damage|p2a: Pheromosa|6/100 brn|[from] Sandstorm
|-damage|p2a: Pheromosa|0 fnt|[from] brn
|faint|p2a: Pheromosa
|upkeep
|
|t:|1606782339
|switch|p2a: Dracozolt|Dracozolt|100/100
|turn|33
|
|t:|1606782348
|move|p2a: Dracozolt|Bolt Beak|p1a: Mandibuzz
|-supereffective|p1a: Mandibuzz
|-damage|p1a: Mandibuzz|0 fnt
|faint|p1a: Mandibuzz
|
|-weather|Sandstorm|[upkeep]
|upkeep
|
|t:|1606782353
|switch|p1a: Slowbro|Slowbro, F|89/100 tox
|turn|34
|
|t:|1606782356
|move|p2a: Dracozolt|Bolt Beak|p1a: Slowbro
|-supereffective|p1a: Slowbro
|-damage|p1a: Slowbro|0 fnt
|faint|p1a: Slowbro
|
|-weather|Sandstorm|[upkeep]
|upkeep
|
|t:|1606782359
|switch|p1a: Clefable|Clefable, M|89/100
|turn|35
|
|t:|1606782362
|move|p2a: Dracozolt|Bolt Beak|p1a: Clefable
|-crit|p1a: Clefable
|-damage|p1a: Clefable|0 fnt
|faint|p1a: Clefable
|
|-weather|none
|upkeep
|
|t:|1606782364
|switch|p1a: Pheromosa|Pheromosa|34/100
|turn|36
|
|t:|1606782366
|move|p1a: Pheromosa|Focus Blast|p2a: Dracozolt
|-damage|p2a: Dracozolt|0 fnt
|-damage|p1a: Pheromosa|25/100|[from] item: Life Orb
|faint|p2a: Dracozolt
|-ability|p1a: Pheromosa|Beast Boost|boost
|-boost|p1a: Pheromosa|spe|1
|
|upkeep
|
|t:|1606782368
|switch|p2a: Urshifu|Urshifu-Rapid-Strike, M|88/100
|turn|37
|
|t:|1606782369
|move|p2a: Urshifu|Aqua Jet|p1a: Pheromosa
|-damage|p1a: Pheromosa|0 fnt
|faint|p1a: Pheromosa
|
|win|6 digit osu player
|l|☆wsdfg
|l|☆6 digit osu player
|l| DrPingasPotencia
||Ladder (probably) updated, but score could not be retrieved (Request timeout).
