|raw|<div class="broadcast-blue"><strong>This battle is required to be public due to a player having a name starting with 'lt81yl'.</div>
|j|☆Lt81yl Fusien
|j|☆JoJo321
|t:|1625477236
|gametype|singles
|player|p1|Lt81yl Fusien|yellow|1807
|player|p2|JoJo321|rood|1787
|teamsize|p1|6
|teamsize|p2|6
|gen|8
|tier|[Gen 8] OU
|rated|
|rule|Sleep Clause Mod: Limit one foe put to sleep
|rule|Species Clause: Limit one of each Pokémon
|rule|OHKO Clause: OHKO moves are banned
|rule|Evasion Moves Clause: Evasion moves are banned
|rule|Endless Battle Clause: Forcing endless battles is banned
|rule|HP Percentage Mod: HP is shown in percentages
|rule|Dynamax Clause: You cannot dynamax
|clearpoke
|poke|p1|Dragonite, M|
|poke|p1|Rotom-Wash|
|poke|p1|Melmetal|
|poke|p1|Weavile, F|
|poke|p1|Landorus-Therian, M|
|poke|p1|Volcarona, F|
|poke|p2|Pelipper, F|
|poke|p2|Ferrothorn, F|
|poke|p2|Barraskewda, M|
|poke|p2|Urshifu-*, M|
|poke|p2|Scizor, M|
|poke|p2|Toxtricity, F|
|teampreview
|inactive|Battle timer is ON: inactive players will automatically lose when time's up. (requested by Lt81yl Fusien)
|c|☆Lt81yl Fusien|Hf
|
|t:|1625477261
|start
|switch|p1a: Rotom|Rotom-Wash|100/100
|switch|p2a: Ferrothorn|Ferrothorn, F|100/100
|turn|1
|
|t:|1625477273
|move|p1a: Rotom|Volt Switch|p2a: Ferrothorn
|-resisted|p2a: Ferrothorn
|-damage|p2a: Ferrothorn|90/100
|
|t:|1625477275
|switch|p1a: Volcarona|Volcarona, F|100/100|[from]move: Volt Switch
|move|p2a: Ferrothorn|Stealth Rock|p1a: Volcarona
|-sidestart|p1: Lt81yl Fusien|move: Stealth Rock
|
|upkeep
|turn|2
|
|t:|1625477277
|switch|p2a: Pelipper|Pelipper, F|100/100
|-weather|RainDance|[from] ability: Drizzle|[of] p2a: Pelipper
|move|p1a: Volcarona|Quiver Dance|p1a: Volcarona
|-boost|p1a: Volcarona|spa|1
|-boost|p1a: Volcarona|spd|1
|-boost|p1a: Volcarona|spe|1
|
|-weather|RainDance|[upkeep]
|upkeep
|turn|3
|
|t:|1625477278
|move|p1a: Volcarona|Psychic|p2a: Pelipper
|-damage|p2a: Pelipper|42/100
|move|p2a: Pelipper|U-turn|p1a: Volcarona
|-resisted|p1a: Volcarona
|-damage|p1a: Volcarona|96/100
|
|t:|1625477281
|switch|p2a: Barraskewda|Barraskewda, M|100/100|[from]move: U-turn
|
|-weather|RainDance|[upkeep]
|upkeep
|turn|4
|
|t:|1625477288
|switch|p1a: Landorus|Landorus-Therian, M, shiny|100/100
|-damage|p1a: Landorus|88/100|[from] Stealth Rock
|-ability|p1a: Landorus|Intimidate|boost
|-unboost|p2a: Barraskewda|atk|1
|move|p2a: Barraskewda|Flip Turn|p1a: Landorus
|-supereffective|p1a: Landorus
|-damage|p1a: Landorus|20/100
|
|t:|1625477293
|switch|p2a: Urshifu|Urshifu-Rapid-Strike, M|100/100|[from]move: Flip Turn
|
|-weather|RainDance|[upkeep]
|-heal|p1a: Landorus|26/100|[from] item: Leftovers
|upkeep
|turn|5
|
|t:|1625477296
|move|p2a: Urshifu|Surging Strikes|p1a: Landorus
|-supereffective|p1a: Landorus
|-crit|p1a: Landorus
|-damage|p1a: Landorus|0 fnt
|faint|p1a: Landorus
|-hitcount|p1: Landorus|1
|
|-weather|RainDance|[upkeep]
|upkeep
|
|t:|1625477301
|switch|p1a: Dragonite|Dragonite, M, shiny|100/100
|turn|6
|
|t:|1625477307
|switch|p1a: Volcarona|Volcarona, F|96/100
|move|p2a: Urshifu|Surging Strikes|p1a: Volcarona
|-supereffective|p1a: Volcarona
|-crit|p1a: Volcarona
|-damage|p1a: Volcarona|0 fnt
|-status|p2a: Urshifu|brn|[from] ability: Flame Body|[of] p1a: Volcarona
|faint|p1a: Volcarona
|-hitcount|p1: Volcarona|1
|
|-weather|RainDance|[upkeep]
|-damage|p2a: Urshifu|94/100 brn|[from] brn
|upkeep
|
|t:|1625477313
|switch|p1a: Dragonite|Dragonite, M, shiny|100/100
|turn|7
|
|t:|1625477315
|switch|p2a: Ferrothorn|Ferrothorn, F|90/100
|move|p1a: Dragonite|Dragon Dance|p1a: Dragonite
|-boost|p1a: Dragonite|atk|1
|-boost|p1a: Dragonite|spe|1
|
|-weather|RainDance|[upkeep]
|upkeep
|turn|8
|
|t:|1625477317
|move|p1a: Dragonite|Dragon Dance|p1a: Dragonite
|-boost|p1a: Dragonite|atk|1
|-boost|p1a: Dragonite|spe|1
|move|p2a: Ferrothorn|Gyro Ball|p1a: Dragonite
|-damage|p1a: Dragonite|74/100
|
|-weather|RainDance|[upkeep]
|upkeep
|turn|9
|
|t:|1625477320
|move|p1a: Dragonite|Roost|p1a: Dragonite
|-heal|p1a: Dragonite|100/100
|-singleturn|p1a: Dragonite|move: Roost
|move|p2a: Ferrothorn|Gyro Ball|p1a: Dragonite
|-damage|p1a: Dragonite|75/100
|
|-weather|none
|upkeep
|turn|10
|
|t:|1625477322
|switch|p2a: Scizor|Scizor, M|100/100
|move|p1a: Dragonite|Roost|p1a: Dragonite
|-heal|p1a: Dragonite|100/100
|-singleturn|p1a: Dragonite|move: Roost
|
|upkeep
|turn|11
|j| Tabata Toxel
|
|t:|1625477325
|move|p2a: Scizor|Bullet Punch|p1a: Dragonite
|-damage|p1a: Dragonite|73/100
|move|p1a: Dragonite|Dragon Dance|p1a: Dragonite
|-boost|p1a: Dragonite|atk|1
|-boost|p1a: Dragonite|spe|1
|
|upkeep
|turn|12
|
|t:|1625477328
|move|p2a: Scizor|Bullet Punch|p1a: Dragonite
|-damage|p1a: Dragonite|17/100
|move|p1a: Dragonite|Roost|p1a: Dragonite
|-heal|p1a: Dragonite|67/100
|-singleturn|p1a: Dragonite|move: Roost
|
|upkeep
|turn|13
|
|t:|1625477331
|move|p2a: Scizor|Bullet Punch|p1a: Dragonite
|-damage|p1a: Dragonite|13/100
|move|p1a: Dragonite|Dual Wingbeat|p2a: Scizor
|-damage|p2a: Scizor|32/100
|-damage|p2a: Scizor|0 fnt
|faint|p2a: Scizor
|-hitcount|p2: Scizor|2
|
|upkeep
|
|t:|1625477337
|switch|p2a: Ferrothorn|Ferrothorn, F|90/100
|turn|14
|
|t:|1625477339
|move|p1a: Dragonite|Roost|p1a: Dragonite
|-heal|p1a: Dragonite|63/100
|-singleturn|p1a: Dragonite|move: Roost
|move|p2a: Ferrothorn|Gyro Ball|p1a: Dragonite
|-damage|p1a: Dragonite|11/100
|
|upkeep
|turn|15
|
|t:|1625477345
|move|p1a: Dragonite|Roost|p1a: Dragonite
|-heal|p1a: Dragonite|61/100
|-singleturn|p1a: Dragonite|move: Roost
|move|p2a: Ferrothorn|Gyro Ball|p1a: Dragonite
|-damage|p1a: Dragonite|11/100
|
|upkeep
|turn|16
|
|t:|1625477351
|move|p1a: Dragonite|Roost|p1a: Dragonite
|-heal|p1a: Dragonite|61/100
|-singleturn|p1a: Dragonite|move: Roost
|move|p2a: Ferrothorn|Gyro Ball|p1a: Dragonite
|-damage|p1a: Dragonite|12/100
|
|upkeep
|turn|17
|
|t:|1625477357
|move|p1a: Dragonite|Roost|p1a: Dragonite
|-heal|p1a: Dragonite|62/100
|-singleturn|p1a: Dragonite|move: Roost
|move|p2a: Ferrothorn|Gyro Ball|p1a: Dragonite
|-crit|p1a: Dragonite
|-damage|p1a: Dragonite|0 fnt
|faint|p1a: Dragonite
|
|upkeep
|
|t:|1625477366
|switch|p1a: Weavile|Weavile, F|100/100
|-damage|p1a: Weavile|76/100|[from] Stealth Rock
|-ability|p1a: Weavile|Pressure
|turn|18
|
|t:|1625477368
|move|p1a: Weavile|Icicle Crash|p2a: Ferrothorn|[miss]
|-miss|p1a: Weavile|p2a: Ferrothorn
|move|p2a: Ferrothorn|Body Press|p1a: Weavile
|-supereffective|p1a: Weavile
|-damage|p1a: Weavile|0 fnt
|faint|p1a: Weavile
|
|upkeep
|-message|Lt81yl Fusien forfeited.
|
|win|JoJo321
|raw|Lt81yl Fusien's rating: 1807 &rarr; <strong>1786</strong><br />(-21 for losing)
|raw|JoJo321's rating: 1787 &rarr; <strong>1808</strong><br />(+21 for winning)
|l|☆Lt81yl Fusien
|l|☆JoJo321
