|j|☆xyz anxiety
|j|☆notazigzagoon
|inactive|Battle timer is ON: inactive players will automatically lose when time's up.
|t:|1663769152
|gametype|singles
|player|p1|xyz anxiety|scubadiver|
|player|p2|notazigzagoon|marley|
|teamsize|p1|6
|teamsize|p2|6
|gen|8
|tier|[Gen 8] OU
|rated|Tournament battle
|rule|Sleep Clause Mod: Limit one foe put to sleep
|rule|Species Clause: Limit one of each Pokémon
|rule|OHKO Clause: OHKO moves are banned
|rule|Evasion Items Clause: Evasion items are banned
|rule|Evasion Moves Clause: Evasion moves are banned
|rule|Endless Battle Clause: Forcing endless battles is banned
|rule|HP Percentage Mod: HP is shown in percentages
|rule|Dynamax Clause: You cannot dynamax
|clearpoke
|poke|p1|Kartana|
|poke|p1|Magnezone|
|poke|p1|Tornadus-Therian, M|
|poke|p1|Weavile, M|
|poke|p1|Toxapex, F|
|poke|p1|Garchomp, M|
|poke|p2|Slowking-Galar, M|
|poke|p2|Clefable, M|
|poke|p2|Toxapex, F|
|poke|p2|Landorus-Therian, M|
|poke|p2|Weavile, F|
|poke|p2|Corviknight, M|
|teampreview
|inactive|xyz anxiety also wants the timer to be on.
|inactive|notazigzagoon also wants the timer to be on.
|j| PkmnMasterEclipse
|j| Grau/Bunt
|
|t:|1663769159
|start
|switch|p1a: Toxapex|Toxapex, F|100/100
|switch|p2a: Clefable|Clefable, M|100/100
|turn|1
|j|%Sww-suwa
|
|t:|1663769163
|move|p2a: Clefable|Trick|p1a: Toxapex
|-activate|p2a: Clefable|move: Trick|[of] p1a: Toxapex
|-item|p1a: Toxapex|Sticky Barb|[from] move: Trick
|-item|p2a: Clefable|Black Sludge|[from] move: Trick
|move|p1a: Toxapex|Knock Off|p2a: Clefable
|-resisted|p2a: Clefable
|-damage|p2a: Clefable|96/100
|-enditem|p2a: Clefable|Black Sludge|[from] move: Knock Off|[of] p1a: Toxapex
|
|-damage|p1a: Toxapex|88/100|[from] item: Sticky Barb
|upkeep
|turn|2
|j| SkipTheDripBayless
|
|t:|1663769172
|switch|p1a: Magnezone|Magnezone|100/100
|move|p2a: Clefable|Thunder Wave|p1a: Magnezone
|-immune|p1a: Magnezone
|
|upkeep
|turn|3
|n|%Sww-Suwa|swwsuwa
|
|t:|1663769176
|switch|p2a: Slowking|Slowking-Galar, M|100/100
|move|p1a: Magnezone|Substitute|p1a: Magnezone
|-start|p1a: Magnezone|Substitute
|-damage|p1a: Magnezone|76/100
|
|-heal|p1a: Magnezone|82/100|[from] item: Leftovers
|upkeep
|turn|4
|
|t:|1663769180
|move|p1a: Magnezone|Thunderbolt|p2a: Slowking
|-damage|p2a: Slowking|77/100
|move|p2a: Slowking|Flamethrower|p1a: Magnezone
|-supereffective|p1a: Magnezone
|-end|p1a: Magnezone|Substitute
|
|-heal|p1a: Magnezone|88/100|[from] item: Leftovers
|upkeep
|turn|5
|
|t:|1663769188
|switch|p1a: Garchomp|Garchomp, M|100/100
|move|p2a: Slowking|Ice Beam|p1a: Garchomp
|-supereffective|p1a: Garchomp
|-damage|p1a: Garchomp|27/100
|
|-heal|p1a: Garchomp|33/100|[from] item: Leftovers
|upkeep
|turn|6
|
|t:|1663769197
|switch|p2a: Landorus|Landorus-Therian, M|100/100
|-ability|p2a: Landorus|Intimidate|boost
|-unboost|p1a: Garchomp|atk|1
|move|p1a: Garchomp|Stealth Rock|p2a: Landorus
|-sidestart|p2: notazigzagoon|move: Stealth Rock
|
|-heal|p1a: Garchomp|40/100|[from] item: Leftovers
|upkeep
|turn|7
|
|t:|1663769205
|move|p1a: Garchomp|Toxic|p2a: Landorus
|-status|p2a: Landorus|tox
|move|p2a: Landorus|Stealth Rock|p1a: Garchomp
|-sidestart|p1: xyz anxiety|move: Stealth Rock
|
|-heal|p1a: Garchomp|46/100|[from] item: Leftovers
|-damage|p2a: Landorus|94/100 tox|[from] psn
|upkeep
|turn|8
|
|t:|1663769209
|move|p1a: Garchomp|Protect|p1a: Garchomp
|-singleturn|p1a: Garchomp|Protect
|move|p2a: Landorus|U-turn|p1a: Garchomp
|-activate|p1a: Garchomp|move: Protect
|
|-heal|p1a: Garchomp|52/100|[from] item: Leftovers
|-heal|p2a: Landorus|100/100 tox|[from] item: Leftovers
|-damage|p2a: Landorus|88/100 tox|[from] psn
|upkeep
|turn|9
|
|t:|1663769213
|switch|p1a: Tornadus|Tornadus-Therian, M|100/100
|move|p2a: Landorus|Knock Off|p1a: Tornadus
|-damage|p1a: Tornadus|67/100
|-enditem|p1a: Tornadus|Heavy-Duty Boots|[from] move: Knock Off|[of] p2a: Landorus
|
|-heal|p2a: Landorus|94/100 tox|[from] item: Leftovers
|-damage|p2a: Landorus|76/100 tox|[from] psn
|upkeep
|turn|10
|
|t:|1663769217
|switch|p2a: Slowking|Slowking-Galar, M|100/100
|-damage|p2a: Slowking|88/100|[from] Stealth Rock
|move|p1a: Tornadus|Hurricane|p2a: Slowking|[miss]
|-miss|p1a: Tornadus|p2a: Slowking
|
|upkeep
|turn|11
|
|t:|1663769225
|move|p1a: Tornadus|U-turn|p2a: Slowking
|-damage|p2a: Slowking|73/100
|
|t:|1663769226
|switch|p1a: Toxapex|Toxapex, F|100/100|[from]move: U-turn
|-damage|p1a: Toxapex|88/100|[from] Stealth Rock
|move|p2a: Slowking|Future Sight|p1a: Toxapex
|-start|p2a: Slowking|move: Future Sight
|
|-damage|p1a: Toxapex|75/100|[from] item: Sticky Barb
|upkeep
|turn|12
|
|t:|1663769234
|switch|p2a: Clefable|Clefable, M|96/100
|move|p1a: Toxapex|Knock Off|p2a: Clefable
|-resisted|p2a: Clefable
|-damage|p2a: Clefable|92/100
|
|-damage|p1a: Toxapex|63/100|[from] item: Sticky Barb
|upkeep
|turn|13
|
|t:|1663769242
|switch|p1a: Magnezone|Magnezone|88/100
|-damage|p1a: Magnezone|82/100|[from] Stealth Rock
|move|p2a: Clefable|Moonblast|p1a: Magnezone
|-resisted|p1a: Magnezone
|-damage|p1a: Magnezone|62/100
|
|-end|p1a: Magnezone|move: Future Sight
|-resisted|p1a: Magnezone
|-damage|p1a: Magnezone|33/100
|-heal|p1a: Magnezone|39/100|[from] item: Leftovers
|upkeep
|turn|14
|j| Billaboom
|
|t:|1663769254
|switch|p2a: Slowking|Slowking-Galar, M|100/100
|-damage|p2a: Slowking|88/100|[from] Stealth Rock
|move|p1a: Magnezone|Flash Cannon|p2a: Slowking
|-damage|p2a: Slowking|67/100
|-unboost|p2a: Slowking|spd|1
|
|-heal|p1a: Magnezone|45/100|[from] item: Leftovers
|upkeep
|turn|15
|
|t:|1663769261
|switch|p1a: Toxapex|Toxapex, F|96/100
|-damage|p1a: Toxapex|84/100|[from] Stealth Rock
|move|p2a: Slowking|Flamethrower|p1a: Toxapex
|-resisted|p1a: Toxapex
|-damage|p1a: Toxapex|74/100
|
|-damage|p1a: Toxapex|61/100|[from] item: Sticky Barb
|upkeep
|turn|16
|
|t:|1663769265
|switch|p2a: Clefable|Clefable, M|92/100
|move|p1a: Toxapex|Knock Off|p2a: Clefable
|-resisted|p2a: Clefable
|-damage|p2a: Clefable|89/100
|
|-damage|p1a: Toxapex|49/100|[from] item: Sticky Barb
|upkeep
|turn|17
|
|t:|1663769272
|move|p2a: Clefable|Moonblast|p1a: Toxapex
|-resisted|p1a: Toxapex
|-damage|p1a: Toxapex|38/100
|move|p1a: Toxapex|Recover|p1a: Toxapex
|-heal|p1a: Toxapex|88/100
|
|-damage|p1a: Toxapex|75/100|[from] item: Sticky Barb
|upkeep
|turn|18
|
|t:|1663769278
|switch|p2a: Slowking|Slowking-Galar, M|100/100
|-damage|p2a: Slowking|88/100|[from] Stealth Rock
|move|p1a: Toxapex|Knock Off|p2a: Slowking
|-supereffective|p2a: Slowking
|-damage|p2a: Slowking|60/100
|-enditem|p2a: Slowking|Assault Vest|[from] move: Knock Off|[of] p1a: Toxapex
|
|-damage|p1a: Toxapex|63/100|[from] item: Sticky Barb
|upkeep
|turn|19
|
|t:|1663769287
|move|p1a: Toxapex|Scald|p2a: Slowking
|-damage|p2a: Slowking|48/100
|move|p2a: Slowking|Future Sight|p1a: Toxapex
|-start|p2a: Slowking|move: Future Sight
|
|-damage|p1a: Toxapex|50/100|[from] item: Sticky Barb
|upkeep
|turn|20
|
|t:|1663769291
|switch|p1a: Weavile|Weavile, M|100/100
|-ability|p1a: Weavile|Pressure
|switch|p2a: Clefable|Clefable, M|89/100
|
|upkeep
|turn|21
|
|t:|1663769297
|move|p1a: Weavile|Triple Axel|p2a: Clefable
|-damage|p2a: Clefable|80/100
|-crit|p2a: Clefable
|-damage|p2a: Clefable|55/100
|-crit|p2a: Clefable
|-damage|p2a: Clefable|20/100
|-hitcount|p2a: Clefable|3
|move|p2a: Clefable|Moonblast|p1a: Weavile
|-supereffective|p1a: Weavile
|-damage|p1a: Weavile|13/100
|-unboost|p1a: Weavile|spa|1
|
|-end|p1a: Weavile|move: Future Sight
|-immune|p1a: Weavile
|upkeep
|turn|22
|
|t:|1663769310
|switch|p2a: Toxapex|Toxapex, F|100/100
|-damage|p2a: Toxapex|88/100|[from] Stealth Rock
|move|p1a: Weavile|Triple Axel|p2a: Toxapex
|-resisted|p2a: Toxapex
|-damage|p2a: Toxapex|85/100
|-damage|p1a: Weavile|0 fnt|[from] item: Rocky Helmet|[of] p2a: Toxapex
|faint|p1a: Weavile
|-hitcount|p2a: Toxapex|1
|
|upkeep
|
|t:|1663769317
|switch|p1a: Garchomp|Garchomp, M|52/100
|-damage|p1a: Garchomp|46/100|[from] Stealth Rock
|turn|23
|
|t:|1663769322
|switch|p2a: Corviknight|Corviknight, M|100/100
|-damage|p2a: Corviknight|88/100|[from] Stealth Rock
|-ability|p2a: Corviknight|Pressure
|move|p1a: Garchomp|Earthquake|p2a: Corviknight
|-immune|p2a: Corviknight
|
|-heal|p1a: Garchomp|52/100|[from] item: Leftovers
|upkeep
|turn|24
|
|t:|1663769332
|move|p1a: Garchomp|Protect|p1a: Garchomp
|-singleturn|p1a: Garchomp|Protect
|move|p2a: Corviknight|U-turn|p1a: Garchomp
|-activate|p1a: Garchomp|move: Protect
|
|-heal|p1a: Garchomp|58/100|[from] item: Leftovers
|upkeep
|turn|25
|
|t:|1663769339
|switch|p1a: Tornadus|Tornadus-Therian, M|100/100
|-damage|p1a: Tornadus|76/100|[from] Stealth Rock
|move|p2a: Corviknight|U-turn|p1a: Tornadus
|-resisted|p1a: Tornadus
|-damage|p1a: Tornadus|68/100
|l| Billaboom
|
|t:|1663769345
|switch|p2a: Weavile|Weavile, F|100/100|[from]move: U-turn
|-ability|p2a: Weavile|Pressure
|
|upkeep
|turn|26
|
|t:|1663769349
|switch|p1a: Toxapex|Toxapex, F|83/100
|-damage|p1a: Toxapex|71/100|[from] Stealth Rock
|move|p2a: Weavile|Triple Axel|p1a: Toxapex
|-resisted|p1a: Toxapex
|-damage|p1a: Toxapex|68/100
|-resisted|p1a: Toxapex
|-damage|p1a: Toxapex|62/100
|-resisted|p1a: Toxapex
|-damage|p1a: Toxapex|52/100
|-hitcount|p1a: Toxapex|3
|
|-damage|p1a: Toxapex|40/100|[from] item: Sticky Barb
|upkeep
|turn|27
|j| NeoNaruto®++
|
|t:|1663769361
|switch|p2a: Clefable|Clefable, M|20/100
|switch|p1a: Kartana|Kartana|100/100
|-damage|p1a: Kartana|94/100|[from] Stealth Rock
|
|upkeep
|turn|28
|
|t:|1663769370
|switch|p2a: Toxapex|Toxapex, F|100/100
|-damage|p2a: Toxapex|88/100|[from] Stealth Rock
|move|p1a: Kartana|Knock Off|p2a: Toxapex
|-crit|p2a: Toxapex
|-damage|p2a: Toxapex|50/100
|-enditem|p2a: Toxapex|Rocky Helmet|[from] move: Knock Off|[of] p1a: Kartana
|
|upkeep
|turn|29
|
|t:|1663769376
|move|p1a: Kartana|Leaf Blade|p2a: Toxapex
|-damage|p2a: Toxapex|13/100
|move|p2a: Toxapex|Recover|p2a: Toxapex
|-heal|p2a: Toxapex|63/100
|
|upkeep
|turn|30
|
|t:|1663769384
|move|p1a: Kartana|Leaf Blade|p2a: Toxapex
|-damage|p2a: Toxapex|29/100
|move|p2a: Toxapex|Recover|p2a: Toxapex
|-heal|p2a: Toxapex|79/100
|
|upkeep
|turn|31
|
|t:|1663769390
|switch|p1a: Magnezone|Magnezone|45/100
|-damage|p1a: Magnezone|39/100|[from] Stealth Rock
|move|p2a: Toxapex|Scald|p1a: Magnezone
|-damage|p1a: Magnezone|20/100
|
|-heal|p1a: Magnezone|26/100|[from] item: Leftovers
|upkeep
|turn|32
|
|t:|1663769400
|switch|p2a: Slowking|Slowking-Galar, M|81/100
|-damage|p2a: Slowking|69/100|[from] Stealth Rock
|move|p1a: Magnezone|Thunderbolt|p2a: Slowking
|-damage|p2a: Slowking|35/100
|
|-heal|p1a: Magnezone|33/100|[from] item: Leftovers
|upkeep
|turn|33
|
|t:|1663769407
|move|p1a: Magnezone|Thunderbolt|p2a: Slowking
|-damage|p2a: Slowking|0 fnt
|faint|p2a: Slowking
|
|-heal|p1a: Magnezone|39/100|[from] item: Leftovers
|upkeep
|n| Testclipse|pkmnmastereclipse
|
|t:|1663769413
|switch|p2a: Weavile|Weavile, F|100/100
|-ability|p2a: Weavile|Pressure
|turn|34
|
|t:|1663769415
|switch|p1a: Tornadus|Tornadus-Therian, M|100/100
|-damage|p1a: Tornadus|76/100|[from] Stealth Rock
|move|p2a: Weavile|Knock Off|p1a: Tornadus
|-damage|p1a: Tornadus|40/100
|
|upkeep
|turn|35
|
|t:|1663769423
|move|p2a: Weavile|Triple Axel|p1a: Tornadus
|-supereffective|p1a: Tornadus
|-damage|p1a: Tornadus|16/100
|-supereffective|p1a: Tornadus
|-damage|p1a: Tornadus|0 fnt
|faint|p1a: Tornadus
|-hitcount|p1: Tornadus|2
|
|upkeep
|
|t:|1663769425
|switch|p1a: Kartana|Kartana|94/100
|-damage|p1a: Kartana|88/100|[from] Stealth Rock
|turn|36
|
|t:|1663769433
|switch|p2a: Corviknight|Corviknight, M|88/100
|-damage|p2a: Corviknight|75/100|[from] Stealth Rock
|-ability|p2a: Corviknight|Pressure
|move|p1a: Kartana|Leaf Blade|p2a: Corviknight
|-resisted|p2a: Corviknight
|-damage|p2a: Corviknight|66/100
|
|upkeep
|turn|37
|
|t:|1663769444
|switch|p1a: Magnezone|Magnezone|39/100
|-damage|p1a: Magnezone|33/100|[from] Stealth Rock
|move|p2a: Corviknight|U-turn|p1a: Magnezone
|-resisted|p1a: Magnezone
|-damage|p1a: Magnezone|26/100
|
|t:|1663769451
|switch|p2a: Landorus|Landorus-Therian, M|76/100 tox|[from]move: U-turn
|-damage|p2a: Landorus|64/100 tox|[from] Stealth Rock
|-ability|p2a: Landorus|Intimidate|boost
|-unboost|p1a: Magnezone|atk|1
|
|-heal|p2a: Landorus|70/100 tox|[from] item: Leftovers
|-heal|p1a: Magnezone|32/100|[from] item: Leftovers
|-damage|p2a: Landorus|64/100 tox|[from] psn
|upkeep
|turn|38
|
|t:|1663769458
|switch|p1a: Garchomp|Garchomp, M|58/100
|-damage|p1a: Garchomp|52/100|[from] Stealth Rock
|move|p2a: Landorus|Earthquake|p1a: Garchomp
|-damage|p1a: Garchomp|15/100
|
|-heal|p1a: Garchomp|21/100|[from] item: Leftovers
|-heal|p2a: Landorus|70/100 tox|[from] item: Leftovers
|-damage|p2a: Landorus|58/100 tox|[from] psn
|upkeep
|turn|39
|
|t:|1663769465
|switch|p2a: Clefable|Clefable, M|20/100
|move|p1a: Garchomp|Protect||[still]
|-fail|p1a: Garchomp
|
|-heal|p1a: Garchomp|27/100|[from] item: Leftovers
|upkeep
|turn|40
|
|t:|1663769471
|move|p1a: Garchomp|Earthquake|p2a: Clefable
|-damage|p2a: Clefable|0 fnt
|faint|p2a: Clefable
|
|-heal|p1a: Garchomp|33/100|[from] item: Leftovers
|upkeep
|
|t:|1663769475
|switch|p2a: Weavile|Weavile, F|100/100
|-ability|p2a: Weavile|Pressure
|turn|41
|
|t:|1663769478
|switch|p1a: Toxapex|Toxapex, F|73/100
|-damage|p1a: Toxapex|60/100|[from] Stealth Rock
|move|p2a: Weavile|Knock Off|p1a: Toxapex
|-crit|p1a: Toxapex
|-damage|p1a: Toxapex|13/100
|-enditem|p1a: Toxapex|Sticky Barb|[from] move: Knock Off|[of] p2a: Weavile
|
|upkeep
|turn|42
|
|t:|1663769486
|move|p1a: Toxapex|Baneful Bunker|p1a: Toxapex
|-singleturn|p1a: Toxapex|move: Protect
|move|p2a: Weavile|Knock Off|p1a: Toxapex
|-activate|p1a: Toxapex|move: Protect
|-status|p2a: Weavile|psn
|
|-damage|p2a: Weavile|88/100 psn|[from] psn
|upkeep
|turn|43
|j| AlIoutdragadarts
|
|t:|1663769506
|switch|p1a: Garchomp|Garchomp, M|33/100
|-damage|p1a: Garchomp|27/100|[from] Stealth Rock
|move|p2a: Weavile|Swords Dance|p2a: Weavile
|-boost|p2a: Weavile|atk|2
|
|-heal|p1a: Garchomp|33/100|[from] item: Leftovers
|-damage|p2a: Weavile|76/100 psn|[from] psn
|upkeep
|turn|44
|
|t:|1663769511
|move|p1a: Garchomp|Protect|p1a: Garchomp
|-singleturn|p1a: Garchomp|Protect
|move|p2a: Weavile|Knock Off|p1a: Garchomp
|-activate|p1a: Garchomp|move: Protect
|
|-heal|p1a: Garchomp|39/100|[from] item: Leftovers
|-damage|p2a: Weavile|63/100 psn|[from] psn
|upkeep
|turn|45
|j| A-Wing Fighter
|
|t:|1663769517
|switch|p1a: Magnezone|Magnezone|32/100
|-damage|p1a: Magnezone|26/100|[from] Stealth Rock
|move|p2a: Weavile|Knock Off|p1a: Magnezone
|-damage|p1a: Magnezone|0 fnt
|-enditem|p1a: Magnezone|Leftovers|[from] move: Knock Off|[of] p2a: Weavile
|faint|p1a: Magnezone
|
|-damage|p2a: Weavile|51/100 psn|[from] psn
|upkeep
|
|t:|1663769521
|switch|p1a: Toxapex|Toxapex, F|46/100
|-damage|p1a: Toxapex|34/100|[from] Stealth Rock
|turn|46
|
|t:|1663769526
|switch|p2a: Toxapex|Toxapex, F|100/100
|-damage|p2a: Toxapex|88/100|[from] Stealth Rock
|move|p1a: Toxapex|Baneful Bunker||[still]
|-fail|p1a: Toxapex
|
|upkeep
|turn|47
|
|t:|1663769532
|move|p1a: Toxapex|Recover|p1a: Toxapex
|-heal|p1a: Toxapex|84/100
|move|p2a: Toxapex|Scald|p1a: Toxapex
|-resisted|p1a: Toxapex
|-damage|p1a: Toxapex|77/100
|
|upkeep
|turn|48
|l| A-Wing Fighter
|
|t:|1663769539
|move|p1a: Toxapex|Scald|p2a: Toxapex
|-resisted|p2a: Toxapex
|-damage|p2a: Toxapex|81/100
|move|p2a: Toxapex|Scald|p1a: Toxapex
|-resisted|p1a: Toxapex
|-damage|p1a: Toxapex|70/100
|
|upkeep
|turn|49
|
|t:|1663769542
|move|p1a: Toxapex|Scald|p2a: Toxapex
|-resisted|p2a: Toxapex
|-damage|p2a: Toxapex|75/100
|move|p2a: Toxapex|Scald|p1a: Toxapex
|-resisted|p1a: Toxapex
|-damage|p1a: Toxapex|64/100
|-status|p1a: Toxapex|brn
|
|-damage|p1a: Toxapex|57/100 brn|[from] brn
|upkeep
|turn|50
|
|t:|1663769546
|move|p1a: Toxapex|Scald|p2a: Toxapex
|-resisted|p2a: Toxapex
|-damage|p2a: Toxapex|68/100
|move|p2a: Toxapex|Scald|p1a: Toxapex
|-resisted|p1a: Toxapex
|-damage|p1a: Toxapex|51/100 brn
|
|-damage|p1a: Toxapex|45/100 brn|[from] brn
|upkeep
|turn|51
|
|t:|1663769550
|move|p1a: Toxapex|Scald|p2a: Toxapex
|-resisted|p2a: Toxapex
|-damage|p2a: Toxapex|62/100
|-status|p2a: Toxapex|brn
|move|p2a: Toxapex|Scald|p1a: Toxapex
|-resisted|p1a: Toxapex
|-damage|p1a: Toxapex|38/100 brn
|
|-damage|p1a: Toxapex|32/100 brn|[from] brn
|-damage|p2a: Toxapex|55/100 brn|[from] brn
|upkeep
|turn|52
|
|t:|1663769554
|move|p1a: Toxapex|Recover|p1a: Toxapex
|-heal|p1a: Toxapex|82/100 brn
|move|p2a: Toxapex|Scald|p1a: Toxapex
|-resisted|p1a: Toxapex
|-damage|p1a: Toxapex|75/100 brn
|
|-damage|p1a: Toxapex|69/100 brn|[from] brn
|-damage|p2a: Toxapex|49/100 brn|[from] brn
|upkeep
|turn|53
|
|t:|1663769558
|move|p1a: Toxapex|Knock Off|p2a: Toxapex
|-damage|p2a: Toxapex|46/100 brn
|move|p2a: Toxapex|Recover|p2a: Toxapex
|-heal|p2a: Toxapex|96/100 brn
|
|-damage|p1a: Toxapex|62/100 brn|[from] brn
|-damage|p2a: Toxapex|90/100 brn|[from] brn
|upkeep
|turn|54
|
|t:|1663769568
|move|p1a: Toxapex|Knock Off|p2a: Toxapex
|-damage|p2a: Toxapex|87/100 brn
|move|p2a: Toxapex|Knock Off|p1a: Toxapex
|-damage|p1a: Toxapex|59/100 brn
|
|-damage|p1a: Toxapex|53/100 brn|[from] brn
|-damage|p2a: Toxapex|81/100 brn|[from] brn
|upkeep
|turn|55
|
|t:|1663769572
|move|p1a: Toxapex|Scald|p2a: Toxapex
|-resisted|p2a: Toxapex
|-damage|p2a: Toxapex|74/100 brn
|move|p2a: Toxapex|Knock Off|p1a: Toxapex
|-damage|p1a: Toxapex|50/100 brn
|
|-damage|p1a: Toxapex|44/100 brn|[from] brn
|-damage|p2a: Toxapex|68/100 brn|[from] brn
|upkeep
|turn|56
|
|t:|1663769575
|move|p1a: Toxapex|Scald|p2a: Toxapex
|-resisted|p2a: Toxapex
|-damage|p2a: Toxapex|61/100 brn
|move|p2a: Toxapex|Recover|p2a: Toxapex
|-heal|p2a: Toxapex|100/100 brn
|
|-damage|p1a: Toxapex|37/100 brn|[from] brn
|-damage|p2a: Toxapex|94/100 brn|[from] brn
|upkeep
|turn|57
|
|t:|1663769580
|switch|p2a: Landorus|Landorus-Therian, M|58/100 tox
|-damage|p2a: Landorus|46/100 tox|[from] Stealth Rock
|-ability|p2a: Landorus|Intimidate|boost
|-unboost|p1a: Toxapex|atk|1
|move|p1a: Toxapex|Recover|p1a: Toxapex
|-heal|p1a: Toxapex|87/100 brn
|
|-heal|p2a: Landorus|52/100 tox|[from] item: Leftovers
|-damage|p2a: Landorus|46/100 tox|[from] psn
|-damage|p1a: Toxapex|81/100 brn|[from] brn
|upkeep
|turn|58
|
|t:|1663769586
|move|p1a: Toxapex|Baneful Bunker|p1a: Toxapex
|-singleturn|p1a: Toxapex|move: Protect
|move|p2a: Landorus|Earthquake|p1a: Toxapex
|-activate|p1a: Toxapex|move: Protect
|
|-heal|p2a: Landorus|52/100 tox|[from] item: Leftovers
|-damage|p2a: Landorus|40/100 tox|[from] psn
|-damage|p1a: Toxapex|75/100 brn|[from] brn
|upkeep
|turn|59
|
|t:|1663769594
|switch|p1a: Kartana|Kartana|88/100
|-damage|p1a: Kartana|82/100|[from] Stealth Rock
|move|p2a: Landorus|Earthquake|p1a: Kartana
|-damage|p1a: Kartana|28/100
|
|-heal|p2a: Landorus|46/100 tox|[from] item: Leftovers
|-damage|p2a: Landorus|28/100 tox|[from] psn
|upkeep
|turn|60
|
|t:|1663769602
|switch|p2a: Corviknight|Corviknight, M|66/100
|-damage|p2a: Corviknight|54/100|[from] Stealth Rock
|-ability|p2a: Corviknight|Pressure
|move|p1a: Kartana|Knock Off|p2a: Corviknight
|-crit|p2a: Corviknight
|-damage|p2a: Corviknight|15/100
|-enditem|p2a: Corviknight|Rocky Helmet|[from] move: Knock Off|[of] p1a: Kartana
|
|upkeep
|turn|61
|
|t:|1663769611
|move|p1a: Kartana|Knock Off|p2a: Corviknight
|-damage|p2a: Corviknight|0 fnt
|faint|p2a: Corviknight
|-ability|p1a: Kartana|Beast Boost|boost
|-boost|p1a: Kartana|atk|1
|
|upkeep
|
|t:|1663769615
|switch|p2a: Weavile|Weavile, F|51/100 psn
|-ability|p2a: Weavile|Pressure
|turn|62
|
|t:|1663769618
|switch|p1a: Toxapex|Toxapex, F|100/100 brn
|-damage|p1a: Toxapex|88/100 brn|[from] Stealth Rock
|move|p2a: Weavile|Ice Shard|p1a: Toxapex
|-resisted|p1a: Toxapex
|-damage|p1a: Toxapex|81/100 brn
|
|-damage|p2a: Weavile|38/100 psn|[from] psn
|-damage|p1a: Toxapex|75/100 brn|[from] brn
|upkeep
|turn|63
|
|t:|1663769621
|switch|p2a: Toxapex|Toxapex, F|100/100 brn
|-damage|p2a: Toxapex|88/100 brn|[from] Stealth Rock
|move|p1a: Toxapex|Scald|p2a: Toxapex
|-resisted|p2a: Toxapex
|-damage|p2a: Toxapex|81/100 brn
|
|-damage|p1a: Toxapex|69/100 brn|[from] brn
|-damage|p2a: Toxapex|75/100 brn|[from] brn
|upkeep
|turn|64
|
|t:|1663769632
|move|p1a: Toxapex|Knock Off|p2a: Toxapex
|-damage|p2a: Toxapex|72/100 brn
|move|p2a: Toxapex|Haze|p2a: Toxapex
|-clearallboost
|
|-damage|p1a: Toxapex|63/100 brn|[from] brn
|-damage|p2a: Toxapex|66/100 brn|[from] brn
|upkeep
|turn|65
|l| SkipTheDripBayless
|
|t:|1663769639
|move|p1a: Toxapex|Knock Off|p2a: Toxapex
|-damage|p2a: Toxapex|63/100 brn
|move|p2a: Toxapex|Scald|p1a: Toxapex
|-resisted|p1a: Toxapex
|-crit|p1a: Toxapex
|-damage|p1a: Toxapex|53/100 brn
|
|-damage|p1a: Toxapex|47/100 brn|[from] brn
|-damage|p2a: Toxapex|57/100 brn|[from] brn
|upkeep
|turn|66
|
|t:|1663769648
|move|p1a: Toxapex|Knock Off|p2a: Toxapex
|-damage|p2a: Toxapex|54/100 brn
|move|p2a: Toxapex|Scald|p1a: Toxapex
|-resisted|p1a: Toxapex
|-damage|p1a: Toxapex|40/100 brn
|
|-damage|p1a: Toxapex|34/100 brn|[from] brn
|-damage|p2a: Toxapex|48/100 brn|[from] brn
|upkeep
|turn|67
|
|t:|1663769654
|move|p1a: Toxapex|Recover|p1a: Toxapex
|-heal|p1a: Toxapex|84/100 brn
|move|p2a: Toxapex|Recover|p2a: Toxapex
|-heal|p2a: Toxapex|98/100 brn
|
|-damage|p1a: Toxapex|77/100 brn|[from] brn
|-damage|p2a: Toxapex|92/100 brn|[from] brn
|upkeep
|turn|68
|j| SkipTheDripBayless
|c|☆notazigzagoon|invigorating gameplay
|
|t:|1663769666
|move|p1a: Toxapex|Knock Off|p2a: Toxapex
|-damage|p2a: Toxapex|89/100 brn
|move|p2a: Toxapex|Haze|p2a: Toxapex
|-clearallboost
|
|-damage|p1a: Toxapex|71/100 brn|[from] brn
|-damage|p2a: Toxapex|83/100 brn|[from] brn
|upkeep
|turn|69
|
|t:|1663769674
|move|p1a: Toxapex|Knock Off|p2a: Toxapex
|-damage|p2a: Toxapex|80/100 brn
|move|p2a: Toxapex|Scald|p1a: Toxapex
|-resisted|p1a: Toxapex
|-damage|p1a: Toxapex|65/100 brn
|
|-damage|p1a: Toxapex|59/100 brn|[from] brn
|-damage|p2a: Toxapex|74/100 brn|[from] brn
|upkeep
|turn|70
|
|t:|1663769678
|move|p1a: Toxapex|Knock Off|p2a: Toxapex
|-damage|p2a: Toxapex|71/100 brn
|move|p2a: Toxapex|Haze|p2a: Toxapex
|-clearallboost
|
|-damage|p1a: Toxapex|53/100 brn|[from] brn
|-damage|p2a: Toxapex|65/100 brn|[from] brn
|upkeep
|turn|71
|
|t:|1663769680
|move|p1a: Toxapex|Knock Off|p2a: Toxapex
|-damage|p2a: Toxapex|62/100 brn
|move|p2a: Toxapex|Recover|p2a: Toxapex
|-heal|p2a: Toxapex|100/100 brn
|
|-damage|p1a: Toxapex|47/100 brn|[from] brn
|-damage|p2a: Toxapex|94/100 brn|[from] brn
|upkeep
|turn|72
|
|t:|1663769684
|move|p1a: Toxapex|Knock Off|p2a: Toxapex
|-damage|p2a: Toxapex|92/100 brn
|move|p2a: Toxapex|Scald|p1a: Toxapex
|-resisted|p1a: Toxapex
|-damage|p1a: Toxapex|40/100 brn
|
|-damage|p1a: Toxapex|34/100 brn|[from] brn
|-damage|p2a: Toxapex|85/100 brn|[from] brn
|upkeep
|turn|73
|
|t:|1663769688
|move|p1a: Toxapex|Recover|p1a: Toxapex
|-heal|p1a: Toxapex|84/100 brn
|move|p2a: Toxapex|Haze|p2a: Toxapex
|-clearallboost
|
|-damage|p1a: Toxapex|78/100 brn|[from] brn
|-damage|p2a: Toxapex|79/100 brn|[from] brn
|upkeep
|turn|74
|
|t:|1663769695
|move|p1a: Toxapex|Knock Off|p2a: Toxapex
|-damage|p2a: Toxapex|76/100 brn
|move|p2a: Toxapex|Haze|p2a: Toxapex
|-clearallboost
|
|-damage|p1a: Toxapex|72/100 brn|[from] brn
|-damage|p2a: Toxapex|70/100 brn|[from] brn
|upkeep
|turn|75
|
|t:|1663769705
|move|p1a: Toxapex|Knock Off|p2a: Toxapex
|-damage|p2a: Toxapex|67/100 brn
|move|p2a: Toxapex|Knock Off|p1a: Toxapex
|-damage|p1a: Toxapex|69/100 brn
|
|-damage|p1a: Toxapex|62/100 brn|[from] brn
|-damage|p2a: Toxapex|61/100 brn|[from] brn
|upkeep
|turn|76
|
|t:|1663769709
|move|p1a: Toxapex|Knock Off|p2a: Toxapex
|-damage|p2a: Toxapex|58/100 brn
|move|p2a: Toxapex|Recover|p2a: Toxapex
|-heal|p2a: Toxapex|100/100 brn
|
|-damage|p1a: Toxapex|56/100 brn|[from] brn
|-damage|p2a: Toxapex|94/100 brn|[from] brn
|upkeep
|turn|77
|
|t:|1663769712
|move|p1a: Toxapex|Knock Off|p2a: Toxapex
|-damage|p2a: Toxapex|91/100 brn
|move|p2a: Toxapex|Knock Off|p1a: Toxapex
|-damage|p1a: Toxapex|53/100 brn
|
|-damage|p1a: Toxapex|47/100 brn|[from] brn
|-damage|p2a: Toxapex|85/100 brn|[from] brn
|upkeep
|turn|78
|
|t:|1663769720
|move|p1a: Toxapex|Recover|p1a: Toxapex
|-heal|p1a: Toxapex|97/100 brn
|move|p2a: Toxapex|Knock Off|p1a: Toxapex
|-damage|p1a: Toxapex|94/100 brn
|
|-damage|p1a: Toxapex|88/100 brn|[from] brn
|-damage|p2a: Toxapex|79/100 brn|[from] brn
|upkeep
|turn|79
|
|t:|1663769724
|move|p1a: Toxapex|Knock Off|p2a: Toxapex
|-damage|p2a: Toxapex|76/100 brn
|move|p2a: Toxapex|Scald|p1a: Toxapex
|-resisted|p1a: Toxapex
|-damage|p1a: Toxapex|81/100 brn
|
|-damage|p1a: Toxapex|75/100 brn|[from] brn
|-damage|p2a: Toxapex|70/100 brn|[from] brn
|upkeep
|turn|80
|
|t:|1663769728
|move|p1a: Toxapex|Knock Off|p2a: Toxapex
|-damage|p2a: Toxapex|67/100 brn
|move|p2a: Toxapex|Haze|p2a: Toxapex
|-clearallboost
|
|-damage|p1a: Toxapex|68/100 brn|[from] brn
|-damage|p2a: Toxapex|61/100 brn|[from] brn
|upkeep
|turn|81
|
|t:|1663769735
|move|p1a: Toxapex|Scald|p2a: Toxapex
|-resisted|p2a: Toxapex
|-damage|p2a: Toxapex|54/100 brn
|move|p2a: Toxapex|Haze|p2a: Toxapex
|-clearallboost
|
|-damage|p1a: Toxapex|62/100 brn|[from] brn
|-damage|p2a: Toxapex|48/100 brn|[from] brn
|upkeep
|turn|82
|
|t:|1663769741
|switch|p1a: Garchomp|Garchomp, M|39/100
|-damage|p1a: Garchomp|33/100|[from] Stealth Rock
|move|p2a: Toxapex|Knock Off|p1a: Garchomp
|-damage|p1a: Garchomp|27/100
|-damage|p2a: Toxapex|35/100 brn|[from] ability: Rough Skin|[of] p1a: Garchomp
|-enditem|p1a: Garchomp|Leftovers|[from] move: Knock Off|[of] p2a: Toxapex
|
|-damage|p2a: Toxapex|29/100 brn|[from] brn
|upkeep
|turn|83
|j| TheWelshCorgi
|
|t:|1663769752
|switch|p2a: Landorus|Landorus-Therian, M|28/100 tox
|-damage|p2a: Landorus|15/100 tox|[from] Stealth Rock
|-ability|p2a: Landorus|Intimidate|boost
|-unboost|p1a: Garchomp|atk|1
|move|p1a: Garchomp|Earthquake|p2a: Landorus
|-immune|p2a: Landorus
|
|-heal|p2a: Landorus|21/100 tox|[from] item: Leftovers
|-damage|p2a: Landorus|15/100 tox|[from] psn
|upkeep
|turn|84
|
|t:|1663769762
|switch|p2a: Toxapex|Toxapex, F|62/100 brn
|-damage|p2a: Toxapex|50/100 brn|[from] Stealth Rock
|move|p1a: Garchomp|Protect||[still]
|-fail|p1a: Garchomp
|
|-damage|p2a: Toxapex|43/100 brn|[from] brn
|upkeep
|turn|85
|
|t:|1663769768
|switch|p2a: Landorus|Landorus-Therian, M|15/100 tox
|-damage|p2a: Landorus|3/100 tox|[from] Stealth Rock
|-ability|p2a: Landorus|Intimidate|boost
|-unboost|p1a: Garchomp|atk|1
|move|p1a: Garchomp|Earthquake|p2a: Landorus
|-immune|p2a: Landorus
|
|-heal|p2a: Landorus|9/100 tox|[from] item: Leftovers
|-damage|p2a: Landorus|3/100 tox|[from] psn
|upkeep
|turn|86
|
|t:|1663769777
|move|p1a: Garchomp|Protect|p1a: Garchomp
|-singleturn|p1a: Garchomp|Protect
|move|p2a: Landorus|Earthquake|p1a: Garchomp
|-activate|p1a: Garchomp|move: Protect
|
|-heal|p2a: Landorus|9/100 tox|[from] item: Leftovers
|-damage|p2a: Landorus|0 fnt|[from] psn
|faint|p2a: Landorus
|upkeep
|
|t:|1663769780
|switch|p2a: Toxapex|Toxapex, F|76/100 brn
|-damage|p2a: Toxapex|64/100 brn|[from] Stealth Rock
|turn|87
|
|t:|1663769783
|switch|p1a: Toxapex|Toxapex, F|95/100 brn
|-damage|p1a: Toxapex|83/100 brn|[from] Stealth Rock
|move|p2a: Toxapex|Scald|p1a: Toxapex
|-resisted|p1a: Toxapex
|-damage|p1a: Toxapex|77/100 brn
|
|-damage|p1a: Toxapex|71/100 brn|[from] brn
|-damage|p2a: Toxapex|58/100 brn|[from] brn
|upkeep
|turn|88
|
|t:|1663769789
|move|p1a: Toxapex|Scald|p2a: Toxapex
|-resisted|p2a: Toxapex
|-damage|p2a: Toxapex|50/100 brn
|move|p2a: Toxapex|Scald|p1a: Toxapex
|-resisted|p1a: Toxapex
|-damage|p1a: Toxapex|65/100 brn
|
|-damage|p1a: Toxapex|58/100 brn|[from] brn
|-damage|p2a: Toxapex|44/100 brn|[from] brn
|upkeep
|turn|89
|
|t:|1663769794
|move|p1a: Toxapex|Scald|p2a: Toxapex
|-resisted|p2a: Toxapex
|-damage|p2a: Toxapex|37/100 brn
|move|p2a: Toxapex|Recover|p2a: Toxapex
|-heal|p2a: Toxapex|87/100 brn
|
|-damage|p1a: Toxapex|52/100 brn|[from] brn
|-damage|p2a: Toxapex|81/100 brn|[from] brn
|upkeep
|turn|90
|
|t:|1663769797
|move|p1a: Toxapex|Scald|p2a: Toxapex
|-resisted|p2a: Toxapex
|-damage|p2a: Toxapex|75/100 brn
|move|p2a: Toxapex|Haze|p2a: Toxapex
|-clearallboost
|
|-damage|p1a: Toxapex|46/100 brn|[from] brn
|-damage|p2a: Toxapex|69/100 brn|[from] brn
|upkeep
|turn|91
|c| TheWelshCorgi|just another ou game
|c|☆notazigzagoon|yh
|c|☆xyz anxiety|this is why this tier is shit
|c|☆notazigzagoon|you know what
|c|☆notazigzagoon|ggwp
|j| galaxyxxivory
|c|☆xyz anxiety|gg
|c| TheWelshCorgi|wait
|c|☆xyz anxiety|though
|-message|notazigzagoon forfeited.
|
|win|xyz anxiety
|n|☆xyz anxiety|xyzanxiety
|n|☆notazigzagoon|notazigzagoon
|n| Grau/Bunt|graubunt
|n| Sww-Suwa|swwsuwa
|n| NeoNaruto®++|neonaruto
|n| Testclipse|testclipse
|n| AlIoutdragadarts|alioutdragadarts
|n| SkipTheDripBayless|skipthedripbayless
|n| TheWelshCorgi|thewelshcorgi
|n| galaxyxxivory|galaxyxxivory
|c|☆xyz anxiety|you choked
|c| TheWelshCorgi|im not supposed to be a catalyst
|c| TheWelshCorgi|lmao
|c|☆notazigzagoon|yh i did
|l| galaxyxxivory
|c|☆xyz anxiety|idk why you switched out
|c|☆xyz anxiety|the +2 weav
|c|☆xyz anxiety|regular poison
|c|☆xyz anxiety|not bad
|c|☆xyz anxiety|but gg.
