|j|☆Wheezer
|j|☆TTV GoTE Heartless
|inactive|Battle timer is ON: inactive players will automatically lose when time's up.
|t:|1641279977
|gametype|singles
|player|p1|Wheezer|petrel|
|player|p2|TTV GoTE Heartless|guzma|
|teamsize|p1|6
|teamsize|p2|6
|gen|8
|tier|[Gen 8] OU
|rated|Tournament battle
|rule|Sleep Clause Mod: Limit one foe put to sleep
|rule|Species Clause: Limit one of each Pokémon
|rule|OHKO Clause: OHKO moves are banned
|rule|Evasion Moves Clause: Evasion moves are banned
|rule|Endless Battle Clause: Forcing endless battles is banned
|rule|HP Percentage Mod: HP is shown in percentages
|rule|Dynamax Clause: You cannot dynamax
|clearpoke
|poke|p1|Celesteela|
|poke|p1|Garchomp, M|
|poke|p1|Zapdos-Galar|
|poke|p1|Hatterene, F|
|poke|p1|Heatran, M|
|poke|p1|Octillery, M|
|poke|p2|Togekiss, M|
|poke|p2|Marowak-Alola, M|
|poke|p2|Ferrothorn, F|
|poke|p2|Landorus-Therian, M|
|poke|p2|Regieleki|
|poke|p2|Kommo-o, M|
|teampreview
|inactive|TTV GoTE Heartless also wants the timer to be on.
|j| Kyurem
|j| 0 Lucc ~!
|c|☆TTV GoTE Heartless|glhf
|j| PoobleMaster945
|j| Orneus
|j| SpookyZ
|c|☆Wheezer|lead ferro
|c|☆Wheezer|it will be funny
|inactive|Wheezer has 120 seconds left.
|c|☆TTV GoTE Heartless|lol maybe
|
|t:|1641280012
|start
|switch|p1a: Octillery|Octillery, M|100/100
|switch|p2a: Fiya Toriya HAAA|Landorus-Therian, M|100/100
|-ability|p2a: Fiya Toriya HAAA|Intimidate|boost
|-unboost|p1a: Octillery|atk|1
|turn|1
|c|☆TTV GoTE Heartless|or maybe not
|
|t:|1641280018
|switch|p1a: Hatterene|Hatterene, F|100/100
|move|p2a: Fiya Toriya HAAA|U-turn|p1a: Hatterene
|-damage|p1a: Hatterene|80/100
|
|t:|1641280024
|switch|p2a: Get RANCHED|Marowak-Alola, M|100/100|[from]move: U-turn
|
|-heal|p1a: Hatterene|86/100|[from] item: Leftovers
|upkeep
|turn|2
|j| gewwge
|j| win÷getter
|inactive|Wheezer has 120 seconds left.
|
|t:|1641280061
|switch|p1a: Garchomp|Garchomp, M|100/100
|move|p2a: Get RANCHED|Poltergeist|p1a: Garchomp
|-activate|p1a: Garchomp|move: Poltergeist|Rocky Helmet
|-damage|p1a: Garchomp|30/100
|
|upkeep
|turn|3
|
|t:|1641280069
|switch|p2a: You're Welcome!|Kommo-o, M|100/100
|move|p1a: Garchomp|Stealth Rock|p2a: You're Welcome!
|-sidestart|p2: TTV GoTE Heartless|move: Stealth Rock
|
|upkeep
|turn|4
|
|t:|1641280079
|switch|p1a: Hatterene|Hatterene, F|86/100
|move|p2a: You're Welcome!|Stealth Rock|p1a: Hatterene
|move|p1a: Hatterene|Stealth Rock||[from]ability: Magic Bounce|[still]
|-fail|p1a: Hatterene
|
|-heal|p1a: Hatterene|92/100|[from] item: Leftovers
|upkeep
|turn|5
|
|t:|1641280089
|switch|p1a: Octillery|Octillery, M|100/100
|move|p2a: You're Welcome!|Protect||[still]
|-fail|p2a: You're Welcome!
|
|-ability|p1a: Octillery|Moody|boost
|-boost|p1a: Octillery|def|2
|-unboost|p1a: Octillery|spa|1
|upkeep
|turn|6
|
|t:|1641280097
|switch|p1a: Hatterene|Hatterene, F|92/100
|move|p2a: You're Welcome!|Toxic|p1a: Hatterene
|move|p1a: Hatterene|Toxic|p2a: You're Welcome!|[from]ability: Magic Bounce
|-status|p2a: You're Welcome!|tox
|
|-heal|p1a: Hatterene|98/100|[from] item: Leftovers
|-damage|p2a: You're Welcome!|94/100 tox|[from] psn
|upkeep
|turn|7
|c| Kyurem|The Don is in
|c| Kyurem|The Don is out
|c|☆Wheezer|LOL
|
|t:|1641280106
|switch|p2a: GOTTA GO FAST|Regieleki|100/100
|move|p1a: Hatterene|Draining Kiss|p2a: GOTTA GO FAST
|-damage|p2a: GOTTA GO FAST|54/100
|-heal|p1a: Hatterene|100/100|[from] drain|[of] p2a: GOTTA GO FAST
|
|upkeep
|turn|8
|c| win÷getter|ಠ_ಠ
|c|☆TTV GoTE Heartless|LOL I had no clue moody was allowed
|
|t:|1641280124
|switch|p1a: Garchomp|Garchomp, M|30/100
|move|p2a: GOTTA GO FAST|Rapid Spin|p1a: Garchomp
|-damage|p1a: Garchomp|22/100
|-boost|p2a: GOTTA GO FAST|spe|1
|-damage|p2a: GOTTA GO FAST|41/100|[from] ability: Rough Skin|[of] p1a: Garchomp
|-damage|p2a: GOTTA GO FAST|25/100|[from] item: Rocky Helmet|[of] p1a: Garchomp
|-sideend|p2: TTV GoTE Heartless|Stealth Rock|[from] move: Rapid Spin|[of] p2a: GOTTA GO FAST
|
|upkeep
|turn|9
|
|t:|1641280128
|switch|p2a: Fiya Toriya HAAA|Landorus-Therian, M|100/100
|-ability|p2a: Fiya Toriya HAAA|Intimidate|boost
|-unboost|p1a: Garchomp|atk|1
|move|p1a: Garchomp|Stealth Rock|p2a: Fiya Toriya HAAA
|-sidestart|p2: TTV GoTE Heartless|move: Stealth Rock
|
|upkeep
|turn|10
|
|t:|1641280137
|move|p2a: Fiya Toriya HAAA|U-turn|p1a: Garchomp
|-damage|p1a: Garchomp|0 fnt
|-damage|p2a: Fiya Toriya HAAA|88/100|[from] ability: Rough Skin|[of] p1a: Garchomp
|-damage|p2a: Fiya Toriya HAAA|72/100|[from] item: Rocky Helmet|[of] p1a: Garchomp
|faint|p1a: Garchomp
|
|t:|1641280140
|switch|p2a: GOTTA GO FAST|Regieleki|25/100|[from]move: U-turn
|
|upkeep
|inactive|Wheezer has 120 seconds left.
|
|t:|1641280191
|switch|p1a: Heatran|Heatran, M|100/100
|turn|11
|
|t:|1641280194
|move|p2a: GOTTA GO FAST|Rapid Spin|p1a: Heatran
|-resisted|p1a: Heatran
|-damage|p1a: Heatran|95/100
|-boost|p2a: GOTTA GO FAST|spe|1
|-sideend|p2: TTV GoTE Heartless|Stealth Rock|[from] move: Rapid Spin|[of] p2a: GOTTA GO FAST
|move|p1a: Heatran|Magma Storm|p2a: GOTTA GO FAST
|-damage|p2a: GOTTA GO FAST|0 fnt
|faint|p2a: GOTTA GO FAST
|
|-heal|p1a: Heatran|100/100|[from] item: Leftovers
|upkeep
|c| Kyurem|huge threat goen
|
|t:|1641280201
|switch|p2a: Fiya Toriya HAAA|Landorus-Therian, M|72/100
|-ability|p2a: Fiya Toriya HAAA|Intimidate|boost
|-unboost|p1a: Heatran|atk|1
|turn|12
|inactive|Wheezer has 120 seconds left.
|
|t:|1641280211
|switch|p1a: Hatterene|Hatterene, F|100/100
|move|p2a: Fiya Toriya HAAA|U-turn|p1a: Hatterene
|-damage|p1a: Hatterene|79/100
|
|t:|1641280215
|switch|p2a: Get RANCHED|Marowak-Alola, M|100/100|[from]move: U-turn
|
|-heal|p1a: Hatterene|85/100|[from] item: Leftovers
|upkeep
|turn|13
|
|t:|1641280224
|move|p1a: Hatterene|Protect|p1a: Hatterene
|-singleturn|p1a: Hatterene|Protect
|move|p2a: Get RANCHED|Flame Charge|p1a: Hatterene
|-activate|p1a: Hatterene|move: Protect
|
|-heal|p1a: Hatterene|91/100|[from] item: Leftovers
|upkeep
|turn|14
|j| BonkFace
|inactive|Wheezer has 120 seconds left.
|
|t:|1641280250
|switch|p1a: Heatran|Heatran, M|100/100
|move|p2a: Get RANCHED|Bonemerang|p1a: Heatran|[miss]
|-miss|p2a: Get RANCHED|p1a: Heatran
|
|upkeep
|turn|15
|c| Kyurem|oh wheezer
|inactive|Wheezer has 120 seconds left.
|c|☆Wheezer|im so good at this game
|c|☆TTV GoTE Heartless|b r u h...
|c|☆TTV GoTE Heartless|lol
|c| Kyurem|last move on glalie was taunt i think
|
|t:|1641280276
|switch|p2a: gg shake my hand|Togekiss, M|100/100
|move|p1a: Heatran|Earth Power|p2a: gg shake my hand
|-immune|p2a: gg shake my hand
|
|upkeep
|turn|16
|
|t:|1641280279
|move|p1a: Heatran|Magma Storm|p2a: gg shake my hand
|-damage|p2a: gg shake my hand|65/100
|-activate|p2a: gg shake my hand|move: Magma Storm|[of] p1a: Heatran
|move|p2a: gg shake my hand|Substitute|p2a: gg shake my hand
|-start|p2a: gg shake my hand|Substitute
|-end|p2a: gg shake my hand|Magma Storm|[partiallytrapped]|[silent]
|-damage|p2a: gg shake my hand|40/100
|
|-heal|p2a: gg shake my hand|46/100|[from] item: Leftovers
|upkeep
|turn|17
|
|t:|1641280283
|move|p1a: Heatran|Taunt|p2a: gg shake my hand
|-start|p2a: gg shake my hand|move: Taunt
|cant|p2a: gg shake my hand|move: Taunt|Thunder Wave
|
|-heal|p2a: gg shake my hand|52/100|[from] item: Leftovers
|upkeep
|turn|18
|inactive|Wheezer has 120 seconds left.
|j| d19l\_(˃ ⤙ ˂*)\_
|c| win÷getter|moody octillery and sub twave togekiss
|inactive|Wheezer has 90 seconds left.
|
|t:|1641280332
|switch|p1a: Celesteela|Celesteela|100/100
|move|p2a: gg shake my hand|Air Slash|p1a: Celesteela
|-resisted|p1a: Celesteela
|-damage|p1a: Celesteela|84/100
|
|-heal|p2a: gg shake my hand|58/100|[from] item: Leftovers
|upkeep
|turn|19
|
|t:|1641280336
|move|p2a: gg shake my hand|Air Slash|p1a: Celesteela
|-resisted|p1a: Celesteela
|-damage|p1a: Celesteela|70/100
|move|p1a: Celesteela|Autotomize|p1a: Celesteela
|-boost|p1a: Celesteela|spe|2
|-start|p1a: Celesteela|Autotomize
|
|-heal|p2a: gg shake my hand|65/100|[from] item: Leftovers
|-end|p2a: gg shake my hand|move: Taunt
|upkeep
|turn|20
|l| d19l\_(˃ ⤙ ˂*)\_
|
|t:|1641280340
|move|p1a: Celesteela|Air Slash|p2a: gg shake my hand
|-end|p2a: gg shake my hand|Substitute
|move|p2a: gg shake my hand|Thunder Wave|p1a: Celesteela
|-status|p1a: Celesteela|par
|
|-heal|p2a: gg shake my hand|71/100|[from] item: Leftovers
|upkeep
|turn|21
|
|t:|1641280348
|move|p2a: gg shake my hand|Air Slash|p1a: Celesteela|[miss]
|-miss|p2a: gg shake my hand|p1a: Celesteela
|move|p1a: Celesteela|Meteor Beam||[still]
|-prepare|p1a: Celesteela|Meteor Beam
|-boost|p1a: Celesteela|spa|1
|-enditem|p1a: Celesteela|Power Herb
|-anim|p1a: Celesteela|Meteor Beam|p2a: gg shake my hand
|-supereffective|p2a: gg shake my hand
|-damage|p2a: gg shake my hand|0 fnt
|faint|p2a: gg shake my hand
|-ability|p1a: Celesteela|Beast Boost|boost
|-boost|p1a: Celesteela|spa|1
|
|upkeep
|
|t:|1641280355
|switch|p2a: ouchie ouch|Ferrothorn, F|100/100
|turn|22
|
|t:|1641280366
|cant|p1a: Celesteela|par
|move|p2a: ouchie ouch|Iron Head|p1a: Celesteela
|-resisted|p1a: Celesteela
|-damage|p1a: Celesteela|56/100 par
|
|upkeep
|turn|23
|
|t:|1641280369
|switch|p1a: Octillery|Octillery, M|100/100
|move|p2a: ouchie ouch|Leech Seed|p1a: Octillery
|-start|p1a: Octillery|move: Leech Seed
|
|-damage|p1a: Octillery|88/100|[from] Leech Seed|[of] p2a: ouchie ouch
|-ability|p1a: Octillery|Moody|boost
|-boost|p1a: Octillery|spd|2
|-unboost|p1a: Octillery|def|1
|upkeep
|turn|24
|
|t:|1641280375
|switch|p1a: Hatterene|Hatterene, F|91/100
|move|p2a: ouchie ouch|Thunder Wave|p1a: Hatterene
|move|p1a: Hatterene|Thunder Wave|p2a: ouchie ouch|[from]ability: Magic Bounce
|-status|p2a: ouchie ouch|par
|
|-heal|p1a: Hatterene|97/100|[from] item: Leftovers
|upkeep
|turn|25
|
|t:|1641280378
|switch|p1a: Octillery|Octillery, M|88/100
|move|p2a: ouchie ouch|Iron Head|p1a: Octillery
|-resisted|p1a: Octillery
|-damage|p1a: Octillery|74/100
|
|-heal|p1a: Octillery|80/100|[from] item: Leftovers
|-ability|p1a: Octillery|Moody|boost
|-boost|p1a: Octillery|spd|2
|-unboost|p1a: Octillery|atk|1
|upkeep
|turn|26
|
|t:|1641280381
|move|p1a: Octillery|Substitute|p1a: Octillery
|-start|p1a: Octillery|Substitute
|-damage|p1a: Octillery|55/100
|move|p2a: ouchie ouch|Leech Seed|p1a: Octillery|[miss]
|-miss|p2a: ouchie ouch|p1a: Octillery
|
|-heal|p1a: Octillery|62/100|[from] item: Leftovers
|-ability|p1a: Octillery|Moody|boost
|-boost|p1a: Octillery|spa|2
|-unboost|p1a: Octillery|atk|1
|upkeep
|turn|27
|
|t:|1641280386
|move|p1a: Octillery|Protect|p1a: Octillery
|-singleturn|p1a: Octillery|Protect
|move|p2a: ouchie ouch|Thunder Wave|p1a: Octillery
|-activate|p1a: Octillery|move: Protect
|
|-heal|p1a: Octillery|68/100|[from] item: Leftovers
|-ability|p1a: Octillery|Moody|boost
|-boost|p1a: Octillery|def|2
|-unboost|p1a: Octillery|atk|1
|upkeep
|turn|28
|c| win÷getter|oh no
|c| Kyurem|In
|
|t:|1641280388
|move|p1a: Octillery|Scald|p2a: ouchie ouch
|-resisted|p2a: ouchie ouch
|-damage|p2a: ouchie ouch|81/100 par
|move|p2a: ouchie ouch|Iron Head|p1a: Octillery
|-resisted|p1a: Octillery
|-activate|p1a: Octillery|move: Substitute|[damage]
|
|-heal|p1a: Octillery|74/100|[from] item: Leftovers
|-ability|p1a: Octillery|Moody|boost
|-boost|p1a: Octillery|def|2
|-unboost|p1a: Octillery|spe|1
|upkeep
|turn|29
|
|t:|1641280394
|move|p1a: Octillery|Protect|p1a: Octillery
|-singleturn|p1a: Octillery|Protect
|move|p2a: ouchie ouch|Iron Head|p1a: Octillery
|-activate|p1a: Octillery|move: Protect
|
|-heal|p1a: Octillery|80/100|[from] item: Leftovers
|-ability|p1a: Octillery|Moody|boost
|-boost|p1a: Octillery|spa|2
|-unboost|p1a: Octillery|def|1
|upkeep
|turn|30
|
|t:|1641280396
|move|p1a: Octillery|Scald|p2a: ouchie ouch
|-resisted|p2a: ouchie ouch
|-damage|p2a: ouchie ouch|51/100 par
|move|p2a: ouchie ouch|Iron Head|p1a: Octillery
|-resisted|p1a: Octillery
|-activate|p1a: Octillery|move: Substitute|[damage]
|
|-heal|p1a: Octillery|86/100|[from] item: Leftovers
|-ability|p1a: Octillery|Moody|boost
|-boost|p1a: Octillery|spe|2
|-unboost|p1a: Octillery|spa|1
|upkeep
|turn|31
|
|t:|1641280400
|move|p1a: Octillery|Protect|p1a: Octillery
|-singleturn|p1a: Octillery|Protect
|cant|p2a: ouchie ouch|par
|
|-heal|p1a: Octillery|93/100|[from] item: Leftovers
|-ability|p1a: Octillery|Moody|boost
|-boost|p1a: Octillery|spa|2
|-unboost|p1a: Octillery|spd|1
|upkeep
|turn|32
|
|t:|1641280402
|move|p1a: Octillery|Scald|p2a: ouchie ouch
|-resisted|p2a: ouchie ouch
|-damage|p2a: ouchie ouch|16/100 par
|move|p2a: ouchie ouch|Iron Head|p1a: Octillery
|-resisted|p1a: Octillery
|-activate|p1a: Octillery|move: Substitute|[damage]
|
|-heal|p1a: Octillery|99/100|[from] item: Leftovers
|-ability|p1a: Octillery|Moody|boost
|-boost|p1a: Octillery|spa|1
|-unboost|p1a: Octillery|spd|1
|upkeep
|turn|33
|c| win÷getter|jesus christ
|
|t:|1641280409
|move|p1a: Octillery|Protect|p1a: Octillery
|-singleturn|p1a: Octillery|Protect
|cant|p2a: ouchie ouch|par
|
|-heal|p1a: Octillery|100/100|[from] item: Leftovers
|-ability|p1a: Octillery|Moody|boost
|-boost|p1a: Octillery|spe|2
|-unboost|p1a: Octillery|atk|1
|upkeep
|turn|34
|
|t:|1641280413
|move|p1a: Octillery|Thunder Wave|p2a: ouchie ouch
|-fail|p2a: ouchie ouch|par
|move|p2a: ouchie ouch|Iron Head|p1a: Octillery
|-resisted|p1a: Octillery
|-end|p1a: Octillery|Substitute
|
|-ability|p1a: Octillery|Moody|boost
|-boost|p1a: Octillery|def|2
|-unboost|p1a: Octillery|atk|1
|upkeep
|turn|35
|
|t:|1641280416
|move|p1a: Octillery|Substitute|p1a: Octillery
|-start|p1a: Octillery|Substitute
|-damage|p1a: Octillery|76/100
|move|p2a: ouchie ouch|Iron Head|p1a: Octillery
|-resisted|p1a: Octillery
|-crit|p1a: Octillery
|-activate|p1a: Octillery|move: Substitute|[damage]
|
|-heal|p1a: Octillery|82/100|[from] item: Leftovers
|-ability|p1a: Octillery|Moody|boost
|-boost|p1a: Octillery|def|1
|-unboost|p1a: Octillery|spd|1
|upkeep
|turn|36
|
|t:|1641280428
|move|p1a: Octillery|Protect|p1a: Octillery
|-singleturn|p1a: Octillery|Protect
|move|p2a: ouchie ouch|Iron Head|p1a: Octillery
|-activate|p1a: Octillery|move: Protect
|
|-heal|p1a: Octillery|88/100|[from] item: Leftovers
|-ability|p1a: Octillery|Moody|boost
|-boost|p1a: Octillery|spd|2
|-unboost|p1a: Octillery|def|1
|upkeep
|turn|37
|c| PoobleMaster945|and people wonder why moody is banned
|
|t:|1641280431
|move|p1a: Octillery|Scald|p2a: ouchie ouch
|-resisted|p2a: ouchie ouch
|-damage|p2a: ouchie ouch|0 fnt
|faint|p2a: ouchie ouch
|
|-heal|p1a: Octillery|94/100|[from] item: Leftovers
|-ability|p1a: Octillery|Moody|boost
|-boost|p1a: Octillery|spe|2
|-unboost|p1a: Octillery|def|1
|upkeep
|c| win÷getter|where is your god now
|c|☆TTV GoTE Heartless|I'm agnostic
|c|☆TTV GoTE Heartless|so somewhere ig?
|
|t:|1641280449
|switch|p2a: Fiya Toriya HAAA|Landorus-Therian, M|72/100
|-ability|p2a: Fiya Toriya HAAA|Intimidate|boost
|-immune|p1a: Octillery
|turn|38
|
|t:|1641280453
|move|p2a: Fiya Toriya HAAA|Earthquake|p1a: Octillery
|-end|p1a: Octillery|Substitute
|move|p1a: Octillery|Scald|p2a: Fiya Toriya HAAA
|-supereffective|p2a: Fiya Toriya HAAA
|-damage|p2a: Fiya Toriya HAAA|0 fnt
|faint|p2a: Fiya Toriya HAAA
|
|-heal|p1a: Octillery|100/100|[from] item: Leftovers
|-ability|p1a: Octillery|Moody|boost
|-boost|p1a: Octillery|atk|2
|-unboost|p1a: Octillery|def|1
|upkeep
|
|t:|1641280458
|switch|p2a: You're Welcome!|Kommo-o, M|94/100 tox
|turn|39
|
|t:|1641280462
|move|p1a: Octillery|Substitute|p1a: Octillery
|-start|p1a: Octillery|Substitute
|-damage|p1a: Octillery|76/100
|move|p2a: You're Welcome!|Body Press|p1a: Octillery
|-activate|p1a: Octillery|move: Substitute|[damage]
|
|-heal|p1a: Octillery|82/100|[from] item: Leftovers
|-heal|p2a: You're Welcome!|100/100 tox|[from] item: Leftovers
|-damage|p2a: You're Welcome!|94/100 tox|[from] psn
|-ability|p1a: Octillery|Moody|boost
|-boost|p1a: Octillery|spd|2
|-unboost|p1a: Octillery|def|1
|upkeep
|turn|40
|
|t:|1641280464
|move|p1a: Octillery|Scald|p2a: You're Welcome!
|-resisted|p2a: You're Welcome!
|-damage|p2a: You're Welcome!|40/100 tox
|move|p2a: You're Welcome!|Body Press|p1a: Octillery
|-end|p1a: Octillery|Substitute
|
|-heal|p1a: Octillery|88/100|[from] item: Leftovers
|-heal|p2a: You're Welcome!|46/100 tox|[from] item: Leftovers
|-damage|p2a: You're Welcome!|34/100 tox|[from] psn
|-ability|p1a: Octillery|Moody|boost
|-boost|p1a: Octillery|spe|1
|-unboost|p1a: Octillery|def|1
|upkeep
|turn|41
|c| Kyurem|o twave last move is kind of sick
|
|t:|1641280476
|move|p1a: Octillery|Scald|p2a: You're Welcome!
|-resisted|p2a: You're Welcome!
|-damage|p2a: You're Welcome!|0 fnt
|faint|p2a: You're Welcome!
|
|-heal|p1a: Octillery|94/100|[from] item: Leftovers
|-ability|p1a: Octillery|Moody|boost
|-boost|p1a: Octillery|spd|2
|-unboost|p1a: Octillery|def|1
|upkeep
|
|t:|1641280479
|switch|p2a: Get RANCHED|Marowak-Alola, M|100/100
|turn|42
|c| PoobleMaster945|my god is an octopus with mood issues
|
|t:|1641280482
|move|p1a: Octillery|Scald|p2a: Get RANCHED
|-supereffective|p2a: Get RANCHED
|-damage|p2a: Get RANCHED|0 fnt
|faint|p2a: Get RANCHED
|
|win|Wheezer
|n|☆Wheezer|wheezer
|n|☆TTV GoTE Heartless|ttvgoteheartless
|n| Kyurem|kyurem
|n| 0 Lucc ~!|0lucc
|n| PoobleMaster945|pooblemaster945
|n| Orneus|orneus
|n| SpookyZ|spookyz
|n| gewwge|gewwge
|n| win÷getter|wingetter
|n| BonkFace|bonkface
|c|☆TTV GoTE Heartless|gg
