|html|<div class="broadcast-blue"><strong>[Gen 8] OU is currently suspecting Melmetal! For information on how to participate check out the <a href="https://www.smogon.com/forums/threads/np-ss-ou-suspect-process-round-12-monster-mash.3709234/">suspect thread</a>.</strong></div>
|j|☆HQSFun
|j|☆taoke
|t:|1666266359
|gametype|singles
|player|p1|HQSFun|veteranf|1763
|player|p2|taoke|lucas|1743
|teamsize|p1|6
|teamsize|p2|6
|gen|8
|tier|[Gen 8] OU
|rated|
|rule|Sleep Clause Mod: Limit one foe put to sleep
|rule|Species Clause: Limit one of each Pokémon
|rule|OHKO Clause: OHKO moves are banned
|rule|Evasion Items Clause: Evasion items are banned
|rule|Evasion Moves Clause: Evasion moves are banned
|rule|Endless Battle Clause: Forcing endless battles is banned
|rule|HP Percentage Mod: HP is shown in percentages
|rule|Dynamax Clause: You cannot dynamax
|clearpoke
|poke|p1|Dragapult, F|
|poke|p1|Weavile, F|
|poke|p1|Rillaboom, F|
|poke|p1|Nihilego|
|poke|p1|Garchomp, F|
|poke|p1|Celesteela|
|poke|p2|Ferrothorn, M|
|poke|p2|Moltres|
|poke|p2|Tapu Lele|
|poke|p2|Melmetal|
|poke|p2|Mew|
|poke|p2|Alakazam, M|
|teampreview
|inactive|Battle timer is ON: inactive players will automatically lose when time's up. (requested by HQSFun)
|
|t:|1666266373
|start
|switch|p1a: Garchomp|Garchomp, F|100/100
|switch|p2a: Mew|Mew|100/100
|turn|1
|
|t:|1666266378
|move|p1a: Garchomp|Stealth Rock|p2a: Mew
|-sidestart|p2: taoke|move: Stealth Rock
|move|p2a: Mew|Ice Beam|p1a: Garchomp
|-supereffective|p1a: Garchomp
|-damage|p1a: Garchomp|0 fnt
|faint|p1a: Garchomp
|-damage|p2a: Mew|91/100|[from] item: Life Orb
|
|upkeep
|
|t:|1666266383
|switch|p1a: Weavile|Weavile, F|100/100
|-ability|p1a: Weavile|Pressure
|turn|2
|
|t:|1666266388
|switch|p2a: Ferrothorn|Ferrothorn, M|100/100
|-damage|p2a: Ferrothorn|94/100|[from] Stealth Rock
|move|p1a: Weavile|Knock Off|p2a: Ferrothorn
|-damage|p2a: Ferrothorn|51/100
|-damage|p1a: Weavile|88/100|[from] ability: Iron Barbs|[of] p2a: Ferrothorn
|-enditem|p2a: Ferrothorn|Leftovers|[from] move: Knock Off|[of] p1a: Weavile
|-damage|p1a: Weavile|78/100|[from] item: Life Orb
|
|upkeep
|turn|3
|j| xxgameronlinexx
|
|t:|1666266400
|move|p1a: Weavile|Triple Axel|p2a: Ferrothorn
|-damage|p2a: Ferrothorn|43/100
|-damage|p1a: Weavile|66/100|[from] ability: Iron Barbs|[of] p2a: Ferrothorn
|-damage|p2a: Ferrothorn|26/100
|-damage|p1a: Weavile|53/100|[from] ability: Iron Barbs|[of] p2a: Ferrothorn
|-hitcount|p2a: Ferrothorn|2
|-damage|p1a: Weavile|43/100|[from] item: Life Orb
|move|p2a: Ferrothorn|Stealth Rock|p1a: Weavile
|-sidestart|p1: HQSFun|move: Stealth Rock
|
|upkeep
|turn|4
|
|t:|1666266411
|move|p1a: Weavile|Knock Off|p2a: Ferrothorn
|-damage|p2a: Ferrothorn|0 fnt
|-damage|p1a: Weavile|31/100|[from] ability: Iron Barbs|[of] p2a: Ferrothorn
|faint|p2a: Ferrothorn
|-damage|p1a: Weavile|21/100|[from] item: Life Orb
|
|upkeep
|
|t:|1666266419
|switch|p2a: Alakazam|Alakazam, M|100/100
|turn|5
|
|t:|1666266425
|move|p1a: Weavile|Ice Shard|p2a: Alakazam
|-damage|p2a: Alakazam|30/100
|-damage|p1a: Weavile|11/100|[from] item: Life Orb
|move|p2a: Alakazam|Dazzling Gleam|p1a: Weavile
|-supereffective|p1a: Weavile
|-damage|p1a: Weavile|0 fnt
|faint|p1a: Weavile
|
|upkeep
|j| Swag like Ohio
|
|t:|1666266438
|switch|p1a: Celesteela|Celesteela|100/100
|-damage|p1a: Celesteela|88/100|[from] Stealth Rock
|turn|6
|
|t:|1666266443
|switch|p2a: Melmetal|Melmetal|100/100
|-damage|p2a: Melmetal|94/100|[from] Stealth Rock
|move|p1a: Celesteela|Autotomize|p1a: Celesteela
|-boost|p1a: Celesteela|spe|2
|-start|p1a: Celesteela|Autotomize
|
|-heal|p2a: Melmetal|100/100|[from] item: Leftovers
|upkeep
|turn|7
|
|t:|1666266456
|move|p1a: Celesteela|Flamethrower|p2a: Melmetal
|-supereffective|p2a: Melmetal
|-damage|p2a: Melmetal|51/100
|move|p2a: Melmetal|Double Iron Bash|p1a: Celesteela
|-resisted|p1a: Celesteela
|-damage|p1a: Celesteela|64/100
|-resisted|p1a: Celesteela
|-damage|p1a: Celesteela|44/100
|-hitcount|p1a: Celesteela|2
|
|-heal|p2a: Melmetal|57/100|[from] item: Leftovers
|upkeep
|turn|8
|
|t:|1666266466
|move|p1a: Celesteela|Flamethrower|p2a: Melmetal
|-supereffective|p2a: Melmetal
|-damage|p2a: Melmetal|8/100
|move|p2a: Melmetal|Double Iron Bash|p1a: Celesteela
|-resisted|p1a: Celesteela
|-damage|p1a: Celesteela|23/100
|-resisted|p1a: Celesteela
|-damage|p1a: Celesteela|0 fnt
|faint|p1a: Celesteela
|-hitcount|p1: Celesteela|2
|
|-heal|p2a: Melmetal|14/100|[from] item: Leftovers
|upkeep
|
|t:|1666266475
|switch|p1a: Nihilego|Nihilego|100/100
|-damage|p1a: Nihilego|88/100|[from] Stealth Rock
|turn|9
|
|t:|1666266479
|move|p1a: Nihilego|Meteor Beam||[still]
|-prepare|p1a: Nihilego|Meteor Beam
|-boost|p1a: Nihilego|spa|1
|-enditem|p1a: Nihilego|Power Herb
|-anim|p1a: Nihilego|Meteor Beam|p2a: Melmetal
|-resisted|p2a: Melmetal
|-damage|p2a: Melmetal|0 fnt
|faint|p2a: Melmetal
|-ability|p1a: Nihilego|Beast Boost|boost
|-boost|p1a: Nihilego|spe|1
|
|upkeep
|j| pocus pocus
|
|t:|1666266494
|switch|p2a: Alakazam|Alakazam, M|30/100
|turn|10
|
|t:|1666266503
|move|p2a: Alakazam|Expanding Force|p1a: Nihilego
|-supereffective|p1a: Nihilego
|-damage|p1a: Nihilego|24/100
|move|p1a: Nihilego|Power Gem|p2a: Alakazam
|-damage|p2a: Alakazam|0 fnt
|faint|p2a: Alakazam
|-ability|p1a: Nihilego|Beast Boost|boost
|-boost|p1a: Nihilego|spe|1
|
|upkeep
|j| Sweetdoll
|-message|taoke forfeited.
|
|win|HQSFun
|raw|HQSFun's rating: 1763 &rarr; <strong>1782</strong><br />(+19 for winning)
|raw|taoke's rating: 1743 &rarr; <strong>1724</strong><br />(-19 for losing)
|l|☆taoke
|l|☆HQSFun
|l| pocus pocus
|l| Sweetdoll
||Ladder isn't responding, score probably updated but might not have (Request timeout).
|l| xxgameronlinexx
