|j|☆mowlawner-bot
|j|☆Pinks1ip
|t:|1665169481
|gametype|singles
|player|p1|mowlawner-bot|1|1397
|player|p2|Pinks1ip|skierf|1394
|teamsize|p1|6
|teamsize|p2|6
|gen|8
|tier|[Gen 8] OU
|rated|
|rule|Sleep Clause Mod: Limit one foe put to sleep
|rule|Species Clause: Limit one of each Pokémon
|rule|OHKO Clause: OHKO moves are banned
|rule|Evasion Items Clause: Evasion items are banned
|rule|Evasion Moves Clause: Evasion moves are banned
|rule|Endless Battle Clause: Forcing endless battles is banned
|rule|HP Percentage Mod: HP is shown in percentages
|rule|Dynamax Clause: You cannot dynamax
|clearpoke
|poke|p1|Rotom-Heat|
|poke|p1|Corviknight, F|
|poke|p1|Clefable, M|
|poke|p1|Seismitoad, M|
|poke|p1|Hydreigon, M|
|poke|p1|Gyarados, M|
|poke|p2|Aegislash, F|
|poke|p2|Slowbro, F|
|poke|p2|Landorus-Therian, M|
|poke|p2|Volcanion|
|poke|p2|Ferrothorn, F|
|poke|p2|Zapdos-Galar|
|teampreview
|
|t:|1665169498
|start
|switch|p1a: Clefable|Clefable, M|100/100
|switch|p2a: Aegislash|Aegislash, F|100/100
|turn|1
|c|☆mowlawner-bot|Hello! I am a bot created to test my creator's coding ability. I may do some strange things during this battle. I cannot respond to your messages. Good luck and have fun!
|inactive|Battle timer is ON: inactive players will automatically lose when time's up. (requested by mowlawner-bot)
|
|t:|1665169503
|switch|p1a: Hydreigon|Hydreigon, M|100/100
|-formechange|p2a: Aegislash|Aegislash-Blade||[from] ability: Stance Change
|move|p2a: Aegislash|Flash Cannon|p1a: Hydreigon
|-damage|p1a: Hydreigon|20/100
|
|upkeep
|turn|2
|
|t:|1665169514
|switch|p2a: Landorus|Landorus-Therian, M|100/100
|-ability|p2a: Landorus|Intimidate|boost
|-unboost|p1a: Hydreigon|atk|1
|move|p1a: Hydreigon|Dark Pulse|p2a: Landorus
|-damage|p2a: Landorus|70/100
|
|-heal|p2a: Landorus|76/100|[from] item: Leftovers
|upkeep
|turn|3
|
|t:|1665169520
|switch|p1a: Seismitoad|Seismitoad, M|100/100
|move|p2a: Landorus|U-turn|p1a: Seismitoad
|-damage|p1a: Seismitoad|84/100
|
|t:|1665169527
|switch|p2a: Ferrothorn|Ferrothorn, F|100/100|[from]move: U-turn
|
|-heal|p1a: Seismitoad|90/100|[from] item: Leftovers
|upkeep
|turn|4
|
|t:|1665169529
|move|p1a: Seismitoad|Scald|p2a: Ferrothorn
|-resisted|p2a: Ferrothorn
|-damage|p2a: Ferrothorn|90/100
|move|p2a: Ferrothorn|Power Whip|p1a: Seismitoad
|-supereffective|p1a: Seismitoad
|-damage|p1a: Seismitoad|0 fnt
|faint|p1a: Seismitoad
|
|upkeep
|
|t:|1665169529
|switch|p1a: Hydreigon|Hydreigon, M|20/100
|turn|5
|
|t:|1665169533
|switch|p2a: Volcanion|Volcanion|100/100
|move|p1a: Hydreigon|Fire Blast|p2a: Volcanion
|-resisted|p2a: Volcanion
|-damage|p2a: Volcanion|90/100
|
|upkeep
|turn|6
|
|t:|1665169539
|switch|p1a: Gyarados|Gyarados, M|100/100
|move|p2a: Volcanion|Steam Eruption|p1a: Gyarados
|-resisted|p1a: Gyarados
|-damage|p1a: Gyarados|72/100
|
|-heal|p1a: Gyarados|78/100|[from] item: Leftovers
|upkeep
|turn|7
|
|t:|1665169544
|move|p2a: Volcanion|Steam Eruption|p1a: Gyarados
|-resisted|p1a: Gyarados
|-damage|p1a: Gyarados|49/100
|move|p1a: Gyarados|Dragon Dance|p1a: Gyarados
|-boost|p1a: Gyarados|atk|1
|-boost|p1a: Gyarados|spe|1
|
|-heal|p1a: Gyarados|55/100|[from] item: Leftovers
|upkeep
|turn|8
|
|t:|1665169548
|switch|p2a: Ferrothorn|Ferrothorn, F|90/100
|move|p1a: Gyarados|Dragon Dance|p1a: Gyarados
|-boost|p1a: Gyarados|atk|1
|-boost|p1a: Gyarados|spe|1
|
|-heal|p1a: Gyarados|61/100|[from] item: Leftovers
|upkeep
|turn|9
|
|t:|1665169550
|move|p1a: Gyarados|Earthquake|p2a: Ferrothorn
|-damage|p2a: Ferrothorn|48/100
|move|p2a: Ferrothorn|Thunder Wave|p1a: Gyarados
|-status|p1a: Gyarados|par
|
|-heal|p1a: Gyarados|67/100 par|[from] item: Leftovers
|upkeep
|turn|10
|
|t:|1665169555
|move|p1a: Gyarados|Waterfall|p2a: Ferrothorn
|-resisted|p2a: Ferrothorn
|-damage|p2a: Ferrothorn|22/100
|-damage|p1a: Gyarados|54/100 par|[from] ability: Iron Barbs|[of] p2a: Ferrothorn
|-damage|p1a: Gyarados|38/100 par|[from] item: Rocky Helmet|[of] p2a: Ferrothorn
|move|p2a: Ferrothorn|Leech Seed|p1a: Gyarados|[miss]
|-miss|p2a: Ferrothorn|p1a: Gyarados
|
|-heal|p1a: Gyarados|44/100 par|[from] item: Leftovers
|upkeep
|turn|11
|
|t:|1665169563
|move|p1a: Gyarados|Earthquake|p2a: Ferrothorn
|-damage|p2a: Ferrothorn|0 fnt
|faint|p2a: Ferrothorn
|-ability|p1a: Gyarados|Moxie|boost
|-boost|p1a: Gyarados|atk|1
|
|-heal|p1a: Gyarados|50/100 par|[from] item: Leftovers
|upkeep
|
|t:|1665169569
|switch|p2a: Zapdos|Zapdos-Galar|100/100
|turn|12
|
|t:|1665169571
|switch|p1a: Clefable|Clefable, M|100/100
|move|p2a: Zapdos|Brave Bird|p1a: Clefable
|-damage|p1a: Clefable|45/100
|-damage|p2a: Zapdos|78/100|[from] Recoil
|
|-heal|p1a: Clefable|52/100|[from] item: Leftovers
|upkeep
|turn|13
|
|t:|1665169585
|switch|p2a: Aegislash|Aegislash, F|100/100
|move|p1a: Clefable|Protect||[still]
|-fail|p1a: Clefable
|
|-heal|p1a: Clefable|58/100|[from] item: Leftovers
|upkeep
|turn|14
|
|t:|1665169613
|move|p1a: Clefable|Protect|p1a: Clefable
|-singleturn|p1a: Clefable|Protect
|-formechange|p2a: Aegislash|Aegislash-Blade||[from] ability: Stance Change
|move|p2a: Aegislash|Shadow Ball|p1a: Clefable
|-activate|p1a: Clefable|move: Protect
|
|-heal|p1a: Clefable|64/100|[from] item: Leftovers
|upkeep
|turn|15
|inactive|Pinks1ip has 120 seconds left.
|inactive|Pinks1ip has 90 seconds left.
|
|t:|1665169691
|move|p2a: Aegislash|Shadow Ball|p1a: Clefable
|-damage|p1a: Clefable|4/100
|move|p1a: Clefable|Wish|p1a: Clefable
|
|-heal|p1a: Clefable|10/100|[from] item: Leftovers
|upkeep
|turn|16
|inactive|mowlawner-bot has 120 seconds left.
|
|t:|1665169706
|switch|p2a: Slowbro|Slowbro, F|100/100
|move|p1a: Clefable|Protect||[still]
|-fail|p1a: Clefable
|
|-heal|p1a: Clefable|60/100|[from] move: Wish|[wisher] Clefable
|-heal|p1a: Clefable|66/100|[from] item: Leftovers
|upkeep
|turn|17
|
|t:|1665169716
|move|p1a: Clefable|Thunder Wave|p2a: Slowbro
|-status|p2a: Slowbro|par
|cant|p2a: Slowbro|par
|
|-heal|p1a: Clefable|73/100|[from] item: Leftovers
|upkeep
|turn|18
|
|t:|1665169721
|move|p1a: Clefable|Moonblast|p2a: Slowbro
|-damage|p2a: Slowbro|66/100 par
|-unboost|p2a: Slowbro|spa|1
|cant|p2a: Slowbro|par
|
|-heal|p1a: Clefable|79/100|[from] item: Leftovers
|upkeep
|turn|19
|
|t:|1665169726
|switch|p2a: Aegislash|Aegislash, F|100/100
|move|p1a: Clefable|Moonblast|p2a: Aegislash
|-resisted|p2a: Aegislash
|-damage|p2a: Aegislash|89/100
|-unboost|p2a: Aegislash|spa|1
|
|-heal|p1a: Clefable|85/100|[from] item: Leftovers
|upkeep
|turn|20
|inactive|mowlawner-bot has 120 seconds left.
|
|t:|1665169760
|move|p1a: Clefable|Protect|p1a: Clefable
|-singleturn|p1a: Clefable|Protect
|-formechange|p2a: Aegislash|Aegislash-Blade||[from] ability: Stance Change
|move|p2a: Aegislash|Flash Cannon|p1a: Clefable
|-activate|p1a: Clefable|move: Protect
|
|-heal|p1a: Clefable|91/100|[from] item: Leftovers
|upkeep
|turn|21
|inactive|mowlawner-bot has 120 seconds left.
|
|t:|1665169774
|move|p2a: Aegislash|Flash Cannon|p1a: Clefable
|-supereffective|p1a: Clefable
|-damage|p1a: Clefable|16/100
|move|p1a: Clefable|Wish|p1a: Clefable
|
|-heal|p1a: Clefable|22/100|[from] item: Leftovers
|upkeep
|turn|22
|inactive|mowlawner-bot has 120 seconds left.
|
|t:|1665169791
|move|p1a: Clefable|Protect|p1a: Clefable
|-singleturn|p1a: Clefable|Protect
|move|p2a: Aegislash|Flash Cannon|p1a: Clefable
|-activate|p1a: Clefable|move: Protect
|
|-heal|p1a: Clefable|72/100|[from] move: Wish|[wisher] Clefable
|-heal|p1a: Clefable|78/100|[from] item: Leftovers
|upkeep
|turn|23
|inactive|mowlawner-bot has 120 seconds left.
|
|t:|1665169808
|move|p2a: Aegislash|Flash Cannon|p1a: Clefable
|-supereffective|p1a: Clefable
|-damage|p1a: Clefable|5/100
|move|p1a: Clefable|Wish|p1a: Clefable
|
|-heal|p1a: Clefable|11/100|[from] item: Leftovers
|upkeep
|turn|24
|inactive|mowlawner-bot has 120 seconds left.
|
|t:|1665169824
|move|p1a: Clefable|Protect|p1a: Clefable
|-singleturn|p1a: Clefable|Protect
|move|p2a: Aegislash|Flash Cannon|p1a: Clefable
|-activate|p1a: Clefable|move: Protect
|
|-heal|p1a: Clefable|61/100|[from] move: Wish|[wisher] Clefable
|-heal|p1a: Clefable|67/100|[from] item: Leftovers
|upkeep
|turn|25
|inactive|Pinks1ip has 120 seconds left.
|inactive|Pinks1ip has 90 seconds left.
|
|t:|1665169865
|move|p2a: Aegislash|Flash Cannon|p1a: Clefable
|-supereffective|p1a: Clefable
|-damage|p1a: Clefable|0 fnt
|faint|p1a: Clefable
|
|upkeep
|
|t:|1665169866
|switch|p1a: Gyarados|Gyarados, M|50/100 par
|turn|26
|inactive|mowlawner-bot has 120 seconds left.
|
|t:|1665169897
|switch|p2a: Volcanion|Volcanion|90/100
|move|p1a: Gyarados|Waterfall|p2a: Volcanion
|-heal|p2a: Volcanion|100/100|[from] ability: Water Absorb|[of] p1a: Gyarados
|
|-heal|p1a: Gyarados|56/100 par|[from] item: Leftovers
|upkeep
|turn|27
|inactive|Pinks1ip has 90 seconds left.
|
|t:|1665169926
|switch|p2a: Zapdos|Zapdos-Galar|78/100
|move|p1a: Gyarados|Earthquake|p2a: Zapdos
|-immune|p2a: Zapdos
|
|-heal|p1a: Gyarados|62/100 par|[from] item: Leftovers
|upkeep
|turn|28
|
|t:|1665169941
|switch|p1a: Hydreigon|Hydreigon, M|20/100
|move|p2a: Zapdos|Brave Bird|p1a: Hydreigon
|-damage|p1a: Hydreigon|0 fnt
|faint|p1a: Hydreigon
|-damage|p2a: Zapdos|72/100|[from] Recoil
|
|upkeep
|
|t:|1665169942
|switch|p1a: Corviknight|Corviknight, F|100/100
|-ability|p1a: Corviknight|Pressure
|turn|29
|
|t:|1665169953
|switch|p2a: Slowbro|Slowbro, F|99/100 par
|move|p1a: Corviknight|U-turn|p2a: Slowbro
|-supereffective|p2a: Slowbro
|-damage|p2a: Slowbro|82/100 par
|
|t:|1665169953
|switch|p1a: Gyarados|Gyarados, M|62/100 par|[from]move: U-turn
|
|-heal|p1a: Gyarados|68/100 par|[from] item: Leftovers
|upkeep
|turn|30
|inactive|mowlawner-bot has 120 seconds left.
|
|t:|1665169962
|move|p1a: Gyarados|Waterfall|p2a: Slowbro
|-resisted|p2a: Slowbro
|-damage|p2a: Slowbro|68/100 par
|move|p2a: Slowbro|Future Sight|p1a: Gyarados
|-start|p2a: Slowbro|move: Future Sight
|
|-heal|p1a: Gyarados|74/100 par|[from] item: Leftovers
|upkeep
|turn|31
|inactive|mowlawner-bot has 120 seconds left.
|
|t:|1665169973
|cant|p1a: Gyarados|par
|move|p2a: Slowbro|Teleport|p2a: Slowbro
|
|t:|1665169980
|switch|p2a: Aegislash|Aegislash, F|89/100|[from]move: Teleport
|
|-heal|p1a: Gyarados|80/100 par|[from] item: Leftovers
|upkeep
|turn|32
|inactive|mowlawner-bot has 120 seconds left.
|
|t:|1665170004
|-formechange|p2a: Aegislash|Aegislash-Blade||[from] ability: Stance Change
|move|p2a: Aegislash|Shadow Ball|p1a: Gyarados
|-damage|p1a: Gyarados|11/100 par
|move|p1a: Gyarados|Earthquake|p2a: Aegislash
|-supereffective|p2a: Aegislash
|-damage|p2a: Aegislash|0 fnt
|faint|p2a: Aegislash
|-ability|p1a: Gyarados|Moxie|boost
|-boost|p1a: Gyarados|atk|1
|
|-end|p1a: Gyarados|move: Future Sight
|-damage|p1a: Gyarados|0 fnt
|faint|p1a: Gyarados
|upkeep
|inactive|mowlawner-bot has 120 seconds left.
|inactive|mowlawner-bot has 90 seconds left.
|
|t:|1665170066
|switch|p1a: rotomheat|Rotom-Heat|100/100
|switch|p2a: Volcanion|Volcanion|100/100
|turn|33
|inactive|Pinks1ip has 120 seconds left.
|inactive|Pinks1ip has 90 seconds left.
|
|t:|1665170114
|switch|p2a: Landorus|Landorus-Therian, M|76/100
|-ability|p2a: Landorus|Intimidate|boost
|-unboost|p1a: rotomheat|atk|1
|move|p1a: rotomheat|Thunderbolt|p2a: Landorus
|-immune|p2a: Landorus
|
|-heal|p2a: Landorus|82/100|[from] item: Leftovers
|upkeep
|turn|34
|
|t:|1665170117
|move|p1a: rotomheat|Nasty Plot|p1a: rotomheat
|-boost|p1a: rotomheat|spa|2
|move|p2a: Landorus|Knock Off|p1a: rotomheat
|-damage|p1a: rotomheat|62/100
|-enditem|p1a: rotomheat|Heavy-Duty Boots|[from] move: Knock Off|[of] p2a: Landorus
|
|-heal|p2a: Landorus|88/100|[from] item: Leftovers
|upkeep
|turn|35
|
|t:|1665170127
|move|p1a: rotomheat|Overheat|p2a: Landorus
|-damage|p2a: Landorus|3/100
|-unboost|p1a: rotomheat|spa|2
|move|p2a: Landorus|Stealth Rock|p1a: rotomheat
|-sidestart|p1: mowlawner-bot|move: Stealth Rock
|
|-heal|p2a: Landorus|9/100|[from] item: Leftovers
|upkeep
|turn|36
|
|t:|1665170137
|switch|p2a: Slowbro|Slowbro, F|100/100 par
|move|p1a: rotomheat|Overheat|p2a: Slowbro
|-resisted|p2a: Slowbro
|-damage|p2a: Slowbro|69/100 par
|-unboost|p1a: rotomheat|spa|2
|
|upkeep
|turn|37
|
|t:|1665170147
|switch|p2a: Landorus|Landorus-Therian, M|9/100
|-ability|p2a: Landorus|Intimidate|boost
|-unboost|p1a: rotomheat|atk|1
|move|p1a: rotomheat|Thunderbolt|p2a: Landorus
|-immune|p2a: Landorus
|
|-heal|p2a: Landorus|15/100|[from] item: Leftovers
|upkeep
|turn|38
|
|t:|1665170151
|switch|p2a: Slowbro|Slowbro, F|100/100 par
|move|p1a: rotomheat|Nasty Plot|p1a: rotomheat
|-boost|p1a: rotomheat|spa|2
|
|upkeep
|turn|39
|
|t:|1665170155
|move|p1a: rotomheat|Thunderbolt|p2a: Slowbro
|-supereffective|p2a: Slowbro
|-damage|p2a: Slowbro|14/100 par
|move|p2a: Slowbro|Future Sight|p1a: rotomheat
|-start|p2a: Slowbro|move: Future Sight
|
|upkeep
|turn|40
|
|t:|1665170161
|switch|p2a: Landorus|Landorus-Therian, M|15/100
|-ability|p2a: Landorus|Intimidate|boost
|-unboost|p1a: rotomheat|atk|1
|move|p1a: rotomheat|Thunderbolt|p2a: Landorus
|-immune|p2a: Landorus
|
|-heal|p2a: Landorus|21/100|[from] item: Leftovers
|upkeep
|turn|41
|
|t:|1665170168
|switch|p2a: Slowbro|Slowbro, F|47/100 par
|move|p1a: rotomheat|Overheat|p2a: Slowbro
|-resisted|p2a: Slowbro
|-damage|p2a: Slowbro|16/100 par
|-unboost|p1a: rotomheat|spa|2
|
|-end|p1a: rotomheat|move: Future Sight
|-damage|p1a: rotomheat|7/100
|upkeep
|turn|42
|
|t:|1665170175
|switch|p2a: Landorus|Landorus-Therian, M|21/100
|-ability|p2a: Landorus|Intimidate|boost
|-unboost|p1a: rotomheat|atk|1
|move|p1a: rotomheat|Thunderbolt|p2a: Landorus
|-immune|p2a: Landorus
|
|-heal|p2a: Landorus|28/100|[from] item: Leftovers
|upkeep
|turn|43
|
|t:|1665170178
|switch|p1a: Corviknight|Corviknight, F|100/100
|-damage|p1a: Corviknight|88/100|[from] Stealth Rock
|-ability|p1a: Corviknight|Pressure
|move|p2a: Landorus|Knock Off|p1a: Corviknight
|-damage|p1a: Corviknight|65/100
|-enditem|p1a: Corviknight|Leftovers|[from] move: Knock Off|[of] p2a: Landorus
|
|-heal|p2a: Landorus|34/100|[from] item: Leftovers
|upkeep
|turn|44
|
|t:|1665170180
|move|p2a: Landorus|U-turn|p1a: Corviknight
|-resisted|p1a: Corviknight
|-damage|p1a: Corviknight|61/100
|
|t:|1665170182
|switch|p2a: Volcanion|Volcanion|100/100|[from]move: U-turn
|move|p1a: Corviknight|Roost|p1a: Corviknight
|-heal|p1a: Corviknight|100/100
|-singleturn|p1a: Corviknight|move: Roost
|
|upkeep
|turn|45
|
|t:|1665170183
|switch|p1a: rotomheat|Rotom-Heat|7/100
|-damage|p1a: rotomheat|0 fnt|[from] Stealth Rock
|faint|p1a: rotomheat
|move|p2a: Volcanion|Fire Blast|p1: rotomheat|[notarget]
|-fail|p2a: Volcanion
|
|upkeep
|
|t:|1665170183
|switch|p1a: Corviknight|Corviknight, F|100/100
|-damage|p1a: Corviknight|88/100|[from] Stealth Rock
|-ability|p1a: Corviknight|Pressure
|turn|46
|
|t:|1665170185
|move|p2a: Volcanion|Fire Blast|p1a: Corviknight|[miss]
|-miss|p2a: Volcanion|p1a: Corviknight
|move|p1a: Corviknight|U-turn|p2a: Volcanion
|-resisted|p2a: Volcanion
|-damage|p2a: Volcanion|94/100
|
|upkeep
|turn|47
|
|t:|1665170186
|move|p2a: Volcanion|Fire Blast|p1a: Corviknight
|-supereffective|p1a: Corviknight
|-damage|p1a: Corviknight|0 fnt
|faint|p1a: Corviknight
|
|win|Pinks1ip
|raw|mowlawner-bot's rating: 1397 &rarr; <strong>1377</strong><br />(-20 for losing)
|raw|Pinks1ip's rating: 1394 &rarr; <strong>1414</strong><br />(+20 for winning)
|c|☆mowlawner-bot|Thanks for playing against me!
