|j|☆someidiot19
|j|☆aursnes
|t:|1667730203
|gametype|singles
|player|p1|someidiot19|karen-gen2|1655
|player|p2|aursnes|bugsy|1688
|teamsize|p1|6
|teamsize|p2|6
|gen|8
|tier|[Gen 8] OU
|rated|
|rule|Sleep Clause Mod: Limit one foe put to sleep
|rule|Species Clause: Limit one of each Pokémon
|rule|OHKO Clause: OHKO moves are banned
|rule|Evasion Items Clause: Evasion items are banned
|rule|Evasion Moves Clause: Evasion moves are banned
|rule|Endless Battle Clause: Forcing endless battles is banned
|rule|HP Percentage Mod: HP is shown in percentages
|rule|Dynamax Clause: You cannot dynamax
|clearpoke
|poke|p1|Dragonite, F|
|poke|p1|Mew|
|poke|p1|Volcarona, F|
|poke|p1|Cloyster, F|
|poke|p1|Moltres-Galar|
|poke|p1|Garchomp, F|
|poke|p2|Toxapex, M|
|poke|p2|Clefable, M|
|poke|p2|Landorus-Therian, M|
|poke|p2|Heatran, F|
|poke|p2|Slowking-Galar, M|
|poke|p2|Corviknight, M|
|teampreview
|inactive|Battle timer is ON: inactive players will automatically lose when time's up. (requested by someidiot19)
|
|t:|1667730227
|start
|switch|p1a: Michael Jordan|Mew|100/100
|switch|p2a: Landorus|Landorus-Therian, M|100/100
|-ability|p2a: Landorus|Intimidate|boost
|-unboost|p1a: Michael Jordan|atk|1
|turn|1
|
|t:|1667730233
|switch|p2a: Toxapex|Toxapex, M|100/100
|move|p1a: Michael Jordan|Taunt|p2a: Toxapex
|-start|p2a: Toxapex|move: Taunt
|
|upkeep
|turn|2
|
|t:|1667730235
|move|p1a: Michael Jordan|Stealth Rock|p2a: Toxapex
|-sidestart|p2: aursnes|move: Stealth Rock
|move|p2a: Toxapex|Knock Off|p1a: Michael Jordan
|-supereffective|p1a: Michael Jordan
|-enditem|p1a: Michael Jordan|Colbur Berry|[eat]
|-enditem|p1a: Michael Jordan|Colbur Berry|[weaken]
|-damage|p1a: Michael Jordan|88/100
|
|upkeep
|turn|3
|
|t:|1667730238
|switch|p2a: Heatran|Heatran, F|100/100
|-damage|p2a: Heatran|88/100|[from] Stealth Rock
|move|p1a: Michael Jordan|Spikes|p2a: Heatran
|-sidestart|p2: aursnes|Spikes
|
|-heal|p2a: Heatran|94/100|[from] item: Leftovers
|upkeep
|turn|4
|
|t:|1667730241
|move|p1a: Michael Jordan|Taunt|p2a: Heatran
|-start|p2a: Heatran|move: Taunt
|move|p2a: Heatran|Magma Storm|p1a: Michael Jordan|[miss]
|-miss|p2a: Heatran|p1a: Michael Jordan
|
|-heal|p2a: Heatran|100/100|[from] item: Leftovers
|upkeep
|turn|5
|
|t:|1667730245
|move|p1a: Michael Jordan|Spikes|p2a: Heatran
|-sidestart|p2: aursnes|Spikes
|move|p2a: Heatran|Magma Storm|p1a: Michael Jordan|[miss]
|-miss|p2a: Heatran|p1a: Michael Jordan
|
|upkeep
|turn|6
|
|t:|1667730247
|move|p1a: Michael Jordan|Spikes|p2a: Heatran
|-sidestart|p2: aursnes|Spikes
|move|p2a: Heatran|Magma Storm|p1a: Michael Jordan
|-damage|p1a: Michael Jordan|51/100
|-activate|p1a: Michael Jordan|move: Magma Storm|[of] p2a: Heatran
|
|-damage|p1a: Michael Jordan|39/100|[from] move: Magma Storm|[partiallytrapped]
|-end|p2a: Heatran|move: Taunt
|upkeep
|turn|7
|
|t:|1667730249
|move|p1a: Michael Jordan|Taunt|p2a: Heatran
|-start|p2a: Heatran|move: Taunt
|move|p2a: Heatran|Earth Power|p1a: Michael Jordan
|-damage|p1a: Michael Jordan|16/100
|
|-damage|p1a: Michael Jordan|4/100|[from] move: Magma Storm|[partiallytrapped]
|upkeep
|turn|8
|
|t:|1667730252
|move|p1a: Michael Jordan|Thunder Wave|p2a: Heatran
|-status|p2a: Heatran|par
|cant|p2a: Heatran|par
|
|-damage|p1a: Michael Jordan|0 fnt|[from] move: Magma Storm|[partiallytrapped]
|faint|p1a: Michael Jordan
|upkeep
|
|t:|1667730255
|switch|p1a: Ignorance Is Bliss|Dragonite, F|100/100
|turn|9
|
|t:|1667730259
|switch|p2a: Landorus|Landorus-Therian, M|100/100
|-damage|p2a: Landorus|88/100|[from] Stealth Rock
|-ability|p2a: Landorus|Intimidate|boost
|-fail|p1a: Ignorance Is Bliss|unboost|Attack|[from] ability: Inner Focus|[of] p1a: Ignorance Is Bliss
|move|p1a: Ignorance Is Bliss|Dragon Dance|p1a: Ignorance Is Bliss
|-boost|p1a: Ignorance Is Bliss|atk|1
|-boost|p1a: Ignorance Is Bliss|spe|1
|
|-heal|p2a: Landorus|94/100|[from] item: Leftovers
|upkeep
|turn|10
|
|t:|1667730267
|move|p1a: Ignorance Is Bliss|Dragon Dance|p1a: Ignorance Is Bliss
|-boost|p1a: Ignorance Is Bliss|atk|1
|-boost|p1a: Ignorance Is Bliss|spe|1
|move|p2a: Landorus|Toxic|p1a: Ignorance Is Bliss
|-status|p1a: Ignorance Is Bliss|tox
|
|-heal|p2a: Landorus|99/100|[from] item: Leftovers
|-damage|p1a: Ignorance Is Bliss|94/100 tox|[from] psn
|upkeep
|turn|11
|
|t:|1667730272
|switch|p2a: Corviknight|Corviknight, M|100/100
|-damage|p2a: Corviknight|88/100|[from] Stealth Rock
|-ability|p2a: Corviknight|Pressure
|move|p1a: Ignorance Is Bliss|Dual Wingbeat|p2a: Corviknight
|-resisted|p2a: Corviknight
|-damage|p2a: Corviknight|70/100
|-damage|p1a: Ignorance Is Bliss|78/100 tox|[from] item: Rocky Helmet|[of] p2a: Corviknight
|-resisted|p2a: Corviknight
|-damage|p2a: Corviknight|50/100
|-damage|p1a: Ignorance Is Bliss|61/100 tox|[from] item: Rocky Helmet|[of] p2a: Corviknight
|-hitcount|p2a: Corviknight|2
|-damage|p1a: Ignorance Is Bliss|52/100 tox|[from] item: Life Orb
|
|-damage|p1a: Ignorance Is Bliss|39/100 tox|[from] psn
|upkeep
|turn|12
|
|t:|1667730282
|move|p1a: Ignorance Is Bliss|Outrage|p2a: Corviknight
|-resisted|p2a: Corviknight
|-damage|p2a: Corviknight|0 fnt
|-damage|p1a: Ignorance Is Bliss|23/100 tox|[from] item: Rocky Helmet|[of] p2a: Corviknight
|faint|p2a: Corviknight
|-damage|p1a: Ignorance Is Bliss|13/100 tox|[from] item: Life Orb
|
|-damage|p1a: Ignorance Is Bliss|0 fnt|[from] psn
|faint|p1a: Ignorance Is Bliss
|upkeep
|
|t:|1667730298
|switch|p1a: P&P 1.5|Cloyster, F|100/100
|switch|p2a: Clefable|Clefable, M|100/100
|turn|13
|
|t:|1667730305
|move|p1a: P&P 1.5|Explosion|p2a: Clefable
|-damage|p2a: Clefable|6/100
|faint|p1a: P&P 1.5
|move|p2a: Clefable|Toxic|p1: P&P 1.5|[notarget]
|-fail|p2a: Clefable
|
|upkeep
|
|t:|1667730315
|switch|p1a: Average Joe|Moltres-Galar|100/100
|turn|14
|
|t:|1667730317
|move|p1a: Average Joe|Fiery Wrath|p2a: Clefable
|-resisted|p2a: Clefable
|-damage|p2a: Clefable|0 fnt
|faint|p2a: Clefable
|
|upkeep
|
|t:|1667730321
|switch|p2a: Heatran|Heatran, F|100/100 par
|-damage|p2a: Heatran|88/100 par|[from] Stealth Rock
|-damage|p2a: Heatran|63/100 par|[from] Spikes
|turn|15
|
|t:|1667730325
|move|p1a: Average Joe|Nasty Plot|p1a: Average Joe
|-boost|p1a: Average Joe|spa|2
|move|p2a: Heatran|Toxic|p1a: Average Joe
|-status|p1a: Average Joe|tox
|
|-heal|p2a: Heatran|69/100 par|[from] item: Leftovers
|-damage|p1a: Average Joe|94/100 tox|[from] psn
|upkeep
|turn|16
|
|t:|1667730332
|switch|p2a: Slowking|Slowking-Galar, M|100/100
|-damage|p2a: Slowking|88/100|[from] Stealth Rock
|-damage|p2a: Slowking|63/100|[from] Spikes
|move|p1a: Average Joe|Nasty Plot|p1a: Average Joe
|-boost|p1a: Average Joe|spa|2
|
|-damage|p1a: Average Joe|82/100 tox|[from] psn
|upkeep
|turn|17
|
|t:|1667730336
|move|p1a: Average Joe|Fiery Wrath|p2a: Slowking
|-supereffective|p2a: Slowking
|-damage|p2a: Slowking|0 fnt
|faint|p2a: Slowking
|
|-damage|p1a: Average Joe|63/100 tox|[from] psn
|upkeep
|
|t:|1667730338
|switch|p2a: Toxapex|Toxapex, M|100/100
|-damage|p2a: Toxapex|88/100|[from] Stealth Rock
|-damage|p2a: Toxapex|63/100|[from] Spikes
|turn|18
|
|t:|1667730349
|move|p1a: Average Joe|Fiery Wrath|p2a: Toxapex
|-damage|p2a: Toxapex|0 fnt
|faint|p2a: Toxapex
|
|-damage|p1a: Average Joe|38/100 tox|[from] psn
|upkeep
|
|t:|1667730355
|switch|p2a: Landorus|Landorus-Therian, M|99/100
|-damage|p2a: Landorus|88/100|[from] Stealth Rock
|-ability|p2a: Landorus|Intimidate|boost
|-unboost|p1a: Average Joe|atk|1
|turn|19
|
|t:|1667730360
|move|p2a: Landorus|U-turn|p1a: Average Joe
|-damage|p1a: Average Joe|6/100 tox
|
|t:|1667730362
|switch|p2a: Heatran|Heatran, F|69/100 par|[from]move: U-turn
|-damage|p2a: Heatran|57/100 par|[from] Stealth Rock
|-damage|p2a: Heatran|32/100 par|[from] Spikes
|move|p1a: Average Joe|Rest|p1a: Average Joe
|-status|p1a: Average Joe|slp|[from] move: Rest
|-heal|p1a: Average Joe|100/100 slp|[silent]
|-enditem|p1a: Average Joe|Chesto Berry|[eat]
|-curestatus|p1a: Average Joe|slp|[msg]
|
|-heal|p2a: Heatran|38/100 par|[from] item: Leftovers
|upkeep
|turn|20
|-message|aursnes forfeited.
|
|win|someidiot19
|raw|someidiot19's rating: 1655 &rarr; <strong>1677</strong><br />(+22 for winning)
|raw|aursnes's rating: 1688 &rarr; <strong>1666</strong><br />(-22 for losing)
|l|☆aursnes
