|j|☆Kwaga
|j|☆HOF69
|t:|1654367111
|gametype|singles
|player|p1|Kwaga|allister|1744
|player|p2|HOF69|red|1901
|teamsize|p1|6
|teamsize|p2|6
|gen|8
|tier|[Gen 8] OU
|rated|
|rule|Sleep Clause Mod: Limit one foe put to sleep
|rule|Species Clause: Limit one of each Pokémon
|rule|OHKO Clause: OHKO moves are banned
|rule|Evasion Moves Clause: Evasion moves are banned
|rule|Endless Battle Clause: Forcing endless battles is banned
|rule|HP Percentage Mod: HP is shown in percentages
|rule|Dynamax Clause: You cannot dynamax
|clearpoke
|poke|p1|Tapu Koko|
|poke|p1|Urshifu-*, M|
|poke|p1|Weavile, M|
|poke|p1|Slowking-Galar, F|
|poke|p1|Corviknight, F|
|poke|p1|Landorus-Therian, M|
|poke|p2|Gengar, M|
|poke|p2|Blacephalon|
|poke|p2|Kartana|
|poke|p2|Tapu Lele|
|poke|p2|Krookodile, M|
|poke|p2|Landorus-Therian, M|
|teampreview
|
|t:|1654367121
|start
|switch|p1a: Urshifu|Urshifu-Rapid-Strike, M|100/100
|switch|p2a: Kartana|Kartana|100/100
|turn|1
|
|t:|1654367123
|switch|p2a: Krookodile|Krookodile, M|100/100
|-ability|p2a: Krookodile|Intimidate|boost
|-unboost|p1a: Urshifu|atk|1
|switch|p1a: Corviknight|Corviknight, F|100/100
|-ability|p1a: Corviknight|Pressure
|
|upkeep
|turn|2
|
|t:|1654367126
|move|p2a: Krookodile|Stealth Rock|p1a: Corviknight
|-sidestart|p1: Kwaga|move: Stealth Rock
|move|p1a: Corviknight|U-turn|p2a: Krookodile
|-supereffective|p2a: Krookodile
|-damage|p2a: Krookodile|67/100
|
|t:|1654367130
|switch|p1a: Urshifu|Urshifu-Rapid-Strike, M|100/100|[from]move: U-turn
|-damage|p1a: Urshifu|94/100|[from] Stealth Rock
|
|upkeep
|turn|3
|
|t:|1654367133
|move|p1a: Urshifu|Surging Strikes|p2a: Krookodile
|-supereffective|p2a: Krookodile
|-crit|p2a: Krookodile
|-damage|p2a: Krookodile|0 fnt
|faint|p2a: Krookodile
|-hitcount|p2: Krookodile|1
|
|upkeep
|
|t:|1654367135
|switch|p2a: Kartana|Kartana|100/100
|turn|4
|
|t:|1654367137
|switch|p1a: Corviknight|Corviknight, F|100/100
|-damage|p1a: Corviknight|88/100|[from] Stealth Rock
|-ability|p1a: Corviknight|Pressure
|move|p2a: Kartana|Swords Dance|p2a: Kartana
|-boost|p2a: Kartana|atk|2
|
|upkeep
|turn|5
|
|t:|1654367158
|move|p2a: Kartana|Knock Off|p1a: Corviknight
|-damage|p1a: Corviknight|37/100
|-enditem|p1a: Corviknight|Rocky Helmet|[from] move: Knock Off|[of] p2a: Kartana
|move|p1a: Corviknight|Brave Bird|p2a: Kartana
|-damage|p2a: Kartana|63/100
|-damage|p1a: Corviknight|29/100|[from] Recoil
|
|upkeep
|turn|6
|
|t:|1654367166
|move|p2a: Kartana|Sacred Sword|p1a: Corviknight
|-damage|p1a: Corviknight|0 fnt
|faint|p1a: Corviknight
|-ability|p2a: Kartana|Beast Boost|boost
|-boost|p2a: Kartana|atk|1
|
|upkeep
|
|t:|1654367169
|switch|p1a: Tapu Koko|Tapu Koko|100/100
|-damage|p1a: Tapu Koko|88/100|[from] Stealth Rock
|-fieldstart|move: Electric Terrain|[from] ability: Electric Surge|[of] p1a: Tapu Koko
|turn|7
|
|t:|1654367173
|switch|p2a: Landorus|Landorus-Therian, M|100/100
|-ability|p2a: Landorus|Intimidate|boost
|-unboost|p1a: Tapu Koko|atk|1
|move|p1a: Tapu Koko|Dazzling Gleam|p2a: Landorus
|-damage|p2a: Landorus|79/100
|
|upkeep
|turn|8
|
|t:|1654367186
|move|p1a: Tapu Koko|Dazzling Gleam|p2a: Landorus
|-damage|p2a: Landorus|59/100
|move|p2a: Landorus|U-turn|p1a: Tapu Koko
|-resisted|p1a: Tapu Koko
|-damage|p1a: Tapu Koko|71/100
|
|t:|1654367190
|switch|p2a: Gengar|Gengar, M, shiny|100/100|[from]move: U-turn
|
|upkeep
|turn|9
|
|t:|1654367194
|switch|p1a: Slowking|Slowking-Galar, F|100/100
|-damage|p1a: Slowking|88/100|[from] Stealth Rock
|move|p2a: Gengar|Shadow Ball|p1a: Slowking
|-supereffective|p1a: Slowking
|-damage|p1a: Slowking|53/100
|
|upkeep
|turn|10
|
|t:|1654367198
|move|p2a: Gengar|Shadow Ball|p1a: Slowking
|-supereffective|p1a: Slowking
|-damage|p1a: Slowking|18/100
|move|p1a: Slowking|Earthquake|p2a: Gengar
|-supereffective|p2a: Gengar
|-damage|p2a: Gengar|31/100
|
|upkeep
|turn|11
|
|t:|1654367211
|move|p2a: Gengar|Shadow Ball|p1a: Slowking
|-supereffective|p1a: Slowking
|-damage|p1a: Slowking|0 fnt
|faint|p1a: Slowking
|
|-fieldend|move: Electric Terrain
|upkeep
|
|t:|1654367213
|switch|p1a: Weavile|Weavile, M|100/100
|-ability|p1a: Weavile|Pressure
|turn|12
|
|t:|1654367221
|move|p2a: Gengar|Focus Blast|p1a: Weavile|[miss]
|-miss|p2a: Gengar|p1a: Weavile
|move|p1a: Weavile|Swords Dance|p1a: Weavile
|-boost|p1a: Weavile|atk|2
|
|upkeep
|turn|13
|
|t:|1654367224
|move|p2a: Gengar|Focus Blast|p1a: Weavile|[miss]
|-miss|p2a: Gengar|p1a: Weavile
|move|p1a: Weavile|Knock Off|p2a: Gengar
|-supereffective|p2a: Gengar
|-damage|p2a: Gengar|0 fnt
|-enditem|p2a: Gengar|Focus Sash|[from] move: Knock Off|[of] p1a: Weavile
|faint|p2a: Gengar
|
|upkeep
|c|☆Kwaga|sorry
|
|t:|1654367229
|switch|p2a: Blacephalon|Blacephalon|100/100
|turn|14
|
|t:|1654367233
|switch|p1a: Landorus|Landorus-Therian, M|100/100
|-damage|p1a: Landorus|88/100|[from] Stealth Rock
|-ability|p1a: Landorus|Intimidate|boost
|-unboost|p2a: Blacephalon|atk|1
|move|p2a: Blacephalon|Flamethrower|p1a: Landorus
|-damage|p1a: Landorus|48/100
|-status|p1a: Landorus|brn
|
|-heal|p1a: Landorus|54/100 brn|[from] item: Leftovers
|-damage|p1a: Landorus|48/100 brn|[from] brn
|upkeep
|turn|15
|
|t:|1654367259
|switch|p2a: Landorus|Landorus-Therian, M|59/100
|-ability|p2a: Landorus|Intimidate|boost
|-unboost|p1a: Landorus|atk|1
|move|p1a: Landorus|Stealth Rock|p2a: Landorus
|-sidestart|p2: HOF69|move: Stealth Rock
|
|-heal|p1a: Landorus|54/100 brn|[from] item: Leftovers
|-damage|p1a: Landorus|48/100 brn|[from] brn
|upkeep
|turn|16
|
|t:|1654367270
|switch|p1a: Weavile|Weavile, M|100/100
|-ability|p1a: Weavile|Pressure
|move|p2a: Landorus|Knock Off|p1a: Weavile
|-resisted|p1a: Weavile
|-damage|p1a: Weavile|71/100
|-enditem|p1a: Weavile|Heavy-Duty Boots|[from] move: Knock Off|[of] p2a: Landorus
|
|upkeep
|turn|17
|
|t:|1654367279
|move|p1a: Weavile|Triple Axel|p2a: Landorus|[miss]
|-miss|p1a: Weavile|p2a: Landorus
|move|p2a: Landorus|U-turn|p1a: Weavile
|-supereffective|p1a: Weavile
|-damage|p1a: Weavile|0 fnt
|faint|p1a: Weavile
|
|t:|1654367290
|switch|p2a: Kartana|Kartana|63/100|[from]move: U-turn
|-damage|p2a: Kartana|57/100|[from] Stealth Rock
|
|upkeep
|j| ds des chats
|
|t:|1654367293
|switch|p1a: Tapu Koko|Tapu Koko|71/100
|-damage|p1a: Tapu Koko|59/100|[from] Stealth Rock
|-fieldstart|move: Electric Terrain|[from] ability: Electric Surge|[of] p1a: Tapu Koko
|turn|18
|j| practicinq
|
|t:|1654367298
|switch|p2a: Landorus|Landorus-Therian, M|59/100
|-damage|p2a: Landorus|47/100|[from] Stealth Rock
|-ability|p2a: Landorus|Intimidate|boost
|-unboost|p1a: Tapu Koko|atk|1
|move|p1a: Tapu Koko|Thunderbolt|p2a: Landorus
|-immune|p2a: Landorus
|
|upkeep
|turn|19
|
|t:|1654367303
|move|p1a: Tapu Koko|Dazzling Gleam|p2a: Landorus
|-damage|p2a: Landorus|25/100
|move|p2a: Landorus|U-turn|p1a: Tapu Koko
|-resisted|p1a: Tapu Koko
|-damage|p1a: Tapu Koko|43/100
|
|t:|1654367307
|switch|p2a: Blacephalon|Blacephalon|100/100|[from]move: U-turn
|-damage|p2a: Blacephalon|76/100|[from] Stealth Rock
|
|upkeep
|turn|20
|
|t:|1654367314
|switch|p1a: Landorus|Landorus-Therian, M|48/100 brn
|-damage|p1a: Landorus|35/100 brn|[from] Stealth Rock
|-ability|p1a: Landorus|Intimidate|boost
|-unboost|p2a: Blacephalon|atk|1
|move|p2a: Blacephalon|Shadow Ball|p1a: Landorus
|-damage|p1a: Landorus|0 fnt
|faint|p1a: Landorus
|-ability|p2a: Blacephalon|Beast Boost|boost
|-boost|p2a: Blacephalon|spa|1
|
|upkeep
|
|t:|1654367317
|switch|p1a: Urshifu|Urshifu-Rapid-Strike, M|94/100
|-damage|p1a: Urshifu|88/100|[from] Stealth Rock
|turn|21
|
|t:|1654367323
|switch|p2a: Landorus|Landorus-Therian, M|25/100
|-damage|p2a: Landorus|13/100|[from] Stealth Rock
|-ability|p2a: Landorus|Intimidate|boost
|-unboost|p1a: Urshifu|atk|1
|move|p1a: Urshifu|Surging Strikes|p2a: Landorus
|-supereffective|p2a: Landorus
|-crit|p2a: Landorus
|-damage|p2a: Landorus|0 fnt
|faint|p2a: Landorus
|-hitcount|p2: Landorus|1
|
|upkeep
|
|t:|1654367328
|switch|p2a: Kartana|Kartana|57/100
|-damage|p2a: Kartana|51/100|[from] Stealth Rock
|turn|22
|
|t:|1654367330
|move|p2a: Kartana|Leaf Blade|p1a: Urshifu
|-supereffective|p1a: Urshifu
|-damage|p1a: Urshifu|0 fnt
|faint|p1a: Urshifu
|-ability|p2a: Kartana|Beast Boost|boost
|-boost|p2a: Kartana|atk|1
|
|-fieldend|move: Electric Terrain
|upkeep
|
|t:|1654367332
|switch|p1a: Tapu Koko|Tapu Koko|43/100
|-damage|p1a: Tapu Koko|31/100|[from] Stealth Rock
|-fieldstart|move: Electric Terrain|[from] ability: Electric Surge|[of] p1a: Tapu Koko
|turn|23
|c|☆Kwaga|gg
|-message|Kwaga forfeited.
|
|win|HOF69
|raw|Kwaga's rating: 1744 &rarr; <strong>1732</strong><br />(-12 for losing)
|raw|HOF69's rating: 1901 &rarr; <strong>1913</strong><br />(+12 for winning)
|l|☆Kwaga
|c|☆HOF69|gg
