|j|☆Corumba
|j|☆Water Bender Lady
|t:|1641650675
|gametype|singles
|player|p1|Corumba|1|1822
|player|p2|Water Bender Lady|misty-gen1|1836
|teamsize|p1|6
|teamsize|p2|6
|gen|8
|tier|[Gen 8] OU
|rated|
|rule|Sleep Clause Mod: Limit one foe put to sleep
|rule|Species Clause: Limit one of each Pokémon
|rule|OHKO Clause: OHKO moves are banned
|rule|Evasion Moves Clause: Evasion moves are banned
|rule|Endless Battle Clause: Forcing endless battles is banned
|rule|HP Percentage Mod: HP is shown in percentages
|rule|Dynamax Clause: You cannot dynamax
|clearpoke
|poke|p1|Dragapult, M|
|poke|p1|Dragonite, F|
|poke|p1|Celesteela|
|poke|p1|Melmetal|
|poke|p1|Mamoswine, F|
|poke|p1|Ferrothorn, F|
|poke|p2|Blissey, F|
|poke|p2|Tangrowth, F|
|poke|p2|Corviknight, M|
|poke|p2|Kommo-o, M|
|poke|p2|Toxapex, F|
|poke|p2|Slowbro, M|
|teampreview
|inactive|Battle timer is ON: inactive players will automatically lose when time's up. (requested by Corumba)
|
|t:|1641650700
|start
|switch|p1a: Ferrothorn|Ferrothorn, F|100/100
|switch|p2a: Corviknight|Corviknight, M|100/100
|-ability|p2a: Corviknight|Pressure
|turn|1
|
|t:|1641650712
|switch|p2a: Tangrowth|Tangrowth, F|100/100
|move|p1a: Ferrothorn|Thunder Wave|p2a: Tangrowth
|-status|p2a: Tangrowth|par
|
|upkeep
|turn|2
|
|t:|1641650721
|switch|p1a: Dragonite|Dragonite, F|100/100
|move|p2a: Tangrowth|Knock Off|p1a: Dragonite
|-damage|p1a: Dragonite|90/100
|-enditem|p1a: Dragonite|Heavy-Duty Boots|[from] move: Knock Off|[of] p2a: Tangrowth
|
|upkeep
|turn|3
|
|t:|1641650727
|switch|p2a: Slowbro|Slowbro, M|100/100
|move|p1a: Dragonite|Ice Beam|p2a: Slowbro
|-resisted|p2a: Slowbro
|-damage|p2a: Slowbro|91/100
|
|upkeep
|turn|4
|
|t:|1641650732
|switch|p1a: Ferrothorn|Ferrothorn, F|100/100
|move|p2a: Slowbro|Toxic|p1a: Ferrothorn
|-immune|p1a: Ferrothorn
|
|upkeep
|turn|5
|
|t:|1641650735
|switch|p2a: Tangrowth|Tangrowth, F|100/100 par
|move|p1a: Ferrothorn|Spikes|p2a: Tangrowth
|-sidestart|p2: Water Bender Lady|Spikes
|
|upkeep
|turn|6
|
|t:|1641650740
|switch|p1a: Dragonite|Dragonite, F|90/100
|cant|p2a: Tangrowth|par
|
|upkeep
|turn|7
|
|t:|1641650743
|switch|p2a: Blissey|Blissey, F|100/100
|move|p1a: Dragonite|Thunder Wave|p2a: Blissey
|-status|p2a: Blissey|par
|
|upkeep
|turn|8
|
|t:|1641650746
|switch|p1a: Ferrothorn|Ferrothorn, F|100/100
|cant|p2a: Blissey|par
|
|upkeep
|turn|9
|
|t:|1641650750
|move|p1a: Ferrothorn|Iron Head|p2a: Blissey
|-damage|p2a: Blissey|76/100 par
|cant|p2a: Blissey|par
|
|upkeep
|turn|10
|
|t:|1641650754
|-curestatus|p2a: Blissey|par|[from] ability: Natural Cure
|switch|p2a: Corviknight|Corviknight, M|100/100
|-ability|p2a: Corviknight|Pressure
|move|p1a: Ferrothorn|Iron Head|p2a: Corviknight
|-resisted|p2a: Corviknight
|-damage|p2a: Corviknight|91/100
|
|upkeep
|turn|11
|
|t:|1641650759
|switch|p2a: Tangrowth|Tangrowth, F|100/100 par
|-damage|p2a: Tangrowth|88/100 par|[from] Spikes
|move|p1a: Ferrothorn|Spikes|p2a: Tangrowth
|-sidestart|p2: Water Bender Lady|Spikes
|
|-heal|p2a: Tangrowth|94/100 par|[from] item: Leftovers
|upkeep
|turn|12
|
|t:|1641650763
|switch|p1a: Melmetal|Melmetal|100/100
|switch|p2a: Corviknight|Corviknight, M|91/100
|-ability|p2a: Corviknight|Pressure
|
|upkeep
|turn|13
|
|t:|1641650768
|move|p2a: Corviknight|Defog|p1a: Melmetal
|-unboost|p1a: Melmetal|evasion|1
|-sideend|p2: Water Bender Lady|Spikes|[from] move: Defog|[of] p2a: Corviknight
|move|p1a: Melmetal|Thunder Wave|p2a: Corviknight|[miss]
|-miss|p1a: Melmetal|p2a: Corviknight
|
|upkeep
|turn|14
|
|t:|1641650773
|switch|p2a: Tangrowth|Tangrowth, F|100/100 par
|move|p1a: Melmetal|Thunder Wave|p2a: Tangrowth|[miss]
|-miss|p1a: Melmetal|p2a: Tangrowth
|
|upkeep
|turn|15
|
|t:|1641650775
|switch|p2a: Toxapex|Toxapex, F|100/100
|move|p1a: Melmetal|Double Iron Bash|p2a: Toxapex
|-resisted|p2a: Toxapex
|-damage|p2a: Toxapex|87/100
|-resisted|p2a: Toxapex
|-damage|p2a: Toxapex|74/100
|-hitcount|p2a: Toxapex|2
|
|upkeep
|turn|16
|
|t:|1641650780
|switch|p1a: Ferrothorn|Ferrothorn, F|100/100
|move|p2a: Toxapex|Knock Off|p1a: Ferrothorn
|-damage|p1a: Ferrothorn|91/100
|-damage|p2a: Toxapex|62/100|[from] ability: Iron Barbs|[of] p1a: Ferrothorn
|-enditem|p1a: Ferrothorn|Leftovers|[from] move: Knock Off|[of] p2a: Toxapex
|
|upkeep
|turn|17
|
|t:|1641650784
|switch|p2a: Kommo-o|Kommo-o, M|100/100
|move|p1a: Ferrothorn|Spikes|p2a: Kommo-o
|-sidestart|p2: Water Bender Lady|Spikes
|
|upkeep
|turn|18
|
|t:|1641650797
|switch|p1a: Dragonite|Dragonite, F|90/100
|move|p2a: Kommo-o|Substitute|p2a: Kommo-o
|-start|p2a: Kommo-o|Substitute
|-damage|p2a: Kommo-o|76/100
|
|-heal|p2a: Kommo-o|82/100|[from] item: Leftovers
|upkeep
|turn|19
|
|t:|1641650804
|switch|p1a: Dragapult|Dragapult, M|100/100
|move|p2a: Kommo-o|Scale Shot|p1a: Dragapult
|-supereffective|p1a: Dragapult
|-damage|p1a: Dragapult|66/100
|-supereffective|p1a: Dragapult
|-damage|p1a: Dragapult|30/100
|-hitcount|p1a: Dragapult|2
|-unboost|p2a: Kommo-o|def|1
|-boost|p2a: Kommo-o|spe|1
|
|-heal|p2a: Kommo-o|88/100|[from] item: Leftovers
|upkeep
|turn|20
|
|t:|1641650810
|move|p2a: Kommo-o|Scale Shot|p1a: Dragapult
|-supereffective|p1a: Dragapult
|-damage|p1a: Dragapult|0 fnt
|faint|p1a: Dragapult
|-hitcount|p1: Dragapult|1
|-unboost|p2a: Kommo-o|def|1
|-boost|p2a: Kommo-o|spe|1
|
|-heal|p2a: Kommo-o|94/100|[from] item: Leftovers
|upkeep
|
|t:|1641650828
|switch|p1a: Celesteela|Celesteela|100/100
|turn|21
|
|t:|1641650833
|switch|p2a: Blissey|Blissey, F|76/100
|move|p1a: Celesteela|Air Slash|p2a: Blissey
|-damage|p2a: Blissey|63/100
|
|upkeep
|turn|22
|
|t:|1641650839
|move|p1a: Celesteela|Autotomize|p1a: Celesteela
|-boost|p1a: Celesteela|spe|2
|-start|p1a: Celesteela|Autotomize
|move|p2a: Blissey|Soft-Boiled|p2a: Blissey
|-heal|p2a: Blissey|100/100
|
|upkeep
|turn|23
|
|t:|1641650843
|move|p1a: Celesteela|Meteor Beam||[still]
|-prepare|p1a: Celesteela|Meteor Beam
|-boost|p1a: Celesteela|spa|1
|-enditem|p1a: Celesteela|Power Herb
|-anim|p1a: Celesteela|Meteor Beam|p2a: Blissey
|-damage|p2a: Blissey|79/100
|move|p2a: Blissey|Seismic Toss|p1a: Celesteela
|-damage|p1a: Celesteela|71/100
|
|upkeep
|turn|24
|j| baibaiats
|
|t:|1641650851
|move|p1a: Celesteela|Leech Seed|p2a: Blissey
|-start|p2a: Blissey|move: Leech Seed
|move|p2a: Blissey|Seismic Toss|p1a: Celesteela
|-damage|p1a: Celesteela|41/100
|
|-damage|p2a: Blissey|67/100|[from] Leech Seed|[of] p1a: Celesteela
|-heal|p1a: Celesteela|65/100|[silent]
|upkeep
|turn|25
|
|t:|1641650867
|switch|p2a: Toxapex|Toxapex, F|95/100
|-damage|p2a: Toxapex|82/100|[from] Spikes
|move|p1a: Celesteela|Meteor Beam||[still]
|-prepare|p1a: Celesteela|Meteor Beam
|-boost|p1a: Celesteela|spa|1
|
|upkeep
|turn|26
|
|t:|1641650870
|move|p1a: Celesteela|Meteor Beam|p2a: Toxapex|[from]lockedmove
|-damage|p2a: Toxapex|16/100
|move|p2a: Toxapex|Haze|p2a: Toxapex
|-clearallboost
|
|upkeep
|turn|27
|
|t:|1641650881
|switch|p2a: Tangrowth|Tangrowth, F|100/100 par
|-damage|p2a: Tangrowth|88/100 par|[from] Spikes
|move|p1a: Celesteela|Meteor Beam||[still]
|-prepare|p1a: Celesteela|Meteor Beam
|-boost|p1a: Celesteela|spa|1
|
|-heal|p2a: Tangrowth|94/100 par|[from] item: Leftovers
|upkeep
|turn|28
|
|t:|1641650888
|move|p1a: Celesteela|Meteor Beam|p2a: Tangrowth|[from]lockedmove
|-crit|p2a: Tangrowth
|-damage|p2a: Tangrowth|0 fnt
|faint|p2a: Tangrowth
|-ability|p1a: Celesteela|Beast Boost|boost
|-boost|p1a: Celesteela|spa|1
|
|upkeep
|inactive|Water Bender Lady has 120 seconds left.
|
|t:|1641650938
|switch|p2a: Blissey|Blissey, F|67/100
|turn|29
|
|t:|1641650941
|move|p1a: Celesteela|Leech Seed|p2a: Blissey
|-start|p2a: Blissey|move: Leech Seed
|move|p2a: Blissey|Seismic Toss|p1a: Celesteela
|-damage|p1a: Celesteela|35/100
|
|-damage|p2a: Blissey|54/100|[from] Leech Seed|[of] p1a: Celesteela
|-heal|p1a: Celesteela|59/100|[silent]
|upkeep
|turn|30
|
|t:|1641650946
|move|p1a: Celesteela|Air Slash|p2a: Blissey
|-damage|p2a: Blissey|31/100
|cant|p2a: Blissey|flinch
|
|-damage|p2a: Blissey|18/100|[from] Leech Seed|[of] p1a: Celesteela
|-heal|p1a: Celesteela|83/100|[silent]
|upkeep
|turn|31
|-message|Water Bender Lady forfeited.
|
|win|Corumba
|raw|Corumba's rating: 1822 &rarr; <strong>1843</strong><br />(+21 for winning)
|raw|Water Bender Lady's rating: 1836 &rarr; <strong>1815</strong><br />(-21 for losing)
