|j|☆stopthreat
|j|☆3HeadedGoat
|t:|1652933864
|gametype|singles
|player|p1|stopthreat|skier|1524
|player|p2|3HeadedGoat|lance-gen2|1490
|teamsize|p1|6
|teamsize|p2|6
|gen|8
|tier|[Gen 8] OU
|rated|
|rule|Sleep Clause Mod: Limit one foe put to sleep
|rule|Species Clause: Limit one of each Pokémon
|rule|OHKO Clause: OHKO moves are banned
|rule|Evasion Moves Clause: Evasion moves are banned
|rule|Endless Battle Clause: Forcing endless battles is banned
|rule|HP Percentage Mod: HP is shown in percentages
|rule|Dynamax Clause: You cannot dynamax
|clearpoke
|poke|p1|Arctovish|
|poke|p1|Ninetales-Alola, F|
|poke|p1|Dragapult, F|
|poke|p1|Landorus-Therian, M|
|poke|p1|Kommo-o, M|
|poke|p1|Volcarona, M|
|poke|p2|Buzzwole|
|poke|p2|Slowking-Galar, M|
|poke|p2|Garchomp, M|
|poke|p2|Corviknight, F|
|poke|p2|Urshifu-*, M|
|poke|p2|Gengar, M|
|teampreview
|inactive|Battle timer is ON: inactive players will automatically lose when time's up. (requested by stopthreat)
|inactive|3HeadedGoat has 120 seconds left.
|
|t:|1652933928
|start
|switch|p1a: Ninetales|Ninetales-Alola, F|100/100
|switch|p2a: Gengar|Gengar, M|100/100
|-weather|Hail|[from] ability: Snow Warning|[of] p1a: Ninetales
|turn|1
|
|t:|1652933934
|switch|p1a: Landorus|Landorus-Therian, M|100/100
|-ability|p1a: Landorus|Intimidate|boost
|-unboost|p2a: Gengar|atk|1
|move|p2a: Gengar|Sludge Wave|p1a: Landorus
|-resisted|p1a: Landorus
|-damage|p1a: Landorus|82/100
|
|-weather|Hail|[upkeep]
|-damage|p2a: Gengar|94/100|[from] Hail
|-damage|p1a: Landorus|76/100|[from] Hail
|-heal|p1a: Landorus|82/100|[from] item: Leftovers
|upkeep
|turn|2
|
|t:|1652933945
|switch|p2a: Garchomp|Garchomp, M|100/100
|move|p1a: Landorus|U-turn|p2a: Garchomp
|-damage|p2a: Garchomp|78/100
|-damage|p1a: Landorus|69/100|[from] ability: Rough Skin|[of] p2a: Garchomp
|inactive|stopthreat has 120 seconds left.
|
|t:|1652933982
|switch|p1a: Arctovish|Arctovish|100/100|[from]move: U-turn
|
|-weather|Hail|[upkeep]
|-damage|p2a: Garchomp|72/100|[from] Hail
|upkeep
|turn|3
|
|t:|1652934011
|switch|p2a: Corviknight|Corviknight, F|100/100
|-ability|p2a: Corviknight|Pressure
|move|p1a: Arctovish|Fishious Rend|p2a: Corviknight
|-damage|p2a: Corviknight|32/100
|
|-weather|Hail|[upkeep]
|-damage|p2a: Corviknight|26/100|[from] Hail
|-heal|p2a: Corviknight|32/100|[from] item: Leftovers
|upkeep
|turn|4
|
|t:|1652934020
|move|p1a: Arctovish|Fishious Rend|p2a: Corviknight
|-damage|p2a: Corviknight|0 fnt
|faint|p2a: Corviknight
|
|-weather|Hail|[upkeep]
|upkeep
|
|t:|1652934025
|switch|p2a: Buzzwole|Buzzwole|100/100
|turn|5
|
|t:|1652934051
|move|p1a: Arctovish|Fishious Rend|p2a: Buzzwole
|-damage|p2a: Buzzwole|44/100
|-damage|p1a: Arctovish|84/100|[from] item: Rocky Helmet|[of] p2a: Buzzwole
|move|p2a: Buzzwole|Toxic|p1a: Arctovish|[miss]
|-miss|p2a: Buzzwole|p1a: Arctovish
|
|-weather|none
|upkeep
|turn|6
|
|t:|1652934063
|switch|p1a: Ninetales|Ninetales-Alola, F|100/100
|-weather|Hail|[from] ability: Snow Warning|[of] p1a: Ninetales
|move|p2a: Buzzwole|Close Combat|p1a: Ninetales
|-damage|p1a: Ninetales|32/100
|-unboost|p2a: Buzzwole|def|1
|-unboost|p2a: Buzzwole|spd|1
|
|-weather|Hail|[upkeep]
|-damage|p2a: Buzzwole|38/100|[from] Hail
|upkeep
|turn|7
|inactive|stopthreat has 120 seconds left.
|
|t:|1652934084
|move|p1a: Ninetales|Aurora Veil|p1a: Ninetales
|-sidestart|p1: stopthreat|move: Aurora Veil
|move|p2a: Buzzwole|Roost|p2a: Buzzwole
|-heal|p2a: Buzzwole|88/100
|-singleturn|p2a: Buzzwole|move: Roost
|
|-weather|Hail|[upkeep]
|-damage|p2a: Buzzwole|82/100|[from] Hail
|upkeep
|turn|8
|
|t:|1652934090
|switch|p2a: Slowking|Slowking-Galar, M|100/100
|move|p1a: Ninetales|Hypnosis|p2a: Slowking
|-status|p2a: Slowking|slp|[from] move: Hypnosis
|
|-weather|Hail|[upkeep]
|-damage|p2a: Slowking|94/100 slp|[from] Hail
|upkeep
|turn|9
|
|t:|1652934110
|switch|p1a: Dragapult|Dragapult, F|100/100
|switch|p2a: Gengar|Gengar, M|94/100
|
|-weather|Hail|[upkeep]
|-damage|p2a: Gengar|88/100|[from] Hail
|-damage|p1a: Dragapult|95/100|[from] Hail
|upkeep
|turn|10
|
|t:|1652934124
|move|p2a: Gengar|Trick|p1a: Dragapult
|-activate|p2a: Gengar|move: Trick|[of] p1a: Dragapult
|-item|p1a: Dragapult|Choice Scarf|[from] move: Trick
|-item|p2a: Gengar|Life Orb|[from] move: Trick
|move|p1a: Dragapult|Dragon Dance|p1a: Dragapult
|-boost|p1a: Dragapult|atk|1
|-boost|p1a: Dragapult|spe|1
|
|-weather|none
|upkeep
|turn|11
|
|t:|1652934139
|switch|p1a: Landorus|Landorus-Therian, M|69/100
|-ability|p1a: Landorus|Intimidate|boost
|-unboost|p2a: Gengar|atk|1
|move|p2a: Gengar|Shadow Ball|p1a: Landorus
|-damage|p1a: Landorus|48/100
|-damage|p2a: Gengar|78/100|[from] item: Life Orb
|
|-heal|p1a: Landorus|54/100|[from] item: Leftovers
|upkeep
|turn|12
|inactive|stopthreat has 120 seconds left.
|inactive|3HeadedGoat has 120 seconds left.
|
|t:|1652934193
|move|p2a: Gengar|Trick|p1a: Landorus
|-activate|p2a: Gengar|move: Trick|[of] p1a: Landorus
|-item|p1a: Landorus|Life Orb|[from] move: Trick
|-item|p2a: Gengar|Leftovers|[from] move: Trick
|move|p1a: Landorus|U-turn|p2a: Gengar
|-resisted|p2a: Gengar
|-damage|p2a: Gengar|65/100
|-damage|p1a: Landorus|44/100|[from] item: Life Orb
|
|t:|1652934200
|switch|p1a: Dragapult|Dragapult, F|95/100|[from]move: U-turn
|
|-heal|p2a: Gengar|71/100|[from] item: Leftovers
|upkeep
|turn|13
|
|t:|1652934208
|switch|p2a: Buzzwole|Buzzwole|82/100
|move|p1a: Dragapult|Dragon Darts|p2a: Buzzwole
|-damage|p2a: Buzzwole|67/100
|-anim|p1a: Dragapult|Dragon Darts|p2a: Buzzwole
|-damage|p2a: Buzzwole|54/100
|
|upkeep
|turn|14
|
|t:|1652934212
|switch|p1a: Volcarona|Volcarona, M|100/100
|move|p2a: Buzzwole|Roost|p2a: Buzzwole
|-heal|p2a: Buzzwole|100/100
|-singleturn|p2a: Buzzwole|move: Roost
|
|-sideend|p1: stopthreat|move: Aurora Veil
|upkeep
|turn|15
|
|t:|1652934220
|switch|p2a: Garchomp|Garchomp, M|72/100
|move|p1a: Volcarona|Quiver Dance|p1a: Volcarona
|-boost|p1a: Volcarona|spa|1
|-boost|p1a: Volcarona|spd|1
|-boost|p1a: Volcarona|spe|1
|
|upkeep
|turn|16
|inactive|stopthreat has 120 seconds left.
|
|t:|1652934226
|move|p1a: Volcarona|Quiver Dance|p1a: Volcarona
|-boost|p1a: Volcarona|spa|1
|-boost|p1a: Volcarona|spd|1
|-boost|p1a: Volcarona|spe|1
|move|p2a: Garchomp|Stone Edge|p1a: Volcarona
|-supereffective|p1a: Volcarona
|-damage|p1a: Volcarona|0 fnt
|faint|p1a: Volcarona
|
|upkeep
|
|t:|1652934231
|switch|p1a: Ninetales|Ninetales-Alola, F|32/100
|-weather|Hail|[from] ability: Snow Warning|[of] p1a: Ninetales
|turn|17
|
|t:|1652934237
|move|p1a: Ninetales|Freeze-Dry|p2a: Garchomp
|-supereffective|p2a: Garchomp
|-damage|p2a: Garchomp|0 fnt
|faint|p2a: Garchomp
|
|-weather|Hail|[upkeep]
|upkeep
|
|t:|1652934242
|switch|p2a: Gengar|Gengar, M|71/100
|turn|18
|
|t:|1652934271
|switch|p1a: Landorus|Landorus-Therian, M|44/100
|-ability|p1a: Landorus|Intimidate|boost
|-unboost|p2a: Gengar|atk|1
|move|p2a: Gengar|Sludge Wave|p1a: Landorus
|-resisted|p1a: Landorus
|-damage|p1a: Landorus|25/100
|
|-weather|Hail|[upkeep]
|-damage|p2a: Gengar|65/100|[from] Hail
|-damage|p1a: Landorus|19/100|[from] Hail
|-heal|p2a: Gengar|71/100|[from] item: Leftovers
|upkeep
|turn|19
|
|t:|1652934285
|move|p2a: Gengar|Sludge Wave|p1a: Landorus
|-resisted|p1a: Landorus
|-damage|p1a: Landorus|0 fnt
|faint|p1a: Landorus
|
|-weather|Hail|[upkeep]
|-damage|p2a: Gengar|65/100|[from] Hail
|-heal|p2a: Gengar|71/100|[from] item: Leftovers
|upkeep
|
|t:|1652934290
|switch|p1a: Arctovish|Arctovish|84/100
|turn|20
|
|t:|1652934299
|switch|p2a: Urshifu|Urshifu-Rapid-Strike, M|100/100
|move|p1a: Arctovish|Fishious Rend|p2a: Urshifu
|-resisted|p2a: Urshifu
|-damage|p2a: Urshifu|50/100
|
|-weather|Hail|[upkeep]
|-damage|p2a: Urshifu|44/100|[from] Hail
|upkeep
|turn|21
|
|t:|1652934312
|move|p1a: Arctovish|Fishious Rend|p2a: Urshifu
|-resisted|p2a: Urshifu
|-damage|p2a: Urshifu|0 fnt
|faint|p2a: Urshifu
|
|-weather|none
|upkeep
|
|t:|1652934318
|switch|p2a: Gengar|Gengar, M|71/100
|turn|22
|
|t:|1652934322
|switch|p1a: Ninetales|Ninetales-Alola, F|32/100
|-weather|Hail|[from] ability: Snow Warning|[of] p1a: Ninetales
|move|p2a: Gengar|Focus Blast|p1a: Ninetales
|-damage|p1a: Ninetales|0 fnt
|faint|p1a: Ninetales
|
|-weather|Hail|[upkeep]
|-damage|p2a: Gengar|65/100|[from] Hail
|-heal|p2a: Gengar|71/100|[from] item: Leftovers
|upkeep
|
|t:|1652934333
|switch|p1a: Arctovish|Arctovish|84/100
|turn|23
|
|t:|1652934350
|move|p1a: Arctovish|Fishious Rend|p2a: Gengar
|-damage|p2a: Gengar|0 fnt
|faint|p2a: Gengar
|
|-weather|Hail|[upkeep]
|upkeep
|
|t:|1652934354
|switch|p2a: Buzzwole|Buzzwole|100/100
|turn|24
|
|t:|1652934376
|move|p1a: Arctovish|Fishious Rend|p2a: Buzzwole
|-damage|p2a: Buzzwole|47/100
|-damage|p1a: Arctovish|68/100|[from] item: Rocky Helmet|[of] p2a: Buzzwole
|move|p2a: Buzzwole|Close Combat|p1a: Arctovish
|-supereffective|p1a: Arctovish
|-damage|p1a: Arctovish|0 fnt
|-unboost|p2a: Buzzwole|def|1
|-unboost|p2a: Buzzwole|spd|1
|faint|p1a: Arctovish
|-ability|p2a: Buzzwole|Beast Boost|boost
|-boost|p2a: Buzzwole|def|1
|
|-weather|Hail|[upkeep]
|-damage|p2a: Buzzwole|41/100|[from] Hail
|upkeep
|
|t:|1652934388
|switch|p1a: Dragapult|Dragapult, F|95/100
|turn|25
|
|t:|1652934405
|switch|p2a: Slowking|Slowking-Galar, M|100/100 slp
|move|p1a: Dragapult|Flamethrower|p2a: Slowking
|-damage|p2a: Slowking|92/100 slp
|
|-weather|Hail|[upkeep]
|-damage|p1a: Dragapult|89/100|[from] Hail
|-damage|p2a: Slowking|86/100 slp|[from] Hail
|upkeep
|turn|26
|inactive|3HeadedGoat has 120 seconds left.
|
|t:|1652934434
|switch|p1a: Kommo-o|Kommo-o, M|100/100
|cant|p2a: Slowking|slp
|
|-weather|none
|upkeep
|turn|27
|
|t:|1652934443
|move|p1a: Kommo-o|Substitute|p1a: Kommo-o
|-start|p1a: Kommo-o|Substitute
|-damage|p1a: Kommo-o|75/100
|cant|p2a: Slowking|slp
|
|upkeep
|turn|28
|
|t:|1652934449
|switch|p2a: Buzzwole|Buzzwole|41/100
|move|p1a: Kommo-o|Belly Drum|p1a: Kommo-o
|-damage|p1a: Kommo-o|25/100
|-setboost|p1a: Kommo-o|atk|6|[from] move: Belly Drum
|-enditem|p1a: Kommo-o|Salac Berry|[eat]
|-boost|p1a: Kommo-o|spe|1|[from] item: Salac Berry
|
|upkeep
|turn|29
|
|t:|1652934452
|move|p1a: Kommo-o|Drain Punch|p2a: Buzzwole
|-resisted|p2a: Buzzwole
|-damage|p2a: Buzzwole|8/100
|-heal|p1a: Kommo-o|49/100|[from] drain|[of] p2a: Buzzwole
|-damage|p1a: Kommo-o|33/100|[from] item: Rocky Helmet|[of] p2a: Buzzwole
|move|p2a: Buzzwole|Roost|p2a: Buzzwole
|-heal|p2a: Buzzwole|58/100
|-singleturn|p2a: Buzzwole|move: Roost
|
|upkeep
|turn|30
|
|t:|1652934458
|move|p1a: Kommo-o|Thunder Punch|p2a: Buzzwole
|-damage|p2a: Buzzwole|8/100
|-status|p2a: Buzzwole|par
|-damage|p1a: Kommo-o|16/100|[from] item: Rocky Helmet|[of] p2a: Buzzwole
|cant|p2a: Buzzwole|par
|
|upkeep
|turn|31
|c|☆3HeadedGoat|damn
|c|☆3HeadedGoat|gg
|c|☆3HeadedGoat|lol
|
|t:|1652934470
|move|p1a: Kommo-o|Drain Punch|p2a: Buzzwole
|-resisted|p2a: Buzzwole
|-damage|p2a: Buzzwole|0 fnt
|-heal|p1a: Kommo-o|22/100|[from] drain|[of] p2a: Buzzwole
|-damage|p1a: Kommo-o|6/100|[from] item: Rocky Helmet|[of] p2a: Buzzwole
|faint|p2a: Buzzwole
|
|upkeep
|c|☆stopthreat|gg
|
|t:|1652934473
|switch|p2a: Slowking|Slowking-Galar, M|100/100 slp
|turn|32
|
|t:|1652934477
|move|p1a: Kommo-o|Drain Punch|p2a: Slowking
|-resisted|p2a: Slowking
|-damage|p2a: Slowking|63/100 slp
|-heal|p1a: Kommo-o|31/100|[from] drain|[of] p2a: Slowking
|-curestatus|p2a: Slowking|slp|[msg]
|move|p2a: Slowking|Future Sight|p1a: Kommo-o
|-start|p2a: Slowking|move: Future Sight
|
|upkeep
|turn|33
|
|t:|1652934482
|move|p1a: Kommo-o|Drain Punch|p2a: Slowking
|-resisted|p2a: Slowking
|-damage|p2a: Slowking|30/100
|-heal|p1a: Kommo-o|53/100|[from] drain|[of] p2a: Slowking
|move|p2a: Slowking|Sludge Bomb|p1a: Kommo-o
|-immune|p1a: Kommo-o|[from] ability: Bulletproof
|
|upkeep
|turn|34
|
|t:|1652934485
|move|p1a: Kommo-o|Thunder Punch|p2a: Slowking
|-crit|p2a: Slowking
|-damage|p2a: Slowking|0 fnt
|faint|p2a: Slowking
|
|win|stopthreat
|raw|stopthreat's rating: 1556 &rarr; <strong>1572</strong><br />(+16 for winning)
|raw|3HeadedGoat's rating: 1490 &rarr; <strong>1474</strong><br />(-16 for losing)
|l|☆stopthreat
