|j|☆loser boyo
|j|‽HQSTest
|t:|1648934002
|gametype|singles
|player|p1|loser boyo|iris|1275
|player|p2|HQSTest|cynthia|1236
|teamsize|p1|6
|teamsize|p2|6
|gen|8
|tier|[Gen 8] OU
|rated|
|rule|Sleep Clause Mod: Limit one foe put to sleep
|rule|Species Clause: Limit one of each Pokémon
|rule|OHKO Clause: OHKO moves are banned
|rule|Evasion Moves Clause: Evasion moves are banned
|rule|Endless Battle Clause: Forcing endless battles is banned
|rule|HP Percentage Mod: HP is shown in percentages
|rule|Dynamax Clause: You cannot dynamax
|clearpoke
|poke|p1|Tornadus-Therian, M|
|poke|p1|Bisharp, M|
|poke|p1|Rillaboom, F|
|poke|p1|Victini|
|poke|p1|Swampert, M|
|poke|p1|Kartana|
|poke|p2|Omastar, M|
|poke|p2|Kartana|
|poke|p2|Landorus-Therian, M|
|poke|p2|Moltres-Galar|
|poke|p2|Ninetales-Alola, F|
|poke|p2|Dragapult, F|
|teampreview
|
|t:|1648934037
|start
|switch|p1a: Swampert|Swampert, M|100/100
|switch|p2a: Ninetales|Ninetales-Alola, F|100/100
|-weather|Hail|[from] ability: Snow Warning|[of] p2a: Ninetales
|turn|1
|inactive|Battle timer is ON: inactive players will automatically lose when time's up. (requested by HQSTest)
|
|t:|1648934048
|switch|p1a: Bisharp|Bisharp, M|100/100
|move|p2a: Ninetales|Aurora Veil|p2a: Ninetales
|-sidestart|p2: HQSTest|move: Aurora Veil
|
|-weather|Hail|[upkeep]
|-damage|p1a: Bisharp|95/100|[from] Hail
|upkeep
|turn|2
|
|t:|1648934054
|switch|p2a: Moltres|Moltres-Galar|100/100
|move|p1a: Bisharp|Iron Head|p2a: Moltres
|-damage|p2a: Moltres|66/100
|
|-weather|Hail|[upkeep]
|-damage|p1a: Bisharp|89/100|[from] Hail
|-damage|p2a: Moltres|59/100|[from] Hail
|upkeep
|turn|3
|
|t:|1648934061
|switch|p2a: Kartana|Kartana|100/100
|move|p1a: Bisharp|Iron Head|p2a: Kartana
|-resisted|p2a: Kartana
|-damage|p2a: Kartana|82/100
|
|-weather|Hail|[upkeep]
|-damage|p2a: Kartana|76/100|[from] Hail
|-damage|p1a: Bisharp|83/100|[from] Hail
|upkeep
|turn|4
|
|t:|1648934069
|switch|p1a: Tornadus|Tornadus-Therian, M|100/100
|move|p2a: Kartana|Knock Off|p1a: Tornadus
|-damage|p1a: Tornadus|56/100
|-enditem|p1a: Tornadus|Heavy-Duty Boots|[from] move: Knock Off|[of] p2a: Kartana
|
|-weather|Hail|[upkeep]
|-damage|p1a: Tornadus|50/100|[from] Hail
|-damage|p2a: Kartana|70/100|[from] Hail
|upkeep
|turn|5
|
|t:|1648934082
|switch|p2a: Omastar|Omastar, M|100/100
|move|p1a: Tornadus|U-turn|p2a: Omastar
|-crit|p2a: Omastar
|-damage|p2a: Omastar|78/100
|-ability|p2a: Omastar|Weak Armor|boost
|-unboost|p2a: Omastar|def|1
|-boost|p2a: Omastar|spe|2
|
|t:|1648934089
|switch|p1a: Bisharp|Bisharp, M|83/100|[from]move: U-turn
|
|-weather|none
|upkeep
|turn|6
|
|t:|1648934102
|move|p2a: Omastar|Surf|p1a: Bisharp
|-damage|p1a: Bisharp|3/100
|move|p1a: Bisharp|Beat Up|p2a: Omastar
|-damage|p2a: Omastar|67/100
|-ability|p2a: Omastar|Weak Armor|boost
|-unboost|p2a: Omastar|def|1
|-boost|p2a: Omastar|spe|2
|-damage|p2a: Omastar|54/100
|-ability|p2a: Omastar|Weak Armor|boost
|-unboost|p2a: Omastar|def|1
|-boost|p2a: Omastar|spe|2
|-damage|p2a: Omastar|38/100
|-ability|p2a: Omastar|Weak Armor|boost
|-unboost|p2a: Omastar|def|1
|-damage|p2a: Omastar|19/100
|-ability|p2a: Omastar|Weak Armor|boost
|-unboost|p2a: Omastar|def|1
|-damage|p2a: Omastar|0 fnt
|faint|p2a: Omastar
|-hitcount|p2: Omastar|5
|
|upkeep
|
|t:|1648934115
|switch|p2a: Kartana|Kartana|70/100
|turn|7
|
|t:|1648934123
|switch|p1a: Tornadus|Tornadus-Therian, M|83/100
|move|p2a: Kartana|Knock Off|p1a: Tornadus
|-damage|p1a: Tornadus|52/100
|
|upkeep
|turn|8
|
|t:|1648934129
|switch|p2a: Ninetales|Ninetales-Alola, F|100/100
|-weather|Hail|[from] ability: Snow Warning|[of] p2a: Ninetales
|move|p1a: Tornadus|U-turn|p2a: Ninetales
|-resisted|p2a: Ninetales
|-damage|p2a: Ninetales|96/100
|
|t:|1648934132
|switch|p1a: Victini|Victini|100/100|[from]move: U-turn
|
|-weather|Hail|[upkeep]
|-damage|p1a: Victini|94/100|[from] Hail
|-sideend|p2: HQSTest|move: Aurora Veil
|upkeep
|turn|9
|
|t:|1648934137
|move|p2a: Ninetales|Aurora Veil|p2a: Ninetales
|-sidestart|p2: HQSTest|move: Aurora Veil
|move|p1a: Victini|V-create|p2a: Ninetales
|-supereffective|p2a: Ninetales
|-damage|p2a: Ninetales|0 fnt
|-unboost|p1a: Victini|spe|1
|-unboost|p1a: Victini|def|1
|-unboost|p1a: Victini|spd|1
|faint|p2a: Ninetales
|
|-weather|Hail|[upkeep]
|-damage|p1a: Victini|88/100|[from] Hail
|upkeep
|
|t:|1648934147
|switch|p2a: Dragapult|Dragapult, F|100/100
|turn|10
|
|t:|1648934158
|switch|p1a: Swampert|Swampert, M|100/100
|move|p2a: Dragapult|Dragon Dance|p2a: Dragapult
|-boost|p2a: Dragapult|atk|1
|-boost|p2a: Dragapult|spe|1
|
|-weather|Hail|[upkeep]
|-damage|p2a: Dragapult|94/100|[from] Hail
|-damage|p1a: Swampert|94/100|[from] Hail
|-heal|p1a: Swampert|100/100|[from] item: Leftovers
|upkeep
|turn|11
|
|t:|1648934165
|move|p2a: Dragapult|Dragon Darts|p1a: Swampert
|-damage|p1a: Swampert|63/100
|-anim|p2a: Dragapult|Dragon Darts|p1a: Swampert
|-damage|p1a: Swampert|26/100
|move|p1a: Swampert|Yawn|p2a: Dragapult
|-start|p2a: Dragapult|move: Yawn|[of] p1a: Swampert
|
|-weather|Hail|[upkeep]
|-damage|p2a: Dragapult|88/100|[from] Hail
|-damage|p1a: Swampert|20/100|[from] Hail
|-heal|p1a: Swampert|26/100|[from] item: Leftovers
|upkeep
|turn|12
|
|t:|1648934171
|switch|p2a: Kartana|Kartana|70/100
|switch|p1a: Bisharp|Bisharp, M|3/100
|
|-weather|none
|upkeep
|turn|13
|
|t:|1648934180
|move|p1a: Bisharp|Sucker Punch|p2a: Kartana
|-damage|p2a: Kartana|39/100
|move|p2a: Kartana|Knock Off|p1a: Bisharp
|-resisted|p1a: Bisharp
|-damage|p1a: Bisharp|0 fnt
|-enditem|p1a: Bisharp|Choice Band|[from] move: Knock Off|[of] p2a: Kartana
|faint|p1a: Bisharp
|-ability|p2a: Kartana|Beast Boost|boost
|-boost|p2a: Kartana|atk|1
|
|upkeep
|
|t:|1648934188
|switch|p1a: Tornadus|Tornadus-Therian, M|85/100
|turn|14
|
|t:|1648934191
|move|p1a: Tornadus|U-turn|p2a: Kartana
|-damage|p2a: Kartana|32/100
|
|t:|1648934195
|switch|p1a: Swampert|Swampert, M|26/100|[from]move: U-turn
|move|p2a: Kartana|Knock Off|p1a: Swampert
|-damage|p1a: Swampert|0 fnt
|-enditem|p1a: Swampert|Leftovers|[from] move: Knock Off|[of] p2a: Kartana
|faint|p1a: Swampert
|-ability|p2a: Kartana|Beast Boost|boost
|-boost|p2a: Kartana|atk|1
|
|upkeep
|
|t:|1648934198
|switch|p1a: Tornadus|Tornadus-Therian, M|100/100
|turn|15
|
|t:|1648934201
|move|p1a: Tornadus|Heat Wave|p2a: Kartana
|-supereffective|p2a: Kartana
|-damage|p2a: Kartana|0 fnt
|faint|p2a: Kartana
|
|upkeep
|
|t:|1648934205
|switch|p2a: Dragapult|Dragapult, F|88/100
|turn|16
|
|t:|1648934210
|move|p1a: Tornadus|Icy Wind|p2a: Dragapult
|-supereffective|p2a: Dragapult
|-damage|p2a: Dragapult|72/100
|-enditem|p2a: Dragapult|Weakness Policy
|-boost|p2a: Dragapult|atk|2|[from] item: Weakness Policy
|-boost|p2a: Dragapult|spa|2|[from] item: Weakness Policy
|move|p2a: Dragapult|Dragon Dance|p2a: Dragapult
|-boost|p2a: Dragapult|atk|1
|-boost|p2a: Dragapult|spe|1
|
|-sideend|p2: HQSTest|move: Aurora Veil
|upkeep
|turn|17
|
|t:|1648934222
|move|p2a: Dragapult|Dragon Darts|p1a: Tornadus
|-damage|p1a: Tornadus|26/100
|-anim|p2a: Dragapult|Dragon Darts|p1a: Tornadus
|-damage|p1a: Tornadus|0 fnt
|faint|p1a: Tornadus
|
|upkeep
|
|t:|1648934229
|switch|p1a: Kartana|Kartana|100/100
|turn|18
|
|t:|1648934232
|move|p2a: Dragapult|Flamethrower|p1a: Kartana
|-supereffective|p1a: Kartana
|-damage|p1a: Kartana|0 fnt
|faint|p1a: Kartana
|
|upkeep
|
|t:|1648934236
|switch|p1a: Rillaboom|Rillaboom, F|100/100
|-fieldstart|move: Grassy Terrain|[from] ability: Grassy Surge|[of] p1a: Rillaboom
|turn|19
|
|t:|1648934239
|move|p1a: Rillaboom|Grassy Glide|p2a: Dragapult
|-resisted|p2a: Dragapult
|-damage|p2a: Dragapult|18/100
|move|p2a: Dragapult|Dragon Darts|p1a: Rillaboom
|-damage|p1a: Rillaboom|21/100
|-anim|p2a: Dragapult|Dragon Darts|p1a: Rillaboom
|-damage|p1a: Rillaboom|0 fnt
|faint|p1a: Rillaboom
|
|-heal|p2a: Dragapult|24/100|[from] Grassy Terrain
|upkeep
|
|t:|1648934243
|switch|p1a: Victini|Victini|88/100
|turn|20
|
|t:|1648934248
|move|p2a: Dragapult|Dragon Darts|p1a: Victini
|-damage|p1a: Victini|26/100
|-anim|p2a: Dragapult|Dragon Darts|p1a: Victini
|-damage|p1a: Victini|0 fnt
|faint|p1a: Victini
|
|win|HQSTest
|raw|loser boyo's rating: 1275 &rarr; <strong>1247</strong><br />(-28 for losing)
|raw|HQSTest's rating: 1236 &rarr; <strong>1264</strong><br />(+28 for winning)
|l|☆loser boyo
||Ladder isn't responding, score probably updated but might not have (Request timeout).
