|raw|<div class="broadcast-blue"><strong>This battle is required to be public due to a player having a name starting with 'lt91bb'.</div>
|j|☆rheysali
|j|☆LT91BB qtipsa
|t:|1659048215
|gametype|singles
|player|p1|rheysali|artist-gen4|1746
|player|p2|LT91BB qtipsa|marnie|1857
|teamsize|p1|6
|teamsize|p2|6
|gen|8
|tier|[Gen 8] OU
|rated|
|rule|Sleep Clause Mod: Limit one foe put to sleep
|rule|Species Clause: Limit one of each Pokémon
|rule|OHKO Clause: OHKO moves are banned
|rule|Evasion Moves Clause: Evasion moves are banned
|rule|Endless Battle Clause: Forcing endless battles is banned
|rule|HP Percentage Mod: HP is shown in percentages
|rule|Dynamax Clause: You cannot dynamax
|clearpoke
|poke|p1|Dragapult, F|
|poke|p1|Tapu Lele|
|poke|p1|Zarude-Dada|
|poke|p1|Corviknight, M|
|poke|p1|Hippowdon, F|
|poke|p1|Toxapex, F|
|poke|p2|Blaziken, F|
|poke|p2|Rillaboom, F|
|poke|p2|Garchomp, M|
|poke|p2|Melmetal|
|poke|p2|Slowbro, F|
|poke|p2|Tornadus-Therian, M|
|teampreview
|inactive|Battle timer is ON: inactive players will automatically lose when time's up. (requested by LT91BB qtipsa)
|j| aesnop
|
|t:|1659048253
|start
|switch|p1a: Hippowdon|Hippowdon, F|100/100
|switch|p2a: Tornadus|Tornadus-Therian, M|100/100
|-weather|Sandstorm|[from] ability: Sand Stream|[of] p1a: Hippowdon
|turn|1
|
|t:|1659048262
|move|p2a: Tornadus|Knock Off|p1a: Hippowdon
|-damage|p1a: Hippowdon|85/100
|-enditem|p1a: Hippowdon|Leftovers|[from] move: Knock Off|[of] p2a: Tornadus
|move|p1a: Hippowdon|Toxic|p2a: Tornadus
|-status|p2a: Tornadus|tox
|
|-weather|Sandstorm|[upkeep]
|-damage|p2a: Tornadus|94/100 tox|[from] Sandstorm
|-damage|p2a: Tornadus|88/100 tox|[from] psn
|upkeep
|turn|2
|
|t:|1659048270
|move|p2a: Tornadus|U-turn|p1a: Hippowdon
|-damage|p1a: Hippowdon|75/100
|
|t:|1659048272
|switch|p2a: Slowbro|Slowbro, F|100/100|[from]move: U-turn
|move|p1a: Hippowdon|Stealth Rock|p2a: Slowbro
|-sidestart|p2: LT91BB qtipsa|move: Stealth Rock
|
|-weather|Sandstorm|[upkeep]
|-damage|p2a: Slowbro|94/100|[from] Sandstorm
|upkeep
|turn|3
|
|t:|1659048294
|move|p1a: Hippowdon|Toxic|p2a: Slowbro
|-status|p2a: Slowbro|tox
|move|p2a: Slowbro|Scald|p1a: Hippowdon
|-supereffective|p1a: Hippowdon
|-damage|p1a: Hippowdon|35/100
|
|-weather|Sandstorm|[upkeep]
|-damage|p2a: Slowbro|88/100 tox|[from] Sandstorm
|-damage|p2a: Slowbro|82/100 tox|[from] psn
|upkeep
|turn|4
|
|t:|1659048304
|switch|p1a: Zarude|Zarude-Dada|100/100
|move|p2a: Slowbro|Scald|p1a: Zarude
|-resisted|p1a: Zarude
|-crit|p1a: Zarude
|-damage|p1a: Zarude|77/100
|-status|p1a: Zarude|brn
|
|-weather|Sandstorm|[upkeep]
|-damage|p1a: Zarude|71/100 brn|[from] Sandstorm
|-damage|p2a: Slowbro|76/100 tox|[from] Sandstorm
|-heal|p1a: Zarude|77/100 brn|[from] item: Leftovers
|-damage|p2a: Slowbro|64/100 tox|[from] psn
|-damage|p1a: Zarude|71/100 brn|[from] brn
|upkeep
|turn|5
|
|t:|1659048311
|switch|p2a: Garchomp|Garchomp, M|100/100
|-damage|p2a: Garchomp|94/100|[from] Stealth Rock
|move|p1a: Zarude|Jungle Healing|p1a: Zarude
|-heal|p1a: Zarude|97/100 brn
|-curestatus|p1a: Zarude|brn|[msg]
|
|-weather|none
|-heal|p1a: Zarude|100/100|[from] item: Leftovers
|-heal|p2a: Garchomp|100/100|[from] item: Leftovers
|upkeep
|turn|6
|
|t:|1659048324
|move|p1a: Zarude|Bulk Up|p1a: Zarude
|-boost|p1a: Zarude|atk|1
|-boost|p1a: Zarude|def|1
|move|p2a: Garchomp|Stealth Rock|p1a: Zarude
|-sidestart|p1: rheysali|move: Stealth Rock
|
|upkeep
|turn|7
|
|t:|1659048330
|switch|p2a: Blaziken|Blaziken, F|100/100
|-damage|p2a: Blaziken|88/100|[from] Stealth Rock
|move|p1a: Zarude|Bulk Up|p1a: Zarude
|-boost|p1a: Zarude|atk|1
|-boost|p1a: Zarude|def|1
|
|-heal|p2a: Blaziken|94/100|[from] item: Leftovers
|upkeep
|turn|8
|j| alsmoosh2
|
|t:|1659048342
|move|p1a: Zarude|Power Whip|p2a: Blaziken
|-resisted|p2a: Blaziken
|-damage|p2a: Blaziken|0 fnt
|faint|p2a: Blaziken
|
|upkeep
|c|☆rheysali|lmaoo
|
|t:|1659048354
|switch|p2a: Melmetal|Melmetal|100/100
|-damage|p2a: Melmetal|94/100|[from] Stealth Rock
|turn|9
|
|t:|1659048358
|move|p1a: Zarude|Darkest Lariat|p2a: Melmetal
|-damage|p2a: Melmetal|43/100
|move|p2a: Melmetal|Double Iron Bash|p1a: Zarude
|-damage|p1a: Zarude|81/100
|-damage|p1a: Zarude|59/100
|-hitcount|p1a: Zarude|2
|
|-heal|p1a: Zarude|65/100|[from] item: Leftovers
|-heal|p2a: Melmetal|49/100|[from] item: Leftovers
|upkeep
|turn|10
|
|t:|1659048369
|move|p1a: Zarude|Bulk Up|p1a: Zarude
|-boost|p1a: Zarude|atk|1
|-boost|p1a: Zarude|def|1
|move|p2a: Melmetal|Double Iron Bash|p1a: Zarude
|-damage|p1a: Zarude|50/100
|-damage|p1a: Zarude|33/100
|-hitcount|p1a: Zarude|2
|
|-heal|p1a: Zarude|39/100|[from] item: Leftovers
|-heal|p2a: Melmetal|55/100|[from] item: Leftovers
|upkeep
|turn|11
|
|t:|1659048376
|switch|p2a: Garchomp|Garchomp, M|100/100
|-damage|p2a: Garchomp|94/100|[from] Stealth Rock
|move|p1a: Zarude|Darkest Lariat|p2a: Garchomp
|-damage|p2a: Garchomp|6/100
|-damage|p1a: Zarude|27/100|[from] ability: Rough Skin|[of] p2a: Garchomp
|
|-heal|p1a: Zarude|33/100|[from] item: Leftovers
|-heal|p2a: Garchomp|12/100|[from] item: Leftovers
|upkeep
|turn|12
|
|t:|1659048381
|switch|p2a: Tornadus|Tornadus-Therian, M|100/100 tox
|move|p1a: Zarude|Jungle Healing|p1a: Zarude
|-heal|p1a: Zarude|58/100
|
|-heal|p1a: Zarude|64/100|[from] item: Leftovers
|-damage|p2a: Tornadus|94/100 tox|[from] psn
|upkeep
|turn|13
|j| wish killer
|j| arbok13
|j| LT91BB Scorcha
|j| LT91BB Raizen
|j| edrala
|j| DICK&DURSTIG
|j| Empo
|
|t:|1659048406
|move|p2a: Tornadus|Heat Wave|p1a: Zarude
|-supereffective|p1a: Zarude
|-damage|p1a: Zarude|15/100
|move|p1a: Zarude|Darkest Lariat|p2a: Tornadus
|-damage|p2a: Tornadus|0 fnt
|faint|p2a: Tornadus
|
|-heal|p1a: Zarude|21/100|[from] item: Leftovers
|upkeep
|j| Wee Hours
|j| 8th Hokage Killua
|-message|LT91BB qtipsa forfeited.
|
|win|rheysali
|raw|rheysali's rating: 1746 &rarr; <strong>1772</strong><br />(+26 for winning)
|raw|LT91BB qtipsa's rating: 1857 &rarr; <strong>1831</strong><br />(-26 for losing)
|l|☆LT91BB qtipsa
|j| Arct!c
|j| Electric win
|c|☆rheysali|gg
|c|☆rheysali|hahaha
|l| aesnop
|l| 8th Hokage Killua
|l| DICK&DURSTIG
|j| Prism Armor
|j| Cryofield
|l| LT91BB Scorcha
|l| Arct!c
|l|☆rheysali
