|raw|<div class="broadcast-blue"><strong>This battle is required to be public due to a player having a name starting with 'lt92pf'.</div>
|j|☆Pinkacross
|j|☆LT92PF fardin
|t:|1660085759
|gametype|singles
|player|p1|Pinkacross|artist|1778
|player|p2|LT92PF fardin|265|1802
|teamsize|p1|6
|teamsize|p2|6
|gen|8
|tier|[Gen 8] OU
|rated|
|rule|Sleep Clause Mod: Limit one foe put to sleep
|rule|Species Clause: Limit one of each Pokémon
|rule|OHKO Clause: OHKO moves are banned
|rule|Evasion Items Clause: Evasion items are banned
|rule|Evasion Moves Clause: Evasion moves are banned
|rule|Endless Battle Clause: Forcing endless battles is banned
|rule|HP Percentage Mod: HP is shown in percentages
|rule|Dynamax Clause: You cannot dynamax
|clearpoke
|poke|p1|Kartana|
|poke|p1|Dragapult, M|
|poke|p1|Moltres-Galar|
|poke|p1|Heatran, M|
|poke|p1|Landorus-Therian, M|
|poke|p1|Slowbro, F|
|poke|p2|Cresselia, F|
|poke|p2|Clefable, M|
|poke|p2|Quagsire, M|
|poke|p2|Skarmory, M|
|poke|p2|Zapdos|
|poke|p2|Toxapex, M|
|teampreview
|inactive|Battle timer is ON: inactive players will automatically lose when time's up. (requested by LT92PF fardin)
|j| LT92PF Mus
|
|t:|1660085787
|start
|switch|p1a: Slowbro|Slowbro, F|100/100
|switch|p2a: Toxapex|Toxapex, M|100/100
|turn|1
|j| LT92PF Life
|
|t:|1660085790
|move|p2a: Toxapex|Toxic|p1a: Slowbro
|-status|p1a: Slowbro|tox
|move|p1a: Slowbro|Future Sight|p2a: Toxapex
|-start|p1a: Slowbro|move: Future Sight
|
|-damage|p1a: Slowbro|94/100 tox|[from] psn
|upkeep
|turn|2
|
|t:|1660085793
|switch|p2a: Cresselia|Cresselia, F|100/100
|move|p1a: Slowbro|Teleport|p1a: Slowbro
|j| foolek2300
|
|t:|1660085799
|switch|p1a: Heatran|Heatran, M|100/100|[from]move: Teleport
|
|upkeep
|turn|3
|j| LT92PF rej
|j|+starmaster
|
|t:|1660085810
|move|p2a: Cresselia|Protect|p2a: Cresselia
|-singleturn|p2a: Cresselia|Protect
|move|p1a: Heatran|Stealth Rock|p2a: Cresselia
|-sidestart|p2: LT92PF fardin|move: Stealth Rock
|
|-end|p2a: Cresselia|move: Future Sight
|-resisted|p2a: Cresselia
|-damage|p2a: Cresselia|90/100
|-heal|p2a: Cresselia|96/100|[from] item: Leftovers
|upkeep
|turn|4
|
|t:|1660085816
|switch|p2a: Toxapex|Toxapex, M|100/100
|-damage|p2a: Toxapex|88/100|[from] Stealth Rock
|move|p1a: Heatran|Toxic|p2a: Toxapex
|-immune|p2a: Toxapex
|
|upkeep
|turn|5
|
|t:|1660085818
|switch|p1a: Slowbro|Slowbro, F|100/100 tox
|move|p2a: Toxapex|Knock Off|p1a: Slowbro
|-supereffective|p1a: Slowbro
|-damage|p1a: Slowbro|76/100 tox
|-enditem|p1a: Slowbro|Heavy-Duty Boots|[from] move: Knock Off|[of] p2a: Toxapex
|
|-damage|p1a: Slowbro|70/100 tox|[from] psn
|upkeep
|turn|6
|
|t:|1660085822
|switch|p2a: Zapdos|Zapdos|100/100
|-ability|p2a: Zapdos|Pressure
|move|p1a: Slowbro|Future Sight|p2a: Zapdos
|-start|p1a: Slowbro|move: Future Sight
|
|-damage|p1a: Slowbro|58/100 tox|[from] psn
|upkeep
|turn|7
|
|t:|1660085826
|switch|p2a: Cresselia|Cresselia, F|96/100
|-damage|p2a: Cresselia|84/100|[from] Stealth Rock
|move|p1a: Slowbro|Teleport|p1a: Slowbro
|
|t:|1660085833
|switch|p1a: Kartana|Kartana|100/100|[from]move: Teleport
|
|-heal|p2a: Cresselia|90/100|[from] item: Leftovers
|upkeep
|turn|8
|
|t:|1660085842
|move|p1a: Kartana|Knock Off|p2a: Cresselia
|-supereffective|p2a: Cresselia
|-damage|p2a: Cresselia|3/100
|-enditem|p2a: Cresselia|Leftovers|[from] move: Knock Off|[of] p1a: Kartana
|move|p2a: Cresselia|Ice Beam|p1a: Kartana
|-damage|p1a: Kartana|52/100
|
|-end|p2a: Cresselia|move: Future Sight
|-resisted|p2a: Cresselia
|-damage|p2a: Cresselia|0 fnt
|faint|p2a: Cresselia
|upkeep
|
|t:|1660085847
|switch|p2a: Clefable|Clefable, M|100/100
|turn|9
|
|t:|1660085851
|switch|p1a: Moltres|Moltres-Galar|100/100
|move|p2a: Clefable|Stealth Rock|p1a: Moltres
|-sidestart|p1: Pinkacross|move: Stealth Rock
|
|upkeep
|turn|10
|j| Waylaid
|
|t:|1660085853
|move|p1a: Moltres|Air Slash|p2a: Clefable
|-damage|p2a: Clefable|57/100
|cant|p2a: Clefable|flinch
|
|upkeep
|turn|11
|
|t:|1660085856
|switch|p2a: Zapdos|Zapdos|100/100
|-ability|p2a: Zapdos|Pressure
|move|p1a: Moltres|Air Slash|p2a: Zapdos|[miss]
|-miss|p1a: Moltres|p2a: Zapdos
|
|upkeep
|turn|12
|
|t:|1660085859
|switch|p1a: Landorus|Landorus-Therian, M|100/100
|-damage|p1a: Landorus|88/100|[from] Stealth Rock
|-ability|p1a: Landorus|Intimidate|boost
|-unboost|p2a: Zapdos|atk|1
|move|p2a: Zapdos|Toxic|p1a: Landorus
|-status|p1a: Landorus|tox
|
|-heal|p1a: Landorus|94/100 tox|[from] item: Leftovers
|-damage|p1a: Landorus|88/100 tox|[from] psn
|upkeep
|turn|13
|
|t:|1660085862
|switch|p2a: Toxapex|Toxapex, M|100/100
|-damage|p2a: Toxapex|88/100|[from] Stealth Rock
|move|p1a: Landorus|U-turn|p2a: Toxapex
|-resisted|p2a: Toxapex
|-damage|p2a: Toxapex|79/100
|j| new meta is broken
|
|t:|1660085866
|switch|p1a: Slowbro|Slowbro, F|91/100 tox|[from]move: U-turn
|-damage|p1a: Slowbro|79/100 tox|[from] Stealth Rock
|
|-damage|p1a: Slowbro|73/100 tox|[from] psn
|upkeep
|turn|14
|
|t:|1660085869
|switch|p2a: Zapdos|Zapdos|100/100
|-ability|p2a: Zapdos|Pressure
|move|p1a: Slowbro|Future Sight|p2a: Zapdos
|-start|p1a: Slowbro|move: Future Sight
|
|-damage|p1a: Slowbro|60/100 tox|[from] psn
|upkeep
|turn|15
|
|t:|1660085871
|move|p2a: Zapdos|Volt Switch|p1a: Slowbro
|-supereffective|p1a: Slowbro
|-damage|p1a: Slowbro|21/100 tox
|l| new meta is broken
|
|t:|1660085880
|switch|p2a: Quagsire|Quagsire, M|100/100|[from]move: Volt Switch
|-damage|p2a: Quagsire|94/100|[from] Stealth Rock
|move|p1a: Slowbro|Teleport|p1a: Slowbro
|
|t:|1660085883
|switch|p1a: Kartana|Kartana|52/100|[from]move: Teleport
|-damage|p1a: Kartana|46/100|[from] Stealth Rock
|
|-heal|p2a: Quagsire|100/100|[from] item: Leftovers
|upkeep
|turn|16
|
|t:|1660085887
|move|p1a: Kartana|Leaf Blade|p2a: Quagsire
|-supereffective|p2a: Quagsire
|-crit|p2a: Quagsire
|-damage|p2a: Quagsire|0 fnt
|faint|p2a: Quagsire
|-ability|p1a: Kartana|Beast Boost|boost
|-boost|p1a: Kartana|atk|1
|
|-hint|Future Sight did not hit because the target is fainted.
|upkeep
|
|t:|1660085890
|switch|p2a: Zapdos|Zapdos|100/100
|-ability|p2a: Zapdos|Pressure
|turn|17
|
|t:|1660085906
|move|p1a: Kartana|Leaf Blade|p2a: Zapdos
|-resisted|p2a: Zapdos
|-damage|p2a: Zapdos|42/100
|move|p2a: Zapdos|Volt Switch|p1a: Kartana
|-resisted|p1a: Kartana
|-damage|p1a: Kartana|0 fnt
|faint|p1a: Kartana
|
|t:|1660085910
|switch|p2a: Toxapex|Toxapex, M|100/100|[from]move: Volt Switch
|-damage|p2a: Toxapex|88/100|[from] Stealth Rock
|
|upkeep
|
|t:|1660085916
|switch|p1a: Slowbro|Slowbro, F|54/100 tox
|-damage|p1a: Slowbro|41/100 tox|[from] Stealth Rock
|turn|18
|
|t:|1660085924
|move|p2a: Toxapex|Knock Off|p1a: Slowbro
|-supereffective|p1a: Slowbro
|-damage|p1a: Slowbro|26/100 tox
|move|p1a: Slowbro|Future Sight|p2a: Toxapex
|-start|p1a: Slowbro|move: Future Sight
|
|-damage|p1a: Slowbro|20/100 tox|[from] psn
|upkeep
|turn|19
|
|t:|1660085929
|switch|p2a: Zapdos|Zapdos|42/100
|-ability|p2a: Zapdos|Pressure
|move|p1a: Slowbro|Teleport|p1a: Slowbro
|
|t:|1660085932
|switch|p1a: Dragapult|Dragapult, M|100/100|[from]move: Teleport
|-damage|p1a: Dragapult|88/100|[from] Stealth Rock
|
|upkeep
|turn|20
|
|t:|1660085936
|move|p1a: Dragapult|Shadow Ball|p2a: Zapdos
|-crit|p2a: Zapdos
|-damage|p2a: Zapdos|0 fnt
|faint|p2a: Zapdos
|
|-hint|Future Sight did not hit because the target is fainted.
|upkeep
|
|t:|1660085943
|switch|p2a: Clefable|Clefable, M|57/100
|turn|21
|
|t:|1660085945
|move|p1a: Dragapult|Shadow Ball|p2a: Clefable
|-damage|p2a: Clefable|13/100
|-unboost|p2a: Clefable|spd|1
|move|p2a: Clefable|Soft-Boiled|p2a: Clefable
|-heal|p2a: Clefable|63/100
|
|upkeep
|turn|22
|
|t:|1660085946
|switch|p2a: Toxapex|Toxapex, M|100/100
|-damage|p2a: Toxapex|88/100|[from] Stealth Rock
|move|p1a: Dragapult|Shadow Ball|p2a: Toxapex
|-damage|p2a: Toxapex|51/100
|-unboost|p2a: Toxapex|spd|1
|
|upkeep
|turn|23
|-message|LT92PF fardin forfeited.
|
|win|Pinkacross
|raw|Pinkacross's rating: 1778 &rarr; <strong>1799</strong><br />(+21 for winning)
|raw|LT92PF fardin's rating: 1802 &rarr; <strong>1781</strong><br />(-21 for losing)
|l|☆LT92PF fardin
|c|☆Pinkacross|gg
|l| LT92PF Life
|l|☆Pinkacross
|j| dpultfan69 uwu
|l| LT92PF Mus
|j| jkjfksajdfks
