|j|☆savage14455
|j|‽Guest 5890168
|t:|1664830652
|gametype|singles
|player|p1|savage14455|169|1468
|player|p2|Guest 5890168|170|1527
|teamsize|p1|6
|teamsize|p2|6
|gen|8
|tier|[Gen 8] OU
|rated|
|rule|Sleep Clause Mod: Limit one foe put to sleep
|rule|Species Clause: Limit one of each Pokémon
|rule|OHKO Clause: OHKO moves are banned
|rule|Evasion Items Clause: Evasion items are banned
|rule|Evasion Moves Clause: Evasion moves are banned
|rule|Endless Battle Clause: Forcing endless battles is banned
|rule|HP Percentage Mod: HP is shown in percentages
|rule|Dynamax Clause: You cannot dynamax
|clearpoke
|poke|p1|Glastrier|
|poke|p1|Tapu Fini|
|poke|p1|Tornadus-Therian, M|
|poke|p1|Ferrothorn, F|
|poke|p1|Garchomp, F|
|poke|p1|Dragonite, F|
|poke|p2|Rotom-Wash|
|poke|p2|Weavile, M|
|poke|p2|Landorus-Therian, M|
|poke|p2|Heatran, M|
|poke|p2|Tangrowth, F|
|poke|p2|Melmetal|
|teampreview
|j| Programofuse
|inactive|Battle timer is ON: inactive players will automatically lose when time's up. (requested by Guest 5890168)
|
|t:|1664830662
|start
|switch|p1a: Tornadus|Tornadus-Therian, M|100/100
|switch|p2a: Landorus|Landorus-Therian, M|100/100
|-ability|p2a: Landorus|Intimidate|boost
|-unboost|p1a: Tornadus|atk|1
|turn|1
|
|t:|1664830664
|switch|p2a: Heatran|Heatran, M|100/100
|-item|p2a: Heatran|Air Balloon
|move|p1a: Tornadus|Knock Off|p2a: Heatran
|-damage|p2a: Heatran|87/100
|-enditem|p2a: Heatran|Air Balloon
|
|upkeep
|turn|2
|
|t:|1664830667
|move|p1a: Tornadus|U-turn|p2a: Heatran
|-resisted|p2a: Heatran
|-damage|p2a: Heatran|84/100
|
|t:|1664830668
|switch|p1a: Garchomp|Garchomp, F|100/100|[from]move: U-turn
|move|p2a: Heatran|Stealth Rock|p1a: Garchomp
|-sidestart|p1: savage14455|move: Stealth Rock
|
|upkeep
|turn|3
|
|t:|1664830672
|switch|p2a: Landorus|Landorus-Therian, M|100/100
|-ability|p2a: Landorus|Intimidate|boost
|-unboost|p1a: Garchomp|atk|1
|move|p1a: Garchomp|Toxic|p2a: Landorus
|-status|p2a: Landorus|tox
|
|-damage|p2a: Landorus|94/100 tox|[from] psn
|upkeep
|turn|4
|
|t:|1664830674
|switch|p2a: Melmetal|Melmetal|100/100
|move|p1a: Garchomp|Protect||[still]
|-fail|p1a: Garchomp
|
|upkeep
|turn|5
|
|t:|1664830676
|move|p1a: Garchomp|Earthquake|p2a: Melmetal
|-supereffective|p2a: Melmetal
|-damage|p2a: Melmetal|70/100
|move|p2a: Melmetal|Ice Punch|p1a: Garchomp
|-supereffective|p1a: Garchomp
|-damage|p1a: Garchomp|0 fnt
|-damage|p2a: Melmetal|58/100|[from] ability: Rough Skin|[of] p1a: Garchomp
|faint|p1a: Garchomp
|
|upkeep
|
|t:|1664830684
|switch|p1a: Ferrothorn|Ferrothorn, F|100/100
|-damage|p1a: Ferrothorn|94/100|[from] Stealth Rock
|turn|6
|
|t:|1664830687
|switch|p2a: Tangrowth|Tangrowth, F|100/100
|move|p1a: Ferrothorn|Leech Seed|p2a: Tangrowth
|-immune|p2a: Tangrowth
|
|-heal|p1a: Ferrothorn|100/100|[from] item: Leftovers
|upkeep
|turn|7
|
|t:|1664830689
|move|p2a: Tangrowth|Focus Blast|p1a: Ferrothorn
|-supereffective|p1a: Ferrothorn
|-damage|p1a: Ferrothorn|59/100
|move|p1a: Ferrothorn|Spikes|p2a: Tangrowth
|-sidestart|p2: Guest 5890168|Spikes
|
|-heal|p1a: Ferrothorn|65/100|[from] item: Leftovers
|upkeep
|turn|8
|
|t:|1664830693
|move|p2a: Tangrowth|Focus Blast|p1a: Ferrothorn|[miss]
|-miss|p2a: Tangrowth|p1a: Ferrothorn
|move|p1a: Ferrothorn|Knock Off|p2a: Tangrowth
|-damage|p2a: Tangrowth|89/100
|-damage|p1a: Ferrothorn|49/100|[from] item: Rocky Helmet|[of] p2a: Tangrowth
|-enditem|p2a: Tangrowth|Rocky Helmet|[from] move: Knock Off|[of] p1a: Ferrothorn
|
|-heal|p1a: Ferrothorn|55/100|[from] item: Leftovers
|upkeep
|turn|9
|
|t:|1664830696
|move|p2a: Tangrowth|Focus Blast|p1a: Ferrothorn
|-supereffective|p1a: Ferrothorn
|-damage|p1a: Ferrothorn|12/100
|move|p1a: Ferrothorn|Spikes|p2a: Tangrowth
|-sidestart|p2: Guest 5890168|Spikes
|
|-heal|p1a: Ferrothorn|18/100|[from] item: Leftovers
|upkeep
|turn|10
|
|t:|1664830698
|move|p2a: Tangrowth|Focus Blast|p1a: Ferrothorn
|-supereffective|p1a: Ferrothorn
|-damage|p1a: Ferrothorn|0 fnt
|faint|p1a: Ferrothorn
|
|upkeep
|
|t:|1664830700
|switch|p1a: Glastrier|Glastrier|100/100
|-damage|p1a: Glastrier|76/100|[from] Stealth Rock
|turn|11
|
|t:|1664830708
|move|p2a: Tangrowth|Sleep Powder|p1a: Glastrier
|-status|p1a: Glastrier|slp|[from] move: Sleep Powder
|cant|p1a: Glastrier|slp
|
|upkeep
|turn|12
|
|t:|1664830716
|move|p2a: Tangrowth|Giga Drain|p1a: Glastrier
|-damage|p1a: Glastrier|51/100 slp
|-heal|p2a: Tangrowth|100/100|[from] drain|[of] p1a: Glastrier
|-enditem|p1a: Glastrier|Red Card|[of] p2a: Tangrowth
|drag|p2a: Landorus|Landorus-Therian, M|94/100 tox
|-ability|p2a: Landorus|Intimidate|boost
|-unboost|p1a: Glastrier|atk|1
|cant|p1a: Glastrier|slp
|
|-heal|p2a: Landorus|100/100 tox|[from] item: Leftovers
|-damage|p2a: Landorus|94/100 tox|[from] psn
|upkeep
|turn|13
|
|t:|1664830719
|move|p2a: Landorus|Defog|p1a: Glastrier
|-unboost|p1a: Glastrier|evasion|1
|-sideend|p1: savage14455|Stealth Rock|[from] move: Defog|[of] p2a: Landorus
|-sideend|p2: Guest 5890168|Spikes|[from] move: Defog|[of] p2a: Landorus
|-curestatus|p1a: Glastrier|slp|[msg]
|move|p1a: Glastrier|Icicle Spear|p2a: Landorus
|-supereffective|p2a: Landorus
|-damage|p2a: Landorus|50/100 tox
|-supereffective|p2a: Landorus
|-damage|p2a: Landorus|9/100 tox
|-hitcount|p2a: Landorus|2
|
|-heal|p2a: Landorus|15/100 tox|[from] item: Leftovers
|-damage|p2a: Landorus|3/100 tox|[from] psn
|upkeep
|turn|14
|
|t:|1664830722
|move|p2a: Landorus|U-turn|p1a: Glastrier
|-damage|p1a: Glastrier|35/100
|
|t:|1664830722
|switch|p2a: Melmetal|Melmetal|58/100|[from]move: U-turn
|move|p1a: Glastrier|High Horsepower|p2a: Melmetal
|-supereffective|p2a: Melmetal
|-damage|p2a: Melmetal|26/100
|
|upkeep
|turn|15
|
|t:|1664830725
|move|p1a: Glastrier|High Horsepower|p2a: Melmetal
|-supereffective|p2a: Melmetal
|-damage|p2a: Melmetal|0 fnt
|faint|p2a: Melmetal
|-ability|p1a: Glastrier|Chilling Neigh|boost
|-boost|p1a: Glastrier|atk|1
|
|upkeep
|
|t:|1664830725
|switch|p2a: Heatran|Heatran, M|84/100
|turn|16
|
|t:|1664830727
|move|p2a: Heatran|Magma Storm|p1a: Glastrier
|-supereffective|p1a: Glastrier
|-damage|p1a: Glastrier|0 fnt
|faint|p1a: Glastrier
|
|upkeep
|c| Programofuse|I would protect every other tinr
|
|t:|1664830729
|switch|p1a: Dragonite|Dragonite, F|100/100
|turn|17
|c| Programofuse|turn*
|c| Programofuse|to get as much left overs heals as possible
|
|t:|1664830745
|switch|p1a: Tornadus|Tornadus-Therian, M|100/100
|switch|p2a: Rotom|Rotom-Wash|100/100
|
|upkeep
|turn|18
|
|t:|1664830747
|move|p1a: Tornadus|Knock Off|p2a: Rotom
|-damage|p2a: Rotom|81/100
|-enditem|p2a: Rotom|Leftovers|[from] move: Knock Off|[of] p1a: Tornadus
|move|p2a: Rotom|Nasty Plot|p2a: Rotom
|-boost|p2a: Rotom|spa|2
|
|upkeep
|turn|19
|
|t:|1664830754
|move|p1a: Tornadus|Knock Off|p2a: Rotom
|-damage|p2a: Rotom|67/100
|move|p2a: Rotom|Pain Split|p1a: Tornadus
|-sethp|p1a: Tornadus|78/100|[from] move: Pain Split|[silent]
|-sethp|p2a: Rotom|93/100|[from] move: Pain Split
|
|upkeep
|turn|20
|
|t:|1664830756
|move|p1a: Tornadus|Knock Off|p2a: Rotom
|-damage|p2a: Rotom|78/100
|move|p2a: Rotom|Thunderbolt|p1a: Tornadus
|-supereffective|p1a: Tornadus
|-damage|p1a: Tornadus|0 fnt
|faint|p1a: Tornadus
|
|upkeep
|
|t:|1664830757
|switch|p1a: Tapu Fini|Tapu Fini|100/100
|-fieldstart|move: Misty Terrain|[from] ability: Misty Surge|[of] p1a: Tapu Fini
|turn|21
|
|t:|1664830758
|move|p2a: Rotom|Thunderbolt|p1a: Tapu Fini
|-supereffective|p1a: Tapu Fini
|-damage|p1a: Tapu Fini|0 fnt
|faint|p1a: Tapu Fini
|
|upkeep
|
|t:|1664830760
|switch|p1a: Dragonite|Dragonite, F|100/100
|turn|22
|
|t:|1664830762
|move|p1a: Dragonite|Dragon Dance|p1a: Dragonite
|-boost|p1a: Dragonite|atk|1
|-boost|p1a: Dragonite|spe|1
|move|p2a: Rotom|Pain Split|p1a: Dragonite
|-sethp|p1a: Dragonite|87/100|[from] move: Pain Split|[silent]
|-sethp|p2a: Rotom|92/100|[from] move: Pain Split
|
|upkeep
|turn|23
|
|t:|1664830764
|move|p1a: Dragonite|Dragon Dance|p1a: Dragonite
|-boost|p1a: Dragonite|atk|1
|-boost|p1a: Dragonite|spe|1
|move|p2a: Rotom|Thunderbolt|p1a: Dragonite
|-damage|p1a: Dragonite|7/100
|
|upkeep
|turn|24
|
|t:|1664830766
|move|p1a: Dragonite|Roost|p1a: Dragonite
|-heal|p1a: Dragonite|57/100
|-singleturn|p1a: Dragonite|move: Roost
|move|p2a: Rotom|Thunderbolt|p1a: Dragonite
|-resisted|p1a: Dragonite
|-damage|p1a: Dragonite|18/100
|
|upkeep
|turn|25
|
|t:|1664830768
|move|p1a: Dragonite|Roost|p1a: Dragonite
|-heal|p1a: Dragonite|69/100
|-singleturn|p1a: Dragonite|move: Roost
|move|p2a: Rotom|Thunderbolt|p1a: Dragonite
|-resisted|p1a: Dragonite
|-crit|p1a: Dragonite
|-damage|p1a: Dragonite|13/100
|
|-fieldend|Misty Terrain
|upkeep
|turn|26
|
|t:|1664830770
|move|p1a: Dragonite|Roost|p1a: Dragonite
|-heal|p1a: Dragonite|63/100
|-singleturn|p1a: Dragonite|move: Roost
|move|p2a: Rotom|Thunderbolt|p1a: Dragonite
|-resisted|p1a: Dragonite
|-damage|p1a: Dragonite|23/100
|-status|p1a: Dragonite|par
|
|upkeep
|turn|27
|-message|savage14455 forfeited.
|
|win|Guest 5890168
|raw|savage14455's rating: 1468 &rarr; <strong>1451</strong><br />(-17 for losing)
|raw|Guest 5890168's rating: 1527 &rarr; <strong>1544</strong><br />(+17 for winning)
