|j|☆Mamaw31180
|j|☆i b alpha
|t:|1667830761
|gametype|singles
|player|p1|Mamaw31180|lucas|1631
|player|p2|i b alpha|266|1734
|teamsize|p1|6
|teamsize|p2|6
|gen|8
|tier|[Gen 8] OU
|rated|
|rule|Sleep Clause Mod: Limit one foe put to sleep
|rule|Species Clause: Limit one of each Pokémon
|rule|OHKO Clause: OHKO moves are banned
|rule|Evasion Items Clause: Evasion items are banned
|rule|Evasion Moves Clause: Evasion moves are banned
|rule|Endless Battle Clause: Forcing endless battles is banned
|rule|HP Percentage Mod: HP is shown in percentages
|rule|Dynamax Clause: You cannot dynamax
|clearpoke
|poke|p1|Kartana|
|poke|p1|Blacephalon|
|poke|p1|Landorus-Therian, M|
|poke|p1|Slowbro, M|
|poke|p1|Zapdos|
|poke|p1|Tyranitar, F|
|poke|p2|Urshifu-*, M|
|poke|p2|Tapu Lele|
|poke|p2|Toxapex, M|
|poke|p2|Weavile, F|
|poke|p2|Clefable, M|
|poke|p2|Landorus-Therian, M|
|teampreview
|inactive|Battle timer is ON: inactive players will automatically lose when time's up. (requested by Mamaw31180)
|j| RazorForce21
|
|t:|1667830781
|start
|switch|p1a: Slowbro|Slowbro, M|100/100
|switch|p2a: Urshifu|Urshifu-Rapid-Strike, M|100/100
|turn|1
|
|t:|1667830785
|move|p2a: Urshifu|U-turn|p1a: Slowbro
|-supereffective|p1a: Slowbro
|-damage|p1a: Slowbro|74/100
|
|t:|1667830787
|switch|p2a: Tapu Lele|Tapu Lele|100/100|[from]move: U-turn
|-fieldstart|move: Psychic Terrain|[from] ability: Psychic Surge|[of] p2a: Tapu Lele
|move|p1a: Slowbro|Teleport|p1a: Slowbro
|
|t:|1667830791
|switch|p1a: Blacephalon|Blacephalon|100/100|[from]move: Teleport
|
|upkeep
|turn|2
|
|t:|1667830812
|switch|p1a: Slowbro|Slowbro, M|100/100
|switch|p2a: Clefable|Clefable, M|100/100
|
|upkeep
|turn|3
|
|t:|1667830818
|move|p2a: Clefable|Stealth Rock|p1a: Slowbro
|-sidestart|p1: Mamaw31180|move: Stealth Rock
|move|p1a: Slowbro|Teleport|p1a: Slowbro
|
|t:|1667830821
|switch|p1a: Tyranitar|Tyranitar, F|100/100|[from]move: Teleport
|-damage|p1a: Tyranitar|88/100|[from] Stealth Rock
|-weather|Sandstorm|[from] ability: Sand Stream|[of] p1a: Tyranitar
|
|-weather|Sandstorm|[upkeep]
|upkeep
|turn|4
|
|t:|1667830831
|switch|p2a: Urshifu|Urshifu-Rapid-Strike, M|100/100
|move|p1a: Tyranitar|Stone Edge|p2a: Urshifu
|-resisted|p2a: Urshifu
|-crit|p2a: Urshifu
|-damage|p2a: Urshifu|31/100
|
|-weather|Sandstorm|[upkeep]
|-damage|p2a: Urshifu|25/100|[from] Sandstorm
|upkeep
|turn|5
|
|t:|1667830838
|switch|p1a: Slowbro|Slowbro, M|100/100
|-damage|p1a: Slowbro|88/100|[from] Stealth Rock
|move|p2a: Urshifu|U-turn|p1a: Slowbro
|-supereffective|p1a: Slowbro
|-damage|p1a: Slowbro|59/100
|
|t:|1667830840
|switch|p2a: Clefable|Clefable, M|100/100|[from]move: U-turn
|
|-weather|Sandstorm|[upkeep]
|-damage|p1a: Slowbro|53/100|[from] Sandstorm
|-fieldend|move: Psychic Terrain
|upkeep
|turn|6
|
|t:|1667830845
|move|p2a: Clefable|Moonblast|p1a: Slowbro
|-damage|p1a: Slowbro|22/100
|move|p1a: Slowbro|Teleport|p1a: Slowbro
|
|t:|1667830849
|switch|p1a: Tyranitar|Tyranitar, F|88/100|[from]move: Teleport
|-damage|p1a: Tyranitar|76/100|[from] Stealth Rock
|
|-weather|Sandstorm|[upkeep]
|upkeep
|turn|7
|
|t:|1667830854
|switch|p2a: Toxapex|Toxapex, M|100/100
|move|p1a: Tyranitar|Heavy Slam|p2a: Toxapex
|-resisted|p2a: Toxapex
|-damage|p2a: Toxapex|80/100
|-enditem|p2a: Toxapex|Eject Button
|
|t:|1667830861
|switch|p2a: Tapu Lele|Tapu Lele|100/100
|-fieldstart|move: Psychic Terrain|[from] ability: Psychic Surge|[of] p2a: Tapu Lele
|
|-weather|none
|upkeep
|turn|8
|
|t:|1667830870
|switch|p1a: Zapdos|Zapdos|100/100
|move|p2a: Tapu Lele|Moonblast|p1a: Zapdos
|-damage|p1a: Zapdos|25/100
|-unboost|p1a: Zapdos|spa|1
|
|upkeep
|turn|9
|
|t:|1667830883
|move|p2a: Tapu Lele|Moonblast|p1a: Zapdos
|-damage|p1a: Zapdos|0 fnt
|faint|p1a: Zapdos
|
|upkeep
|
|t:|1667830885
|switch|p1a: Blacephalon|Blacephalon|100/100
|-damage|p1a: Blacephalon|76/100|[from] Stealth Rock
|turn|10
|
|t:|1667830888
|switch|p2a: Clefable|Clefable, M|100/100
|move|p1a: Blacephalon|Overheat|p2a: Clefable
|-damage|p2a: Clefable|18/100
|-unboost|p1a: Blacephalon|spa|2
|
|-heal|p2a: Clefable|24/100|[from] item: Leftovers
|upkeep
|turn|11
|
|t:|1667830896
|switch|p2a: Toxapex|Toxapex, M|100/100
|move|p1a: Blacephalon|Overheat|p2a: Toxapex|[miss]
|-miss|p1a: Blacephalon|p2a: Toxapex
|
|-fieldend|move: Psychic Terrain
|upkeep
|turn|12
|
|t:|1667830904
|switch|p1a: Landorus|Landorus-Therian, M|100/100
|-damage|p1a: Landorus|88/100|[from] Stealth Rock
|-ability|p1a: Landorus|Intimidate|boost
|-unboost|p2a: Toxapex|atk|1
|switch|p2a: Tapu Lele|Tapu Lele|100/100
|-fieldstart|move: Psychic Terrain|[from] ability: Psychic Surge|[of] p2a: Tapu Lele
|
|-heal|p1a: Landorus|94/100|[from] item: Leftovers
|upkeep
|turn|13
|
|t:|1667830910
|move|p2a: Tapu Lele|Moonblast|p1a: Landorus
|-damage|p1a: Landorus|27/100
|-unboost|p1a: Landorus|spa|1
|move|p1a: Landorus|Stealth Rock|p2a: Tapu Lele
|-sidestart|p2: i b alpha|move: Stealth Rock
|
|-heal|p1a: Landorus|33/100|[from] item: Leftovers
|upkeep
|turn|14
|
|t:|1667830912
|move|p2a: Tapu Lele|Moonblast|p1a: Landorus
|-damage|p1a: Landorus|0 fnt
|faint|p1a: Landorus
|
|upkeep
|
|t:|1667830915
|switch|p1a: Blacephalon|Blacephalon|76/100
|-damage|p1a: Blacephalon|51/100|[from] Stealth Rock
|turn|15
|
|t:|1667830919
|switch|p2a: Clefable|Clefable, M|24/100
|move|p1a: Blacephalon|Shadow Ball|p2a: Clefable
|-damage|p2a: Clefable|0 fnt
|faint|p2a: Clefable
|-ability|p1a: Blacephalon|Beast Boost|boost
|-boost|p1a: Blacephalon|spa|1
|
|upkeep
|
|t:|1667830924
|switch|p2a: Weavile|Weavile, F|100/100
|-ability|p2a: Weavile|Pressure
|turn|16
|
|t:|1667830928
|switch|p1a: Tyranitar|Tyranitar, F|76/100
|-damage|p1a: Tyranitar|64/100|[from] Stealth Rock
|-weather|Sandstorm|[from] ability: Sand Stream|[of] p1a: Tyranitar
|move|p2a: Weavile|Knock Off|p1a: Tyranitar
|-resisted|p1a: Tyranitar
|-damage|p1a: Tyranitar|42/100
|-enditem|p1a: Tyranitar|Choice Band|[from] move: Knock Off|[of] p2a: Weavile
|
|-weather|Sandstorm|[upkeep]
|-damage|p2a: Weavile|94/100|[from] Sandstorm
|-fieldend|move: Psychic Terrain
|upkeep
|turn|17
|inactive|i b alpha has 120 seconds left.
|
|t:|1667830960
|move|p2a: Weavile|Triple Axel|p1a: Tyranitar
|-damage|p1a: Tyranitar|32/100
|-damage|p1a: Tyranitar|12/100
|-damage|p1a: Tyranitar|0 fnt
|faint|p1a: Tyranitar
|-hitcount|p1: Tyranitar|3
|
|-weather|Sandstorm|[upkeep]
|-damage|p2a: Weavile|88/100|[from] Sandstorm
|upkeep
|
|t:|1667830967
|switch|p1a: Kartana|Kartana|100/100
|-damage|p1a: Kartana|94/100|[from] Stealth Rock
|turn|18
|
|t:|1667830974
|switch|p2a: Toxapex|Toxapex, M|100/100
|-damage|p2a: Toxapex|88/100|[from] Stealth Rock
|move|p1a: Kartana|Leaf Blade|p2a: Toxapex
|-damage|p2a: Toxapex|53/100
|
|-weather|Sandstorm|[upkeep]
|-damage|p2a: Toxapex|47/100|[from] Sandstorm
|upkeep
|turn|19
|
|t:|1667830984
|switch|p1a: Blacephalon|Blacephalon|51/100
|-damage|p1a: Blacephalon|26/100|[from] Stealth Rock
|move|p2a: Toxapex|Recover|p2a: Toxapex
|-heal|p2a: Toxapex|98/100
|
|-weather|Sandstorm|[upkeep]
|-damage|p1a: Blacephalon|20/100|[from] Sandstorm
|-damage|p2a: Toxapex|92/100|[from] Sandstorm
|upkeep
|turn|20
|
|t:|1667830996
|switch|p2a: Tapu Lele|Tapu Lele|100/100
|-damage|p2a: Tapu Lele|88/100|[from] Stealth Rock
|-fieldstart|move: Psychic Terrain|[from] ability: Psychic Surge|[of] p2a: Tapu Lele
|move|p1a: Blacephalon|Shadow Ball|p2a: Tapu Lele
|-supereffective|p2a: Tapu Lele
|-damage|p2a: Tapu Lele|0 fnt
|faint|p2a: Tapu Lele
|-ability|p1a: Blacephalon|Beast Boost|boost
|-boost|p1a: Blacephalon|spa|1
|
|-weather|none
|upkeep
|
|t:|1667831003
|switch|p2a: Weavile|Weavile, F|88/100
|-ability|p2a: Weavile|Pressure
|turn|21
|
|t:|1667831007
|move|p2a: Weavile|Knock Off|p1a: Blacephalon
|-supereffective|p1a: Blacephalon
|-damage|p1a: Blacephalon|0 fnt
|-enditem|p1a: Blacephalon|Choice Specs|[from] move: Knock Off|[of] p2a: Weavile
|faint|p1a: Blacephalon
|
|upkeep
|
|t:|1667831009
|switch|p1a: Kartana|Kartana|94/100
|-damage|p1a: Kartana|88/100|[from] Stealth Rock
|turn|22
|l| RazorForce21
|
|t:|1667831013
|switch|p2a: Toxapex|Toxapex, M|100/100
|-damage|p2a: Toxapex|88/100|[from] Stealth Rock
|move|p1a: Kartana|Leaf Blade|p2a: Toxapex
|-damage|p2a: Toxapex|49/100
|
|upkeep
|turn|23
|
|t:|1667831018
|move|p1a: Kartana|Leaf Blade|p2a: Toxapex
|-damage|p2a: Toxapex|10/100
|move|p2a: Toxapex|Recover|p2a: Toxapex
|-heal|p2a: Toxapex|60/100
|
|upkeep
|turn|24
|
|t:|1667831020
|move|p1a: Kartana|Leaf Blade|p2a: Toxapex
|-damage|p2a: Toxapex|22/100
|move|p2a: Toxapex|Recover|p2a: Toxapex
|-heal|p2a: Toxapex|72/100
|
|-fieldend|move: Psychic Terrain
|upkeep
|turn|25
|
|t:|1667831022
|move|p1a: Kartana|Leaf Blade|p2a: Toxapex
|-damage|p2a: Toxapex|39/100
|move|p2a: Toxapex|Recover|p2a: Toxapex
|-heal|p2a: Toxapex|89/100
|
|upkeep
|turn|26
|
|t:|1667831025
|move|p1a: Kartana|Leaf Blade|p2a: Toxapex
|-damage|p2a: Toxapex|52/100
|move|p2a: Toxapex|Knock Off|p1a: Kartana
|-damage|p1a: Kartana|73/100
|-enditem|p1a: Kartana|Choice Scarf|[from] move: Knock Off|[of] p2a: Toxapex
|
|upkeep
|turn|27
|
|t:|1667831027
|move|p1a: Kartana|Leaf Blade|p2a: Toxapex
|-damage|p2a: Toxapex|17/100
|move|p2a: Toxapex|Recover|p2a: Toxapex
|-heal|p2a: Toxapex|67/100
|
|upkeep
|turn|28
|
|t:|1667831030
|move|p1a: Kartana|Leaf Blade|p2a: Toxapex
|-damage|p2a: Toxapex|31/100
|move|p2a: Toxapex|Recover|p2a: Toxapex
|-heal|p2a: Toxapex|81/100
|
|upkeep
|turn|29
|
|t:|1667831032
|move|p1a: Kartana|Leaf Blade|p2a: Toxapex
|-damage|p2a: Toxapex|46/100
|move|p2a: Toxapex|Recover|p2a: Toxapex
|-heal|p2a: Toxapex|96/100
|
|upkeep
|turn|30
|
|t:|1667831037
|move|p1a: Kartana|Leaf Blade|p2a: Toxapex
|-damage|p2a: Toxapex|56/100
|move|p2a: Toxapex|Knock Off|p1a: Kartana
|-damage|p1a: Kartana|62/100
|
|upkeep
|turn|31
|
|t:|1667831039
|move|p1a: Kartana|Leaf Blade|p2a: Toxapex
|-damage|p2a: Toxapex|19/100
|move|p2a: Toxapex|Recover|p2a: Toxapex
|-heal|p2a: Toxapex|69/100
|
|upkeep
|turn|32
|
|t:|1667831041
|move|p1a: Kartana|Leaf Blade|p2a: Toxapex
|-damage|p2a: Toxapex|35/100
|move|p2a: Toxapex|Recover|p2a: Toxapex
|-heal|p2a: Toxapex|85/100
|
|upkeep
|turn|33
|
|t:|1667831045
|move|p1a: Kartana|Leaf Blade|p2a: Toxapex
|-damage|p2a: Toxapex|50/100
|move|p2a: Toxapex|Recover|p2a: Toxapex
|-heal|p2a: Toxapex|99/100
|
|upkeep
|turn|34
|
|t:|1667831048
|move|p1a: Kartana|Leaf Blade|p2a: Toxapex
|-crit|p2a: Toxapex
|-damage|p2a: Toxapex|42/100
|move|p2a: Toxapex|Knock Off|p1a: Kartana
|-damage|p1a: Kartana|51/100
|
|upkeep
|turn|35
|
|t:|1667831050
|move|p1a: Kartana|Leaf Blade|p2a: Toxapex
|-damage|p2a: Toxapex|8/100
|move|p2a: Toxapex|Recover|p2a: Toxapex
|-heal|p2a: Toxapex|58/100
|
|upkeep
|turn|36
|
|t:|1667831053
|move|p1a: Kartana|Leaf Blade|p2a: Toxapex
|-crit|p2a: Toxapex
|-damage|p2a: Toxapex|1/100
|move|p2a: Toxapex|Recover|p2a: Toxapex
|-heal|p2a: Toxapex|52/100
|
|upkeep
|turn|37
|
|t:|1667831057
|move|p1a: Kartana|Leaf Blade|p2a: Toxapex
|-damage|p2a: Toxapex|18/100
|move|p2a: Toxapex|Recover|p2a: Toxapex
|-heal|p2a: Toxapex|68/100
|
|upkeep
|turn|38
|
|t:|1667831063
|move|p1a: Kartana|Leaf Blade|p2a: Toxapex
|-crit|p2a: Toxapex
|-damage|p2a: Toxapex|11/100
|move|p2a: Toxapex|Recover|p2a: Toxapex
|-heal|p2a: Toxapex|61/100
|
|upkeep
|turn|39
|
|t:|1667831065
|move|p1a: Kartana|Leaf Blade|p2a: Toxapex
|-damage|p2a: Toxapex|22/100
|move|p2a: Toxapex|Recover|p2a: Toxapex
|-heal|p2a: Toxapex|72/100
|
|upkeep
|turn|40
|
|t:|1667831068
|move|p1a: Kartana|Leaf Blade|p2a: Toxapex
|-damage|p2a: Toxapex|37/100
|move|p2a: Toxapex|Recover|p2a: Toxapex
|-heal|p2a: Toxapex|87/100
|
|upkeep
|turn|41
|
|t:|1667831069
|move|p1a: Kartana|Leaf Blade|p2a: Toxapex
|-crit|p2a: Toxapex
|-damage|p2a: Toxapex|29/100
|move|p2a: Toxapex|Knock Off|p1a: Kartana
|-damage|p1a: Kartana|39/100
|
|upkeep
|turn|42
|
|t:|1667831072
|move|p1a: Kartana|Leaf Blade|p2a: Toxapex
|-damage|p2a: Toxapex|0 fnt
|faint|p2a: Toxapex
|-ability|p1a: Kartana|Beast Boost|boost
|-boost|p1a: Kartana|atk|1
|
|upkeep
|
|t:|1667831090
|switch|p2a: Landorus|Landorus-Therian, M|100/100
|-damage|p2a: Landorus|88/100|[from] Stealth Rock
|-ability|p2a: Landorus|Intimidate|boost
|-unboost|p1a: Kartana|atk|1
|turn|43
|
|t:|1667831093
|move|p1a: Kartana|Leaf Blade|p2a: Landorus
|-damage|p2a: Landorus|17/100
|move|p2a: Landorus|Earthquake|p1a: Kartana
|-damage|p1a: Kartana|0 fnt
|faint|p1a: Kartana
|
|upkeep
|
|t:|1667831098
|switch|p1a: Slowbro|Slowbro, M|55/100
|-damage|p1a: Slowbro|42/100|[from] Stealth Rock
|turn|44
|
|t:|1667831100
|move|p2a: Landorus|Earthquake|p1a: Slowbro
|-damage|p1a: Slowbro|1/100
|move|p1a: Slowbro|Slack Off|p1a: Slowbro
|-heal|p1a: Slowbro|51/100
|
|upkeep
|turn|45
|
|t:|1667831103
|move|p2a: Landorus|Earthquake|p1a: Slowbro
|-damage|p1a: Slowbro|7/100
|move|p1a: Slowbro|Slack Off|p1a: Slowbro
|-heal|p1a: Slowbro|57/100
|
|upkeep
|turn|46
|
|t:|1667831106
|move|p2a: Landorus|Swords Dance|p2a: Landorus
|-boost|p2a: Landorus|atk|2
|move|p1a: Slowbro|Slack Off|p1a: Slowbro
|-heal|p1a: Slowbro|100/100
|
|upkeep
|turn|47
|
|t:|1667831109
|move|p2a: Landorus|Earthquake|p1a: Slowbro
|-damage|p1a: Slowbro|16/100
|move|p1a: Slowbro|Ice Beam|p2a: Landorus
|-supereffective|p2a: Landorus
|-damage|p2a: Landorus|0 fnt
|faint|p2a: Landorus
|
|upkeep
|
|t:|1667831112
|switch|p2a: Weavile|Weavile, F|88/100
|-ability|p2a: Weavile|Pressure
|turn|48
|
|t:|1667831115
|move|p2a: Weavile|Knock Off|p1a: Slowbro
|-supereffective|p1a: Slowbro
|-enditem|p1a: Slowbro|Colbur Berry|[eat]
|-enditem|p1a: Slowbro|Colbur Berry|[weaken]
|-damage|p1a: Slowbro|0 fnt
|faint|p1a: Slowbro
|
|win|i b alpha
|raw|Mamaw31180's rating: 1631 &rarr; <strong>1617</strong><br />(-14 for losing)
|raw|i b alpha's rating: 1734 &rarr; <strong>1748</strong><br />(+14 for winning)
|l|☆Mamaw31180
