|j|☆Sp0oNl0rD
|j|☆HUTO PAMILTON
|inactive|Battle timer is ON: inactive players will automatically lose when time's up.
|t:|1648844987
|gametype|singles
|player|p1|Sp0oNl0rD|teamrocket|
|player|p2|HUTO PAMILTON|barry|
|teamsize|p1|6
|teamsize|p2|6
|gen|8
|tier|[Gen 8] OU
|rated|Tournament battle
|rule|Sleep Clause Mod: Limit one foe put to sleep
|rule|Species Clause: Limit one of each Pokémon
|rule|OHKO Clause: OHKO moves are banned
|rule|Evasion Moves Clause: Evasion moves are banned
|rule|Endless Battle Clause: Forcing endless battles is banned
|rule|HP Percentage Mod: HP is shown in percentages
|rule|Dynamax Clause: You cannot dynamax
|clearpoke
|poke|p1|Thundurus, M|
|poke|p1|Garchomp, F|
|poke|p1|Melmetal|
|poke|p1|Mew|
|poke|p1|Dragapult, F|
|poke|p1|Kartana|
|poke|p2|Magnezone|
|poke|p2|Tapu Bulu|
|poke|p2|Kartana|
|poke|p2|Kommo-o, F|
|poke|p2|Talonflame, M|
|poke|p2|Zeraora|
|teampreview
|inactive|Sp0oNl0rD also wants the timer to be on.
|j| TheSergio235
|j| prof darkness
|j| De5tr0yr
|j|@iron☂water ♫
|
|t:|1648844995
|start
|switch|p1a: Bingus|Mew|100/100
|switch|p2a: Talonflame|Talonflame, M|100/100
|turn|1
|c| TheSergio235|ayo bro
|
|t:|1648844997
|move|p2a: Talonflame|Taunt|p1a: Bingus
|-start|p1a: Bingus|move: Taunt
|cant|p1a: Bingus|move: Taunt|Thunder Wave
|
|upkeep
|turn|2
|c| TheSergio235|the heat team coming in
|j| Ninetales Dragons
|c| TheSergio235|gl in the tour
|j| SHARKB1TE
|
|t:|1648845022
|switch|p2a: Kommo-o|Kommo-o, F|100/100
|switch|p1a: Judgement|Thundurus, M, shiny|100/100
|
|upkeep
|turn|3
|l| SHARKB1TE
|
|t:|1648845030
|switch|p2a: Zeraora|Zeraora|100/100
|move|p1a: Judgement|Thunder Wave|p2a: Zeraora
|-immune|p2a: Zeraora|[from] ability: Volt Absorb
|
|upkeep
|turn|4
|
|t:|1648845035
|switch|p1a: Reaper|Garchomp, F|100/100
|move|p2a: Zeraora|Bulk Up|p2a: Zeraora
|-boost|p2a: Zeraora|atk|1
|-boost|p2a: Zeraora|def|1
|
|upkeep
|turn|5
|
|t:|1648845040
|switch|p2a: Tapu Bulu|Tapu Bulu|100/100
|-fieldstart|move: Grassy Terrain|[from] ability: Grassy Surge|[of] p2a: Tapu Bulu
|move|p1a: Reaper|Scale Shot|p2a: Tapu Bulu
|-immune|p2a: Tapu Bulu
|
|upkeep
|turn|6
|
|t:|1648845043
|switch|p1a: Bingus|Mew|100/100
|move|p2a: Tapu Bulu|Wood Hammer|p1a: Bingus
|-damage|p1a: Bingus|0 fnt
|faint|p1a: Bingus
|-damage|p2a: Tapu Bulu|53/100|[from] Recoil
|
|-heal|p2a: Tapu Bulu|59/100|[from] Grassy Terrain
|upkeep
|
|t:|1648845046
|switch|p1a: Light Brand|Kartana, shiny|100/100
|turn|7
|
|t:|1648845050
|switch|p2a: Kommo-o|Kommo-o, F|100/100
|move|p1a: Light Brand|Swords Dance|p1a: Light Brand
|-boost|p1a: Light Brand|atk|2
|
|upkeep
|turn|8
|
|t:|1648845062
|move|p1a: Light Brand|Knock Off|p2a: Kommo-o
|-resisted|p2a: Kommo-o
|-damage|p2a: Kommo-o|81/100
|-enditem|p2a: Kommo-o|Leftovers|[from] move: Knock Off|[of] p1a: Light Brand
|move|p2a: Kommo-o|Flamethrower|p1a: Light Brand
|-supereffective|p1a: Light Brand
|-damage|p1a: Light Brand|0 fnt
|faint|p1a: Light Brand
|
|-heal|p2a: Kommo-o|87/100|[from] Grassy Terrain
|upkeep
|j| tesla roadster
|j| Pummel D Luffy
|j| Boyca
|
|t:|1648845069
|switch|p1a: Bazelgeuse|Dragapult, F|100/100
|turn|9
|
|t:|1648845071
|move|p1a: Bazelgeuse|Dragon Dance|p1a: Bazelgeuse
|-boost|p1a: Bazelgeuse|atk|1
|-boost|p1a: Bazelgeuse|spe|1
|move|p2a: Kommo-o|Toxic|p1a: Bazelgeuse
|-status|p1a: Bazelgeuse|tox
|
|-heal|p2a: Kommo-o|93/100|[from] Grassy Terrain
|-damage|p1a: Bazelgeuse|95/100 tox|[from] psn
|-fieldend|move: Grassy Terrain
|upkeep
|turn|10
|
|t:|1648845075
|switch|p2a: Tapu Bulu|Tapu Bulu|59/100
|-fieldstart|move: Grassy Terrain|[from] ability: Grassy Surge|[of] p2a: Tapu Bulu
|move|p1a: Bazelgeuse|Dragon Darts|p2a: Tapu Bulu
|-immune|p2a: Tapu Bulu
|
|-heal|p1a: Bazelgeuse|100/100 tox|[from] Grassy Terrain
|-heal|p2a: Tapu Bulu|65/100|[from] Grassy Terrain
|-damage|p1a: Bazelgeuse|89/100 tox|[from] psn
|upkeep
|turn|11
|
|t:|1648845079
|switch|p2a: Kommo-o|Kommo-o, F|93/100
|move|p1a: Bazelgeuse|Fire Blast|p2a: Kommo-o
|-resisted|p2a: Kommo-o
|-damage|p2a: Kommo-o|77/100
|-damage|p1a: Bazelgeuse|79/100 tox|[from] item: Life Orb
|
|-heal|p1a: Bazelgeuse|85/100 tox|[from] Grassy Terrain
|-heal|p2a: Kommo-o|83/100|[from] Grassy Terrain
|-damage|p1a: Bazelgeuse|67/100 tox|[from] psn
|upkeep
|turn|12
|
|t:|1648845084
|switch|p2a: Tapu Bulu|Tapu Bulu|65/100
|move|p1a: Bazelgeuse|Dragon Darts|p2a: Tapu Bulu
|-immune|p2a: Tapu Bulu
|
|-heal|p1a: Bazelgeuse|73/100 tox|[from] Grassy Terrain
|-heal|p2a: Tapu Bulu|71/100|[from] Grassy Terrain
|-damage|p1a: Bazelgeuse|49/100 tox|[from] psn
|upkeep
|turn|13
|c| tesla roadster|what is this godsquad
|l| Boyca
|c| tesla roadster|talonflame
|j| Octosquid420
|inactive|HUTO PAMILTON has 120 seconds left.
|
|t:|1648845116
|switch|p2a: Magnezone|Magnezone|100/100
|move|p1a: Bazelgeuse|Fire Blast|p2a: Magnezone
|-supereffective|p2a: Magnezone
|-damage|p2a: Magnezone|56/100
|-damage|p1a: Bazelgeuse|39/100 tox|[from] item: Life Orb
|
|-heal|p1a: Bazelgeuse|45/100 tox|[from] Grassy Terrain
|-heal|p2a: Magnezone|62/100|[from] Grassy Terrain
|-damage|p1a: Bazelgeuse|15/100 tox|[from] psn
|upkeep
|turn|14
|
|t:|1648845126
|move|p1a: Bazelgeuse|Dragon Darts|p2a: Magnezone
|-resisted|p2a: Magnezone
|-damage|p2a: Magnezone|39/100
|-anim|p1a: Bazelgeuse|Dragon Darts|p2a: Magnezone
|-resisted|p2a: Magnezone
|-damage|p2a: Magnezone|18/100
|-damage|p1a: Bazelgeuse|5/100 tox|[from] item: Life Orb
|move|p2a: Magnezone|Volt Switch|p1a: Bazelgeuse
|-resisted|p1a: Bazelgeuse
|-damage|p1a: Bazelgeuse|0 fnt
|faint|p1a: Bazelgeuse
|l| Octosquid420
|inactive|HUTO PAMILTON has 120 seconds left.
|
|t:|1648845146
|switch|p2a: Talonflame|Talonflame, M|100/100|[from]move: Volt Switch
|
|-fieldend|move: Grassy Terrain
|upkeep
|j| Octosquid420
|j| Amigento1958
|
|t:|1648845150
|switch|p1a: Judgement|Thundurus, M, shiny|100/100
|turn|15
|j| A.V.Testing
|
|t:|1648845152
|switch|p2a: Zeraora|Zeraora|100/100
|move|p1a: Judgement|Taunt|p2a: Zeraora
|-start|p2a: Zeraora|move: Taunt
|
|upkeep
|turn|16
|
|t:|1648845155
|move|p2a: Zeraora|Knock Off|p1a: Judgement
|-damage|p1a: Judgement|52/100
|-enditem|p1a: Judgement|Life Orb|[from] move: Knock Off|[of] p2a: Zeraora
|move|p1a: Judgement|Grass Knot|p2a: Zeraora
|-damage|p2a: Zeraora|76/100
|
|upkeep
|turn|17
|l| Octosquid420
|
|t:|1648845163
|move|p2a: Zeraora|Plasma Fists|p1a: Judgement
|-damage|p1a: Judgement|0 fnt
|-fieldactivate|move: Ion Deluge
|-hint|Normal-type moves become Electric-type after using Plasma Fists.
|faint|p1a: Judgement
|
|-end|p2a: Zeraora|move: Taunt
|upkeep
|
|t:|1648845165
|switch|p1a: Reaper|Garchomp, F|100/100
|turn|18
|
|t:|1648845168
|switch|p2a: Tapu Bulu|Tapu Bulu|71/100
|-fieldstart|move: Grassy Terrain|[from] ability: Grassy Surge|[of] p2a: Tapu Bulu
|move|p1a: Reaper|Swords Dance|p1a: Reaper
|-boost|p1a: Reaper|atk|2
|
|-heal|p2a: Tapu Bulu|77/100|[from] Grassy Terrain
|upkeep
|turn|19
|
|t:|1648845178
|switch|p2a: Talonflame|Talonflame, M|100/100
|move|p1a: Reaper|Fire Fang|p2a: Talonflame
|-resisted|p2a: Talonflame
|-damage|p2a: Talonflame|71/100
|
|upkeep
|turn|20
|
|t:|1648845184
|switch|p2a: Tapu Bulu|Tapu Bulu|77/100
|move|p1a: Reaper|Scale Shot|p2a: Tapu Bulu
|-immune|p2a: Tapu Bulu
|
|-heal|p2a: Tapu Bulu|83/100|[from] Grassy Terrain
|upkeep
|turn|21
|
|t:|1648845186
|switch|p2a: Talonflame|Talonflame, M|71/100
|move|p1a: Reaper|Fire Fang|p2a: Talonflame
|-resisted|p2a: Talonflame
|-damage|p2a: Talonflame|43/100
|
|upkeep
|turn|22
|l| TheSergio235
|inactive|HUTO PAMILTON has 120 seconds left.
|
|t:|1648845216
|switch|p2a: Tapu Bulu|Tapu Bulu|83/100
|move|p1a: Reaper|Scale Shot|p2a: Tapu Bulu
|-immune|p2a: Tapu Bulu
|
|-heal|p2a: Tapu Bulu|89/100|[from] Grassy Terrain
|-fieldend|move: Grassy Terrain
|upkeep
|turn|23
|j| IIIodyne
|
|t:|1648845223
|move|p1a: Reaper|Fire Fang|p2a: Tapu Bulu
|-supereffective|p2a: Tapu Bulu
|-damage|p2a: Tapu Bulu|0 fnt
|faint|p2a: Tapu Bulu
|
|upkeep
|inactive|HUTO PAMILTON has 120 seconds left.
|j| BlizzardNinja9
|
|t:|1648845241
|switch|p2a: Kartana|Kartana|100/100
|turn|24
|inactive|HUTO PAMILTON has 120 seconds left.
|
|t:|1648845246
|move|p2a: Kartana|Leaf Blade|p1a: Reaper
|-crit|p1a: Reaper
|-damage|p1a: Reaper|9/100
|-damage|p2a: Kartana|88/100|[from] ability: Rough Skin|[of] p1a: Reaper
|move|p1a: Reaper|Fire Fang|p2a: Kartana
|-supereffective|p2a: Kartana
|-damage|p2a: Kartana|0 fnt
|faint|p2a: Kartana
|
|upkeep
|
|t:|1648845250
|switch|p2a: Zeraora|Zeraora|76/100
|turn|25
|
|t:|1648845255
|move|p2a: Zeraora|Knock Off|p1a: Reaper
|-damage|p1a: Reaper|0 fnt
|-damage|p2a: Zeraora|64/100|[from] ability: Rough Skin|[of] p1a: Reaper
|-enditem|p1a: Reaper|Yache Berry|[from] move: Knock Off|[of] p2a: Zeraora
|faint|p1a: Reaper
|
|upkeep
|
|t:|1648845256
|switch|p1a: Melly|Melmetal|100/100
|turn|26
|
|t:|1648845260
|move|p2a: Zeraora|Close Combat|p1a: Melly
|-supereffective|p1a: Melly
|-damage|p1a: Melly|56/100
|-unboost|p2a: Zeraora|def|1
|-unboost|p2a: Zeraora|spd|1
|move|p1a: Melly|Earthquake|p2a: Zeraora
|-supereffective|p2a: Zeraora
|-damage|p2a: Zeraora|0 fnt
|faint|p2a: Zeraora
|
|upkeep
|
|t:|1648845263
|switch|p2a: Kommo-o|Kommo-o, F|83/100
|turn|27
|
|t:|1648845264
|move|p2a: Kommo-o|Body Press|p1a: Melly
|-supereffective|p1a: Melly
|-damage|p1a: Melly|3/100
|move|p1a: Melly|Double Iron Bash|p2a: Kommo-o
|-damage|p2a: Kommo-o|53/100
|-damage|p2a: Kommo-o|27/100
|-hitcount|p2a: Kommo-o|2
|
|upkeep
|turn|28
|-message|Sp0oNl0rD forfeited.
|
|win|HUTO PAMILTON
|n|☆Sp0oNl0rD|sp0onl0rd
|n|☆HUTO PAMILTON|hutopamilton
|n| prof darkness|profdarkness
|n| De5tr0yr|de5tr0yr
|n|%iron☂water ♫|ironwater
|n| Ninetales Dragons|ninetalesdragons
|n| tesla roadster|teslaroadster
|n| Pummel D Luffy|pummeldluffy
|n| Amigento1958|amigento1958
|n| A.V.Testing|avtesting
|n| IIIodyne|iiiodyne
|n| BlizzardNinja9|blizzardninja9
|l|☆Sp0oNl0rD
|c|☆HUTO PAMILTON|gg king
|l| BlizzardNinja9
|l|☆HUTO PAMILTON
|l| De5tr0yr
|l| prof darkness
|l| Amigento1958
|l| Ninetales Dragons
|j|☆HUTO PAMILTON
|player|p2|HUTO PAMILTON|barry
|l| Pummel D Luffy
|l|%iron☂water ♫
|l|☆HUTO PAMILTON
|player|p2|
|l| A.V.Testing
|l| tesla roadster
|n| IIIodyne@!|iiiodyne
|n| IIIodyne|iiiodyne
