|j|☆FuriousJulian
|j|☆Commando 55
|t:|1599738755
|player|p1|FuriousJulian|burglar|1805
|player|p2|Commando 55|iris-gen5bw2|1769
|teamsize|p1|6
|teamsize|p2|6
|gametype|singles
|gen|8
|tier|[Gen 8] OU
|rated|
|clearpoke
|poke|p1|Dragapult, M|
|poke|p1|Scizor, F|
|poke|p1|Togekiss, F|
|poke|p1|Hippowdon, F|
|poke|p1|Darmanitan, M|
|poke|p1|Rotom-Wash|
|poke|p2|Pelipper, M|
|poke|p2|Keldeo-Resolute|
|poke|p2|Ferrothorn, F|
|poke|p2|Zeraora|
|poke|p2|Rhyperior, F|
|poke|p2|Clefable, M|
|rule|Sleep Clause Mod: Limit one foe put to sleep
|rule|Species Clause: Limit one of each Pokémon
|rule|OHKO Clause: OHKO moves are banned
|rule|Evasion Moves Clause: Evasion moves are banned
|rule|Endless Battle Clause: Forcing endless battles is banned
|rule|HP Percentage Mod: HP is shown in percentages
|rule|Dynamax Clause: You cannot dynamax
|teampreview
|inactive|Battle timer is ON: inactive players will automatically lose when time's up. (requested by FuriousJulian)
|j| XcessiveSmash
|
|t:|1599738786
|start
|switch|p1a: Cleaner Cronk|Rotom-Wash|100/100
|switch|p2a: Ferrothorn|Ferrothorn, F|100/100
|turn|1
|
|t:|1599738793
|move|p1a: Cleaner Cronk|Volt Switch|p2a: Ferrothorn
|-resisted|p2a: Ferrothorn
|-damage|p2a: Ferrothorn|91/100
|inactive|FuriousJulian has 120 seconds left.
|
|t:|1599738831
|switch|p1a: Justiceforchickens|Togekiss, F|100/100|[from]move: Volt Switch
|move|p2a: Ferrothorn|Power Whip|p1a: Justiceforchickens|[miss]
|-miss|p2a: Ferrothorn|p1a: Justiceforchickens
|
|-heal|p2a: Ferrothorn|97/100|[from] item: Leftovers
|upkeep
|turn|2
|inactive|FuriousJulian has 120 seconds left.
|
|t:|1599738852
|switch|p1a: Clamps|Scizor, F|100/100
|switch|p2a: Rhyperior|Rhyperior, F|100/100
|
|upkeep
|turn|3
|
|t:|1599738862
|switch|p2a: Pelipper|Pelipper, M|100/100
|-weather|RainDance|[from] ability: Drizzle|[of] p2a: Pelipper
|move|p1a: Clamps|U-turn|p2a: Pelipper
|-resisted|p2a: Pelipper
|-damage|p2a: Pelipper|77/100
|
|t:|1599738882
|switch|p1a: Justiceforchickens|Togekiss, F|100/100|[from]move: U-turn
|
|-weather|RainDance|[upkeep]
|upkeep
|turn|4
|
|t:|1599738886
|switch|p2a: Rhyperior|Rhyperior, F|100/100
|move|p1a: Justiceforchickens|Air Slash|p2a: Rhyperior
|-resisted|p2a: Rhyperior
|-damage|p2a: Rhyperior|83/100
|
|-weather|RainDance|[upkeep]
|-heal|p2a: Rhyperior|89/100|[from] item: Leftovers
|upkeep
|turn|5
|
|t:|1599738896
|switch|p1a: Gaara|Hippowdon, F|100/100
|-weather|Sandstorm|[from] ability: Sand Stream|[of] p1a: Gaara
|switch|p2a: Keldeo|Keldeo-Resolute|100/100
|
|-weather|Sandstorm|[upkeep]
|-damage|p2a: Keldeo|94/100|[from] Sandstorm
|upkeep
|turn|6
|inactive|FuriousJulian has 120 seconds left.
|
|t:|1599738915
|switch|p1a: TALENT|Dragapult, M, shiny|100/100
|move|p2a: Keldeo|Scald|p1a: TALENT
|-resisted|p1a: TALENT
|-damage|p1a: TALENT|57/100
|
|-weather|Sandstorm|[upkeep]
|-damage|p1a: TALENT|51/100|[from] Sandstorm
|-damage|p2a: Keldeo|88/100|[from] Sandstorm
|upkeep
|turn|7
|inactive|FuriousJulian has 120 seconds left.
|j| Tokyo EZ
|
|t:|1599738928
|switch|p2a: Clefable|Clefable, M|100/100
|move|p1a: TALENT|Shadow Ball|p2a: Clefable
|-damage|p2a: Clefable|57/100
|-damage|p1a: TALENT|42/100|[from] item: Life Orb
|
|-weather|Sandstorm|[upkeep]
|-damage|p1a: TALENT|36/100|[from] Sandstorm
|-heal|p2a: Clefable|63/100|[from] item: Leftovers
|upkeep
|turn|8
|j| Low Ladders
|j| Jkdimxd
|inactive|FuriousJulian has 120 seconds left.
|
|t:|1599738943
|switch|p1a: d'artagnan|Darmanitan, M|100/100
|move|p2a: Clefable|Wish|p2a: Clefable
|
|-weather|Sandstorm|[upkeep]
|-damage|p1a: d'artagnan|95/100|[from] Sandstorm
|-heal|p2a: Clefable|69/100|[from] item: Leftovers
|upkeep
|turn|9
|
|t:|1599738951
|move|p2a: Clefable|Protect|p2a: Clefable
|-singleturn|p2a: Clefable|Protect
|move|p1a: d'artagnan|Bulk Up|p1a: d'artagnan
|-boost|p1a: d'artagnan|atk|1
|-boost|p1a: d'artagnan|def|1
|
|-weather|none
|-heal|p2a: Clefable|100/100|[from] move: Wish|[wisher] Clefable
|upkeep
|turn|10
|inactive|FuriousJulian has 120 seconds left.
|
|t:|1599738968
|switch|p2a: Pelipper|Pelipper, M|77/100
|-weather|RainDance|[from] ability: Drizzle|[of] p2a: Pelipper
|move|p1a: d'artagnan|Flare Blitz|p2a: Pelipper
|-resisted|p2a: Pelipper
|-damage|p2a: Pelipper|48/100
|-damage|p1a: d'artagnan|86/100|[from] Recoil
|
|-weather|RainDance|[upkeep]
|upkeep
|turn|11
|
|t:|1599738991
|switch|p2a: Keldeo|Keldeo-Resolute|88/100
|move|p1a: d'artagnan|Zen Headbutt|p2a: Keldeo
|-supereffective|p2a: Keldeo
|-damage|p2a: Keldeo|0 fnt
|faint|p2a: Keldeo
|
|-weather|RainDance|[upkeep]
|upkeep
|inactive|Commando 55 has 120 seconds left.
|
|t:|1599739010
|switch|p2a: Rhyperior|Rhyperior, F|89/100
|turn|12
|inactive|FuriousJulian has 120 seconds left.
|
|t:|1599739024
|switch|p1a: Cleaner Cronk|Rotom-Wash|100/100
|move|p2a: Rhyperior|Stealth Rock|p1a: Cleaner Cronk
|-sidestart|p1: FuriousJulian|move: Stealth Rock
|
|-weather|RainDance|[upkeep]
|-heal|p2a: Rhyperior|96/100|[from] item: Leftovers
|upkeep
|turn|13
|inactive|FuriousJulian has 120 seconds left.
|
|t:|1599739034
|switch|p2a: Ferrothorn|Ferrothorn, F|97/100
|move|p1a: Cleaner Cronk|Defog|p2a: Ferrothorn
|-unboost|p2a: Ferrothorn|evasion|1
|-sideend|p1: FuriousJulian|Stealth Rock|[from] move: Defog|[of] p1a: Cleaner Cronk
|
|-weather|RainDance|[upkeep]
|-heal|p2a: Ferrothorn|100/100|[from] item: Leftovers
|upkeep
|turn|14
|
|t:|1599739042
|move|p1a: Cleaner Cronk|Volt Switch|p2a: Ferrothorn
|-resisted|p2a: Ferrothorn
|-damage|p2a: Ferrothorn|90/100
|inactive|FuriousJulian has 120 seconds left.
|
|t:|1599739056
|switch|p1a: TALENT|Dragapult, M, shiny|36/100|[from]move: Volt Switch
|move|p2a: Ferrothorn|Leech Seed|p1a: TALENT
|-start|p1a: TALENT|move: Leech Seed
|
|-weather|none
|-heal|p2a: Ferrothorn|96/100|[from] item: Leftovers
|-damage|p1a: TALENT|23/100|[from] Leech Seed|[of] p2a: Ferrothorn
|-heal|p2a: Ferrothorn|100/100|[silent]
|upkeep
|turn|15
|j| Uncool_loser
|inactive|FuriousJulian has 120 seconds left.
|
|t:|1599739069
|switch|p1a: Cleaner Cronk|Rotom-Wash|100/100
|switch|p2a: Clefable|Clefable, M|100/100
|
|upkeep
|turn|16
|
|t:|1599739074
|move|p2a: Clefable|Protect|p2a: Clefable
|-singleturn|p2a: Clefable|Protect
|move|p1a: Cleaner Cronk|Thunder Wave|p2a: Clefable
|-activate|p2a: Clefable|move: Protect
|
|upkeep
|turn|17
|
|t:|1599739082
|switch|p2a: Zeraora|Zeraora, shiny|100/100
|move|p1a: Cleaner Cronk|Thunder Wave|p2a: Zeraora
|-immune|p2a: Zeraora|[from] ability: Volt Absorb
|
|upkeep
|turn|18
|
|t:|1599739087
|move|p2a: Zeraora|Knock Off|p1a: Cleaner Cronk
|-damage|p1a: Cleaner Cronk|65/100
|-enditem|p1a: Cleaner Cronk|Leftovers|[from] move: Knock Off|[of] p2a: Zeraora
|move|p1a: Cleaner Cronk|Volt Switch|p2a: Zeraora
|-immune|p2a: Zeraora|[from] ability: Volt Absorb
|
|upkeep
|turn|19
|
|t:|1599739098
|move|p2a: Zeraora|Knock Off|p1a: Cleaner Cronk
|-damage|p1a: Cleaner Cronk|39/100
|move|p1a: Cleaner Cronk|Hydro Pump|p2a: Zeraora
|-damage|p2a: Zeraora|49/100
|
|upkeep
|turn|20
|
|t:|1599739108
|move|p2a: Zeraora|Knock Off|p1a: Cleaner Cronk
|-damage|p1a: Cleaner Cronk|14/100
|move|p1a: Cleaner Cronk|Hydro Pump|p2a: Zeraora
|-damage|p2a: Zeraora|3/100
|
|upkeep
|turn|21
|
|t:|1599739115
|switch|p2a: Pelipper|Pelipper, M|48/100
|-weather|RainDance|[from] ability: Drizzle|[of] p2a: Pelipper
|switch|p1a: Gaara|Hippowdon, F|100/100
|-weather|Sandstorm|[from] ability: Sand Stream|[of] p1a: Gaara
|
|-weather|Sandstorm|[upkeep]
|-damage|p2a: Pelipper|42/100|[from] Sandstorm
|upkeep
|turn|22
|l| Low Ladders
|
|t:|1599739140
|move|p2a: Pelipper|Roost|p2a: Pelipper
|-heal|p2a: Pelipper|92/100
|-singleturn|p2a: Pelipper|move: Roost
|move|p1a: Gaara|Rock Slide|p2a: Pelipper
|-damage|p2a: Pelipper|75/100
|
|-weather|Sandstorm|[upkeep]
|-damage|p2a: Pelipper|69/100|[from] Sandstorm
|upkeep
|turn|23
|inactive|FuriousJulian has 120 seconds left.
|j| MrMCN
|
|t:|1599739167
|switch|p1a: TALENT|Dragapult, M, shiny|23/100
|move|p2a: Pelipper|Scald|p1a: TALENT
|-resisted|p1a: TALENT
|-damage|p1a: TALENT|3/100
|-status|p1a: TALENT|brn
|
|-weather|Sandstorm|[upkeep]
|-damage|p1a: TALENT|0 fnt|[from] Sandstorm
|-damage|p2a: Pelipper|63/100|[from] Sandstorm
|faint|p1a: TALENT
|upkeep
|
|t:|1599739178
|switch|p1a: Justiceforchickens|Togekiss, F|100/100
|turn|24
|
|t:|1599739184
|switch|p2a: Rhyperior|Rhyperior, F|96/100
|move|p1a: Justiceforchickens|Nasty Plot|p1a: Justiceforchickens
|-boost|p1a: Justiceforchickens|spa|2
|
|-weather|Sandstorm|[upkeep]
|-damage|p1a: Justiceforchickens|94/100|[from] Sandstorm
|-heal|p1a: Justiceforchickens|100/100|[from] item: Leftovers
|-heal|p2a: Rhyperior|100/100|[from] item: Leftovers
|upkeep
|turn|25
|inactive|FuriousJulian has 120 seconds left.
|
|t:|1599739193
|move|p1a: Justiceforchickens|Air Slash|p2a: Rhyperior|[miss]
|-miss|p1a: Justiceforchickens|p2a: Rhyperior
|move|p2a: Rhyperior|Rock Blast|p1a: Justiceforchickens
|-supereffective|p1a: Justiceforchickens
|-damage|p1a: Justiceforchickens|73/100
|-supereffective|p1a: Justiceforchickens
|-crit|p1a: Justiceforchickens
|-damage|p1a: Justiceforchickens|27/100
|-supereffective|p1a: Justiceforchickens
|-damage|p1a: Justiceforchickens|0 fnt
|-hitcount|p1a: Justiceforchickens|3
|faint|p1a: Justiceforchickens
|
|-weather|none
|upkeep
|inactive|FuriousJulian has 120 seconds left.
|
|t:|1599739221
|switch|p1a: Cleaner Cronk|Rotom-Wash|14/100
|turn|26
|
|t:|1599739225
|switch|p2a: Ferrothorn|Ferrothorn, F|100/100
|move|p1a: Cleaner Cronk|Hydro Pump|p2a: Ferrothorn
|-resisted|p2a: Ferrothorn
|-damage|p2a: Ferrothorn|85/100
|
|-heal|p2a: Ferrothorn|91/100|[from] item: Leftovers
|upkeep
|turn|27
|j| shuehwgs
|
|t:|1599739232
|move|p1a: Cleaner Cronk|Thunder Wave|p2a: Ferrothorn
|-status|p2a: Ferrothorn|par
|move|p2a: Ferrothorn|Knock Off|p1a: Cleaner Cronk
|-damage|p1a: Cleaner Cronk|3/100
|
|-heal|p2a: Ferrothorn|97/100 par|[from] item: Leftovers
|upkeep
|turn|28
|inactive|FuriousJulian has 120 seconds left.
|
|t:|1599739240
|move|p1a: Cleaner Cronk|Hydro Pump|p2a: Ferrothorn
|-resisted|p2a: Ferrothorn
|-damage|p2a: Ferrothorn|79/100 par
|move|p2a: Ferrothorn|Knock Off|p1a: Cleaner Cronk
|-damage|p1a: Cleaner Cronk|0 fnt
|faint|p1a: Cleaner Cronk
|
|-heal|p2a: Ferrothorn|86/100 par|[from] item: Leftovers
|upkeep
|j| SpookyFire
|inactive|FuriousJulian has 120 seconds left.
|
|t:|1599739260
|switch|p1a: d'artagnan|Darmanitan, M|86/100
|turn|29
|
|t:|1599739268
|switch|p2a: Pelipper|Pelipper, M|63/100
|-weather|RainDance|[from] ability: Drizzle|[of] p2a: Pelipper
|move|p1a: d'artagnan|Bulk Up|p1a: d'artagnan
|-boost|p1a: d'artagnan|atk|1
|-boost|p1a: d'artagnan|def|1
|
|-weather|RainDance|[upkeep]
|upkeep
|turn|30
|inactive|FuriousJulian has 120 seconds left.
|
|t:|1599739276
|move|p1a: d'artagnan|Zen Headbutt|p2a: Pelipper
|-damage|p2a: Pelipper|4/100
|move|p2a: Pelipper|Scald|p1a: d'artagnan
|-supereffective|p1a: d'artagnan
|-damage|p1a: d'artagnan|0 fnt
|faint|p1a: d'artagnan
|
|-weather|RainDance|[upkeep]
|upkeep
|inactive|FuriousJulian has 120 seconds left.
|j| OhnonoEtu
|
|t:|1599739286
|switch|p1a: Clamps|Scizor, F|100/100
|turn|31
|
|t:|1599739292
|switch|p2a: Zeraora|Zeraora, shiny|3/100
|move|p1a: Clamps|Bullet Punch|p2a: Zeraora
|-resisted|p2a: Zeraora
|-damage|p2a: Zeraora|0 fnt
|faint|p2a: Zeraora
|
|-weather|RainDance|[upkeep]
|upkeep
|
|t:|1599739297
|switch|p2a: Ferrothorn|Ferrothorn, F|86/100 par
|turn|32
|
|t:|1599739303
|switch|p1a: Gaara|Hippowdon, F|100/100
|-weather|Sandstorm|[from] ability: Sand Stream|[of] p1a: Gaara
|cant|p2a: Ferrothorn|par
|
|-weather|Sandstorm|[upkeep]
|-heal|p2a: Ferrothorn|92/100 par|[from] item: Leftovers
|upkeep
|turn|33
|
|t:|1599739311
|move|p1a: Gaara|Earthquake|p2a: Ferrothorn
|-damage|p2a: Ferrothorn|70/100 par
|move|p2a: Ferrothorn|Leech Seed|p1a: Gaara
|-start|p1a: Gaara|move: Leech Seed
|
|-weather|Sandstorm|[upkeep]
|-heal|p2a: Ferrothorn|76/100 par|[from] item: Leftovers
|-damage|p1a: Gaara|88/100|[from] Leech Seed|[of] p2a: Ferrothorn
|-heal|p2a: Ferrothorn|91/100 par|[silent]
|upkeep
|turn|34
|
|t:|1599739322
|switch|p1a: Clamps|Scizor, F|100/100
|switch|p2a: Clefable|Clefable, M|100/100
|
|-weather|Sandstorm|[upkeep]
|upkeep
|turn|35
|
|t:|1599739329
|move|p2a: Clefable|Protect|p2a: Clefable
|-singleturn|p2a: Clefable|Protect
|move|p1a: Clamps|Superpower|p2a: Clefable
|-activate|p2a: Clefable|move: Protect
|
|-weather|Sandstorm|[upkeep]
|upkeep
|turn|36
|
|t:|1599739336
|switch|p1a: Gaara|Hippowdon, F|88/100
|move|p2a: Clefable|Wish|p2a: Clefable
|
|-weather|none
|-heal|p1a: Gaara|94/100|[from] item: Leftovers
|upkeep
|turn|37
|
|t:|1599739342
|move|p1a: Gaara|Rock Slide|p2a: Clefable
|-damage|p2a: Clefable|86/100
|cant|p2a: Clefable|flinch
|
|-heal|p2a: Clefable|100/100|[from] move: Wish|[wisher] Clefable
|-heal|p1a: Gaara|100/100|[from] item: Leftovers
|upkeep
|turn|38
|j| Lena Nitro
|
|t:|1599739351
|move|p2a: Clefable|Wish|p2a: Clefable
|move|p1a: Gaara|Earthquake|p2a: Clefable
|-damage|p2a: Clefable|70/100
|
|-heal|p2a: Clefable|76/100|[from] item: Leftovers
|upkeep
|turn|39
|l| Tokyo EZ
|
|t:|1599739359
|switch|p1a: Clamps|Scizor, F|100/100
|move|p2a: Clefable|Teleport|p2a: Clefable
|
|t:|1599739361
|switch|p2a: Pelipper|Pelipper, M|4/100|[from]move: Teleport
|-weather|RainDance|[from] ability: Drizzle|[of] p2a: Pelipper
|
|-weather|RainDance|[upkeep]
|-heal|p2a: Pelipper|65/100|[from] move: Wish|[wisher] Clefable
|upkeep
|turn|40
|
|t:|1599739371
|move|p2a: Pelipper|Roost|p2a: Pelipper
|-heal|p2a: Pelipper|100/100
|-singleturn|p2a: Pelipper|move: Roost
|move|p1a: Clamps|Knock Off|p2a: Pelipper
|-damage|p2a: Pelipper|59/100
|-enditem|p2a: Pelipper|Heavy-Duty Boots|[from] move: Knock Off|[of] p1a: Clamps
|
|-weather|RainDance|[upkeep]
|upkeep
|turn|41
|l| XcessiveSmash
|j| Tokyo EZ
|
|t:|1599739383
|move|p2a: Pelipper|Roost|p2a: Pelipper
|-heal|p2a: Pelipper|100/100
|-singleturn|p2a: Pelipper|move: Roost
|move|p1a: Clamps|Knock Off|p2a: Pelipper
|-damage|p2a: Pelipper|72/100
|
|-weather|RainDance|[upkeep]
|upkeep
|turn|42
|-message|FuriousJulian forfeited.
|
|win|Commando 55
|raw|FuriousJulian's rating: 1805 &rarr; <strong>1781</strong><br />(-24 for losing)
|raw|Commando 55's rating: 1744 &rarr; <strong>1768</strong><br />(+24 for winning)
|l|☆FuriousJulian
|l|☆Commando 55
