|j|☆Unclebabybilly39
|j|☆Run For Me Plz
|t:|1642884566
|gametype|singles
|player|p1|Unclebabybilly39|101|1644
|player|p2|Run For Me Plz|evelyn|1682
|teamsize|p1|6
|teamsize|p2|6
|gen|8
|tier|[Gen 8] OU
|rated|
|rule|Sleep Clause Mod: Limit one foe put to sleep
|rule|Species Clause: Limit one of each Pokémon
|rule|OHKO Clause: OHKO moves are banned
|rule|Evasion Moves Clause: Evasion moves are banned
|rule|Endless Battle Clause: Forcing endless battles is banned
|rule|HP Percentage Mod: HP is shown in percentages
|rule|Dynamax Clause: You cannot dynamax
|clearpoke
|poke|p1|Volcanion|
|poke|p1|Nidoking, M|
|poke|p1|Landorus-Therian, M|
|poke|p1|Ferrothorn, M|
|poke|p1|Dragonite, F|
|poke|p1|Weavile, F|
|poke|p2|Hydreigon, F|
|poke|p2|Garchomp, M|
|poke|p2|Dragonite, M|
|poke|p2|Melmetal|
|poke|p2|Magnezone|
|poke|p2|Dragapult, F|
|teampreview
|
|t:|1642884573
|start
|switch|p1a: Weavile|Weavile, F|100/100
|switch|p2a: Hydreigon|Hydreigon, F, shiny|100/100
|-ability|p1a: Weavile|Pressure
|turn|1
|inactive|Battle timer is ON: inactive players will automatically lose when time's up. (requested by Run For Me Plz)
|
|t:|1642884597
|move|p2a: Hydreigon|U-turn|p1a: Weavile
|-supereffective|p1a: Weavile
|-damage|p1a: Weavile|52/100
|
|t:|1642884600
|switch|p2a: Melmetal|Melmetal, shiny|100/100|[from]move: U-turn
|move|p1a: Weavile|Knock Off|p2a: Melmetal
|-damage|p2a: Melmetal|72/100
|-enditem|p2a: Melmetal|Leftovers|[from] move: Knock Off|[of] p1a: Weavile
|
|upkeep
|turn|2
|j| 9jinibininuhub
|j| Sixty6sixshit
|
|t:|1642884612
|switch|p1a: Ferrothorn|Ferrothorn, M|100/100
|switch|p2a: Garchomp|Garchomp, M, shiny|100/100
|
|upkeep
|turn|3
|
|t:|1642884617
|switch|p1a: Landorus|Landorus-Therian, M|100/100
|-ability|p1a: Landorus|Intimidate|boost
|-unboost|p2a: Garchomp|atk|1
|move|p2a: Garchomp|Stealth Rock|p1a: Landorus
|-sidestart|p1: Unclebabybilly39|move: Stealth Rock
|
|upkeep
|turn|4
|
|t:|1642884623
|move|p2a: Garchomp|Toxic|p1a: Landorus
|-status|p1a: Landorus|tox
|move|p1a: Landorus|Stealth Rock|p2a: Garchomp
|-sidestart|p2: Run For Me Plz|move: Stealth Rock
|
|-damage|p1a: Landorus|94/100 tox|[from] psn
|upkeep
|turn|5
|
|t:|1642884632
|move|p2a: Garchomp|Fire Blast|p1a: Landorus
|-damage|p1a: Landorus|76/100 tox
|move|p1a: Landorus|Knock Off|p2a: Garchomp
|-damage|p2a: Garchomp|78/100
|-damage|p1a: Landorus|63/100 tox|[from] ability: Rough Skin|[of] p2a: Garchomp
|-enditem|p2a: Garchomp|Leftovers|[from] move: Knock Off|[of] p1a: Landorus
|
|-heal|p1a: Landorus|69/100 tox|[from] item: Leftovers
|-damage|p1a: Landorus|57/100 tox|[from] psn
|upkeep
|turn|6
|
|t:|1642884643
|move|p2a: Garchomp|Fire Blast|p1a: Landorus
|-damage|p1a: Landorus|37/100 tox
|move|p1a: Landorus|Explosion|p2a: Garchomp
|-damage|p2a: Garchomp|26/100
|faint|p1a: Landorus
|
|upkeep
|
|t:|1642884652
|switch|p1a: Weavile|Weavile, F|52/100
|-ability|p1a: Weavile|Pressure
|turn|7
|
|t:|1642884658
|move|p1a: Weavile|Ice Shard|p2a: Garchomp
|-supereffective|p2a: Garchomp
|-damage|p2a: Garchomp|0 fnt
|faint|p2a: Garchomp
|
|upkeep
|
|t:|1642884671
|switch|p2a: Magnezone|Magnezone, shiny|100/100
|-damage|p2a: Magnezone|94/100|[from] Stealth Rock
|turn|8
|j| NyXxtus
|
|t:|1642884689
|switch|p1a: Ferrothorn|Ferrothorn, M|100/100
|-damage|p1a: Ferrothorn|94/100|[from] Stealth Rock
|move|p2a: Magnezone|Volt Switch|p1a: Ferrothorn
|-resisted|p1a: Ferrothorn
|-damage|p1a: Ferrothorn|76/100
|inactive|Run For Me Plz has 120 seconds left.
|
|t:|1642884712
|switch|p2a: Hydreigon|Hydreigon, F, shiny|100/100|[from]move: Volt Switch
|-damage|p2a: Hydreigon|88/100|[from] Stealth Rock
|
|-heal|p1a: Ferrothorn|82/100|[from] item: Leftovers
|upkeep
|turn|9
|
|t:|1642884726
|switch|p1a: Volcanion|Volcanion|100/100
|-damage|p1a: Volcanion|76/100|[from] Stealth Rock
|move|p2a: Hydreigon|Flamethrower|p1a: Volcanion
|-resisted|p1a: Volcanion
|-damage|p1a: Volcanion|68/100
|
|upkeep
|turn|10
|inactive|Run For Me Plz has 120 seconds left.
|
|t:|1642884774
|switch|p2a: Dragonite|Dragonite, M, shiny|100/100
|move|p1a: Volcanion|Steam Eruption|p2a: Dragonite
|-resisted|p2a: Dragonite
|-damage|p2a: Dragonite|82/100
|
|upkeep
|turn|11
|
|t:|1642884788
|move|p2a: Dragonite|Roost|p2a: Dragonite
|-heal|p2a: Dragonite|100/100
|-singleturn|p2a: Dragonite|move: Roost
|move|p1a: Volcanion|Steam Eruption|p2a: Dragonite
|-resisted|p2a: Dragonite
|-damage|p2a: Dragonite|82/100
|
|upkeep
|turn|12
|
|t:|1642884795
|move|p2a: Dragonite|Earthquake|p1a: Volcanion
|-supereffective|p1a: Volcanion
|-damage|p1a: Volcanion|19/100
|move|p1a: Volcanion|Steam Eruption|p2a: Dragonite
|-resisted|p2a: Dragonite
|-damage|p2a: Dragonite|45/100
|-status|p2a: Dragonite|brn
|
|-damage|p2a: Dragonite|38/100 brn|[from] brn
|upkeep
|turn|13
|j| rranked1gen8ou
|
|t:|1642884806
|move|p1a: Volcanion|Steam Eruption|p2a: Dragonite
|-resisted|p2a: Dragonite
|-damage|p2a: Dragonite|1/100 brn
|move|p2a: Dragonite|Earthquake|p1a: Volcanion
|-supereffective|p1a: Volcanion
|-damage|p1a: Volcanion|0 fnt
|faint|p1a: Volcanion
|
|-damage|p2a: Dragonite|0 fnt|[from] brn
|faint|p2a: Dragonite
|upkeep
|inactive|Run For Me Plz has 120 seconds left.
|
|t:|1642884830
|switch|p2a: Hydreigon|Hydreigon, F, shiny|88/100
|switch|p1a: Nidoking|Nidoking, M|100/100
|-damage|p2a: Hydreigon|76/100|[from] Stealth Rock
|-damage|p1a: Nidoking|95/100|[from] Stealth Rock
|turn|14
|inactive|Run For Me Plz has 120 seconds left.
|
|t:|1642884844
|switch|p1a: Ferrothorn|Ferrothorn, M|82/100
|-damage|p1a: Ferrothorn|76/100|[from] Stealth Rock
|move|p2a: Hydreigon|U-turn|p1a: Ferrothorn
|-damage|p1a: Ferrothorn|65/100
|-damage|p2a: Hydreigon|64/100|[from] ability: Iron Barbs|[of] p1a: Ferrothorn
|
|t:|1642884848
|switch|p2a: Magnezone|Magnezone, shiny|94/100|[from]move: U-turn
|-damage|p2a: Magnezone|88/100|[from] Stealth Rock
|
|-heal|p1a: Ferrothorn|71/100|[from] item: Leftovers
|upkeep
|turn|15
|
|t:|1642884858
|move|p2a: Magnezone|Thunderbolt|p1a: Ferrothorn
|-resisted|p1a: Ferrothorn
|-damage|p1a: Ferrothorn|48/100
|move|p1a: Ferrothorn|Leech Seed|p2a: Magnezone
|-start|p2a: Magnezone|move: Leech Seed
|
|-heal|p1a: Ferrothorn|54/100|[from] item: Leftovers
|-damage|p2a: Magnezone|76/100|[from] Leech Seed|[of] p1a: Ferrothorn
|-heal|p1a: Ferrothorn|64/100|[silent]
|upkeep
|turn|16
|
|t:|1642884866
|switch|p2a: Hydreigon|Hydreigon, F, shiny|64/100
|-damage|p2a: Hydreigon|51/100|[from] Stealth Rock
|move|p1a: Ferrothorn|Leech Seed|p2a: Hydreigon
|-start|p2a: Hydreigon|move: Leech Seed
|
|-heal|p1a: Ferrothorn|70/100|[from] item: Leftovers
|-damage|p2a: Hydreigon|39/100|[from] Leech Seed|[of] p1a: Ferrothorn
|-heal|p1a: Ferrothorn|82/100|[silent]
|upkeep
|turn|17
|
|t:|1642884884
|switch|p2a: Melmetal|Melmetal, shiny|72/100
|-damage|p2a: Melmetal|66/100|[from] Stealth Rock
|move|p1a: Ferrothorn|Spikes|p2a: Melmetal
|-sidestart|p2: Run For Me Plz|Spikes
|
|-heal|p1a: Ferrothorn|88/100|[from] item: Leftovers
|upkeep
|turn|18
|l| Sixty6sixshit
|
|t:|1642884894
|move|p2a: Melmetal|Earthquake|p1a: Ferrothorn
|-damage|p1a: Ferrothorn|56/100
|move|p1a: Ferrothorn|Leech Seed|p2a: Melmetal
|-start|p2a: Melmetal|move: Leech Seed
|
|-heal|p1a: Ferrothorn|62/100|[from] item: Leftovers
|-damage|p2a: Melmetal|53/100|[from] Leech Seed|[of] p1a: Ferrothorn
|-heal|p1a: Ferrothorn|77/100|[silent]
|upkeep
|turn|19
|
|t:|1642884912
|move|p2a: Melmetal|Earthquake|p1a: Ferrothorn
|-damage|p1a: Ferrothorn|43/100
|move|p1a: Ferrothorn|Leech Seed||[still]
|-fail|p1a: Ferrothorn
|
|-heal|p1a: Ferrothorn|49/100|[from] item: Leftovers
|-damage|p2a: Melmetal|41/100|[from] Leech Seed|[of] p1a: Ferrothorn
|-heal|p1a: Ferrothorn|64/100|[silent]
|upkeep
|turn|20
|l| NyXxtus
|
|t:|1642884923
|move|p2a: Melmetal|Earthquake|p1a: Ferrothorn
|-damage|p1a: Ferrothorn|33/100
|move|p1a: Ferrothorn|Spikes|p2a: Melmetal
|-sidestart|p2: Run For Me Plz|Spikes
|
|-heal|p1a: Ferrothorn|40/100|[from] item: Leftovers
|-damage|p2a: Melmetal|28/100|[from] Leech Seed|[of] p1a: Ferrothorn
|-heal|p1a: Ferrothorn|54/100|[silent]
|upkeep
|turn|21
|l| 9jinibininuhub
|
|t:|1642884934
|move|p2a: Melmetal|Earthquake|p1a: Ferrothorn
|-damage|p1a: Ferrothorn|24/100
|move|p1a: Ferrothorn|Knock Off|p2a: Melmetal
|-damage|p2a: Melmetal|20/100
|
|-heal|p1a: Ferrothorn|30/100|[from] item: Leftovers
|-damage|p2a: Melmetal|8/100|[from] Leech Seed|[of] p1a: Ferrothorn
|-heal|p1a: Ferrothorn|44/100|[silent]
|upkeep
|turn|22
|
|t:|1642884942
|move|p2a: Melmetal|Earthquake|p1a: Ferrothorn
|-damage|p1a: Ferrothorn|12/100
|move|p1a: Ferrothorn|Spikes|p2a: Melmetal
|-sidestart|p2: Run For Me Plz|Spikes
|
|-heal|p1a: Ferrothorn|18/100|[from] item: Leftovers
|-damage|p2a: Melmetal|0 fnt|[from] Leech Seed|[of] p1a: Ferrothorn
|-heal|p1a: Ferrothorn|27/100|[silent]
|faint|p2a: Melmetal
|upkeep
|
|t:|1642884952
|switch|p2a: Hydreigon|Hydreigon, F, shiny|39/100
|-damage|p2a: Hydreigon|27/100|[from] Stealth Rock
|turn|23
|
|t:|1642884959
|move|p2a: Hydreigon|Dark Pulse|p1a: Ferrothorn
|-crit|p1a: Ferrothorn
|-damage|p1a: Ferrothorn|0 fnt
|faint|p1a: Ferrothorn
|
|upkeep
|
|t:|1642884965
|switch|p1a: Weavile|Weavile, F|52/100
|-ability|p1a: Weavile|Pressure
|turn|24
|
|t:|1642884974
|switch|p2a: Magnezone|Magnezone, shiny|76/100
|-damage|p2a: Magnezone|70/100|[from] Stealth Rock
|-damage|p2a: Magnezone|45/100|[from] Spikes
|move|p1a: Weavile|Ice Shard|p2a: Magnezone
|-resisted|p2a: Magnezone
|-damage|p2a: Magnezone|34/100
|
|upkeep
|turn|25
|
|t:|1642884994
|move|p1a: Weavile|Knock Off|p2a: Magnezone
|-damage|p2a: Magnezone|0 fnt
|-enditem|p2a: Magnezone|Choice Specs|[from] move: Knock Off|[of] p1a: Weavile
|faint|p2a: Magnezone
|
|upkeep
|
|t:|1642884996
|switch|p2a: Dragapult|Dragapult, F, shiny|100/100
|-damage|p2a: Dragapult|88/100|[from] Stealth Rock
|-damage|p2a: Dragapult|63/100|[from] Spikes
|turn|26
|
|t:|1642885009
|move|p1a: Weavile|Ice Shard|p2a: Dragapult
|-supereffective|p2a: Dragapult
|-damage|p2a: Dragapult|10/100
|move|p2a: Dragapult|Dragon Darts|p1a: Weavile
|-damage|p1a: Weavile|5/100
|-anim|p2a: Dragapult|Dragon Darts|p1a: Weavile
|-damage|p1a: Weavile|0 fnt
|faint|p1a: Weavile
|
|-heal|p2a: Dragapult|16/100|[from] item: Leftovers
|upkeep
|
|t:|1642885019
|switch|p1a: Nidoking|Nidoking, M|95/100
|-damage|p1a: Nidoking|89/100|[from] Stealth Rock
|turn|27
|j| Tstmon
|
|t:|1642885040
|move|p2a: Dragapult|Dragon Darts|p1a: Nidoking
|-damage|p1a: Nidoking|50/100
|-anim|p2a: Dragapult|Dragon Darts|p1a: Nidoking
|-damage|p1a: Nidoking|11/100
|move|p1a: Nidoking|Ice Beam|p2a: Dragapult
|-supereffective|p2a: Dragapult
|-damage|p2a: Dragapult|0 fnt
|faint|p2a: Dragapult
|
|upkeep
|
|t:|1642885046
|switch|p2a: Hydreigon|Hydreigon, F, shiny|27/100
|-damage|p2a: Hydreigon|14/100|[from] Stealth Rock
|turn|28
|
|t:|1642885053
|move|p2a: Hydreigon|Dark Pulse|p1a: Nidoking
|-damage|p1a: Nidoking|0 fnt
|faint|p1a: Nidoking
|
|upkeep
|
|t:|1642885057
|switch|p1a: Dragonite|Dragonite, F|100/100
|turn|29
|
|t:|1642885060
|move|p2a: Hydreigon|Dark Pulse|p1a: Dragonite
|-damage|p1a: Dragonite|79/100
|move|p1a: Dragonite|Ice Punch|p2a: Hydreigon
|-supereffective|p2a: Hydreigon
|-damage|p2a: Hydreigon|0 fnt
|faint|p2a: Hydreigon
|
|win|Unclebabybilly39
|raw|Unclebabybilly39's rating: 1644 &rarr; <strong>1666</strong><br />(+22 for winning)
|raw|Run For Me Plz's rating: 1682 &rarr; <strong>1660</strong><br />(-22 for losing)
|l|☆Run For Me Plz
|l|☆Unclebabybilly39
||Ladder isn't responding, score probably updated but might not have (Request timeout).
