|raw|<div class="broadcast-blue"><strong>This battle is required to be public due to a player having a name starting with 'lt91bb'.</div>
|j|☆LT91BB xray
|j|☆dmt dreams
|t:|1659522861
|gametype|singles
|player|p1|LT91BB xray|#npl2022ballermannbierbaren|2054
|player|p2|dmt dreams|pokefan-gen4|1902
|teamsize|p1|6
|teamsize|p2|6
|gen|8
|tier|[Gen 8] OU
|rated|
|rule|Sleep Clause Mod: Limit one foe put to sleep
|rule|Species Clause: Limit one of each Pokémon
|rule|OHKO Clause: OHKO moves are banned
|rule|Evasion Moves Clause: Evasion moves are banned
|rule|Endless Battle Clause: Forcing endless battles is banned
|rule|HP Percentage Mod: HP is shown in percentages
|rule|Dynamax Clause: You cannot dynamax
|clearpoke
|poke|p1|Rotom-Wash|
|poke|p1|Tapu Lele|
|poke|p1|Nihilego|
|poke|p1|Landorus-Therian, M|
|poke|p1|Melmetal|
|poke|p1|Kartana|
|poke|p2|Cresselia, F|
|poke|p2|Clefable, F|
|poke|p2|Quagsire, M|
|poke|p2|Skarmory, M|
|poke|p2|Zapdos|
|poke|p2|Toxapex, M|
|teampreview
|inactive|Battle timer is ON: inactive players will automatically lose when time's up. (requested by LT91BB xray)
|j| fdgdfgdfgd
|
|t:|1659522892
|start
|switch|p1a: Landorus|Landorus-Therian, M|100/100
|switch|p2a: Toxapex|Toxapex, M|100/100
|-ability|p1a: Landorus|Intimidate|boost
|-unboost|p2a: Toxapex|atk|1
|turn|1
|
|t:|1659522895
|switch|p2a: Skarmory|Skarmory, M|100/100
|move|p1a: Landorus|Earthquake|p2a: Skarmory
|-immune|p2a: Skarmory
|
|upkeep
|turn|2
|
|t:|1659522905
|move|p1a: Landorus|U-turn|p2a: Skarmory
|-resisted|p2a: Skarmory
|-damage|p2a: Skarmory|97/100
|
|t:|1659522906
|switch|p1a: Rotom|Rotom-Wash|100/100|[from]move: U-turn
|move|p2a: Skarmory|Spikes|p1a: Rotom
|-sidestart|p1: LT91BB xray|Spikes
|
|upkeep
|turn|3
|j| lt91bb mind
|
|t:|1659522913
|switch|p2a: Clefable|Clefable, F|100/100
|move|p1a: Rotom|Defog|p2a: Clefable
|-unboost|p2a: Clefable|evasion|1
|-sideend|p1: LT91BB xray|Spikes|[from] move: Defog|[of] p1a: Rotom
|
|upkeep
|turn|4
|j| lt91bb fenomeno
|j| perfecte
|
|t:|1659522924
|move|p1a: Rotom|Volt Switch|p2a: Clefable
|-damage|p2a: Clefable|80/100
|j| Break Me Free
|j| LT91BB Storm
|
|t:|1659522937
|switch|p1a: Melmetal|Melmetal|100/100|[from]move: Volt Switch
|move|p2a: Clefable|Stealth Rock|p1a: Melmetal
|-sidestart|p1: LT91BB xray|move: Stealth Rock
|
|upkeep
|turn|5
|j| Zirpurze
|j| huncholini I
|
|t:|1659522947
|switch|p2a: Toxapex|Toxapex, M|100/100
|move|p1a: Melmetal|Thunder Punch|p2a: Toxapex
|-supereffective|p2a: Toxapex
|-damage|p2a: Toxapex|48/100
|
|upkeep
|turn|6
|
|t:|1659522954
|switch|p2a: Zapdos|Zapdos|100/100
|-ability|p2a: Zapdos|Pressure
|move|p1a: Melmetal|Double Iron Bash|p2a: Zapdos
|-resisted|p2a: Zapdos
|-damage|p2a: Zapdos|82/100
|-resisted|p2a: Zapdos
|-damage|p2a: Zapdos|61/100
|-hitcount|p2a: Zapdos|2
|
|upkeep
|turn|7
|j| Seleukus
|j| whoghohou
|j| LT91BB AlI
|
|t:|1659522980
|switch|p1a: Rotom|Rotom-Wash|100/100
|-damage|p1a: Rotom|88/100|[from] Stealth Rock
|move|p2a: Zapdos|Roost|p2a: Zapdos
|-heal|p2a: Zapdos|100/100
|-singleturn|p2a: Zapdos|move: Roost
|
|-heal|p1a: Rotom|94/100|[from] item: Leftovers
|upkeep
|turn|8
|j| LT91BB rejeff
|
|t:|1659522989
|move|p2a: Zapdos|Toxic|p1a: Rotom
|-status|p1a: Rotom|tox
|move|p1a: Rotom|Defog|p2a: Zapdos
|-unboost|p2a: Zapdos|evasion|1
|-sideend|p1: LT91BB xray|Stealth Rock|[from] move: Defog|[of] p1a: Rotom
|
|-heal|p1a: Rotom|100/100 tox|[from] item: Leftovers
|-damage|p1a: Rotom|94/100 tox|[from] psn
|upkeep
|turn|9
|l|perfecte
|j| goats counter
|
|t:|1659522997
|move|p2a: Zapdos|Volt Switch|p1a: Rotom
|-damage|p1a: Rotom|66/100 tox
|
|t:|1659522999
|switch|p2a: Quagsire|Quagsire, M|100/100|[from]move: Volt Switch
|move|p1a: Rotom|Volt Switch|p2a: Quagsire
|-immune|p2a: Quagsire
|
|-heal|p1a: Rotom|72/100 tox|[from] item: Leftovers
|-damage|p1a: Rotom|59/100 tox|[from] psn
|upkeep
|turn|10
|
|t:|1659523002
|switch|p2a: Clefable|Clefable, F|80/100
|move|p1a: Rotom|Volt Switch|p2a: Clefable
|-damage|p2a: Clefable|59/100
|
|t:|1659523005
|switch|p1a: Tapu Lele|Tapu Lele|100/100|[from]move: Volt Switch
|-fieldstart|move: Psychic Terrain|[from] ability: Psychic Surge|[of] p1a: Tapu Lele
|
|upkeep
|turn|11
|
|t:|1659523008
|switch|p2a: Cresselia|Cresselia, F|100/100
|move|p1a: Tapu Lele|Moonblast|p2a: Cresselia
|-damage|p2a: Cresselia|65/100
|-unboost|p2a: Cresselia|spa|1
|
|-heal|p2a: Cresselia|71/100|[from] item: Leftovers
|upkeep
|turn|12
|
|t:|1659523018
|switch|p1a: Kartana|Kartana|100/100
|switch|p2a: Toxapex|Toxapex, M|81/100
|
|upkeep
|turn|13
|j| LT91BB PDC
|j| whyad
|
|t:|1659523031
|switch|p1a: Tapu Lele|Tapu Lele|100/100
|move|p2a: Toxapex|Toxic Spikes|p1a: Tapu Lele
|-sidestart|p1: LT91BB xray|move: Toxic Spikes
|
|upkeep
|turn|14
|j| Skyrio
|j| Reigen shishou
|
|t:|1659523036
|switch|p2a: Cresselia|Cresselia, F|71/100
|move|p1a: Tapu Lele|Moonblast|p2a: Cresselia
|-damage|p2a: Cresselia|33/100
|-unboost|p2a: Cresselia|spa|1
|
|-heal|p2a: Cresselia|39/100|[from] item: Leftovers
|-fieldend|move: Psychic Terrain
|upkeep
|turn|15
|
|t:|1659523040
|move|p1a: Tapu Lele|Moonblast|p2a: Cresselia
|-damage|p2a: Cresselia|3/100
|move|p2a: Cresselia|Moonlight|p2a: Cresselia
|-heal|p2a: Cresselia|53/100
|
|-heal|p2a: Cresselia|59/100|[from] item: Leftovers
|upkeep
|turn|16
|j| LT91BB acr1
|l| whyad
|
|t:|1659523045
|switch|p1a: Rotom|Rotom-Wash|59/100 tox
|move|p2a: Cresselia|Toxic|p1a: Rotom
|-fail|p1a: Rotom|tox
|
|-heal|p1a: Rotom|66/100 tox|[from] item: Leftovers
|-heal|p2a: Cresselia|65/100|[from] item: Leftovers
|-damage|p1a: Rotom|59/100 tox|[from] psn
|upkeep
|turn|17
|l| whoghohou
|
|t:|1659523051
|move|p2a: Cresselia|Protect|p2a: Cresselia
|-singleturn|p2a: Cresselia|Protect
|move|p1a: Rotom|Will-O-Wisp|p2a: Cresselia
|-activate|p2a: Cresselia|move: Protect
|
|-heal|p1a: Rotom|66/100 tox|[from] item: Leftovers
|-heal|p2a: Cresselia|71/100|[from] item: Leftovers
|-damage|p1a: Rotom|53/100 tox|[from] psn
|upkeep
|turn|18
|l| Reigen shishou
|j| ibleachyourskin
|
|t:|1659523062
|switch|p2a: Clefable|Clefable, F|59/100
|move|p1a: Rotom|Will-O-Wisp|p2a: Clefable
|-status|p2a: Clefable|brn
|
|-heal|p1a: Rotom|59/100 tox|[from] item: Leftovers
|-damage|p1a: Rotom|41/100 tox|[from] psn
|upkeep
|turn|19
|
|t:|1659523068
|move|p1a: Rotom|Volt Switch|p2a: Clefable
|-damage|p2a: Clefable|40/100 brn
|
|t:|1659523070
|switch|p1a: Nihilego|Nihilego|100/100|[from]move: Volt Switch
|-sideend|p1: LT91BB xray|move: Toxic Spikes|[of] p1a: Nihilego
|move|p2a: Clefable|Stealth Rock|p1a: Nihilego
|-sidestart|p1: LT91BB xray|move: Stealth Rock
|
|upkeep
|turn|20
|j| Arcticunoo
|inactive|LT91BB xray has 120 seconds left.
|j| Electric win
|
|t:|1659523105
|switch|p2a: Toxapex|Toxapex, M|100/100
|move|p1a: Nihilego|Meteor Beam||[still]
|-prepare|p1a: Nihilego|Meteor Beam
|-boost|p1a: Nihilego|spa|1
|-enditem|p1a: Nihilego|Power Herb
|-anim|p1a: Nihilego|Meteor Beam|p2a: Toxapex
|-damage|p2a: Toxapex|44/100
|
|upkeep
|turn|21
|l| LT91BB PDC
|inactive|LT91BB xray has 120 seconds left.
|
|t:|1659523116
|move|p1a: Nihilego|Power Gem|p2a: Toxapex
|-damage|p2a: Toxapex|5/100
|move|p2a: Toxapex|Recover|p2a: Toxapex
|-heal|p2a: Toxapex|55/100
|
|upkeep
|turn|22
|
|t:|1659523120
|switch|p2a: Quagsire|Quagsire, M|100/100
|move|p1a: Nihilego|Meteor Beam||[still]
|-prepare|p1a: Nihilego|Meteor Beam
|-boost|p1a: Nihilego|spa|1
|
|upkeep
|turn|23
|
|t:|1659523122
|move|p1a: Nihilego|Meteor Beam|p2a: Quagsire|[from]lockedmove|[miss]
|-miss|p1a: Nihilego|p2a: Quagsire
|move|p2a: Quagsire|Earthquake|p1a: Nihilego
|-supereffective|p1a: Nihilego
|-damage|p1a: Nihilego|0 fnt
|faint|p1a: Nihilego
|
|upkeep
|j| the pharoah
|j| D Cawotte
|c|☆LT91BB xray|fuuck
|j| wenguyenchi3000
|
|t:|1659523128
|switch|p1a: Tapu Lele|Tapu Lele|100/100
|-damage|p1a: Tapu Lele|88/100|[from] Stealth Rock
|-fieldstart|move: Psychic Terrain|[from] ability: Psychic Surge|[of] p1a: Tapu Lele
|turn|24
|j| whyad
|
|t:|1659523135
|switch|p2a: Cresselia|Cresselia, F|71/100
|move|p1a: Tapu Lele|Moonblast|p2a: Cresselia
|-damage|p2a: Cresselia|30/100
|
|-heal|p2a: Cresselia|37/100|[from] item: Leftovers
|upkeep
|turn|25
|
|t:|1659523138
|move|p2a: Cresselia|Protect|p2a: Cresselia
|-singleturn|p2a: Cresselia|Protect
|move|p1a: Tapu Lele|Moonblast|p2a: Cresselia
|-activate|p2a: Cresselia|move: Protect
|
|-heal|p2a: Cresselia|43/100|[from] item: Leftovers
|upkeep
|turn|26
|
|t:|1659523140
|move|p1a: Tapu Lele|Moonblast|p2a: Cresselia
|-damage|p2a: Cresselia|3/100
|move|p2a: Cresselia|Moonlight|p2a: Cresselia
|-heal|p2a: Cresselia|53/100
|
|-heal|p2a: Cresselia|60/100|[from] item: Leftovers
|upkeep
|turn|27
|j| 0meltdown
|c|☆LT91BB xray|had I only gotten rolls like this earlier
|-message|LT91BB xray forfeited.
|
|win|dmt dreams
|raw|LT91BB xray's rating: 2054 &rarr; <strong>2026</strong><br />(-28 for losing)
|raw|dmt dreams's rating: 1902 &rarr; <strong>1930</strong><br />(+28 for winning)
|l|☆LT91BB xray
|c|☆dmt dreams|gg
|l|☆dmt dreams
|l| Electric win
|l| fdgdfgdfgd
|l| Skyrio
|l| D Cawotte
|l| ibleachyourskin
|l| the pharoah
|l| 0meltdown
|l| LT91BB AlI
|l| Arcticunoo
|l| wenguyenchi3000
|l| Zirpurze
|j|☆LT91BB xray
|player|p1|LT91BB xray|#npl2022ballermannbierbaren
|l|☆LT91BB xray
|player|p1|
|l| LT91BB Storm
|l| LT91BB rejeff
|j| LT91BB Lennart
|j| LT91BB INSULT
|j| LT91BB Ahsan
|l| LT91BB Ahsan
|j| Lunarr
|j| marsandback
|l| Lunarr
|j| Outhippowdon
|l| marsandback
|l| Seleukus
|l| LT91BB Lennart
|l| huncholini I
|j| LT91BB skyfans
|l| Break Me Free
|l| Outhippowdon
|l| goats counter
|l| LT91BB acr1
|j| jfffj
