|j|☆Horrendous Dreams
|j|☆Stellar Flares
|inactive|Battle timer is ON: inactive players will automatically lose when time's up.
|t:|1614283575
|player|p1|Horrendous Dreams|malva|
|player|p2|Stellar Flares|265|
|teamsize|p1|6
|teamsize|p2|6
|gametype|singles
|gen|8
|tier|[Gen 8] OU
|rated|Tournament battle
|clearpoke
|poke|p1|Sceptile, M|
|poke|p1|Incineroar, M|
|poke|p1|Primarina, F|
|poke|p1|Chesnaught, M|
|poke|p1|Cinderace, F|
|poke|p1|Feraligatr, M|
|poke|p2|Toxapex, M|
|poke|p2|Blissey, F|
|poke|p2|Clefable, M|
|poke|p2|Charizard, M|
|poke|p2|Tornadus-Therian, M|
|poke|p2|Magikarp, F|
|rule|Sleep Clause Mod: Limit one foe put to sleep
|rule|Species Clause: Limit one of each Pokémon
|rule|OHKO Clause: OHKO moves are banned
|rule|Evasion Moves Clause: Evasion moves are banned
|rule|Endless Battle Clause: Forcing endless battles is banned
|rule|HP Percentage Mod: HP is shown in percentages
|rule|Dynamax Clause: You cannot dynamax
|teampreview
|inactive|Horrendous Dreams also wants the timer to be on.
|j| remodify
|j| VTMagno
|j| MoonPsychic
|j| Boyyayboy
|j| smile.dkc
|c| MoonPsychic|MAGIKARP
|j| JustPrimalDialgia
|c|☆Horrendous Dreams|magikarp?
|c| MoonPsychic|OMG
|c| MoonPsychic|OMG
|c| VTMagno|THE MAGIKARP POG
|c| MoonPsychic|OMG
|c| MoonPsychic|MAGIKARP
|j| kisian
|j| LilDreamer32
|c| JustPrimalDialgia|KAAAAAAAAAAARP\
|j| Miria_33
|c| Boyyayboy|Go horrendous
|j| i sniff elmers
|c| Miria_33|karp
|j| JimmyRivas
|c|☆Horrendous Dreams|hehe
|j| TeamPlamsa Memez
|l| kisian
|c|☆Horrendous Dreams|thank you
|j| Ian_Yo
|j| Datsko
|inactive|Horrendous Dreams has 120 seconds left.
|c| VTMagno|im sorry horrendous I now have to root for the magikarp guy
|c| Boyyayboy|:)
|c|☆Horrendous Dreams|lol
|c| MoonPsychic|watch that magikarp win
|c| i sniff elmers|karp karp
|c|☆Horrendous Dreams|it's all good
|c| LilDreamer32|magikarp pog
|c| MoonPsychic|i REALLY want the karp to win
|
|t:|1614283622
|start
|switch|p1a: Tony the tiger|Incineroar, M, shiny|100/100
|switch|p2a: Toxapex|Toxapex, M|100/100
|-ability|p1a: Tony the tiger|Intimidate|boost
|-unboost|p2a: Toxapex|atk|1
|turn|1
|j| le poissondp
|c| JimmyRivas|GO MAGIKARP!!!
|c| Boyyayboy|It's sash flail
|c| MoonPsychic|i mean magikarp is a FREAKING baseball team in the pokemon world!!!
|c| LilDreamer32|as it should be
|
|t:|1614283644
|move|p1a: Tony the tiger|Fake Out|p2a: Toxapex
|-damage|p2a: Toxapex|94/100
|-damage|p1a: Tony the tiger|84/100|[from] item: Rocky Helmet|[of] p2a: Toxapex
|cant|p2a: Toxapex|flinch
|
|upkeep
|turn|2
|c| Boyyayboy|Obviously
|c| MoonPsychic|i am NOT joking
|c|☆Horrendous Dreams|charizard and a tornadous
|c|☆Horrendous Dreams|interesting
|
|t:|1614283653
|move|p1a: Tony the tiger|Knock Off|p2a: Toxapex
|-damage|p2a: Toxapex|73/100
|-damage|p1a: Tony the tiger|68/100|[from] item: Rocky Helmet|[of] p2a: Toxapex
|-enditem|p2a: Toxapex|Rocky Helmet|[from] move: Knock Off|[of] p1a: Tony the tiger
|move|p2a: Toxapex|Toxic Spikes|p1a: Tony the tiger
|-sidestart|p1: Horrendous Dreams|move: Toxic Spikes
|
|upkeep
|turn|3
|c|☆Horrendous Dreams|tornadus*
|c|☆Horrendous Dreams|I can't spell
|
|t:|1614283662
|move|p1a: Tony the tiger|Parting Shot|p2a: Toxapex
|-unboost|p2a: Toxapex|atk|1
|-unboost|p2a: Toxapex|spa|1
|
|t:|1614283666
|switch|p1a: Soccer Mom|Cinderace, F, shiny|100/100|[from]move: Parting Shot
|move|p2a: Toxapex|Toxic Spikes|p1a: Soccer Mom
|-sidestart|p1: Horrendous Dreams|move: Toxic Spikes
|
|upkeep
|turn|4
|
|t:|1614283671
|move|p1a: Soccer Mom|Court Change|p1a: Soccer Mom
|-start|p1a: Soccer Mom|typechange|Normal|[from] ability: Libero
|-sideend|p1: Horrendous Dreams|Toxic Spikes|[silent]
|-sidestart|p2: Stellar Flares|Toxic Spikes|[silent]
|-sidestart|p2: Stellar Flares|Toxic Spikes|[silent]
|-activate|p1a: Soccer Mom|move: Court Change
|move|p2a: Toxapex|Knock Off|p1a: Soccer Mom
|-damage|p1a: Soccer Mom|89/100
|-enditem|p1a: Soccer Mom|Heavy-Duty Boots|[from] move: Knock Off|[of] p2a: Toxapex
|
|upkeep
|turn|5
|
|t:|1614283681
|switch|p1a: Bae|Primarina, F, shiny|100/100
|move|p2a: Toxapex|Toxic Spikes|p1a: Bae
|-sidestart|p1: Horrendous Dreams|move: Toxic Spikes
|
|upkeep
|turn|6
|
|t:|1614283687
|switch|p2a: Blissey|Blissey, F|100/100
|move|p1a: Bae|Psychic|p2a: Blissey
|-damage|p2a: Blissey|85/100
|
|upkeep
|turn|7
|c| MoonPsychic|Incineroar: You're Ugly, You're Disgusting, Give me 200%
|
|t:|1614283700
|switch|p1a: Soccer Mom|Cinderace, F, shiny|89/100
|-status|p1a: Soccer Mom|psn
|move|p2a: Blissey|Teleport|p2a: Blissey
|c| MoonPsychic|*incineroar used parting shot*
|
|t:|1614283702
|switch|p2a: Toxapex|Toxapex, M|100/100|[from]move: Teleport
|-sideend|p2: Stellar Flares|move: Toxic Spikes|[of] p2a: Toxapex
|
|-damage|p1a: Soccer Mom|77/100 psn|[from] psn
|upkeep
|turn|8
|
|t:|1614283706
|move|p1a: Soccer Mom|Court Change|p1a: Soccer Mom
|-start|p1a: Soccer Mom|typechange|Normal|[from] ability: Libero
|-sideend|p1: Horrendous Dreams|Toxic Spikes|[silent]
|-sidestart|p2: Stellar Flares|Toxic Spikes|[silent]
|-activate|p1a: Soccer Mom|move: Court Change
|move|p2a: Toxapex|Toxic Spikes|p1a: Soccer Mom
|-sidestart|p1: Horrendous Dreams|move: Toxic Spikes
|
|-damage|p1a: Soccer Mom|65/100 psn|[from] psn
|upkeep
|turn|9
|c|☆Horrendous Dreams|...
|c|☆Stellar Flares|xD
|c|☆Horrendous Dreams|Well uh
|c| Boyyayboy|Shit
|c|☆Horrendous Dreams|He's been scouting out my team in the previous games
|c|☆Horrendous Dreams|I know that for sure
|c|☆Stellar Flares|your entire carreer ended
|c| LilDreamer32|bruh
|inactive|Horrendous Dreams has 120 seconds left.
|
|t:|1614283742
|switch|p1a: Christmas Tree|Sceptile, M, shiny|100/100
|-status|p1a: Christmas Tree|psn
|move|p2a: Toxapex|Scald|p1a: Christmas Tree
|-resisted|p1a: Christmas Tree
|-damage|p1a: Christmas Tree|91/100 psn
|
|-damage|p1a: Christmas Tree|78/100 psn|[from] psn
|upkeep
|turn|10
|c|☆Stellar Flares|no
|c| MoonPsychic|STELLER USE THE MAGIKARP :D
|c|☆Stellar Flares|I used this team R3
|inactive|Horrendous Dreams has 120 seconds left.
|c| le poissondp|your team is going to be pretty toxic horrendous dream
|c|☆Horrendous Dreams|yes you have
|j| GiantStonker
|c|☆Horrendous Dreams|you were watching the semifinals game
|
|t:|1614283761
|move|p1a: Christmas Tree|Substitute|p1a: Christmas Tree
|-start|p1a: Christmas Tree|Substitute
|-damage|p1a: Christmas Tree|54/100 psn
|move|p2a: Toxapex|Toxic Spikes|p1a: Christmas Tree
|-sidestart|p1: Horrendous Dreams|move: Toxic Spikes
|
|-damage|p1a: Christmas Tree|41/100 psn|[from] psn
|upkeep
|turn|11
|l| VTMagno
|c| remodify|lol, do i hear salt?
|c|☆Horrendous Dreams|not really
|c| Boyyayboy|He might use the blissey to bp stats onto his sash flail magikarp
|c|☆Stellar Flares|man I didn't even changed my sets, I even put a random karp
|c|☆Horrendous Dreams|It's just the truth
|c|☆Horrendous Dreams|you can't get mad at the truth
|inactive|Stellar Flares has 120 seconds left.
|
|t:|1614283787
|detailschange|p1a: Christmas Tree|Sceptile-Mega, M, shiny
|-mega|p1a: Christmas Tree|Sceptile|Sceptilite
|move|p1a: Christmas Tree|Leech Seed|p2a: Toxapex
|-start|p2a: Toxapex|move: Leech Seed
|move|p2a: Toxapex|Recover||[still]
|-fail|p2a: Toxapex|heal
|
|-damage|p2a: Toxapex|88/100|[from] Leech Seed|[of] p1a: Christmas Tree
|-heal|p1a: Christmas Tree|54/100 psn|[silent]
|-damage|p1a: Christmas Tree|42/100 psn|[from] psn
|upkeep
|turn|12
|
|t:|1614283793
|switch|p2a: Blissey|Blissey, F|85/100
|move|p1a: Christmas Tree|Dragon Pulse|p2a: Blissey
|-damage|p2a: Blissey|67/100
|
|-damage|p1a: Christmas Tree|29/100 psn|[from] psn
|upkeep
|turn|13
|
|t:|1614283798
|move|p1a: Christmas Tree|Leech Seed|p2a: Blissey
|-start|p2a: Blissey|move: Leech Seed
|move|p2a: Blissey|Soft-Boiled|p2a: Blissey
|-heal|p2a: Blissey|100/100
|
|-damage|p2a: Blissey|88/100|[from] Leech Seed|[of] p1a: Christmas Tree
|-heal|p1a: Christmas Tree|61/100 psn|[silent]
|-damage|p1a: Christmas Tree|49/100 psn|[from] psn
|upkeep
|turn|14
|
|t:|1614283803
|move|p1a: Christmas Tree|Dragon Pulse|p2a: Blissey
|-damage|p2a: Blissey|70/100
|move|p2a: Blissey|Teleport|p2a: Blissey
|
|t:|1614283808
|switch|p2a: Toxapex|Toxapex, M|100/100|[from]move: Teleport
|-sideend|p2: Stellar Flares|move: Toxic Spikes|[of] p2a: Toxapex
|
|-damage|p1a: Christmas Tree|36/100 psn|[from] psn
|upkeep
|turn|15
|c| remodify|i dunno man, it kind sounds like anchovies im not gon hold u
|
|t:|1614283814
|switch|p2a: Clefable|Clefable, M|100/100
|move|p1a: Christmas Tree|Leaf Storm|p2a: Clefable
|-damage|p2a: Clefable|31/100
|-unboost|p1a: Christmas Tree|spa|2
|
|-damage|p1a: Christmas Tree|24/100 psn|[from] psn
|upkeep
|turn|16
|c|☆Stellar Flares|:o
|c|☆Horrendous Dreams|anchovies?
|
|t:|1614283824
|switch|p1a: Soccer Mom|Cinderace, F, shiny|65/100 psn
|switch|p2a: Blissey|Blissey, F|70/100
|
|-damage|p1a: Soccer Mom|52/100 psn|[from] psn
|upkeep
|turn|17
|c| remodify|cus theyre salty
|c| JimmyRivas|This is the best final xDD
|c| MoonPsychic|Clefable:...this is fine
|c|☆Horrendous Dreams|oh
|
|t:|1614283831
|switch|p2a: Toxapex|Toxapex, M|100/100
|move|p1a: Soccer Mom|High Jump Kick|p2a: Toxapex
|-start|p1a: Soccer Mom|typechange|Fighting|[from] ability: Libero
|-resisted|p2a: Toxapex
|-damage|p2a: Toxapex|83/100
|
|-damage|p1a: Soccer Mom|40/100 psn|[from] psn
|upkeep
|turn|18
|c|☆Horrendous Dreams|well
|c|☆Horrendous Dreams|I lose cuz of tspikes
|
|t:|1614283842
|move|p1a: Soccer Mom|Court Change|p1a: Soccer Mom
|-start|p1a: Soccer Mom|typechange|Normal|[from] ability: Libero
|-sideend|p1: Horrendous Dreams|Toxic Spikes|[silent]
|-sidestart|p2: Stellar Flares|Toxic Spikes|[silent]
|-sidestart|p2: Stellar Flares|Toxic Spikes|[silent]
|-activate|p1a: Soccer Mom|move: Court Change
|move|p2a: Toxapex|Toxic Spikes|p1a: Soccer Mom
|-sidestart|p1: Horrendous Dreams|move: Toxic Spikes
|
|-damage|p1a: Soccer Mom|28/100 psn|[from] psn
|upkeep
|turn|19
|
|t:|1614283849
|switch|p1a: Chespin's dad|Chesnaught, M, shiny|100/100
|-status|p1a: Chespin's dad|psn
|move|p2a: Toxapex|Toxic Spikes|p1a: Chespin's dad
|-sidestart|p1: Horrendous Dreams|move: Toxic Spikes
|
|-damage|p1a: Chespin's dad|88/100 psn|[from] psn
|upkeep
|turn|20
|c| Boyyayboy|Fuck
|j| AquaVanilla
|
|t:|1614283860
|switch|p2a: Clefable|Clefable, M|31/100
|-status|p2a: Clefable|tox
|move|p1a: Chespin's dad|Spikes|p2a: Clefable
|-sidestart|p2: Stellar Flares|Spikes
|
|-heal|p1a: Chespin's dad|94/100 psn|[from] item: Leftovers
|-damage|p1a: Chespin's dad|82/100 psn|[from] psn
|upkeep
|turn|21
|
|t:|1614283865
|move|p1a: Chespin's dad|Seed Bomb|p2a: Clefable
|-damage|p2a: Clefable|8/100 tox
|move|p2a: Clefable|Soft-Boiled|p2a: Clefable
|-heal|p2a: Clefable|58/100 tox
|
|-heal|p1a: Chespin's dad|88/100 psn|[from] item: Leftovers
|-damage|p1a: Chespin's dad|76/100 psn|[from] psn
|upkeep
|turn|22
|c| AquaVanilla|MAGIKARP
|c|☆Horrendous Dreams|wow
|c| AquaVanilla|LGI
|c|☆Stellar Flares|bruh
|c|☆Horrendous Dreams|it lived
|c| JimmyRivas|Why use Ches?
|c| LilDreamer32|no magikarp unpog
|c|☆Horrendous Dreams|she's not gonna use the karp so it doesn't matter
|
|t:|1614283884
|move|p1a: Chespin's dad|Spikes|p2a: Clefable
|-sidestart|p2: Stellar Flares|Spikes
|move|p2a: Clefable|Soft-Boiled|p2a: Clefable
|-heal|p2a: Clefable|100/100 tox
|
|-heal|p1a: Chespin's dad|82/100 psn|[from] item: Leftovers
|-damage|p1a: Chespin's dad|69/100 psn|[from] psn
|upkeep
|turn|23
|c| MoonPsychic|Fun Fact: Magikarp is an actual baseball team in the pokemon world
|
|t:|1614283890
|move|p1a: Chespin's dad|Spikes|p2a: Clefable
|-sidestart|p2: Stellar Flares|Spikes
|move|p2a: Clefable|Calm Mind|p2a: Clefable
|-boost|p2a: Clefable|spa|1
|-boost|p2a: Clefable|spd|1
|
|-heal|p1a: Chespin's dad|75/100 psn|[from] item: Leftovers
|-damage|p1a: Chespin's dad|63/100 psn|[from] psn
|upkeep
|turn|24
|
|t:|1614283898
|switch|p1a: Alligator|Feraligatr, M, shiny|100/100
|-status|p1a: Alligator|tox
|move|p2a: Clefable|Calm Mind|p2a: Clefable
|-boost|p2a: Clefable|spa|1
|-boost|p2a: Clefable|spd|1
|
|-damage|p1a: Alligator|94/100 tox|[from] psn
|upkeep
|turn|25
|
|t:|1614283901
|move|p1a: Alligator|Liquidation|p2a: Clefable
|-damage|p2a: Clefable|48/100 tox
|move|p2a: Clefable|Moonblast|p1a: Alligator
|-damage|p1a: Alligator|20/100 tox
|
|-damage|p1a: Alligator|8/100 tox|[from] psn
|upkeep
|turn|26
|
|t:|1614283909
|switch|p2a: Tornadus|Tornadus-Therian, M|100/100
|move|p1a: Alligator|Liquidation|p2a: Tornadus
|-damage|p2a: Tornadus|32/100
|
|-damage|p1a: Alligator|0 fnt|[from] psn
|faint|p1a: Alligator
|upkeep
|c| MoonPsychic|it has been stated that way in the anime
|
|t:|1614283917
|switch|p1a: Soccer Mom|Cinderace, F, shiny|28/100 psn
|turn|27
|c| Boyyayboy|It's gonna bp
|
|t:|1614283927
|move|p1a: Soccer Mom|Sucker Punch|p2a: Tornadus
|-start|p1a: Soccer Mom|typechange|Dark|[from] ability: Libero
|-damage|p2a: Tornadus|0 fnt
|faint|p2a: Tornadus
|
|-damage|p1a: Soccer Mom|15/100 psn|[from] psn
|upkeep
|c| Boyyayboy|Or not
|c| MoonPsychic|IS IT TIME?
|
|t:|1614283944
|switch|p2a: Toxapex|Toxapex, M|100/100
|-sideend|p2: Stellar Flares|move: Toxic Spikes|[of] p2a: Toxapex
|-damage|p2a: Toxapex|76/100|[from] Spikes
|turn|28
|c| MoonPsychic|aawww
|c| MoonPsychic|no
|c|☆Horrendous Dreams|I might just sac ace
|c| JimmyRivas|Buuuh!!!
|c| remodify|magi isnt seeing play in this game
|
|t:|1614283959
|move|p1a: Soccer Mom|High Jump Kick|p2a: Toxapex|[miss]
|-start|p1a: Soccer Mom|typechange|Fighting|[from] ability: Libero
|-miss|p1a: Soccer Mom|p2a: Toxapex
|-damage|p1a: Soccer Mom|0 fnt|[from] highjumpkick
|faint|p1a: Soccer Mom
|move|p2a: Toxapex|Recover|p2a: Toxapex
|-heal|p2a: Toxapex|100/100
|
|upkeep
|c| MoonPsychic|HIGH JUMP MISS
|c|☆Horrendous Dreams|and I deserved that
|c| LilDreamer32|nice sack
|c| MoonPsychic|LMAO
|c|☆Horrendous Dreams|for using ace
|c| GiantStonker|damn
|c|☆Horrendous Dreams|LMAO
|c|☆Horrendous Dreams|"nice sack"
|
|t:|1614283979
|switch|p1a: Tony the tiger|Incineroar, M, shiny|68/100
|-status|p1a: Tony the tiger|tox
|-ability|p1a: Tony the tiger|Intimidate|boost
|-unboost|p2a: Toxapex|atk|1
|turn|29
|c| JimmyRivas|Magi >>>> All pokes
|
|t:|1614283985
|move|p1a: Tony the tiger|Parting Shot|p2a: Toxapex
|-unboost|p2a: Toxapex|atk|1
|-unboost|p2a: Toxapex|spa|1
|
|t:|1614283987
|switch|p1a: Christmas Tree|Sceptile-Mega, M, shiny|24/100 psn|[from]move: Parting Shot
|move|p2a: Toxapex|Scald|p1a: Christmas Tree
|-resisted|p1a: Christmas Tree
|-damage|p1a: Christmas Tree|20/100 psn
|
|-damage|p1a: Christmas Tree|8/100 psn|[from] psn
|upkeep
|turn|30
|c| Boyyayboy|Just use aces dumb cousin blaziken
|c|☆Horrendous Dreams|raboot*
|
|t:|1614284000
|switch|p1a: Chespin's dad|Chesnaught, M, shiny|63/100 psn
|switch|p2a: Clefable|Clefable, M|48/100 tox
|
|-heal|p1a: Chespin's dad|69/100 psn|[from] item: Leftovers
|-damage|p1a: Chespin's dad|57/100 psn|[from] psn
|upkeep
|turn|31
|c|☆Stellar Flares|prediction
|
|t:|1614284006
|move|p1a: Chespin's dad|Seed Bomb|p2a: Clefable
|-damage|p2a: Clefable|25/100 tox
|move|p2a: Clefable|Soft-Boiled|p2a: Clefable
|-heal|p2a: Clefable|75/100 tox
|
|-heal|p1a: Chespin's dad|63/100 psn|[from] item: Leftovers
|-damage|p1a: Chespin's dad|50/100 psn|[from] psn
|upkeep
|turn|32
|c| Boyyayboy|He has 2
|c| MoonPsychic|*please*
|c|☆Horrendous Dreams|I only lost cuz of tspikes bruh
|c| MoonPsychic|*USE THE MAGIKARP*
|c|☆Horrendous Dreams|she didn't even use magikarp
|-message|Horrendous Dreams forfeited.
|
|win|Stellar Flares
|n|☆Horrendous Dreams|horrendousdreams
|n|☆Stellar Flares|stellarflares
|n| remodify|remodify
|n| MoonPsychic|moonpsychic
|n| Boyyayboy|boyyayboy
|n| smile.dkc|smiledkc
|n| JustPrimalDialgia|justprimaldialgia
|n| LilDreamer32|lildreamer32
|n| Miria_33|miria33
|n| i sniff elmers|isniffelmers
|n| JimmyRivas|jimmyrivas
|n| TeamPlamsa Memez|teamplamsamemez
|n| Ian_Yo|ianyo
|n| Datsko|datsko
|n| le poissondp|lepoissondp
|n| GiantStonker|giantstonker
|n| AquaVanilla|aquavanilla
