|j|☆xSkelly34
|j|☆playboi spectrier
|t:|1653357776
|gametype|singles
|player|p1|xSkelly34|bugsy|1587
|player|p2|playboi spectrier|unknown|1573
|teamsize|p1|6
|teamsize|p2|6
|gen|8
|tier|[Gen 8] OU
|rated|
|rule|Sleep Clause Mod: Limit one foe put to sleep
|rule|Species Clause: Limit one of each Pokémon
|rule|OHKO Clause: OHKO moves are banned
|rule|Evasion Moves Clause: Evasion moves are banned
|rule|Endless Battle Clause: Forcing endless battles is banned
|rule|HP Percentage Mod: HP is shown in percentages
|rule|Dynamax Clause: You cannot dynamax
|clearpoke
|poke|p1|Blaziken, M|
|poke|p1|Landorus-Therian, M|
|poke|p1|Nihilego|
|poke|p1|Celesteela|
|poke|p1|Kartana|
|poke|p1|Urshifu-*, M|
|poke|p2|Rhyperior, F|
|poke|p2|Aegislash, F|
|poke|p2|Tornadus-Therian, M|
|poke|p2|Slowbro, M|
|poke|p2|Ferrothorn, M|
|poke|p2|Corviknight, F|
|teampreview
|
|t:|1653357794
|start
|switch|p1a: Landorus|Landorus-Therian, M, shiny|100/100
|switch|p2a: Slowbro|Slowbro, M|100/100
|-ability|p1a: Landorus|Intimidate|boost
|-unboost|p2a: Slowbro|atk|1
|turn|1
|
|t:|1653357799
|move|p1a: Landorus|Knock Off|p2a: Slowbro
|-supereffective|p2a: Slowbro
|-enditem|p2a: Slowbro|Colbur Berry|[eat]
|-enditem|p2a: Slowbro|Colbur Berry|[weaken]
|-damage|p2a: Slowbro|82/100
|move|p2a: Slowbro|Scald|p1a: Landorus
|-supereffective|p1a: Landorus
|-damage|p1a: Landorus|62/100
|
|-heal|p1a: Landorus|68/100|[from] item: Leftovers
|upkeep
|turn|2
|
|t:|1653357810
|move|p1a: Landorus|U-turn|p2a: Slowbro
|-supereffective|p2a: Slowbro
|-crit|p2a: Slowbro
|-damage|p2a: Slowbro|44/100
|
|t:|1653357816
|switch|p1a: Nihilego|Nihilego, shiny|100/100|[from]move: U-turn
|move|p2a: Slowbro|Scald|p1a: Nihilego
|-supereffective|p1a: Nihilego
|-damage|p1a: Nihilego|63/100
|
|upkeep
|turn|3
|
|t:|1653357820
|switch|p2a: Rhyperior|Rhyperior, F|100/100
|move|p1a: Nihilego|Stealth Rock|p2a: Rhyperior
|-sidestart|p2: playboi spectrier|move: Stealth Rock
|
|upkeep
|turn|4
|
|t:|1653357832
|switch|p1a: Kartana|Kartana, shiny|100/100
|move|p2a: Rhyperior|Stealth Rock|p1a: Kartana
|-sidestart|p1: xSkelly34|move: Stealth Rock
|
|upkeep
|turn|5
|
|t:|1653357837
|switch|p2a: Ferrothorn|Ferrothorn, M|100/100
|-damage|p2a: Ferrothorn|94/100|[from] Stealth Rock
|move|p1a: Kartana|Knock Off|p2a: Ferrothorn
|-damage|p2a: Ferrothorn|64/100
|-activate|p2a: Ferrothorn|ability: Iron Barbs
|-activate|p1a: Kartana|item: Protective Pads
|-enditem|p2a: Ferrothorn|Leftovers|[from] move: Knock Off|[of] p1a: Kartana
|
|upkeep
|turn|6
|
|t:|1653357844
|switch|p2a: Tornadus|Tornadus-Therian, M|100/100
|move|p1a: Kartana|Swords Dance|p1a: Kartana
|-boost|p1a: Kartana|atk|2
|
|upkeep
|turn|7
|
|t:|1653357850
|switch|p1a: Landorus|Landorus-Therian, M, shiny|68/100
|-damage|p1a: Landorus|56/100|[from] Stealth Rock
|-ability|p1a: Landorus|Intimidate|boost
|-unboost|p2a: Tornadus|atk|1
|move|p2a: Tornadus|Hurricane|p1a: Landorus|[miss]
|-miss|p2a: Tornadus|p1a: Landorus
|
|-heal|p1a: Landorus|62/100|[from] item: Leftovers
|upkeep
|turn|8
|
|t:|1653357856
|move|p2a: Tornadus|U-turn|p1a: Landorus
|-resisted|p1a: Landorus
|-damage|p1a: Landorus|57/100
|
|t:|1653357861
|switch|p2a: Ferrothorn|Ferrothorn, M|64/100|[from]move: U-turn
|-damage|p2a: Ferrothorn|58/100|[from] Stealth Rock
|move|p1a: Landorus|Knock Off|p2a: Ferrothorn
|-damage|p2a: Ferrothorn|44/100
|-damage|p1a: Landorus|45/100|[from] ability: Iron Barbs|[of] p2a: Ferrothorn
|
|-heal|p1a: Landorus|51/100|[from] item: Leftovers
|upkeep
|turn|9
|
|t:|1653357889
|switch|p1a: Kartana|Kartana, shiny|100/100
|-damage|p1a: Kartana|94/100|[from] Stealth Rock
|move|p2a: Ferrothorn|Power Whip|p1a: Kartana|[miss]
|-miss|p2a: Ferrothorn|p1a: Kartana
|
|upkeep
|turn|10
|
|t:|1653357896
|switch|p2a: Tornadus|Tornadus-Therian, M|100/100
|move|p1a: Kartana|Knock Off|p2a: Tornadus
|-damage|p2a: Tornadus|51/100
|-enditem|p2a: Tornadus|Heavy-Duty Boots|[from] move: Knock Off|[of] p1a: Kartana
|
|upkeep
|turn|11
|
|t:|1653357906
|switch|p1a: Nihilego|Nihilego, shiny|63/100
|-damage|p1a: Nihilego|50/100|[from] Stealth Rock
|move|p2a: Tornadus|Knock Off|p1a: Nihilego
|-damage|p1a: Nihilego|19/100
|-enditem|p1a: Nihilego|Power Herb|[from] move: Knock Off|[of] p2a: Tornadus
|
|upkeep
|turn|12
|
|t:|1653357915
|move|p2a: Tornadus|U-turn|p1a: Nihilego
|-resisted|p1a: Nihilego
|-damage|p1a: Nihilego|8/100
|
|t:|1653357916
|switch|p2a: Rhyperior|Rhyperior, F|100/100|[from]move: U-turn
|-damage|p2a: Rhyperior|94/100|[from] Stealth Rock
|move|p1a: Nihilego|Power Gem|p2a: Rhyperior
|-resisted|p2a: Rhyperior
|-damage|p2a: Rhyperior|77/100
|
|-heal|p2a: Rhyperior|83/100|[from] item: Leftovers
|upkeep
|turn|13
|
|t:|1653357927
|move|p1a: Nihilego|Sludge Wave|p2a: Rhyperior
|-resisted|p2a: Rhyperior
|-damage|p2a: Rhyperior|72/100
|move|p2a: Rhyperior|Earthquake|p1a: Nihilego
|-supereffective|p1a: Nihilego
|-damage|p1a: Nihilego|0 fnt
|faint|p1a: Nihilego
|
|-heal|p2a: Rhyperior|78/100|[from] item: Leftovers
|upkeep
|
|t:|1653357940
|switch|p1a: Celesteela|Celesteela, shiny|100/100
|-damage|p1a: Celesteela|88/100|[from] Stealth Rock
|turn|14
|
|t:|1653357968
|switch|p1a: Landorus|Landorus-Therian, M, shiny|51/100
|-damage|p1a: Landorus|39/100|[from] Stealth Rock
|-ability|p1a: Landorus|Intimidate|boost
|-unboost|p2a: Rhyperior|atk|1
|move|p2a: Rhyperior|Swords Dance|p2a: Rhyperior
|-boost|p2a: Rhyperior|atk|2
|
|-heal|p1a: Landorus|45/100|[from] item: Leftovers
|-heal|p2a: Rhyperior|84/100|[from] item: Leftovers
|upkeep
|turn|15
|
|t:|1653357974
|switch|p2a: Tornadus|Tornadus-Therian, M|85/100
|-damage|p2a: Tornadus|60/100|[from] Stealth Rock
|move|p1a: Landorus|Earthquake|p2a: Tornadus
|-immune|p2a: Tornadus
|
|-heal|p1a: Landorus|51/100|[from] item: Leftovers
|upkeep
|turn|16
|
|t:|1653357978
|move|p2a: Tornadus|Knock Off|p1a: Landorus
|-damage|p1a: Landorus|32/100
|-enditem|p1a: Landorus|Leftovers|[from] move: Knock Off|[of] p2a: Tornadus
|move|p1a: Landorus|U-turn|p2a: Tornadus
|-resisted|p2a: Tornadus
|-damage|p2a: Tornadus|48/100
|
|t:|1653357989
|switch|p1a: Urshifu|Urshifu-Rapid-Strike, M|100/100|[from]move: U-turn
|-damage|p1a: Urshifu|94/100|[from] Stealth Rock
|
|upkeep
|turn|17
|
|t:|1653357993
|switch|p2a: Slowbro|Slowbro, M|77/100
|-damage|p2a: Slowbro|64/100|[from] Stealth Rock
|move|p1a: Urshifu|U-turn|p2a: Slowbro
|-supereffective|p2a: Slowbro
|-damage|p2a: Slowbro|33/100
|
|t:|1653358001
|switch|p1a: Kartana|Kartana, shiny|94/100|[from]move: U-turn
|-damage|p1a: Kartana|88/100|[from] Stealth Rock
|
|upkeep
|turn|18
|
|t:|1653358005
|switch|p2a: Tornadus|Tornadus-Therian, M|81/100
|-damage|p2a: Tornadus|56/100|[from] Stealth Rock
|move|p1a: Kartana|Knock Off|p2a: Tornadus
|-damage|p2a: Tornadus|23/100
|
|upkeep
|turn|19
|
|t:|1653358011
|switch|p1a: Landorus|Landorus-Therian, M, shiny|32/100
|-damage|p1a: Landorus|20/100|[from] Stealth Rock
|-ability|p1a: Landorus|Intimidate|boost
|-unboost|p2a: Tornadus|atk|1
|move|p2a: Tornadus|Hurricane|p1a: Landorus
|-damage|p1a: Landorus|0 fnt
|faint|p1a: Landorus
|
|upkeep
|
|t:|1653358014
|switch|p1a: Urshifu|Urshifu-Rapid-Strike, M|94/100
|-damage|p1a: Urshifu|88/100|[from] Stealth Rock
|turn|20
|
|t:|1653358022
|switch|p2a: Ferrothorn|Ferrothorn, M|44/100
|-damage|p2a: Ferrothorn|38/100|[from] Stealth Rock
|move|p1a: Urshifu|U-turn|p2a: Ferrothorn
|-damage|p2a: Ferrothorn|20/100
|-damage|p1a: Urshifu|76/100|[from] ability: Iron Barbs|[of] p2a: Ferrothorn
|
|t:|1653358030
|switch|p1a: Celesteela|Celesteela, shiny|88/100|[from]move: U-turn
|-damage|p1a: Celesteela|76/100|[from] Stealth Rock
|
|upkeep
|turn|21
|
|t:|1653358042
|switch|p2a: Rhyperior|Rhyperior, F|84/100
|-damage|p2a: Rhyperior|78/100|[from] Stealth Rock
|move|p1a: Celesteela|Air Slash|p2a: Rhyperior
|-resisted|p2a: Rhyperior
|-damage|p2a: Rhyperior|62/100
|
|-heal|p2a: Rhyperior|68/100|[from] item: Leftovers
|upkeep
|turn|22
|
|t:|1653358048
|switch|p1a: Kartana|Kartana, shiny|88/100
|-damage|p1a: Kartana|82/100|[from] Stealth Rock
|move|p2a: Rhyperior|Stone Edge|p1a: Kartana
|-resisted|p1a: Kartana
|-damage|p1a: Kartana|55/100
|
|-heal|p2a: Rhyperior|75/100|[from] item: Leftovers
|upkeep
|turn|23
|
|t:|1653358056
|move|p1a: Kartana|Knock Off|p2a: Rhyperior
|-damage|p2a: Rhyperior|46/100
|-enditem|p2a: Rhyperior|Leftovers|[from] move: Knock Off|[of] p1a: Kartana
|move|p2a: Rhyperior|Earthquake|p1a: Kartana
|-damage|p1a: Kartana|0 fnt
|faint|p1a: Kartana
|
|upkeep
|
|t:|1653358060
|switch|p1a: Blaziken|Blaziken, M, shiny|100/100
|-damage|p1a: Blaziken|88/100|[from] Stealth Rock
|-item|p1a: Blaziken|Air Balloon
|turn|24
|
|t:|1653358065
|move|p1a: Blaziken|Swords Dance|p1a: Blaziken
|-boost|p1a: Blaziken|atk|2
|move|p2a: Rhyperior|Stone Edge|p1a: Blaziken
|-crit|p1a: Blaziken
|-damage|p1a: Blaziken|0 fnt
|-enditem|p1a: Blaziken|Air Balloon
|faint|p1a: Blaziken
|
|upkeep
|
|t:|1653358073
|switch|p1a: Urshifu|Urshifu-Rapid-Strike, M|76/100
|-damage|p1a: Urshifu|70/100|[from] Stealth Rock
|turn|25
|
|t:|1653358090
|switch|p2a: Slowbro|Slowbro, M|66/100
|-damage|p2a: Slowbro|54/100|[from] Stealth Rock
|move|p1a: Urshifu|Surging Strikes|p2a: Slowbro
|-resisted|p2a: Slowbro
|-crit|p2a: Slowbro
|-damage|p2a: Slowbro|48/100
|-resisted|p2a: Slowbro
|-crit|p2a: Slowbro
|-damage|p2a: Slowbro|42/100
|-resisted|p2a: Slowbro
|-crit|p2a: Slowbro
|-damage|p2a: Slowbro|36/100
|-hitcount|p2a: Slowbro|3
|
|upkeep
|turn|26
|
|t:|1653358106
|switch|p2a: Ferrothorn|Ferrothorn, M|20/100
|-damage|p2a: Ferrothorn|14/100|[from] Stealth Rock
|move|p1a: Urshifu|Surging Strikes|p2a: Ferrothorn
|-resisted|p2a: Ferrothorn
|-crit|p2a: Ferrothorn
|-damage|p2a: Ferrothorn|6/100
|-damage|p1a: Urshifu|57/100|[from] ability: Iron Barbs|[of] p2a: Ferrothorn
|-resisted|p2a: Ferrothorn
|-crit|p2a: Ferrothorn
|-damage|p2a: Ferrothorn|0 fnt
|-damage|p1a: Urshifu|45/100|[from] ability: Iron Barbs|[of] p2a: Ferrothorn
|faint|p2a: Ferrothorn
|-hitcount|p2: Ferrothorn|2
|
|upkeep
|
|t:|1653358122
|switch|p2a: Slowbro|Slowbro, M|69/100
|-damage|p2a: Slowbro|57/100|[from] Stealth Rock
|turn|27
|inactive|Battle timer is ON: inactive players will automatically lose when time's up. (requested by xSkelly34)
|l|☆xSkelly34
|inactive|xSkelly34 disconnected and has a minute to reconnect!
|player|p1|
|j|☆xSkelly34
|inactive|xSkelly34 reconnected and has 135 seconds left.
|player|p1|xSkelly34|bugsy
|
|t:|1653358165
|move|p1a: Urshifu|Surging Strikes|p2a: Slowbro
|-resisted|p2a: Slowbro
|-crit|p2a: Slowbro
|-damage|p2a: Slowbro|50/100
|-resisted|p2a: Slowbro
|-crit|p2a: Slowbro
|-damage|p2a: Slowbro|44/100
|-resisted|p2a: Slowbro
|-crit|p2a: Slowbro
|-damage|p2a: Slowbro|38/100
|-hitcount|p2a: Slowbro|3
|move|p2a: Slowbro|Teleport|p2a: Slowbro
|
|t:|1653358169
|switch|p2a: Aegislash|Aegislash, F|100/100|[from]move: Teleport
|-damage|p2a: Aegislash|94/100|[from] Stealth Rock
|
|upkeep
|turn|28
|
|t:|1653358173
|switch|p2a: Slowbro|Slowbro, M|72/100
|-damage|p2a: Slowbro|59/100|[from] Stealth Rock
|move|p1a: Urshifu|Surging Strikes|p2a: Slowbro
|-resisted|p2a: Slowbro
|-crit|p2a: Slowbro
|-damage|p2a: Slowbro|53/100
|-resisted|p2a: Slowbro
|-crit|p2a: Slowbro
|-damage|p2a: Slowbro|47/100
|-resisted|p2a: Slowbro
|-crit|p2a: Slowbro
|-damage|p2a: Slowbro|41/100
|-hitcount|p2a: Slowbro|3
|
|upkeep
|turn|29
|
|t:|1653358177
|move|p1a: Urshifu|Surging Strikes|p2a: Slowbro
|-resisted|p2a: Slowbro
|-crit|p2a: Slowbro
|-damage|p2a: Slowbro|35/100
|-resisted|p2a: Slowbro
|-crit|p2a: Slowbro
|-damage|p2a: Slowbro|28/100
|-resisted|p2a: Slowbro
|-crit|p2a: Slowbro
|-damage|p2a: Slowbro|23/100
|-hitcount|p2a: Slowbro|3
|move|p2a: Slowbro|Slack Off|p2a: Slowbro
|-heal|p2a: Slowbro|73/100
|
|upkeep
|turn|30
|
|t:|1653358182
|move|p1a: Urshifu|Surging Strikes|p2a: Slowbro
|-resisted|p2a: Slowbro
|-crit|p2a: Slowbro
|-damage|p2a: Slowbro|67/100
|-resisted|p2a: Slowbro
|-crit|p2a: Slowbro
|-damage|p2a: Slowbro|61/100
|-resisted|p2a: Slowbro
|-crit|p2a: Slowbro
|-damage|p2a: Slowbro|55/100
|-hitcount|p2a: Slowbro|3
|move|p2a: Slowbro|Slack Off|p2a: Slowbro
|-heal|p2a: Slowbro|100/100
|
|upkeep
|turn|31
|
|t:|1653358186
|move|p1a: Urshifu|Surging Strikes|p2a: Slowbro
|-resisted|p2a: Slowbro
|-crit|p2a: Slowbro
|-damage|p2a: Slowbro|94/100
|-resisted|p2a: Slowbro
|-crit|p2a: Slowbro
|-damage|p2a: Slowbro|88/100
|-resisted|p2a: Slowbro
|-crit|p2a: Slowbro
|-damage|p2a: Slowbro|81/100
|-hitcount|p2a: Slowbro|3
|move|p2a: Slowbro|Scald|p1a: Urshifu
|-resisted|p1a: Urshifu
|-damage|p1a: Urshifu|26/100
|
|upkeep
|turn|32
|
|t:|1653358193
|move|p1a: Urshifu|Surging Strikes|p2a: Slowbro
|-resisted|p2a: Slowbro
|-crit|p2a: Slowbro
|-damage|p2a: Slowbro|75/100
|-resisted|p2a: Slowbro
|-crit|p2a: Slowbro
|-damage|p2a: Slowbro|69/100
|-resisted|p2a: Slowbro
|-crit|p2a: Slowbro
|-damage|p2a: Slowbro|63/100
|-hitcount|p2a: Slowbro|3
|move|p2a: Slowbro|Teleport|p2a: Slowbro
|
|t:|1653358200
|switch|p2a: Corviknight|Corviknight, F|100/100|[from]move: Teleport
|-damage|p2a: Corviknight|88/100|[from] Stealth Rock
|
|-heal|p2a: Corviknight|94/100|[from] item: Leftovers
|upkeep
|turn|33
|
|t:|1653358203
|-activate|p1a: Urshifu|move: Struggle
|move|p1a: Urshifu|Struggle|p2a: Corviknight
|-damage|p2a: Corviknight|79/100
|-damage|p1a: Urshifu|1/100|[from] recoil
|move|p2a: Corviknight|Agility|p2a: Corviknight
|-boost|p2a: Corviknight|spe|2
|
|-heal|p2a: Corviknight|85/100|[from] item: Leftovers
|upkeep
|turn|34
|
|t:|1653358206
|-activate|p1a: Urshifu|move: Struggle
|move|p1a: Urshifu|Struggle|p2a: Corviknight
|-damage|p2a: Corviknight|70/100
|-damage|p1a: Urshifu|0 fnt|[from] recoil
|faint|p1a: Urshifu
|move|p2a: Corviknight|Bulk Up|p2a: Corviknight
|-boost|p2a: Corviknight|atk|1
|-boost|p2a: Corviknight|def|1
|
|-heal|p2a: Corviknight|76/100|[from] item: Leftovers
|upkeep
|
|t:|1653358208
|switch|p1a: Celesteela|Celesteela, shiny|76/100
|-damage|p1a: Celesteela|64/100|[from] Stealth Rock
|turn|35
|
|t:|1653358213
|move|p2a: Corviknight|Power Trip|p1a: Celesteela
|-damage|p1a: Celesteela|26/100
|move|p1a: Celesteela|Autotomize|p1a: Celesteela
|-boost|p1a: Celesteela|spe|2
|-start|p1a: Celesteela|Autotomize
|
|-heal|p2a: Corviknight|82/100|[from] item: Leftovers
|upkeep
|turn|36
|
|t:|1653358222
|move|p1a: Celesteela|Meteor Beam||[still]
|-prepare|p1a: Celesteela|Meteor Beam
|-boost|p1a: Celesteela|spa|1
|-enditem|p1a: Celesteela|Power Herb
|-anim|p1a: Celesteela|Meteor Beam|p2a: Corviknight
|-crit|p2a: Corviknight
|-damage|p2a: Corviknight|8/100
|move|p2a: Corviknight|Power Trip|p1a: Celesteela
|-damage|p1a: Celesteela|0 fnt
|faint|p1a: Celesteela
|
|win|playboi spectrier
|raw|xSkelly34's rating: 1587 &rarr; <strong>1566</strong><br />(-21 for losing)
|raw|playboi spectrier's rating: 1573 &rarr; <strong>1594</strong><br />(+21 for winning)
|c|☆playboi spectrier|gg
|l|☆xSkelly34
||Ladder isn't responding, score probably updated but might not have (Request timeout).
