|j|‽oof_oofington2
|j|☆Gotham Paladin
|t:|1663556924
|gametype|singles
|player|p1|oof_oofington2|dancer|1941
|player|p2|Gotham Paladin|oak-gen1rb|1821
|teamsize|p1|6
|teamsize|p2|6
|gen|8
|tier|[Gen 8] OU
|rated|
|rule|Sleep Clause Mod: Limit one foe put to sleep
|rule|Species Clause: Limit one of each Pokémon
|rule|OHKO Clause: OHKO moves are banned
|rule|Evasion Items Clause: Evasion items are banned
|rule|Evasion Moves Clause: Evasion moves are banned
|rule|Endless Battle Clause: Forcing endless battles is banned
|rule|HP Percentage Mod: HP is shown in percentages
|rule|Dynamax Clause: You cannot dynamax
|clearpoke
|poke|p1|Moltres-Galar|
|poke|p1|Aegislash, F|
|poke|p1|Buzzwole|
|poke|p1|Latios, M|
|poke|p1|Landorus-Therian, M|
|poke|p1|Bisharp, F|
|poke|p2|Urshifu-*, F|
|poke|p2|Slowking-Galar, M|
|poke|p2|Corviknight, M|
|poke|p2|Dragonite, F|
|poke|p2|Landorus-Therian, M|
|poke|p2|Dragapult, F|
|teampreview
|j| Bad Players
|
|t:|1663556935
|start
|switch|p1a: Latios|Latios, M|100/100
|switch|p2a: Urshifu|Urshifu-Rapid-Strike, F|100/100
|turn|1
|
|t:|1663556939
|switch|p2a: Slowking|Slowking-Galar, M|100/100
|move|p1a: Latios|Psychic|p2a: Slowking
|-damage|p2a: Slowking|77/100
|
|upkeep
|turn|2
|
|t:|1663556944
|move|p1a: Latios|Future Sight|p2a: Slowking
|-start|p1a: Latios|move: Future Sight
|move|p2a: Slowking|Flamethrower|p1a: Latios
|-resisted|p1a: Latios
|-damage|p1a: Latios|87/100
|
|upkeep
|turn|3
|
|t:|1663556951
|switch|p1a: Bisharp|Bisharp, F|100/100
|move|p2a: Slowking|Future Sight|p1a: Bisharp
|-start|p2a: Slowking|move: Future Sight
|
|upkeep
|turn|4
|j| lanfz
|
|t:|1663556956
|switch|p2a: Corviknight|Corviknight, M|100/100
|-ability|p2a: Corviknight|Pressure
|move|p1a: Bisharp|Knock Off|p2a: Corviknight
|-damage|p2a: Corviknight|69/100
|-enditem|p2a: Corviknight|Leftovers|[from] move: Knock Off|[of] p1a: Bisharp
|
|-end|p2a: Corviknight|move: Future Sight
|-resisted|p2a: Corviknight
|-crit|p2a: Corviknight
|-damage|p2a: Corviknight|28/100
|upkeep
|turn|5
|
|t:|1663556964
|move|p1a: Bisharp|Iron Head|p2a: Corviknight
|-resisted|p2a: Corviknight
|-damage|p2a: Corviknight|14/100
|move|p2a: Corviknight|Body Press|p1a: Bisharp
|-supereffective|p1a: Bisharp
|-damage|p1a: Bisharp|0 fnt
|faint|p1a: Bisharp
|
|-hint|Future Sight did not hit because the target is fainted.
|upkeep
|j| native192
|
|t:|1663556975
|switch|p1a: Moltres|Moltres-Galar|100/100
|turn|6
|
|t:|1663556981
|switch|p2a: Urshifu|Urshifu-Rapid-Strike, F|100/100
|move|p1a: Moltres|Fiery Wrath|p2a: Urshifu
|-resisted|p2a: Urshifu
|-damage|p2a: Urshifu|68/100
|
|upkeep
|turn|7
|
|t:|1663556987
|switch|p1a: Latios|Latios, M|87/100
|move|p2a: Urshifu|U-turn|p1a: Latios
|-supereffective|p1a: Latios
|-damage|p1a: Latios|22/100
|
|t:|1663556990
|switch|p2a: Slowking|Slowking-Galar, M|100/100|[from]move: U-turn
|
|upkeep
|turn|8
|
|t:|1663556997
|switch|p1a: Landorus|Landorus-Therian, M|100/100
|-ability|p1a: Landorus|Intimidate|boost
|-unboost|p2a: Slowking|atk|1
|move|p2a: Slowking|Sludge Bomb|p1a: Landorus
|-resisted|p1a: Landorus
|-damage|p1a: Landorus|74/100
|
|upkeep
|turn|9
|
|t:|1663557000
|move|p1a: Landorus|Stealth Rock|p2a: Slowking
|-sidestart|p2: Gotham Paladin|move: Stealth Rock
|move|p2a: Slowking|Scald|p1a: Landorus
|-supereffective|p1a: Landorus
|-damage|p1a: Landorus|19/100
|
|upkeep
|turn|10
|
|t:|1663557007
|switch|p2a: Corviknight|Corviknight, M|14/100
|-damage|p2a: Corviknight|1/100|[from] Stealth Rock
|-ability|p2a: Corviknight|Pressure
|move|p1a: Landorus|Earthquake|p2a: Corviknight
|-immune|p2a: Corviknight
|
|upkeep
|turn|11
|
|t:|1663557009
|move|p1a: Landorus|Smack Down|p2a: Corviknight
|-damage|p2a: Corviknight|0 fnt
|faint|p2a: Corviknight
|
|upkeep
|
|t:|1663557017
|switch|p2a: Urshifu|Urshifu-Rapid-Strike, F|68/100
|-damage|p2a: Urshifu|62/100|[from] Stealth Rock
|turn|12
|
|t:|1663557021
|move|p2a: Urshifu|Surging Strikes|p1a: Landorus
|-supereffective|p1a: Landorus
|-crit|p1a: Landorus
|-damage|p1a: Landorus|0 fnt
|faint|p1a: Landorus
|-hitcount|p1: Landorus|1
|
|upkeep
|
|t:|1663557024
|switch|p1a: Aegislash|Aegislash, F|100/100
|turn|13
|
|t:|1663557030
|move|p2a: Urshifu|Surging Strikes|p1a: Aegislash
|-crit|p1a: Aegislash
|-damage|p1a: Aegislash|84/100
|-crit|p1a: Aegislash
|-damage|p1a: Aegislash|67/100
|-crit|p1a: Aegislash
|-damage|p1a: Aegislash|52/100
|-hitcount|p1a: Aegislash|3
|-formechange|p1a: Aegislash|Aegislash-Blade||[from] ability: Stance Change
|move|p1a: Aegislash|Shadow Ball|p2a: Urshifu
|-damage|p2a: Urshifu|0 fnt
|faint|p2a: Urshifu
|
|upkeep
|j| Kyurem
|
|t:|1663557038
|switch|p2a: Landorus|Landorus-Therian, M|100/100
|-damage|p2a: Landorus|88/100|[from] Stealth Rock
|-ability|p2a: Landorus|Intimidate|boost
|-unboost|p1a: Aegislash|atk|1
|turn|14
|
|t:|1663557043
|switch|p1a: Buzzwole|Buzzwole|100/100
|move|p2a: Landorus|Earthquake|p1a: Buzzwole
|-resisted|p1a: Buzzwole
|-damage|p1a: Buzzwole|78/100
|
|upkeep
|turn|15
|
|t:|1663557048
|move|p2a: Landorus|Stealth Rock|p1a: Buzzwole
|-sidestart|p1: oof_oofington2|move: Stealth Rock
|move|p1a: Buzzwole|Ice Punch|p2a: Landorus
|-supereffective|p2a: Landorus
|-damage|p2a: Landorus|0 fnt
|faint|p2a: Landorus
|-ability|p1a: Buzzwole|Beast Boost|boost
|-boost|p1a: Buzzwole|atk|1
|
|upkeep
|
|t:|1663557052
|switch|p2a: Dragonite|Dragonite, F|100/100
|turn|16
|
|t:|1663557055
|move|p1a: Buzzwole|Ice Punch|p2a: Dragonite
|-supereffective|p2a: Dragonite
|-damage|p2a: Dragonite|0 fnt
|faint|p2a: Dragonite
|-ability|p1a: Buzzwole|Beast Boost|boost
|-boost|p1a: Buzzwole|atk|1
|
|upkeep
|
|t:|1663557061
|switch|p2a: Dragapult|Dragapult, F|100/100
|-damage|p2a: Dragapult|88/100|[from] Stealth Rock
|turn|17
|
|t:|1663557065
|move|p2a: Dragapult|Flamethrower|p1a: Buzzwole
|-supereffective|p1a: Buzzwole
|-damage|p1a: Buzzwole|0 fnt
|faint|p1a: Buzzwole
|
|upkeep
|
|t:|1663557067
|switch|p1a: Moltres|Moltres-Galar|100/100
|turn|18
|j| BabyPigsAreLaughin
|
|t:|1663557070
|switch|p2a: Slowking|Slowking-Galar, M|100/100
|-damage|p2a: Slowking|88/100|[from] Stealth Rock
|move|p1a: Moltres|Fiery Wrath|p2a: Slowking
|-supereffective|p2a: Slowking
|-damage|p2a: Slowking|55/100
|
|upkeep
|turn|19
|
|t:|1663557077
|switch|p1a: Aegislash|Aegislash, F|52/100
|-damage|p1a: Aegislash|46/100|[from] Stealth Rock
|switch|p2a: Dragapult|Dragapult, F|88/100
|-damage|p2a: Dragapult|76/100|[from] Stealth Rock
|
|upkeep
|turn|20
|
|t:|1663557080
|move|p1a: Aegislash|King's Shield|p1a: Aegislash
|-singleturn|p1a: Aegislash|Protect
|move|p2a: Dragapult|Flamethrower|p1a: Aegislash
|-activate|p1a: Aegislash|move: Protect
|
|upkeep
|turn|21
|
|t:|1663557090
|switch|p1a: Latios|Latios, M|22/100
|-damage|p1a: Latios|10/100|[from] Stealth Rock
|move|p2a: Dragapult|Flamethrower|p1a: Latios
|-resisted|p1a: Latios
|-damage|p1a: Latios|0 fnt
|faint|p1a: Latios
|
|upkeep
|
|t:|1663557093
|switch|p1a: Moltres|Moltres-Galar|100/100
|turn|22
|
|t:|1663557096
|switch|p2a: Slowking|Slowking-Galar, M|88/100
|-damage|p2a: Slowking|75/100|[from] Stealth Rock
|move|p1a: Moltres|Nasty Plot|p1a: Moltres
|-boost|p1a: Moltres|spa|2
|
|upkeep
|turn|23
|
|t:|1663557106
|move|p1a: Moltres|Agility|p1a: Moltres
|-boost|p1a: Moltres|spe|2
|move|p2a: Slowking|Sludge Bomb|p1a: Moltres
|-damage|p1a: Moltres|69/100
|
|upkeep
|turn|24
|
|t:|1663557112
|move|p1a: Moltres|Fiery Wrath|p2a: Slowking
|-supereffective|p2a: Slowking
|-damage|p2a: Slowking|0 fnt
|faint|p2a: Slowking
|
|upkeep
|j| sanna13
|-message|Gotham Paladin forfeited.
|
|win|oof_oofington2
|raw|oof_oofington2's rating: 1941 &rarr; <strong>1954</strong><br />(+13 for winning)
|raw|Gotham Paladin's rating: 1821 &rarr; <strong>1808</strong><br />(-13 for losing)
|l|☆Gotham Paladin
|l| lanfz
|l|‽oof_oofington2
|l| BabyPigsAreLaughin
||Ladder isn't responding, score probably updated but might not have (Request timeout).
|l| Bad Players
