|html|<div class="broadcast-blue"><strong>[Gen 8] OU is currently suspecting Melmetal! For information on how to participate check out the <a href="https://www.smogon.com/forums/threads/np-ss-ou-suspect-process-round-12-monster-mash.3709234/">suspect thread</a>.</strong></div>
|j|☆Elite4donovan
|j|☆Lost Temple
|t:|1666836518
|gametype|singles
|player|p1|Elite4donovan|lucas|1624
|player|p2|Lost Temple|brock-gen1rb|1653
|teamsize|p1|6
|teamsize|p2|6
|gen|8
|tier|[Gen 8] OU
|rated|
|rule|Sleep Clause Mod: Limit one foe put to sleep
|rule|Species Clause: Limit one of each Pokémon
|rule|OHKO Clause: OHKO moves are banned
|rule|Evasion Items Clause: Evasion items are banned
|rule|Evasion Moves Clause: Evasion moves are banned
|rule|Endless Battle Clause: Forcing endless battles is banned
|rule|HP Percentage Mod: HP is shown in percentages
|rule|Dynamax Clause: You cannot dynamax
|clearpoke
|poke|p1|Ninetales, F|
|poke|p1|Venusaur, F|
|poke|p1|Heatran, M|
|poke|p1|Darmanitan, F|
|poke|p1|Mandibuzz, F|
|poke|p1|Garchomp, M|
|poke|p2|Tapu Koko|
|poke|p2|Urshifu-*, M|
|poke|p2|Hydreigon, M|
|poke|p2|Slowking-Galar, M|
|poke|p2|Corviknight, M|
|poke|p2|Hippowdon, F|
|teampreview
|
|t:|1666836536
|start
|switch|p1a: Ninetales|Ninetales, F|100/100
|switch|p2a: Urshifu|Urshifu-Rapid-Strike, M|100/100
|-weather|SunnyDay|[from] ability: Drought|[of] p1a: Ninetales
|turn|1
|
|t:|1666836543
|switch|p1a: Mandibuzz|Mandibuzz, F|100/100
|switch|p2a: Hippowdon|Hippowdon, F|100/100
|-weather|Sandstorm|[from] ability: Sand Stream|[of] p2a: Hippowdon
|
|-weather|Sandstorm|[upkeep]
|upkeep
|turn|2
|
|t:|1666836545
|move|p1a: Mandibuzz|U-turn|p2a: Hippowdon
|-damage|p2a: Hippowdon|92/100
|
|t:|1666836546
|switch|p1a: Ninetales|Ninetales, F|100/100|[from]move: U-turn
|-weather|SunnyDay|[from] ability: Drought|[of] p1a: Ninetales
|move|p2a: Hippowdon|Stealth Rock|p1a: Ninetales
|-sidestart|p1: Elite4donovan|move: Stealth Rock
|
|-weather|SunnyDay|[upkeep]
|-heal|p2a: Hippowdon|98/100|[from] item: Leftovers
|upkeep
|turn|3
|
|t:|1666836550
|switch|p1a: Mandibuzz|Mandibuzz, F|100/100
|switch|p2a: Slowking|Slowking-Galar, M|100/100
|
|-weather|SunnyDay|[upkeep]
|upkeep
|turn|4
|
|t:|1666836554
|move|p1a: Mandibuzz|Defog|p2a: Slowking
|-unboost|p2a: Slowking|evasion|1
|-sideend|p1: Elite4donovan|Stealth Rock|[from] move: Defog|[of] p1a: Mandibuzz
|move|p2a: Slowking|Sludge Bomb|p1a: Mandibuzz
|-damage|p1a: Mandibuzz|75/100
|
|-weather|SunnyDay|[upkeep]
|upkeep
|turn|5
|
|t:|1666836556
|move|p1a: Mandibuzz|U-turn|p2a: Slowking
|-damage|p2a: Slowking|90/100
|
|t:|1666836559
|switch|p1a: Garchomp|Garchomp, M|100/100|[from]move: U-turn
|move|p2a: Slowking|Future Sight|p1a: Garchomp
|-start|p2a: Slowking|move: Future Sight
|
|-weather|SunnyDay|[upkeep]
|upkeep
|turn|6
|
|t:|1666836562
|switch|p1a: Heatran|Heatran, M|100/100
|move|p2a: Slowking|Ice Beam|p1a: Heatran
|-resisted|p1a: Heatran
|-damage|p1a: Heatran|95/100
|
|-weather|SunnyDay|[upkeep]
|upkeep
|turn|7
|
|t:|1666836565
|switch|p2a: Hippowdon|Hippowdon, F|98/100
|-weather|Sandstorm|[from] ability: Sand Stream|[of] p2a: Hippowdon
|move|p1a: Heatran|Eruption|p2a: Hippowdon
|-damage|p2a: Hippowdon|44/100
|
|-weather|Sandstorm|[upkeep]
|-end|p1a: Heatran|move: Future Sight
|-resisted|p1a: Heatran
|-damage|p1a: Heatran|71/100
|-heal|p2a: Hippowdon|50/100|[from] item: Leftovers
|upkeep
|turn|8
|
|t:|1666836572
|switch|p2a: Slowking|Slowking-Galar, M|100/100
|move|p1a: Heatran|Eruption|p2a: Slowking
|-damage|p2a: Slowking|77/100
|
|-weather|Sandstorm|[upkeep]
|-damage|p2a: Slowking|71/100|[from] Sandstorm
|upkeep
|turn|9
|
|t:|1666836585
|switch|p1a: Darmanitan|Darmanitan, F|100/100
|switch|p2a: Hydreigon|Hydreigon, M|100/100
|
|-weather|Sandstorm|[upkeep]
|-damage|p2a: Hydreigon|94/100|[from] Sandstorm
|-damage|p1a: Darmanitan|95/100|[from] Sandstorm
|upkeep
|turn|10
|
|t:|1666836591
|switch|p1a: Mandibuzz|Mandibuzz, F|75/100
|move|p2a: Hydreigon|Draco Meteor|p1a: Mandibuzz
|-damage|p1a: Mandibuzz|6/100
|-unboost|p2a: Hydreigon|spa|2
|
|-weather|Sandstorm|[upkeep]
|-damage|p2a: Hydreigon|88/100|[from] Sandstorm
|upkeep
|turn|11
|
|t:|1666836597
|switch|p1a: Ninetales|Ninetales, F|100/100
|-weather|SunnyDay|[from] ability: Drought|[of] p1a: Ninetales
|move|p2a: Hydreigon|Draco Meteor|p1a: Ninetales
|-damage|p1a: Ninetales|45/100
|-unboost|p2a: Hydreigon|spa|2
|
|-weather|SunnyDay|[upkeep]
|upkeep
|turn|12
|
|t:|1666836602
|switch|p2a: Hippowdon|Hippowdon, F|50/100
|-weather|Sandstorm|[from] ability: Sand Stream|[of] p2a: Hippowdon
|move|p1a: Ninetales|Nasty Plot|p1a: Ninetales
|-boost|p1a: Ninetales|spa|2
|
|-weather|Sandstorm|[upkeep]
|-damage|p1a: Ninetales|39/100|[from] Sandstorm
|-heal|p2a: Hippowdon|56/100|[from] item: Leftovers
|upkeep
|turn|13
|
|t:|1666836605
|switch|p2a: Slowking|Slowking-Galar, M|100/100
|move|p1a: Ninetales|Fire Blast|p2a: Slowking
|-damage|p2a: Slowking|65/100
|
|-weather|Sandstorm|[upkeep]
|-damage|p1a: Ninetales|33/100|[from] Sandstorm
|-damage|p2a: Slowking|59/100|[from] Sandstorm
|upkeep
|turn|14
|
|t:|1666836610
|switch|p1a: Garchomp|Garchomp, M|100/100
|move|p2a: Slowking|Sludge Bomb|p1a: Garchomp
|-resisted|p1a: Garchomp
|-damage|p1a: Garchomp|83/100
|-status|p1a: Garchomp|psn
|
|-weather|Sandstorm|[upkeep]
|-damage|p2a: Slowking|53/100|[from] Sandstorm
|-heal|p1a: Garchomp|90/100 psn|[from] item: Leftovers
|-damage|p1a: Garchomp|77/100 psn|[from] psn
|upkeep
|turn|15
|
|t:|1666836614
|switch|p2a: Corviknight|Corviknight, M|100/100
|-ability|p2a: Corviknight|Pressure
|move|p1a: Garchomp|Swords Dance|p1a: Garchomp
|-boost|p1a: Garchomp|atk|2
|
|-weather|Sandstorm|[upkeep]
|-heal|p1a: Garchomp|83/100 psn|[from] item: Leftovers
|-damage|p1a: Garchomp|71/100 psn|[from] psn
|upkeep
|turn|16
|
|t:|1666836617
|move|p1a: Garchomp|Fire Fang|p2a: Corviknight
|-supereffective|p2a: Corviknight
|-damage|p2a: Corviknight|47/100
|-damage|p1a: Garchomp|55/100 psn|[from] item: Rocky Helmet|[of] p2a: Corviknight
|move|p2a: Corviknight|Brave Bird|p1a: Garchomp
|-damage|p1a: Garchomp|15/100 psn
|-damage|p2a: Corviknight|35/100|[from] ability: Rough Skin|[of] p1a: Garchomp
|-damage|p2a: Corviknight|23/100|[from] Recoil
|
|-weather|none
|-heal|p1a: Garchomp|21/100 psn|[from] item: Leftovers
|-damage|p1a: Garchomp|9/100 psn|[from] psn
|upkeep
|turn|17
|
|t:|1666836622
|move|p1a: Garchomp|Scale Shot|p2a: Corviknight
|-resisted|p2a: Corviknight
|-damage|p2a: Corviknight|15/100
|-resisted|p2a: Corviknight
|-damage|p2a: Corviknight|8/100
|-resisted|p2a: Corviknight
|-damage|p2a: Corviknight|0 fnt
|faint|p2a: Corviknight
|-hitcount|p2: Corviknight|3
|-unboost|p1a: Garchomp|def|1
|-boost|p1a: Garchomp|spe|1
|
|-heal|p1a: Garchomp|15/100 psn|[from] item: Leftovers
|-damage|p1a: Garchomp|2/100 psn|[from] psn
|upkeep
|
|t:|1666836626
|switch|p2a: Urshifu|Urshifu-Rapid-Strike, M|100/100
|turn|18
|
|t:|1666836631
|move|p2a: Urshifu|Aqua Jet|p1a: Garchomp
|-damage|p1a: Garchomp|0 fnt
|-damage|p2a: Urshifu|88/100|[from] ability: Rough Skin|[of] p1a: Garchomp
|faint|p1a: Garchomp
|
|upkeep
|
|t:|1666836633
|switch|p1a: Ninetales|Ninetales, F|33/100
|-weather|SunnyDay|[from] ability: Drought|[of] p1a: Ninetales
|turn|19
|
|t:|1666836636
|switch|p1a: Venusaur|Venusaur, F|100/100
|switch|p2a: Hippowdon|Hippowdon, F|56/100
|-weather|Sandstorm|[from] ability: Sand Stream|[of] p2a: Hippowdon
|
|-weather|Sandstorm|[upkeep]
|-damage|p1a: Venusaur|95/100|[from] Sandstorm
|-heal|p2a: Hippowdon|63/100|[from] item: Leftovers
|upkeep
|turn|20
|
|t:|1666836641
|switch|p2a: Hydreigon|Hydreigon, M|88/100
|move|p1a: Venusaur|Earth Power|p2a: Hydreigon
|-immune|p2a: Hydreigon|[from] ability: Levitate
|
|-weather|Sandstorm|[upkeep]
|-damage|p2a: Hydreigon|82/100|[from] Sandstorm
|-damage|p1a: Venusaur|89/100|[from] Sandstorm
|upkeep
|turn|21
|
|t:|1666836644
|switch|p1a: Mandibuzz|Mandibuzz, F|6/100
|move|p2a: Hydreigon|Dark Pulse|p1a: Mandibuzz
|-resisted|p1a: Mandibuzz
|-damage|p1a: Mandibuzz|0 fnt
|faint|p1a: Mandibuzz
|
|-weather|Sandstorm|[upkeep]
|-damage|p2a: Hydreigon|76/100|[from] Sandstorm
|upkeep
|
|t:|1666836650
|switch|p1a: Darmanitan|Darmanitan, F|95/100
|turn|22
|
|t:|1666836659
|switch|p2a: Tapu Koko|Tapu Koko, shiny|100/100
|-fieldstart|move: Electric Terrain|[from] ability: Electric Surge|[of] p2a: Tapu Koko
|move|p1a: Darmanitan|Flare Blitz|p2a: Tapu Koko
|-damage|p2a: Tapu Koko|0 fnt
|faint|p2a: Tapu Koko
|-damage|p1a: Darmanitan|68/100|[from] Recoil
|
|-weather|Sandstorm|[upkeep]
|-damage|p1a: Darmanitan|62/100|[from] Sandstorm
|upkeep
|
|t:|1666836669
|switch|p2a: Urshifu|Urshifu-Rapid-Strike, M|88/100
|turn|23
|
|t:|1666836676
|move|p2a: Urshifu|Surging Strikes|p1a: Darmanitan
|-supereffective|p1a: Darmanitan
|-crit|p1a: Darmanitan
|-damage|p1a: Darmanitan|0 fnt
|faint|p1a: Darmanitan
|-hitcount|p1: Darmanitan|1
|
|-weather|none
|upkeep
|
|t:|1666836683
|switch|p1a: Ninetales|Ninetales, F|33/100
|-weather|SunnyDay|[from] ability: Drought|[of] p1a: Ninetales
|turn|24
|
|t:|1666836687
|switch|p2a: Slowking|Slowking-Galar, M|87/100
|move|p1a: Ninetales|Solar Beam||[still]
|-prepare|p1a: Ninetales|Solar Beam
|-anim|p1a: Ninetales|Solar Beam|p2a: Slowking
|-resisted|p2a: Slowking
|-damage|p2a: Slowking|79/100
|
|-weather|SunnyDay|[upkeep]
|upkeep
|turn|25
|
|t:|1666836690
|switch|p1a: Heatran|Heatran, M|71/100
|move|p2a: Slowking|Future Sight|p1a: Heatran
|-start|p2a: Slowking|move: Future Sight
|
|-weather|SunnyDay|[upkeep]
|upkeep
|turn|26
|
|t:|1666836693
|switch|p2a: Hydreigon|Hydreigon, M|76/100
|move|p1a: Heatran|Magma Storm|p2a: Hydreigon
|-resisted|p2a: Hydreigon
|-damage|p2a: Hydreigon|32/100
|-activate|p2a: Hydreigon|move: Magma Storm|[of] p1a: Heatran
|
|-weather|SunnyDay|[upkeep]
|-damage|p2a: Hydreigon|19/100|[from] move: Magma Storm|[partiallytrapped]
|-fieldend|move: Electric Terrain
|upkeep
|turn|27
|
|t:|1666836695
|move|p1a: Heatran|Magma Storm|p2a: Hydreigon
|-resisted|p2a: Hydreigon
|-damage|p2a: Hydreigon|0 fnt
|faint|p2a: Hydreigon
|
|-weather|SunnyDay|[upkeep]
|-end|p1a: Heatran|move: Future Sight
|-resisted|p1a: Heatran
|-damage|p1a: Heatran|49/100
|upkeep
|
|t:|1666836708
|switch|p2a: Urshifu|Urshifu-Rapid-Strike, M|88/100
|turn|28
|
|t:|1666836713
|switch|p1a: Venusaur|Venusaur, F|89/100
|move|p2a: Urshifu|Close Combat|p1a: Venusaur
|-resisted|p1a: Venusaur
|-damage|p1a: Venusaur|24/100
|-unboost|p2a: Urshifu|def|1
|-unboost|p2a: Urshifu|spd|1
|
|-weather|SunnyDay|[upkeep]
|upkeep
|turn|29
|
|t:|1666836717
|switch|p2a: Slowking|Slowking-Galar, M|100/100
|move|p1a: Venusaur|Giga Drain|p2a: Slowking
|-resisted|p2a: Slowking
|-damage|p2a: Slowking|90/100
|-heal|p1a: Venusaur|31/100|[from] drain|[of] p2a: Slowking
|-damage|p1a: Venusaur|21/100|[from] item: Life Orb
|
|-weather|SunnyDay|[upkeep]
|upkeep
|turn|30
|c|☆Elite4donovan|gg
|-message|Elite4donovan forfeited.
|
|win|Lost Temple
|raw|Elite4donovan's rating: 1624 &rarr; <strong>1606</strong><br />(-18 for losing)
|raw|Lost Temple's rating: 1653 &rarr; <strong>1671</strong><br />(+18 for winning)
|l|☆Elite4donovan
|c|☆Lost Temple|gg
