|j|☆modest6432
|j|☆Amane Misa
|t:|1667458745
|gametype|singles
|player|p1|modest6432|101|1515
|player|p2|Amane Misa|#amanemisa|1555
|teamsize|p1|6
|teamsize|p2|6
|gen|8
|tier|[Gen 8] OU
|rated|
|rule|Sleep Clause Mod: Limit one foe put to sleep
|rule|Species Clause: Limit one of each Pokémon
|rule|OHKO Clause: OHKO moves are banned
|rule|Evasion Items Clause: Evasion items are banned
|rule|Evasion Moves Clause: Evasion moves are banned
|rule|Endless Battle Clause: Forcing endless battles is banned
|rule|HP Percentage Mod: HP is shown in percentages
|rule|Dynamax Clause: You cannot dynamax
|clearpoke
|poke|p1|Hippowdon, M|
|poke|p1|Dracozolt|
|poke|p1|Excadrill, F|
|poke|p1|Reuniclus, M|
|poke|p1|Tangrowth, M|
|poke|p1|Rotom-Wash|
|poke|p2|Slowbro, F|
|poke|p2|Buzzwole|
|poke|p2|Zapdos|
|poke|p2|Tornadus-Therian, M|
|poke|p2|Garchomp, M|
|poke|p2|Heatran, M|
|teampreview
|inactive|Battle timer is ON: inactive players will automatically lose when time's up. (requested by Amane Misa)
|
|t:|1667458817
|start
|switch|p1a: Rotom|Rotom-Wash|100/100
|switch|p2a: Slowbro|Slowbro, F|100/100
|turn|1
|
|t:|1667458832
|move|p1a: Rotom|Will-O-Wisp|p2a: Slowbro
|-status|p2a: Slowbro|brn
|move|p2a: Slowbro|Future Sight|p1a: Rotom
|-start|p2a: Slowbro|move: Future Sight
|
|-damage|p2a: Slowbro|94/100 brn|[from] brn
|upkeep
|turn|2
|
|t:|1667458840
|move|p1a: Rotom|Volt Switch|p2a: Slowbro
|-supereffective|p2a: Slowbro
|-damage|p2a: Slowbro|39/100 brn
|
|t:|1667458850
|switch|p1a: Hippowdon|Hippowdon, M|100/100|[from]move: Volt Switch
|-weather|Sandstorm|[from] ability: Sand Stream|[of] p1a: Hippowdon
|move|p2a: Slowbro|Teleport|p2a: Slowbro
|inactive|Amane Misa has 120 seconds left.
|inactive|Amane Misa has 90 seconds left.
|
|t:|1667458938
|switch|p2a: Garchomp|Garchomp, M|100/100|[from]move: Teleport
|
|-weather|Sandstorm|[upkeep]
|upkeep
|turn|3
|
|t:|1667458955
|move|p2a: Garchomp|Toxic|p1a: Hippowdon
|-status|p1a: Hippowdon|tox
|move|p1a: Hippowdon|Slack Off||[still]
|-fail|p1a: Hippowdon|heal
|
|-weather|Sandstorm|[upkeep]
|-end|p1a: Hippowdon|move: Future Sight
|-damage|p1a: Hippowdon|72/100 tox
|-heal|p1a: Hippowdon|79/100 tox|[from] item: Leftovers
|-damage|p1a: Hippowdon|72/100 tox|[from] psn
|upkeep
|turn|4
|
|t:|1667458964
|move|p2a: Garchomp|Stealth Rock|p1a: Hippowdon
|-sidestart|p1: modest6432|move: Stealth Rock
|move|p1a: Hippowdon|Stealth Rock|p2a: Garchomp
|-sidestart|p2: Amane Misa|move: Stealth Rock
|
|-weather|Sandstorm|[upkeep]
|-heal|p1a: Hippowdon|79/100 tox|[from] item: Leftovers
|-damage|p1a: Hippowdon|66/100 tox|[from] psn
|upkeep
|turn|5
|
|t:|1667458970
|switch|p2a: Slowbro|Slowbro, F|73/100 brn
|move|p1a: Hippowdon|Slack Off|p1a: Hippowdon
|-heal|p1a: Hippowdon|100/100 tox
|
|-weather|Sandstorm|[upkeep]
|-damage|p2a: Slowbro|67/100 brn|[from] Sandstorm
|-damage|p1a: Hippowdon|82/100 tox|[from] psn
|-damage|p2a: Slowbro|61/100 brn|[from] brn
|upkeep
|turn|6
|
|t:|1667458986
|switch|p1a: Rotom|Rotom-Wash|100/100
|-damage|p1a: Rotom|88/100|[from] Stealth Rock
|move|p2a: Slowbro|Future Sight|p1a: Rotom
|-start|p2a: Slowbro|move: Future Sight
|
|-weather|none
|-heal|p1a: Rotom|94/100|[from] item: Leftovers
|-damage|p2a: Slowbro|54/100 brn|[from] brn
|upkeep
|turn|7
|
|t:|1667458995
|switch|p2a: Garchomp|Garchomp, M|100/100
|-damage|p2a: Garchomp|94/100|[from] Stealth Rock
|move|p1a: Rotom|Will-O-Wisp|p2a: Garchomp
|-status|p2a: Garchomp|brn
|
|-heal|p2a: Garchomp|100/100 brn|[from] item: Leftovers
|-heal|p1a: Rotom|100/100|[from] item: Leftovers
|-damage|p2a: Garchomp|94/100 brn|[from] brn
|upkeep
|turn|8
|
|t:|1667459008
|switch|p1a: Hippowdon|Hippowdon, M|82/100 tox
|-damage|p1a: Hippowdon|76/100 tox|[from] Stealth Rock
|-weather|Sandstorm|[from] ability: Sand Stream|[of] p1a: Hippowdon
|move|p2a: Garchomp|Toxic|p1a: Hippowdon
|-fail|p1a: Hippowdon|tox
|
|-weather|Sandstorm|[upkeep]
|-end|p1a: Hippowdon|move: Future Sight
|-damage|p1a: Hippowdon|48/100 tox
|-heal|p2a: Garchomp|100/100 brn|[from] item: Leftovers
|-heal|p1a: Hippowdon|54/100 tox|[from] item: Leftovers
|-damage|p1a: Hippowdon|48/100 tox|[from] psn
|-damage|p2a: Garchomp|94/100 brn|[from] brn
|upkeep
|turn|9
|
|t:|1667459016
|switch|p2a: Zapdos|Zapdos|100/100
|move|p1a: Hippowdon|Slack Off|p1a: Hippowdon
|-heal|p1a: Hippowdon|98/100 tox
|
|-weather|Sandstorm|[upkeep]
|-damage|p2a: Zapdos|94/100|[from] Sandstorm
|-heal|p1a: Hippowdon|100/100 tox|[from] item: Leftovers
|-damage|p1a: Hippowdon|88/100 tox|[from] psn
|upkeep
|turn|10
|
|t:|1667459024
|switch|p1a: Dracozolt|Dracozolt|100/100
|-damage|p1a: Dracozolt|88/100|[from] Stealth Rock
|move|p2a: Zapdos|Hurricane|p1a: Dracozolt
|-resisted|p1a: Dracozolt
|-damage|p1a: Dracozolt|43/100
|
|-weather|Sandstorm|[upkeep]
|-damage|p2a: Zapdos|88/100|[from] Sandstorm
|upkeep
|turn|11
|
|t:|1667459041
|switch|p2a: Garchomp|Garchomp, M|94/100 brn
|-damage|p2a: Garchomp|88/100 brn|[from] Stealth Rock
|move|p1a: Dracozolt|Bolt Beak|p2a: Garchomp
|-immune|p2a: Garchomp
|
|-weather|Sandstorm|[upkeep]
|-heal|p2a: Garchomp|94/100 brn|[from] item: Leftovers
|-damage|p2a: Garchomp|88/100 brn|[from] brn
|upkeep
|turn|12
|
|t:|1667459044
|switch|p2a: Heatran|Heatran, M|100/100
|-damage|p2a: Heatran|88/100|[from] Stealth Rock
|move|p1a: Dracozolt|Draco Meteor|p2a: Heatran
|-resisted|p2a: Heatran
|-damage|p2a: Heatran|70/100
|-unboost|p1a: Dracozolt|spa|2
|-damage|p1a: Dracozolt|33/100|[from] item: Life Orb
|
|-weather|none
|-heal|p2a: Heatran|76/100|[from] item: Leftovers
|upkeep
|turn|13
|
|t:|1667459057
|switch|p1a: Hippowdon|Hippowdon, M|88/100 tox
|-damage|p1a: Hippowdon|82/100 tox|[from] Stealth Rock
|-weather|Sandstorm|[from] ability: Sand Stream|[of] p1a: Hippowdon
|switch|p2a: Garchomp|Garchomp, M|88/100 brn
|-damage|p2a: Garchomp|82/100 brn|[from] Stealth Rock
|
|-weather|Sandstorm|[upkeep]
|-heal|p2a: Garchomp|88/100 brn|[from] item: Leftovers
|-heal|p1a: Hippowdon|88/100 tox|[from] item: Leftovers
|-damage|p1a: Hippowdon|82/100 tox|[from] psn
|-damage|p2a: Garchomp|82/100 brn|[from] brn
|upkeep
|turn|14
|inactive|modest6432 has 120 seconds left.
|
|t:|1667459091
|switch|p2a: Zapdos|Zapdos|88/100
|switch|p1a: Tangrowth|Tangrowth, M|100/100
|-damage|p1a: Tangrowth|88/100|[from] Stealth Rock
|
|-weather|Sandstorm|[upkeep]
|-damage|p2a: Zapdos|82/100|[from] Sandstorm
|-damage|p1a: Tangrowth|82/100|[from] Sandstorm
|upkeep
|turn|15
|inactive|modest6432 has 120 seconds left.
|l|☆Amane Misa
|inactive|Amane Misa disconnected and has a minute to reconnect!
|player|p2|
|inactive|modest6432 has 90 seconds left.
|inactive|Amane Misa has 30 seconds to reconnect!
|j|☆Amane Misa
|inactive|Amane Misa reconnected and has 100 seconds left.
|player|p2|Amane Misa|#amanemisa
|
|t:|1667459153
|switch|p1a: Rotom|Rotom-Wash|100/100
|-damage|p1a: Rotom|88/100|[from] Stealth Rock
|move|p2a: Zapdos|Hurricane|p1a: Rotom|[miss]
|-miss|p2a: Zapdos|p1a: Rotom
|
|-weather|Sandstorm|[upkeep]
|-damage|p2a: Zapdos|76/100|[from] Sandstorm
|-damage|p1a: Rotom|82/100|[from] Sandstorm
|-heal|p1a: Rotom|88/100|[from] item: Leftovers
|upkeep
|turn|16
|
|t:|1667459165
|move|p2a: Zapdos|Toxic|p1a: Rotom
|-status|p1a: Rotom|tox
|move|p1a: Rotom|Hydro Pump|p2a: Zapdos
|-damage|p2a: Zapdos|38/100
|
|-weather|Sandstorm|[upkeep]
|-damage|p2a: Zapdos|32/100|[from] Sandstorm
|-damage|p1a: Rotom|82/100 tox|[from] Sandstorm
|-heal|p1a: Rotom|88/100 tox|[from] item: Leftovers
|-damage|p1a: Rotom|82/100 tox|[from] psn
|upkeep
|turn|17
|
|t:|1667459172
|move|p2a: Zapdos|Roost|p2a: Zapdos
|-heal|p2a: Zapdos|82/100
|-singleturn|p2a: Zapdos|move: Roost
|move|p1a: Rotom|Hydro Pump|p2a: Zapdos
|-crit|p2a: Zapdos
|-damage|p2a: Zapdos|21/100
|
|-weather|none
|-heal|p1a: Rotom|88/100 tox|[from] item: Leftovers
|-damage|p1a: Rotom|75/100 tox|[from] psn
|upkeep
|turn|18
|
|t:|1667459175
|move|p2a: Zapdos|Roost|p2a: Zapdos
|-heal|p2a: Zapdos|71/100
|-singleturn|p2a: Zapdos|move: Roost
|move|p1a: Rotom|Volt Switch|p2a: Zapdos
|-resisted|p2a: Zapdos
|-damage|p2a: Zapdos|59/100
|j|+kino
|
|t:|1667459189
|switch|p1a: Reuniclus|Reuniclus, M|100/100|[from]move: Volt Switch
|
|upkeep
|turn|19
|
|t:|1667459191
|move|p2a: Zapdos|Hurricane|p1a: Reuniclus|[miss]
|-miss|p2a: Zapdos|p1a: Reuniclus
|move|p1a: Reuniclus|Calm Mind|p1a: Reuniclus
|-boost|p1a: Reuniclus|spa|1
|-boost|p1a: Reuniclus|spd|1
|
|upkeep
|turn|20
|inactive|modest6432 has 90 seconds left.
|-message|Amane Misa forfeited.
|
|win|modest6432
|raw|modest6432's rating: 1515 &rarr; <strong>1537</strong><br />(+22 for winning)
|raw|Amane Misa's rating: 1555 &rarr; <strong>1533</strong><br />(-22 for losing)
|l|☆Amane Misa
|c|☆modest6432|um
|c|☆modest6432|why?
|c|+kino|her team cant b reak reuni
|c|+kino|it just be like that
|c|☆modest6432|Can't like
|c|☆modest6432|buzzwole kill it
|c|+kino|buzz prob not band
|c|☆modest6432|ooooohh
|c|☆modest6432|still could've played for cit though
|c|+kino|maybe
|l|+kino
