|html|<div class="broadcast-blue"><strong>[Gen 8] OU is currently suspecting Melmetal! For information on how to participate check out the <a href="https://www.smogon.com/forums/threads/np-ss-ou-suspect-process-round-12-monster-mash.3709234/">suspect thread</a>.</strong></div>
|j|☆samohi0
|j|☆Kotokawa Akira
|t:|1666337489
|gametype|singles
|player|p1|samohi0|101|1717
|player|p2|Kotokawa Akira|erika|1613
|teamsize|p1|6
|teamsize|p2|6
|gen|8
|tier|[Gen 8] OU
|rated|
|rule|Sleep Clause Mod: Limit one foe put to sleep
|rule|Species Clause: Limit one of each Pokémon
|rule|OHKO Clause: OHKO moves are banned
|rule|Evasion Items Clause: Evasion items are banned
|rule|Evasion Moves Clause: Evasion moves are banned
|rule|Endless Battle Clause: Forcing endless battles is banned
|rule|HP Percentage Mod: HP is shown in percentages
|rule|Dynamax Clause: You cannot dynamax
|clearpoke
|poke|p1|Urshifu-*, M|
|poke|p1|Weavile, M|
|poke|p1|Tapu Fini|
|poke|p1|Slowking-Galar, M|
|poke|p1|Garchomp, M|
|poke|p1|Corviknight, M|
|poke|p2|Zapdos|
|poke|p2|Weavile, F|
|poke|p2|Kartana|
|poke|p2|Landorus-Therian, M|
|poke|p2|Volcanion|
|poke|p2|Melmetal|
|teampreview
|
|t:|1666337498
|start
|switch|p1a: Urshifu|Urshifu-Rapid-Strike, M|100/100
|switch|p2a: Weavile|Weavile, F|100/100
|-ability|p2a: Weavile|Pressure
|turn|1
|
|t:|1666337505
|switch|p2a: Landorus|Landorus-Therian, M|100/100
|-ability|p2a: Landorus|Intimidate|boost
|-unboost|p1a: Urshifu|atk|1
|move|p1a: Urshifu|U-turn|p2a: Landorus
|-resisted|p2a: Landorus
|-damage|p2a: Landorus|89/100
|
|t:|1666337508
|switch|p1a: Weavile|Weavile, M, shiny|100/100|[from]move: U-turn
|-ability|p1a: Weavile|Pressure
|
|-heal|p2a: Landorus|95/100|[from] item: Leftovers
|upkeep
|turn|2
|
|t:|1666337513
|move|p1a: Weavile|Knock Off|p2a: Landorus
|-damage|p2a: Landorus|40/100
|-enditem|p2a: Landorus|Leftovers|[from] move: Knock Off|[of] p1a: Weavile
|move|p2a: Landorus|U-turn|p1a: Weavile
|-supereffective|p1a: Weavile
|-damage|p1a: Weavile|21/100
|
|t:|1666337517
|switch|p2a: Kartana|Kartana|100/100|[from]move: U-turn
|
|upkeep
|turn|3
|
|t:|1666337524
|switch|p1a: Corviknight|Corviknight, M, shiny|100/100
|-ability|p1a: Corviknight|Pressure
|move|p2a: Kartana|Knock Off|p1a: Corviknight
|-damage|p1a: Corviknight|74/100
|-damage|p2a: Kartana|84/100|[from] item: Rocky Helmet|[of] p1a: Corviknight
|-enditem|p1a: Corviknight|Rocky Helmet|[from] move: Knock Off|[of] p2a: Kartana
|
|upkeep
|turn|4
|
|t:|1666337527
|switch|p2a: Volcanion|Volcanion|100/100
|move|p1a: Corviknight|U-turn|p2a: Volcanion
|-resisted|p2a: Volcanion
|-damage|p2a: Volcanion|93/100
|
|t:|1666337530
|switch|p1a: Garchomp|Garchomp, M, shiny|100/100|[from]move: U-turn
|
|upkeep
|turn|5
|
|t:|1666337535
|switch|p2a: Landorus|Landorus-Therian, M|40/100
|-ability|p2a: Landorus|Intimidate|boost
|-unboost|p1a: Garchomp|atk|1
|move|p1a: Garchomp|Stealth Rock|p2a: Landorus
|-sidestart|p2: Kotokawa Akira|move: Stealth Rock
|
|upkeep
|turn|6
|
|t:|1666337537
|move|p1a: Garchomp|Toxic|p2a: Landorus
|-status|p2a: Landorus|tox
|move|p2a: Landorus|Stealth Rock|p1a: Garchomp
|-sidestart|p1: samohi0|move: Stealth Rock
|
|-damage|p2a: Landorus|34/100 tox|[from] psn
|upkeep
|turn|7
|
|t:|1666337540
|move|p1a: Garchomp|Stealth Rock||[still]
|-fail|p1a: Garchomp
|move|p2a: Landorus|Earthquake|p1a: Garchomp
|-damage|p1a: Garchomp|59/100
|
|-heal|p1a: Garchomp|66/100|[from] item: Leftovers
|-damage|p2a: Landorus|22/100 tox|[from] psn
|upkeep
|turn|8
|
|t:|1666337544
|move|p1a: Garchomp|Protect|p1a: Garchomp
|-singleturn|p1a: Garchomp|Protect
|move|p2a: Landorus|U-turn|p1a: Garchomp
|-activate|p1a: Garchomp|move: Protect
|
|-heal|p1a: Garchomp|72/100|[from] item: Leftovers
|-damage|p2a: Landorus|4/100 tox|[from] psn
|upkeep
|turn|9
|
|t:|1666337554
|switch|p1a: Corviknight|Corviknight, M, shiny|74/100
|-damage|p1a: Corviknight|61/100|[from] Stealth Rock
|-ability|p1a: Corviknight|Pressure
|move|p2a: Landorus|Defog|p1a: Corviknight
|-unboost|p1a: Corviknight|evasion|1
|-sideend|p1: samohi0|Stealth Rock|[from] move: Defog|[of] p2a: Landorus
|-sideend|p2: Kotokawa Akira|Stealth Rock|[from] move: Defog|[of] p2a: Landorus
|
|-damage|p2a: Landorus|0 fnt|[from] psn
|faint|p2a: Landorus
|upkeep
|
|t:|1666337557
|switch|p2a: Volcanion|Volcanion|93/100
|turn|10
|
|t:|1666337559
|move|p2a: Volcanion|Steam Eruption|p1a: Corviknight
|-damage|p1a: Corviknight|0 fnt
|faint|p1a: Corviknight
|
|upkeep
|
|t:|1666337562
|switch|p1a: Garchomp|Garchomp, M, shiny|72/100
|turn|11
|
|t:|1666337565
|move|p1a: Garchomp|Earthquake|p2a: Volcanion
|-supereffective|p2a: Volcanion
|-damage|p2a: Volcanion|7/100
|move|p2a: Volcanion|Steam Eruption|p1a: Garchomp
|-damage|p1a: Garchomp|0 fnt
|faint|p1a: Garchomp
|
|upkeep
|
|t:|1666337571
|switch|p1a: Weavile|Weavile, M, shiny|21/100
|-ability|p1a: Weavile|Pressure
|turn|12
|
|t:|1666337576
|move|p1a: Weavile|Knock Off|p2a: Volcanion
|-damage|p2a: Volcanion|0 fnt
|-enditem|p2a: Volcanion|Choice Specs|[from] move: Knock Off|[of] p1a: Weavile
|faint|p2a: Volcanion
|
|upkeep
|
|t:|1666337578
|switch|p2a: Kartana|Kartana|84/100
|turn|13
|
|t:|1666337582
|switch|p1a: Slowking|Slowking-Galar, M, shiny|100/100
|move|p2a: Kartana|Leaf Blade|p1a: Slowking
|-resisted|p1a: Slowking
|-damage|p1a: Slowking|71/100
|
|upkeep
|turn|14
|
|t:|1666337587
|switch|p2a: Weavile|Weavile, F|100/100
|-ability|p2a: Weavile|Pressure
|switch|p1a: Urshifu|Urshifu-Rapid-Strike, M|100/100
|
|upkeep
|turn|15
|
|t:|1666337603
|move|p2a: Weavile|Knock Off|p1a: Urshifu
|-resisted|p1a: Urshifu
|-damage|p1a: Urshifu|66/100
|-enditem|p1a: Urshifu|Choice Band|[from] move: Knock Off|[of] p2a: Weavile
|move|p1a: Urshifu|U-turn|p2a: Weavile
|-supereffective|p2a: Weavile
|-damage|p2a: Weavile|21/100
|
|t:|1666337611
|switch|p1a: Tapu Fini|Tapu Fini, shiny|100/100|[from]move: U-turn
|-fieldstart|move: Misty Terrain|[from] ability: Misty Surge|[of] p1a: Tapu Fini
|
|upkeep
|turn|16
|
|t:|1666337617
|move|p1a: Tapu Fini|Moonblast|p2a: Weavile
|-supereffective|p2a: Weavile
|-damage|p2a: Weavile|0 fnt
|faint|p2a: Weavile
|
|upkeep
|
|t:|1666337620
|switch|p2a: Melmetal|Melmetal|100/100
|turn|17
|
|t:|1666337629
|switch|p1a: Weavile|Weavile, M, shiny|21/100
|-ability|p1a: Weavile|Pressure
|move|p2a: Melmetal|Thunder Punch|p1a: Weavile
|-damage|p1a: Weavile|0 fnt
|faint|p1a: Weavile
|
|upkeep
|
|t:|1666337630
|switch|p1a: Urshifu|Urshifu-Rapid-Strike, M|66/100
|turn|18
|
|t:|1666337632
|move|p1a: Urshifu|Close Combat|p2a: Melmetal
|-supereffective|p2a: Melmetal
|-damage|p2a: Melmetal|22/100
|-unboost|p1a: Urshifu|def|1
|-unboost|p1a: Urshifu|spd|1
|move|p2a: Melmetal|Thunder Punch|p1a: Urshifu
|-supereffective|p1a: Urshifu
|-damage|p1a: Urshifu|0 fnt
|faint|p1a: Urshifu
|
|upkeep
|
|t:|1666337636
|switch|p1a: Tapu Fini|Tapu Fini, shiny|100/100
|turn|19
|
|t:|1666337638
|move|p1a: Tapu Fini|Scald|p2a: Melmetal
|-damage|p2a: Melmetal|0 fnt
|faint|p2a: Melmetal
|
|-fieldend|Misty Terrain
|upkeep
|
|t:|1666337642
|switch|p2a: Zapdos|Zapdos|100/100
|turn|20
|
|t:|1666337648
|move|p1a: Tapu Fini|Scald|p2a: Zapdos
|-damage|p2a: Zapdos|70/100
|-status|p2a: Zapdos|brn
|move|p2a: Zapdos|Volt Switch|p1a: Tapu Fini
|-supereffective|p1a: Tapu Fini
|-damage|p1a: Tapu Fini|39/100
|
|t:|1666337652
|switch|p2a: Kartana|Kartana|84/100|[from]move: Volt Switch
|
|upkeep
|turn|21
|
|t:|1666337658
|switch|p1a: Slowking|Slowking-Galar, M, shiny|100/100
|move|p2a: Kartana|Knock Off|p1a: Slowking
|-supereffective|p1a: Slowking
|-damage|p1a: Slowking|18/100
|-enditem|p1a: Slowking|Assault Vest|[from] move: Knock Off|[of] p2a: Kartana
|
|upkeep
|turn|22
|
|t:|1666337665
|switch|p1a: Tapu Fini|Tapu Fini, shiny|39/100
|-fieldstart|move: Misty Terrain|[from] ability: Misty Surge|[of] p1a: Tapu Fini
|move|p2a: Kartana|Knock Off|p1a: Tapu Fini
|-resisted|p1a: Tapu Fini
|-damage|p1a: Tapu Fini|20/100
|-enditem|p1a: Tapu Fini|Choice Scarf|[from] move: Knock Off|[of] p2a: Kartana
|
|upkeep
|turn|23
|
|t:|1666337669
|switch|p1a: Slowking|Slowking-Galar, M, shiny|51/100
|move|p2a: Kartana|Knock Off|p1a: Slowking
|-supereffective|p1a: Slowking
|-damage|p1a: Slowking|0 fnt
|faint|p1a: Slowking
|-ability|p2a: Kartana|Beast Boost|boost
|-boost|p2a: Kartana|atk|1
|
|upkeep
|-message|samohi0 forfeited.
|
|win|Kotokawa Akira
|raw|samohi0's rating: 1689 &rarr; <strong>1665</strong><br />(-24 for losing)
|raw|Kotokawa Akira's rating: 1613 &rarr; <strong>1637</strong><br />(+24 for winning)
|l|☆samohi0
