|j|☆thetrilogy
|j|☆crescendoww
|t:|1667671812
|gametype|singles
|player|p1|thetrilogy|fisherman-gen4|1523
|player|p2|crescendoww|falkner|1513
|teamsize|p1|6
|teamsize|p2|6
|gen|8
|tier|[Gen 8] OU
|rated|
|rule|Sleep Clause Mod: Limit one foe put to sleep
|rule|Species Clause: Limit one of each Pokémon
|rule|OHKO Clause: OHKO moves are banned
|rule|Evasion Items Clause: Evasion items are banned
|rule|Evasion Moves Clause: Evasion moves are banned
|rule|Endless Battle Clause: Forcing endless battles is banned
|rule|HP Percentage Mod: HP is shown in percentages
|rule|Dynamax Clause: You cannot dynamax
|clearpoke
|poke|p1|Kartana|
|poke|p1|Slowking, F|
|poke|p1|Nidoking, M|
|poke|p1|Corviknight, F|
|poke|p1|Tapu Koko|
|poke|p1|Tyranitar, M|
|poke|p2|Volcarona, M|
|poke|p2|Zygarde-10%|
|poke|p2|Jirachi|
|poke|p2|Rillaboom, M|
|poke|p2|Mamoswine, M|
|poke|p2|Tornadus-Therian, M|
|teampreview
|inactive|Battle timer is ON: inactive players will automatically lose when time's up. (requested by thetrilogy)
|
|t:|1667671839
|start
|switch|p1a: Kartana|Kartana|100/100
|switch|p2a: Mamoswine|Mamoswine, M|100/100
|turn|1
|
|t:|1667671850
|switch|p1a: Tyranitar|Tyranitar, M|100/100
|-weather|Sandstorm|[from] ability: Sand Stream|[of] p1a: Tyranitar
|switch|p2a: Volcarona|Volcarona, M|100/100
|
|-weather|Sandstorm|[upkeep]
|-damage|p2a: Volcarona|94/100|[from] Sandstorm
|upkeep
|turn|2
|
|t:|1667671867
|move|p2a: Volcarona|Will-O-Wisp|p1a: Tyranitar
|-status|p1a: Tyranitar|brn
|move|p1a: Tyranitar|Crunch|p2a: Volcarona
|-damage|p2a: Volcarona|64/100
|
|-weather|Sandstorm|[upkeep]
|-damage|p2a: Volcarona|58/100|[from] Sandstorm
|-damage|p1a: Tyranitar|94/100 brn|[from] brn
|upkeep
|turn|3
|
|t:|1667671875
|switch|p2a: Rillaboom|Rillaboom, M|100/100
|-fieldstart|move: Grassy Terrain|[from] ability: Grassy Surge|[of] p2a: Rillaboom
|switch|p1a: Nidoking|Nidoking, M|100/100
|
|-weather|Sandstorm|[upkeep]
|-damage|p2a: Rillaboom|94/100|[from] Sandstorm
|-heal|p2a: Rillaboom|100/100|[from] Grassy Terrain
|upkeep
|turn|4
|
|t:|1667671884
|switch|p2a: Tornadus|Tornadus-Therian, M|100/100
|move|p1a: Nidoking|Ice Beam|p2a: Tornadus
|-supereffective|p2a: Tornadus
|-damage|p2a: Tornadus|45/100
|
|-weather|Sandstorm|[upkeep]
|-damage|p2a: Tornadus|39/100|[from] Sandstorm
|upkeep
|turn|5
|
|t:|1667671899
|switch|p1a: Slowking|Slowking, F|100/100
|move|p2a: Tornadus|U-turn|p1a: Slowking
|-supereffective|p1a: Slowking
|-damage|p1a: Slowking|73/100
|
|t:|1667671908
|switch|p2a: Rillaboom|Rillaboom, M|100/100|[from]move: U-turn
|
|-weather|none
|-heal|p1a: Slowking|79/100|[from] Grassy Terrain
|upkeep
|turn|6
|
|t:|1667671912
|switch|p1a: Corviknight|Corviknight, F, shiny|100/100
|-ability|p1a: Corviknight|Pressure
|move|p2a: Rillaboom|Knock Off|p1a: Corviknight
|-damage|p1a: Corviknight|84/100
|-damage|p2a: Rillaboom|84/100|[from] item: Rocky Helmet|[of] p1a: Corviknight
|-enditem|p1a: Corviknight|Rocky Helmet|[from] move: Knock Off|[of] p2a: Rillaboom
|
|-heal|p2a: Rillaboom|90/100|[from] Grassy Terrain
|-heal|p2a: Rillaboom|96/100|[from] item: Leftovers
|upkeep
|turn|7
|
|t:|1667671921
|move|p2a: Rillaboom|U-turn|p1a: Corviknight
|-resisted|p1a: Corviknight
|-damage|p1a: Corviknight|81/100
|
|t:|1667671926
|switch|p2a: Tornadus|Tornadus-Therian, M|72/100|[from]move: U-turn
|move|p1a: Corviknight|U-turn|p2a: Tornadus
|-resisted|p2a: Tornadus
|-damage|p2a: Tornadus|65/100
|
|t:|1667671937
|switch|p1a: Tapu Koko|Tapu Koko|100/100|[from]move: U-turn
|-fieldstart|move: Electric Terrain|[from] ability: Electric Surge|[of] p1a: Tapu Koko
|
|upkeep
|turn|8
|
|t:|1667671946
|switch|p2a: Rillaboom|Rillaboom, M|96/100
|-fieldstart|move: Grassy Terrain|[from] ability: Grassy Surge|[of] p2a: Rillaboom
|move|p1a: Tapu Koko|U-turn|p2a: Rillaboom
|-supereffective|p2a: Rillaboom
|-damage|p2a: Rillaboom|77/100
|
|t:|1667671954
|switch|p1a: Nidoking|Nidoking, M|100/100|[from]move: U-turn
|
|-heal|p2a: Rillaboom|83/100|[from] Grassy Terrain
|-heal|p2a: Rillaboom|89/100|[from] item: Leftovers
|upkeep
|turn|9
|
|t:|1667671960
|switch|p2a: Tornadus|Tornadus-Therian, M|98/100
|move|p1a: Nidoking|Ice Beam|p2a: Tornadus
|-supereffective|p2a: Tornadus
|-damage|p2a: Tornadus|34/100
|
|upkeep
|turn|10
|
|t:|1667671966
|move|p2a: Tornadus|U-turn|p1a: Nidoking
|-resisted|p1a: Nidoking
|-damage|p1a: Nidoking|91/100
|inactive|crescendoww has 120 seconds left.
|
|t:|1667672004
|switch|p2a: Jirachi|Jirachi|100/100|[from]move: U-turn
|move|p1a: Nidoking|Stealth Rock|p2a: Jirachi
|-sidestart|p2: crescendoww|move: Stealth Rock
|
|-heal|p1a: Nidoking|97/100|[from] Grassy Terrain
|upkeep
|turn|11
|inactive|crescendoww has 120 seconds left.
|
|t:|1667672017
|switch|p1a: Corviknight|Corviknight, F, shiny|81/100
|-ability|p1a: Corviknight|Pressure
|move|p2a: Jirachi|Cosmic Power|p2a: Jirachi
|-boost|p2a: Jirachi|def|1
|-boost|p2a: Jirachi|spd|1
|
|upkeep
|turn|12
|
|t:|1667672021
|move|p2a: Jirachi|Calm Mind|p2a: Jirachi
|-boost|p2a: Jirachi|spa|1
|-boost|p2a: Jirachi|spd|1
|move|p1a: Corviknight|U-turn|p2a: Jirachi
|-damage|p2a: Jirachi|93/100
|
|t:|1667672035
|switch|p1a: Nidoking|Nidoking, M|97/100|[from]move: U-turn
|
|-heal|p2a: Jirachi|99/100|[from] Grassy Terrain
|-heal|p2a: Jirachi|100/100|[from] item: Leftovers
|-heal|p1a: Nidoking|100/100|[from] Grassy Terrain
|-fieldend|move: Grassy Terrain
|upkeep
|turn|13
|
|t:|1667672040
|move|p2a: Jirachi|Calm Mind|p2a: Jirachi
|-boost|p2a: Jirachi|spa|1
|-boost|p2a: Jirachi|spd|1
|move|p1a: Nidoking|Earth Power|p2a: Jirachi
|-supereffective|p2a: Jirachi
|-damage|p2a: Jirachi|54/100
|
|-heal|p2a: Jirachi|60/100|[from] item: Leftovers
|upkeep
|turn|14
|
|t:|1667672046
|switch|p1a: Tyranitar|Tyranitar, M|94/100 brn
|-weather|Sandstorm|[from] ability: Sand Stream|[of] p1a: Tyranitar
|move|p2a: Jirachi|Stored Power|p1a: Tyranitar
|-immune|p1a: Tyranitar
|
|-weather|Sandstorm|[upkeep]
|-heal|p2a: Jirachi|67/100|[from] item: Leftovers
|-damage|p1a: Tyranitar|88/100 brn|[from] brn
|upkeep
|turn|15
|
|t:|1667672050
|move|p2a: Jirachi|Aura Sphere|p1a: Tyranitar
|-supereffective|p1a: Tyranitar
|-damage|p1a: Tyranitar|0 fnt
|faint|p1a: Tyranitar
|
|-weather|Sandstorm|[upkeep]
|-heal|p2a: Jirachi|73/100|[from] item: Leftovers
|upkeep
|
|t:|1667672055
|switch|p1a: Tapu Koko|Tapu Koko|100/100
|-fieldstart|move: Electric Terrain|[from] ability: Electric Surge|[of] p1a: Tapu Koko
|turn|16
|
|t:|1667672060
|move|p1a: Tapu Koko|Thunderbolt|p2a: Jirachi
|-damage|p2a: Jirachi|46/100
|move|p2a: Jirachi|Stored Power|p1a: Tapu Koko
|-damage|p1a: Tapu Koko|0 fnt
|faint|p1a: Tapu Koko
|
|-weather|Sandstorm|[upkeep]
|-heal|p2a: Jirachi|52/100|[from] item: Leftovers
|upkeep
|
|t:|1667672064
|switch|p1a: Kartana|Kartana|100/100
|turn|17
|
|t:|1667672072
|move|p1a: Kartana|Knock Off|p2a: Jirachi
|-supereffective|p2a: Jirachi
|-damage|p2a: Jirachi|5/100
|-enditem|p2a: Jirachi|Leftovers|[from] move: Knock Off|[of] p1a: Kartana
|move|p2a: Jirachi|Aura Sphere|p1a: Kartana
|-supereffective|p1a: Kartana
|-damage|p1a: Kartana|0 fnt
|faint|p1a: Kartana
|
|-weather|Sandstorm|[upkeep]
|upkeep
|-message|thetrilogy forfeited.
|
|win|crescendoww
|raw|thetrilogy's rating: 1523 &rarr; <strong>1502</strong><br />(-21 for losing)
|raw|crescendoww's rating: 1513 &rarr; <strong>1534</strong><br />(+21 for winning)
|l|☆thetrilogy
