|j|☆Sp0oNl0rD
|j|☆SKIP THE DRIP
|inactive|Battle timer is ON: inactive players will automatically lose when time's up.
|t:|1649649639
|gametype|singles
|player|p1|Sp0oNl0rD|blackbelt-gen4dp|
|player|p2|SKIP THE DRIP|ash-sinnoh|
|teamsize|p1|6
|teamsize|p2|6
|gen|8
|tier|[Gen 8] OU
|rated|Tournament battle
|rule|Sleep Clause Mod: Limit one foe put to sleep
|rule|Species Clause: Limit one of each Pokémon
|rule|OHKO Clause: OHKO moves are banned
|rule|Evasion Moves Clause: Evasion moves are banned
|rule|Endless Battle Clause: Forcing endless battles is banned
|rule|HP Percentage Mod: HP is shown in percentages
|rule|Dynamax Clause: You cannot dynamax
|clearpoke
|poke|p1|Diancie-Mega|
|poke|p1|Manectric-Mega, F|
|poke|p1|Medicham-Mega, F|
|poke|p1|Scizor-Mega, M|
|poke|p1|Mawile-Mega, F|
|poke|p1|Blaziken-Mega, F|
|poke|p2|Charizard-Mega-Y, F|
|poke|p2|Garchomp-Mega, M|
|poke|p2|Diancie-Mega|
|poke|p2|Venusaur-Mega, M|
|poke|p2|Sableye-Mega, M|
|poke|p2|Houndoom-Mega, M|
|teampreview
|inactive|Sp0oNl0rD also wants the timer to be on.
|j| mangoes crazy
|j| notallice!
|j| Dovahhkiin64
|c|☆SKIP THE DRIP|ah yes
|j| Echo2615
|j| ripreckful
|j| Blunder is TR4SH
|j| NIGHTCORE DRAKE
|c|☆SKIP THE DRIP|the real battle
|c|☆Sp0oNl0rD|this is my only game against a mega team lmao
|c| notallice!|gl u 2! ^^
|
|t:|1649649654
|start
|switch|p1a: Diancie|Diancie-Mega|100/100
|switch|p2a: Diancie|Diancie-Mega|100/100
|-item|p2a: Diancie|Air Balloon
|turn|1
|c| NIGHTCORE DRAKE|what in the fuck
|j| vkhss
|
|t:|1649649661
|move|p2a: Diancie|Earth Power|p1a: Diancie
|-supereffective|p1a: Diancie
|-enditem|p1a: Diancie|Focus Sash
|-damage|p1a: Diancie|1/100
|move|p1a: Diancie|Moonblast|p2a: Diancie
|-damage|p2a: Diancie|25/100
|-enditem|p2a: Diancie|Air Balloon
|
|upkeep
|turn|2
|c| NIGHTCORE DRAKE|is this
|c| NIGHTCORE DRAKE|tour
|c| notallice!|a great tour
|c| vkhss|6 pokemkns
|
|t:|1649649670
|move|p2a: Diancie|Mystical Fire|p1a: Diancie
|-resisted|p1a: Diancie
|-damage|p1a: Diancie|0 fnt
|faint|p1a: Diancie
|
|upkeep
|c|☆Sp0oNl0rD|6 megas + items
|
|t:|1649649675
|switch|p1a: Manectric|Manectric-Mega, F|100/100
|-ability|p1a: Manectric|Intimidate|boost
|-unboost|p2a: Diancie|atk|1
|turn|3
|
|t:|1649649678
|switch|p2a: Garchomp|Garchomp-Mega, M|100/100
|move|p1a: Manectric|Volt Switch|p2a: Garchomp
|-immune|p2a: Garchomp
|
|upkeep
|turn|4
|c| NIGHTCORE DRAKE|you're worse than htcl
|c| NIGHTCORE DRAKE|Sp0oNl0rD
|
|t:|1649649682
|switch|p1a: Medicham|Medicham-Mega, F|100/100
|move|p2a: Garchomp|Stealth Rock|p1a: Medicham
|-sidestart|p1: Sp0oNl0rD|move: Stealth Rock
|
|upkeep
|turn|5
|c|☆Sp0oNl0rD|this was htcl's doing
|
|t:|1649649690
|move|p2a: Garchomp|Protect|p2a: Garchomp
|-singleturn|p2a: Garchomp|Protect
|move|p1a: Medicham|Ice Punch|p2a: Garchomp
|-activate|p2a: Garchomp|move: Protect
|
|upkeep
|turn|6
|c| Echo2615|ye
|
|t:|1649649698
|switch|p2a: Sableye|Sableye-Mega, M|100/100
|move|p1a: Medicham|Ice Punch|p2a: Sableye
|-damage|p2a: Sableye|63/100
|-status|p2a: Sableye|frz
|
|-heal|p2a: Sableye|68/100 frz|[from] item: Leftovers
|upkeep
|turn|7
|l| Blunder is TR4SH
|c| NIGHTCORE DRAKE|oh LOL
|c| vkhss|zzz
|
|t:|1649649710
|switch|p1a: Scizor|Scizor-Mega, M|100/100
|-damage|p1a: Scizor|88/100|[from] Stealth Rock
|switch|p2a: Charizard|Charizard-Mega-Y, F|100/100
|-weather|SunnyDay|[from] ability: Drought|[of] p2a: Charizard
|
|-weather|SunnyDay|[upkeep]
|upkeep
|turn|8
|c|☆Sp0oNl0rD|heck
|c|☆SKIP THE DRIP|gimme my kill
|c| Dovahhkiin64|No real fire switch in.
|c| notallice!|real ones press bp
|c| Dovahhkiin64|Prepare yourself.
|
|t:|1649649731
|move|p1a: Scizor|Bullet Punch|p2a: Charizard
|-resisted|p2a: Charizard
|-damage|p2a: Charizard|66/100
|-damage|p1a: Scizor|78/100|[from] item: Life Orb
|move|p2a: Charizard|Weather Ball|p1a: Scizor
|-supereffective|p1a: Scizor
|-damage|p1a: Scizor|0 fnt
|faint|p1a: Scizor
|
|-weather|SunnyDay|[upkeep]
|upkeep
|
|t:|1649649733
|switch|p1a: Manectric|Manectric-Mega, F|100/100
|-damage|p1a: Manectric|88/100|[from] Stealth Rock
|-ability|p1a: Manectric|Intimidate|boost
|-unboost|p2a: Charizard|atk|1
|turn|9
|c| notallice!|real
|c|☆SKIP THE DRIP|ow
|
|t:|1649649738
|switch|p1a: Blaziken|Blaziken-Mega, F|100/100
|-damage|p1a: Blaziken|88/100|[from] Stealth Rock
|-item|p1a: Blaziken|Air Balloon
|switch|p2a: Garchomp|Garchomp-Mega, M|100/100
|
|-weather|SunnyDay|[upkeep]
|upkeep
|turn|10
|j| RNGesus
|c|☆Sp0oNl0rD|sack one
|c|☆Sp0oNl0rD|at least
|
|t:|1649649746
|move|p1a: Blaziken|Swords Dance|p1a: Blaziken
|-boost|p1a: Blaziken|atk|2
|move|p2a: Garchomp|Flamethrower|p1a: Blaziken
|-resisted|p1a: Blaziken
|-damage|p1a: Blaziken|66/100
|-enditem|p1a: Blaziken|Air Balloon
|
|-weather|SunnyDay|[upkeep]
|-ability|p1a: Blaziken|Speed Boost|boost
|-boost|p1a: Blaziken|spe|1
|upkeep
|turn|11
|j|%Mimikyu Stardust
|
|t:|1649649753
|switch|p2a: Sableye|Sableye-Mega, M|68/100 frz
|move|p1a: Blaziken|Close Combat|p2a: Sableye
|-immune|p2a: Sableye
|
|-weather|SunnyDay|[upkeep]
|-heal|p2a: Sableye|74/100 frz|[from] item: Leftovers
|-ability|p1a: Blaziken|Speed Boost|boost
|-boost|p1a: Blaziken|spe|1
|upkeep
|turn|12
|
|t:|1649649757
|move|p1a: Blaziken|Flare Blitz|p2a: Sableye
|-damage|p2a: Sableye|0 fnt
|faint|p2a: Sableye
|-damage|p1a: Blaziken|41/100|[from] Recoil
|
|-weather|SunnyDay|[upkeep]
|-ability|p1a: Blaziken|Speed Boost|boost
|-boost|p1a: Blaziken|spe|1
|upkeep
|
|t:|1649649760
|switch|p2a: Venusaur|Venusaur-Mega, M|100/100
|turn|13
|c|☆SKIP THE DRIP|ill sack 2
|c| Dovahhkiin64|Why is there no dragon stab on that chomp?
|
|t:|1649649770
|switch|p2a: Garchomp|Garchomp-Mega, M|100/100
|move|p1a: Blaziken|Flare Blitz|p2a: Garchomp
|-resisted|p2a: Garchomp
|-damage|p2a: Garchomp|25/100
|-status|p2a: Garchomp|brn
|-damage|p1a: Blaziken|6/100|[from] Recoil
|
|-weather|SunnyDay|[upkeep]
|-heal|p2a: Garchomp|31/100 brn|[from] item: Leftovers
|-damage|p2a: Garchomp|25/100 brn|[from] brn
|-ability|p1a: Blaziken|Speed Boost|boost
|-boost|p1a: Blaziken|spe|1
|upkeep
|turn|14
|c|☆Sp0oNl0rD|dragon stab on chomp isn't great
|c| ripreckful|mega blaze looks so cool
|
|t:|1649649781
|move|p1a: Blaziken|Close Combat|p2a: Garchomp
|-damage|p2a: Garchomp|0 fnt
|-unboost|p1a: Blaziken|def|1
|-unboost|p1a: Blaziken|spd|1
|faint|p2a: Garchomp
|
|-weather|none
|-ability|p1a: Blaziken|Speed Boost|boost
|-boost|p1a: Blaziken|spe|1
|upkeep
|c| vkhss|ikr
|c| notallice!|it kinda just runs eq mostly
|
|t:|1649649783
|switch|p2a: Venusaur|Venusaur-Mega, M|100/100
|turn|15
|
|t:|1649649787
|move|p1a: Blaziken|Flare Blitz|p2a: Venusaur
|-supereffective|p2a: Venusaur
|-damage|p2a: Venusaur|0 fnt
|faint|p2a: Venusaur
|-damage|p1a: Blaziken|0 fnt|[from] Recoil
|faint|p1a: Blaziken
|
|upkeep
|
|t:|1649649792
|switch|p1a: Manectric|Manectric-Mega, F|88/100
|switch|p2a: Charizard|Charizard-Mega-Y, F|66/100
|-damage|p1a: Manectric|76/100|[from] Stealth Rock
|-ability|p1a: Manectric|Intimidate|boost
|-unboost|p2a: Charizard|atk|1
|-weather|SunnyDay|[from] ability: Drought|[of] p2a: Charizard
|turn|16
|j| Queenss
|
|t:|1649649796
|switch|p2a: Diancie|Diancie-Mega|25/100
|move|p1a: Manectric|Thunderbolt|p2a: Diancie
|-damage|p2a: Diancie|0 fnt
|faint|p2a: Diancie
|-damage|p1a: Manectric|66/100|[from] item: Life Orb
|
|-weather|SunnyDay|[upkeep]
|upkeep
|
|t:|1649649798
|switch|p2a: Houndoom|Houndoom-Mega, M|100/100
|turn|17
|c|☆SKIP THE DRIP|gg
|j| jiffypeanutbutter
|
|t:|1649649802
|move|p2a: Houndoom|Flamethrower|p1a: Manectric
|-damage|p1a: Manectric|0 fnt
|faint|p1a: Manectric
|
|-weather|SunnyDay|[upkeep]
|-damage|p2a: Houndoom|88/100|[from] ability: Solar Power|[of] p2a: Houndoom
|upkeep
|c|☆Sp0oNl0rD|oh scarf
|c|☆Sp0oNl0rD|gg
|
|t:|1649649813
|switch|p1a: Medicham|Medicham-Mega, F|100/100
|-damage|p1a: Medicham|94/100|[from] Stealth Rock
|turn|18
|
|t:|1649649816
|move|p2a: Houndoom|Flamethrower|p1a: Medicham
|-damage|p1a: Medicham|0 fnt
|faint|p1a: Medicham
|
|-weather|SunnyDay|[upkeep]
|-damage|p2a: Houndoom|76/100|[from] ability: Solar Power|[of] p2a: Houndoom
|upkeep
|
|t:|1649649819
|switch|p1a: Mawile|Mawile-Mega, F|100/100
|-damage|p1a: Mawile|95/100|[from] Stealth Rock
|turn|19
|
|t:|1649649821
|move|p1a: Mawile|Sucker Punch|p2a: Houndoom
|-resisted|p2a: Houndoom
|-damage|p2a: Houndoom|40/100
|-damage|p1a: Mawile|85/100|[from] item: Life Orb
|move|p2a: Houndoom|Flamethrower|p1a: Mawile
|-supereffective|p1a: Mawile
|-damage|p1a: Mawile|0 fnt
|faint|p1a: Mawile
|
|win|SKIP THE DRIP
|n|☆Sp0oNl0rD|sp0onl0rd
|n|☆SKIP THE DRIP|skipthedrip
|n| mangoes crazy|mangoescrazy
|n| notallice!|notallice
|n| Dovahhkiin64|dovahhkiin64
|n| Echo2615|echo2615
|n| ripreckful|ripreckful
|n| NIGHTCORE DRAKE|nightcoredrake
|n| vkhss|vkhss
|n| RNGesus|rngesus
|n| Mimikyu Stardust|mimikyustardust
|n| Queenss|queenss
|n| jiffypeanutbutter|jiffypeanutbutter
