|html|<div class="broadcast-blue"><strong>[Gen 8] OU is currently suspecting Melmetal! For information on how to participate check out the <a href="https://www.smogon.com/forums/threads/np-ss-ou-suspect-process-round-12-monster-mash.3709234/">suspect thread</a>.</strong></div>
|j|☆The Rum Tum Tugger
|j|☆Copland
|t:|1666920045
|gametype|singles
|player|p1|The Rum Tum Tugger|benga|1583
|player|p2|Copland|guitarist|1616
|teamsize|p1|6
|teamsize|p2|6
|gen|8
|tier|[Gen 8] OU
|rated|
|rule|Sleep Clause Mod: Limit one foe put to sleep
|rule|Species Clause: Limit one of each Pokémon
|rule|OHKO Clause: OHKO moves are banned
|rule|Evasion Items Clause: Evasion items are banned
|rule|Evasion Moves Clause: Evasion moves are banned
|rule|Endless Battle Clause: Forcing endless battles is banned
|rule|HP Percentage Mod: HP is shown in percentages
|rule|Dynamax Clause: You cannot dynamax
|clearpoke
|poke|p1|Tyranitar, M|
|poke|p1|Excadrill, F|
|poke|p1|Gastrodon, M|
|poke|p1|Swampert, M|
|poke|p1|Moltres|
|poke|p1|Landorus-Therian, M|
|poke|p2|Tornadus-Therian, M|
|poke|p2|Garchomp, M|
|poke|p2|Tyranitar, M|
|poke|p2|Tapu Fini|
|poke|p2|Excadrill, M|
|poke|p2|Ferrothorn, M|
|teampreview
|inactive|Battle timer is ON: inactive players will automatically lose when time's up. (requested by The Rum Tum Tugger)
|
|t:|1666920060
|start
|switch|p1a: Swampert|Swampert, M|100/100
|switch|p2a: Garchomp|Garchomp, M|100/100
|turn|1
|
|t:|1666920065
|move|p2a: Garchomp|Toxic|p1a: Swampert
|-status|p1a: Swampert|tox
|move|p1a: Swampert|Earthquake|p2a: Garchomp
|-damage|p2a: Garchomp|32/100
|
|-heal|p2a: Garchomp|38/100|[from] item: Leftovers
|-damage|p1a: Swampert|94/100 tox|[from] psn
|upkeep
|turn|2
|
|t:|1666920078
|switch|p1a: Tyranitar|Tyranitar, M|100/100
|-weather|Sandstorm|[from] ability: Sand Stream|[of] p1a: Tyranitar
|move|p2a: Garchomp|Protect||[still]
|-fail|p2a: Garchomp
|
|-weather|Sandstorm|[upkeep]
|-heal|p2a: Garchomp|44/100|[from] item: Leftovers
|upkeep
|turn|3
|
|t:|1666920085
|move|p2a: Garchomp|Protect|p2a: Garchomp
|-singleturn|p2a: Garchomp|Protect
|move|p1a: Tyranitar|Ice Beam|p2a: Garchomp
|-activate|p2a: Garchomp|move: Protect
|
|-weather|Sandstorm|[upkeep]
|-heal|p2a: Garchomp|50/100|[from] item: Leftovers
|upkeep
|turn|4
|
|t:|1666920092
|switch|p2a: Tapu Fini|Tapu Fini|100/100
|-fieldstart|move: Misty Terrain|[from] ability: Misty Surge|[of] p2a: Tapu Fini
|move|p1a: Tyranitar|Ice Beam|p2a: Tapu Fini
|-resisted|p2a: Tapu Fini
|-damage|p2a: Tapu Fini|89/100
|
|-weather|Sandstorm|[upkeep]
|-damage|p2a: Tapu Fini|83/100|[from] Sandstorm
|-heal|p2a: Tapu Fini|89/100|[from] item: Leftovers
|upkeep
|turn|5
|
|t:|1666920098
|switch|p1a: Swampert|Swampert, M|94/100 tox
|move|p2a: Tapu Fini|Scald|p1a: Swampert
|-damage|p1a: Swampert|66/100 tox
|
|-weather|Sandstorm|[upkeep]
|-damage|p2a: Tapu Fini|83/100|[from] Sandstorm
|-heal|p2a: Tapu Fini|89/100|[from] item: Leftovers
|-damage|p1a: Swampert|60/100 tox|[from] psn
|upkeep
|turn|6
|
|t:|1666920106
|switch|p2a: Ferrothorn|Ferrothorn, M|100/100
|move|p1a: Swampert|Flip Turn|p2a: Ferrothorn
|-resisted|p2a: Ferrothorn
|-damage|p2a: Ferrothorn|87/100
|-damage|p1a: Swampert|48/100 tox|[from] ability: Iron Barbs|[of] p2a: Ferrothorn
|
|t:|1666920112
|switch|p1a: Tyranitar|Tyranitar, M|100/100|[from]move: Flip Turn
|
|-weather|Sandstorm|[upkeep]
|-heal|p2a: Ferrothorn|93/100|[from] item: Leftovers
|upkeep
|turn|7
|
|t:|1666920115
|switch|p2a: Tapu Fini|Tapu Fini|89/100
|move|p1a: Tyranitar|Stealth Rock|p2a: Tapu Fini
|-sidestart|p2: Copland|move: Stealth Rock
|
|-weather|Sandstorm|[upkeep]
|-damage|p2a: Tapu Fini|83/100|[from] Sandstorm
|-heal|p2a: Tapu Fini|89/100|[from] item: Leftovers
|upkeep
|turn|8
|
|t:|1666920122
|switch|p1a: Swampert|Swampert, M|48/100 tox
|move|p2a: Tapu Fini|Scald|p1a: Swampert
|-damage|p1a: Swampert|20/100 tox
|
|-weather|Sandstorm|[upkeep]
|-damage|p2a: Tapu Fini|83/100|[from] Sandstorm
|-heal|p2a: Tapu Fini|89/100|[from] item: Leftovers
|-damage|p1a: Swampert|14/100 tox|[from] psn
|-fieldend|Misty Terrain
|upkeep
|turn|9
|
|t:|1666920129
|switch|p1a: Gastrodon|Gastrodon, M|100/100
|move|p2a: Tapu Fini|Scald|p1a: Gastrodon
|-ability|p1a: Gastrodon|Storm Drain|boost
|-boost|p1a: Gastrodon|spa|1
|
|-weather|none
|-heal|p2a: Tapu Fini|96/100|[from] item: Leftovers
|upkeep
|turn|10
|
|t:|1666920137
|move|p2a: Tapu Fini|Taunt|p1a: Gastrodon
|-start|p1a: Gastrodon|move: Taunt
|move|p1a: Gastrodon|Earth Power|p2a: Tapu Fini
|-damage|p2a: Tapu Fini|29/100
|-unboost|p2a: Tapu Fini|spd|1
|-damage|p1a: Gastrodon|91/100|[from] item: Life Orb
|
|-heal|p2a: Tapu Fini|35/100|[from] item: Leftovers
|upkeep
|turn|11
|
|t:|1666920147
|switch|p2a: Tornadus|Tornadus-Therian, M|100/100
|move|p1a: Gastrodon|Scald|p2a: Tornadus
|-damage|p2a: Tornadus|33/100
|-damage|p1a: Gastrodon|81/100|[from] item: Life Orb
|
|upkeep
|turn|12
|
|t:|1666920160
|move|p2a: Tornadus|U-turn|p1a: Gastrodon
|-damage|p1a: Gastrodon|64/100
|
|t:|1666920162
|switch|p2a: Tyranitar|Tyranitar, M|100/100|[from]move: U-turn
|-damage|p2a: Tyranitar|88/100|[from] Stealth Rock
|-weather|Sandstorm|[from] ability: Sand Stream|[of] p2a: Tyranitar
|move|p1a: Gastrodon|Earth Power|p2a: Tyranitar
|-supereffective|p2a: Tyranitar
|-damage|p2a: Tyranitar|0 fnt
|faint|p2a: Tyranitar
|-damage|p1a: Gastrodon|54/100|[from] item: Life Orb
|
|-weather|Sandstorm|[upkeep]
|-end|p1a: Gastrodon|move: Taunt
|upkeep
|
|t:|1666920164
|switch|p2a: Excadrill|Excadrill, M|100/100
|-damage|p2a: Excadrill|97/100|[from] Stealth Rock
|-item|p2a: Excadrill|Air Balloon
|turn|13
|
|t:|1666920180
|switch|p1a: Moltres|Moltres|100/100
|move|p2a: Excadrill|Rapid Spin|p1a: Moltres
|-damage|p1a: Moltres|89/100
|-boost|p2a: Excadrill|spe|1
|-sideend|p2: Copland|Stealth Rock|[from] move: Rapid Spin|[of] p2a: Excadrill
|
|-weather|Sandstorm|[upkeep]
|-damage|p1a: Moltres|83/100|[from] Sandstorm
|upkeep
|turn|14
|
|t:|1666920186
|switch|p2a: Garchomp|Garchomp, M|50/100
|move|p1a: Moltres|U-turn|p2a: Garchomp
|-damage|p2a: Garchomp|37/100
|-damage|p1a: Moltres|70/100|[from] ability: Rough Skin|[of] p2a: Garchomp
|
|t:|1666920192
|switch|p1a: Tyranitar|Tyranitar, M|100/100|[from]move: U-turn
|
|-weather|Sandstorm|[upkeep]
|-heal|p2a: Garchomp|43/100|[from] item: Leftovers
|upkeep
|turn|15
|
|t:|1666920198
|move|p2a: Garchomp|Earthquake|p1a: Tyranitar
|-supereffective|p1a: Tyranitar
|-damage|p1a: Tyranitar|30/100
|move|p1a: Tyranitar|Stealth Rock|p2a: Garchomp
|-sidestart|p2: Copland|move: Stealth Rock
|
|-weather|Sandstorm|[upkeep]
|-heal|p2a: Garchomp|50/100|[from] item: Leftovers
|upkeep
|turn|16
|
|t:|1666920210
|switch|p1a: Landorus|Landorus-Therian, M|100/100
|-ability|p1a: Landorus|Intimidate|boost
|-unboost|p2a: Garchomp|atk|1
|move|p2a: Garchomp|Toxic|p1a: Landorus
|-status|p1a: Landorus|tox
|
|-weather|none
|-heal|p2a: Garchomp|56/100|[from] item: Leftovers
|-damage|p1a: Landorus|94/100 tox|[from] psn
|upkeep
|turn|17
|
|t:|1666920220
|switch|p2a: Tornadus|Tornadus-Therian, M|66/100
|move|p1a: Landorus|Knock Off|p2a: Tornadus
|-damage|p2a: Tornadus|25/100
|-enditem|p2a: Tornadus|Heavy-Duty Boots|[from] move: Knock Off|[of] p1a: Landorus
|
|-damage|p1a: Landorus|82/100 tox|[from] psn
|upkeep
|turn|18
|
|t:|1666920227
|switch|p2a: Ferrothorn|Ferrothorn, M|93/100
|-damage|p2a: Ferrothorn|87/100|[from] Stealth Rock
|move|p1a: Landorus|Knock Off|p2a: Ferrothorn
|-damage|p2a: Ferrothorn|66/100
|-damage|p1a: Landorus|69/100 tox|[from] ability: Iron Barbs|[of] p2a: Ferrothorn
|-enditem|p2a: Ferrothorn|Leftovers|[from] move: Knock Off|[of] p1a: Landorus
|
|-damage|p1a: Landorus|51/100 tox|[from] psn
|upkeep
|turn|19
|
|t:|1666920232
|switch|p1a: Swampert|Swampert, M|14/100 tox
|move|p2a: Ferrothorn|Knock Off|p1a: Swampert
|-damage|p1a: Swampert|0 fnt
|-enditem|p1a: Swampert|Choice Band|[from] move: Knock Off|[of] p2a: Ferrothorn
|faint|p1a: Swampert
|
|upkeep
|
|t:|1666920241
|switch|p1a: Moltres|Moltres|70/100
|turn|20
|
|t:|1666920245
|switch|p2a: Garchomp|Garchomp, M|56/100
|-damage|p2a: Garchomp|50/100|[from] Stealth Rock
|move|p1a: Moltres|U-turn|p2a: Garchomp
|-damage|p2a: Garchomp|36/100
|-damage|p1a: Moltres|58/100|[from] ability: Rough Skin|[of] p2a: Garchomp
|
|t:|1666920270
|switch|p1a: Gastrodon|Gastrodon, M|54/100|[from]move: U-turn
|
|-heal|p2a: Garchomp|42/100|[from] item: Leftovers
|upkeep
|turn|21
|
|t:|1666920277
|move|p2a: Garchomp|Earthquake|p1a: Gastrodon
|-damage|p1a: Gastrodon|0 fnt
|faint|p1a: Gastrodon
|
|-heal|p2a: Garchomp|48/100|[from] item: Leftovers
|upkeep
|
|t:|1666920290
|switch|p1a: Tyranitar|Tyranitar, M|30/100
|-weather|Sandstorm|[from] ability: Sand Stream|[of] p1a: Tyranitar
|turn|22
|
|t:|1666920296
|switch|p1a: Moltres|Moltres|58/100
|move|p2a: Garchomp|Earthquake|p1a: Moltres
|-immune|p1a: Moltres
|
|-weather|Sandstorm|[upkeep]
|-damage|p1a: Moltres|51/100|[from] Sandstorm
|-heal|p2a: Garchomp|55/100|[from] item: Leftovers
|upkeep
|turn|23
|
|t:|1666920303
|move|p2a: Garchomp|Toxic|p1a: Moltres
|-status|p1a: Moltres|tox
|move|p1a: Moltres|Roost|p1a: Moltres
|-heal|p1a: Moltres|100/100 tox
|-singleturn|p1a: Moltres|move: Roost
|
|-weather|Sandstorm|[upkeep]
|-damage|p1a: Moltres|94/100 tox|[from] Sandstorm
|-heal|p2a: Garchomp|61/100|[from] item: Leftovers
|-damage|p1a: Moltres|88/100 tox|[from] psn
|upkeep
|turn|24
|
|t:|1666920309
|switch|p1a: Excadrill|Excadrill, F|100/100
|move|p2a: Garchomp|Protect||[still]
|-fail|p2a: Garchomp
|
|-weather|Sandstorm|[upkeep]
|-heal|p2a: Garchomp|67/100|[from] item: Leftovers
|upkeep
|turn|25
|
|t:|1666920315
|switch|p1a: Landorus|Landorus-Therian, M|51/100 tox
|-ability|p1a: Landorus|Intimidate|boost
|-unboost|p2a: Garchomp|atk|1
|move|p2a: Garchomp|Earthquake|p1a: Landorus
|-immune|p1a: Landorus
|
|-weather|Sandstorm|[upkeep]
|-heal|p2a: Garchomp|73/100|[from] item: Leftovers
|-damage|p1a: Landorus|44/100 tox|[from] psn
|upkeep
|turn|26
|
|t:|1666920321
|switch|p1a: Excadrill|Excadrill, F|100/100
|move|p2a: Garchomp|Protect||[still]
|-fail|p2a: Garchomp
|
|-weather|Sandstorm|[upkeep]
|-heal|p2a: Garchomp|79/100|[from] item: Leftovers
|upkeep
|turn|27
|
|t:|1666920327
|move|p1a: Excadrill|Swords Dance|p1a: Excadrill
|-boost|p1a: Excadrill|atk|2
|move|p2a: Garchomp|Earthquake|p1a: Excadrill
|-supereffective|p1a: Excadrill
|-damage|p1a: Excadrill|21/100
|
|-weather|Sandstorm|[upkeep]
|-heal|p1a: Excadrill|27/100|[from] item: Leftovers
|-heal|p2a: Garchomp|85/100|[from] item: Leftovers
|upkeep
|turn|28
|inactive|The Rum Tum Tugger has 120 seconds left.
|
|t:|1666920358
|switch|p2a: Tapu Fini|Tapu Fini|35/100
|-damage|p2a: Tapu Fini|22/100|[from] Stealth Rock
|-fieldstart|move: Misty Terrain|[from] ability: Misty Surge|[of] p2a: Tapu Fini
|move|p1a: Excadrill|Earthquake|p2a: Tapu Fini
|-damage|p2a: Tapu Fini|0 fnt
|faint|p2a: Tapu Fini
|
|-weather|Sandstorm|[upkeep]
|-heal|p1a: Excadrill|33/100|[from] item: Leftovers
|upkeep
|
|t:|1666920361
|switch|p2a: Excadrill|Excadrill, M|97/100
|-damage|p2a: Excadrill|94/100|[from] Stealth Rock
|-item|p2a: Excadrill|Air Balloon
|turn|29
|
|t:|1666920370
|switch|p1a: Moltres|Moltres|88/100 tox
|move|p2a: Excadrill|Earthquake|p1a: Moltres
|-immune|p1a: Moltres
|
|-weather|none
|-damage|p1a: Moltres|82/100 tox|[from] psn
|upkeep
|turn|30
|
|t:|1666920378
|switch|p2a: Garchomp|Garchomp, M|85/100
|-damage|p2a: Garchomp|79/100|[from] Stealth Rock
|move|p1a: Moltres|U-turn|p2a: Garchomp
|-damage|p2a: Garchomp|67/100
|-damage|p1a: Moltres|69/100 tox|[from] ability: Rough Skin|[of] p2a: Garchomp
|
|t:|1666920395
|switch|p1a: Landorus|Landorus-Therian, M|44/100 tox|[from]move: U-turn
|-ability|p1a: Landorus|Intimidate|boost
|-unboost|p2a: Garchomp|atk|1
|
|-heal|p2a: Garchomp|74/100|[from] item: Leftovers
|-damage|p1a: Landorus|38/100 tox|[from] psn
|upkeep
|turn|31
|
|t:|1666920399
|move|p2a: Garchomp|Protect|p2a: Garchomp
|-singleturn|p2a: Garchomp|Protect
|move|p1a: Landorus|Knock Off|p2a: Garchomp
|-activate|p2a: Garchomp|move: Protect
|
|-heal|p2a: Garchomp|80/100|[from] item: Leftovers
|-damage|p1a: Landorus|26/100 tox|[from] psn
|upkeep
|turn|32
|
|t:|1666920404
|switch|p2a: Ferrothorn|Ferrothorn, M|66/100
|-damage|p2a: Ferrothorn|60/100|[from] Stealth Rock
|move|p1a: Landorus|Knock Off|p2a: Ferrothorn
|-damage|p2a: Ferrothorn|45/100
|-damage|p1a: Landorus|13/100 tox|[from] ability: Iron Barbs|[of] p2a: Ferrothorn
|
|-damage|p1a: Landorus|0 fnt|[from] psn
|faint|p1a: Landorus
|-fieldend|Misty Terrain
|upkeep
|
|t:|1666920411
|switch|p1a: Excadrill|Excadrill, F|33/100
|turn|33
|
|t:|1666920416
|move|p1a: Excadrill|Earthquake|p2a: Ferrothorn
|-damage|p2a: Ferrothorn|11/100
|move|p2a: Ferrothorn|Power Whip|p1a: Excadrill
|-damage|p1a: Excadrill|0 fnt
|faint|p1a: Excadrill
|
|upkeep
|-message|The Rum Tum Tugger forfeited.
|
|win|Copland
|raw|The Rum Tum Tugger's rating: 1583 &rarr; <strong>1565</strong><br />(-18 for losing)
|raw|Copland's rating: 1616 &rarr; <strong>1634</strong><br />(+18 for winning)
|l|☆The Rum Tum Tugger
