|html|<div class="broadcast-blue"><strong>[Gen 8] OU is currently suspecting Kyurem! For information on how to participate check out the <a href="https://www.smogon.com/forums/threads/np-ss-ou-suspect-process-round-11-break-the-ice.3694129/">suspect thread</a>.</strong></div>
|j|☆Steez Ibanez
|j|☆NeoNaruto®++
|t:|1639287027
|gametype|singles
|player|p1|Steez Ibanez|lance|1719
|player|p2|NeoNaruto®++|medium|1823
|teamsize|p1|6
|teamsize|p2|6
|gen|8
|tier|[Gen 8] OU
|rated|
|rule|Sleep Clause Mod: Limit one foe put to sleep
|rule|Species Clause: Limit one of each Pokémon
|rule|OHKO Clause: OHKO moves are banned
|rule|Evasion Moves Clause: Evasion moves are banned
|rule|Endless Battle Clause: Forcing endless battles is banned
|rule|HP Percentage Mod: HP is shown in percentages
|rule|Dynamax Clause: You cannot dynamax
|clearpoke
|poke|p1|Ferrothorn, M|
|poke|p1|Tapu Fini|
|poke|p1|Landorus-Therian, M|
|poke|p1|Regieleki|
|poke|p1|Kyurem|
|poke|p1|Heatran, M|
|poke|p2|Landorus-Therian, M|
|poke|p2|Slowbro, F|
|poke|p2|Tapu Koko|
|poke|p2|Dragonite, F|
|poke|p2|Darmanitan, F|
|poke|p2|Tyranitar, M|
|teampreview
|inactive|Battle timer is ON: inactive players will automatically lose when time's up. (requested by NeoNaruto®++)
|
|t:|1639287053
|start
|switch|p1a: Simba|Landorus-Therian, M|100/100
|switch|p2a: Bernie Landers|Landorus-Therian, M|100/100
|-ability|p1a: Simba|Intimidate|boost
|-unboost|p2a: Bernie Landers|atk|1
|-ability|p2a: Bernie Landers|Intimidate|boost
|-unboost|p1a: Simba|atk|1
|turn|1
|
|t:|1639287062
|switch|p1a: Abomination|Ferrothorn, M|100/100
|move|p2a: Bernie Landers|Knock Off|p1a: Abomination
|-damage|p1a: Abomination|89/100
|-damage|p2a: Bernie Landers|88/100|[from] ability: Iron Barbs|[of] p1a: Abomination
|-damage|p2a: Bernie Landers|72/100|[from] item: Rocky Helmet|[of] p1a: Abomination
|-enditem|p1a: Abomination|Rocky Helmet|[from] move: Knock Off|[of] p2a: Bernie Landers
|
|upkeep
|turn|2
|
|t:|1639287067
|move|p2a: Bernie Landers|Stealth Rock|p1a: Abomination
|-sidestart|p1: Steez Ibanez|move: Stealth Rock
|move|p1a: Abomination|Knock Off|p2a: Bernie Landers
|-damage|p2a: Bernie Landers|57/100
|-damage|p1a: Abomination|73/100|[from] item: Rocky Helmet|[of] p2a: Bernie Landers
|-enditem|p2a: Bernie Landers|Rocky Helmet|[from] move: Knock Off|[of] p1a: Abomination
|
|upkeep
|turn|3
|
|t:|1639287069
|move|p2a: Bernie Landers|Stealth Rock||[still]
|-fail|p2a: Bernie Landers
|move|p1a: Abomination|Leech Seed|p2a: Bernie Landers
|-start|p2a: Bernie Landers|move: Leech Seed
|
|-damage|p2a: Bernie Landers|45/100|[from] Leech Seed|[of] p1a: Abomination
|-heal|p1a: Abomination|86/100|[silent]
|upkeep
|turn|4
|
|t:|1639287074
|move|p2a: Bernie Landers|U-turn|p1a: Abomination
|-damage|p1a: Abomination|77/100
|-damage|p2a: Bernie Landers|33/100|[from] ability: Iron Barbs|[of] p1a: Abomination
|
|t:|1639287076
|switch|p2a: PURRP FOR SALE|Darmanitan, F|100/100|[from]move: U-turn
|move|p1a: Abomination|Spikes|p2a: PURRP FOR SALE
|-sidestart|p2: NeoNaruto®++|Spikes
|
|upkeep
|turn|5
|
|t:|1639287080
|move|p2a: PURRP FOR SALE|Superpower|p1a: Abomination
|-supereffective|p1a: Abomination
|-damage|p1a: Abomination|0 fnt
|-unboost|p2a: PURRP FOR SALE|atk|1
|-unboost|p2a: PURRP FOR SALE|def|1
|-damage|p2a: PURRP FOR SALE|88/100|[from] ability: Iron Barbs|[of] p1a: Abomination
|faint|p1a: Abomination
|
|upkeep
|
|t:|1639287086
|switch|p1a: Ethernet|Regieleki|100/100
|turn|6
|
|t:|1639287089
|switch|p2a: Bernie Landers|Landorus-Therian, M|33/100
|-ability|p2a: Bernie Landers|Intimidate|boost
|-unboost|p1a: Ethernet|atk|1
|move|p1a: Ethernet|Ancient Power|p2a: Bernie Landers
|-damage|p2a: Bernie Landers|11/100
|
|upkeep
|turn|7
|
|t:|1639287095
|move|p1a: Ethernet|Rapid Spin|p2a: Bernie Landers
|-damage|p2a: Bernie Landers|6/100
|-boost|p1a: Ethernet|spe|1
|-sideend|p1: Steez Ibanez|Stealth Rock|[from] move: Rapid Spin|[of] p1a: Ethernet
|move|p2a: Bernie Landers|Earthquake|p1a: Ethernet
|-supereffective|p1a: Ethernet
|-damage|p1a: Ethernet|0 fnt
|faint|p1a: Ethernet
|
|upkeep
|
|t:|1639287098
|switch|p1a: Simba|Landorus-Therian, M|100/100
|-ability|p1a: Simba|Intimidate|boost
|-unboost|p2a: Bernie Landers|atk|1
|turn|8
|
|t:|1639287100
|move|p1a: Simba|U-turn|p2a: Bernie Landers
|-resisted|p2a: Bernie Landers
|-damage|p2a: Bernie Landers|0 fnt
|faint|p2a: Bernie Landers
|
|t:|1639287108
|switch|p1a: Hephaestus|Heatran, M|100/100|[from]move: U-turn
|
|upkeep
|
|t:|1639287112
|switch|p2a: VODECi|Tyranitar, M|100/100
|-damage|p2a: VODECi|88/100|[from] Spikes
|-weather|Sandstorm|[from] ability: Sand Stream|[of] p2a: VODECi
|turn|9
|j| LowGxeDoritos
|
|t:|1639287122
|move|p1a: Hephaestus|Stealth Rock|p2a: VODECi
|-sidestart|p2: NeoNaruto®++|move: Stealth Rock
|move|p2a: VODECi|Earthquake|p1a: Hephaestus
|-supereffective|p1a: Hephaestus
|-damage|p1a: Hephaestus|2/100
|
|-weather|Sandstorm|[upkeep]
|-heal|p1a: Hephaestus|8/100|[from] item: Leftovers
|upkeep
|turn|10
|
|t:|1639287126
|move|p1a: Hephaestus|Taunt|p2a: VODECi
|-start|p2a: VODECi|move: Taunt
|move|p2a: VODECi|Earthquake|p1a: Hephaestus
|-supereffective|p1a: Hephaestus
|-damage|p1a: Hephaestus|0 fnt
|faint|p1a: Hephaestus
|
|-weather|Sandstorm|[upkeep]
|upkeep
|
|t:|1639287139
|switch|p1a: Simba|Landorus-Therian, M|100/100
|-ability|p1a: Simba|Intimidate|boost
|-unboost|p2a: VODECi|atk|1
|turn|11
|
|t:|1639287144
|switch|p2a: spvceghvstpvrrp|Slowbro, F, shiny|100/100
|-damage|p2a: spvceghvstpvrrp|88/100|[from] Spikes
|-damage|p2a: spvceghvstpvrrp|76/100|[from] Stealth Rock
|move|p1a: Simba|U-turn|p2a: spvceghvstpvrrp
|-supereffective|p2a: spvceghvstpvrrp
|-damage|p2a: spvceghvstpvrrp|43/100
|-damage|p1a: Simba|84/100|[from] item: Rocky Helmet|[of] p2a: spvceghvstpvrrp
|
|t:|1639287146
|switch|p1a: Baldor|Kyurem|100/100|[from]move: U-turn
|-ability|p1a: Baldor|Pressure
|
|-weather|Sandstorm|[upkeep]
|-damage|p1a: Baldor|94/100|[from] Sandstorm
|-damage|p2a: spvceghvstpvrrp|37/100|[from] Sandstorm
|-heal|p1a: Baldor|100/100|[from] item: Leftovers
|upkeep
|turn|12
|
|t:|1639287149
|move|p1a: Baldor|Substitute|p1a: Baldor
|-start|p1a: Baldor|Substitute
|-damage|p1a: Baldor|75/100
|move|p2a: spvceghvstpvrrp|Teleport|p2a: spvceghvstpvrrp
|
|t:|1639287150
|switch|p2a: Tapu Koko|Tapu Koko|100/100|[from]move: Teleport
|-damage|p2a: Tapu Koko|88/100|[from] Stealth Rock
|-damage|p2a: Tapu Koko|76/100|[from] Spikes
|-fieldstart|move: Electric Terrain|[from] ability: Electric Surge|[of] p2a: Tapu Koko
|
|-weather|Sandstorm|[upkeep]
|-damage|p2a: Tapu Koko|70/100|[from] Sandstorm
|-damage|p1a: Baldor|69/100|[from] Sandstorm
|-heal|p1a: Baldor|75/100|[from] item: Leftovers
|upkeep
|turn|13
|
|t:|1639287153
|move|p2a: Tapu Koko|Dazzling Gleam|p1a: Baldor
|-supereffective|p1a: Baldor
|-end|p1a: Baldor|Substitute
|move|p1a: Baldor|Earth Power|p2a: Tapu Koko
|-supereffective|p2a: Tapu Koko
|-damage|p2a: Tapu Koko|0 fnt
|faint|p2a: Tapu Koko
|
|-weather|none
|-heal|p1a: Baldor|82/100|[from] item: Leftovers
|upkeep
|
|t:|1639287157
|switch|p2a: PURRP FOR SALE|Darmanitan, F|88/100
|-damage|p2a: PURRP FOR SALE|76/100|[from] Spikes
|-damage|p2a: PURRP FOR SALE|51/100|[from] Stealth Rock
|turn|14
|
|t:|1639287166
|switch|p1a: Watcher|Tapu Fini|100/100
|-fieldstart|move: Misty Terrain|[from] ability: Misty Surge|[of] p1a: Watcher
|move|p2a: PURRP FOR SALE|Flare Blitz|p1a: Watcher
|-resisted|p1a: Watcher
|-damage|p1a: Watcher|56/100
|-damage|p2a: PURRP FOR SALE|37/100|[from] Recoil
|
|-heal|p1a: Watcher|62/100|[from] item: Leftovers
|upkeep
|turn|15
|
|t:|1639287170
|move|p2a: PURRP FOR SALE|Flare Blitz|p1a: Watcher
|-resisted|p1a: Watcher
|-damage|p1a: Watcher|14/100
|-damage|p2a: PURRP FOR SALE|21/100|[from] Recoil
|move|p1a: Watcher|Surf|p2a: PURRP FOR SALE
|-supereffective|p2a: PURRP FOR SALE
|-damage|p2a: PURRP FOR SALE|0 fnt
|faint|p2a: PURRP FOR SALE
|
|-heal|p1a: Watcher|20/100|[from] item: Leftovers
|upkeep
|
|t:|1639287173
|switch|p2a: Fat Charizard|Dragonite, F, shiny|100/100
|turn|16
|
|t:|1639287184
|move|p2a: Fat Charizard|Extreme Speed|p1a: Watcher
|-damage|p1a: Watcher|0 fnt
|faint|p1a: Watcher
|
|upkeep
|
|t:|1639287186
|switch|p1a: Baldor|Kyurem|82/100
|-ability|p1a: Baldor|Pressure
|turn|17
|
|t:|1639287189
|move|p1a: Baldor|Ice Beam|p2a: Fat Charizard
|-supereffective|p2a: Fat Charizard
|-damage|p2a: Fat Charizard|0 fnt
|faint|p2a: Fat Charizard
|
|-heal|p1a: Baldor|88/100|[from] item: Leftovers
|upkeep
|
|t:|1639287192
|switch|p2a: VODECi|Tyranitar, M|88/100
|-damage|p2a: VODECi|76/100|[from] Stealth Rock
|-damage|p2a: VODECi|64/100|[from] Spikes
|-weather|Sandstorm|[from] ability: Sand Stream|[of] p2a: VODECi
|turn|18
|j| CODW
|
|t:|1639287197
|move|p1a: Baldor|Earth Power|p2a: VODECi
|-supereffective|p2a: VODECi
|-damage|p2a: VODECi|44/100
|move|p2a: VODECi|Stone Edge|p1a: Baldor
|-supereffective|p1a: Baldor
|-damage|p1a: Baldor|3/100
|
|-weather|Sandstorm|[upkeep]
|-damage|p1a: Baldor|0 fnt|[from] Sandstorm
|faint|p1a: Baldor
|-fieldend|Misty Terrain
|upkeep
|
|t:|1639287200
|switch|p1a: Simba|Landorus-Therian, M|84/100
|-ability|p1a: Simba|Intimidate|boost
|-unboost|p2a: VODECi|atk|1
|turn|19
|
|t:|1639287203
|move|p1a: Simba|Earthquake|p2a: VODECi
|-supereffective|p2a: VODECi
|-damage|p2a: VODECi|0 fnt
|faint|p2a: VODECi
|
|-weather|Sandstorm|[upkeep]
|upkeep
|
|t:|1639287205
|switch|p2a: spvceghvstpvrrp|Slowbro, F, shiny|70/100
|-damage|p2a: spvceghvstpvrrp|57/100|[from] Stealth Rock
|-damage|p2a: spvceghvstpvrrp|45/100|[from] Spikes
|turn|20
|
|t:|1639287206
|move|p1a: Simba|Earthquake|p2a: spvceghvstpvrrp
|-damage|p2a: spvceghvstpvrrp|14/100
|move|p2a: spvceghvstpvrrp|Slack Off|p2a: spvceghvstpvrrp
|-heal|p2a: spvceghvstpvrrp|64/100
|
|-weather|Sandstorm|[upkeep]
|-damage|p2a: spvceghvstpvrrp|58/100|[from] Sandstorm
|upkeep
|turn|21
|
|t:|1639287208
|move|p1a: Simba|Earthquake|p2a: spvceghvstpvrrp
|-damage|p2a: spvceghvstpvrrp|26/100
|move|p2a: spvceghvstpvrrp|Slack Off|p2a: spvceghvstpvrrp
|-heal|p2a: spvceghvstpvrrp|76/100
|
|-weather|Sandstorm|[upkeep]
|-damage|p2a: spvceghvstpvrrp|70/100|[from] Sandstorm
|upkeep
|turn|22
|-message|Steez Ibanez forfeited.
|
|win|NeoNaruto®++
|raw|Steez Ibanez's rating: 1719 &rarr; <strong>1705</strong><br />(-14 for losing)
|raw|NeoNaruto®++'s rating: 1823 &rarr; <strong>1837</strong><br />(+14 for winning)
|l|☆Steez Ibanez
|l| LowGxeDoritos
