|raw|<div class="broadcast-blue"><strong>This battle is required to be public due to a player having a name starting with 'lt93oq'.</div>
|j|☆LKJHGFDSAPOI
|j|☆LT93OQ Zokuru
|t:|1660474066
|gametype|singles
|player|p1|LKJHGFDSAPOI|rocketgrunt|1786
|player|p2|LT93OQ Zokuru|cress|1693
|teamsize|p1|6
|teamsize|p2|6
|gen|8
|tier|[Gen 8] OU
|rated|
|rule|Sleep Clause Mod: Limit one foe put to sleep
|rule|Species Clause: Limit one of each Pokémon
|rule|OHKO Clause: OHKO moves are banned
|rule|Evasion Items Clause: Evasion items are banned
|rule|Evasion Moves Clause: Evasion moves are banned
|rule|Endless Battle Clause: Forcing endless battles is banned
|rule|HP Percentage Mod: HP is shown in percentages
|rule|Dynamax Clause: You cannot dynamax
|clearpoke
|poke|p1|Maractus, M|
|poke|p1|Seismitoad, M|
|poke|p1|Heatran, M|
|poke|p1|Obstagoon, F|
|poke|p1|Latios, M|
|poke|p1|Weezing-Galar, F|
|poke|p2|Gastrodon, F|
|poke|p2|Blissey, F|
|poke|p2|Slowking-Galar, M|
|poke|p2|Toxapex, M|
|poke|p2|Clefable, M|
|poke|p2|Corviknight, F|
|teampreview
|inactive|Battle timer is ON: inactive players will automatically lose when time's up. (requested by LKJHGFDSAPOI)
|
|t:|1660474086
|start
|switch|p1a: Seismitoad|Seismitoad, M|100/100
|switch|p2a: Slowking|Slowking-Galar, M, shiny|100/100
|turn|1
|
|t:|1660474089
|move|p1a: Seismitoad|Stealth Rock|p2a: Slowking
|-sidestart|p2: LT93OQ Zokuru|move: Stealth Rock
|move|p2a: Slowking|Sludge Bomb|p1a: Seismitoad
|-resisted|p1a: Seismitoad
|-damage|p1a: Seismitoad|82/100
|-status|p1a: Seismitoad|psn
|
|-heal|p1a: Seismitoad|88/100 psn|[from] item: Leftovers
|-damage|p1a: Seismitoad|75/100 psn|[from] psn
|upkeep
|turn|2
|
|t:|1660474096
|move|p1a: Seismitoad|Scald|p2a: Slowking
|-damage|p2a: Slowking|88/100
|move|p2a: Slowking|Future Sight|p1a: Seismitoad
|-start|p2a: Slowking|move: Future Sight
|
|-heal|p1a: Seismitoad|81/100 psn|[from] item: Leftovers
|-damage|p1a: Seismitoad|69/100 psn|[from] psn
|upkeep
|turn|3
|
|t:|1660474106
|switch|p1a: Obstagoon|Obstagoon, F|100/100
|switch|p2a: Toxapex|Toxapex, M|100/100
|-damage|p2a: Toxapex|88/100|[from] Stealth Rock
|
|-status|p1a: Obstagoon|brn|[from] item: Flame Orb
|upkeep
|turn|4
|j| CM Reuni
|
|t:|1660474117
|switch|p2a: Corviknight|Corviknight, F|100/100
|-damage|p2a: Corviknight|88/100|[from] Stealth Rock
|-ability|p2a: Corviknight|Pressure
|move|p1a: Obstagoon|Bulk Up|p1a: Obstagoon
|-boost|p1a: Obstagoon|atk|1
|-boost|p1a: Obstagoon|def|1
|
|-end|p1a: Obstagoon|move: Future Sight
|-immune|p1a: Obstagoon
|-damage|p1a: Obstagoon|94/100 brn|[from] brn
|upkeep
|turn|5
|j| Mimikyu Stardust
|
|t:|1660474128
|move|p1a: Obstagoon|Knock Off|p2a: Corviknight
|-crit|p2a: Corviknight
|-damage|p2a: Corviknight|6/100
|-enditem|p2a: Corviknight|Shed Shell|[from] move: Knock Off|[of] p1a: Obstagoon
|move|p2a: Corviknight|Body Press|p1a: Obstagoon
|-supereffective|p1a: Obstagoon
|-damage|p1a: Obstagoon|25/100 brn
|
|-damage|p1a: Obstagoon|19/100 brn|[from] brn
|upkeep
|turn|6
|j| LTX poukou
|j| LT93OQ Adri
|
|t:|1660474140
|move|p1a: Obstagoon|Facade|p2a: Corviknight
|-resisted|p2a: Corviknight
|-damage|p2a: Corviknight|0 fnt
|faint|p2a: Corviknight
|
|-damage|p1a: Obstagoon|12/100 brn|[from] brn
|upkeep
|
|t:|1660474144
|switch|p2a: Gastrodon|Gastrodon, F|100/100
|-damage|p2a: Gastrodon|94/100|[from] Stealth Rock
|turn|7
|
|t:|1660474148
|move|p2a: Gastrodon|Protect|p2a: Gastrodon
|-singleturn|p2a: Gastrodon|Protect
|move|p1a: Obstagoon|Facade|p2a: Gastrodon
|-activate|p2a: Gastrodon|move: Protect
|
|-heal|p2a: Gastrodon|100/100|[from] item: Leftovers
|-damage|p1a: Obstagoon|6/100 brn|[from] brn
|upkeep
|turn|8
|
|t:|1660474153
|switch|p2a: Clefable|Clefable, M|100/100
|-damage|p2a: Clefable|88/100|[from] Stealth Rock
|move|p1a: Obstagoon|Facade|p2a: Clefable
|-damage|p2a: Clefable|29/100
|
|-heal|p2a: Clefable|35/100|[from] item: Leftovers
|-damage|p1a: Obstagoon|0 fnt|[from] brn
|faint|p1a: Obstagoon
|upkeep
|
|t:|1660474177
|switch|p1a: Heatran|Heatran, M|100/100
|turn|9
|
|t:|1660474182
|switch|p2a: Gastrodon|Gastrodon, F|100/100
|-damage|p2a: Gastrodon|94/100|[from] Stealth Rock
|move|p1a: Heatran|Flash Cannon|p2a: Gastrodon
|-resisted|p2a: Gastrodon
|-damage|p2a: Gastrodon|72/100
|
|-heal|p2a: Gastrodon|78/100|[from] item: Leftovers
|upkeep
|turn|10
|
|t:|1660474186
|switch|p1a: Maractus|Maractus, M|100/100
|move|p2a: Gastrodon|Earth Power|p1a: Maractus
|-resisted|p1a: Maractus
|-damage|p1a: Maractus|88/100
|
|-heal|p2a: Gastrodon|84/100|[from] item: Leftovers
|upkeep
|turn|11
|
|t:|1660474189
|move|p2a: Gastrodon|Protect|p2a: Gastrodon
|-singleturn|p2a: Gastrodon|Protect
|move|p1a: Maractus|Wood Hammer|p2a: Gastrodon
|-activate|p2a: Gastrodon|move: Protect
|
|-heal|p2a: Gastrodon|90/100|[from] item: Leftovers
|upkeep
|turn|12
|
|t:|1660474193
|switch|p2a: Toxapex|Toxapex, M|100/100
|-damage|p2a: Toxapex|88/100|[from] Stealth Rock
|move|p1a: Maractus|Spikes|p2a: Toxapex
|-sidestart|p2: LT93OQ Zokuru|Spikes
|
|upkeep
|turn|13
|
|t:|1660474199
|move|p1a: Maractus|Spikes|p2a: Toxapex
|-sidestart|p2: LT93OQ Zokuru|Spikes
|move|p2a: Toxapex|Toxic|p1a: Maractus
|-status|p1a: Maractus|tox
|
|-damage|p1a: Maractus|82/100 tox|[from] psn
|upkeep
|turn|14
|
|t:|1660474202
|move|p1a: Maractus|Spikes|p2a: Toxapex
|-sidestart|p2: LT93OQ Zokuru|Spikes
|move|p2a: Toxapex|Knock Off|p1a: Maractus
|-damage|p1a: Maractus|62/100 tox
|-enditem|p1a: Maractus|Heavy-Duty Boots|[from] move: Knock Off|[of] p2a: Toxapex
|
|-damage|p1a: Maractus|50/100 tox|[from] psn
|upkeep
|turn|15
|
|t:|1660474204
|move|p1a: Maractus|Synthesis|p1a: Maractus
|-heal|p1a: Maractus|99/100 tox
|move|p2a: Toxapex|Knock Off|p1a: Maractus
|-damage|p1a: Maractus|88/100 tox
|
|-damage|p1a: Maractus|69/100 tox|[from] psn
|upkeep
|turn|16
|
|t:|1660474209
|switch|p1a: Weezing|Weezing-Galar, F|100/100
|move|p2a: Toxapex|Knock Off|p1a: Weezing
|-resisted|p1a: Weezing
|-damage|p1a: Weezing|96/100
|-damage|p2a: Toxapex|72/100|[from] item: Rocky Helmet|[of] p1a: Weezing
|-enditem|p1a: Weezing|Rocky Helmet|[from] move: Knock Off|[of] p2a: Toxapex
|
|upkeep
|turn|17
|
|t:|1660474212
|move|p1a: Weezing|Will-O-Wisp|p2a: Toxapex|[miss]
|-miss|p1a: Weezing|p2a: Toxapex
|move|p2a: Toxapex|Scald|p1a: Weezing
|-damage|p1a: Weezing|73/100
|
|upkeep
|turn|18
|
|t:|1660474215
|move|p1a: Weezing|Will-O-Wisp|p2a: Toxapex
|-status|p2a: Toxapex|brn
|move|p2a: Toxapex|Scald|p1a: Weezing
|-damage|p1a: Weezing|51/100
|
|-damage|p2a: Toxapex|66/100 brn|[from] brn
|upkeep
|turn|19
|
|t:|1660474218
|move|p1a: Weezing|Pain Split|p2a: Toxapex
|-sethp|p2a: Toxapex|61/100 brn|[from] move: Pain Split|[silent]
|-sethp|p1a: Weezing|55/100|[from] move: Pain Split
|move|p2a: Toxapex|Scald|p1a: Weezing
|-crit|p1a: Weezing
|-damage|p1a: Weezing|18/100
|
|-damage|p2a: Toxapex|55/100 brn|[from] brn
|upkeep
|turn|20
|
|t:|1660474221
|move|p1a: Weezing|Pain Split|p2a: Toxapex
|-sethp|p2a: Toxapex|37/100 brn|[from] move: Pain Split|[silent]
|-sethp|p1a: Weezing|34/100|[from] move: Pain Split
|move|p2a: Toxapex|Scald|p1a: Weezing
|-damage|p1a: Weezing|10/100
|-status|p1a: Weezing|brn
|
|-damage|p1a: Weezing|4/100 brn|[from] brn
|-damage|p2a: Toxapex|32/100 brn|[from] brn
|upkeep
|turn|21
|
|t:|1660474229
|switch|p1a: Latios|Latios, M|100/100
|move|p2a: Toxapex|Scald|p1a: Latios
|-resisted|p1a: Latios
|-damage|p1a: Latios|93/100
|
|-damage|p2a: Toxapex|26/100 brn|[from] brn
|upkeep
|turn|22
|
|t:|1660474233
|switch|p2a: Blissey|Blissey, F|100/100
|move|p1a: Latios|Trick|p2a: Blissey
|-activate|p1a: Latios|move: Trick|[of] p2a: Blissey
|-item|p2a: Blissey|Choice Scarf|[from] move: Trick
|-item|p1a: Latios|Heavy-Duty Boots|[from] move: Trick
|
|upkeep
|turn|23
|
|t:|1660474241
|switch|p1a: Heatran|Heatran, M|100/100
|move|p2a: Blissey|Stealth Rock|p1a: Heatran
|-sidestart|p1: LKJHGFDSAPOI|move: Stealth Rock
|
|upkeep
|turn|24
|
|t:|1660474246
|switch|p2a: Clefable|Clefable, M|35/100
|-damage|p2a: Clefable|22/100|[from] Stealth Rock
|-damage|p2a: Clefable|0 fnt|[from] Spikes
|faint|p2a: Clefable
|move|p1a: Heatran|Eruption|p2: Clefable|[notarget]
|-fail|p1a: Heatran
|
|upkeep
|
|t:|1660474251
|switch|p2a: Gastrodon|Gastrodon, F|90/100
|-damage|p2a: Gastrodon|84/100|[from] Stealth Rock
|-damage|p2a: Gastrodon|59/100|[from] Spikes
|turn|25
|
|t:|1660474258
|switch|p1a: Maractus|Maractus, M|69/100 tox
|-damage|p1a: Maractus|56/100 tox|[from] Stealth Rock
|move|p2a: Gastrodon|Recover|p2a: Gastrodon
|-heal|p2a: Gastrodon|100/100
|
|-damage|p1a: Maractus|50/100 tox|[from] psn
|upkeep
|turn|26
|
|t:|1660474265
|switch|p2a: Slowking|Slowking-Galar, M, shiny|100/100
|-damage|p2a: Slowking|88/100|[from] Stealth Rock
|-damage|p2a: Slowking|63/100|[from] Spikes
|move|p1a: Maractus|Synthesis|p1a: Maractus
|-heal|p1a: Maractus|99/100 tox
|
|-damage|p1a: Maractus|88/100 tox|[from] psn
|upkeep
|turn|27
|
|t:|1660474272
|move|p1a: Maractus|Knock Off|p2a: Slowking
|-supereffective|p2a: Slowking
|-damage|p2a: Slowking|31/100
|-enditem|p2a: Slowking|Assault Vest|[from] move: Knock Off|[of] p1a: Maractus
|move|p2a: Slowking|Sludge Bomb|p1a: Maractus
|-supereffective|p1a: Maractus
|-damage|p1a: Maractus|23/100 tox
|
|-damage|p1a: Maractus|5/100 tox|[from] psn
|upkeep
|turn|28
|j| Kyurem
|
|t:|1660474293
|move|p1a: Maractus|Knock Off|p2a: Slowking
|-supereffective|p2a: Slowking
|-damage|p2a: Slowking|10/100
|move|p2a: Slowking|Sludge Bomb|p1a: Maractus
|-supereffective|p1a: Maractus
|-damage|p1a: Maractus|0 fnt
|faint|p1a: Maractus
|
|upkeep
|
|t:|1660474297
|switch|p1a: Heatran|Heatran, M|100/100
|-damage|p1a: Heatran|88/100|[from] Stealth Rock
|turn|29
|
|t:|1660474304
|switch|p2a: Blissey|Blissey, F|100/100
|-damage|p2a: Blissey|88/100|[from] Stealth Rock
|-damage|p2a: Blissey|63/100|[from] Spikes
|move|p1a: Heatran|Eruption|p2a: Blissey
|-damage|p2a: Blissey|19/100
|
|upkeep
|turn|30
|
|t:|1660474307
|move|p1a: Heatran|Eruption|p2a: Blissey
|-damage|p2a: Blissey|0 fnt
|faint|p2a: Blissey
|
|upkeep
|
|t:|1660474311
|switch|p2a: Gastrodon|Gastrodon, F|100/100
|-damage|p2a: Gastrodon|94/100|[from] Stealth Rock
|-damage|p2a: Gastrodon|70/100|[from] Spikes
|turn|31
|
|t:|1660474318
|switch|p1a: Seismitoad|Seismitoad, M|69/100 psn
|-damage|p1a: Seismitoad|63/100 psn|[from] Stealth Rock
|move|p2a: Gastrodon|Recover|p2a: Gastrodon
|-heal|p2a: Gastrodon|100/100
|
|-heal|p1a: Seismitoad|69/100 psn|[from] item: Leftovers
|-damage|p1a: Seismitoad|57/100 psn|[from] psn
|upkeep
|turn|32
|
|t:|1660474322
|move|p2a: Gastrodon|Protect|p2a: Gastrodon
|-singleturn|p2a: Gastrodon|Protect
|move|p1a: Seismitoad|Earth Power|p2a: Gastrodon
|-activate|p2a: Gastrodon|move: Protect
|
|-heal|p1a: Seismitoad|63/100 psn|[from] item: Leftovers
|-damage|p1a: Seismitoad|50/100 psn|[from] psn
|upkeep
|turn|33
|
|t:|1660474325
|move|p1a: Seismitoad|Toxic|p2a: Gastrodon
|-status|p2a: Gastrodon|tox
|move|p2a: Gastrodon|Earth Power|p1a: Seismitoad
|-crit|p1a: Seismitoad
|-damage|p1a: Seismitoad|2/100 psn
|
|-heal|p1a: Seismitoad|8/100 psn|[from] item: Leftovers
|-damage|p1a: Seismitoad|0 fnt|[from] psn
|faint|p1a: Seismitoad
|-damage|p2a: Gastrodon|94/100 tox|[from] psn
|upkeep
|
|t:|1660474329
|switch|p1a: Latios|Latios, M|93/100
|turn|34
|j| Lt92pf addicted
|
|t:|1660474336
|switch|p2a: Toxapex|Toxapex, M|59/100 brn
|-damage|p2a: Toxapex|47/100 brn|[from] Stealth Rock
|-damage|p2a: Toxapex|22/100 brn|[from] Spikes
|move|p1a: Latios|Psychic|p2a: Toxapex
|-supereffective|p2a: Toxapex
|-enditem|p2a: Toxapex|Payapa Berry|[eat]
|-enditem|p2a: Toxapex|Payapa Berry|[weaken]
|-damage|p2a: Toxapex|0 fnt
|faint|p2a: Toxapex
|
|upkeep
|
|t:|1660474339
|switch|p2a: Slowking|Slowking-Galar, M, shiny|43/100
|-damage|p2a: Slowking|31/100|[from] Stealth Rock
|-damage|p2a: Slowking|6/100|[from] Spikes
|turn|35
|
|t:|1660474341
|move|p1a: Latios|Psychic|p2a: Slowking
|-damage|p2a: Slowking|0 fnt
|faint|p2a: Slowking
|
|upkeep
|
|t:|1660474342
|switch|p2a: Gastrodon|Gastrodon, F|94/100 tox
|-damage|p2a: Gastrodon|88/100 tox|[from] Stealth Rock
|-damage|p2a: Gastrodon|63/100 tox|[from] Spikes
|turn|36
|
|t:|1660474346
|move|p1a: Latios|Trick|p2a: Gastrodon
|-activate|p1a: Latios|move: Trick|[of] p2a: Gastrodon
|-item|p2a: Gastrodon|Heavy-Duty Boots|[from] move: Trick
|-item|p1a: Latios|Leftovers|[from] move: Trick
|move|p2a: Gastrodon|Recover|p2a: Gastrodon
|-heal|p2a: Gastrodon|100/100 tox
|
|-heal|p1a: Latios|99/100|[from] item: Leftovers
|-damage|p2a: Gastrodon|94/100 tox|[from] psn
|upkeep
|turn|37
|
|t:|1660474350
|move|p1a: Latios|Psychic|p2a: Gastrodon
|-damage|p2a: Gastrodon|64/100 tox
|move|p2a: Gastrodon|Scald|p1a: Latios
|-resisted|p1a: Latios
|-crit|p1a: Latios
|-damage|p1a: Latios|77/100
|
|-heal|p1a: Latios|83/100|[from] item: Leftovers
|-damage|p2a: Gastrodon|52/100 tox|[from] psn
|upkeep
|turn|38
|
|t:|1660474352
|move|p1a: Latios|Psychic|p2a: Gastrodon
|-damage|p2a: Gastrodon|21/100 tox
|move|p2a: Gastrodon|Recover|p2a: Gastrodon
|-heal|p2a: Gastrodon|71/100 tox
|
|-heal|p1a: Latios|89/100|[from] item: Leftovers
|-damage|p2a: Gastrodon|52/100 tox|[from] psn
|upkeep
|turn|39
|-message|LT93OQ Zokuru forfeited.
|
|win|LKJHGFDSAPOI
|raw|LKJHGFDSAPOI's rating: 1786 &rarr; <strong>1801</strong><br />(+15 for winning)
|raw|LT93OQ Zokuru's rating: 1693 &rarr; <strong>1678</strong><br />(-15 for losing)
|l|☆LT93OQ Zokuru
|l|☆LKJHGFDSAPOI
