|raw|<div class="broadcast-blue"><strong>This battle is required to be public due to a player having a name starting with 'lt93oq'.</div>
|j|☆Goinflex
|j|☆LT93OQ Lio
|t:|1660386193
|gametype|singles
|player|p1|Goinflex|skytrainer|1715
|player|p2|LT93OQ Lio|2|1718
|teamsize|p1|6
|teamsize|p2|6
|gen|8
|tier|[Gen 8] OU
|rated|
|rule|Sleep Clause Mod: Limit one foe put to sleep
|rule|Species Clause: Limit one of each Pokémon
|rule|OHKO Clause: OHKO moves are banned
|rule|Evasion Items Clause: Evasion items are banned
|rule|Evasion Moves Clause: Evasion moves are banned
|rule|Endless Battle Clause: Forcing endless battles is banned
|rule|HP Percentage Mod: HP is shown in percentages
|rule|Dynamax Clause: You cannot dynamax
|clearpoke
|poke|p1|Rillaboom, M|
|poke|p1|Dragonite, M|
|poke|p1|Weavile, F|
|poke|p1|Heatran, M|
|poke|p1|Nidoking, M|
|poke|p1|Crawdaunt, M|
|poke|p2|Tornadus-Therian, M|
|poke|p2|Landorus-Therian, M|
|poke|p2|Dragonite, F|
|poke|p2|Melmetal|
|poke|p2|Clefable, M|
|poke|p2|Ferrothorn, M|
|teampreview
|inactive|Battle timer is ON: inactive players will automatically lose when time's up. (requested by Goinflex)
|j| Kobayashi Tohru
|
|t:|1660386208
|start
|switch|p1a: Nidoking|Nidoking, M|100/100
|switch|p2a: Tornadus|Tornadus-Therian, M|100/100
|turn|1
|
|t:|1660386212
|move|p2a: Tornadus|Knock Off|p1a: Nidoking
|-damage|p1a: Nidoking|74/100
|-enditem|p1a: Nidoking|Life Orb|[from] move: Knock Off|[of] p2a: Tornadus
|move|p1a: Nidoking|Ice Beam|p2a: Tornadus
|-supereffective|p2a: Tornadus
|-damage|p2a: Tornadus|29/100
|
|upkeep
|turn|2
|
|t:|1660386223
|move|p2a: Tornadus|Hurricane|p1a: Nidoking|[miss]
|-miss|p2a: Tornadus|p1a: Nidoking
|move|p1a: Nidoking|Flamethrower|p2a: Tornadus
|-damage|p2a: Tornadus|0 fnt
|faint|p2a: Tornadus
|
|upkeep
|j| LT93OQ Drafeu-kun
|j| LT93OQ Adri
|inactive|LT93OQ Lio has 120 seconds left.
|
|t:|1660386252
|switch|p2a: Dragonite|Dragonite, F|100/100
|turn|3
|
|t:|1660386270
|move|p1a: Nidoking|Ice Beam|p2a: Dragonite
|-supereffective|p2a: Dragonite
|-damage|p2a: Dragonite|40/100
|move|p2a: Dragonite|Earthquake|p1a: Nidoking
|-supereffective|p1a: Nidoking
|-damage|p1a: Nidoking|0 fnt
|faint|p1a: Nidoking
|
|upkeep
|
|t:|1660386276
|switch|p1a: Weavile|Weavile, F|100/100
|-ability|p1a: Weavile|Pressure
|turn|4
|j| Emma Greene
|
|t:|1660386286
|switch|p1a: Heatran|Heatran, M|100/100
|-item|p1a: Heatran|Air Balloon
|switch|p2a: Melmetal|Melmetal|100/100
|
|upkeep
|turn|5
|
|t:|1660386306
|switch|p2a: Clefable|Clefable, M|100/100
|move|p1a: Heatran|Magma Storm|p2a: Clefable|[miss]
|-miss|p1a: Heatran|p2a: Clefable
|
|upkeep
|turn|6
|
|t:|1660386311
|move|p1a: Heatran|Magma Storm|p2a: Clefable|[miss]
|-miss|p1a: Heatran|p2a: Clefable
|move|p2a: Clefable|Thunder Wave|p1a: Heatran|[miss]
|-miss|p2a: Clefable|p1a: Heatran
|
|upkeep
|turn|7
|
|t:|1660386316
|move|p1a: Heatran|Magma Storm|p2a: Clefable|[miss]
|-miss|p1a: Heatran|p2a: Clefable
|move|p2a: Clefable|Thunder Wave|p1a: Heatran|[miss]
|-miss|p2a: Clefable|p1a: Heatran
|
|upkeep
|turn|8
|
|t:|1660386322
|move|p1a: Heatran|Magma Storm|p2a: Clefable|[miss]
|-miss|p1a: Heatran|p2a: Clefable
|move|p2a: Clefable|Thunder Wave|p1a: Heatran
|-status|p1a: Heatran|par
|
|upkeep
|turn|9
|c| Kobayashi Tohru|?
|
|t:|1660386330
|move|p2a: Clefable|Moonblast|p1a: Heatran
|-resisted|p1a: Heatran
|-damage|p1a: Heatran|94/100 par
|-enditem|p1a: Heatran|Air Balloon
|cant|p1a: Heatran|par
|
|upkeep
|turn|10
|
|t:|1660386337
|switch|p2a: Landorus|Landorus-Therian, M|100/100
|-ability|p2a: Landorus|Intimidate|boost
|-unboost|p1a: Heatran|atk|1
|move|p1a: Heatran|Stealth Rock|p2a: Landorus
|-sidestart|p2: LT93OQ Lio|move: Stealth Rock
|
|upkeep
|turn|11
|
|t:|1660386346
|move|p2a: Landorus|Defog|p1a: Heatran
|-unboost|p1a: Heatran|evasion|1
|-sideend|p2: LT93OQ Lio|Stealth Rock|[from] move: Defog|[of] p2a: Landorus
|cant|p1a: Heatran|par
|
|upkeep
|turn|12
|
|t:|1660386353
|switch|p1a: Dragonite|Dragonite, M|100/100
|move|p2a: Landorus|Stealth Rock|p1a: Dragonite
|-sidestart|p1: Goinflex|move: Stealth Rock
|
|upkeep
|turn|13
|
|t:|1660386366
|switch|p2a: Clefable|Clefable, M|100/100
|move|p1a: Dragonite|Ice Punch|p2a: Clefable
|-damage|p2a: Clefable|78/100
|
|-heal|p2a: Clefable|85/100|[from] item: Leftovers
|upkeep
|turn|14
|
|t:|1660386373
|switch|p1a: Heatran|Heatran, M|94/100 par
|-damage|p1a: Heatran|81/100 par|[from] Stealth Rock
|move|p2a: Clefable|Moonblast|p1a: Heatran
|-resisted|p1a: Heatran
|-damage|p1a: Heatran|74/100 par
|
|-heal|p2a: Clefable|91/100|[from] item: Leftovers
|upkeep
|turn|15
|j| Atomise
|
|t:|1660386390
|switch|p2a: Dragonite|Dragonite, F|40/100
|move|p1a: Heatran|Stealth Rock|p2a: Dragonite
|-sidestart|p2: LT93OQ Lio|move: Stealth Rock
|
|upkeep
|turn|16
|j| isudbhfahsb
|
|t:|1660386395
|move|p2a: Dragonite|Roost|p2a: Dragonite
|-heal|p2a: Dragonite|90/100
|-singleturn|p2a: Dragonite|move: Roost
|cant|p1a: Heatran|par
|
|upkeep
|turn|17
|j| chokst du
|
|t:|1660386403
|move|p2a: Dragonite|Earthquake|p1a: Heatran
|-supereffective|p1a: Heatran
|-damage|p1a: Heatran|0 fnt
|faint|p1a: Heatran
|
|upkeep
|
|t:|1660386406
|switch|p1a: Weavile|Weavile, F|100/100
|-ability|p1a: Weavile|Pressure
|turn|18
|
|t:|1660386425
|move|p1a: Weavile|Knock Off|p2a: Dragonite
|-damage|p2a: Dragonite|41/100
|-enditem|p2a: Dragonite|Heavy-Duty Boots|[from] move: Knock Off|[of] p1a: Weavile
|move|p2a: Dragonite|Earthquake|p1a: Weavile
|-damage|p1a: Weavile|39/100
|
|upkeep
|turn|19
|
|t:|1660386434
|move|p1a: Weavile|Knock Off|p2a: Dragonite
|-damage|p2a: Dragonite|2/100
|move|p2a: Dragonite|Earthquake|p1a: Weavile
|-damage|p1a: Weavile|0 fnt
|faint|p1a: Weavile
|
|upkeep
|
|t:|1660386443
|switch|p1a: Crawdaunt|Crawdaunt, M|100/100
|-damage|p1a: Crawdaunt|88/100|[from] Stealth Rock
|turn|20
|
|t:|1660386448
|switch|p2a: Landorus|Landorus-Therian, M|100/100
|-damage|p2a: Landorus|88/100|[from] Stealth Rock
|-ability|p2a: Landorus|Intimidate|boost
|-unboost|p1a: Crawdaunt|atk|1
|move|p1a: Crawdaunt|Aqua Jet|p2a: Landorus
|-supereffective|p2a: Landorus
|-damage|p2a: Landorus|61/100
|
|-heal|p2a: Landorus|67/100|[from] item: Leftovers
|upkeep
|turn|21
|j| einnnnnnna
|
|t:|1660386461
|switch|p2a: Dragonite|Dragonite, F|2/100
|-damage|p2a: Dragonite|0 fnt|[from] Stealth Rock
|faint|p2a: Dragonite
|move|p1a: Crawdaunt|Swords Dance|p1a: Crawdaunt
|-boost|p1a: Crawdaunt|atk|2
|
|upkeep
|
|t:|1660386472
|switch|p2a: Ferrothorn|Ferrothorn, M|100/100
|-damage|p2a: Ferrothorn|94/100|[from] Stealth Rock
|turn|22
|
|t:|1660386476
|move|p1a: Crawdaunt|Knock Off|p2a: Ferrothorn
|-damage|p2a: Ferrothorn|27/100
|-damage|p1a: Crawdaunt|76/100|[from] ability: Iron Barbs|[of] p2a: Ferrothorn
|-enditem|p2a: Ferrothorn|Leftovers|[from] move: Knock Off|[of] p1a: Crawdaunt
|move|p2a: Ferrothorn|Power Whip|p1a: Crawdaunt
|-supereffective|p1a: Crawdaunt
|-damage|p1a: Crawdaunt|0 fnt
|faint|p1a: Crawdaunt
|
|upkeep
|
|t:|1660386486
|switch|p1a: Rillaboom|Rillaboom, M|100/100
|-damage|p1a: Rillaboom|88/100|[from] Stealth Rock
|-fieldstart|move: Grassy Terrain|[from] ability: Grassy Surge|[of] p1a: Rillaboom
|turn|23
|j| havefun507
|
|t:|1660386496
|move|p1a: Rillaboom|Swords Dance|p1a: Rillaboom
|-boost|p1a: Rillaboom|atk|2
|move|p2a: Ferrothorn|Knock Off|p1a: Rillaboom
|-damage|p1a: Rillaboom|67/100
|-enditem|p1a: Rillaboom|Life Orb|[from] move: Knock Off|[of] p2a: Ferrothorn
|
|-heal|p1a: Rillaboom|74/100|[from] Grassy Terrain
|-heal|p2a: Ferrothorn|33/100|[from] Grassy Terrain
|upkeep
|turn|24
|
|t:|1660386500
|switch|p2a: Landorus|Landorus-Therian, M|67/100
|-damage|p2a: Landorus|55/100|[from] Stealth Rock
|-ability|p2a: Landorus|Intimidate|boost
|-unboost|p1a: Rillaboom|atk|1
|move|p1a: Rillaboom|Superpower|p2a: Landorus
|-resisted|p2a: Landorus
|-damage|p2a: Landorus|33/100
|-unboost|p1a: Rillaboom|atk|1
|-unboost|p1a: Rillaboom|def|1
|
|-heal|p2a: Landorus|39/100|[from] item: Leftovers
|-heal|p1a: Rillaboom|80/100|[from] Grassy Terrain
|upkeep
|turn|25
|
|t:|1660386506
|switch|p2a: Melmetal|Melmetal|100/100
|-damage|p2a: Melmetal|94/100|[from] Stealth Rock
|switch|p1a: Dragonite|Dragonite, M|100/100
|
|-heal|p2a: Melmetal|100/100|[from] Grassy Terrain
|upkeep
|turn|26
|
|t:|1660386516
|move|p1a: Dragonite|Earthquake|p2a: Melmetal
|-supereffective|p2a: Melmetal
|-damage|p2a: Melmetal|85/100
|move|p2a: Melmetal|Acid Armor|p2a: Melmetal
|-boost|p2a: Melmetal|def|2
|
|-heal|p2a: Melmetal|91/100|[from] Grassy Terrain
|upkeep
|turn|27
|
|t:|1660386524
|move|p1a: Dragonite|Dragon Dance|p1a: Dragonite
|-boost|p1a: Dragonite|atk|1
|-boost|p1a: Dragonite|spe|1
|move|p2a: Melmetal|Acid Armor|p2a: Melmetal
|-boost|p2a: Melmetal|def|2
|
|-heal|p2a: Melmetal|97/100|[from] Grassy Terrain
|-fieldend|move: Grassy Terrain
|upkeep
|turn|28
|
|t:|1660386527
|move|p1a: Dragonite|Earthquake|p2a: Melmetal
|-supereffective|p2a: Melmetal
|-damage|p2a: Melmetal|80/100
|move|p2a: Melmetal|Acid Armor|p2a: Melmetal
|-boost|p2a: Melmetal|def|2
|
|upkeep
|turn|29
|
|t:|1660386530
|move|p1a: Dragonite|Earthquake|p2a: Melmetal
|-supereffective|p2a: Melmetal
|-damage|p2a: Melmetal|67/100
|move|p2a: Melmetal|Body Press|p1a: Dragonite
|-resisted|p1a: Dragonite
|-damage|p1a: Dragonite|65/100
|
|upkeep
|turn|30
|
|t:|1660386532
|move|p1a: Dragonite|Earthquake|p2a: Melmetal
|-supereffective|p2a: Melmetal
|-crit|p2a: Melmetal
|-damage|p2a: Melmetal|0 fnt
|faint|p2a: Melmetal
|
|upkeep
|
|t:|1660386545
|switch|p2a: Clefable|Clefable, M|91/100
|turn|31
|
|t:|1660386548
|move|p1a: Dragonite|Dual Wingbeat|p2a: Clefable
|-damage|p2a: Clefable|61/100
|-damage|p2a: Clefable|30/100
|-hitcount|p2a: Clefable|2
|move|p2a: Clefable|Thunder Wave|p1a: Dragonite
|-status|p1a: Dragonite|par
|
|-heal|p2a: Clefable|36/100|[from] item: Leftovers
|upkeep
|turn|32
|
|t:|1660386553
|switch|p2a: Landorus|Landorus-Therian, M|39/100
|-damage|p2a: Landorus|26/100|[from] Stealth Rock
|-ability|p2a: Landorus|Intimidate|boost
|-unboost|p1a: Dragonite|atk|1
|move|p1a: Dragonite|Dual Wingbeat|p2a: Landorus|[miss]
|-miss|p1a: Dragonite|p2a: Landorus
|
|-heal|p2a: Landorus|32/100|[from] item: Leftovers
|upkeep
|turn|33
|j| tansincos
|
|t:|1660386565
|switch|p2a: Ferrothorn|Ferrothorn, M|33/100
|-damage|p2a: Ferrothorn|27/100|[from] Stealth Rock
|cant|p1a: Dragonite|par
|
|upkeep
|turn|34
|
|t:|1660386569
|switch|p2a: Landorus|Landorus-Therian, M|32/100
|-damage|p2a: Landorus|20/100|[from] Stealth Rock
|-ability|p2a: Landorus|Intimidate|boost
|-unboost|p1a: Dragonite|atk|1
|cant|p1a: Dragonite|par
|
|-heal|p2a: Landorus|26/100|[from] item: Leftovers
|upkeep
|turn|35
|
|t:|1660386580
|move|p2a: Landorus|Defog|p1a: Dragonite
|-unboost|p1a: Dragonite|evasion|1
|-sideend|p1: Goinflex|Stealth Rock|[from] move: Defog|[of] p2a: Landorus
|-sideend|p2: LT93OQ Lio|Stealth Rock|[from] move: Defog|[of] p2a: Landorus
|move|p1a: Dragonite|Dragon Dance|p1a: Dragonite
|-boost|p1a: Dragonite|atk|1
|-boost|p1a: Dragonite|spe|1
|
|-heal|p2a: Landorus|32/100|[from] item: Leftovers
|upkeep
|turn|36
|
|t:|1660386585
|switch|p2a: Ferrothorn|Ferrothorn, M|27/100
|move|p1a: Dragonite|Dragon Dance|p1a: Dragonite
|-boost|p1a: Dragonite|atk|1
|-boost|p1a: Dragonite|spe|1
|
|upkeep
|turn|37
|
|t:|1660386589
|switch|p2a: Landorus|Landorus-Therian, M|32/100
|-ability|p2a: Landorus|Intimidate|boost
|-unboost|p1a: Dragonite|atk|1
|move|p1a: Dragonite|Earthquake|p2a: Landorus
|-immune|p2a: Landorus
|
|-heal|p2a: Landorus|38/100|[from] item: Leftovers
|upkeep
|turn|38
|
|t:|1660386591
|switch|p2a: Ferrothorn|Ferrothorn, M|27/100
|move|p1a: Dragonite|Ice Punch|p2a: Ferrothorn
|-damage|p2a: Ferrothorn|11/100
|-damage|p1a: Dragonite|52/100 par|[from] ability: Iron Barbs|[of] p2a: Ferrothorn
|
|upkeep
|turn|39
|
|t:|1660386599
|switch|p2a: Landorus|Landorus-Therian, M|38/100
|-ability|p2a: Landorus|Intimidate|boost
|-unboost|p1a: Dragonite|atk|1
|move|p1a: Dragonite|Dragon Dance|p1a: Dragonite
|-boost|p1a: Dragonite|atk|1
|-boost|p1a: Dragonite|spe|1
|
|-heal|p2a: Landorus|44/100|[from] item: Leftovers
|upkeep
|turn|40
|
|t:|1660386602
|switch|p2a: Ferrothorn|Ferrothorn, M|11/100
|move|p1a: Dragonite|Ice Punch|p2a: Ferrothorn
|-damage|p2a: Ferrothorn|0 fnt
|-damage|p1a: Dragonite|40/100 par|[from] ability: Iron Barbs|[of] p2a: Ferrothorn
|faint|p2a: Ferrothorn
|
|upkeep
|
|t:|1660386608
|switch|p2a: Landorus|Landorus-Therian, M|44/100
|-ability|p2a: Landorus|Intimidate|boost
|-unboost|p1a: Dragonite|atk|1
|turn|41
|
|t:|1660386617
|switch|p1a: Rillaboom|Rillaboom, M|80/100
|-fieldstart|move: Grassy Terrain|[from] ability: Grassy Surge|[of] p1a: Rillaboom
|switch|p2a: Clefable|Clefable, M|36/100
|
|-heal|p1a: Rillaboom|86/100|[from] Grassy Terrain
|-heal|p2a: Clefable|42/100|[from] Grassy Terrain
|-heal|p2a: Clefable|48/100|[from] item: Leftovers
|upkeep
|turn|42
|
|t:|1660386625
|move|p1a: Rillaboom|Wood Hammer|p2a: Clefable
|-damage|p2a: Clefable|0 fnt
|faint|p2a: Clefable
|-damage|p1a: Rillaboom|71/100|[from] Recoil
|
|-heal|p1a: Rillaboom|77/100|[from] Grassy Terrain
|upkeep
|-message|LT93OQ Lio forfeited.
|
|win|Goinflex
|raw|Goinflex's rating: 1715 &rarr; <strong>1735</strong><br />(+20 for winning)
|raw|LT93OQ Lio's rating: 1718 &rarr; <strong>1698</strong><br />(-20 for losing)
|l| Kobayashi Tohru
|c|☆Goinflex|gg
|l| einnnnnnna
|l| Atomise
|j| GoNxg
|l| chokst du
|l| GoNxg
|l| LT93OQ Drafeu-kun
|l|☆Goinflex
|l| havefun507
|j| LT93OQ Drafeu-kun
|l| LT93OQ Drafeu-kun
|l| Emma Greene
|j|☆Goinflex
|player|p1|Goinflex|skytrainer
|l|☆Goinflex
|player|p1|
|j| LT93OQ Drafeu-kun
