|j|☆pikahat
|j|☆isheavydead
|inactive|Battle timer is ON: inactive players will automatically lose when time's up.
|t:|1612808274
|player|p1|pikahat|pokekid|
|player|p2|isheavydead|1|
|teamsize|p1|6
|teamsize|p2|6
|gametype|singles
|gen|8
|tier|[Gen 8] OU
|rated|Tournament battle
|clearpoke
|poke|p1|Cloyster, M|
|poke|p1|Porygon-Z|
|poke|p1|Dragapult, M|
|poke|p1|Cinderace, M|
|poke|p1|Melmetal|
|poke|p1|Kartana|
|poke|p2|Tornadus-Therian, M|
|poke|p2|Pelipper, M|
|poke|p2|Ferrothorn, F|
|poke|p2|Crawdaunt, F|
|poke|p2|Magearna|
|poke|p2|Seismitoad, M|
|rule|Sleep Clause Mod: Limit one foe put to sleep
|rule|Species Clause: Limit one of each Pokémon
|rule|OHKO Clause: OHKO moves are banned
|rule|Evasion Moves Clause: Evasion moves are banned
|rule|Endless Battle Clause: Forcing endless battles is banned
|rule|HP Percentage Mod: HP is shown in percentages
|rule|Dynamax Clause: You cannot dynamax
|teampreview
|inactive|pikahat also wants the timer to be on.
|c|☆isheavydead|hf!
|j| Luckpup
|
|t:|1612808292
|start
|switch|p1a: Kartana|Kartana|100/100
|switch|p2a: Magearna|Magearna|100/100
|turn|1
|
|t:|1612808307
|move|p1a: Kartana|Sacred Sword|p2a: Magearna
|-crit|p2a: Magearna
|-damage|p2a: Magearna|43/100
|move|p2a: Magearna|Fleur Cannon|p1a: Kartana
|-resisted|p1a: Kartana
|-enditem|p1a: Kartana|Focus Sash
|-damage|p1a: Kartana|1/100
|-unboost|p2a: Magearna|spa|2
|
|upkeep
|turn|2
|
|t:|1612808316
|move|p1a: Kartana|Sacred Sword|p2a: Magearna
|-damage|p2a: Magearna|5/100
|move|p2a: Magearna|Fleur Cannon|p1a: Kartana
|-resisted|p1a: Kartana
|-damage|p1a: Kartana|0 fnt
|-unboost|p2a: Magearna|spa|2
|faint|p1a: Kartana
|-ability|p2a: Magearna|Soul-Heart|boost
|-boost|p2a: Magearna|spa|1
|
|upkeep
|
|t:|1612808326
|switch|p1a: Porygon-Z|Porygon-Z|100/100
|-ability|p1a: Porygon-Z|Download|boost
|-boost|p1a: Porygon-Z|spa|1
|turn|3
|
|t:|1612808331
|move|p1a: Porygon-Z|Tri Attack|p2a: Magearna
|-resisted|p2a: Magearna
|-damage|p2a: Magearna|0 fnt
|faint|p2a: Magearna
|
|upkeep
|l| Luckpup
|
|t:|1612808347
|switch|p2a: Pelipper|Pelipper, M|100/100
|-weather|RainDance|[from] ability: Drizzle|[of] p2a: Pelipper
|turn|4
|
|t:|1612808352
|move|p1a: Porygon-Z|Thunderbolt|p2a: Pelipper
|-supereffective|p2a: Pelipper
|-damage|p2a: Pelipper|0 fnt
|faint|p2a: Pelipper
|
|-weather|RainDance|[upkeep]
|upkeep
|j| Luckpup
|l| Luckpup
|
|t:|1612808354
|switch|p2a: Seismitoad|Seismitoad, M|100/100
|turn|5
|
|t:|1612808359
|move|p2a: Seismitoad|Weather Ball|p1a: Porygon-Z
|-enditem|p1a: Porygon-Z|Focus Sash
|-damage|p1a: Porygon-Z|1/100
|move|p1a: Porygon-Z|Tri Attack|p2a: Seismitoad
|-damage|p2a: Seismitoad|18/100
|-status|p2a: Seismitoad|par
|
|-weather|RainDance|[upkeep]
|upkeep
|turn|6
|c|☆isheavydead|:/
|
|t:|1612808369
|move|p1a: Porygon-Z|Tri Attack|p2a: Seismitoad
|-damage|p2a: Seismitoad|0 fnt
|faint|p2a: Seismitoad
|
|-weather|RainDance|[upkeep]
|upkeep
|
|t:|1612808372
|switch|p2a: Tornadus|Tornadus-Therian, M|100/100
|turn|7
|j| assddff
|
|t:|1612808376
|move|p2a: Tornadus|Weather Ball|p1a: Porygon-Z
|-crit|p1a: Porygon-Z
|-damage|p1a: Porygon-Z|0 fnt
|faint|p1a: Porygon-Z
|
|-weather|RainDance|[upkeep]
|upkeep
|c| assddff|the power of mono sash offense
|
|t:|1612808382
|switch|p1a: Cloyster|Cloyster, M|100/100
|turn|8
|
|t:|1612808385
|move|p2a: Tornadus|Hurricane|p1a: Cloyster
|-enditem|p1a: Cloyster|Focus Sash
|-damage|p1a: Cloyster|1/100
|move|p1a: Cloyster|Shell Smash|p1a: Cloyster
|-unboost|p1a: Cloyster|def|1
|-unboost|p1a: Cloyster|spd|1
|-boost|p1a: Cloyster|atk|2
|-boost|p1a: Cloyster|spa|2
|-boost|p1a: Cloyster|spe|2
|
|-weather|RainDance|[upkeep]
|upkeep
|turn|9
|c|☆isheavydead|looks like i lost
|c|☆isheavydead|gg
|j| Dragonowl678
|
|t:|1612808396
|switch|p2a: Ferrothorn|Ferrothorn, F|100/100
|move|p1a: Cloyster|Icicle Spear|p2a: Ferrothorn
|-damage|p2a: Ferrothorn|88/100
|-damage|p2a: Ferrothorn|75/100
|-damage|p2a: Ferrothorn|62/100
|-crit|p2a: Ferrothorn
|-damage|p2a: Ferrothorn|42/100
|-damage|p2a: Ferrothorn|29/100
|-hitcount|p2a: Ferrothorn|5
|
|-weather|RainDance|[upkeep]
|-heal|p2a: Ferrothorn|35/100|[from] item: Leftovers
|upkeep
|turn|10
|c| assddff|this guy is so good
|c| assddff|how
|c|☆isheavydead|it's all sash lmao
|
|t:|1612808415
|move|p1a: Cloyster|Icicle Spear|p2a: Ferrothorn
|-damage|p2a: Ferrothorn|22/100
|-damage|p2a: Ferrothorn|7/100
|-damage|p2a: Ferrothorn|0 fnt
|-hitcount|p2a: Ferrothorn|3
|faint|p2a: Ferrothorn
|
|-weather|RainDance|[upkeep]
|upkeep
|
|t:|1612808418
|switch|p2a: Crawdaunt|Crawdaunt, F|100/100
|turn|11
|c|☆pikahat|not melmetal
|
|t:|1612808425
|move|p2a: Crawdaunt|Aqua Jet|p1a: Cloyster
|-resisted|p1a: Cloyster
|-damage|p1a: Cloyster|0 fnt
|-damage|p2a: Crawdaunt|91/100|[from] item: Life Orb
|faint|p1a: Cloyster
|
|-weather|none
|upkeep
|
|t:|1612808432
|switch|p1a: Melmetal|Melmetal|100/100
|turn|12
|c|☆pikahat|melmetal no sash
|
|t:|1612808438
|switch|p2a: Tornadus|Tornadus-Therian, M|100/100
|move|p1a: Melmetal|Thunder Punch|p2a: Tornadus
|-supereffective|p2a: Tornadus
|-damage|p2a: Tornadus|0 fnt
|faint|p2a: Tornadus
|
|upkeep
|c| assddff|rain getting smashed
|c|☆isheavydead|gg
|
|t:|1612808447
|switch|p2a: Crawdaunt|Crawdaunt, F|91/100
|turn|13
|
|t:|1612808451
|move|p2a: Crawdaunt|Swords Dance|p2a: Crawdaunt
|-boost|p2a: Crawdaunt|atk|2
|move|p1a: Melmetal|Thunder Punch|p2a: Crawdaunt
|-supereffective|p2a: Crawdaunt
|-damage|p2a: Crawdaunt|0 fnt
|faint|p2a: Crawdaunt
|
|win|pikahat
|n|☆pikahat|pikahat
|n|☆isheavydead|isheavydead
|n| assddff|assddff
|n| Dragonowl678|dragonowl678
