|html|<div class="broadcast-blue"><strong>[Gen 8] OU is currently suspecting Melmetal! For information on how to participate check out the <a href="https://www.smogon.com/forums/threads/np-ss-ou-suspect-process-round-12-monster-mash.3709234/">suspect thread</a>.</strong></div>
|j|‽fly casanova
|j|☆toon arctozolt
|t:|1666675601
|gametype|singles
|player|p1|fly casanova|gamer-gen3|1616
|player|p2|toon arctozolt|harlequin|1756
|teamsize|p1|6
|teamsize|p2|6
|gen|8
|tier|[Gen 8] OU
|rated|
|rule|Sleep Clause Mod: Limit one foe put to sleep
|rule|Species Clause: Limit one of each Pokémon
|rule|OHKO Clause: OHKO moves are banned
|rule|Evasion Items Clause: Evasion items are banned
|rule|Evasion Moves Clause: Evasion moves are banned
|rule|Endless Battle Clause: Forcing endless battles is banned
|rule|HP Percentage Mod: HP is shown in percentages
|rule|Dynamax Clause: You cannot dynamax
|clearpoke
|poke|p1|Suicune|
|poke|p1|Ferrothorn, F|
|poke|p1|Heatran, M|
|poke|p1|Dragonite, M|
|poke|p1|Krookodile, M|
|poke|p1|Tapu Lele|
|poke|p2|Pelipper, M|
|poke|p2|Corviknight, F|
|poke|p2|Inteleon, F|
|poke|p2|Ferrothorn, M|
|poke|p2|Barraskewda, M|
|poke|p2|Seismitoad, F|
|teampreview
|inactive|Battle timer is ON: inactive players will automatically lose when time's up. (requested by toon arctozolt)
|
|t:|1666675612
|start
|switch|p1a: Suicune|Suicune|100/100
|switch|p2a: Pelipper|Pelipper, M|100/100
|-ability|p1a: Suicune|Pressure
|-weather|RainDance|[from] ability: Drizzle|[of] p2a: Pelipper
|turn|1
|
|t:|1666675615
|move|p1a: Suicune|Substitute|p1a: Suicune
|-start|p1a: Suicune|Substitute
|-damage|p1a: Suicune|76/100
|move|p2a: Pelipper|Scald|p1a: Suicune
|-resisted|p1a: Suicune
|-activate|p1a: Suicune|move: Substitute|[damage]
|
|-weather|RainDance|[upkeep]
|-heal|p1a: Suicune|82/100|[from] item: Leftovers
|upkeep
|turn|2
|
|t:|1666675620
|move|p1a: Suicune|Calm Mind|p1a: Suicune
|-boost|p1a: Suicune|spa|1
|-boost|p1a: Suicune|spd|1
|move|p2a: Pelipper|U-turn|p1a: Suicune
|-activate|p1a: Suicune|move: Substitute|[damage]
|
|t:|1666675626
|switch|p2a: Barraskewda|Barraskewda, M|100/100|[from]move: U-turn
|
|-weather|RainDance|[upkeep]
|-heal|p1a: Suicune|88/100|[from] item: Leftovers
|upkeep
|turn|3
|
|t:|1666675629
|move|p1a: Suicune|Protect|p1a: Suicune
|-singleturn|p1a: Suicune|Protect
|move|p2a: Barraskewda|Liquidation|p1a: Suicune
|-activate|p1a: Suicune|move: Protect
|
|-weather|RainDance|[upkeep]
|-heal|p1a: Suicune|94/100|[from] item: Leftovers
|upkeep
|turn|4
|
|t:|1666675634
|move|p2a: Barraskewda|Liquidation|p1a: Suicune
|-resisted|p1a: Suicune
|-end|p1a: Suicune|Substitute
|move|p1a: Suicune|Substitute|p1a: Suicune
|-start|p1a: Suicune|Substitute
|-damage|p1a: Suicune|69/100
|
|-weather|RainDance|[upkeep]
|-heal|p1a: Suicune|76/100|[from] item: Leftovers
|upkeep
|turn|5
|
|t:|1666675639
|move|p1a: Suicune|Protect|p1a: Suicune
|-singleturn|p1a: Suicune|Protect
|move|p2a: Barraskewda|Liquidation|p1a: Suicune
|-activate|p1a: Suicune|move: Protect
|
|-weather|RainDance|[upkeep]
|-heal|p1a: Suicune|82/100|[from] item: Leftovers
|upkeep
|turn|6
|
|t:|1666675641
|move|p2a: Barraskewda|Liquidation|p1a: Suicune
|-resisted|p1a: Suicune
|-end|p1a: Suicune|Substitute
|move|p1a: Suicune|Substitute|p1a: Suicune
|-start|p1a: Suicune|Substitute
|-damage|p1a: Suicune|57/100
|
|-weather|RainDance|[upkeep]
|-heal|p1a: Suicune|63/100|[from] item: Leftovers
|upkeep
|turn|7
|
|t:|1666675644
|move|p1a: Suicune|Protect|p1a: Suicune
|-singleturn|p1a: Suicune|Protect
|move|p2a: Barraskewda|Liquidation|p1a: Suicune
|-activate|p1a: Suicune|move: Protect
|
|-weather|RainDance|[upkeep]
|-heal|p1a: Suicune|69/100|[from] item: Leftovers
|upkeep
|turn|8
|
|t:|1666675647
|move|p2a: Barraskewda|Liquidation|p1a: Suicune
|-resisted|p1a: Suicune
|-end|p1a: Suicune|Substitute
|move|p1a: Suicune|Scald|p2a: Barraskewda
|-resisted|p2a: Barraskewda
|-damage|p2a: Barraskewda|32/100
|
|-weather|none
|-heal|p1a: Suicune|76/100|[from] item: Leftovers
|upkeep
|turn|9
|
|t:|1666675666
|move|p2a: Barraskewda|Liquidation|p1a: Suicune
|-resisted|p1a: Suicune
|-damage|p1a: Suicune|51/100
|-unboost|p1a: Suicune|def|1
|move|p1a: Suicune|Substitute|p1a: Suicune
|-start|p1a: Suicune|Substitute
|-damage|p1a: Suicune|26/100
|
|-heal|p1a: Suicune|33/100|[from] item: Leftovers
|upkeep
|turn|10
|j| PANDA EXPRESS HR
|
|t:|1666675670
|move|p1a: Suicune|Protect|p1a: Suicune
|-singleturn|p1a: Suicune|Protect
|move|p2a: Barraskewda|Liquidation|p1a: Suicune
|-activate|p1a: Suicune|move: Protect
|
|-heal|p1a: Suicune|39/100|[from] item: Leftovers
|upkeep
|turn|11
|
|t:|1666675671
|-activate|p2a: Barraskewda|move: Struggle
|move|p2a: Barraskewda|Struggle|p1a: Suicune
|-end|p1a: Suicune|Substitute
|-damage|p2a: Barraskewda|7/100|[from] recoil
|move|p1a: Suicune|Scald|p2a: Barraskewda
|-resisted|p2a: Barraskewda
|-damage|p2a: Barraskewda|0 fnt
|faint|p2a: Barraskewda
|
|-heal|p1a: Suicune|45/100|[from] item: Leftovers
|upkeep
|
|t:|1666675676
|switch|p2a: Inteleon|Inteleon, F|100/100
|turn|12
|
|t:|1666675682
|switch|p1a: Ferrothorn|Ferrothorn, F|100/100
|move|p2a: Inteleon|Focus Energy|p2a: Inteleon
|-start|p2a: Inteleon|move: Focus Energy
|
|upkeep
|turn|13
|
|t:|1666675687
|move|p2a: Inteleon|Snipe Shot|p1a: Ferrothorn
|-resisted|p1a: Ferrothorn
|-crit|p1a: Ferrothorn
|-damage|p1a: Ferrothorn|69/100
|move|p1a: Ferrothorn|Power Whip|p2a: Inteleon
|-supereffective|p2a: Inteleon
|-damage|p2a: Inteleon|0 fnt
|faint|p2a: Inteleon
|
|-heal|p1a: Ferrothorn|75/100|[from] item: Leftovers
|upkeep
|
|t:|1666675692
|switch|p2a: Ferrothorn|Ferrothorn, M|100/100
|turn|14
|
|t:|1666675694
|move|p1a: Ferrothorn|Knock Off|p2a: Ferrothorn
|-damage|p2a: Ferrothorn|85/100
|-damage|p1a: Ferrothorn|63/100|[from] ability: Iron Barbs|[of] p2a: Ferrothorn
|-enditem|p2a: Ferrothorn|Leftovers|[from] move: Knock Off|[of] p1a: Ferrothorn
|move|p2a: Ferrothorn|Knock Off|p1a: Ferrothorn
|-damage|p1a: Ferrothorn|47/100
|-damage|p2a: Ferrothorn|73/100|[from] ability: Iron Barbs|[of] p1a: Ferrothorn
|-enditem|p1a: Ferrothorn|Leftovers|[from] move: Knock Off|[of] p2a: Ferrothorn
|
|upkeep
|turn|15
|
|t:|1666675699
|switch|p1a: Heatran|Heatran, M|100/100
|move|p2a: Ferrothorn|Stealth Rock|p1a: Heatran
|-sidestart|p1: fly casanova|move: Stealth Rock
|
|upkeep
|turn|16
|
|t:|1666675709
|switch|p1a: Suicune|Suicune|45/100
|-damage|p1a: Suicune|33/100|[from] Stealth Rock
|-ability|p1a: Suicune|Pressure
|switch|p2a: Pelipper|Pelipper, M|100/100
|-weather|RainDance|[from] ability: Drizzle|[of] p2a: Pelipper
|
|-weather|RainDance|[upkeep]
|-heal|p1a: Suicune|39/100|[from] item: Leftovers
|upkeep
|turn|17
|
|t:|1666675713
|move|p1a: Suicune|Protect|p1a: Suicune
|-singleturn|p1a: Suicune|Protect
|move|p2a: Pelipper|U-turn|p1a: Suicune
|-activate|p1a: Suicune|move: Protect
|
|-weather|RainDance|[upkeep]
|-heal|p1a: Suicune|45/100|[from] item: Leftovers
|upkeep
|turn|18
|
|t:|1666675718
|move|p1a: Suicune|Substitute|p1a: Suicune
|-start|p1a: Suicune|Substitute
|-damage|p1a: Suicune|20/100
|move|p2a: Pelipper|U-turn|p1a: Suicune
|-activate|p1a: Suicune|move: Substitute|[damage]
|
|t:|1666675719
|switch|p2a: Corviknight|Corviknight, F|100/100|[from]move: U-turn
|-ability|p2a: Corviknight|Pressure
|
|-weather|RainDance|[upkeep]
|-heal|p1a: Suicune|26/100|[from] item: Leftovers
|upkeep
|turn|19
|
|t:|1666675728
|move|p1a: Suicune|Scald|p2a: Corviknight
|-damage|p2a: Corviknight|64/100
|-status|p2a: Corviknight|brn
|move|p2a: Corviknight|Brave Bird|p1a: Suicune
|-activate|p1a: Suicune|move: Substitute|[damage]
|-damage|p2a: Corviknight|60/100 brn|[from] Recoil|[of] p1a: Suicune
|
|-weather|RainDance|[upkeep]
|-heal|p1a: Suicune|33/100|[from] item: Leftovers
|-damage|p2a: Corviknight|54/100 brn|[from] brn
|upkeep
|turn|20
|-message|toon arctozolt forfeited.
|
|win|fly casanova
|raw|fly casanova's rating: 1616 &rarr; <strong>1643</strong><br />(+27 for winning)
|raw|toon arctozolt's rating: 1741 &rarr; <strong>1714</strong><br />(-27 for losing)
|l|☆toon arctozolt
