|j|☆SetsuStsna
|j|☆XV1L3
|inactive|Battle timer is ON: inactive players will automatically lose when time's up.
|t:|1649464816
|gametype|singles
|player|p1|SetsuStsna|dawn-gen4pt|
|player|p2|XV1L3|ghetsis|
|teamsize|p1|6
|teamsize|p2|6
|gen|8
|tier|[Gen 8] OU
|rated|Tournament battle
|rule|Sleep Clause Mod: Limit one foe put to sleep
|rule|Species Clause: Limit one of each Pokémon
|rule|OHKO Clause: OHKO moves are banned
|rule|Evasion Moves Clause: Evasion moves are banned
|rule|Endless Battle Clause: Forcing endless battles is banned
|rule|HP Percentage Mod: HP is shown in percentages
|rule|Dynamax Clause: You cannot dynamax
|clearpoke
|poke|p1|Latias, F|
|poke|p1|Alakazam, M|
|poke|p1|Metagross|
|poke|p1|Latios, M|
|poke|p1|Blaziken, F|
|poke|p1|Salamence, F|
|poke|p2|Swampert, M|
|poke|p2|Latios, M|
|poke|p2|Metagross|
|poke|p2|Magnezone|
|poke|p2|Blaziken, F|
|poke|p2|Salamence, F|
|teampreview
|j| BattleStevenStones
|inactive|XV1L3 also wants the timer to be on.
|j| Trailblazer324
|c|☆SetsuStsna|hf
|j| MicrowaveFanFic
|c|☆XV1L3|glhf
|j| electric purple
|
|t:|1649464826
|start
|switch|p1a: Alakazam|Alakazam, M|100/100
|switch|p2a: Latios|Latios, M|100/100
|turn|1
|c| MicrowaveFanFic|get hype boyz
|
|t:|1649464834
|move|p1a: Alakazam|Light Screen|p1a: Alakazam
|-sidestart|p1: SetsuStsna|move: Light Screen
|move|p2a: Latios|Draco Meteor|p1a: Alakazam|[miss]
|-miss|p2a: Latios|p1a: Alakazam
|
|upkeep
|turn|2
|
|t:|1649464839
|move|p1a: Alakazam|Thunder Wave|p2a: Latios
|-status|p2a: Latios|par
|move|p2a: Latios|Draco Meteor|p1a: Alakazam
|-damage|p1a: Alakazam|43/100
|-unboost|p2a: Latios|spa|2
|
|upkeep
|turn|3
|
|t:|1649464849
|move|p1a: Alakazam|Reflect|p1a: Alakazam
|-sidestart|p1: SetsuStsna|Reflect
|move|p2a: Latios|Draco Meteor|p1a: Alakazam
|-damage|p1a: Alakazam|12/100
|-unboost|p2a: Latios|spa|2
|
|upkeep
|turn|4
|
|t:|1649464855
|switch|p1a: Blaziken|Blaziken, F|100/100
|move|p2a: Latios|Draco Meteor|p1a: Blaziken
|-damage|p1a: Blaziken|77/100
|-unboost|p2a: Latios|spa|2
|
|upkeep
|turn|5
|j| 3d
|c|☆SetsuStsna|why is magnezone unbanned?
|
|t:|1649464869
|switch|p2a: Salamence|Salamence, F|100/100
|move|p1a: Blaziken|Swords Dance|p1a: Blaziken
|-boost|p1a: Blaziken|atk|2
|
|-ability|p1a: Blaziken|Speed Boost|boost
|-boost|p1a: Blaziken|spe|1
|upkeep
|turn|6
|j| TestSubject88
|
|t:|1649464876
|move|p1a: Blaziken|Thunder Punch|p2a: Salamence
|-damage|p2a: Salamence|30/100
|move|p2a: Salamence|Dual Wingbeat|p1a: Blaziken|[miss]
|-miss|p2a: Salamence|p1a: Blaziken
|
|-ability|p1a: Blaziken|Speed Boost|boost
|-boost|p1a: Blaziken|spe|1
|upkeep
|turn|7
|c| MicrowaveFanFic|hoenn dex
|c| MicrowaveFanFic|i think
|c|☆SetsuStsna|magnezone is gen4
|c|☆XV1L3|oras
|
|t:|1649464887
|move|p1a: Blaziken|Thunder Punch|p2a: Salamence
|-damage|p2a: Salamence|0 fnt
|faint|p2a: Salamence
|
|-ability|p1a: Blaziken|Speed Boost|boost
|-boost|p1a: Blaziken|spe|1
|upkeep
|
|t:|1649464892
|switch|p2a: Swampert|Swampert, M|100/100
|turn|8
|c|☆SetsuStsna|they changed it to oras?
|c| MicrowaveFanFic|wait oras works too? lmaooooooo
|c|☆XV1L3|i think yea
|j| SmackPackt
|c|☆SetsuStsna|brooooo
|j| red burns
|c| MicrowaveFanFic|ruleset got so botched
|
|t:|1649464911
|move|p1a: Blaziken|Swords Dance|p1a: Blaziken
|-boost|p1a: Blaziken|atk|2
|move|p2a: Swampert|Earthquake|p1a: Blaziken
|-supereffective|p1a: Blaziken
|-damage|p1a: Blaziken|19/100
|
|-sideend|p1: SetsuStsna|move: Light Screen
|-ability|p1a: Blaziken|Speed Boost|boost
|-boost|p1a: Blaziken|spe|1
|upkeep
|turn|9
|j|^nyost13
|
|t:|1649464921
|move|p1a: Blaziken|Close Combat|p2a: Swampert
|-damage|p2a: Swampert|0 fnt
|-unboost|p1a: Blaziken|def|1
|-unboost|p1a: Blaziken|spd|1
|faint|p2a: Swampert
|
|-ability|p1a: Blaziken|Speed Boost|boost
|-boost|p1a: Blaziken|spe|1
|upkeep
|l| BattleStevenStones
|
|t:|1649464932
|switch|p2a: Magnezone|Magnezone|100/100
|turn|10
|l|^nyost13
|
|t:|1649464938
|move|p1a: Blaziken|Close Combat|p2a: Magnezone
|-supereffective|p2a: Magnezone
|-damage|p2a: Magnezone|0 fnt
|-unboost|p1a: Blaziken|def|1
|-unboost|p1a: Blaziken|spd|1
|faint|p2a: Magnezone
|
|-sideend|p1: SetsuStsna|Reflect
|-ability|p1a: Blaziken|Speed Boost|boost
|-boost|p1a: Blaziken|spe|1
|upkeep
|j|^nyost13
|
|t:|1649464940
|switch|p2a: Metagross|Metagross|100/100
|turn|11
|
|t:|1649464944
|move|p2a: Metagross|Bullet Punch|p1a: Blaziken
|-resisted|p1a: Blaziken
|-damage|p1a: Blaziken|0 fnt
|faint|p1a: Blaziken
|
|upkeep
|
|t:|1649464947
|switch|p1a: Latios|Latios, M|100/100
|turn|12
|
|t:|1649464950
|move|p1a: Latios|Reflect|p1a: Latios
|-sidestart|p1: SetsuStsna|Reflect
|move|p2a: Metagross|Meteor Mash|p1a: Latios
|-damage|p1a: Latios|68/100
|
|upkeep
|turn|13
|
|t:|1649464955
|move|p1a: Latios|Thunder Wave|p2a: Metagross
|-status|p2a: Metagross|par
|move|p2a: Metagross|Meteor Mash|p1a: Latios
|-damage|p1a: Latios|39/100
|
|upkeep
|turn|14
|l| red burns
|
|t:|1649464959
|switch|p1a: Alakazam|Alakazam, M|12/100
|cant|p2a: Metagross|par
|
|upkeep
|turn|15
|
|t:|1649464964
|move|p2a: Metagross|Bullet Punch|p1a: Alakazam
|-damage|p1a: Alakazam|0 fnt
|faint|p1a: Alakazam
|
|upkeep
|
|t:|1649464967
|switch|p1a: Metagross|Metagross, shiny|100/100
|turn|16
|
|t:|1649464971
|switch|p2a: Latios|Latios, M|100/100 par
|move|p1a: Metagross|Rock Polish|p1a: Metagross
|-boost|p1a: Metagross|spe|2
|
|upkeep
|turn|17
|
|t:|1649464976
|move|p1a: Metagross|Meteor Mash|p2a: Latios
|-damage|p2a: Latios|38/100 par
|move|p2a: Latios|Aura Sphere|p1a: Metagross
|-damage|p1a: Metagross|52/100
|
|upkeep
|turn|18
|
|t:|1649464981
|move|p1a: Metagross|Meteor Mash|p2a: Latios
|-damage|p2a: Latios|0 fnt
|faint|p2a: Latios
|
|upkeep
|j| m1sdreavus (
|
|t:|1649464987
|switch|p2a: Metagross|Metagross|100/100 par
|turn|19
|l| m1sdreavus (
|
|t:|1649464990
|move|p1a: Metagross|Earthquake|p2a: Metagross
|-supereffective|p2a: Metagross
|-damage|p2a: Metagross|40/100 par
|move|p2a: Metagross|Earthquake|p1a: Metagross
|-supereffective|p1a: Metagross
|-damage|p1a: Metagross|17/100
|-enditem|p1a: Metagross|Weakness Policy
|-boost|p1a: Metagross|atk|2|[from] item: Weakness Policy
|-boost|p1a: Metagross|spa|2|[from] item: Weakness Policy
|
|-sideend|p1: SetsuStsna|Reflect
|upkeep
|turn|20
|
|t:|1649464996
|move|p2a: Metagross|Bullet Punch|p1a: Metagross
|-resisted|p1a: Metagross
|-damage|p1a: Metagross|6/100
|move|p1a: Metagross|Earthquake|p2a: Metagross
|-supereffective|p2a: Metagross
|-damage|p2a: Metagross|0 fnt
|faint|p2a: Metagross
|
|upkeep
|
|t:|1649464998
|switch|p2a: Blaziken|Blaziken, F|100/100
|turn|21
|
|t:|1649465006
|move|p1a: Metagross|Earthquake|p2a: Blaziken
|-supereffective|p2a: Blaziken
|-damage|p2a: Blaziken|0 fnt
|faint|p2a: Blaziken
|
|win|SetsuStsna
|n|☆SetsuStsna|setsustsna
|n|☆XV1L3|xv1l3
|n| Trailblazer324|trailblazer324
|n| MicrowaveFanFic|microwavefanfic
|n| electric purple|electricpurple
|n| 3d|3d
|n| TestSubject88|testsubject88
|n| SmackPackt|smackpackt
|n| nyost13|nyost13
