|raw|<div class="broadcast-blue"><strong>This battle is required to be public due to a player having a name starting with 'lt83aq'.</div>
|j|☆LT83AQ Pigg
|j|☆KFC Chizza
|t:|1626831268
|gametype|singles
|player|p1|LT83AQ Pigg|cyclist-gen4|1733
|player|p2|KFC Chizza|unknown|1866
|teamsize|p1|6
|teamsize|p2|6
|gen|8
|tier|[Gen 8] OU
|rated|
|rule|Sleep Clause Mod: Limit one foe put to sleep
|rule|Species Clause: Limit one of each Pokémon
|rule|OHKO Clause: OHKO moves are banned
|rule|Evasion Moves Clause: Evasion moves are banned
|rule|Endless Battle Clause: Forcing endless battles is banned
|rule|HP Percentage Mod: HP is shown in percentages
|rule|Dynamax Clause: You cannot dynamax
|clearpoke
|poke|p1|Togekiss, M|
|poke|p1|Rillaboom, M|
|poke|p1|Volcarona, M|
|poke|p1|Azumarill, M|
|poke|p1|Dragapult, M|
|poke|p1|Garchomp, M|
|poke|p2|Tapu Koko|
|poke|p2|Tornadus-Therian, M|
|poke|p2|Tangrowth, F|
|poke|p2|Quagsire, M|
|poke|p2|Scizor, M|
|poke|p2|Blissey, F|
|teampreview
|inactive|Battle timer is ON: inactive players will automatically lose when time's up. (requested by KFC Chizza)
|inactive|KFC Chizza has 120 seconds left.
|
|t:|1626831302
|start
|switch|p1a: Garchomp|Garchomp, M|100/100
|switch|p2a: Tornadus|Tornadus-Therian, M|100/100
|turn|1
|
|t:|1626831309
|move|p2a: Tornadus|Taunt|p1a: Garchomp
|-start|p1a: Garchomp|move: Taunt
|cant|p1a: Garchomp|move: Taunt|Stealth Rock
|
|upkeep
|turn|2
|
|t:|1626831315
|move|p2a: Tornadus|Hurricane|p1a: Garchomp
|-damage|p1a: Garchomp|50/100
|move|p1a: Garchomp|Draco Meteor|p2a: Tornadus
|-damage|p2a: Tornadus|26/100
|-unboost|p1a: Garchomp|spa|2
|-damage|p1a: Garchomp|40/100|[from] item: Life Orb
|
|upkeep
|turn|3
|
|t:|1626831325
|move|p2a: Tornadus|Hurricane|p1a: Garchomp|[miss]
|-miss|p2a: Tornadus|p1a: Garchomp
|move|p1a: Garchomp|Earthquake|p2a: Tornadus
|-immune|p2a: Tornadus
|
|-end|p1a: Garchomp|move: Taunt
|upkeep
|turn|4
|
|t:|1626831332
|switch|p1a: Azumarill|Azumarill, M|100/100
|move|p2a: Tornadus|Hurricane|p1a: Azumarill
|-damage|p1a: Azumarill|69/100
|
|-heal|p1a: Azumarill|75/100|[from] item: Leftovers
|upkeep
|turn|5
|
|t:|1626831344
|switch|p2a: Tapu Koko|Tapu Koko|100/100
|-fieldstart|move: Electric Terrain|[from] ability: Electric Surge|[of] p2a: Tapu Koko
|move|p1a: Azumarill|Knock Off|p2a: Tapu Koko
|-resisted|p2a: Tapu Koko
|-damage|p2a: Tapu Koko|92/100
|-enditem|p2a: Tapu Koko|Heavy-Duty Boots|[from] move: Knock Off|[of] p1a: Azumarill
|
|-heal|p1a: Azumarill|81/100|[from] item: Leftovers
|upkeep
|turn|6
|
|t:|1626831354
|move|p1a: Azumarill|Protect|p1a: Azumarill
|-singleturn|p1a: Azumarill|Protect
|move|p2a: Tapu Koko|Thunderbolt|p1a: Azumarill
|-activate|p1a: Azumarill|move: Protect
|
|-heal|p1a: Azumarill|88/100|[from] item: Leftovers
|upkeep
|turn|7
|
|t:|1626831361
|switch|p1a: Rillaboom|Rillaboom, M|100/100
|-fieldstart|move: Grassy Terrain|[from] ability: Grassy Surge|[of] p1a: Rillaboom
|move|p2a: Tapu Koko|Calm Mind|p2a: Tapu Koko
|-boost|p2a: Tapu Koko|spa|1
|-boost|p2a: Tapu Koko|spd|1
|
|-heal|p2a: Tapu Koko|98/100|[from] Grassy Terrain
|upkeep
|turn|8
|
|t:|1626831369
|switch|p2a: Tangrowth|Tangrowth, F|100/100
|move|p1a: Rillaboom|U-turn|p2a: Tangrowth
|-supereffective|p2a: Tangrowth
|-damage|p2a: Tangrowth|60/100
|-damage|p1a: Rillaboom|84/100|[from] item: Rocky Helmet|[of] p2a: Tangrowth
|
|t:|1626831376
|switch|p1a: Garchomp|Garchomp, M|40/100|[from]move: U-turn
|
|-heal|p1a: Garchomp|46/100|[from] Grassy Terrain
|-heal|p2a: Tangrowth|66/100|[from] Grassy Terrain
|upkeep
|turn|9
|
|t:|1626831386
|move|p1a: Garchomp|Stealth Rock|p2a: Tangrowth
|-sidestart|p2: KFC Chizza|move: Stealth Rock
|move|p2a: Tangrowth|Sleep Powder|p1a: Garchomp|[miss]
|-miss|p2a: Tangrowth|p1a: Garchomp
|
|-heal|p1a: Garchomp|52/100|[from] Grassy Terrain
|-heal|p2a: Tangrowth|72/100|[from] Grassy Terrain
|upkeep
|turn|10
|
|t:|1626831393
|switch|p2a: Quagsire|Quagsire, M|100/100
|-damage|p2a: Quagsire|94/100|[from] Stealth Rock
|move|p1a: Garchomp|Fire Blast|p2a: Quagsire|[miss]
|-miss|p1a: Garchomp|p2a: Quagsire
|
|-heal|p1a: Garchomp|58/100|[from] Grassy Terrain
|-heal|p2a: Quagsire|100/100|[from] Grassy Terrain
|upkeep
|turn|11
|
|t:|1626831403
|switch|p1a: Togekiss|Togekiss, M|100/100
|move|p2a: Quagsire|Toxic|p1a: Togekiss
|-status|p1a: Togekiss|tox
|
|-damage|p1a: Togekiss|94/100 tox|[from] psn
|-fieldend|move: Grassy Terrain
|upkeep
|turn|12
|
|t:|1626831411
|switch|p2a: Scizor|Scizor, M|100/100
|move|p1a: Togekiss|Trick|p2a: Scizor
|-activate|p1a: Togekiss|move: Trick|[of] p2a: Scizor
|-item|p2a: Scizor|Choice Scarf|[from] move: Trick
|-item|p1a: Togekiss|Heavy-Duty Boots|[from] move: Trick
|
|-damage|p1a: Togekiss|82/100 tox|[from] psn
|upkeep
|turn|13
|
|t:|1626831419
|switch|p1a: Volcarona|Volcarona, M|100/100
|move|p2a: Scizor|Defog|p1a: Volcarona
|-unboost|p1a: Volcarona|evasion|1
|-sideend|p2: KFC Chizza|Stealth Rock|[from] move: Defog|[of] p2a: Scizor
|
|upkeep
|turn|14
|
|t:|1626831424
|switch|p1a: Garchomp|Garchomp, M|58/100
|switch|p2a: Tornadus|Tornadus-Therian, M|59/100
|
|upkeep
|turn|15
|
|t:|1626831431
|switch|p2a: Tapu Koko|Tapu Koko|98/100
|-fieldstart|move: Electric Terrain|[from] ability: Electric Surge|[of] p2a: Tapu Koko
|move|p1a: Garchomp|Draco Meteor|p2a: Tapu Koko
|-immune|p2a: Tapu Koko
|
|upkeep
|turn|16
|
|t:|1626831441
|switch|p2a: Tornadus|Tornadus-Therian, M|92/100
|switch|p1a: Volcarona|Volcarona, M|100/100
|
|upkeep
|turn|17
|
|t:|1626831447
|switch|p1a: Azumarill|Azumarill, M|88/100
|move|p2a: Tornadus|Nasty Plot|p2a: Tornadus
|-boost|p2a: Tornadus|spa|2
|
|-heal|p1a: Azumarill|94/100|[from] item: Leftovers
|upkeep
|turn|18
|
|t:|1626831455
|move|p2a: Tornadus|Taunt|p1a: Azumarill
|-start|p1a: Azumarill|move: Taunt
|move|p1a: Azumarill|Whirlpool|p2a: Tornadus
|-damage|p2a: Tornadus|81/100
|-activate|p2a: Tornadus|move: Whirlpool|[of] p1a: Azumarill
|
|-heal|p1a: Azumarill|99/100|[from] item: Leftovers
|-damage|p2a: Tornadus|69/100|[from] move: Whirlpool|[partiallytrapped]
|upkeep
|turn|19
|
|t:|1626831463
|move|p2a: Tornadus|Hurricane|p1a: Azumarill|[miss]
|-miss|p2a: Tornadus|p1a: Azumarill
|move|p1a: Azumarill|Knock Off|p2a: Tornadus
|-damage|p2a: Tornadus|53/100
|-enditem|p2a: Tornadus|Heavy-Duty Boots|[from] move: Knock Off|[of] p1a: Azumarill
|
|-heal|p1a: Azumarill|100/100|[from] item: Leftovers
|-damage|p2a: Tornadus|41/100|[from] move: Whirlpool|[partiallytrapped]
|-fieldend|move: Electric Terrain
|upkeep
|turn|20
|j| alola420
|
|t:|1626831474
|move|p2a: Tornadus|Hurricane|p1a: Azumarill
|-damage|p1a: Azumarill|34/100
|move|p1a: Azumarill|Whirlpool|p2a: Tornadus
|-damage|p2a: Tornadus|31/100
|
|-heal|p1a: Azumarill|40/100|[from] item: Leftovers
|-damage|p2a: Tornadus|18/100|[from] move: Whirlpool|[partiallytrapped]
|-end|p1a: Azumarill|move: Taunt
|upkeep
|turn|21
|j| MangoStyle
|
|t:|1626831484
|move|p1a: Azumarill|Protect|p1a: Azumarill
|-singleturn|p1a: Azumarill|Protect
|move|p2a: Tornadus|Hurricane|p1a: Azumarill
|-activate|p1a: Azumarill|move: Protect
|
|-heal|p1a: Azumarill|47/100|[from] item: Leftovers
|-damage|p2a: Tornadus|6/100|[from] move: Whirlpool|[partiallytrapped]
|upkeep
|turn|22
|
|t:|1626831492
|move|p1a: Azumarill|Protect||[still]
|-fail|p1a: Azumarill
|move|p2a: Tornadus|Hurricane|p1a: Azumarill|[miss]
|-miss|p2a: Tornadus|p1a: Azumarill
|
|-heal|p1a: Azumarill|53/100|[from] item: Leftovers
|-end|p2a: Tornadus|Whirlpool|[partiallytrapped]
|upkeep
|turn|23
|
|t:|1626831503
|move|p2a: Tornadus|Hurricane|p1a: Azumarill|[miss]
|-miss|p2a: Tornadus|p1a: Azumarill
|move|p1a: Azumarill|Whirlpool|p2a: Tornadus|[miss]
|-miss|p1a: Azumarill|p2a: Tornadus
|
|-heal|p1a: Azumarill|59/100|[from] item: Leftovers
|upkeep
|turn|24
|
|t:|1626831510
|move|p2a: Tornadus|Hurricane|p1a: Azumarill
|-damage|p1a: Azumarill|0 fnt
|faint|p1a: Azumarill
|
|upkeep
|
|t:|1626831515
|switch|p1a: Dragapult|Dragapult, M|100/100
|turn|25
|
|t:|1626831522
|switch|p2a: Scizor|Scizor, M|100/100
|move|p1a: Dragapult|U-turn|p2a: Scizor
|-resisted|p2a: Scizor
|-damage|p2a: Scizor|93/100
|
|t:|1626831527
|switch|p1a: Garchomp|Garchomp, M|58/100|[from]move: U-turn
|
|upkeep
|turn|26
|
|t:|1626831533
|move|p2a: Scizor|Bullet Punch|p1a: Garchomp
|-damage|p1a: Garchomp|32/100
|-damage|p2a: Scizor|81/100|[from] ability: Rough Skin|[of] p1a: Garchomp
|move|p1a: Garchomp|Stealth Rock|p2a: Scizor
|-sidestart|p2: KFC Chizza|move: Stealth Rock
|
|upkeep
|turn|27
|
|t:|1626831540
|switch|p1a: Volcarona|Volcarona, M|100/100
|switch|p2a: Blissey|Blissey, F|100/100
|
|upkeep
|turn|28
|
|t:|1626831559
|switch|p1a: Rillaboom|Rillaboom, M|84/100
|-fieldstart|move: Grassy Terrain|[from] ability: Grassy Surge|[of] p1a: Rillaboom
|move|p2a: Blissey|Seismic Toss|p1a: Rillaboom
|-damage|p1a: Rillaboom|55/100
|
|-heal|p1a: Rillaboom|61/100|[from] Grassy Terrain
|upkeep
|turn|29
|
|t:|1626831567
|switch|p2a: Tangrowth|Tangrowth, F|100/100
|-damage|p2a: Tangrowth|88/100|[from] Stealth Rock
|move|p1a: Rillaboom|U-turn|p2a: Tangrowth
|-supereffective|p2a: Tangrowth
|-damage|p2a: Tangrowth|47/100
|-damage|p1a: Rillaboom|44/100|[from] item: Rocky Helmet|[of] p2a: Tangrowth
|
|t:|1626831582
|switch|p1a: Volcarona|Volcarona, M|100/100|[from]move: U-turn
|
|-heal|p2a: Tangrowth|53/100|[from] Grassy Terrain
|upkeep
|turn|30
|
|t:|1626831590
|switch|p2a: Blissey|Blissey, F|100/100
|move|p1a: Volcarona|Flamethrower|p2a: Blissey
|-damage|p2a: Blissey|87/100
|
|-heal|p2a: Blissey|93/100|[from] Grassy Terrain
|upkeep
|turn|31
|
|t:|1626831598
|move|p1a: Volcarona|Quiver Dance|p1a: Volcarona
|-boost|p1a: Volcarona|spa|1
|-boost|p1a: Volcarona|spd|1
|-boost|p1a: Volcarona|spe|1
|move|p2a: Blissey|Seismic Toss|p1a: Volcarona
|-damage|p1a: Volcarona|74/100
|-status|p2a: Blissey|brn|[from] ability: Flame Body|[of] p1a: Volcarona
|
|-heal|p1a: Volcarona|80/100|[from] Grassy Terrain
|-heal|p2a: Blissey|99/100 brn|[from] Grassy Terrain
|-damage|p2a: Blissey|93/100 brn|[from] brn
|upkeep
|turn|32
|
|t:|1626831610
|move|p1a: Volcarona|Quiver Dance|p1a: Volcarona
|-boost|p1a: Volcarona|spa|1
|-boost|p1a: Volcarona|spd|1
|-boost|p1a: Volcarona|spe|1
|move|p2a: Blissey|Toxic|p1a: Volcarona
|-status|p1a: Volcarona|tox
|
|-heal|p1a: Volcarona|86/100 tox|[from] Grassy Terrain
|-heal|p2a: Blissey|99/100 brn|[from] Grassy Terrain
|-damage|p1a: Volcarona|80/100 tox|[from] psn
|-damage|p2a: Blissey|93/100 brn|[from] brn
|-fieldend|move: Grassy Terrain
|upkeep
|turn|33
|-message|LT83AQ Pigg forfeited.
|
|win|KFC Chizza
|raw|LT83AQ Pigg's rating: 1733 &rarr; <strong>1720</strong><br />(-13 for losing)
|raw|KFC Chizza's rating: 1866 &rarr; <strong>1879</strong><br />(+13 for winning)
|l|☆LT83AQ Pigg
