|j|☆vagmak
|j|☆Batsumi
|t:|1607519340
|player|p1|vagmak|brawly|1767
|player|p2|Batsumi|skier|1724
|teamsize|p1|6
|teamsize|p2|6
|gametype|singles
|gen|8
|tier|[Gen 8] OU
|rated|
|clearpoke
|poke|p1|Kartana|
|poke|p1|Azumarill, M|
|poke|p1|Garchomp, F|
|poke|p1|Zapdos|
|poke|p1|Nidoking, M|
|poke|p1|Melmetal|
|poke|p2|Ferrothorn, M|
|poke|p2|Zapdos|
|poke|p2|Blacephalon|
|poke|p2|Clefable, F|
|poke|p2|Urshifu-*, M|
|poke|p2|Landorus-Therian, M|
|rule|Sleep Clause Mod: Limit one foe put to sleep
|rule|Species Clause: Limit one of each Pokémon
|rule|OHKO Clause: OHKO moves are banned
|rule|Evasion Moves Clause: Evasion moves are banned
|rule|Endless Battle Clause: Forcing endless battles is banned
|rule|HP Percentage Mod: HP is shown in percentages
|rule|Dynamax Clause: You cannot dynamax
|teampreview
|j| Devon
|
|t:|1607519349
|start
|switch|p1a: Zapdos|Zapdos|100/100
|switch|p2a: Urshifu|Urshifu-Rapid-Strike, M|100/100
|turn|1
|inactive|Battle timer is ON: inactive players will automatically lose when time's up. (requested by vagmak)
|
|t:|1607519363
|switch|p2a: Clefable|Clefable, F|100/100
|move|p1a: Zapdos|Thunderbolt|p2a: Clefable
|-damage|p2a: Clefable|67/100
|
|-heal|p2a: Clefable|73/100|[from] item: Leftovers
|upkeep
|turn|2
|
|t:|1607519374
|switch|p1a: Melmetal|Melmetal|100/100
|move|p2a: Clefable|Teleport|p2a: Clefable
|
|t:|1607519378
|switch|p2a: Ferrothorn|Ferrothorn, M|100/100|[from]move: Teleport
|
|upkeep
|turn|3
|
|t:|1607519386
|switch|p1a: Zapdos|Zapdos|100/100
|move|p2a: Ferrothorn|Stealth Rock|p1a: Zapdos
|-sidestart|p1: vagmak|move: Stealth Rock
|
|upkeep
|turn|4
|
|t:|1607519392
|switch|p2a: Zapdos|Zapdos|100/100
|move|p1a: Zapdos|Heat Wave|p2a: Zapdos|[miss]
|-miss|p1a: Zapdos|p2a: Zapdos
|
|upkeep
|turn|5
|
|t:|1607519401
|move|p1a: Zapdos|Thunderbolt|p2a: Zapdos
|-damage|p2a: Zapdos|54/100
|move|p2a: Zapdos|Toxic|p1a: Zapdos
|-status|p1a: Zapdos|tox
|
|-damage|p1a: Zapdos|94/100 tox|[from] psn
|upkeep
|turn|6
|
|t:|1607519409
|move|p1a: Zapdos|Heat Wave|p2a: Zapdos
|-damage|p2a: Zapdos|23/100
|move|p2a: Zapdos|Roost|p2a: Zapdos
|-heal|p2a: Zapdos|73/100
|-singleturn|p2a: Zapdos|move: Roost
|
|-damage|p1a: Zapdos|82/100 tox|[from] psn
|upkeep
|turn|7
|j| amphilol
|
|t:|1607519436
|switch|p1a: Nidoking|Nidoking, M|100/100
|-damage|p1a: Nidoking|95/100|[from] Stealth Rock
|move|p2a: Zapdos|Roost|p2a: Zapdos
|-heal|p2a: Zapdos|100/100
|-singleturn|p2a: Zapdos|move: Roost
|
|upkeep
|turn|8
|j| balma
|
|t:|1607519447
|switch|p2a: Urshifu|Urshifu-Rapid-Strike, M|100/100
|move|p1a: Nidoking|Ice Beam|p2a: Urshifu
|-resisted|p2a: Urshifu
|-damage|p2a: Urshifu|77/100
|
|upkeep
|turn|9
|
|t:|1607519455
|switch|p1a: Azumarill|Azumarill, M|100/100
|-damage|p1a: Azumarill|88/100|[from] Stealth Rock
|move|p2a: Urshifu|Surging Strikes|p1a: Azumarill
|-resisted|p1a: Azumarill
|-crit|p1a: Azumarill
|-damage|p1a: Azumarill|74/100
|-resisted|p1a: Azumarill
|-crit|p1a: Azumarill
|-damage|p1a: Azumarill|59/100
|-resisted|p1a: Azumarill
|-crit|p1a: Azumarill
|-damage|p1a: Azumarill|45/100
|-enditem|p1a: Azumarill|Sitrus Berry|[eat]
|-heal|p1a: Azumarill|70/100|[from] item: Sitrus Berry
|-hitcount|p1a: Azumarill|3
|
|upkeep
|turn|10
|inactive|vagmak has 120 seconds left.
|inactive|Batsumi has 120 seconds left.
|
|t:|1607519487
|switch|p2a: Landorus|Landorus-Therian, M|100/100
|-ability|p2a: Landorus|Intimidate|boost
|-unboost|p1a: Azumarill|atk|1
|switch|p1a: Kartana|Kartana|100/100
|-damage|p1a: Kartana|94/100|[from] Stealth Rock
|
|upkeep
|turn|11
|
|t:|1607519496
|move|p1a: Kartana|Knock Off|p2a: Landorus
|-damage|p2a: Landorus|58/100
|-enditem|p2a: Landorus|Leftovers|[from] move: Knock Off|[of] p1a: Kartana
|-damage|p1a: Kartana|85/100|[from] item: Life Orb
|move|p2a: Landorus|Knock Off|p1a: Kartana
|-damage|p1a: Kartana|49/100
|-enditem|p1a: Kartana|Life Orb|[from] move: Knock Off|[of] p2a: Landorus
|
|upkeep
|turn|12
|
|t:|1607519510
|move|p1a: Kartana|Leaf Blade|p2a: Landorus
|-damage|p2a: Landorus|9/100
|move|p2a: Landorus|U-turn|p1a: Kartana
|-damage|p1a: Kartana|24/100
|
|t:|1607519518
|switch|p2a: Blacephalon|Blacephalon, shiny|100/100|[from]move: U-turn
|
|upkeep
|turn|13
|
|t:|1607519525
|move|p2a: Blacephalon|Shadow Ball|p1a: Kartana
|-damage|p1a: Kartana|0 fnt
|faint|p1a: Kartana
|-ability|p2a: Blacephalon|Beast Boost|boost
|-boost|p2a: Blacephalon|spa|1
|
|upkeep
|
|t:|1607519535
|switch|p1a: Melmetal|Melmetal|100/100
|-damage|p1a: Melmetal|94/100|[from] Stealth Rock
|turn|14
|j| singleswtf
|j| Boi 240
|
|t:|1607519545
|switch|p2a: Landorus|Landorus-Therian, M|9/100
|-ability|p2a: Landorus|Intimidate|boost
|-unboost|p1a: Melmetal|atk|1
|move|p1a: Melmetal|Ice Punch|p2a: Landorus
|-supereffective|p2a: Landorus
|-damage|p2a: Landorus|0 fnt
|faint|p2a: Landorus
|
|upkeep
|
|t:|1607519565
|switch|p2a: Zapdos|Zapdos|100/100
|turn|15
|
|t:|1607519576
|switch|p1a: Nidoking|Nidoking, M|95/100
|-damage|p1a: Nidoking|89/100|[from] Stealth Rock
|move|p2a: Zapdos|Heat Wave|p1a: Nidoking|[miss]
|-miss|p2a: Zapdos|p1a: Nidoking
|
|upkeep
|turn|16
|j| xiao123
|
|t:|1607519592
|move|p1a: Nidoking|Earth Power|p2a: Zapdos
|-immune|p2a: Zapdos
|move|p2a: Zapdos|Heat Wave|p1a: Nidoking
|-damage|p1a: Nidoking|42/100
|
|upkeep
|turn|17
|l| xiao123
|
|t:|1607519602
|switch|p1a: Zapdos|Zapdos|82/100 tox
|move|p2a: Zapdos|Heat Wave|p1a: Zapdos
|-damage|p1a: Zapdos|41/100 tox
|
|-damage|p1a: Zapdos|35/100 tox|[from] psn
|upkeep
|turn|18
|
|t:|1607519613
|move|p1a: Zapdos|Roost|p1a: Zapdos
|-heal|p1a: Zapdos|85/100 tox
|-singleturn|p1a: Zapdos|move: Roost
|move|p2a: Zapdos|Heat Wave|p1a: Zapdos
|-damage|p1a: Zapdos|41/100 tox
|
|-damage|p1a: Zapdos|29/100 tox|[from] psn
|upkeep
|turn|19
|
|t:|1607519623
|move|p1a: Zapdos|Thunderbolt|p2a: Zapdos
|-damage|p2a: Zapdos|55/100
|move|p2a: Zapdos|Heat Wave|p1a: Zapdos
|-damage|p1a: Zapdos|0 fnt
|faint|p1a: Zapdos
|
|upkeep
|
|t:|1607519634
|switch|p1a: Melmetal|Melmetal|94/100
|-damage|p1a: Melmetal|88/100|[from] Stealth Rock
|turn|20
|
|t:|1607519641
|switch|p2a: Ferrothorn|Ferrothorn, M|100/100
|move|p1a: Melmetal|Ice Punch|p2a: Ferrothorn
|-damage|p2a: Ferrothorn|75/100
|-damage|p1a: Melmetal|76/100|[from] ability: Iron Barbs|[of] p2a: Ferrothorn
|
|-heal|p2a: Ferrothorn|81/100|[from] item: Leftovers
|upkeep
|turn|21
|
|t:|1607519655
|move|p1a: Melmetal|Earthquake|p2a: Ferrothorn
|-damage|p2a: Ferrothorn|56/100
|move|p2a: Ferrothorn|Leech Seed|p1a: Melmetal
|-start|p1a: Melmetal|move: Leech Seed
|
|-heal|p2a: Ferrothorn|62/100|[from] item: Leftovers
|-damage|p1a: Melmetal|64/100|[from] Leech Seed|[of] p2a: Ferrothorn
|-heal|p2a: Ferrothorn|78/100|[silent]
|upkeep
|turn|22
|j| No Brand
|
|t:|1607519667
|switch|p1a: Nidoking|Nidoking, M|42/100
|-damage|p1a: Nidoking|36/100|[from] Stealth Rock
|move|p2a: Ferrothorn|Knock Off|p1a: Nidoking
|-damage|p1a: Nidoking|7/100
|-enditem|p1a: Nidoking|Choice Scarf|[from] move: Knock Off|[of] p2a: Ferrothorn
|
|-heal|p2a: Ferrothorn|85/100|[from] item: Leftovers
|upkeep
|turn|23
|
|t:|1607519681
|move|p2a: Ferrothorn|Protect|p2a: Ferrothorn
|-singleturn|p2a: Ferrothorn|Protect
|move|p1a: Nidoking|Earth Power|p2a: Ferrothorn
|-activate|p2a: Ferrothorn|move: Protect
|
|-heal|p2a: Ferrothorn|91/100|[from] item: Leftovers
|upkeep
|turn|24
|
|t:|1607519691
|switch|p2a: Clefable|Clefable, F|73/100
|move|p1a: Nidoking|Ice Beam|p2a: Clefable
|-damage|p2a: Clefable|50/100
|
|-heal|p2a: Clefable|56/100|[from] item: Leftovers
|upkeep
|turn|25
|
|t:|1607519698
|move|p2a: Clefable|Protect|p2a: Clefable
|-singleturn|p2a: Clefable|Protect
|move|p1a: Nidoking|Sludge Wave|p2a: Clefable
|-activate|p2a: Clefable|move: Protect
|
|-heal|p2a: Clefable|62/100|[from] item: Leftovers
|upkeep
|turn|26
|
|t:|1607519709
|move|p1a: Nidoking|Earth Power|p2a: Clefable
|-damage|p2a: Clefable|27/100
|move|p2a: Clefable|Moonblast|p1a: Nidoking
|-resisted|p1a: Nidoking
|-damage|p1a: Nidoking|0 fnt
|faint|p1a: Nidoking
|
|-heal|p2a: Clefable|33/100|[from] item: Leftovers
|upkeep
|
|t:|1607519718
|switch|p1a: Garchomp|Garchomp, F|100/100
|-damage|p1a: Garchomp|94/100|[from] Stealth Rock
|turn|27
|
|t:|1607519727
|move|p1a: Garchomp|Earthquake|p2a: Clefable
|-damage|p2a: Clefable|0 fnt
|faint|p2a: Clefable
|
|upkeep
|
|t:|1607519734
|switch|p2a: Ferrothorn|Ferrothorn, M|91/100
|turn|28
|
|t:|1607519739
|move|p1a: Garchomp|Earthquake|p2a: Ferrothorn
|-crit|p2a: Ferrothorn
|-damage|p2a: Ferrothorn|42/100
|move|p2a: Ferrothorn|Leech Seed|p1a: Garchomp
|-start|p1a: Garchomp|move: Leech Seed
|
|-heal|p2a: Ferrothorn|48/100|[from] item: Leftovers
|-damage|p1a: Garchomp|82/100|[from] Leech Seed|[of] p2a: Ferrothorn
|-heal|p2a: Ferrothorn|62/100|[silent]
|upkeep
|turn|29
|
|t:|1607519754
|move|p1a: Garchomp|Earthquake|p2a: Ferrothorn
|-damage|p2a: Ferrothorn|31/100
|move|p2a: Ferrothorn|Knock Off|p1a: Garchomp
|-damage|p1a: Garchomp|60/100
|-damage|p2a: Ferrothorn|19/100|[from] ability: Rough Skin|[of] p1a: Garchomp
|-damage|p2a: Ferrothorn|2/100|[from] item: Rocky Helmet|[of] p1a: Garchomp
|-enditem|p1a: Garchomp|Rocky Helmet|[from] move: Knock Off|[of] p2a: Ferrothorn
|
|-heal|p2a: Ferrothorn|9/100|[from] item: Leftovers
|-damage|p1a: Garchomp|48/100|[from] Leech Seed|[of] p2a: Ferrothorn
|-heal|p2a: Ferrothorn|22/100|[silent]
|upkeep
|turn|30
|
|t:|1607519774
|switch|p1a: Melmetal|Melmetal|64/100
|-damage|p1a: Melmetal|57/100|[from] Stealth Rock
|move|p2a: Ferrothorn|Protect||[still]
|-fail|p2a: Ferrothorn
|
|-heal|p2a: Ferrothorn|29/100|[from] item: Leftovers
|upkeep
|turn|31
|
|t:|1607519791
|move|p2a: Ferrothorn|Protect|p2a: Ferrothorn
|-singleturn|p2a: Ferrothorn|Protect
|move|p1a: Melmetal|Ice Punch|p2a: Ferrothorn
|-activate|p2a: Ferrothorn|move: Protect
|
|-heal|p2a: Ferrothorn|35/100|[from] item: Leftovers
|upkeep
|turn|32
|
|t:|1607519799
|move|p1a: Melmetal|Earthquake|p2a: Ferrothorn
|-damage|p2a: Ferrothorn|9/100
|move|p2a: Ferrothorn|Leech Seed|p1a: Melmetal
|-start|p1a: Melmetal|move: Leech Seed
|
|-heal|p2a: Ferrothorn|15/100|[from] item: Leftovers
|-damage|p1a: Melmetal|45/100|[from] Leech Seed|[of] p2a: Ferrothorn
|-heal|p2a: Ferrothorn|31/100|[silent]
|upkeep
|turn|33
|
|t:|1607519815
|switch|p1a: Garchomp|Garchomp, F|48/100
|-damage|p1a: Garchomp|42/100|[from] Stealth Rock
|move|p2a: Ferrothorn|Leech Seed|p1a: Garchomp
|-start|p1a: Garchomp|move: Leech Seed
|
|-heal|p2a: Ferrothorn|37/100|[from] item: Leftovers
|-damage|p1a: Garchomp|30/100|[from] Leech Seed|[of] p2a: Ferrothorn
|-heal|p2a: Ferrothorn|51/100|[silent]
|upkeep
|turn|34
|l| No Brand
|
|t:|1607519825
|move|p1a: Garchomp|Earthquake|p2a: Ferrothorn
|-damage|p2a: Ferrothorn|16/100
|move|p2a: Ferrothorn|Leech Seed||[still]
|-fail|p2a: Ferrothorn
|
|-heal|p2a: Ferrothorn|22/100|[from] item: Leftovers
|-damage|p1a: Garchomp|17/100|[from] Leech Seed|[of] p2a: Ferrothorn
|-heal|p2a: Ferrothorn|36/100|[silent]
|upkeep
|turn|35
|
|t:|1607519835
|switch|p1a: Melmetal|Melmetal|45/100
|-damage|p1a: Melmetal|39/100|[from] Stealth Rock
|move|p2a: Ferrothorn|Protect||[still]
|-fail|p2a: Ferrothorn
|
|-heal|p2a: Ferrothorn|42/100|[from] item: Leftovers
|upkeep
|turn|36
|
|t:|1607519843
|move|p2a: Ferrothorn|Protect|p2a: Ferrothorn
|-singleturn|p2a: Ferrothorn|Protect
|move|p1a: Melmetal|Earthquake|p2a: Ferrothorn
|-activate|p2a: Ferrothorn|move: Protect
|
|-heal|p2a: Ferrothorn|49/100|[from] item: Leftovers
|upkeep
|turn|37
|
|t:|1607519852
|move|p1a: Melmetal|Earthquake|p2a: Ferrothorn
|-damage|p2a: Ferrothorn|23/100
|move|p2a: Ferrothorn|Leech Seed|p1a: Melmetal|[miss]
|-miss|p2a: Ferrothorn|p1a: Melmetal
|
|-heal|p2a: Ferrothorn|29/100|[from] item: Leftovers
|upkeep
|turn|38
|
|t:|1607519860
|move|p2a: Ferrothorn|Protect|p2a: Ferrothorn
|-singleturn|p2a: Ferrothorn|Protect
|move|p1a: Melmetal|Earthquake|p2a: Ferrothorn
|-activate|p2a: Ferrothorn|move: Protect
|
|-heal|p2a: Ferrothorn|35/100|[from] item: Leftovers
|upkeep
|turn|39
|
|t:|1607519868
|move|p1a: Melmetal|Earthquake|p2a: Ferrothorn
|-damage|p2a: Ferrothorn|8/100
|move|p2a: Ferrothorn|Leech Seed|p1a: Melmetal
|-start|p1a: Melmetal|move: Leech Seed
|
|-heal|p2a: Ferrothorn|14/100|[from] item: Leftovers
|-damage|p1a: Melmetal|27/100|[from] Leech Seed|[of] p2a: Ferrothorn
|-heal|p2a: Ferrothorn|30/100|[silent]
|upkeep
|turn|40
|
|t:|1607519877
|move|p1a: Melmetal|Earthquake|p2a: Ferrothorn
|-damage|p2a: Ferrothorn|5/100
|move|p2a: Ferrothorn|Leech Seed||[still]
|-fail|p2a: Ferrothorn
|
|-heal|p2a: Ferrothorn|11/100|[from] item: Leftovers
|-damage|p1a: Melmetal|14/100|[from] Leech Seed|[of] p2a: Ferrothorn
|-heal|p2a: Ferrothorn|27/100|[silent]
|upkeep
|turn|41
|
|t:|1607519886
|move|p1a: Melmetal|Earthquake|p2a: Ferrothorn
|-damage|p2a: Ferrothorn|2/100
|move|p2a: Ferrothorn|Leech Seed||[still]
|-fail|p2a: Ferrothorn
|
|-heal|p2a: Ferrothorn|8/100|[from] item: Leftovers
|-damage|p1a: Melmetal|2/100|[from] Leech Seed|[of] p2a: Ferrothorn
|-heal|p2a: Ferrothorn|24/100|[silent]
|upkeep
|turn|42
|
|t:|1607519896
|switch|p2a: Zapdos|Zapdos|55/100
|move|p1a: Melmetal|Earthquake|p2a: Zapdos
|-immune|p2a: Zapdos
|
|-damage|p1a: Melmetal|0 fnt|[from] Leech Seed|[of] p2a: Zapdos
|-heal|p2a: Zapdos|56/100|[silent]
|faint|p1a: Melmetal
|upkeep
|
|t:|1607519904
|switch|p1a: Garchomp|Garchomp, F|17/100
|-damage|p1a: Garchomp|11/100|[from] Stealth Rock
|turn|43
|
|t:|1607519921
|switch|p2a: Ferrothorn|Ferrothorn, M|24/100
|move|p1a: Garchomp|Outrage|p2a: Ferrothorn
|-resisted|p2a: Ferrothorn
|-damage|p2a: Ferrothorn|5/100
|-damage|p1a: Garchomp|0 fnt|[from] ability: Iron Barbs|[of] p2a: Ferrothorn
|faint|p1a: Garchomp
|
|-heal|p2a: Ferrothorn|11/100|[from] item: Leftovers
|upkeep
|
|t:|1607519931
|switch|p1a: Azumarill|Azumarill, M|70/100
|-damage|p1a: Azumarill|57/100|[from] Stealth Rock
|turn|44
|
|t:|1607519937
|move|p1a: Azumarill|Liquidation|p2a: Ferrothorn
|-resisted|p2a: Ferrothorn
|-damage|p2a: Ferrothorn|0 fnt
|-damage|p1a: Azumarill|45/100|[from] ability: Iron Barbs|[of] p2a: Ferrothorn
|faint|p2a: Ferrothorn
|
|upkeep
|
|t:|1607519947
|switch|p2a: Zapdos|Zapdos|56/100
|turn|45
|
|t:|1607519952
|move|p1a: Azumarill|Aqua Jet|p2a: Zapdos
|-damage|p2a: Zapdos|32/100
|move|p2a: Zapdos|Discharge|p1a: Azumarill
|-supereffective|p1a: Azumarill
|-damage|p1a: Azumarill|0 fnt
|faint|p1a: Azumarill
|
|win|Batsumi
|l|☆vagmak
|j| alt_wrfw
|l| Devon
|l| alt_wrfw
|j| alt_wrfw
|l| alt_wrfw
|raw|vagmak's rating: 1750 &rarr; <strong>1728</strong><br />(-22 for losing)
|raw|Batsumi's rating: 1724 &rarr; <strong>1745</strong><br />(+21 for winning)
