|raw|<div class="broadcast-blue"><strong>This battle is required to be public due to a player having a name starting with 'lt84jm'.</div>
|j|☆LT84JM Okumura
|j|☆SMxVale
|t:|1627779500
|gametype|singles
|player|p1|LT84JM Okumura|lucas|1837
|player|p2|SMxVale|red-gen1main|1815
|teamsize|p1|6
|teamsize|p2|6
|gen|8
|tier|[Gen 8] OU
|rated|
|rule|Sleep Clause Mod: Limit one foe put to sleep
|rule|Species Clause: Limit one of each Pokémon
|rule|OHKO Clause: OHKO moves are banned
|rule|Evasion Moves Clause: Evasion moves are banned
|rule|Endless Battle Clause: Forcing endless battles is banned
|rule|HP Percentage Mod: HP is shown in percentages
|rule|Dynamax Clause: You cannot dynamax
|clearpoke
|poke|p1|Slowking-Galar, F|
|poke|p1|Weavile, F|
|poke|p1|Magnezone|
|poke|p1|Garchomp, F|
|poke|p1|Corviknight, M|
|poke|p1|Urshifu-*, M|
|poke|p2|Melmetal|
|poke|p2|Landorus-Therian, M|
|poke|p2|Volcanion|
|poke|p2|Dragapult, M|
|poke|p2|Clefable, F|
|poke|p2|Garchomp, M|
|teampreview
|
|t:|1627779529
|start
|switch|p1a: Slowking|Slowking-Galar, F, shiny|100/100
|switch|p2a: Dragapult|Dragapult, M|100/100
|turn|1
|
|t:|1627779543
|switch|p2a: Melmetal|Melmetal|100/100
|move|p1a: Slowking|Ice Beam|p2a: Melmetal
|-resisted|p2a: Melmetal
|-damage|p2a: Melmetal|82/100
|
|upkeep
|turn|2
|inactive|Battle timer is ON: inactive players will automatically lose when time's up. (requested by SMxVale)
|
|t:|1627779556
|switch|p1a: Garchomp|Garchomp, F, shiny|100/100
|move|p2a: Melmetal|Thunder Wave|p1a: Garchomp
|-immune|p1a: Garchomp
|
|upkeep
|turn|3
|
|t:|1627779568
|switch|p1a: Corviknight|Corviknight, M, shiny|100/100
|-ability|p1a: Corviknight|Pressure
|move|p2a: Melmetal|Double Iron Bash|p1a: Corviknight
|-resisted|p1a: Corviknight
|-damage|p1a: Corviknight|88/100
|-resisted|p1a: Corviknight
|-damage|p1a: Corviknight|76/100
|-hitcount|p1a: Corviknight|2
|
|upkeep
|turn|4
|
|t:|1627779576
|switch|p1a: Magnezone|Magnezone|100/100
|move|p2a: Melmetal|Thunder Wave|p1a: Magnezone|[miss]
|-miss|p2a: Melmetal|p1a: Magnezone
|
|upkeep
|turn|5
|
|t:|1627779580
|move|p1a: Magnezone|Volt Switch|p2a: Melmetal
|-damage|p2a: Melmetal|17/100
|
|t:|1627779582
|switch|p1a: Garchomp|Garchomp, F, shiny|100/100|[from]move: Volt Switch
|move|p2a: Melmetal|Earthquake|p1a: Garchomp
|-damage|p1a: Garchomp|71/100
|
|-heal|p1a: Garchomp|77/100|[from] item: Leftovers
|upkeep
|turn|6
|
|t:|1627779591
|move|p1a: Garchomp|Stealth Rock|p2a: Melmetal
|-sidestart|p2: SMxVale|move: Stealth Rock
|move|p2a: Melmetal|Double Iron Bash|p1a: Garchomp
|-damage|p1a: Garchomp|50/100
|-activate|p1a: Garchomp|ability: Rough Skin
|-activate|p2a: Melmetal|item: Protective Pads
|-damage|p1a: Garchomp|21/100
|-activate|p1a: Garchomp|ability: Rough Skin
|-activate|p2a: Melmetal|item: Protective Pads
|-hitcount|p1a: Garchomp|2
|
|-heal|p1a: Garchomp|27/100|[from] item: Leftovers
|upkeep
|turn|7
|
|t:|1627779602
|switch|p1a: Corviknight|Corviknight, M, shiny|76/100
|-ability|p1a: Corviknight|Pressure
|switch|p2a: Landorus|Landorus-Therian, M|100/100
|-damage|p2a: Landorus|88/100|[from] Stealth Rock
|-ability|p2a: Landorus|Intimidate|boost
|-unboost|p1a: Corviknight|atk|1
|
|-heal|p2a: Landorus|94/100|[from] item: Leftovers
|upkeep
|turn|8
|
|t:|1627779609
|move|p2a: Landorus|Defog|p1a: Corviknight
|-unboost|p1a: Corviknight|evasion|1
|-sideend|p2: SMxVale|Stealth Rock|[from] move: Defog|[of] p2a: Landorus
|move|p1a: Corviknight|U-turn|p2a: Landorus
|-resisted|p2a: Landorus
|-damage|p2a: Landorus|90/100
|
|t:|1627779613
|switch|p1a: Weavile|Weavile, F|100/100|[from]move: U-turn
|-ability|p1a: Weavile|Pressure
|
|-heal|p2a: Landorus|96/100|[from] item: Leftovers
|upkeep
|turn|9
|
|t:|1627779634
|move|p1a: Weavile|Triple Axel|p2a: Landorus
|-supereffective|p2a: Landorus
|-damage|p2a: Landorus|55/100
|-supereffective|p2a: Landorus
|-damage|p2a: Landorus|0 fnt
|faint|p2a: Landorus
|-hitcount|p2: Landorus|2
|
|upkeep
|inactive|SMxVale has 120 seconds left.
|
|t:|1627779653
|switch|p2a: Dragapult|Dragapult, M|100/100
|turn|10
|
|t:|1627779658
|switch|p1a: Slowking|Slowking-Galar, F, shiny|100/100
|move|p2a: Dragapult|Shadow Ball|p1a: Slowking
|-supereffective|p1a: Slowking
|-damage|p1a: Slowking|45/100
|-unboost|p1a: Slowking|spd|1
|
|upkeep
|turn|11
|
|t:|1627779665
|switch|p2a: Volcanion|Volcanion|100/100
|switch|p1a: Garchomp|Garchomp, F, shiny|27/100
|
|-heal|p1a: Garchomp|33/100|[from] item: Leftovers
|upkeep
|turn|12
|
|t:|1627779675
|switch|p2a: Garchomp|Garchomp, M|100/100
|move|p1a: Garchomp|Earthquake|p2a: Garchomp
|-damage|p2a: Garchomp|73/100
|
|-heal|p1a: Garchomp|39/100|[from] item: Leftovers
|-heal|p2a: Garchomp|79/100|[from] item: Leftovers
|upkeep
|turn|13
|
|t:|1627779679
|move|p1a: Garchomp|Stealth Rock|p2a: Garchomp
|-sidestart|p2: SMxVale|move: Stealth Rock
|move|p2a: Garchomp|Earthquake|p1a: Garchomp
|-damage|p1a: Garchomp|5/100
|
|-heal|p1a: Garchomp|12/100|[from] item: Leftovers
|-heal|p2a: Garchomp|85/100|[from] item: Leftovers
|upkeep
|turn|14
|
|t:|1627779686
|switch|p1a: Weavile|Weavile, F|100/100
|-ability|p1a: Weavile|Pressure
|move|p2a: Garchomp|Earthquake|p1a: Weavile
|-damage|p1a: Weavile|24/100
|
|-heal|p2a: Garchomp|91/100|[from] item: Leftovers
|upkeep
|turn|15
|
|t:|1627779693
|move|p1a: Weavile|Triple Axel|p2a: Garchomp
|-supereffective|p2a: Garchomp
|-damage|p2a: Garchomp|63/100
|-damage|p1a: Weavile|12/100|[from] ability: Rough Skin|[of] p2a: Garchomp
|-supereffective|p2a: Garchomp
|-damage|p2a: Garchomp|0 fnt
|-damage|p1a: Weavile|0 fnt|[from] ability: Rough Skin|[of] p2a: Garchomp
|faint|p2a: Garchomp
|faint|p1a: Weavile
|-hitcount|p2: Garchomp|2
|
|upkeep
|
|t:|1627779716
|switch|p1a: Magnezone|Magnezone|100/100
|switch|p2a: Dragapult|Dragapult, M|100/100
|-damage|p2a: Dragapult|88/100|[from] Stealth Rock
|turn|16
|
|t:|1627779726
|move|p2a: Dragapult|Fire Blast|p1a: Magnezone
|-supereffective|p1a: Magnezone
|-damage|p1a: Magnezone|0 fnt
|faint|p1a: Magnezone
|
|upkeep
|
|t:|1627779729
|switch|p1a: Slowking|Slowking-Galar, F, shiny|78/100
|turn|17
|
|t:|1627779748
|switch|p2a: Volcanion|Volcanion|100/100
|move|p1a: Slowking|Future Sight|p2a: Volcanion
|-start|p1a: Slowking|move: Future Sight
|
|upkeep
|turn|18
|
|t:|1627779757
|move|p2a: Volcanion|Steam Eruption|p1a: Slowking
|-damage|p1a: Slowking|45/100
|move|p1a: Slowking|Sludge Bomb|p2a: Volcanion
|-damage|p2a: Volcanion|51/100
|
|upkeep
|turn|19
|inactive|SMxVale has 120 seconds left.
|
|t:|1627779791
|switch|p2a: Melmetal|Melmetal|17/100
|-damage|p2a: Melmetal|11/100|[from] Stealth Rock
|switch|p1a: Urshifu|Urshifu-Rapid-Strike, M|100/100
|
|-end|p2a: Melmetal|move: Future Sight
|-resisted|p2a: Melmetal
|-damage|p2a: Melmetal|0 fnt
|faint|p2a: Melmetal
|upkeep
|
|t:|1627779799
|switch|p2a: Dragapult|Dragapult, M|88/100
|-damage|p2a: Dragapult|76/100|[from] Stealth Rock
|turn|20
|inactive|SMxVale has 120 seconds left.
|
|t:|1627779811
|move|p2a: Dragapult|Thunder|p1a: Urshifu
|-supereffective|p1a: Urshifu
|-damage|p1a: Urshifu|0 fnt
|faint|p1a: Urshifu
|
|upkeep
|
|t:|1627779815
|switch|p1a: Garchomp|Garchomp, F, shiny|12/100
|turn|21
|
|t:|1627779823
|switch|p2a: Clefable|Clefable, F|100/100
|move|p1a: Garchomp|Earthquake|p2a: Clefable
|-damage|p2a: Clefable|51/100
|
|-heal|p1a: Garchomp|18/100|[from] item: Leftovers
|-heal|p2a: Clefable|57/100|[from] item: Leftovers
|upkeep
|turn|22
|
|t:|1627779838
|switch|p2a: Dragapult|Dragapult, M|76/100
|-damage|p2a: Dragapult|64/100|[from] Stealth Rock
|move|p1a: Garchomp|Protect||[still]
|-fail|p1a: Garchomp
|
|-heal|p1a: Garchomp|24/100|[from] item: Leftovers
|upkeep
|turn|23
|
|t:|1627779846
|move|p1a: Garchomp|Protect|p1a: Garchomp
|-singleturn|p1a: Garchomp|Protect
|move|p2a: Dragapult|Shadow Ball|p1a: Garchomp
|-activate|p1a: Garchomp|move: Protect
|
|-heal|p1a: Garchomp|30/100|[from] item: Leftovers
|upkeep
|turn|24
|
|t:|1627779851
|move|p2a: Dragapult|Shadow Ball|p1a: Garchomp
|-damage|p1a: Garchomp|0 fnt
|faint|p1a: Garchomp
|
|upkeep
|
|t:|1627779853
|switch|p1a: Slowking|Slowking-Galar, F, shiny|78/100
|turn|25
|
|t:|1627779859
|move|p2a: Dragapult|Shadow Ball|p1a: Slowking
|-supereffective|p1a: Slowking
|-damage|p1a: Slowking|14/100
|move|p1a: Slowking|Ice Beam|p2a: Dragapult
|-supereffective|p2a: Dragapult
|-damage|p2a: Dragapult|0 fnt
|faint|p2a: Dragapult
|
|upkeep
|
|t:|1627779870
|switch|p2a: Volcanion|Volcanion|51/100
|turn|26
|
|t:|1627779875
|switch|p1a: Corviknight|Corviknight, M, shiny|76/100
|-ability|p1a: Corviknight|Pressure
|move|p2a: Volcanion|Flamethrower|p1a: Corviknight
|-supereffective|p1a: Corviknight
|-damage|p1a: Corviknight|0 fnt
|faint|p1a: Corviknight
|
|upkeep
|
|t:|1627779878
|switch|p1a: Slowking|Slowking-Galar, F, shiny|47/100
|turn|27
|
|t:|1627779886
|move|p2a: Volcanion|Steam Eruption|p1a: Slowking
|-damage|p1a: Slowking|17/100
|move|p1a: Slowking|Sludge Bomb|p2a: Volcanion
|-damage|p2a: Volcanion|0 fnt
|faint|p2a: Volcanion
|
|upkeep
|
|t:|1627779892
|switch|p2a: Clefable|Clefable, F|57/100
|turn|28
|
|t:|1627779915
|move|p2a: Clefable|Soft-Boiled|p2a: Clefable
|-heal|p2a: Clefable|100/100
|move|p1a: Slowking|Sludge Bomb|p2a: Clefable
|-supereffective|p2a: Clefable
|-damage|p2a: Clefable|45/100
|-status|p2a: Clefable|psn
|
|-heal|p2a: Clefable|51/100 psn|[from] item: Leftovers
|upkeep
|turn|29
|
|t:|1627779926
|move|p2a: Clefable|Soft-Boiled|p2a: Clefable
|-heal|p2a: Clefable|100/100 psn
|move|p1a: Slowking|Sludge Bomb|p2a: Clefable
|-supereffective|p2a: Clefable
|-damage|p2a: Clefable|44/100 psn
|
|-heal|p2a: Clefable|50/100 psn|[from] item: Leftovers
|upkeep
|turn|30
|
|t:|1627779929
|move|p2a: Clefable|Soft-Boiled|p2a: Clefable
|-heal|p2a: Clefable|99/100 psn
|move|p1a: Slowking|Sludge Bomb|p2a: Clefable
|-supereffective|p2a: Clefable
|-damage|p2a: Clefable|45/100 psn
|
|-heal|p2a: Clefable|51/100 psn|[from] item: Leftovers
|upkeep
|turn|31
|
|t:|1627779933
|move|p2a: Clefable|Soft-Boiled|p2a: Clefable
|-heal|p2a: Clefable|100/100 psn
|move|p1a: Slowking|Sludge Bomb|p2a: Clefable
|-supereffective|p2a: Clefable
|-damage|p2a: Clefable|39/100 psn
|
|-heal|p2a: Clefable|46/100 psn|[from] item: Leftovers
|upkeep
|turn|32
|
|t:|1627779935
|move|p2a: Clefable|Soft-Boiled|p2a: Clefable
|-heal|p2a: Clefable|96/100 psn
|move|p1a: Slowking|Sludge Bomb|p2a: Clefable
|-supereffective|p2a: Clefable
|-damage|p2a: Clefable|39/100 psn
|
|-heal|p2a: Clefable|45/100 psn|[from] item: Leftovers
|upkeep
|turn|33
|
|t:|1627779937
|move|p2a: Clefable|Soft-Boiled|p2a: Clefable
|-heal|p2a: Clefable|95/100 psn
|move|p1a: Slowking|Sludge Bomb|p2a: Clefable
|-supereffective|p2a: Clefable
|-damage|p2a: Clefable|35/100 psn
|
|-heal|p2a: Clefable|41/100 psn|[from] item: Leftovers
|upkeep
|turn|34
|
|t:|1627779939
|move|p2a: Clefable|Soft-Boiled|p2a: Clefable
|-heal|p2a: Clefable|91/100 psn
|move|p1a: Slowking|Sludge Bomb|p2a: Clefable
|-supereffective|p2a: Clefable
|-damage|p2a: Clefable|30/100 psn
|
|-heal|p2a: Clefable|36/100 psn|[from] item: Leftovers
|upkeep
|turn|35
|
|t:|1627779950
|move|p2a: Clefable|Soft-Boiled|p2a: Clefable
|-heal|p2a: Clefable|86/100 psn
|move|p1a: Slowking|Sludge Bomb|p2a: Clefable
|-supereffective|p2a: Clefable
|-damage|p2a: Clefable|28/100 psn
|
|-heal|p2a: Clefable|34/100 psn|[from] item: Leftovers
|upkeep
|turn|36
|
|t:|1627779952
|move|p2a: Clefable|Soft-Boiled|p2a: Clefable
|-heal|p2a: Clefable|84/100 psn
|move|p1a: Slowking|Sludge Bomb|p2a: Clefable
|-supereffective|p2a: Clefable
|-damage|p2a: Clefable|24/100 psn
|
|-heal|p2a: Clefable|30/100 psn|[from] item: Leftovers
|upkeep
|turn|37
|
|t:|1627779954
|move|p2a: Clefable|Soft-Boiled|p2a: Clefable
|-heal|p2a: Clefable|80/100 psn
|move|p1a: Slowking|Sludge Bomb|p2a: Clefable
|-supereffective|p2a: Clefable
|-damage|p2a: Clefable|22/100 psn
|
|-heal|p2a: Clefable|28/100 psn|[from] item: Leftovers
|upkeep
|turn|38
|
|t:|1627779956
|move|p2a: Clefable|Soft-Boiled|p2a: Clefable
|-heal|p2a: Clefable|78/100 psn
|move|p1a: Slowking|Sludge Bomb|p2a: Clefable
|-supereffective|p2a: Clefable
|-damage|p2a: Clefable|22/100 psn
|
|-heal|p2a: Clefable|28/100 psn|[from] item: Leftovers
|upkeep
|turn|39
|
|t:|1627779958
|move|p2a: Clefable|Soft-Boiled|p2a: Clefable
|-heal|p2a: Clefable|78/100 psn
|move|p1a: Slowking|Future Sight|p2a: Clefable
|-start|p1a: Slowking|move: Future Sight
|
|-heal|p2a: Clefable|84/100 psn|[from] item: Leftovers
|upkeep
|turn|40
|
|t:|1627779964
|move|p2a: Clefable|Moonblast|p1a: Slowking
|-resisted|p1a: Slowking
|-damage|p1a: Slowking|9/100
|-unboost|p1a: Slowking|spa|1
|move|p1a: Slowking|Sludge Bomb|p2a: Clefable
|-supereffective|p2a: Clefable
|-damage|p2a: Clefable|41/100 psn
|
|-heal|p2a: Clefable|47/100 psn|[from] item: Leftovers
|upkeep
|turn|41
|c|☆LT84JM Okumura|xd
|
|t:|1627779981
|move|p2a: Clefable|Soft-Boiled|p2a: Clefable
|-heal|p2a: Clefable|97/100 psn
|move|p1a: Slowking|Sludge Bomb|p2a: Clefable
|-supereffective|p2a: Clefable
|-damage|p2a: Clefable|57/100 psn
|
|-end|p2a: Clefable|move: Future Sight
|-damage|p2a: Clefable|30/100 psn
|-heal|p2a: Clefable|36/100 psn|[from] item: Leftovers
|upkeep
|turn|42
|
|t:|1627779989
|move|p2a: Clefable|Soft-Boiled|p2a: Clefable
|-heal|p2a: Clefable|86/100 psn
|move|p1a: Slowking|Future Sight|p2a: Clefable
|-start|p1a: Slowking|move: Future Sight
|
|-heal|p2a: Clefable|92/100 psn|[from] item: Leftovers
|upkeep
|turn|43
|
|t:|1627779992
|move|p2a: Clefable|Moonblast|p1a: Slowking
|-resisted|p1a: Slowking
|-damage|p1a: Slowking|0 fnt
|faint|p1a: Slowking
|
|win|SMxVale
|raw|LT84JM Okumura's rating: 1837 &rarr; <strong>1816</strong><br />(-21 for losing)
|raw|SMxVale's rating: 1815 &rarr; <strong>1836</strong><br />(+21 for winning)
|c|☆SMxVale|gg
|l|☆LT84JM Okumura
