|j|☆stall lordZ
|j|☆Mutako Z
|t:|1663425866
|gametype|singles
|player|p1|stall lordZ|blackbelt-gen4dp|1544
|player|p2|Mutako Z|cynthia-gen4|1591
|teamsize|p1|6
|teamsize|p2|6
|gen|8
|tier|[Gen 8] OU
|rated|
|rule|Sleep Clause Mod: Limit one foe put to sleep
|rule|Species Clause: Limit one of each Pokémon
|rule|OHKO Clause: OHKO moves are banned
|rule|Evasion Items Clause: Evasion items are banned
|rule|Evasion Moves Clause: Evasion moves are banned
|rule|Endless Battle Clause: Forcing endless battles is banned
|rule|HP Percentage Mod: HP is shown in percentages
|rule|Dynamax Clause: You cannot dynamax
|clearpoke
|poke|p1|Latias, F|
|poke|p1|Slowking-Galar, M|
|poke|p1|Garchomp, F|
|poke|p1|Weavile, F|
|poke|p1|Keldeo-Resolute|
|poke|p1|Moltres|
|poke|p2|Hippowdon, M|
|poke|p2|Tyranitar, F|
|poke|p2|Excadrill, M|
|poke|p2|Dracozolt|
|poke|p2|Zapdos|
|poke|p2|Slowbro, M|
|teampreview
|inactive|Battle timer is ON: inactive players will automatically lose when time's up. (requested by Mutako Z)
|j| I'M AT MY LIMIT!
|inactive|stall lordZ has 120 seconds left.
|inactive|stall lordZ has 90 seconds left.
|
|t:|1663425950
|start
|switch|p1a: Bandit|Weavile, F, shiny|100/100
|switch|p2a: Zapdos|Zapdos|100/100
|-ability|p1a: Bandit|Pressure
|turn|1
|
|t:|1663425968
|move|p1a: Bandit|Triple Axel|p2a: Zapdos
|-supereffective|p2a: Zapdos
|-damage|p2a: Zapdos|86/100
|-status|p1a: Bandit|par|[from] ability: Static|[of] p2a: Zapdos
|-supereffective|p2a: Zapdos
|-damage|p2a: Zapdos|58/100
|-supereffective|p2a: Zapdos
|-damage|p2a: Zapdos|17/100
|-hitcount|p2a: Zapdos|3
|move|p2a: Zapdos|Volt Switch|p1a: Bandit
|-damage|p1a: Bandit|59/100 par
|
|t:|1663425979
|switch|p2a: Tyranitar|Tyranitar, F|100/100|[from]move: Volt Switch
|-weather|Sandstorm|[from] ability: Sand Stream|[of] p2a: Tyranitar
|
|-weather|Sandstorm|[upkeep]
|-damage|p1a: Bandit|53/100 par|[from] Sandstorm
|upkeep
|turn|2
|l| I'M AT MY LIMIT!
|
|t:|1663426003
|switch|p2a: Slowbro|Slowbro, M|100/100
|switch|p1a: Zangestsu|Garchomp, F, shiny|100/100
|
|-weather|Sandstorm|[upkeep]
|-damage|p2a: Slowbro|94/100|[from] Sandstorm
|upkeep
|turn|3
|
|t:|1663426011
|move|p1a: Zangestsu|Toxic|p2a: Slowbro|[miss]
|-miss|p1a: Zangestsu|p2a: Slowbro
|move|p2a: Slowbro|Scald|p1a: Zangestsu
|-crit|p1a: Zangestsu
|-damage|p1a: Zangestsu|68/100
|
|-weather|Sandstorm|[upkeep]
|-damage|p2a: Slowbro|88/100|[from] Sandstorm
|upkeep
|turn|4
|
|t:|1663426019
|move|p1a: Zangestsu|Stealth Rock|p2a: Slowbro
|-sidestart|p2: Mutako Z|move: Stealth Rock
|move|p2a: Slowbro|Future Sight|p1a: Zangestsu
|-start|p2a: Slowbro|move: Future Sight
|
|-weather|Sandstorm|[upkeep]
|-damage|p2a: Slowbro|82/100|[from] Sandstorm
|upkeep
|turn|5
|
|t:|1663426024
|move|p1a: Zangestsu|Toxic|p2a: Slowbro
|-status|p2a: Slowbro|tox
|move|p2a: Slowbro|Scald|p1a: Zangestsu
|-damage|p1a: Zangestsu|49/100
|-status|p1a: Zangestsu|brn
|
|-weather|none
|-damage|p2a: Slowbro|76/100 tox|[from] psn
|-damage|p1a: Zangestsu|43/100 brn|[from] brn
|upkeep
|turn|6
|inactive|stall lordZ has 120 seconds left.
|inactive|stall lordZ has 90 seconds left.
|
|t:|1663426090
|switch|p1a: Mantra|Slowking-Galar, M|100/100
|move|p2a: Slowbro|Fire Blast|p1a: Mantra
|-damage|p1a: Mantra|79/100
|
|-end|p1a: Mantra|move: Future Sight
|-damage|p1a: Mantra|40/100
|-heal|p1a: Mantra|46/100|[from] item: Black Sludge
|-damage|p2a: Slowbro|64/100 tox|[from] psn
|upkeep
|turn|7
|inactive|stall lordZ has 90 seconds left.
|
|t:|1663426100
|move|p1a: Mantra|Sludge Bomb|p2a: Slowbro
|-damage|p2a: Slowbro|27/100 tox
|move|p2a: Slowbro|Future Sight|p1a: Mantra
|-start|p2a: Slowbro|move: Future Sight
|
|-heal|p1a: Mantra|53/100|[from] item: Black Sludge
|-damage|p2a: Slowbro|9/100 tox|[from] psn
|upkeep
|turn|8
|inactive|stall lordZ has 90 seconds left.
|
|t:|1663426111
|switch|p2a: Tyranitar|Tyranitar, F|100/100
|-damage|p2a: Tyranitar|88/100|[from] Stealth Rock
|-weather|Sandstorm|[from] ability: Sand Stream|[of] p2a: Tyranitar
|move|p1a: Mantra|Ice Beam|p2a: Tyranitar
|-damage|p2a: Tyranitar|72/100
|
|-weather|Sandstorm|[upkeep]
|-damage|p1a: Mantra|46/100|[from] Sandstorm
|-heal|p1a: Mantra|53/100|[from] item: Black Sludge
|upkeep
|turn|9
|
|t:|1663426121
|switch|p1a: Bandit|Weavile, F, shiny|53/100 par
|-ability|p1a: Bandit|Pressure
|move|p2a: Tyranitar|Stone Edge|p1a: Bandit
|-supereffective|p1a: Bandit
|-damage|p1a: Bandit|0 fnt
|faint|p1a: Bandit
|
|-weather|Sandstorm|[upkeep]
|-hint|Future Sight did not hit because the target is fainted.
|upkeep
|inactive|stall lordZ has 90 seconds left.
|
|t:|1663426132
|switch|p1a: horse|Keldeo-Resolute|100/100
|turn|10
|
|t:|1663426140
|switch|p2a: Slowbro|Slowbro, M|42/100 tox
|-damage|p2a: Slowbro|30/100 tox|[from] Stealth Rock
|move|p1a: horse|Substitute|p1a: horse
|-start|p1a: horse|Substitute
|-damage|p1a: horse|76/100
|
|-weather|Sandstorm|[upkeep]
|-damage|p1a: horse|70/100|[from] Sandstorm
|-damage|p2a: Slowbro|24/100 tox|[from] Sandstorm
|-heal|p1a: horse|76/100|[from] item: Leftovers
|-damage|p2a: Slowbro|18/100 tox|[from] psn
|upkeep
|turn|11
|inactive|stall lordZ has 90 seconds left.
|
|t:|1663426164
|move|p1a: horse|Scald|p2a: Slowbro
|-resisted|p2a: Slowbro
|-damage|p2a: Slowbro|0 fnt
|faint|p2a: Slowbro
|
|-weather|Sandstorm|[upkeep]
|-damage|p1a: horse|70/100|[from] Sandstorm
|-heal|p1a: horse|76/100|[from] item: Leftovers
|upkeep
|
|t:|1663426174
|switch|p2a: Dracozolt|Dracozolt|100/100
|-damage|p2a: Dracozolt|88/100|[from] Stealth Rock
|turn|12
|inactive|stall lordZ has 90 seconds left.
|
|t:|1663426188
|move|p2a: Dracozolt|Bolt Beak|p1a: horse
|-supereffective|p1a: horse
|-end|p1a: horse|Substitute
|-damage|p2a: Dracozolt|78/100|[from] item: Life Orb
|move|p1a: horse|Scald|p2a: Dracozolt
|-resisted|p2a: Dracozolt
|-crit|p2a: Dracozolt
|-damage|p2a: Dracozolt|28/100
|-status|p2a: Dracozolt|brn
|
|-weather|none
|-heal|p1a: horse|82/100|[from] item: Leftovers
|-damage|p2a: Dracozolt|22/100 brn|[from] brn
|upkeep
|turn|13
|inactive|stall lordZ has 90 seconds left.
|
|t:|1663426199
|move|p1a: horse|Substitute|p1a: horse
|-start|p1a: horse|Substitute
|-damage|p1a: horse|57/100
|move|p2a: Dracozolt|Bolt Beak|p1a: horse
|-supereffective|p1a: horse
|-end|p1a: horse|Substitute
|-damage|p2a: Dracozolt|12/100 brn|[from] item: Life Orb
|
|-heal|p1a: horse|63/100|[from] item: Leftovers
|-damage|p2a: Dracozolt|5/100 brn|[from] brn
|upkeep
|turn|14
|
|t:|1663426208
|move|p1a: horse|Scald|p2a: Dracozolt
|-resisted|p2a: Dracozolt
|-damage|p2a: Dracozolt|0 fnt
|faint|p2a: Dracozolt
|
|-heal|p1a: horse|70/100|[from] item: Leftovers
|upkeep
|
|t:|1663426218
|switch|p2a: Hippowdon|Hippowdon, M|100/100
|-damage|p2a: Hippowdon|94/100|[from] Stealth Rock
|-weather|Sandstorm|[from] ability: Sand Stream|[of] p2a: Hippowdon
|turn|15
|
|t:|1663426227
|move|p1a: horse|Scald|p2a: Hippowdon
|-supereffective|p2a: Hippowdon
|-damage|p2a: Hippowdon|6/100
|-status|p2a: Hippowdon|brn
|move|p2a: Hippowdon|Earthquake|p1a: horse
|-damage|p1a: horse|47/100
|
|-weather|Sandstorm|[upkeep]
|-damage|p1a: horse|40/100|[from] Sandstorm
|-heal|p1a: horse|47/100|[from] item: Leftovers
|-damage|p2a: Hippowdon|0 fnt|[from] brn
|faint|p2a: Hippowdon
|upkeep
|
|t:|1663426238
|switch|p2a: Excadrill|Excadrill, M|100/100
|-damage|p2a: Excadrill|97/100|[from] Stealth Rock
|turn|16
|
|t:|1663426249
|switch|p1a: Abenanka|Moltres|100/100
|move|p2a: Excadrill|Swords Dance|p2a: Excadrill
|-boost|p2a: Excadrill|atk|2
|
|-weather|Sandstorm|[upkeep]
|-damage|p1a: Abenanka|94/100|[from] Sandstorm
|upkeep
|turn|17
|
|t:|1663426256
|move|p2a: Excadrill|Rock Slide|p1a: Abenanka|[miss]
|-miss|p2a: Excadrill|p1a: Abenanka
|move|p1a: Abenanka|Mystical Fire|p2a: Excadrill
|-supereffective|p2a: Excadrill
|-damage|p2a: Excadrill|10/100
|-unboost|p2a: Excadrill|spa|1
|
|-weather|Sandstorm|[upkeep]
|-damage|p1a: Abenanka|88/100|[from] Sandstorm
|upkeep
|turn|18
|inactive|stall lordZ has 120 seconds left.
|-message|Mutako Z forfeited.
|
|win|stall lordZ
|raw|stall lordZ's rating: 1544 &rarr; <strong>1567</strong><br />(+23 for winning)
|raw|Mutako Z's rating: 1591 &rarr; <strong>1568</strong><br />(-23 for losing)
|l|☆Mutako Z
||Ladder isn't responding, score probably updated but might not have (Request timeout).
