|raw|<div class="broadcast-blue"><strong>This battle is required to be public due to a player having a name starting with 'LT73IU'.</div>
|j|☆lt73iu vig
|j|☆ezwz
|t:|1598371371
|player|p1|lt73iu vig|burglar-gen1|1855
|player|p2|ezwz|youngster-gen4|1928
|teamsize|p1|6
|teamsize|p2|6
|gametype|singles
|gen|8
|tier|[Gen 8] OU
|rated|
|clearpoke
|poke|p1|Reuniclus, F|
|poke|p1|Skarmory, M|
|poke|p1|Toxapex, M|
|poke|p1|Ditto|
|poke|p1|Clefable, F|
|poke|p1|Blissey, F|
|poke|p2|Excadrill, M|
|poke|p2|Ferrothorn, M|
|poke|p2|Volcarona, F|
|poke|p2|Primarina, F|
|poke|p2|Clefable, F|
|poke|p2|Hydreigon, F|
|rule|Sleep Clause Mod: Limit one foe put to sleep
|rule|Species Clause: Limit one of each Pokémon
|rule|OHKO Clause: OHKO moves are banned
|rule|Evasion Moves Clause: Evasion moves are banned
|rule|Endless Battle Clause: Forcing endless battles is banned
|rule|HP Percentage Mod: HP is shown in percentages
|rule|Dynamax Clause: You cannot dynamax
|teampreview
|j| LT73iucar
|j| LT73IU Treyvion
|l| LT73iucar
|j| Livio ElTito
|c|☆ezwz|u went back to stall :(
|j| LT73IU Kappucci
|j| up n coming
|
|t:|1598371416
|start
|switch|p1a: Ditto|Ditto|100/100
|switch|p2a: Excadrill|Excadrill, M|100/100
|-transform|p1a: Ditto|p2a: Excadrill|[from] ability: Imposter
|-ability|p1a: Ditto|Mold Breaker
|-ability|p2a: Excadrill|Mold Breaker
|turn|1
|
|t:|1598371420
|switch|p2a: Ferrothorn|Ferrothorn, M|100/100
|move|p1a: Ditto|Earthquake|p2a: Ferrothorn
|-damage|p2a: Ferrothorn|76/100
|
|-heal|p2a: Ferrothorn|82/100|[from] item: Leftovers
|upkeep
|turn|2
|
|t:|1598371424
|switch|p1a: Clefable|Clefable, F|100/100
|move|p2a: Ferrothorn|Spikes|p1a: Clefable
|-sidestart|p1: lt73iu vig|Spikes
|
|-heal|p2a: Ferrothorn|88/100|[from] item: Leftovers
|upkeep
|turn|3
|
|t:|1598371427
|switch|p2a: Excadrill|Excadrill, M|100/100
|-ability|p2a: Excadrill|Mold Breaker
|move|p1a: Clefable|Knock Off|p2a: Excadrill
|-damage|p2a: Excadrill|79/100
|-enditem|p2a: Excadrill|Leftovers|[from] move: Knock Off|[of] p1a: Clefable
|
|upkeep
|turn|4
|j| lt73iu sicka
|
|t:|1598371436
|switch|p2a: Hydreigon|Hydreigon, F|100/100
|switch|p1a: Skarmory|Skarmory, M|100/100
|
|upkeep
|turn|5
|l| LT73IU Treyvion
|
|t:|1598371446
|switch|p2a: Ferrothorn|Ferrothorn, M|88/100
|switch|p1a: Blissey|Blissey, F|100/100
|
|-heal|p2a: Ferrothorn|95/100|[from] item: Leftovers
|upkeep
|turn|6
|
|t:|1598371449
|switch|p1a: Clefable|Clefable, F|100/100
|move|p2a: Ferrothorn|Knock Off|p1a: Clefable
|-resisted|p1a: Clefable
|-damage|p1a: Clefable|93/100
|-enditem|p1a: Clefable|Leftovers|[from] move: Knock Off|[of] p2a: Ferrothorn
|
|-heal|p2a: Ferrothorn|100/100|[from] item: Leftovers
|upkeep
|turn|7
|
|t:|1598371453
|switch|p2a: Excadrill|Excadrill, M|79/100
|-ability|p2a: Excadrill|Mold Breaker
|move|p1a: Clefable|Stealth Rock|p2a: Excadrill
|-sidestart|p2: ezwz|move: Stealth Rock
|
|upkeep
|turn|8
|
|t:|1598371456
|switch|p1a: Skarmory|Skarmory, M|100/100
|move|p2a: Excadrill|Rapid Spin|p1a: Skarmory
|-resisted|p1a: Skarmory
|-damage|p1a: Skarmory|97/100
|-boost|p2a: Excadrill|spe|1
|-damage|p2a: Excadrill|62/100|[from] item: Rocky Helmet|[of] p1a: Skarmory
|-sideend|p2: ezwz|Stealth Rock|[from] move: Rapid Spin|[of] p2a: Excadrill
|
|upkeep
|turn|9
|
|t:|1598371463
|switch|p2a: Clefable|Clefable, F|100/100
|move|p1a: Skarmory|Spikes|p2a: Clefable
|-sidestart|p2: ezwz|Spikes
|
|upkeep
|turn|10
|j|+Sacri'
|j| ygvtfcrdez
|
|t:|1598371466
|switch|p1a: Clefable|Clefable, F|93/100
|move|p2a: Clefable|Calm Mind|p2a: Clefable
|-boost|p2a: Clefable|spa|1
|-boost|p2a: Clefable|spd|1
|
|upkeep
|turn|11
|j| Alemantas194
|j| AllChansey
|
|t:|1598371480
|switch|p1a: Blissey|Blissey, F|100/100
|move|p2a: Clefable|Moonblast|p1a: Blissey
|-damage|p1a: Blissey|83/100
|
|upkeep
|turn|12
|
|t:|1598371485
|move|p2a: Clefable|Calm Mind|p2a: Clefable
|-boost|p2a: Clefable|spa|1
|-boost|p2a: Clefable|spd|1
|move|p1a: Blissey|Thunder Wave|p2a: Clefable|[miss]
|-miss|p1a: Blissey|p2a: Clefable
|
|upkeep
|turn|13
|c|☆lt73iu vig|every time
|j| cypherstest
|
|t:|1598371495
|move|p2a: Clefable|Trick|p1a: Blissey
|-activate|p2a: Clefable|move: Trick|[of] p1a: Blissey
|-item|p1a: Blissey|Sticky Barb|[from] move: Trick
|-item|p2a: Clefable|Heavy-Duty Boots|[from] move: Trick
|move|p1a: Blissey|Thunder Wave|p2a: Clefable
|-status|p2a: Clefable|par
|
|-damage|p1a: Blissey|70/100|[from] item: Sticky Barb
|upkeep
|turn|14
|
|t:|1598371515
|move|p1a: Blissey|Seismic Toss|p2a: Clefable
|-damage|p2a: Clefable|75/100 par
|move|p2a: Clefable|Calm Mind|p2a: Clefable
|-boost|p2a: Clefable|spa|1
|-boost|p2a: Clefable|spd|1
|
|-damage|p1a: Blissey|58/100|[from] item: Sticky Barb
|upkeep
|turn|15
|
|t:|1598371519
|move|p1a: Blissey|Soft-Boiled|p1a: Blissey
|-heal|p1a: Blissey|100/100
|move|p2a: Clefable|Soft-Boiled|p2a: Clefable
|-heal|p2a: Clefable|100/100 par
|
|-damage|p1a: Blissey|88/100|[from] item: Sticky Barb
|upkeep
|turn|16
|
|t:|1598371522
|move|p2a: Clefable|Moonblast|p1a: Blissey
|-damage|p1a: Blissey|61/100
|move|p1a: Blissey|Teleport|p1a: Blissey
|
|t:|1598371529
|switch|p1a: Toxapex|Toxapex, M|100/100|[from]move: Teleport
|-damage|p1a: Toxapex|88/100|[from] Spikes
|
|upkeep
|turn|17
|
|t:|1598371542
|move|p1a: Toxapex|Haze|p1a: Toxapex
|-clearallboost
|move|p2a: Clefable|Trick|p1a: Toxapex
|-activate|p2a: Clefable|move: Trick|[of] p1a: Toxapex
|-item|p1a: Toxapex|Heavy-Duty Boots|[from] move: Trick
|-item|p2a: Clefable|Rocky Helmet|[from] move: Trick
|
|upkeep
|turn|18
|
|t:|1598371561
|move|p1a: Toxapex|Toxic Spikes|p2a: Clefable
|-sidestart|p2: ezwz|move: Toxic Spikes
|cant|p2a: Clefable|par
|
|upkeep
|turn|19
|
|t:|1598371566
|move|p1a: Toxapex|Scald|p2a: Clefable
|-damage|p2a: Clefable|85/100 par
|move|p2a: Clefable|Calm Mind|p2a: Clefable
|-boost|p2a: Clefable|spa|1
|-boost|p2a: Clefable|spd|1
|
|upkeep
|turn|20
|
|t:|1598371576
|move|p1a: Toxapex|Scald|p2a: Clefable
|-crit|p2a: Clefable
|-damage|p2a: Clefable|62/100 par
|move|p2a: Clefable|Calm Mind|p2a: Clefable
|-boost|p2a: Clefable|spa|1
|-boost|p2a: Clefable|spd|1
|
|upkeep
|turn|21
|
|t:|1598371583
|move|p1a: Toxapex|Haze|p1a: Toxapex
|-clearallboost
|move|p2a: Clefable|Soft-Boiled|p2a: Clefable
|-heal|p2a: Clefable|100/100 par
|
|upkeep
|turn|22
|
|t:|1598371585
|move|p1a: Toxapex|Scald|p2a: Clefable
|-damage|p2a: Clefable|84/100 par
|move|p2a: Clefable|Calm Mind|p2a: Clefable
|-boost|p2a: Clefable|spa|1
|-boost|p2a: Clefable|spd|1
|
|upkeep
|turn|23
|
|t:|1598371591
|move|p1a: Toxapex|Scald|p2a: Clefable
|-damage|p2a: Clefable|74/100 par
|move|p2a: Clefable|Calm Mind|p2a: Clefable
|-boost|p2a: Clefable|spa|1
|-boost|p2a: Clefable|spd|1
|
|upkeep
|turn|24
|j| AwesomeAdams
|
|t:|1598371594
|switch|p2a: Hydreigon|Hydreigon, F|100/100
|move|p1a: Toxapex|Haze|p1a: Toxapex
|-clearallboost
|
|upkeep
|turn|25
|
|t:|1598371601
|switch|p1a: Clefable|Clefable, F|93/100
|move|p2a: Hydreigon|Nasty Plot|p2a: Hydreigon
|-boost|p2a: Hydreigon|spa|2
|
|upkeep
|turn|26
|j| odin77
|j| IAmPupper
|
|t:|1598371608
|switch|p1a: Blissey|Blissey, F|61/100
|-damage|p1a: Blissey|49/100|[from] Spikes
|move|p2a: Hydreigon|Flash Cannon|p1a: Blissey
|-damage|p1a: Blissey|23/100
|-damage|p2a: Hydreigon|91/100|[from] item: Life Orb
|
|-damage|p1a: Blissey|10/100|[from] item: Sticky Barb
|upkeep
|turn|27
|j| Tm6
|
|t:|1598371616
|move|p2a: Hydreigon|Draco Meteor|p1a: Blissey
|-damage|p1a: Blissey|0 fnt
|-unboost|p2a: Hydreigon|spa|2
|-damage|p2a: Hydreigon|81/100|[from] item: Life Orb
|faint|p1a: Blissey
|
|upkeep
|j| Charl Dunois
|
|t:|1598371620
|switch|p1a: Clefable|Clefable, F|93/100
|turn|28
|
|t:|1598371626
|switch|p2a: Excadrill|Excadrill, M|62/100
|-damage|p2a: Excadrill|50/100|[from] Spikes
|-ability|p2a: Excadrill|Mold Breaker
|move|p1a: Clefable|Moonblast|p2a: Excadrill
|-resisted|p2a: Excadrill
|-damage|p2a: Excadrill|35/100
|
|upkeep
|turn|29
|
|t:|1598371633
|switch|p1a: Skarmory|Skarmory, M|97/100
|move|p2a: Excadrill|Stealth Rock|p1a: Skarmory
|-sidestart|p1: lt73iu vig|move: Stealth Rock
|
|upkeep
|turn|30
|
|t:|1598371638
|switch|p2a: Ferrothorn|Ferrothorn, M|100/100
|-damage|p2a: Ferrothorn|88/100|[from] Spikes
|move|p1a: Skarmory|Spikes|p2a: Ferrothorn
|-sidestart|p2: ezwz|Spikes
|
|-heal|p2a: Ferrothorn|94/100|[from] item: Leftovers
|upkeep
|turn|31
|j| Treyvion
|j| forsendi £
|
|t:|1598371649
|switch|p1a: Clefable|Clefable, F|93/100
|move|p2a: Ferrothorn|Spikes|p1a: Clefable
|-sidestart|p1: lt73iu vig|Spikes
|
|-heal|p2a: Ferrothorn|100/100|[from] item: Leftovers
|upkeep
|turn|32
|j| serena4ever
|j| HeckinShibes
|
|t:|1598371672
|move|p1a: Clefable|Knock Off|p2a: Ferrothorn
|-damage|p2a: Ferrothorn|91/100
|-activate|p2a: Ferrothorn|ability: Iron Barbs
|-enditem|p2a: Ferrothorn|Leftovers|[from] move: Knock Off|[of] p1a: Clefable
|move|p2a: Ferrothorn|Spikes|p1a: Clefable
|-sidestart|p1: lt73iu vig|Spikes
|
|upkeep
|turn|33
|j| Lt73iu ewin
|
|t:|1598371691
|move|p1a: Clefable|Stealth Rock|p2a: Ferrothorn
|-sidestart|p2: ezwz|move: Stealth Rock
|move|p2a: Ferrothorn|Body Press|p1a: Clefable
|-resisted|p1a: Clefable
|-damage|p1a: Clefable|81/100
|
|upkeep
|turn|34
|j| LT73IU Stareal
|
|t:|1598371704
|switch|p2a: Clefable|Clefable, F|74/100 par
|move|p1a: Clefable|Knock Off|p2a: Clefable
|-resisted|p2a: Clefable
|-damage|p2a: Clefable|69/100 par
|-enditem|p2a: Clefable|Rocky Helmet|[from] move: Knock Off|[of] p1a: Clefable
|
|upkeep
|turn|35
|l| Lt73iu ewin
|
|t:|1598371707
|move|p1a: Clefable|Moonblast|p2a: Clefable
|-damage|p2a: Clefable|39/100 par
|-unboost|p2a: Clefable|spa|1
|move|p2a: Clefable|Soft-Boiled|p2a: Clefable
|-heal|p2a: Clefable|89/100 par
|
|upkeep
|turn|36
|
|t:|1598371712
|move|p1a: Clefable|Moonblast|p2a: Clefable
|-damage|p2a: Clefable|59/100 par
|cant|p2a: Clefable|par
|
|upkeep
|turn|37
|
|t:|1598371716
|move|p1a: Clefable|Moonblast|p2a: Clefable
|-damage|p2a: Clefable|31/100 par
|move|p2a: Clefable|Soft-Boiled|p2a: Clefable
|-heal|p2a: Clefable|81/100 par
|
|upkeep
|turn|38
|
|t:|1598371722
|switch|p1a: Reuniclus|Reuniclus, F|100/100
|move|p2a: Clefable|Soft-Boiled|p2a: Clefable
|-heal|p2a: Clefable|100/100 par
|
|upkeep
|turn|39
|l| forsendi £
|j| lt71lx slainey
|
|t:|1598371752
|switch|p2a: Volcarona|Volcarona, F|100/100
|move|p1a: Reuniclus|Calm Mind|p1a: Reuniclus
|-boost|p1a: Reuniclus|spa|1
|-boost|p1a: Reuniclus|spd|1
|
|upkeep
|turn|40
|l| IAmPupper
|l| Tm6
|
|t:|1598371774
|move|p2a: Volcarona|Quiver Dance|p2a: Volcarona
|-boost|p2a: Volcarona|spa|1
|-boost|p2a: Volcarona|spd|1
|-boost|p2a: Volcarona|spe|1
|move|p1a: Reuniclus|Psychic|p2a: Volcarona
|-damage|p2a: Volcarona|39/100
|-unboost|p2a: Volcarona|spd|1
|
|upkeep
|turn|41
|j| wyn
|
|t:|1598371792
|move|p2a: Volcarona|Roost|p2a: Volcarona
|-heal|p2a: Volcarona|89/100
|-singleturn|p2a: Volcarona|move: Roost
|move|p1a: Reuniclus|Psychic|p2a: Volcarona
|-damage|p2a: Volcarona|0 fnt
|faint|p2a: Volcarona
|
|upkeep
|j| LT73IU Aoi
|
|t:|1598371796
|switch|p2a: Hydreigon|Hydreigon, F|81/100
|-damage|p2a: Hydreigon|68/100|[from] Stealth Rock
|turn|42
|
|t:|1598371803
|move|p2a: Hydreigon|Nasty Plot|p2a: Hydreigon
|-boost|p2a: Hydreigon|spa|2
|move|p1a: Reuniclus|Thunder|p2a: Hydreigon
|-resisted|p2a: Hydreigon
|-damage|p2a: Hydreigon|24/100
|
|upkeep
|turn|43
|j| Tm6
|
|t:|1598371811
|move|p2a: Hydreigon|Draco Meteor|p1a: Reuniclus
|-damage|p1a: Reuniclus|0 fnt
|-unboost|p2a: Hydreigon|spa|2
|-damage|p2a: Hydreigon|14/100|[from] item: Life Orb
|faint|p1a: Reuniclus
|
|upkeep
|
|t:|1598371816
|switch|p1a: Ditto|Ditto|100/100
|-damage|p1a: Ditto|88/100|[from] Stealth Rock
|-damage|p1a: Ditto|63/100|[from] Spikes
|-transform|p1a: Ditto|p2a: Hydreigon|[from] ability: Imposter
|turn|44
|l| odin77
|l| Treyvion
|j| blackdarkness1
|
|t:|1598371844
|switch|p2a: Ferrothorn|Ferrothorn, M|91/100
|-damage|p2a: Ferrothorn|85/100|[from] Stealth Rock
|-damage|p2a: Ferrothorn|69/100|[from] Spikes
|move|p1a: Ditto|Flamethrower|p2a: Ferrothorn
|-supereffective|p2a: Ferrothorn
|-damage|p2a: Ferrothorn|0 fnt
|faint|p2a: Ferrothorn
|
|upkeep
|l| AllChansey
|
|t:|1598371851
|switch|p2a: Primarina|Primarina, F|100/100
|-damage|p2a: Primarina|88/100|[from] Stealth Rock
|-status|p2a: Primarina|psn
|-damage|p2a: Primarina|72/100 psn|[from] Spikes
|turn|45
|
|t:|1598371859
|switch|p1a: Toxapex|Toxapex, M|100/100
|move|p2a: Primarina|Calm Mind|p2a: Primarina
|-boost|p2a: Primarina|spa|1
|-boost|p2a: Primarina|spd|1
|
|-heal|p2a: Primarina|78/100 psn|[from] item: Leftovers
|-damage|p2a: Primarina|65/100 psn|[from] psn
|upkeep
|turn|46
|
|t:|1598371869
|move|p2a: Primarina|Scald|p1a: Toxapex
|-resisted|p1a: Toxapex
|-damage|p1a: Toxapex|77/100
|move|p1a: Toxapex|Haze|p1a: Toxapex
|-clearallboost
|
|-heal|p2a: Primarina|71/100 psn|[from] item: Leftovers
|-damage|p2a: Primarina|59/100 psn|[from] psn
|upkeep
|turn|47
|j| LT73IU Adri
|
|t:|1598371873
|move|p2a: Primarina|Scald|p1a: Toxapex
|-resisted|p1a: Toxapex
|-damage|p1a: Toxapex|60/100
|move|p1a: Toxapex|Scald|p2a: Primarina
|-resisted|p2a: Primarina
|-damage|p2a: Primarina|52/100 psn
|
|-heal|p2a: Primarina|58/100 psn|[from] item: Leftovers
|-damage|p2a: Primarina|45/100 psn|[from] psn
|upkeep
|turn|48
|
|t:|1598371879
|move|p2a: Primarina|Scald|p1a: Toxapex
|-resisted|p1a: Toxapex
|-damage|p1a: Toxapex|46/100
|move|p1a: Toxapex|Recover|p1a: Toxapex
|-heal|p1a: Toxapex|96/100
|
|-heal|p2a: Primarina|51/100 psn|[from] item: Leftovers
|-damage|p2a: Primarina|39/100 psn|[from] psn
|upkeep
|turn|49
|c|☆ezwz|gg
|l| LT73IU Stareal
|
|t:|1598371891
|move|p2a: Primarina|Calm Mind|p2a: Primarina
|-boost|p2a: Primarina|spa|1
|-boost|p2a: Primarina|spd|1
|move|p1a: Toxapex|Scald|p2a: Primarina
|-resisted|p2a: Primarina
|-damage|p2a: Primarina|35/100 psn
|
|-heal|p2a: Primarina|41/100 psn|[from] item: Leftovers
|-damage|p2a: Primarina|29/100 psn|[from] psn
|upkeep
|turn|50
|c|☆lt73iu vig|GG
|
|t:|1598371896
|move|p2a: Primarina|Draining Kiss|p1a: Toxapex
|-resisted|p1a: Toxapex
|-damage|p1a: Toxapex|82/100
|-heal|p2a: Primarina|37/100 psn|[from] drain|[of] p1a: Toxapex
|move|p1a: Toxapex|Haze|p1a: Toxapex
|-clearallboost
|
|-heal|p2a: Primarina|43/100 psn|[from] item: Leftovers
|-damage|p2a: Primarina|31/100 psn|[from] psn
|upkeep
|turn|51
|
|t:|1598371901
|move|p2a: Primarina|Calm Mind|p2a: Primarina
|-boost|p2a: Primarina|spa|1
|-boost|p2a: Primarina|spd|1
|move|p1a: Toxapex|Scald|p2a: Primarina
|-resisted|p2a: Primarina
|-damage|p2a: Primarina|26/100 psn
|
|-heal|p2a: Primarina|32/100 psn|[from] item: Leftovers
|-damage|p2a: Primarina|20/100 psn|[from] psn
|upkeep
|turn|52
|
|t:|1598371906
|move|p2a: Primarina|Scald|p1a: Toxapex
|-resisted|p1a: Toxapex
|-crit|p1a: Toxapex
|-damage|p1a: Toxapex|35/100
|move|p1a: Toxapex|Haze|p1a: Toxapex
|-clearallboost
|
|-heal|p2a: Primarina|26/100 psn|[from] item: Leftovers
|-damage|p2a: Primarina|14/100 psn|[from] psn
|upkeep
|turn|53
|
|t:|1598371916
|move|p2a: Primarina|Calm Mind|p2a: Primarina
|-boost|p2a: Primarina|spa|1
|-boost|p2a: Primarina|spd|1
|move|p1a: Toxapex|Scald|p2a: Primarina
|-resisted|p2a: Primarina
|-damage|p2a: Primarina|10/100 psn
|
|-heal|p2a: Primarina|16/100 psn|[from] item: Leftovers
|-damage|p2a: Primarina|3/100 psn|[from] psn
|upkeep
|turn|54
|j| Ske
|j| zpxopso
|l| Ske
|
|t:|1598371926
|switch|p1a: Skarmory|Skarmory, M|97/100
|-damage|p1a: Skarmory|84/100|[from] Stealth Rock
|move|p2a: Primarina|Scald|p1a: Skarmory
|-damage|p1a: Skarmory|0 fnt
|faint|p1a: Skarmory
|
|-heal|p2a: Primarina|9/100 psn|[from] item: Leftovers
|-damage|p2a: Primarina|0 fnt|[from] psn
|faint|p2a: Primarina
|upkeep
|
|t:|1598371941
|switch|p1a: Clefable|Clefable, F|81/100
|switch|p2a: Excadrill|Excadrill, M|35/100
|-damage|p2a: Excadrill|32/100|[from] Stealth Rock
|-damage|p2a: Excadrill|16/100|[from] Spikes
|-ability|p2a: Excadrill|Mold Breaker
|turn|55
|l| Charl Dunois
|inactive|Battle timer is ON: inactive players will automatically lose when time's up. (requested by lt73iu vig)
|
|t:|1598371996
|move|p2a: Excadrill|Rapid Spin|p1a: Clefable
|-damage|p1a: Clefable|70/100
|-boost|p2a: Excadrill|spe|1
|-sideend|p2: ezwz|Spikes|[from] move: Rapid Spin|[of] p2a: Excadrill
|-sideend|p2: ezwz|Toxic Spikes|[from] move: Rapid Spin|[of] p2a: Excadrill
|-sideend|p2: ezwz|Stealth Rock|[from] move: Rapid Spin|[of] p2a: Excadrill
|move|p1a: Clefable|Moonblast|p2a: Excadrill
|-resisted|p2a: Excadrill
|-damage|p2a: Excadrill|0 fnt
|faint|p2a: Excadrill
|
|upkeep
|
|t:|1598372009
|switch|p2a: Clefable|Clefable, F|100/100 par
|turn|56
|
|t:|1598372020
|move|p1a: Clefable|Moonblast|p2a: Clefable
|-damage|p2a: Clefable|71/100 par
|-unboost|p2a: Clefable|spa|1
|move|p2a: Clefable|Calm Mind|p2a: Clefable
|-boost|p2a: Clefable|spa|1
|-boost|p2a: Clefable|spd|1
|
|upkeep
|turn|57
|j| Charl Dunois
|
|t:|1598372033
|move|p1a: Clefable|Moonblast|p2a: Clefable
|-damage|p2a: Clefable|50/100 par
|move|p2a: Clefable|Soft-Boiled|p2a: Clefable
|-heal|p2a: Clefable|99/100 par
|
|upkeep
|turn|58
|
|t:|1598372038
|move|p1a: Clefable|Moonblast|p2a: Clefable
|-damage|p2a: Clefable|80/100 par
|move|p2a: Clefable|Calm Mind|p2a: Clefable
|-boost|p2a: Clefable|spa|1
|-boost|p2a: Clefable|spd|1
|
|upkeep
|turn|59
|
|t:|1598372041
|switch|p1a: Toxapex|Toxapex, M|68/100
|move|p2a: Clefable|Calm Mind|p2a: Clefable
|-boost|p2a: Clefable|spa|1
|-boost|p2a: Clefable|spd|1
|
|upkeep
|turn|60
|
|t:|1598372044
|switch|p2a: Hydreigon|Hydreigon, F|14/100
|move|p1a: Toxapex|Haze|p1a: Toxapex
|-clearallboost
|
|upkeep
|turn|61
|
|t:|1598372049
|move|p2a: Hydreigon|Nasty Plot|p2a: Hydreigon
|-boost|p2a: Hydreigon|spa|2
|move|p1a: Toxapex|Scald|p2a: Hydreigon
|-resisted|p2a: Hydreigon
|-damage|p2a: Hydreigon|5/100
|
|upkeep
|turn|62
|l| lt73iu sicka
|j| hooooooooah
|inactive|ezwz has 120 seconds left.
|
|t:|1598372088
|switch|p1a: Ditto|Ditto|63/100
|-damage|p1a: Ditto|51/100|[from] Stealth Rock
|-damage|p1a: Ditto|26/100|[from] Spikes
|-transform|p1a: Ditto|p2a: Hydreigon|[from] ability: Imposter
|move|p2a: Hydreigon|Draco Meteor|p1a: Ditto
|-supereffective|p1a: Ditto
|-damage|p1a: Ditto|0 fnt
|-unboost|p2a: Hydreigon|spa|2
|-damage|p2a: Hydreigon|0 fnt|[from] item: Life Orb
|faint|p1a: Ditto
|faint|p2a: Hydreigon
|
|upkeep
|l| AwesomeAdams
|
|t:|1598372118
|switch|p2a: Clefable|Clefable, F|80/100 par
|switch|p1a: Clefable|Clefable, F|70/100
|turn|63
|
|t:|1598372123
|move|p1a: Clefable|Moonblast|p2a: Clefable
|-damage|p2a: Clefable|50/100 par
|cant|p2a: Clefable|par
|
|upkeep
|turn|64
|j| bigyayay
|l| lt71lx slainey
|j| yannpkm
|l| wyn
|
|t:|1598372146
|move|p1a: Clefable|Moonblast|p2a: Clefable
|-damage|p2a: Clefable|20/100 par
|move|p2a: Clefable|Soft-Boiled|p2a: Clefable
|-heal|p2a: Clefable|70/100 par
|
|upkeep
|turn|65
|l| LT73IU Kappucci
|
|t:|1598372150
|move|p1a: Clefable|Moonblast|p2a: Clefable
|-damage|p2a: Clefable|43/100 par
|-unboost|p2a: Clefable|spa|1
|move|p2a: Clefable|Calm Mind|p2a: Clefable
|-boost|p2a: Clefable|spa|1
|-boost|p2a: Clefable|spd|1
|
|upkeep
|turn|66
|l| bigyayay
|
|t:|1598372155
|move|p1a: Clefable|Moonblast|p2a: Clefable
|-damage|p2a: Clefable|22/100 par
|cant|p2a: Clefable|par
|
|upkeep
|turn|67
|
|t:|1598372159
|move|p1a: Clefable|Moonblast|p2a: Clefable
|-damage|p2a: Clefable|2/100 par
|-unboost|p2a: Clefable|spa|1
|cant|p2a: Clefable|par
|
|upkeep
|turn|68
|l| Tm6
|
|t:|1598372164
|move|p1a: Clefable|Moonblast|p2a: Clefable
|-damage|p2a: Clefable|0 fnt
|faint|p2a: Clefable
|
|win|lt73iu vig
|l|☆lt73iu vig
|l|☆ezwz
|l| yannpkm
|l| Livio ElTito
