|j|☆TheonReekGreyjoy
|j|☆LT94JE Allistair
|t:|1664195731
|gametype|singles
|player|p1|TheonReekGreyjoy|2|1797
|player|p2|LT94JE Allistair|265|1751
|teamsize|p1|6
|teamsize|p2|6
|gen|8
|tier|[Gen 8] OU
|rated|
|rule|Sleep Clause Mod: Limit one foe put to sleep
|rule|Species Clause: Limit one of each Pokémon
|rule|OHKO Clause: OHKO moves are banned
|rule|Evasion Items Clause: Evasion items are banned
|rule|Evasion Moves Clause: Evasion moves are banned
|rule|Endless Battle Clause: Forcing endless battles is banned
|rule|HP Percentage Mod: HP is shown in percentages
|rule|Dynamax Clause: You cannot dynamax
|clearpoke
|poke|p1|Hatterene, F|
|poke|p1|Tornadus-Therian, M|
|poke|p1|Vanilluxe, F|
|poke|p1|Heatran, M|
|poke|p1|Arctozolt|
|poke|p1|Landorus-Therian, M|
|poke|p2|Mew|
|poke|p2|Slurpuff, F|
|poke|p2|Jirachi|
|poke|p2|Vanilluxe, F|
|poke|p2|Gothitelle, F|
|poke|p2|Rillaboom, F|
|teampreview
|inactive|Battle timer is ON: inactive players will automatically lose when time's up. (requested by LT94JE Allistair)
|j| nightsuliu
|inactive|TheonReekGreyjoy has 120 seconds left.
|
|t:|1664195812
|start
|switch|p1a: Heatran|Heatran, M|100/100
|switch|p2a: Vanilluxe|Vanilluxe, F|100/100
|-weather|Hail|[from] ability: Snow Warning|[of] p2a: Vanilluxe
|turn|1
|j| ZXWNLI
|
|t:|1664195818
|move|p2a: Vanilluxe|Aurora Veil|p2a: Vanilluxe
|-sidestart|p2: LT94JE Allistair|move: Aurora Veil
|move|p1a: Heatran|Lava Plume|p2a: Vanilluxe
|-supereffective|p2a: Vanilluxe
|-damage|p2a: Vanilluxe|54/100
|-status|p2a: Vanilluxe|brn
|
|-weather|Hail|[upkeep]
|-damage|p1a: Heatran|94/100|[from] Hail
|-heal|p1a: Heatran|100/100|[from] item: Leftovers
|-damage|p2a: Vanilluxe|48/100 brn|[from] brn
|upkeep
|turn|2
|
|t:|1664195824
|move|p2a: Vanilluxe|Taunt|p1a: Heatran
|-start|p1a: Heatran|move: Taunt
|cant|p1a: Heatran|move: Taunt|Stealth Rock
|
|-weather|Hail|[upkeep]
|-damage|p1a: Heatran|94/100|[from] Hail
|-heal|p1a: Heatran|100/100|[from] item: Leftovers
|-damage|p2a: Vanilluxe|42/100 brn|[from] brn
|upkeep
|turn|3
|
|t:|1664195834
|move|p2a: Vanilluxe|Explosion|p1a: Heatran
|-resisted|p1a: Heatran
|-damage|p1a: Heatran|87/100
|faint|p2a: Vanilluxe
|move|p1a: Heatran|Lava Plume|p2: Vanilluxe|[notarget]
|-fail|p1a: Heatran
|
|-weather|Hail|[upkeep]
|-damage|p1a: Heatran|81/100|[from] Hail
|-heal|p1a: Heatran|87/100|[from] item: Leftovers
|upkeep
|inactive|LT94JE Allistair has 120 seconds left.
|
|t:|1664195868
|switch|p2a: Gothitelle|Gothitelle, F|100/100
|turn|4
|
|t:|1664195875
|switch|p1a: Hatterene|Hatterene, F|100/100
|move|p2a: Gothitelle|Cosmic Power|p2a: Gothitelle
|-boost|p2a: Gothitelle|def|1
|-boost|p2a: Gothitelle|spd|1
|
|-weather|Hail|[upkeep]
|-damage|p2a: Gothitelle|94/100|[from] Hail
|-damage|p1a: Hatterene|95/100|[from] Hail
|-heal|p1a: Hatterene|100/100|[from] item: Leftovers
|upkeep
|turn|5
|
|t:|1664195879
|move|p2a: Gothitelle|Cosmic Power|p2a: Gothitelle
|-boost|p2a: Gothitelle|def|1
|-boost|p2a: Gothitelle|spd|1
|move|p1a: Hatterene|Calm Mind|p1a: Hatterene
|-boost|p1a: Hatterene|spa|1
|-boost|p1a: Hatterene|spd|1
|
|-weather|none
|upkeep
|turn|6
|
|t:|1664195882
|move|p2a: Gothitelle|Cosmic Power|p2a: Gothitelle
|-boost|p2a: Gothitelle|def|1
|-boost|p2a: Gothitelle|spd|1
|move|p1a: Hatterene|Calm Mind|p1a: Hatterene
|-boost|p1a: Hatterene|spa|1
|-boost|p1a: Hatterene|spd|1
|
|upkeep
|turn|7
|
|t:|1664195884
|move|p2a: Gothitelle|Cosmic Power|p2a: Gothitelle
|-boost|p2a: Gothitelle|def|1
|-boost|p2a: Gothitelle|spd|1
|move|p1a: Hatterene|Calm Mind|p1a: Hatterene
|-boost|p1a: Hatterene|spa|1
|-boost|p1a: Hatterene|spd|1
|
|upkeep
|turn|8
|
|t:|1664195887
|move|p2a: Gothitelle|Cosmic Power|p2a: Gothitelle
|-boost|p2a: Gothitelle|def|1
|-boost|p2a: Gothitelle|spd|1
|move|p1a: Hatterene|Calm Mind|p1a: Hatterene
|-boost|p1a: Hatterene|spa|1
|-boost|p1a: Hatterene|spd|1
|
|-sideend|p2: LT94JE Allistair|move: Aurora Veil
|upkeep
|turn|9
|
|t:|1664195890
|move|p2a: Gothitelle|Cosmic Power|p2a: Gothitelle
|-boost|p2a: Gothitelle|def|1
|-boost|p2a: Gothitelle|spd|1
|move|p1a: Hatterene|Calm Mind|p1a: Hatterene
|-boost|p1a: Hatterene|spa|1
|-boost|p1a: Hatterene|spd|1
|
|upkeep
|turn|10
|
|t:|1664195895
|move|p2a: Gothitelle|Stored Power|p1a: Hatterene
|-resisted|p1a: Hatterene
|-damage|p1a: Hatterene|88/100
|move|p1a: Hatterene|Mystical Fire|p2a: Gothitelle
|-damage|p2a: Gothitelle|71/100
|-unboost|p2a: Gothitelle|spa|1
|-ability|p2a: Gothitelle|Competitive
|-boost|p2a: Gothitelle|spa|2
|
|-heal|p1a: Hatterene|94/100|[from] item: Leftovers
|upkeep
|turn|11
|
|t:|1664195901
|move|p2a: Gothitelle|Stored Power|p1a: Hatterene
|-resisted|p1a: Hatterene
|-damage|p1a: Hatterene|75/100
|move|p1a: Hatterene|Mystical Fire|p2a: Gothitelle
|-damage|p2a: Gothitelle|51/100
|-unboost|p2a: Gothitelle|spa|1
|-ability|p2a: Gothitelle|Competitive
|-boost|p2a: Gothitelle|spa|2
|
|-heal|p1a: Hatterene|81/100|[from] item: Leftovers
|upkeep
|turn|12
|
|t:|1664195909
|move|p2a: Gothitelle|Stored Power|p1a: Hatterene
|-resisted|p1a: Hatterene
|-damage|p1a: Hatterene|52/100
|move|p1a: Hatterene|Draining Kiss|p2a: Gothitelle
|-damage|p2a: Gothitelle|26/100
|-heal|p1a: Hatterene|68/100|[from] drain|[of] p2a: Gothitelle
|
|-heal|p1a: Hatterene|74/100|[from] item: Leftovers
|upkeep
|turn|13
|l| nightsuliu
|
|t:|1664195921
|move|p2a: Gothitelle|Rest|p2a: Gothitelle
|-status|p2a: Gothitelle|slp|[from] move: Rest
|-heal|p2a: Gothitelle|100/100 slp|[silent]
|move|p1a: Hatterene|Draining Kiss|p2a: Gothitelle
|-damage|p2a: Gothitelle|78/100 slp
|-heal|p1a: Hatterene|89/100|[from] drain|[of] p2a: Gothitelle
|
|-heal|p1a: Hatterene|95/100|[from] item: Leftovers
|upkeep
|turn|14
|
|t:|1664195930
|cant|p2a: Gothitelle|slp
|move|p1a: Hatterene|Calm Mind|p1a: Hatterene
|-boost|p1a: Hatterene|spa|1
|-boost|p1a: Hatterene|spd|1
|
|-heal|p1a: Hatterene|100/100|[from] item: Leftovers
|upkeep
|turn|15
|
|t:|1664195935
|cant|p2a: Gothitelle|slp
|move|p1a: Hatterene|Future Sight|p2a: Gothitelle
|-start|p1a: Hatterene|move: Future Sight
|
|upkeep
|turn|16
|
|t:|1664195939
|-curestatus|p2a: Gothitelle|slp|[msg]
|move|p2a: Gothitelle|Stored Power|p1a: Hatterene
|-resisted|p1a: Hatterene
|-damage|p1a: Hatterene|75/100
|move|p1a: Hatterene|Draining Kiss|p2a: Gothitelle
|-damage|p2a: Gothitelle|52/100
|-heal|p1a: Hatterene|92/100|[from] drain|[of] p2a: Gothitelle
|
|-heal|p1a: Hatterene|98/100|[from] item: Leftovers
|upkeep
|turn|17
|j| Palladiawa A
|
|t:|1664195951
|move|p2a: Gothitelle|Rest|p2a: Gothitelle
|-status|p2a: Gothitelle|slp|[from] move: Rest
|-heal|p2a: Gothitelle|100/100 slp|[silent]
|move|p1a: Hatterene|Mystical Fire|p2a: Gothitelle
|-damage|p2a: Gothitelle|75/100 slp
|-unboost|p2a: Gothitelle|spa|1
|-ability|p2a: Gothitelle|Competitive
|-boost|p2a: Gothitelle|spa|2
|
|-end|p2a: Gothitelle|move: Future Sight
|-resisted|p2a: Gothitelle
|-damage|p2a: Gothitelle|45/100 slp
|-heal|p1a: Hatterene|100/100|[from] item: Leftovers
|upkeep
|turn|18
|
|t:|1664195967
|cant|p2a: Gothitelle|slp
|move|p1a: Hatterene|Draining Kiss|p2a: Gothitelle
|-damage|p2a: Gothitelle|19/100 slp
|
|upkeep
|turn|19
|
|t:|1664195971
|cant|p2a: Gothitelle|slp
|move|p1a: Hatterene|Draining Kiss|p2a: Gothitelle
|-damage|p2a: Gothitelle|0 fnt
|faint|p2a: Gothitelle
|
|upkeep
|
|t:|1664195979
|switch|p2a: Rillaboom|Rillaboom, F|100/100
|-fieldstart|move: Grassy Terrain|[from] ability: Grassy Surge|[of] p2a: Rillaboom
|turn|20
|j| ueieuejrjrrh
|
|t:|1664195983
|move|p2a: Rillaboom|Knock Off|p1a: Hatterene
|-damage|p1a: Hatterene|70/100
|-enditem|p1a: Hatterene|Leftovers|[from] move: Knock Off|[of] p2a: Rillaboom
|move|p1a: Hatterene|Draining Kiss|p2a: Rillaboom
|-enditem|p2a: Rillaboom|Focus Sash
|-damage|p2a: Rillaboom|1/100
|-heal|p1a: Hatterene|100/100|[from] drain|[of] p2a: Rillaboom
|
|-heal|p2a: Rillaboom|7/100|[from] Grassy Terrain
|upkeep
|turn|21
|
|t:|1664195994
|move|p2a: Rillaboom|Grassy Glide|p1a: Hatterene
|-damage|p1a: Hatterene|62/100
|move|p1a: Hatterene|Draining Kiss|p2a: Rillaboom
|-damage|p2a: Rillaboom|0 fnt
|-heal|p1a: Hatterene|67/100|[from] drain|[of] p2a: Rillaboom
|faint|p2a: Rillaboom
|
|-heal|p1a: Hatterene|73/100|[from] Grassy Terrain
|upkeep
|-message|LT94JE Allistair forfeited.
|
|win|TheonReekGreyjoy
|raw|TheonReekGreyjoy's rating: 1797 &rarr; <strong>1814</strong><br />(+17 for winning)
|raw|LT94JE Allistair's rating: 1751 &rarr; <strong>1734</strong><br />(-17 for losing)
|l|☆LT94JE Allistair
||Ladder isn't responding, score probably updated but might not have (Request timeout).
