|j|☆dracaufeu shiny
|j|☆LECH24
|t:|1667582228
|gametype|singles
|player|p1|dracaufeu shiny|red|1685
|player|p2|LECH24|101|1678
|teamsize|p1|6
|teamsize|p2|6
|gen|8
|tier|[Gen 8] OU
|rated|
|rule|Sleep Clause Mod: Limit one foe put to sleep
|rule|Species Clause: Limit one of each Pokémon
|rule|OHKO Clause: OHKO moves are banned
|rule|Evasion Items Clause: Evasion items are banned
|rule|Evasion Moves Clause: Evasion moves are banned
|rule|Endless Battle Clause: Forcing endless battles is banned
|rule|HP Percentage Mod: HP is shown in percentages
|rule|Dynamax Clause: You cannot dynamax
|clearpoke
|poke|p1|Pelipper, F|
|poke|p1|Tyranitar, F|
|poke|p1|Ferrothorn, F|
|poke|p1|Zapdos|
|poke|p1|Urshifu-*, M|
|poke|p1|Excadrill, F|
|poke|p2|Tapu Lele|
|poke|p2|Kartana|
|poke|p2|Corviknight, F|
|poke|p2|Seismitoad, M|
|poke|p2|Heatran, F|
|poke|p2|Tornadus-Therian, M|
|teampreview
|
|t:|1667582250
|start
|switch|p1a: Pelipper|Pelipper, F|100/100
|switch|p2a: Tapu Lele|Tapu Lele|100/100
|-fieldstart|move: Psychic Terrain|[from] ability: Psychic Surge|[of] p2a: Tapu Lele
|-weather|RainDance|[from] ability: Drizzle|[of] p1a: Pelipper
|turn|1
|
|t:|1667582253
|switch|p1a: Ferrothorn|Ferrothorn, F|100/100
|move|p2a: Tapu Lele|Focus Blast|p1a: Ferrothorn
|-supereffective|p1a: Ferrothorn
|-damage|p1a: Ferrothorn|0 fnt
|faint|p1a: Ferrothorn
|
|-weather|RainDance|[upkeep]
|upkeep
|
|t:|1667582257
|switch|p1a: Urshifu|Urshifu-Rapid-Strike, M|100/100
|turn|2
|
|t:|1667582261
|switch|p2a: Seismitoad|Seismitoad, M|100/100
|move|p1a: Urshifu|Close Combat|p2a: Seismitoad
|-damage|p2a: Seismitoad|51/100
|-unboost|p1a: Urshifu|def|1
|-unboost|p1a: Urshifu|spd|1
|
|-weather|RainDance|[upkeep]
|-heal|p2a: Seismitoad|57/100|[from] item: Leftovers
|upkeep
|turn|3
|
|t:|1667582268
|switch|p1a: Pelipper|Pelipper, F|100/100
|switch|p2a: Tapu Lele|Tapu Lele|100/100
|
|-weather|RainDance|[upkeep]
|upkeep
|turn|4
|
|t:|1667582272
|switch|p1a: Excadrill|Excadrill, F|100/100
|move|p2a: Tapu Lele|Moonblast|p1a: Excadrill
|-resisted|p1a: Excadrill
|-damage|p1a: Excadrill|49/100
|
|-weather|RainDance|[upkeep]
|-heal|p1a: Excadrill|55/100|[from] item: Leftovers
|upkeep
|turn|5
|
|t:|1667582281
|switch|p1a: Zapdos|Zapdos|100/100
|switch|p2a: Corviknight|Corviknight, F|100/100
|-ability|p2a: Corviknight|Pressure
|
|-weather|none
|-fieldend|move: Psychic Terrain
|upkeep
|turn|6
|
|t:|1667582285
|switch|p2a: Seismitoad|Seismitoad, M|57/100
|move|p1a: Zapdos|Hurricane|p2a: Seismitoad
|-damage|p2a: Seismitoad|11/100
|
|-heal|p2a: Seismitoad|17/100|[from] item: Leftovers
|upkeep
|turn|7
|
|t:|1667582291
|switch|p2a: Heatran|Heatran, F|100/100
|move|p1a: Zapdos|Volt Switch|p2a: Heatran
|-damage|p2a: Heatran|82/100
|
|t:|1667582294
|switch|p1a: Tyranitar|Tyranitar, F|100/100|[from]move: Volt Switch
|-weather|Sandstorm|[from] ability: Sand Stream|[of] p1a: Tyranitar
|
|-weather|Sandstorm|[upkeep]
|-heal|p2a: Heatran|88/100|[from] item: Leftovers
|upkeep
|turn|8
|
|t:|1667582306
|move|p2a: Heatran|Toxic|p1a: Tyranitar
|-status|p1a: Tyranitar|tox
|move|p1a: Tyranitar|Stone Edge|p2a: Heatran
|-damage|p2a: Heatran|9/100
|
|-weather|Sandstorm|[upkeep]
|-heal|p2a: Heatran|16/100|[from] item: Leftovers
|-damage|p1a: Tyranitar|94/100 tox|[from] psn
|upkeep
|turn|9
|
|t:|1667582310
|switch|p1a: Pelipper|Pelipper, F|100/100
|-weather|RainDance|[from] ability: Drizzle|[of] p1a: Pelipper
|move|p2a: Heatran|Earth Power|p1a: Pelipper
|-immune|p1a: Pelipper
|
|-weather|RainDance|[upkeep]
|-heal|p2a: Heatran|22/100|[from] item: Leftovers
|upkeep
|turn|10
|
|t:|1667582317
|switch|p2a: Tornadus|Tornadus-Therian, M|100/100
|move|p1a: Pelipper|Hurricane|p2a: Tornadus
|-damage|p2a: Tornadus|13/100
|
|-weather|RainDance|[upkeep]
|upkeep
|turn|11
|
|t:|1667582322
|move|p2a: Tornadus|U-turn|p1a: Pelipper
|-resisted|p1a: Pelipper
|-damage|p1a: Pelipper|91/100
|
|t:|1667582324
|switch|p2a: Heatran|Heatran, F|22/100|[from]move: U-turn
|move|p1a: Pelipper|Hurricane|p2a: Heatran
|-resisted|p2a: Heatran
|-damage|p2a: Heatran|0 fnt
|faint|p2a: Heatran
|
|-weather|RainDance|[upkeep]
|upkeep
|
|t:|1667582325
|switch|p2a: Tapu Lele|Tapu Lele|100/100
|-fieldstart|move: Psychic Terrain|[from] ability: Psychic Surge|[of] p2a: Tapu Lele
|turn|12
|
|t:|1667582330
|switch|p1a: Excadrill|Excadrill, F|55/100
|move|p2a: Tapu Lele|Moonblast|p1a: Excadrill
|-resisted|p1a: Excadrill
|-damage|p1a: Excadrill|0 fnt
|faint|p1a: Excadrill
|
|-weather|RainDance|[upkeep]
|upkeep
|
|t:|1667582332
|switch|p1a: Urshifu|Urshifu-Rapid-Strike, M|100/100
|turn|13
|
|t:|1667582338
|switch|p2a: Corviknight|Corviknight, F|100/100
|-ability|p2a: Corviknight|Pressure
|move|p1a: Urshifu|U-turn|p2a: Corviknight
|-resisted|p2a: Corviknight
|-damage|p2a: Corviknight|97/100
|-damage|p1a: Urshifu|84/100|[from] item: Rocky Helmet|[of] p2a: Corviknight
|
|t:|1667582343
|switch|p1a: Zapdos|Zapdos|100/100|[from]move: U-turn
|
|-weather|none
|upkeep
|turn|14
|
|t:|1667582353
|switch|p2a: Tornadus|Tornadus-Therian, M|47/100
|move|p1a: Zapdos|Volt Switch|p2a: Tornadus
|-supereffective|p2a: Tornadus
|-damage|p2a: Tornadus|0 fnt
|faint|p2a: Tornadus
|
|t:|1667582357
|switch|p1a: Urshifu|Urshifu-Rapid-Strike, M|84/100|[from]move: Volt Switch
|
|upkeep
|
|t:|1667582362
|switch|p2a: Kartana|Kartana|100/100
|turn|15
|j| 0SiegeWarfare
|
|t:|1667582365
|switch|p2a: Tapu Lele|Tapu Lele|100/100
|switch|p1a: Zapdos|Zapdos|100/100
|
|upkeep
|turn|16
|
|t:|1667582370
|switch|p1a: Tyranitar|Tyranitar, F|94/100 tox
|-weather|Sandstorm|[from] ability: Sand Stream|[of] p1a: Tyranitar
|move|p2a: Tapu Lele|Moonblast|p1a: Tyranitar
|-supereffective|p1a: Tyranitar
|-damage|p1a: Tyranitar|0 fnt
|faint|p1a: Tyranitar
|
|-weather|Sandstorm|[upkeep]
|-damage|p2a: Tapu Lele|94/100|[from] Sandstorm
|-fieldend|move: Psychic Terrain
|upkeep
|
|t:|1667582374
|switch|p1a: Urshifu|Urshifu-Rapid-Strike, M|84/100
|turn|17
|
|t:|1667582379
|move|p1a: Urshifu|U-turn|p2a: Tapu Lele
|-damage|p2a: Tapu Lele|60/100
|
|t:|1667582389
|switch|p1a: Pelipper|Pelipper, F|91/100|[from]move: U-turn
|-weather|RainDance|[from] ability: Drizzle|[of] p1a: Pelipper
|move|p2a: Tapu Lele|Moonblast|p1a: Pelipper
|-damage|p1a: Pelipper|0 fnt
|faint|p1a: Pelipper
|
|-weather|RainDance|[upkeep]
|upkeep
|
|t:|1667582391
|switch|p1a: Urshifu|Urshifu-Rapid-Strike, M|84/100
|turn|18
|j| charqe Q
|c| 0SiegeWarfare|specs lele is always a guaranteed kill
|
|t:|1667582400
|switch|p2a: Corviknight|Corviknight, F|97/100
|-ability|p2a: Corviknight|Pressure
|move|p1a: Urshifu|Close Combat|p2a: Corviknight
|-damage|p2a: Corviknight|63/100
|-unboost|p1a: Urshifu|def|1
|-unboost|p1a: Urshifu|spd|1
|-damage|p1a: Urshifu|68/100|[from] item: Rocky Helmet|[of] p2a: Corviknight
|
|-weather|RainDance|[upkeep]
|upkeep
|turn|19
|c| 0SiegeWarfare|when rightly played
|
|t:|1667582404
|switch|p1a: Zapdos|Zapdos|100/100
|move|p2a: Corviknight|U-turn|p1a: Zapdos
|-resisted|p1a: Zapdos
|-damage|p1a: Zapdos|95/100
|
|t:|1667582413
|switch|p2a: Seismitoad|Seismitoad, M|17/100|[from]move: U-turn
|
|-weather|RainDance|[upkeep]
|-heal|p2a: Seismitoad|23/100|[from] item: Leftovers
|upkeep
|turn|20
|
|t:|1667582417
|move|p1a: Zapdos|Hurricane|p2a: Seismitoad
|-damage|p2a: Seismitoad|0 fnt
|faint|p2a: Seismitoad
|
|-weather|RainDance|[upkeep]
|upkeep
|
|t:|1667582422
|switch|p2a: Corviknight|Corviknight, F|63/100
|-ability|p2a: Corviknight|Pressure
|turn|21
|
|t:|1667582425
|move|p1a: Zapdos|Discharge|p2a: Corviknight
|-supereffective|p2a: Corviknight
|-damage|p2a: Corviknight|0 fnt
|faint|p2a: Corviknight
|
|-weather|none
|upkeep
|
|t:|1667582435
|switch|p2a: Tapu Lele|Tapu Lele|60/100
|-fieldstart|move: Psychic Terrain|[from] ability: Psychic Surge|[of] p2a: Tapu Lele
|turn|22
|inactive|Battle timer is ON: inactive players will automatically lose when time's up. (requested by dracaufeu shiny)
|
|t:|1667582444
|move|p2a: Tapu Lele|Psychic|p1a: Zapdos
|-damage|p1a: Zapdos|4/100
|move|p1a: Zapdos|Discharge|p2a: Tapu Lele
|-damage|p2a: Tapu Lele|25/100
|
|upkeep
|turn|23
|
|t:|1667582452
|move|p2a: Tapu Lele|Psychic|p1a: Zapdos
|-crit|p1a: Zapdos
|-damage|p1a: Zapdos|0 fnt
|faint|p1a: Zapdos
|
|upkeep
|
|t:|1667582453
|switch|p1a: Urshifu|Urshifu-Rapid-Strike, M|68/100
|turn|24
|
|t:|1667582458
|move|p1a: Urshifu|Close Combat|p2a: Tapu Lele
|-resisted|p2a: Tapu Lele
|-damage|p2a: Tapu Lele|1/100
|-unboost|p1a: Urshifu|def|1
|-unboost|p1a: Urshifu|spd|1
|move|p2a: Tapu Lele|Psychic|p1a: Urshifu
|-supereffective|p1a: Urshifu
|-damage|p1a: Urshifu|0 fnt
|faint|p1a: Urshifu
|
|win|LECH24
|raw|dracaufeu shiny's rating: 1685 &rarr; <strong>1665</strong><br />(-20 for losing)
|raw|LECH24's rating: 1678 &rarr; <strong>1698</strong><br />(+20 for winning)
|l|☆dracaufeu shiny
||Ladder isn't responding, score probably updated but might not have (Request timeout).
