|html|<div class="broadcast-blue"><strong>[Gen 8] OU is currently suspecting Urshifu-S! For information on how to participate check out the <a href="https://www.smogon.com/forums/threads/np-ss-ou-suspect-process-round-8-aint-no-rest-for-the-wicked.3675310/">suspect thread</a>.</strong></div>
|j|☆lando expando
|j|‽free rent
|t:|1609350018
|player|p1|lando expando|rocketgrunt|1788
|player|p2|free rent|1|1810
|teamsize|p1|6
|teamsize|p2|6
|gametype|singles
|gen|8
|tier|[Gen 8] OU
|rated|
|clearpoke
|poke|p1|Tyrantrum, M|
|poke|p1|Latios, M|
|poke|p1|Heatran, F|
|poke|p1|Slowbro, M|
|poke|p1|Landorus-Therian, M|
|poke|p1|Drapion, F|
|poke|p2|Clefable, F|
|poke|p2|Magearna|
|poke|p2|Cinderace, M|
|poke|p2|Slowking, F|
|poke|p2|Hydreigon, F|
|poke|p2|Landorus-Therian, M|
|rule|Sleep Clause Mod: Limit one foe put to sleep
|rule|Species Clause: Limit one of each Pokémon
|rule|OHKO Clause: OHKO moves are banned
|rule|Evasion Moves Clause: Evasion moves are banned
|rule|Endless Battle Clause: Forcing endless battles is banned
|rule|HP Percentage Mod: HP is shown in percentages
|rule|Dynamax Clause: You cannot dynamax
|teampreview
|j| CharlieZf
|
|t:|1609350049
|start
|switch|p1a: Latios|Latios, M|100/100
|switch|p2a: Magearna|Magearna|100/100
|turn|1
|
|t:|1609350060
|switch|p1a: Heatran|Heatran, F|100/100
|move|p2a: Magearna|Volt Switch|p1a: Heatran
|-damage|p1a: Heatran|73/100
|
|t:|1609350077
|switch|p2a: Slowking|Slowking, F|100/100|[from]move: Volt Switch
|
|-heal|p1a: Heatran|79/100|[from] item: Leftovers
|upkeep
|turn|2
|inactive|Battle timer is ON: inactive players will automatically lose when time's up. (requested by free rent)
|
|t:|1609350092
|move|p1a: Heatran|Stealth Rock|p2a: Slowking
|-sidestart|p2: free rent|move: Stealth Rock
|move|p2a: Slowking|Scald|p1a: Heatran
|-supereffective|p1a: Heatran
|-damage|p1a: Heatran|37/100
|
|-heal|p1a: Heatran|43/100|[from] item: Leftovers
|upkeep
|turn|3
|
|t:|1609350100
|switch|p1a: Slowbro|Slowbro, M|100/100
|move|p2a: Slowking|Teleport|p2a: Slowking
|
|t:|1609350102
|switch|p2a: Clefable|Clefable, F|100/100|[from]move: Teleport
|
|upkeep
|turn|4
|j| Vessev
|
|t:|1609350106
|move|p2a: Clefable|Stealth Rock|p1a: Slowbro
|-sidestart|p1: lando expando|move: Stealth Rock
|move|p1a: Slowbro|Teleport|p1a: Slowbro
|
|t:|1609350110
|switch|p1a: Heatran|Heatran, F|43/100|[from]move: Teleport
|-damage|p1a: Heatran|31/100|[from] Stealth Rock
|
|-heal|p1a: Heatran|37/100|[from] item: Leftovers
|upkeep
|turn|5
|
|t:|1609350117
|switch|p2a: Slowking|Slowking, F|100/100
|move|p1a: Heatran|Magma Storm|p2a: Slowking
|-resisted|p2a: Slowking
|-damage|p2a: Slowking|87/100
|-activate|p2a: Slowking|move: Magma Storm|[of] p1a: Heatran
|
|-heal|p1a: Heatran|43/100|[from] item: Leftovers
|-damage|p2a: Slowking|75/100|[from] move: Magma Storm|[partiallytrapped]
|upkeep
|turn|6
|
|t:|1609350128
|switch|p1a: Slowbro|Slowbro, M|100/100
|-damage|p1a: Slowbro|88/100|[from] Stealth Rock
|move|p2a: Slowking|Scald|p1a: Slowbro
|-resisted|p1a: Slowbro
|-damage|p1a: Slowbro|74/100
|
|-end|p2a: Slowking|Magma Storm|[partiallytrapped]|[silent]
|upkeep
|turn|7
|
|t:|1609350139
|move|p2a: Slowking|Future Sight|p1a: Slowbro
|-start|p2a: Slowking|move: Future Sight
|move|p1a: Slowbro|Teleport|p1a: Slowbro
|
|t:|1609350156
|switch|p1a: Tyrantrum|Tyrantrum, M|100/100|[from]move: Teleport
|-damage|p1a: Tyrantrum|88/100|[from] Stealth Rock
|
|upkeep
|turn|8
|
|t:|1609350159
|switch|p2a: Magearna|Magearna|100/100
|-damage|p2a: Magearna|94/100|[from] Stealth Rock
|move|p1a: Tyrantrum|Head Smash|p2a: Magearna|[miss]
|-miss|p1a: Tyrantrum|p2a: Magearna
|
|upkeep
|turn|9
|
|t:|1609350168
|switch|p1a: Heatran|Heatran, F|43/100
|-damage|p1a: Heatran|31/100|[from] Stealth Rock
|move|p2a: Magearna|Fleur Cannon|p1a: Heatran
|-resisted|p1a: Heatran
|-damage|p1a: Heatran|13/100
|-unboost|p2a: Magearna|spa|2
|
|-end|p1a: Heatran|move: Future Sight
|-resisted|p1a: Heatran
|-damage|p1a: Heatran|0 fnt
|faint|p1a: Heatran
|-ability|p2a: Magearna|Soul-Heart|boost
|-boost|p2a: Magearna|spa|1
|upkeep
|
|t:|1609350174
|switch|p1a: Landorus|Landorus-Therian, M|100/100
|-damage|p1a: Landorus|88/100|[from] Stealth Rock
|-ability|p1a: Landorus|Intimidate|boost
|-unboost|p2a: Magearna|atk|1
|turn|10
|
|t:|1609350182
|move|p1a: Landorus|U-turn|p2a: Magearna
|-resisted|p2a: Magearna
|-damage|p2a: Magearna|88/100
|
|t:|1609350201
|switch|p1a: Slowbro|Slowbro, M|100/100|[from]move: U-turn
|-damage|p1a: Slowbro|88/100|[from] Stealth Rock
|move|p2a: Magearna|Fleur Cannon|p1a: Slowbro
|-damage|p1a: Slowbro|16/100
|-unboost|p2a: Magearna|spa|2
|
|upkeep
|turn|11
|
|t:|1609350206
|switch|p1a: Drapion|Drapion, F|100/100
|-damage|p1a: Drapion|88/100|[from] Stealth Rock
|move|p2a: Magearna|Fleur Cannon|p1a: Drapion
|-damage|p1a: Drapion|31/100
|-unboost|p2a: Magearna|spa|2
|
|upkeep
|turn|12
|
|t:|1609350224
|switch|p1a: Landorus|Landorus-Therian, M|88/100
|-damage|p1a: Landorus|76/100|[from] Stealth Rock
|-ability|p1a: Landorus|Intimidate|boost
|-unboost|p2a: Magearna|atk|1
|switch|p2a: Clefable|Clefable, F|100/100
|
|upkeep
|turn|13
|l| Vessev
|
|t:|1609350238
|move|p1a: Landorus|U-turn|p2a: Clefable
|-resisted|p2a: Clefable
|-damage|p2a: Clefable|90/100
|-damage|p1a: Landorus|59/100|[from] item: Rocky Helmet|[of] p2a: Clefable
|
|t:|1609350240
|switch|p1a: Drapion|Drapion, F|31/100|[from]move: U-turn
|-damage|p1a: Drapion|19/100|[from] Stealth Rock
|move|p2a: Clefable|Moonblast|p1a: Drapion
|-damage|p1a: Drapion|0 fnt
|faint|p1a: Drapion
|
|upkeep
|
|t:|1609350241
|switch|p1a: Tyrantrum|Tyrantrum, M|88/100
|-damage|p1a: Tyrantrum|76/100|[from] Stealth Rock
|turn|14
|
|t:|1609350264
|switch|p2a: Slowking|Slowking, F|100/100
|move|p1a: Tyrantrum|Head Smash|p2a: Slowking|[miss]
|-miss|p1a: Tyrantrum|p2a: Slowking
|
|upkeep
|turn|15
|
|t:|1609350269
|move|p1a: Tyrantrum|Head Smash|p2a: Slowking
|-damage|p2a: Slowking|0 fnt
|faint|p2a: Slowking
|
|upkeep
|
|t:|1609350272
|switch|p2a: Hydreigon|Hydreigon, F|100/100
|-damage|p2a: Hydreigon|88/100|[from] Stealth Rock
|turn|16
|
|t:|1609350276
|switch|p1a: Latios|Latios, M|100/100
|-damage|p1a: Latios|88/100|[from] Stealth Rock
|move|p2a: Hydreigon|Dark Pulse|p1a: Latios
|-supereffective|p1a: Latios
|-damage|p1a: Latios|0 fnt
|-damage|p2a: Hydreigon|78/100|[from] item: Life Orb
|faint|p1a: Latios
|
|upkeep
|
|t:|1609350279
|switch|p1a: Landorus|Landorus-Therian, M|59/100
|-damage|p1a: Landorus|47/100|[from] Stealth Rock
|-ability|p1a: Landorus|Intimidate|boost
|-unboost|p2a: Hydreigon|atk|1
|turn|17
|
|t:|1609350282
|move|p1a: Landorus|U-turn|p2a: Hydreigon
|-supereffective|p2a: Hydreigon
|-damage|p2a: Hydreigon|24/100
|
|t:|1609350286
|switch|p1a: Slowbro|Slowbro, M|49/100|[from]move: U-turn
|-damage|p1a: Slowbro|37/100|[from] Stealth Rock
|move|p2a: Hydreigon|Roost|p2a: Hydreigon
|-heal|p2a: Hydreigon|74/100
|-singleturn|p2a: Hydreigon|move: Roost
|
|upkeep
|turn|18
|
|t:|1609350289
|move|p2a: Hydreigon|Dark Pulse|p1a: Slowbro
|-supereffective|p1a: Slowbro
|-damage|p1a: Slowbro|0 fnt
|-damage|p2a: Hydreigon|64/100|[from] item: Life Orb
|faint|p1a: Slowbro
|
|upkeep
|
|t:|1609350292
|switch|p1a: Landorus|Landorus-Therian, M|47/100
|-damage|p1a: Landorus|35/100|[from] Stealth Rock
|-ability|p1a: Landorus|Intimidate|boost
|-unboost|p2a: Hydreigon|atk|1
|turn|19
|
|t:|1609350301
|switch|p2a: Landorus|Landorus-Therian, M|100/100
|-damage|p2a: Landorus|88/100|[from] Stealth Rock
|-ability|p2a: Landorus|Intimidate|boost
|-unboost|p1a: Landorus|atk|1
|move|p1a: Landorus|U-turn|p2a: Landorus
|-resisted|p2a: Landorus
|-crit|p2a: Landorus
|-damage|p2a: Landorus|64/100
|
|t:|1609350303
|switch|p1a: Tyrantrum|Tyrantrum, M|76/100|[from]move: U-turn
|-damage|p1a: Tyrantrum|63/100|[from] Stealth Rock
|
|upkeep
|turn|20
|
|t:|1609350306
|move|p2a: Landorus|Earthquake|p1a: Tyrantrum
|-supereffective|p1a: Tyrantrum
|-damage|p1a: Tyrantrum|0 fnt
|faint|p1a: Tyrantrum
|
|upkeep
|
|t:|1609350308
|switch|p1a: Landorus|Landorus-Therian, M|35/100
|-damage|p1a: Landorus|23/100|[from] Stealth Rock
|-ability|p1a: Landorus|Intimidate|boost
|-unboost|p2a: Landorus|atk|1
|turn|21
|
|t:|1609350314
|move|p2a: Landorus|Earthquake|p1a: Landorus
|-immune|p1a: Landorus
|move|p1a: Landorus|U-turn|p2a: Landorus
|-resisted|p2a: Landorus
|-damage|p2a: Landorus|48/100
|
|upkeep
|turn|22
|
|t:|1609350319
|switch|p2a: Magearna|Magearna|88/100
|-damage|p2a: Magearna|82/100|[from] Stealth Rock
|move|p1a: Landorus|U-turn|p2a: Magearna
|-resisted|p2a: Magearna
|-damage|p2a: Magearna|76/100
|
|upkeep
|turn|23
|
|t:|1609350321
|move|p1a: Landorus|U-turn|p2a: Magearna
|-resisted|p2a: Magearna
|-damage|p2a: Magearna|71/100
|move|p2a: Magearna|Volt Switch|p1a: Landorus
|-immune|p1a: Landorus
|
|upkeep
|turn|24
|
|t:|1609350323
|move|p1a: Landorus|U-turn|p2a: Magearna
|-resisted|p2a: Magearna
|-damage|p2a: Magearna|65/100
|move|p2a: Magearna|Volt Switch|p1a: Landorus
|-immune|p1a: Landorus
|
|upkeep
|turn|25
|
|t:|1609350325
|move|p1a: Landorus|U-turn|p2a: Magearna
|-resisted|p2a: Magearna
|-damage|p2a: Magearna|59/100
|move|p2a: Magearna|Volt Switch|p1a: Landorus
|-immune|p1a: Landorus
|
|upkeep
|turn|26
|
|t:|1609350327
|move|p1a: Landorus|U-turn|p2a: Magearna
|-resisted|p2a: Magearna
|-damage|p2a: Magearna|54/100
|move|p2a: Magearna|Volt Switch|p1a: Landorus
|-immune|p1a: Landorus
|
|upkeep
|turn|27
|
|t:|1609350330
|move|p1a: Landorus|U-turn|p2a: Magearna
|-resisted|p2a: Magearna
|-damage|p2a: Magearna|48/100
|move|p2a: Magearna|Volt Switch|p1a: Landorus
|-immune|p1a: Landorus
|
|upkeep
|turn|28
|
|t:|1609350335
|move|p1a: Landorus|U-turn|p2a: Magearna
|-resisted|p2a: Magearna
|-damage|p2a: Magearna|42/100
|move|p2a: Magearna|Volt Switch|p1a: Landorus
|-immune|p1a: Landorus
|
|upkeep
|turn|29
|
|t:|1609350339
|switch|p2a: Landorus|Landorus-Therian, M|48/100
|-damage|p2a: Landorus|36/100|[from] Stealth Rock
|-ability|p2a: Landorus|Intimidate|boost
|-unboost|p1a: Landorus|atk|1
|move|p1a: Landorus|U-turn|p2a: Landorus
|-resisted|p2a: Landorus
|-damage|p2a: Landorus|26/100
|
|upkeep
|turn|30
|
|t:|1609350342
|move|p2a: Landorus|Defog|p1a: Landorus
|-unboost|p1a: Landorus|evasion|1
|-sideend|p1: lando expando|Stealth Rock|[from] move: Defog|[of] p2a: Landorus
|-sideend|p2: free rent|Stealth Rock|[from] move: Defog|[of] p2a: Landorus
|move|p1a: Landorus|U-turn|p2a: Landorus
|-resisted|p2a: Landorus
|-damage|p2a: Landorus|17/100
|
|upkeep
|turn|31
|j| laksdjfasf
|
|t:|1609350344
|switch|p2a: Magearna|Magearna|42/100
|move|p1a: Landorus|U-turn|p2a: Magearna
|-resisted|p2a: Magearna
|-damage|p2a: Magearna|38/100
|
|upkeep
|turn|32
|
|t:|1609350347
|move|p1a: Landorus|U-turn|p2a: Magearna
|-resisted|p2a: Magearna
|-damage|p2a: Magearna|34/100
|move|p2a: Magearna|Volt Switch|p1a: Landorus
|-immune|p1a: Landorus
|
|upkeep
|turn|33
|
|t:|1609350351
|switch|p2a: Landorus|Landorus-Therian, M|17/100
|-ability|p2a: Landorus|Intimidate|boost
|-unboost|p1a: Landorus|atk|1
|move|p1a: Landorus|U-turn|p2a: Landorus
|-resisted|p2a: Landorus
|-damage|p2a: Landorus|10/100
|
|upkeep
|turn|34
|
|t:|1609350353
|switch|p2a: Magearna|Magearna|34/100
|move|p1a: Landorus|U-turn|p2a: Magearna
|-resisted|p2a: Magearna
|-crit|p2a: Magearna
|-damage|p2a: Magearna|25/100
|
|upkeep
|turn|35
|
|t:|1609350355
|move|p1a: Landorus|U-turn|p2a: Magearna
|-resisted|p2a: Magearna
|-damage|p2a: Magearna|22/100
|move|p2a: Magearna|Volt Switch|p1a: Landorus
|-immune|p1a: Landorus
|
|upkeep
|turn|36
|
|t:|1609350357
|move|p1a: Landorus|U-turn|p2a: Magearna
|-resisted|p2a: Magearna
|-damage|p2a: Magearna|19/100
|move|p2a: Magearna|Volt Switch|p1a: Landorus
|-immune|p1a: Landorus
|
|upkeep
|turn|37
|
|t:|1609350360
|move|p1a: Landorus|U-turn|p2a: Magearna
|-resisted|p2a: Magearna
|-damage|p2a: Magearna|17/100
|move|p2a: Magearna|Volt Switch|p1a: Landorus
|-immune|p1a: Landorus
|
|upkeep
|turn|38
|
|t:|1609350363
|move|p1a: Landorus|U-turn|p2a: Magearna
|-resisted|p2a: Magearna
|-damage|p2a: Magearna|14/100
|move|p2a: Magearna|Volt Switch|p1a: Landorus
|-immune|p1a: Landorus
|
|upkeep
|turn|39
|
|t:|1609350365
|switch|p2a: Landorus|Landorus-Therian, M|10/100
|-ability|p2a: Landorus|Intimidate|boost
|-unboost|p1a: Landorus|atk|1
|move|p1a: Landorus|U-turn|p2a: Landorus
|-resisted|p2a: Landorus
|-crit|p2a: Landorus
|-damage|p2a: Landorus|0 fnt
|faint|p2a: Landorus
|
|upkeep
|
|t:|1609350368
|switch|p2a: Magearna|Magearna|14/100
|turn|40
|
|t:|1609350370
|move|p1a: Landorus|U-turn|p2a: Magearna
|-resisted|p2a: Magearna
|-damage|p2a: Magearna|11/100
|move|p2a: Magearna|Volt Switch|p1a: Landorus
|-immune|p1a: Landorus
|
|upkeep
|turn|41
|
|t:|1609350374
|switch|p2a: Hydreigon|Hydreigon, F|64/100
|move|p1a: Landorus|U-turn|p2a: Hydreigon
|-supereffective|p2a: Hydreigon
|-damage|p2a: Hydreigon|42/100
|
|upkeep
|turn|42
|
|t:|1609350376
|move|p1a: Landorus|U-turn|p2a: Hydreigon
|-supereffective|p2a: Hydreigon
|-damage|p2a: Hydreigon|17/100
|move|p2a: Hydreigon|Roost|p2a: Hydreigon
|-heal|p2a: Hydreigon|67/100
|-singleturn|p2a: Hydreigon|move: Roost
|
|upkeep
|turn|43
|
|t:|1609350378
|move|p1a: Landorus|U-turn|p2a: Hydreigon
|-supereffective|p2a: Hydreigon
|-damage|p2a: Hydreigon|44/100
|move|p2a: Hydreigon|Earth Power|p1a: Landorus
|-immune|p1a: Landorus
|
|upkeep
|turn|44
|
|t:|1609350380
|move|p1a: Landorus|U-turn|p2a: Hydreigon
|-supereffective|p2a: Hydreigon
|-damage|p2a: Hydreigon|20/100
|move|p2a: Hydreigon|Roost|p2a: Hydreigon
|-heal|p2a: Hydreigon|70/100
|-singleturn|p2a: Hydreigon|move: Roost
|
|upkeep
|turn|45
|
|t:|1609350386
|switch|p2a: Magearna|Magearna|11/100
|move|p1a: Landorus|U-turn|p2a: Magearna
|-resisted|p2a: Magearna
|-damage|p2a: Magearna|9/100
|
|upkeep
|turn|46
|
|t:|1609350391
|move|p1a: Landorus|U-turn|p2a: Magearna
|-resisted|p2a: Magearna
|-damage|p2a: Magearna|6/100
|move|p2a: Magearna|Volt Switch|p1a: Landorus
|-immune|p1a: Landorus
|
|upkeep
|turn|47
|
|t:|1609350395
|move|p1a: Landorus|U-turn|p2a: Magearna
|-resisted|p2a: Magearna
|-damage|p2a: Magearna|4/100
|move|p2a: Magearna|Volt Switch|p1a: Landorus
|-immune|p1a: Landorus
|
|upkeep
|turn|48
|j| GIL950
|
|t:|1609350401
|switch|p2a: Cinderace|Cinderace, M|100/100
|move|p1a: Landorus|U-turn|p2a: Cinderace
|-resisted|p2a: Cinderace
|-damage|p2a: Cinderace|94/100
|
|upkeep
|turn|49
|c| laksdjfasf|hehe
|j| octpath455354353
|
|t:|1609350406
|move|p2a: Cinderace|Sucker Punch|p1a: Landorus
|-start|p2a: Cinderace|typechange|Dark|[from] ability: Libero
|-damage|p1a: Landorus|0 fnt
|faint|p1a: Landorus
|
|win|free rent
|l| octpath455354353
|l| laksdjfasf
