|raw|<div class="broadcast-blue"><strong>This battle is required to be public due to a player having a name starting with 'lt94je'.</div>
|j|☆LT94je Qrts
|j|‽kinetic chain
|t:|1661379280
|gametype|singles
|player|p1|LT94je Qrts|drayden|1844
|player|p2|kinetic chain|giovanni-gen1|1735
|teamsize|p1|6
|teamsize|p2|6
|gen|8
|tier|[Gen 8] OU
|rated|
|rule|Sleep Clause Mod: Limit one foe put to sleep
|rule|Species Clause: Limit one of each Pokémon
|rule|OHKO Clause: OHKO moves are banned
|rule|Evasion Items Clause: Evasion items are banned
|rule|Evasion Moves Clause: Evasion moves are banned
|rule|Endless Battle Clause: Forcing endless battles is banned
|rule|HP Percentage Mod: HP is shown in percentages
|rule|Dynamax Clause: You cannot dynamax
|clearpoke
|poke|p1|Heatran, F|
|poke|p1|Kartana|
|poke|p1|Rotom-Wash|
|poke|p1|Landorus-Therian, M|
|poke|p1|Rillaboom, F|
|poke|p1|Blacephalon|
|poke|p2|Dragapult, F|
|poke|p2|Kartana|
|poke|p2|Heatran, M|
|poke|p2|Landorus-Therian, M|
|poke|p2|Zapdos|
|poke|p2|Ferrothorn, M|
|teampreview
|inactive|Battle timer is ON: inactive players will automatically lose when time's up. (requested by kinetic chain)
|
|t:|1661379297
|start
|switch|p1a: Landorus|Landorus-Therian, M|100/100
|switch|p2a: Ferrothorn|Ferrothorn, M|100/100
|-ability|p1a: Landorus|Intimidate|boost
|-unboost|p2a: Ferrothorn|atk|1
|turn|1
|
|t:|1661379304
|switch|p1a: Heatran|Heatran, F|100/100
|move|p2a: Ferrothorn|Knock Off|p1a: Heatran
|-damage|p1a: Heatran|88/100
|-enditem|p1a: Heatran|Leftovers|[from] move: Knock Off|[of] p2a: Ferrothorn
|
|upkeep
|turn|2
|
|t:|1661379307
|switch|p2a: Landorus|Landorus-Therian, M|100/100
|-ability|p2a: Landorus|Intimidate|boost
|-unboost|p1a: Heatran|atk|1
|move|p1a: Heatran|Stealth Rock|p2a: Landorus
|-sidestart|p2: kinetic chain|move: Stealth Rock
|
|upkeep
|turn|3
|
|t:|1661379309
|move|p2a: Landorus|Defog|p1a: Heatran
|-unboost|p1a: Heatran|evasion|1
|-sideend|p2: kinetic chain|Stealth Rock|[from] move: Defog|[of] p2a: Landorus
|move|p1a: Heatran|Toxic|p2a: Landorus
|-status|p2a: Landorus|tox
|
|-damage|p2a: Landorus|94/100 tox|[from] psn
|upkeep
|turn|4
|
|t:|1661379313
|move|p2a: Landorus|Toxic|p1a: Heatran
|-immune|p1a: Heatran
|move|p1a: Heatran|Stealth Rock|p2a: Landorus
|-sidestart|p2: kinetic chain|move: Stealth Rock
|
|-heal|p2a: Landorus|100/100 tox|[from] item: Leftovers
|-damage|p2a: Landorus|88/100 tox|[from] psn
|upkeep
|turn|5
|j| lt94je nick
|j| storm zone
|
|t:|1661379320
|switch|p1a: Landorus|Landorus-Therian, M|100/100
|-ability|p1a: Landorus|Intimidate|boost
|-unboost|p2a: Landorus|atk|1
|move|p2a: Landorus|Defog|p1a: Landorus
|-unboost|p1a: Landorus|evasion|1
|-sideend|p2: kinetic chain|Stealth Rock|[from] move: Defog|[of] p2a: Landorus
|
|-heal|p2a: Landorus|94/100 tox|[from] item: Leftovers
|-damage|p2a: Landorus|76/100 tox|[from] psn
|upkeep
|turn|6
|
|t:|1661379323
|move|p2a: Landorus|U-turn|p1a: Landorus
|-resisted|p1a: Landorus
|-damage|p1a: Landorus|93/100
|
|t:|1661379324
|switch|p2a: Ferrothorn|Ferrothorn, M|100/100|[from]move: U-turn
|move|p1a: Landorus|U-turn|p2a: Ferrothorn
|-damage|p2a: Ferrothorn|87/100
|-damage|p1a: Landorus|81/100|[from] ability: Iron Barbs|[of] p2a: Ferrothorn
|
|t:|1661379327
|switch|p1a: Heatran|Heatran, F|88/100|[from]move: U-turn
|
|-heal|p2a: Ferrothorn|93/100|[from] item: Leftovers
|upkeep
|turn|7
|
|t:|1661379330
|switch|p2a: Landorus|Landorus-Therian, M|76/100 tox
|-ability|p2a: Landorus|Intimidate|boost
|-unboost|p1a: Heatran|atk|1
|move|p1a: Heatran|Stealth Rock|p2a: Landorus
|-sidestart|p2: kinetic chain|move: Stealth Rock
|
|-heal|p2a: Landorus|82/100 tox|[from] item: Leftovers
|-damage|p2a: Landorus|76/100 tox|[from] psn
|upkeep
|turn|8
|
|t:|1661379333
|switch|p1a: Kartana|Kartana|100/100
|move|p2a: Landorus|Defog|p1a: Kartana
|-unboost|p1a: Kartana|evasion|1
|-sideend|p2: kinetic chain|Stealth Rock|[from] move: Defog|[of] p2a: Landorus
|
|-heal|p2a: Landorus|82/100 tox|[from] item: Leftovers
|-damage|p2a: Landorus|70/100 tox|[from] psn
|upkeep
|turn|9
|
|t:|1661379335
|switch|p2a: Ferrothorn|Ferrothorn, M|93/100
|move|p1a: Kartana|Knock Off|p2a: Ferrothorn
|-damage|p2a: Ferrothorn|55/100
|-damage|p1a: Kartana|88/100|[from] ability: Iron Barbs|[of] p2a: Ferrothorn
|-enditem|p2a: Ferrothorn|Leftovers|[from] move: Knock Off|[of] p1a: Kartana
|
|upkeep
|turn|10
|
|t:|1661379339
|switch|p1a: Heatran|Heatran, F|88/100
|move|p2a: Ferrothorn|Stealth Rock|p1a: Heatran
|-sidestart|p1: LT94je Qrts|move: Stealth Rock
|
|upkeep
|turn|11
|j| Goinflex
|
|t:|1661379344
|switch|p2a: Landorus|Landorus-Therian, M|70/100 tox
|-ability|p2a: Landorus|Intimidate|boost
|-unboost|p1a: Heatran|atk|1
|move|p1a: Heatran|Stealth Rock|p2a: Landorus
|-sidestart|p2: kinetic chain|move: Stealth Rock
|
|-heal|p2a: Landorus|76/100 tox|[from] item: Leftovers
|-damage|p2a: Landorus|70/100 tox|[from] psn
|upkeep
|turn|12
|
|t:|1661379348
|switch|p1a: Landorus|Landorus-Therian, M|81/100
|-damage|p1a: Landorus|69/100|[from] Stealth Rock
|-ability|p1a: Landorus|Intimidate|boost
|-unboost|p2a: Landorus|atk|1
|move|p2a: Landorus|Toxic|p1a: Landorus
|-status|p1a: Landorus|tox
|
|-heal|p2a: Landorus|76/100 tox|[from] item: Leftovers
|-heal|p1a: Landorus|75/100 tox|[from] item: Leftovers
|-damage|p2a: Landorus|64/100 tox|[from] psn
|-damage|p1a: Landorus|69/100 tox|[from] psn
|upkeep
|turn|13
|j| LT94JEwhyaddicted
|
|t:|1661379351
|move|p2a: Landorus|U-turn|p1a: Landorus
|-resisted|p1a: Landorus
|-damage|p1a: Landorus|62/100 tox
|
|t:|1661379352
|switch|p2a: Ferrothorn|Ferrothorn, M|55/100|[from]move: U-turn
|-damage|p2a: Ferrothorn|50/100|[from] Stealth Rock
|move|p1a: Landorus|U-turn|p2a: Ferrothorn
|-damage|p2a: Ferrothorn|36/100
|-damage|p1a: Landorus|49/100 tox|[from] ability: Iron Barbs|[of] p2a: Ferrothorn
|j| lemmeladderkid
|
|t:|1661379364
|switch|p1a: Blacephalon|Blacephalon|100/100|[from]move: U-turn
|-damage|p1a: Blacephalon|76/100|[from] Stealth Rock
|
|upkeep
|turn|14
|j| canton ticino
|
|t:|1661379382
|switch|p2a: Heatran|Heatran, M|100/100
|-damage|p2a: Heatran|88/100|[from] Stealth Rock
|move|p1a: Blacephalon|Shadow Ball|p2a: Heatran
|-damage|p2a: Heatran|57/100
|
|-heal|p2a: Heatran|63/100|[from] item: Leftovers
|upkeep
|turn|15
|l| lemmeladderkid
|
|t:|1661379389
|switch|p1a: Rotom|Rotom-Wash|100/100
|-damage|p1a: Rotom|88/100|[from] Stealth Rock
|move|p2a: Heatran|Earth Power|p1a: Rotom
|-immune|p1a: Rotom|[from] ability: Levitate
|
|-heal|p1a: Rotom|94/100|[from] item: Leftovers
|-heal|p2a: Heatran|69/100|[from] item: Leftovers
|upkeep
|turn|16
|
|t:|1661379393
|switch|p2a: Ferrothorn|Ferrothorn, M|36/100
|-damage|p2a: Ferrothorn|30/100|[from] Stealth Rock
|move|p1a: Rotom|Volt Switch|p2a: Ferrothorn
|-resisted|p2a: Ferrothorn
|-damage|p2a: Ferrothorn|18/100
|
|t:|1661379404
|switch|p1a: Kartana|Kartana|88/100|[from]move: Volt Switch
|-damage|p1a: Kartana|82/100|[from] Stealth Rock
|
|upkeep
|turn|17
|
|t:|1661379410
|move|p1a: Kartana|Knock Off|p2a: Ferrothorn
|-damage|p2a: Ferrothorn|0 fnt
|-damage|p1a: Kartana|70/100|[from] ability: Iron Barbs|[of] p2a: Ferrothorn
|faint|p2a: Ferrothorn
|-ability|p1a: Kartana|Beast Boost|boost
|-boost|p1a: Kartana|atk|1
|
|upkeep
|j| whoghohou
|j| oakdeon
|
|t:|1661379425
|switch|p2a: Kartana|Kartana|100/100
|-damage|p2a: Kartana|94/100|[from] Stealth Rock
|turn|18
|
|t:|1661379436
|switch|p1a: Rotom|Rotom-Wash|94/100
|-damage|p1a: Rotom|82/100|[from] Stealth Rock
|move|p2a: Kartana|Sacred Sword|p1a: Rotom
|-damage|p1a: Rotom|33/100
|
|-heal|p1a: Rotom|39/100|[from] item: Leftovers
|upkeep
|turn|19
|c| oakdeon|go kinetic
|
|t:|1661379447
|move|p2a: Kartana|Sacred Sword|p1a: Rotom
|-damage|p1a: Rotom|0 fnt
|faint|p1a: Rotom
|-ability|p2a: Kartana|Beast Boost|boost
|-boost|p2a: Kartana|atk|1
|
|upkeep
|
|t:|1661379450
|switch|p1a: Blacephalon|Blacephalon|76/100
|-damage|p1a: Blacephalon|51/100|[from] Stealth Rock
|turn|20
|
|t:|1661379457
|switch|p2a: Heatran|Heatran, M|69/100
|-damage|p2a: Heatran|57/100|[from] Stealth Rock
|move|p1a: Blacephalon|Shadow Ball|p2a: Heatran
|-damage|p2a: Heatran|28/100
|-unboost|p2a: Heatran|spd|1
|
|-heal|p2a: Heatran|34/100|[from] item: Leftovers
|upkeep
|turn|21
|j|+airfare
|
|t:|1661379468
|move|p1a: Blacephalon|Shadow Ball|p2a: Heatran
|-damage|p2a: Heatran|0 fnt
|faint|p2a: Heatran
|-ability|p1a: Blacephalon|Beast Boost|boost
|-boost|p1a: Blacephalon|spa|1
|
|upkeep
|
|t:|1661379470
|switch|p2a: Zapdos|Zapdos|100/100
|turn|22
|
|t:|1661379475
|switch|p1a: Heatran|Heatran, F|88/100
|-damage|p1a: Heatran|75/100|[from] Stealth Rock
|move|p2a: Zapdos|Hurricane|p1a: Heatran|[miss]
|-miss|p2a: Zapdos|p1a: Heatran
|
|upkeep
|turn|23
|
|t:|1661379478
|move|p2a: Zapdos|Volt Switch|p1a: Heatran
|-damage|p1a: Heatran|52/100
|
|t:|1661379481
|switch|p2a: Landorus|Landorus-Therian, M|64/100 tox|[from]move: Volt Switch
|-damage|p2a: Landorus|52/100 tox|[from] Stealth Rock
|-ability|p2a: Landorus|Intimidate|boost
|-unboost|p1a: Heatran|atk|1
|move|p1a: Heatran|Magma Storm|p2a: Landorus
|-damage|p2a: Landorus|21/100 tox
|-activate|p2a: Landorus|move: Magma Storm|[of] p1a: Heatran
|
|-heal|p2a: Landorus|27/100 tox|[from] item: Leftovers
|-damage|p2a: Landorus|21/100 tox|[from] psn
|-damage|p2a: Landorus|9/100 tox|[from] move: Magma Storm|[partiallytrapped]
|upkeep
|turn|24
|
|t:|1661379489
|switch|p1a: Landorus|Landorus-Therian, M|49/100 tox
|-damage|p1a: Landorus|37/100 tox|[from] Stealth Rock
|-ability|p1a: Landorus|Intimidate|boost
|-unboost|p2a: Landorus|atk|1
|move|p2a: Landorus|U-turn|p1a: Landorus
|-resisted|p1a: Landorus
|-damage|p1a: Landorus|31/100 tox
|
|t:|1661379496
|switch|p2a: Kartana|Kartana|94/100|[from]move: U-turn
|-damage|p2a: Kartana|88/100|[from] Stealth Rock
|
|-heal|p1a: Landorus|37/100 tox|[from] item: Leftovers
|-damage|p1a: Landorus|31/100 tox|[from] psn
|upkeep
|turn|25
|
|t:|1661379511
|move|p2a: Kartana|Knock Off|p1a: Landorus
|-damage|p1a: Landorus|0 fnt
|-enditem|p1a: Landorus|Leftovers|[from] move: Knock Off|[of] p2a: Kartana
|faint|p1a: Landorus
|-ability|p2a: Kartana|Beast Boost|boost
|-boost|p2a: Kartana|atk|1
|
|upkeep
|inactive|LT94je Qrts has 120 seconds left.
|j| Creusot
|
|t:|1661379565
|switch|p1a: Blacephalon|Blacephalon|51/100
|-damage|p1a: Blacephalon|26/100|[from] Stealth Rock
|turn|26
|
|t:|1661379569
|switch|p2a: Landorus|Landorus-Therian, M|9/100 tox
|-damage|p2a: Landorus|0 fnt|[from] Stealth Rock
|faint|p2a: Landorus
|move|p1a: Blacephalon|Shadow Ball|p2: Landorus|[notarget]
|-fail|p1a: Blacephalon
|
|upkeep
|
|t:|1661379571
|switch|p2a: Zapdos|Zapdos|100/100
|turn|27
|
|t:|1661379575
|switch|p1a: Heatran|Heatran, F|52/100
|-damage|p1a: Heatran|40/100|[from] Stealth Rock
|move|p2a: Zapdos|Volt Switch|p1a: Heatran
|-damage|p1a: Heatran|17/100
|j| LT94JE Iznamakin
|
|t:|1661379593
|switch|p2a: Kartana|Kartana|88/100|[from]move: Volt Switch
|-damage|p2a: Kartana|82/100|[from] Stealth Rock
|
|upkeep
|turn|28
|
|t:|1661379596
|move|p2a: Kartana|Knock Off|p1a: Heatran
|-damage|p1a: Heatran|0 fnt
|faint|p1a: Heatran
|-ability|p2a: Kartana|Beast Boost|boost
|-boost|p2a: Kartana|atk|1
|
|upkeep
|l| LT94JEwhyaddicted
|l| storm zone
|inactive|LT94je Qrts has 120 seconds left.
|
|t:|1661379618
|switch|p1a: Blacephalon|Blacephalon|26/100
|-damage|p1a: Blacephalon|2/100|[from] Stealth Rock
|turn|29
|
|t:|1661379621
|move|p1a: Blacephalon|Shadow Ball|p2a: Kartana
|-damage|p2a: Kartana|0 fnt
|faint|p2a: Kartana
|-ability|p1a: Blacephalon|Beast Boost|boost
|-boost|p1a: Blacephalon|spa|1
|
|upkeep
|
|t:|1661379622
|switch|p2a: Zapdos|Zapdos|100/100
|turn|30
|
|t:|1661379624
|move|p1a: Blacephalon|Shadow Ball|p2a: Zapdos
|-damage|p2a: Zapdos|9/100
|-unboost|p2a: Zapdos|spd|1
|move|p2a: Zapdos|Volt Switch|p1a: Blacephalon
|-damage|p1a: Blacephalon|0 fnt
|faint|p1a: Blacephalon
|
|t:|1661379626
|switch|p2a: Dragapult|Dragapult, F|100/100|[from]move: Volt Switch
|
|upkeep
|
|t:|1661379633
|switch|p1a: Rillaboom|Rillaboom, F|100/100
|-damage|p1a: Rillaboom|88/100|[from] Stealth Rock
|-fieldstart|move: Grassy Terrain|[from] ability: Grassy Surge|[of] p1a: Rillaboom
|turn|31
|
|t:|1661379637
|switch|p1a: Kartana|Kartana|70/100
|-damage|p1a: Kartana|63/100|[from] Stealth Rock
|move|p2a: Dragapult|Will-O-Wisp|p1a: Kartana
|-status|p1a: Kartana|brn
|
|-heal|p1a: Kartana|70/100 brn|[from] Grassy Terrain
|-damage|p1a: Kartana|63/100 brn|[from] brn
|upkeep
|turn|32
|
|t:|1661379643
|move|p2a: Dragapult|Hex|p1a: Kartana
|-damage|p1a: Kartana|0 fnt
|faint|p1a: Kartana
|
|upkeep
|
|t:|1661379644
|switch|p1a: Rillaboom|Rillaboom, F|88/100
|-damage|p1a: Rillaboom|76/100|[from] Stealth Rock
|turn|33
|
|t:|1661379646
|move|p2a: Dragapult|Will-O-Wisp|p1a: Rillaboom
|-status|p1a: Rillaboom|brn
|move|p1a: Rillaboom|Swords Dance|p1a: Rillaboom
|-boost|p1a: Rillaboom|atk|2
|
|-heal|p1a: Rillaboom|82/100 brn|[from] Grassy Terrain
|-damage|p1a: Rillaboom|76/100 brn|[from] brn
|upkeep
|turn|34
|
|t:|1661379649
|move|p2a: Dragapult|Hex|p1a: Rillaboom
|-damage|p1a: Rillaboom|0 fnt
|faint|p1a: Rillaboom
|
|win|kinetic chain
|raw|LT94je Qrts's rating: 1844 &rarr; <strong>1818</strong><br />(-26 for losing)
|raw|kinetic chain's rating: 1735 &rarr; <strong>1761</strong><br />(+26 for winning)
|l|☆LT94je Qrts
|l|‽kinetic chain
