|raw|<div class="broadcast-blue"><strong>This battle is required to be public due to a player having a name starting with 'lt84jm'.</div>
|j|☆LT84JM cryinghard
|j|☆Bannedbyweek2
|t:|1627696108
|gametype|singles
|player|p1|LT84JM cryinghard|lass-gen4dp|2004
|player|p2|Bannedbyweek2|unknown|1855
|teamsize|p1|6
|teamsize|p2|6
|gen|8
|tier|[Gen 8] OU
|rated|
|rule|Sleep Clause Mod: Limit one foe put to sleep
|rule|Species Clause: Limit one of each Pokémon
|rule|OHKO Clause: OHKO moves are banned
|rule|Evasion Moves Clause: Evasion moves are banned
|rule|Endless Battle Clause: Forcing endless battles is banned
|rule|HP Percentage Mod: HP is shown in percentages
|rule|Dynamax Clause: You cannot dynamax
|clearpoke
|poke|p1|Landorus-Therian, M|
|poke|p1|Weavile, F|
|poke|p1|Tapu Lele|
|poke|p1|Magnezone|
|poke|p1|Urshifu-*, F|
|poke|p1|Kartana|
|poke|p2|Hippowdon, M|
|poke|p2|Corviknight, F|
|poke|p2|Toxapex, F|
|poke|p2|Tapu Lele|
|poke|p2|Tornadus-Therian, M|
|poke|p2|Blissey, F|
|teampreview
|inactive|Battle timer is ON: inactive players will automatically lose when time's up. (requested by LT84JM cryinghard)
|j| LT82ZW UnzipsC
|j| LT84JM T
|j| lt84jm Juan Cena
|j| black phoenix 1
|
|t:|1627696129
|start
|switch|p1a: strap up|Weavile, F|100/100
|switch|p2a: Tapu Lele|Tapu Lele|100/100
|-ability|p1a: strap up|Pressure
|-fieldstart|move: Psychic Terrain|[from] ability: Psychic Surge|[of] p2a: Tapu Lele
|turn|1
|
|t:|1627696137
|switch|p1a: funkin|Magnezone|100/100
|move|p2a: Tapu Lele|Moonblast|p1a: funkin
|-resisted|p1a: funkin
|-damage|p1a: funkin|45/100
|
|upkeep
|turn|2
|j| gomikyu
|
|t:|1627696146
|move|p2a: Tapu Lele|Moonblast|p1a: funkin
|-resisted|p1a: funkin
|-damage|p1a: funkin|0 fnt
|faint|p1a: funkin
|
|upkeep
|
|t:|1627696152
|switch|p1a: its friday baby|Kartana|100/100
|turn|3
|j| d18l
|j| dex18
|
|t:|1627696156
|switch|p2a: Toxapex|Toxapex, F|100/100
|move|p1a: its friday baby|Knock Off|p2a: Toxapex
|-damage|p2a: Toxapex|63/100
|-enditem|p2a: Toxapex|Shed Shell|[from] move: Knock Off|[of] p1a: its friday baby
|
|upkeep
|turn|4
|j| Limited_Toolkit
|j| best hoes best dro
|j| lamentaciones
|
|t:|1627696164
|switch|p1a: freezing|Landorus-Therian, M|100/100
|-ability|p1a: freezing|Intimidate|boost
|-unboost|p2a: Toxapex|atk|1
|move|p2a: Toxapex|Scald|p1a: freezing
|-supereffective|p1a: freezing
|-crit|p1a: freezing
|-damage|p1a: freezing|68/100
|-status|p1a: freezing|brn
|
|-heal|p1a: freezing|74/100 brn|[from] item: Leftovers
|-damage|p1a: freezing|68/100 brn|[from] brn
|upkeep
|turn|5
|
|t:|1627696170
|switch|p2a: Corviknight|Corviknight, F|100/100
|-ability|p2a: Corviknight|Pressure
|move|p1a: freezing|Earthquake|p2a: Corviknight
|-immune|p2a: Corviknight
|
|-heal|p1a: freezing|74/100 brn|[from] item: Leftovers
|-damage|p1a: freezing|68/100 brn|[from] brn
|-fieldend|move: Psychic Terrain
|upkeep
|turn|6
|l| best hoes best dro
|
|t:|1627696174
|move|p1a: freezing|U-turn|p2a: Corviknight
|-resisted|p2a: Corviknight
|-damage|p2a: Corviknight|99/100
|
|t:|1627696184
|switch|p1a: its friday baby|Kartana|100/100|[from]move: U-turn
|move|p2a: Corviknight|Body Press|p1a: its friday baby
|-supereffective|p1a: its friday baby
|-damage|p1a: its friday baby|43/100
|
|-heal|p2a: Corviknight|100/100|[from] item: Leftovers
|upkeep
|turn|7
|
|t:|1627696193
|switch|p2a: Toxapex|Toxapex, F|96/100
|move|p1a: its friday baby|Knock Off|p2a: Toxapex
|-damage|p2a: Toxapex|69/100
|
|upkeep
|turn|8
|
|t:|1627696200
|switch|p1a: freezing|Landorus-Therian, M|68/100 brn
|-ability|p1a: freezing|Intimidate|boost
|-unboost|p2a: Toxapex|atk|1
|move|p2a: Toxapex|Scald|p1a: freezing
|-supereffective|p1a: freezing
|-damage|p1a: freezing|46/100 brn
|
|-heal|p1a: freezing|52/100 brn|[from] item: Leftovers
|-damage|p1a: freezing|46/100 brn|[from] brn
|upkeep
|turn|9
|
|t:|1627696203
|switch|p2a: Corviknight|Corviknight, F|100/100
|-ability|p2a: Corviknight|Pressure
|move|p1a: freezing|U-turn|p2a: Corviknight
|-resisted|p2a: Corviknight
|-damage|p2a: Corviknight|99/100
|l| gomikyu
|
|t:|1627696209
|switch|p1a: snowmen|Tapu Lele|100/100|[from]move: U-turn
|-fieldstart|move: Psychic Terrain|[from] ability: Psychic Surge|[of] p1a: snowmen
|
|-heal|p2a: Corviknight|100/100|[from] item: Leftovers
|upkeep
|turn|10
|
|t:|1627696213
|switch|p2a: Hippowdon|Hippowdon, M|100/100
|-weather|Sandstorm|[from] ability: Sand Stream|[of] p2a: Hippowdon
|move|p1a: snowmen|Thunder|p2a: Hippowdon
|-immune|p2a: Hippowdon
|
|-weather|Sandstorm|[upkeep]
|-damage|p1a: snowmen|94/100|[from] Sandstorm
|upkeep
|turn|11
|j| xImRaptor
|
|t:|1627696216
|switch|p1a: strap up|Weavile, F|100/100
|-ability|p1a: strap up|Pressure
|move|p2a: Hippowdon|Stealth Rock|p1a: strap up
|-sidestart|p1: LT84JM cryinghard|move: Stealth Rock
|
|-weather|Sandstorm|[upkeep]
|-damage|p1a: strap up|94/100|[from] Sandstorm
|upkeep
|turn|12
|
|t:|1627696221
|switch|p2a: Toxapex|Toxapex, F|100/100
|move|p1a: strap up|Triple Axel|p2a: Toxapex
|-resisted|p2a: Toxapex
|-damage|p2a: Toxapex|96/100
|-resisted|p2a: Toxapex
|-damage|p2a: Toxapex|86/100
|-resisted|p2a: Toxapex
|-damage|p2a: Toxapex|74/100
|-hitcount|p2a: Toxapex|3
|
|-weather|Sandstorm|[upkeep]
|-damage|p1a: strap up|88/100|[from] Sandstorm
|-damage|p2a: Toxapex|68/100|[from] Sandstorm
|upkeep
|turn|13
|
|t:|1627696229
|move|p1a: strap up|Triple Axel|p2a: Toxapex
|-resisted|p2a: Toxapex
|-damage|p2a: Toxapex|63/100
|-resisted|p2a: Toxapex
|-damage|p2a: Toxapex|54/100
|-resisted|p2a: Toxapex
|-damage|p2a: Toxapex|40/100
|-hitcount|p2a: Toxapex|3
|move|p2a: Toxapex|Knock Off|p1a: strap up
|-resisted|p1a: strap up
|-damage|p1a: strap up|76/100
|-enditem|p1a: strap up|Choice Band|[from] move: Knock Off|[of] p2a: Toxapex
|
|-weather|Sandstorm|[upkeep]
|-damage|p1a: strap up|70/100|[from] Sandstorm
|-damage|p2a: Toxapex|34/100|[from] Sandstorm
|-fieldend|move: Psychic Terrain
|upkeep
|turn|14
|j| ibleachyourskin
|
|t:|1627696236
|switch|p1a: snowmen|Tapu Lele|94/100
|-damage|p1a: snowmen|82/100|[from] Stealth Rock
|-fieldstart|move: Psychic Terrain|[from] ability: Psychic Surge|[of] p1a: snowmen
|move|p2a: Toxapex|Recover|p2a: Toxapex
|-heal|p2a: Toxapex|84/100
|
|-weather|none
|upkeep
|turn|15
|
|t:|1627696242
|switch|p2a: Tornadus|Tornadus-Therian, M, shiny|100/100
|move|p1a: snowmen|Psyshock|p2a: Tornadus
|-damage|p2a: Tornadus|8/100
|
|upkeep
|turn|16
|
|t:|1627696249
|switch|p2a: Corviknight|Corviknight, F|100/100
|-ability|p2a: Corviknight|Pressure
|move|p1a: snowmen|Psyshock|p2a: Corviknight
|-resisted|p2a: Corviknight
|-damage|p2a: Corviknight|71/100
|
|-heal|p2a: Corviknight|78/100|[from] item: Leftovers
|upkeep
|turn|17
|
|t:|1627696254
|switch|p1a: strap up|Weavile, F|70/100
|-damage|p1a: strap up|45/100|[from] Stealth Rock
|-ability|p1a: strap up|Pressure
|move|p2a: Corviknight|Body Press|p1a: strap up
|-supereffective|p1a: strap up
|-damage|p1a: strap up|0 fnt
|faint|p1a: strap up
|
|-heal|p2a: Corviknight|84/100|[from] item: Leftovers
|upkeep
|
|t:|1627696255
|switch|p1a: snowmen|Tapu Lele|82/100
|-damage|p1a: snowmen|70/100|[from] Stealth Rock
|turn|18
|l| Limited_Toolkit
|
|t:|1627696260
|move|p1a: snowmen|Psyshock|p2a: Corviknight
|-resisted|p2a: Corviknight
|-damage|p2a: Corviknight|58/100
|move|p2a: Corviknight|Body Press|p1a: snowmen
|-resisted|p1a: snowmen
|-crit|p1a: snowmen
|-damage|p1a: snowmen|56/100
|
|-heal|p2a: Corviknight|64/100|[from] item: Leftovers
|-fieldend|move: Psychic Terrain
|upkeep
|turn|19
|
|t:|1627696267
|switch|p1a: freezing|Landorus-Therian, M|46/100 brn
|-damage|p1a: freezing|33/100 brn|[from] Stealth Rock
|-ability|p1a: freezing|Intimidate|boost
|-unboost|p2a: Corviknight|atk|1
|move|p2a: Corviknight|Roost|p2a: Corviknight
|-heal|p2a: Corviknight|100/100
|-singleturn|p2a: Corviknight|move: Roost
|
|-heal|p1a: freezing|39/100 brn|[from] item: Leftovers
|-damage|p1a: freezing|33/100 brn|[from] brn
|upkeep
|turn|20
|
|t:|1627696270
|move|p1a: freezing|Defog|p2a: Corviknight
|-unboost|p2a: Corviknight|evasion|1
|-sideend|p1: LT84JM cryinghard|Stealth Rock|[from] move: Defog|[of] p1a: freezing
|move|p2a: Corviknight|Body Press|p1a: freezing
|-resisted|p1a: freezing
|-damage|p1a: freezing|21/100 brn
|
|-heal|p1a: freezing|27/100 brn|[from] item: Leftovers
|-damage|p1a: freezing|21/100 brn|[from] brn
|upkeep
|turn|21
|
|t:|1627696273
|move|p1a: freezing|U-turn|p2a: Corviknight
|-resisted|p2a: Corviknight
|-damage|p2a: Corviknight|99/100
|
|t:|1627696275
|switch|p1a: snowmen|Tapu Lele|56/100|[from]move: U-turn
|-fieldstart|move: Psychic Terrain|[from] ability: Psychic Surge|[of] p1a: snowmen
|move|p2a: Corviknight|Body Press|p1a: snowmen
|-resisted|p1a: snowmen
|-damage|p1a: snowmen|46/100
|
|-heal|p2a: Corviknight|100/100|[from] item: Leftovers
|upkeep
|turn|22
|
|t:|1627696279
|move|p1a: snowmen|Psyshock|p2a: Corviknight
|-resisted|p2a: Corviknight
|-damage|p2a: Corviknight|71/100
|move|p2a: Corviknight|Body Press|p1a: snowmen
|-resisted|p1a: snowmen
|-damage|p1a: snowmen|37/100
|
|-heal|p2a: Corviknight|77/100|[from] item: Leftovers
|upkeep
|turn|23
|j| lt84jm cuzzie
|
|t:|1627696285
|switch|p1a: its friday baby|Kartana|43/100
|move|p2a: Corviknight|Body Press|p1a: its friday baby
|-supereffective|p1a: its friday baby
|-damage|p1a: its friday baby|0 fnt
|faint|p1a: its friday baby
|
|-heal|p2a: Corviknight|84/100|[from] item: Leftovers
|upkeep
|
|t:|1627696286
|switch|p1a: snowmen|Tapu Lele|37/100
|turn|24
|
|t:|1627696290
|move|p1a: snowmen|Psyshock|p2a: Corviknight
|-resisted|p2a: Corviknight
|-damage|p2a: Corviknight|57/100
|move|p2a: Corviknight|Body Press|p1a: snowmen
|-resisted|p1a: snowmen
|-damage|p1a: snowmen|28/100
|
|-heal|p2a: Corviknight|63/100|[from] item: Leftovers
|upkeep
|turn|25
|j| LT84JM Manolo
|-message|LT84JM cryinghard forfeited.
|
|win|Bannedbyweek2
|raw|LT84JM cryinghard's rating: 2004 &rarr; <strong>1976</strong><br />(-28 for losing)
|raw|Bannedbyweek2's rating: 1855 &rarr; <strong>1883</strong><br />(+28 for winning)
|j| RipReckful
|l|☆LT84JM cryinghard
|l| LT84JM Manolo
|l| LT84JM T
|j| LT84JM Manolo
|l| xImRaptor
