|j|☆Run For Me Plz
|j|☆Elmerulia
|t:|1645035362
|gametype|singles
|player|p1|Run For Me Plz|grimsley-gen7|1688
|player|p2|Elmerulia|102|1641
|teamsize|p1|6
|teamsize|p2|6
|gen|8
|tier|[Gen 8] OU
|rated|
|rule|Sleep Clause Mod: Limit one foe put to sleep
|rule|Species Clause: Limit one of each Pokémon
|rule|OHKO Clause: OHKO moves are banned
|rule|Evasion Moves Clause: Evasion moves are banned
|rule|Endless Battle Clause: Forcing endless battles is banned
|rule|HP Percentage Mod: HP is shown in percentages
|rule|Dynamax Clause: You cannot dynamax
|clearpoke
|poke|p1|Clefable, F|
|poke|p1|Corviknight, M|
|poke|p1|Garchomp, F|
|poke|p1|Toxapex, M|
|poke|p1|Slowking, M|
|poke|p1|Buzzwole|
|poke|p2|Ferrothorn, M|
|poke|p2|Clefable, F|
|poke|p2|Corviknight, F|
|poke|p2|Garchomp, F|
|poke|p2|Nihilego|
|poke|p2|Rotom-Wash|
|teampreview
|inactive|Battle timer is ON: inactive players will automatically lose when time's up. (requested by Run For Me Plz)
|
|t:|1645035381
|start
|switch|p1a: Lucky One|Garchomp, F, shiny|100/100
|switch|p2a: Clefable|Clefable, F|100/100
|turn|1
|
|t:|1645035385
|move|p1a: Lucky One|Stealth Rock|p2a: Clefable
|-sidestart|p2: Elmerulia|move: Stealth Rock
|move|p2a: Clefable|Knock Off|p1a: Lucky One
|-damage|p1a: Lucky One|89/100
|-activate|p1a: Lucky One|ability: Rough Skin
|-enditem|p1a: Lucky One|Leftovers|[from] move: Knock Off|[of] p2a: Clefable
|
|upkeep
|turn|2
|j| 0SiegeWarfare
|
|t:|1645035396
|switch|p1a: 22|Toxapex, M, shiny|100/100
|move|p2a: Clefable|Stealth Rock|p1a: 22
|-sidestart|p1: Run For Me Plz|move: Stealth Rock
|
|upkeep
|turn|3
|
|t:|1645035401
|switch|p2a: Ferrothorn|Ferrothorn, M|100/100
|-damage|p2a: Ferrothorn|94/100|[from] Stealth Rock
|move|p1a: 22|Scald|p2a: Ferrothorn
|-resisted|p2a: Ferrothorn
|-damage|p2a: Ferrothorn|88/100
|
|-heal|p2a: Ferrothorn|94/100|[from] item: Leftovers
|upkeep
|turn|4
|
|t:|1645035405
|move|p1a: 22|Scald|p2a: Ferrothorn
|-resisted|p2a: Ferrothorn
|-damage|p2a: Ferrothorn|88/100
|-status|p2a: Ferrothorn|brn
|move|p2a: Ferrothorn|Spikes|p1a: 22
|-sidestart|p1: Run For Me Plz|Spikes
|
|-heal|p2a: Ferrothorn|94/100 brn|[from] item: Leftovers
|-damage|p2a: Ferrothorn|88/100 brn|[from] brn
|upkeep
|turn|5
|
|t:|1645035407
|move|p1a: 22|Knock Off|p2a: Ferrothorn
|-damage|p2a: Ferrothorn|79/100 brn
|-damage|p1a: 22|88/100|[from] ability: Iron Barbs|[of] p2a: Ferrothorn
|-enditem|p2a: Ferrothorn|Leftovers|[from] move: Knock Off|[of] p1a: 22
|move|p2a: Ferrothorn|Spikes|p1a: 22
|-sidestart|p1: Run For Me Plz|Spikes
|
|-damage|p2a: Ferrothorn|73/100 brn|[from] brn
|upkeep
|turn|6
|
|t:|1645035409
|switch|p1a: All to Well|Corviknight, M, shiny|100/100
|-damage|p1a: All to Well|88/100|[from] Stealth Rock
|-ability|p1a: All to Well|Pressure
|move|p2a: Ferrothorn|Leech Seed|p1a: All to Well
|-start|p1a: All to Well|move: Leech Seed
|
|-heal|p1a: All to Well|94/100|[from] item: Leftovers
|-damage|p1a: All to Well|82/100|[from] Leech Seed|[of] p2a: Ferrothorn
|-heal|p2a: Ferrothorn|87/100 brn|[silent]
|-damage|p2a: Ferrothorn|81/100 brn|[from] brn
|upkeep
|turn|7
|
|t:|1645035412
|move|p1a: All to Well|Defog|p2a: Ferrothorn
|-unboost|p2a: Ferrothorn|evasion|1
|-sideend|p2: Elmerulia|Stealth Rock|[from] move: Defog|[of] p1a: All to Well
|-sideend|p1: Run For Me Plz|Spikes|[from] move: Defog|[of] p1a: All to Well
|-sideend|p1: Run For Me Plz|Stealth Rock|[from] move: Defog|[of] p1a: All to Well
|move|p2a: Ferrothorn|Spikes|p1a: All to Well
|-sidestart|p1: Run For Me Plz|Spikes
|
|-heal|p1a: All to Well|88/100|[from] item: Leftovers
|-damage|p1a: All to Well|75/100|[from] Leech Seed|[of] p2a: Ferrothorn
|-heal|p2a: Ferrothorn|95/100 brn|[silent]
|-damage|p2a: Ferrothorn|89/100 brn|[from] brn
|upkeep
|turn|8
|
|t:|1645035414
|switch|p1a: 22|Toxapex, M, shiny|100/100
|-damage|p1a: 22|88/100|[from] Spikes
|move|p2a: Ferrothorn|Spikes|p1a: 22
|-sidestart|p1: Run For Me Plz|Spikes
|
|-damage|p2a: Ferrothorn|83/100 brn|[from] brn
|upkeep
|turn|9
|
|t:|1645035417
|switch|p2a: Clefable|Clefable, F|100/100
|move|p1a: 22|Scald|p2a: Clefable
|-damage|p2a: Clefable|87/100
|
|-heal|p2a: Clefable|93/100|[from] item: Leftovers
|upkeep
|turn|10
|
|t:|1645035420
|move|p2a: Clefable|Stealth Rock|p1a: 22
|-sidestart|p1: Run For Me Plz|move: Stealth Rock
|move|p1a: 22|Knock Off|p2a: Clefable
|-resisted|p2a: Clefable
|-damage|p2a: Clefable|86/100
|-enditem|p2a: Clefable|Leftovers|[from] move: Knock Off|[of] p1a: 22
|
|upkeep
|turn|11
|
|t:|1645035425
|switch|p2a: Rotom|Rotom-Wash|100/100
|move|p1a: 22|Knock Off|p2a: Rotom
|-damage|p2a: Rotom|84/100
|-enditem|p2a: Rotom|Leftovers|[from] move: Knock Off|[of] p1a: 22
|
|upkeep
|turn|12
|
|t:|1645035432
|move|p2a: Rotom|Volt Switch|p1a: 22
|-supereffective|p1a: 22
|-crit|p1a: 22
|-damage|p1a: 22|41/100
|
|t:|1645035436
|switch|p2a: Garchomp|Garchomp, F|100/100|[from]move: Volt Switch
|move|p1a: 22|Recover|p1a: 22
|-heal|p1a: 22|91/100
|
|upkeep
|turn|13
|
|t:|1645035441
|switch|p2a: Rotom|Rotom-Wash|84/100
|move|p1a: 22|Scald|p2a: Rotom
|-resisted|p2a: Rotom
|-damage|p2a: Rotom|78/100
|-status|p2a: Rotom|brn
|
|-damage|p2a: Rotom|72/100 brn|[from] brn
|upkeep
|turn|14
|
|t:|1645035447
|move|p2a: Rotom|Volt Switch|p1a: 22
|-supereffective|p1a: 22
|-damage|p1a: 22|61/100
|
|t:|1645035453
|switch|p2a: Garchomp|Garchomp, F|100/100|[from]move: Volt Switch
|move|p1a: 22|Recover|p1a: 22
|-heal|p1a: 22|100/100
|
|upkeep
|turn|15
|
|t:|1645035457
|switch|p1a: Red|Buzzwole|100/100
|move|p2a: Garchomp|Earthquake|p1a: Red
|-resisted|p1a: Red
|-damage|p1a: Red|88/100
|
|upkeep
|turn|16
|
|t:|1645035463
|switch|p2a: Clefable|Clefable, F|86/100
|switch|p1a: All to Well|Corviknight, M, shiny|75/100
|-damage|p1a: All to Well|63/100|[from] Stealth Rock
|-ability|p1a: All to Well|Pressure
|
|-heal|p1a: All to Well|69/100|[from] item: Leftovers
|upkeep
|turn|17
|
|t:|1645035469
|move|p1a: All to Well|Defog|p2a: Clefable
|-unboost|p2a: Clefable|evasion|1
|-sideend|p1: Run For Me Plz|Spikes|[from] move: Defog|[of] p1a: All to Well
|-sideend|p1: Run For Me Plz|Stealth Rock|[from] move: Defog|[of] p1a: All to Well
|move|p2a: Clefable|Knock Off|p1a: All to Well
|-damage|p1a: All to Well|57/100
|-enditem|p1a: All to Well|Leftovers|[from] move: Knock Off|[of] p2a: Clefable
|
|upkeep
|turn|18
|
|t:|1645035473
|move|p1a: All to Well|Roost|p1a: All to Well
|-heal|p1a: All to Well|100/100
|-singleturn|p1a: All to Well|move: Roost
|move|p2a: Clefable|Stealth Rock|p1a: All to Well
|-sidestart|p1: Run For Me Plz|move: Stealth Rock
|
|upkeep
|turn|19
|
|t:|1645035478
|switch|p2a: Ferrothorn|Ferrothorn, M|83/100 brn
|move|p1a: All to Well|Defog|p2a: Ferrothorn
|-unboost|p2a: Ferrothorn|evasion|1
|-sideend|p1: Run For Me Plz|Stealth Rock|[from] move: Defog|[of] p1a: All to Well
|
|-damage|p2a: Ferrothorn|77/100 brn|[from] brn
|upkeep
|turn|20
|
|t:|1645035481
|switch|p1a: Pamplemousse|Slowking, M, shiny|100/100
|move|p2a: Ferrothorn|Leech Seed|p1a: Pamplemousse
|-start|p1a: Pamplemousse|move: Leech Seed
|
|-damage|p1a: Pamplemousse|88/100|[from] Leech Seed|[of] p2a: Ferrothorn
|-heal|p2a: Ferrothorn|91/100 brn|[silent]
|-damage|p2a: Ferrothorn|84/100 brn|[from] brn
|upkeep
|turn|21
|
|t:|1645035485
|move|p1a: Pamplemousse|Flamethrower|p2a: Ferrothorn
|-supereffective|p2a: Ferrothorn
|-damage|p2a: Ferrothorn|15/100 brn
|move|p2a: Ferrothorn|Knock Off|p1a: Pamplemousse
|-supereffective|p1a: Pamplemousse
|-damage|p1a: Pamplemousse|68/100
|-enditem|p1a: Pamplemousse|Assault Vest|[from] move: Knock Off|[of] p2a: Ferrothorn
|
|-damage|p1a: Pamplemousse|55/100|[from] Leech Seed|[of] p2a: Ferrothorn
|-heal|p2a: Ferrothorn|29/100 brn|[silent]
|-damage|p2a: Ferrothorn|23/100 brn|[from] brn
|upkeep
|turn|22
|
|t:|1645035491
|switch|p1a: All to Well|Corviknight, M, shiny|100/100
|-ability|p1a: All to Well|Pressure
|move|p2a: Ferrothorn|Spikes|p1a: All to Well
|-sidestart|p1: Run For Me Plz|Spikes
|
|-damage|p2a: Ferrothorn|16/100 brn|[from] brn
|upkeep
|turn|23
|
|t:|1645035494
|move|p1a: All to Well|Brave Bird|p2a: Ferrothorn
|-damage|p2a: Ferrothorn|0 fnt
|-damage|p1a: All to Well|88/100|[from] ability: Iron Barbs|[of] p2a: Ferrothorn
|faint|p2a: Ferrothorn
|-damage|p1a: All to Well|83/100|[from] Recoil
|
|upkeep
|
|t:|1645035497
|switch|p2a: Rotom|Rotom-Wash|72/100 brn
|turn|24
|
|t:|1645035503
|move|p2a: Rotom|Hydro Pump|p1a: All to Well
|-damage|p1a: All to Well|55/100
|move|p1a: All to Well|Roost|p1a: All to Well
|-heal|p1a: All to Well|100/100
|-singleturn|p1a: All to Well|move: Roost
|
|-damage|p2a: Rotom|65/100 brn|[from] brn
|upkeep
|turn|25
|
|t:|1645035507
|move|p2a: Rotom|Volt Switch|p1a: All to Well
|-supereffective|p1a: All to Well
|-damage|p1a: All to Well|66/100
|
|t:|1645035510
|switch|p2a: Nihilego|Nihilego|100/100|[from]move: Volt Switch
|move|p1a: All to Well|Defog|p2a: Nihilego
|-unboost|p2a: Nihilego|evasion|1
|-sideend|p1: Run For Me Plz|Spikes|[from] move: Defog|[of] p1a: All to Well
|
|upkeep
|turn|26
|
|t:|1645035514
|switch|p1a: Lucky One|Garchomp, F, shiny|89/100
|move|p2a: Nihilego|Meteor Beam||[still]
|-prepare|p2a: Nihilego|Meteor Beam
|-boost|p2a: Nihilego|spa|1
|-enditem|p2a: Nihilego|Power Herb
|-anim|p2a: Nihilego|Meteor Beam|p1a: Lucky One
|-resisted|p1a: Lucky One
|-damage|p1a: Lucky One|62/100
|
|upkeep
|turn|27
|-message|Elmerulia forfeited.
|
|win|Run For Me Plz
|raw|Run For Me Plz's rating: 1688 &rarr; <strong>1705</strong><br />(+17 for winning)
|raw|Elmerulia's rating: 1641 &rarr; <strong>1624</strong><br />(-17 for losing)
|l|☆Elmerulia
|l|☆Run For Me Plz
||Ladder isn't responding, score probably updated but might not have (Request timeout).
