|j|☆BugCatcherWeevil
|j|☆Stads
|t:|1654115054
|gametype|singles
|player|p1|BugCatcherWeevil|265|1780
|player|p2|Stads|265|1818
|teamsize|p1|6
|teamsize|p2|6
|gen|8
|tier|[Gen 8] OU
|rated|
|rule|Sleep Clause Mod: Limit one foe put to sleep
|rule|Species Clause: Limit one of each Pokémon
|rule|OHKO Clause: OHKO moves are banned
|rule|Evasion Moves Clause: Evasion moves are banned
|rule|Endless Battle Clause: Forcing endless battles is banned
|rule|HP Percentage Mod: HP is shown in percentages
|rule|Dynamax Clause: You cannot dynamax
|clearpoke
|poke|p1|Arctozolt|
|poke|p1|Tornadus-Therian, M|
|poke|p1|Heatran, F|
|poke|p1|Landorus-Therian, M|
|poke|p1|Hatterene, F|
|poke|p1|Vanilluxe, M|
|poke|p2|Tornadus-Therian, M|
|poke|p2|Corviknight, F|
|poke|p2|Kartana|
|poke|p2|Toxapex, M|
|poke|p2|Hippowdon, M|
|poke|p2|Heatran, M|
|teampreview
|inactive|Battle timer is ON: inactive players will automatically lose when time's up. (requested by Stads)
|j| LT_Alt1
|
|t:|1654115078
|start
|switch|p1a: Heatran|Heatran, F|100/100
|switch|p2a: Heatran|Heatran, M|100/100
|turn|1
|
|t:|1654115081
|switch|p2a: Tornadus|Tornadus-Therian, M|100/100
|switch|p1a: Tornadus|Tornadus-Therian, M|100/100
|
|upkeep
|turn|2
|
|t:|1654115083
|switch|p2a: Toxapex|Toxapex, M|100/100
|switch|p1a: Heatran|Heatran, F|100/100
|
|upkeep
|turn|3
|
|t:|1654115086
|move|p1a: Heatran|Stealth Rock|p2a: Toxapex
|-sidestart|p2: Stads|move: Stealth Rock
|move|p2a: Toxapex|Knock Off|p1a: Heatran
|-damage|p1a: Heatran|91/100
|-status|p2a: Toxapex|brn|[from] ability: Flame Body|[of] p1a: Heatran
|-enditem|p1a: Heatran|Leftovers|[from] move: Knock Off|[of] p2a: Toxapex
|
|-damage|p2a: Toxapex|94/100 brn|[from] brn
|upkeep
|turn|4
|j| ShadeWaker
|
|t:|1654115111
|move|p1a: Heatran|Lava Plume|p2a: Toxapex
|-resisted|p2a: Toxapex
|-damage|p2a: Toxapex|80/100 brn
|move|p2a: Toxapex|Scald|p1a: Heatran
|-supereffective|p1a: Heatran
|-damage|p1a: Heatran|69/100
|
|-damage|p2a: Toxapex|74/100 brn|[from] brn
|upkeep
|turn|5
|
|t:|1654115122
|move|p1a: Heatran|Protect|p1a: Heatran
|-singleturn|p1a: Heatran|Protect
|move|p2a: Toxapex|Recover|p2a: Toxapex
|-heal|p2a: Toxapex|100/100 brn
|
|-damage|p2a: Toxapex|94/100 brn|[from] brn
|upkeep
|turn|6
|
|t:|1654115130
|switch|p1a: Vanilluxe|Vanilluxe, M|100/100
|-weather|Hail|[from] ability: Snow Warning|[of] p1a: Vanilluxe
|move|p2a: Toxapex|Scald|p1a: Vanilluxe
|-crit|p1a: Vanilluxe
|-damage|p1a: Vanilluxe|68/100
|
|-weather|Hail|[upkeep]
|-damage|p2a: Toxapex|88/100 brn|[from] Hail
|-damage|p2a: Toxapex|82/100 brn|[from] brn
|upkeep
|turn|7
|
|t:|1654115135
|switch|p1a: Landorus|Landorus-Therian, M|100/100
|-ability|p1a: Landorus|Intimidate|boost
|-unboost|p2a: Toxapex|atk|1
|switch|p2a: Heatran|Heatran, M|100/100
|-damage|p2a: Heatran|88/100|[from] Stealth Rock
|
|-weather|Hail|[upkeep]
|-damage|p1a: Landorus|94/100|[from] Hail
|-damage|p2a: Heatran|82/100|[from] Hail
|-heal|p1a: Landorus|100/100|[from] item: Leftovers
|-heal|p2a: Heatran|88/100|[from] item: Leftovers
|upkeep
|turn|8
|
|t:|1654115139
|switch|p2a: Corviknight|Corviknight, F|100/100
|-damage|p2a: Corviknight|88/100|[from] Stealth Rock
|-ability|p2a: Corviknight|Pressure
|move|p1a: Landorus|U-turn|p2a: Corviknight
|-resisted|p2a: Corviknight
|-damage|p2a: Corviknight|84/100
|
|t:|1654115149
|switch|p1a: Arctozolt|Arctozolt|100/100|[from]move: U-turn
|
|-weather|Hail|[upkeep]
|-damage|p2a: Corviknight|78/100|[from] Hail
|-heal|p2a: Corviknight|84/100|[from] item: Leftovers
|upkeep
|turn|9
|
|t:|1654115153
|move|p1a: Arctozolt|Bolt Beak|p2a: Corviknight
|-supereffective|p2a: Corviknight
|-damage|p2a: Corviknight|0 fnt
|faint|p2a: Corviknight
|
|-weather|Hail|[upkeep]
|upkeep
|
|t:|1654115155
|switch|p2a: Hippowdon|Hippowdon, M|100/100
|-damage|p2a: Hippowdon|94/100|[from] Stealth Rock
|-weather|Sandstorm|[from] ability: Sand Stream|[of] p2a: Hippowdon
|turn|10
|
|t:|1654115164
|switch|p1a: Hatterene|Hatterene, F|100/100
|move|p2a: Hippowdon|Stealth Rock|p1a: Hatterene
|move|p1a: Hatterene|Stealth Rock||[from]ability: Magic Bounce|[still]
|-fail|p1a: Hatterene
|
|-weather|Sandstorm|[upkeep]
|-damage|p1a: Hatterene|95/100|[from] Sandstorm
|-heal|p2a: Hippowdon|100/100|[from] item: Leftovers
|-heal|p1a: Hatterene|100/100|[from] item: Leftovers
|upkeep
|turn|11
|j| BinleyUltraChippy
|
|t:|1654115168
|switch|p2a: Heatran|Heatran, M|88/100
|-damage|p2a: Heatran|76/100|[from] Stealth Rock
|move|p1a: Hatterene|Future Sight|p2a: Heatran
|-start|p1a: Hatterene|move: Future Sight
|
|-weather|Sandstorm|[upkeep]
|-damage|p1a: Hatterene|95/100|[from] Sandstorm
|-heal|p2a: Heatran|82/100|[from] item: Leftovers
|-heal|p1a: Hatterene|100/100|[from] item: Leftovers
|upkeep
|turn|12
|j| ayayaplop
|
|t:|1654115172
|switch|p1a: Tornadus|Tornadus-Therian, M|100/100
|move|p2a: Heatran|Magma Storm|p1a: Tornadus
|-damage|p1a: Tornadus|69/100
|-activate|p1a: Tornadus|move: Magma Storm|[of] p2a: Heatran
|
|-weather|Sandstorm|[upkeep]
|-damage|p1a: Tornadus|63/100|[from] Sandstorm
|-heal|p2a: Heatran|88/100|[from] item: Leftovers
|-damage|p1a: Tornadus|51/100|[from] move: Magma Storm|[partiallytrapped]
|upkeep
|turn|13
|
|t:|1654115179
|move|p2a: Heatran|Protect|p2a: Heatran
|-singleturn|p2a: Heatran|Protect
|move|p1a: Tornadus|U-turn|p2a: Heatran
|-activate|p2a: Heatran|move: Protect
|
|-weather|Sandstorm|[upkeep]
|-damage|p1a: Tornadus|45/100|[from] Sandstorm
|-end|p2a: Heatran|move: Future Sight
|-resisted|p2a: Heatran
|-damage|p2a: Heatran|71/100
|-heal|p2a: Heatran|77/100|[from] item: Leftovers
|-damage|p1a: Tornadus|32/100|[from] move: Magma Storm|[partiallytrapped]
|upkeep
|turn|14
|
|t:|1654115181
|move|p1a: Tornadus|U-turn|p2a: Heatran
|-resisted|p2a: Heatran
|-damage|p2a: Heatran|75/100
|
|t:|1654115184
|switch|p1a: Landorus|Landorus-Therian, M|100/100|[from]move: U-turn
|-ability|p1a: Landorus|Intimidate|boost
|-unboost|p2a: Heatran|atk|1
|move|p2a: Heatran|Magma Storm|p1a: Landorus
|-damage|p1a: Landorus|70/100
|-activate|p1a: Landorus|move: Magma Storm|[of] p2a: Heatran
|
|-weather|none
|-heal|p1a: Landorus|76/100|[from] item: Leftovers
|-heal|p2a: Heatran|81/100|[from] item: Leftovers
|-damage|p1a: Landorus|64/100|[from] move: Magma Storm|[partiallytrapped]
|upkeep
|turn|15
|
|t:|1654115192
|move|p2a: Heatran|Protect|p2a: Heatran
|-singleturn|p2a: Heatran|Protect
|move|p1a: Landorus|Earthquake|p2a: Heatran
|-activate|p2a: Heatran|move: Protect
|
|-heal|p1a: Landorus|70/100|[from] item: Leftovers
|-heal|p2a: Heatran|87/100|[from] item: Leftovers
|-damage|p1a: Landorus|58/100|[from] move: Magma Storm|[partiallytrapped]
|upkeep
|turn|16
|
|t:|1654115194
|switch|p2a: Tornadus|Tornadus-Therian, M|100/100
|-damage|p2a: Tornadus|76/100|[from] Stealth Rock
|move|p1a: Landorus|U-turn|p2a: Tornadus
|-resisted|p2a: Tornadus
|-damage|p2a: Tornadus|60/100
|j| looolloool
|
|t:|1654115209
|switch|p1a: Vanilluxe|Vanilluxe, M|68/100|[from]move: U-turn
|-weather|Hail|[from] ability: Snow Warning|[of] p1a: Vanilluxe
|
|-weather|Hail|[upkeep]
|-damage|p2a: Tornadus|54/100|[from] Hail
|upkeep
|turn|17
|j| Potential player
|
|t:|1654115223
|move|p2a: Tornadus|Heat Wave|p1a: Vanilluxe
|-supereffective|p1a: Vanilluxe
|-damage|p1a: Vanilluxe|3/100
|move|p1a: Vanilluxe|Blizzard|p2a: Tornadus
|-supereffective|p2a: Tornadus
|-damage|p2a: Tornadus|0 fnt
|faint|p2a: Tornadus
|
|-weather|Hail|[upkeep]
|upkeep
|
|t:|1654115228
|switch|p2a: Hippowdon|Hippowdon, M|100/100
|-damage|p2a: Hippowdon|94/100|[from] Stealth Rock
|-weather|Sandstorm|[from] ability: Sand Stream|[of] p2a: Hippowdon
|turn|18
|l| looolloool
|
|t:|1654115236
|switch|p1a: Landorus|Landorus-Therian, M|58/100
|-ability|p1a: Landorus|Intimidate|boost
|-unboost|p2a: Hippowdon|atk|1
|switch|p2a: Toxapex|Toxapex, M|100/100 brn
|-damage|p2a: Toxapex|88/100 brn|[from] Stealth Rock
|
|-weather|Sandstorm|[upkeep]
|-damage|p2a: Toxapex|82/100 brn|[from] Sandstorm
|-heal|p1a: Landorus|64/100|[from] item: Leftovers
|-damage|p2a: Toxapex|75/100 brn|[from] brn
|upkeep
|turn|19
|
|t:|1654115243
|move|p1a: Landorus|Earthquake|p2a: Toxapex
|-supereffective|p2a: Toxapex
|-damage|p2a: Toxapex|16/100 brn
|move|p2a: Toxapex|Scald|p1a: Landorus
|-supereffective|p1a: Landorus
|-damage|p1a: Landorus|38/100
|
|-weather|Sandstorm|[upkeep]
|-damage|p2a: Toxapex|9/100 brn|[from] Sandstorm
|-heal|p1a: Landorus|44/100|[from] item: Leftovers
|-damage|p2a: Toxapex|3/100 brn|[from] brn
|upkeep
|turn|20
|-message|Stads forfeited.
|
|win|BugCatcherWeevil
|raw|BugCatcherWeevil's rating: 1780 &rarr; <strong>1802</strong><br />(+22 for winning)
|raw|Stads's rating: 1818 &rarr; <strong>1796</strong><br />(-22 for losing)
|l|☆Stads
|l| ayayaplop
|l| Potential player
|l| ShadeWaker
||Ladder isn't responding, score probably updated but might not have (Request timeout).
|l|☆BugCatcherWeevil
