|j|☆wftsgdgxys
|j|☆Ivyon
|t:|1642161941
|gametype|singles
|player|p1|wftsgdgxys|waitress|1450
|player|p2|Ivyon|blue|1374
|teamsize|p1|6
|teamsize|p2|6
|gen|8
|tier|[Gen 8] OU
|rated|
|rule|Sleep Clause Mod: Limit one foe put to sleep
|rule|Species Clause: Limit one of each Pokémon
|rule|OHKO Clause: OHKO moves are banned
|rule|Evasion Moves Clause: Evasion moves are banned
|rule|Endless Battle Clause: Forcing endless battles is banned
|rule|HP Percentage Mod: HP is shown in percentages
|rule|Dynamax Clause: You cannot dynamax
|clearpoke
|poke|p1|Ninetales-Alola, F|
|poke|p1|Arctozolt|
|poke|p1|Zeraora|
|poke|p1|Garchomp, M|
|poke|p1|Melmetal|
|poke|p1|Moltres-Galar|
|poke|p2|Meowstic, M|
|poke|p2|Dragonite, M|
|poke|p2|Blaziken, M|
|poke|p2|Cloyster, M|
|poke|p2|Regieleki|
|poke|p2|Slowbro, M|
|teampreview
|l|☆Ivyon
|player|p2|
|inactive|Battle timer is ON: inactive players will automatically lose when time's up. (requested by wftsgdgxys)
|j|☆Ivyon
|inactive|Ivyon reconnected and has 150 seconds left.
|player|p2|Ivyon|blue
|
|t:|1642162018
|start
|switch|p1a: Garchomp|Garchomp, M, shiny|100/100
|switch|p2a: Blaziken|Blaziken, M, shiny|100/100
|turn|1
|
|t:|1642162026
|move|p2a: Blaziken|Swords Dance|p2a: Blaziken
|-boost|p2a: Blaziken|atk|2
|move|p1a: Garchomp|Stealth Rock|p2a: Blaziken
|-sidestart|p2: Ivyon|move: Stealth Rock
|
|-ability|p2a: Blaziken|Speed Boost|boost
|-boost|p2a: Blaziken|spe|1
|upkeep
|turn|2
|
|t:|1642162033
|move|p2a: Blaziken|Close Combat|p1a: Garchomp
|-damage|p1a: Garchomp|0 fnt
|-unboost|p2a: Blaziken|def|1
|-unboost|p2a: Blaziken|spd|1
|-damage|p2a: Blaziken|88/100|[from] ability: Rough Skin|[of] p1a: Garchomp
|faint|p1a: Garchomp
|
|-ability|p2a: Blaziken|Speed Boost|boost
|-boost|p2a: Blaziken|spe|1
|upkeep
|
|t:|1642162047
|switch|p1a: Ninetales|Ninetales-Alola, F, shiny|100/100
|-weather|Hail|[from] ability: Snow Warning|[of] p1a: Ninetales
|turn|3
|
|t:|1642162056
|move|p2a: Blaziken|Blaze Kick|p1a: Ninetales
|-supereffective|p1a: Ninetales
|-damage|p1a: Ninetales|0 fnt
|faint|p1a: Ninetales
|
|-weather|Hail|[upkeep]
|-damage|p2a: Blaziken|82/100|[from] Hail
|-ability|p2a: Blaziken|Speed Boost|boost
|-boost|p2a: Blaziken|spe|1
|upkeep
|
|t:|1642162070
|switch|p1a: Arctozolt|Arctozolt, shiny|100/100
|turn|4
|
|t:|1642162075
|move|p2a: Blaziken|Close Combat|p1a: Arctozolt
|-supereffective|p1a: Arctozolt
|-damage|p1a: Arctozolt|0 fnt
|-unboost|p2a: Blaziken|def|1
|-unboost|p2a: Blaziken|spd|1
|faint|p1a: Arctozolt
|
|-weather|Hail|[upkeep]
|-damage|p2a: Blaziken|76/100|[from] Hail
|-ability|p2a: Blaziken|Speed Boost|boost
|-boost|p2a: Blaziken|spe|1
|upkeep
|
|t:|1642162076
|switch|p1a: Moltres|Moltres-Galar|100/100
|turn|5
|
|t:|1642162086
|move|p2a: Blaziken|Close Combat|p1a: Moltres
|-damage|p1a: Moltres|0 fnt
|-unboost|p2a: Blaziken|def|1
|-unboost|p2a: Blaziken|spd|1
|faint|p1a: Moltres
|
|-weather|Hail|[upkeep]
|-damage|p2a: Blaziken|70/100|[from] Hail
|-ability|p2a: Blaziken|Speed Boost|boost
|-boost|p2a: Blaziken|spe|1
|upkeep
|-message|wftsgdgxys forfeited.
|
|win|Ivyon
|raw|wftsgdgxys's rating: 1450 &rarr; <strong>1426</strong><br />(-24 for losing)
|raw|Ivyon's rating: 1374 &rarr; <strong>1398</strong><br />(+24 for winning)
|l|☆wftsgdgxys
