|j|☆playeraccount
|j|☆titi430
|t:|1663917044
|gametype|singles
|player|p1|playeraccount|266|1468
|player|p2|titi430|170|1510
|teamsize|p1|6
|teamsize|p2|6
|gen|8
|tier|[Gen 8] OU
|rated|
|rule|Sleep Clause Mod: Limit one foe put to sleep
|rule|Species Clause: Limit one of each Pokémon
|rule|OHKO Clause: OHKO moves are banned
|rule|Evasion Items Clause: Evasion items are banned
|rule|Evasion Moves Clause: Evasion moves are banned
|rule|Endless Battle Clause: Forcing endless battles is banned
|rule|HP Percentage Mod: HP is shown in percentages
|rule|Dynamax Clause: You cannot dynamax
|clearpoke
|poke|p1|Nidoqueen, F|
|poke|p1|Slowbro, M|
|poke|p1|Porygon2|
|poke|p1|Tapu Fini|
|poke|p1|Kartana|
|poke|p1|Tornadus-Therian, M|
|poke|p2|Porygon-Z|
|poke|p2|Tapu Koko|
|poke|p2|Zapdos-Galar|
|poke|p2|Ferrothorn, M|
|poke|p2|Latias, F|
|poke|p2|Urshifu-*, F|
|teampreview
|inactive|Battle timer is ON: inactive players will automatically lose when time's up. (requested by playeraccount)
|
|t:|1663917054
|start
|switch|p1a: Kartana|Kartana|100/100
|switch|p2a: Porygon-Z|Porygon-Z|100/100
|-ability|p2a: Porygon-Z|Download|boost
|-boost|p2a: Porygon-Z|spa|1
|turn|1
|
|t:|1663917065
|switch|p2a: Ferrothorn|Ferrothorn, M|100/100
|move|p1a: Kartana|Sacred Sword|p2a: Ferrothorn
|-supereffective|p2a: Ferrothorn
|-damage|p2a: Ferrothorn|28/100
|-damage|p1a: Kartana|88/100|[from] ability: Iron Barbs|[of] p2a: Ferrothorn
|-damage|p1a: Kartana|72/100|[from] item: Rocky Helmet|[of] p2a: Ferrothorn
|
|upkeep
|turn|2
|
|t:|1663917080
|move|p1a: Kartana|Sacred Sword|p2a: Ferrothorn
|-supereffective|p2a: Ferrothorn
|-damage|p2a: Ferrothorn|0 fnt
|-damage|p1a: Kartana|59/100|[from] ability: Iron Barbs|[of] p2a: Ferrothorn
|-damage|p1a: Kartana|43/100|[from] item: Rocky Helmet|[of] p2a: Ferrothorn
|faint|p2a: Ferrothorn
|-ability|p1a: Kartana|Beast Boost|boost
|-boost|p1a: Kartana|atk|1
|
|upkeep
|
|t:|1663917090
|switch|p2a: Latias|Latias, F|100/100
|turn|3
|
|t:|1663917096
|switch|p1a: Tapu Fini|Tapu Fini|100/100
|-fieldstart|move: Misty Terrain|[from] ability: Misty Surge|[of] p1a: Tapu Fini
|switch|p2a: Porygon-Z|Porygon-Z|100/100
|-ability|p2a: Porygon-Z|Download|boost
|-boost|p2a: Porygon-Z|atk|1
|
|upkeep
|turn|4
|
|t:|1663917104
|move|p1a: Tapu Fini|Moonblast|p2a: Porygon-Z
|-damage|p2a: Porygon-Z|46/100
|move|p2a: Porygon-Z|Thunderbolt|p1a: Tapu Fini
|-supereffective|p1a: Tapu Fini
|-damage|p1a: Tapu Fini|6/100
|
|upkeep
|turn|5
|
|t:|1663917114
|switch|p2a: Latias|Latias, F|100/100
|move|p1a: Tapu Fini|Moonblast|p2a: Latias
|-supereffective|p2a: Latias
|-damage|p2a: Latias|52/100
|
|upkeep
|turn|6
|
|t:|1663917121
|switch|p1a: Porygon2|Porygon2, shiny|100/100
|-ability|p1a: Porygon2|Levitate|[from] ability: Trace|[of] p2a: Latias
|move|p2a: Latias|Roost|p2a: Latias
|-heal|p2a: Latias|100/100
|-singleturn|p2a: Latias|move: Roost
|
|upkeep
|turn|7
|
|t:|1663917132
|switch|p2a: Urshifu|Urshifu-Rapid-Strike, F|100/100
|move|p1a: Porygon2|Ice Beam|p2a: Urshifu
|-resisted|p2a: Urshifu
|-damage|p2a: Urshifu|86/100
|
|-fieldend|Misty Terrain
|upkeep
|turn|8
|
|t:|1663917140
|switch|p1a: Slowbro|Slowbro, M, shiny|100/100
|move|p2a: Urshifu|U-turn|p1a: Slowbro
|-supereffective|p1a: Slowbro
|-damage|p1a: Slowbro|74/100
|
|t:|1663917145
|switch|p2a: Porygon-Z|Porygon-Z|46/100|[from]move: U-turn
|-ability|p2a: Porygon-Z|Download|boost
|-boost|p2a: Porygon-Z|spa|1
|
|upkeep
|turn|9
|
|t:|1663917150
|switch|p1a: Nidoqueen|Nidoqueen, F, shiny|100/100
|move|p2a: Porygon-Z|Tri Attack|p1a: Nidoqueen
|-damage|p1a: Nidoqueen|1/100
|
|upkeep
|turn|10
|
|t:|1663917158
|switch|p1a: Porygon2|Porygon2, shiny|100/100
|-ability|p1a: Porygon2|Download|[from] ability: Trace|[of] p2a: Porygon-Z
|-ability|p1a: Porygon2|Download|boost
|-boost|p1a: Porygon2|atk|1
|move|p2a: Porygon-Z|Tri Attack|p1a: Porygon2
|-damage|p1a: Porygon2|56/100
|
|upkeep
|turn|11
|
|t:|1663917168
|move|p2a: Porygon-Z|Tri Attack|p1a: Porygon2
|-damage|p1a: Porygon2|10/100
|-status|p1a: Porygon2|par
|move|p1a: Porygon2|Recover|p1a: Porygon2
|-heal|p1a: Porygon2|60/100 par
|
|upkeep
|turn|12
|
|t:|1663917175
|move|p2a: Porygon-Z|Tri Attack|p1a: Porygon2
|-damage|p1a: Porygon2|19/100 par
|move|p1a: Porygon2|Teleport|p1a: Porygon2
|
|t:|1663917181
|switch|p1a: Kartana|Kartana|43/100|[from]move: Teleport
|
|upkeep
|turn|13
|
|t:|1663917190
|switch|p2a: Tapu Koko|Tapu Koko|100/100
|-fieldstart|move: Electric Terrain|[from] ability: Electric Surge|[of] p2a: Tapu Koko
|move|p1a: Kartana|Knock Off|p2a: Tapu Koko
|-resisted|p2a: Tapu Koko
|-damage|p2a: Tapu Koko|56/100
|-enditem|p2a: Tapu Koko|Heavy-Duty Boots|[from] move: Knock Off|[of] p1a: Kartana
|
|upkeep
|turn|14
|
|t:|1663917198
|switch|p1a: Porygon2|Porygon2, shiny|19/100 par
|-ability|p1a: Porygon2|Electric Surge|[from] ability: Trace|[of] p2a: Tapu Koko
|move|p2a: Tapu Koko|U-turn|p1a: Porygon2
|-damage|p1a: Porygon2|7/100 par
|
|t:|1663917200
|switch|p2a: Porygon-Z|Porygon-Z|46/100|[from]move: U-turn
|-ability|p2a: Porygon-Z|Download|boost
|-boost|p2a: Porygon-Z|atk|1
|
|upkeep
|turn|15
|
|t:|1663917204
|move|p2a: Porygon-Z|Tri Attack|p1a: Porygon2
|-damage|p1a: Porygon2|0 fnt
|faint|p1a: Porygon2
|
|upkeep
|
|t:|1663917214
|switch|p1a: Tapu Fini|Tapu Fini|6/100
|-fieldstart|move: Misty Terrain|[from] ability: Misty Surge|[of] p1a: Tapu Fini
|turn|16
|
|t:|1663917218
|switch|p2a: Latias|Latias, F|100/100
|move|p1a: Tapu Fini|Moonblast|p2a: Latias
|-supereffective|p2a: Latias
|-damage|p2a: Latias|55/100
|
|upkeep
|turn|17
|
|t:|1663917229
|switch|p1a: Slowbro|Slowbro, M, shiny|100/100
|move|p2a: Latias|Roost|p2a: Latias
|-heal|p2a: Latias|100/100
|-singleturn|p2a: Latias|move: Roost
|
|upkeep
|turn|18
|
|t:|1663917234
|switch|p2a: Tapu Koko|Tapu Koko|56/100
|-fieldstart|move: Electric Terrain|[from] ability: Electric Surge|[of] p2a: Tapu Koko
|move|p1a: Slowbro|Future Sight|p2a: Tapu Koko
|-start|p1a: Slowbro|move: Future Sight
|
|upkeep
|turn|19
|
|t:|1663917244
|move|p2a: Tapu Koko|U-turn|p1a: Slowbro
|-supereffective|p1a: Slowbro
|-damage|p1a: Slowbro|81/100
|-damage|p2a: Tapu Koko|40/100|[from] item: Rocky Helmet|[of] p1a: Slowbro
|
|t:|1663917247
|switch|p2a: Latias|Latias, F|100/100|[from]move: U-turn
|move|p1a: Slowbro|Teleport|p1a: Slowbro
|
|t:|1663917252
|switch|p1a: Tornadus|Tornadus-Therian, M|100/100|[from]move: Teleport
|
|upkeep
|turn|20
|
|t:|1663917261
|move|p1a: Tornadus|Knock Off|p2a: Latias
|-supereffective|p2a: Latias
|-damage|p2a: Latias|70/100
|move|p2a: Latias|Roost|p2a: Latias
|-heal|p2a: Latias|100/100
|-singleturn|p2a: Latias|move: Roost
|
|-end|p2a: Latias|move: Future Sight
|-resisted|p2a: Latias
|-damage|p2a: Latias|90/100
|upkeep
|turn|21
|
|t:|1663917270
|move|p1a: Tornadus|U-turn|p2a: Latias
|-supereffective|p2a: Latias
|-crit|p2a: Latias
|-damage|p2a: Latias|44/100
|
|t:|1663917274
|switch|p1a: Slowbro|Slowbro, M, shiny|100/100|[from]move: U-turn
|move|p2a: Latias|Mystical Fire|p1a: Slowbro
|-resisted|p1a: Slowbro
|-damage|p1a: Slowbro|91/100
|-unboost|p1a: Slowbro|spa|1
|
|upkeep
|turn|22
|
|t:|1663917281
|move|p2a: Latias|Toxic|p1a: Slowbro
|-status|p1a: Slowbro|tox
|move|p1a: Slowbro|Future Sight|p2a: Latias
|-start|p1a: Slowbro|move: Future Sight
|
|-damage|p1a: Slowbro|85/100 tox|[from] psn
|-fieldend|move: Electric Terrain
|upkeep
|turn|23
|
|t:|1663917285
|move|p2a: Latias|Roost|p2a: Latias
|-heal|p2a: Latias|94/100
|-singleturn|p2a: Latias|move: Roost
|move|p1a: Slowbro|Teleport|p1a: Slowbro
|inactive|playeraccount has 120 seconds left.
|inactive|playeraccount has 90 seconds left.
|
|t:|1663917346
|switch|p1a: Tornadus|Tornadus-Therian, M|100/100|[from]move: Teleport
|
|upkeep
|turn|24
|
|t:|1663917355
|move|p1a: Tornadus|Knock Off|p2a: Latias
|-supereffective|p2a: Latias
|-damage|p2a: Latias|64/100
|move|p2a: Latias|Toxic|p1a: Tornadus
|-status|p1a: Tornadus|tox
|
|-end|p2a: Latias|move: Future Sight
|-resisted|p2a: Latias
|-damage|p2a: Latias|51/100
|-damage|p1a: Tornadus|94/100 tox|[from] psn
|upkeep
|turn|25
|
|t:|1663917361
|move|p1a: Tornadus|U-turn|p2a: Latias
|-supereffective|p2a: Latias
|-damage|p2a: Latias|22/100
|
|t:|1663917365
|switch|p1a: Slowbro|Slowbro, M, shiny|100/100 tox|[from]move: U-turn
|move|p2a: Latias|Roost|p2a: Latias
|-heal|p2a: Latias|72/100
|-singleturn|p2a: Latias|move: Roost
|
|-damage|p1a: Slowbro|94/100 tox|[from] psn
|upkeep
|turn|26
|
|t:|1663917369
|move|p2a: Latias|Roost|p2a: Latias
|-heal|p2a: Latias|100/100
|-singleturn|p2a: Latias|move: Roost
|move|p1a: Slowbro|Teleport|p1a: Slowbro
|inactive|playeraccount has 120 seconds left.
|
|t:|1663917376
|switch|p1a: Kartana|Kartana|43/100|[from]move: Teleport
|
|upkeep
|turn|27
|
|t:|1663917380
|move|p1a: Kartana|Knock Off|p2a: Latias
|-supereffective|p2a: Latias
|-damage|p2a: Latias|7/100
|move|p2a: Latias|Mystical Fire|p1a: Kartana
|-supereffective|p1a: Kartana
|-damage|p1a: Kartana|0 fnt
|faint|p1a: Kartana
|
|upkeep
|
|t:|1663917384
|switch|p1a: Tapu Fini|Tapu Fini|6/100
|-fieldstart|move: Misty Terrain|[from] ability: Misty Surge|[of] p1a: Tapu Fini
|turn|28
|
|t:|1663917400
|move|p1a: Tapu Fini|Moonblast|p2a: Latias
|-supereffective|p2a: Latias
|-damage|p2a: Latias|0 fnt
|faint|p2a: Latias
|
|upkeep
|
|t:|1663917402
|switch|p2a: Zapdos|Zapdos-Galar|100/100
|turn|29
|
|t:|1663917410
|switch|p1a: Nidoqueen|Nidoqueen, F, shiny|1/100
|move|p2a: Zapdos|U-turn|p1a: Nidoqueen
|-resisted|p1a: Nidoqueen
|-damage|p1a: Nidoqueen|0 fnt
|faint|p1a: Nidoqueen
|
|t:|1663917429
|switch|p2a: Urshifu|Urshifu-Rapid-Strike, F|86/100|[from]move: U-turn
|
|upkeep
|
|t:|1663917433
|switch|p1a: Slowbro|Slowbro, M, shiny|100/100 tox
|turn|30
|
|t:|1663917438
|move|p2a: Urshifu|U-turn|p1a: Slowbro
|-supereffective|p1a: Slowbro
|-damage|p1a: Slowbro|70/100 tox
|
|t:|1663917440
|switch|p2a: Porygon-Z|Porygon-Z|46/100|[from]move: U-turn
|-ability|p2a: Porygon-Z|Download|boost
|-boost|p2a: Porygon-Z|spa|1
|move|p1a: Slowbro|Counter|p2a: Porygon-Z
|-damage|p2a: Porygon-Z|0 fnt
|faint|p2a: Porygon-Z
|
|-damage|p1a: Slowbro|64/100 tox|[from] psn
|upkeep
|
|t:|1663917448
|switch|p2a: Tapu Koko|Tapu Koko|40/100
|-fieldstart|move: Electric Terrain|[from] ability: Electric Surge|[of] p2a: Tapu Koko
|turn|31
|
|t:|1663917451
|move|p2a: Tapu Koko|Thunderbolt|p1a: Slowbro
|-supereffective|p1a: Slowbro
|-damage|p1a: Slowbro|0 fnt
|faint|p1a: Slowbro
|
|upkeep
|
|t:|1663917453
|switch|p1a: Tapu Fini|Tapu Fini|6/100
|-fieldstart|move: Misty Terrain|[from] ability: Misty Surge|[of] p1a: Tapu Fini
|turn|32
|
|t:|1663917458
|switch|p2a: Urshifu|Urshifu-Rapid-Strike, F|86/100
|move|p1a: Tapu Fini|Moonblast|p2a: Urshifu
|-supereffective|p2a: Urshifu
|-damage|p2a: Urshifu|0 fnt
|faint|p2a: Urshifu
|
|upkeep
|
|t:|1663917460
|switch|p2a: Zapdos|Zapdos-Galar|100/100
|turn|33
|
|t:|1663917463
|switch|p1a: Tornadus|Tornadus-Therian, M|100/100 tox
|move|p2a: Zapdos|Brave Bird|p1a: Tornadus
|-damage|p1a: Tornadus|27/100 tox
|-damage|p2a: Zapdos|74/100|[from] Recoil
|
|-damage|p1a: Tornadus|21/100 tox|[from] psn
|upkeep
|turn|34
|
|t:|1663917468
|move|p2a: Zapdos|Brave Bird|p1a: Tornadus
|-damage|p1a: Tornadus|0 fnt
|faint|p1a: Tornadus
|-damage|p2a: Zapdos|67/100|[from] Recoil
|
|upkeep
|
|t:|1663917471
|switch|p1a: Tapu Fini|Tapu Fini|6/100
|turn|35
|
|t:|1663917472
|move|p2a: Zapdos|Brave Bird|p1a: Tapu Fini
|-damage|p1a: Tapu Fini|0 fnt
|faint|p1a: Tapu Fini
|-damage|p2a: Zapdos|66/100|[from] Recoil
|
|win|titi430
|raw|playeraccount's rating: 1468 &rarr; <strong>1450</strong><br />(-18 for losing)
|raw|titi430's rating: 1510 &rarr; <strong>1528</strong><br />(+18 for winning)
|l|☆playeraccount
