|html|<div class="broadcast-blue"><strong>[Gen 8] OU is currently suspecting Melmetal! For information on how to participate check out the <a href="https://www.smogon.com/forums/threads/np-ss-ou-suspect-process-round-12-monster-mash.3709234/">suspect thread</a>.</strong></div>
|j|☆BaddyDaddy69
|j|☆ChandosH
|t:|1665991793
|gametype|singles
|player|p1|BaddyDaddy69|drayden|1454
|player|p2|ChandosH|n-masters|1608
|teamsize|p1|6
|teamsize|p2|6
|gen|8
|tier|[Gen 8] OU
|rated|
|rule|Sleep Clause Mod: Limit one foe put to sleep
|rule|Species Clause: Limit one of each Pokémon
|rule|OHKO Clause: OHKO moves are banned
|rule|Evasion Items Clause: Evasion items are banned
|rule|Evasion Moves Clause: Evasion moves are banned
|rule|Endless Battle Clause: Forcing endless battles is banned
|rule|HP Percentage Mod: HP is shown in percentages
|rule|Dynamax Clause: You cannot dynamax
|clearpoke
|poke|p1|Chandelure, F|
|poke|p1|Keldeo-Resolute|
|poke|p1|Kartana|
|poke|p1|Landorus-Therian, M|
|poke|p1|Ninetales-Alola, F|
|poke|p1|Corviknight, M|
|poke|p2|Pelipper, M|
|poke|p2|Barraskewda, M|
|poke|p2|Zapdos|
|poke|p2|Ferrothorn, F|
|poke|p2|Crawdaunt, M|
|poke|p2|Landorus-Therian, M|
|teampreview
|inactive|Battle timer is ON: inactive players will automatically lose when time's up. (requested by BaddyDaddy69)
|
|t:|1665991815
|start
|switch|p1a: Lola|Ninetales-Alola, F|100/100
|switch|p2a: Barraskewda|Barraskewda, M|100/100
|-weather|Hail|[from] ability: Snow Warning|[of] p1a: Lola
|turn|1
|
|t:|1665991826
|move|p1a: Lola|Freeze-Dry|p2a: Barraskewda
|-supereffective|p2a: Barraskewda
|-damage|p2a: Barraskewda|0 fnt
|faint|p2a: Barraskewda
|
|-weather|Hail|[upkeep]
|upkeep
|
|t:|1665991831
|switch|p2a: Ferrothorn|Ferrothorn, F|100/100
|turn|2
|
|t:|1665991838
|switch|p1a: Chandy|Chandelure, F|100/100
|move|p2a: Ferrothorn|Stealth Rock|p1a: Chandy
|-sidestart|p1: BaddyDaddy69|move: Stealth Rock
|
|-weather|Hail|[upkeep]
|-damage|p1a: Chandy|94/100|[from] Hail
|-damage|p2a: Ferrothorn|94/100|[from] Hail
|-heal|p2a: Ferrothorn|100/100|[from] item: Leftovers
|upkeep
|turn|3
|
|t:|1665991843
|switch|p2a: Landorus|Landorus-Therian, M|100/100
|-ability|p2a: Landorus|Intimidate|boost
|-unboost|p1a: Chandy|atk|1
|move|p1a: Chandy|Shadow Ball|p2a: Landorus
|-damage|p2a: Landorus|49/100
|
|-weather|Hail|[upkeep]
|-damage|p1a: Chandy|88/100|[from] Hail
|-damage|p2a: Landorus|43/100|[from] Hail
|-heal|p2a: Landorus|49/100|[from] item: Leftovers
|upkeep
|turn|4
|
|t:|1665991856
|move|p1a: Chandy|Shadow Ball|p2a: Landorus
|-damage|p2a: Landorus|0 fnt
|faint|p2a: Landorus
|
|-weather|Hail|[upkeep]
|-damage|p1a: Chandy|82/100|[from] Hail
|upkeep
|
|t:|1665991862
|switch|p2a: Crawdaunt|Crawdaunt, M|100/100
|turn|5
|
|t:|1665991880
|switch|p1a: Weggefegt|Corviknight, M|100/100
|-damage|p1a: Weggefegt|88/100|[from] Stealth Rock
|-ability|p1a: Weggefegt|Pressure
|move|p2a: Crawdaunt|Swords Dance|p2a: Crawdaunt
|-boost|p2a: Crawdaunt|atk|2
|
|-weather|none
|-heal|p1a: Weggefegt|94/100|[from] item: Leftovers
|upkeep
|turn|6
|
|t:|1665991888
|move|p2a: Crawdaunt|Knock Off|p1a: Weggefegt
|-damage|p1a: Weggefegt|0 fnt
|-enditem|p1a: Weggefegt|Leftovers|[from] move: Knock Off|[of] p2a: Crawdaunt
|faint|p1a: Weggefegt
|-damage|p2a: Crawdaunt|91/100|[from] item: Life Orb
|
|upkeep
|
|t:|1665991891
|switch|p1a: Credit Card|Kartana, shiny|100/100
|-damage|p1a: Credit Card|94/100|[from] Stealth Rock
|turn|7
|
|t:|1665991902
|switch|p2a: Ferrothorn|Ferrothorn, F|100/100
|move|p1a: Credit Card|Sacred Sword|p2a: Ferrothorn
|-supereffective|p2a: Ferrothorn
|-damage|p2a: Ferrothorn|36/100
|-damage|p1a: Credit Card|82/100|[from] ability: Iron Barbs|[of] p2a: Ferrothorn
|
|-heal|p2a: Ferrothorn|42/100|[from] item: Leftovers
|upkeep
|turn|8
|
|t:|1665991910
|switch|p1a: Cancerous-T|Landorus-Therian, M|100/100
|-damage|p1a: Cancerous-T|88/100|[from] Stealth Rock
|-ability|p1a: Cancerous-T|Intimidate|boost
|-unboost|p2a: Ferrothorn|atk|1
|switch|p2a: Zapdos|Zapdos|100/100
|
|upkeep
|turn|9
|
|t:|1665991915
|move|p1a: Cancerous-T|Explosion|p2a: Zapdos
|-damage|p2a: Zapdos|0 fnt
|faint|p1a: Cancerous-T
|faint|p2a: Zapdos
|
|upkeep
|
|t:|1665991927
|switch|p2a: Ferrothorn|Ferrothorn, F|42/100
|switch|p1a: Chandy|Chandelure, F|82/100
|-damage|p1a: Chandy|57/100|[from] Stealth Rock
|turn|10
|
|t:|1665991937
|move|p1a: Chandy|Overheat|p2a: Ferrothorn
|-supereffective|p2a: Ferrothorn
|-damage|p2a: Ferrothorn|0 fnt
|-unboost|p1a: Chandy|spa|2
|faint|p2a: Ferrothorn
|
|upkeep
|
|t:|1665991941
|switch|p2a: Crawdaunt|Crawdaunt, M|91/100
|turn|11
|
|t:|1665991946
|move|p1a: Chandy|Overheat|p2a: Crawdaunt
|-resisted|p2a: Crawdaunt
|-crit|p2a: Crawdaunt
|-damage|p2a: Crawdaunt|0 fnt
|-unboost|p1a: Chandy|spa|2
|faint|p2a: Crawdaunt
|
|upkeep
|-message|ChandosH forfeited.
|
|win|BaddyDaddy69
|raw|BaddyDaddy69's rating: 1454 &rarr; <strong>1482</strong><br />(+28 for winning)
|raw|ChandosH's rating: 1608 &rarr; <strong>1580</strong><br />(-28 for losing)
|l|☆ChandosH
