|j|☆nis298
|j|☆Steez Ibanez
|inactive|Battle timer is ON: inactive players will automatically lose when time's up.
|t:|1667607338
|gametype|singles
|player|p1|nis298|scientistf|
|player|p2|Steez Ibanez|acetrainer-gen7|
|teamsize|p1|6
|teamsize|p2|6
|gen|8
|tier|[Gen 8] OU
|rated|Tournament battle
|rule|Sleep Clause Mod: Limit one foe put to sleep
|rule|Species Clause: Limit one of each Pokémon
|rule|OHKO Clause: OHKO moves are banned
|rule|Evasion Items Clause: Evasion items are banned
|rule|Evasion Moves Clause: Evasion moves are banned
|rule|Endless Battle Clause: Forcing endless battles is banned
|rule|HP Percentage Mod: HP is shown in percentages
|rule|Dynamax Clause: You cannot dynamax
|clearpoke
|poke|p1|Tornadus-Therian, M|
|poke|p1|Bisharp, F|
|poke|p1|Rillaboom, M|
|poke|p1|Victini|
|poke|p1|Swampert, F|
|poke|p1|Kartana|
|poke|p2|Weezing-Galar, M|
|poke|p2|Hydreigon, M|
|poke|p2|Ferrothorn, M|
|poke|p2|Zapdos|
|poke|p2|Primarina, F|
|poke|p2|Heatran, M|
|teampreview
|inactive|Steez Ibanez also wants the timer to be on.
|inactive|nis298 also wants the timer to be on.
|j| testingteams888
|j| jetsons
|j| Aftx
|
|t:|1667607348
|start
|switch|p1a: Victini|Victini|100/100
|switch|p2a: Speedwagon|Weezing-Galar, M|100/100
|turn|1
|
|t:|1667607356
|move|p1a: Victini|U-turn|p2a: Speedwagon
|-resisted|p2a: Speedwagon
|-damage|p2a: Speedwagon|97/100
|
|t:|1667607360
|switch|p1a: Bisharp|Bisharp, F|100/100|[from]move: U-turn
|move|p2a: Speedwagon|Toxic Spikes|p1a: Bisharp
|-sidestart|p1: nis298|move: Toxic Spikes
|
|-heal|p2a: Speedwagon|100/100|[from] item: Black Sludge
|upkeep
|turn|2
|j| zubitop
|
|t:|1667607372
|move|p1a: Bisharp|Beat Up|p2a: Speedwagon
|-resisted|p2a: Speedwagon
|-damage|p2a: Speedwagon|96/100
|-resisted|p2a: Speedwagon
|-damage|p2a: Speedwagon|92/100
|-resisted|p2a: Speedwagon
|-damage|p2a: Speedwagon|87/100
|-resisted|p2a: Speedwagon
|-damage|p2a: Speedwagon|83/100
|-resisted|p2a: Speedwagon
|-damage|p2a: Speedwagon|79/100
|-resisted|p2a: Speedwagon
|-damage|p2a: Speedwagon|73/100
|-hitcount|p2a: Speedwagon|6
|move|p2a: Speedwagon|Strange Steam|p1a: Bisharp
|-damage|p1a: Bisharp|53/100
|
|-heal|p2a: Speedwagon|79/100|[from] item: Black Sludge
|upkeep
|turn|3
|j|@SetsuStsna
|
|t:|1667607386
|switch|p1a: Tornadus|Tornadus-Therian, M|100/100
|move|p2a: Speedwagon|Strange Steam|p1a: Tornadus
|-damage|p1a: Tornadus|74/100
|
|-heal|p2a: Speedwagon|85/100|[from] item: Black Sludge
|upkeep
|turn|4
|
|t:|1667607395
|move|p1a: Tornadus|Defog|p2a: Speedwagon
|-unboost|p2a: Speedwagon|evasion|1
|-sideend|p1: nis298|Toxic Spikes|[from] move: Defog|[of] p1a: Tornadus
|move|p2a: Speedwagon|Sludge Bomb|p1a: Tornadus
|-damage|p1a: Tornadus|47/100
|-status|p1a: Tornadus|psn
|
|-heal|p2a: Speedwagon|91/100|[from] item: Black Sludge
|-damage|p1a: Tornadus|35/100 psn|[from] psn
|upkeep
|turn|5
|
|t:|1667607402
|move|p1a: Tornadus|U-turn|p2a: Speedwagon
|-resisted|p2a: Speedwagon
|-damage|p2a: Speedwagon|89/100
|
|t:|1667607409
|switch|p1a: Bisharp|Bisharp, F|53/100|[from]move: U-turn
|move|p2a: Speedwagon|Toxic Spikes|p1a: Bisharp
|-sidestart|p1: nis298|move: Toxic Spikes
|
|-heal|p2a: Speedwagon|95/100|[from] item: Black Sludge
|upkeep
|turn|6
|j| Zombini62
|
|t:|1667607415
|switch|p2a: Abomination|Ferrothorn, M|100/100
|move|p1a: Bisharp|Iron Head|p2a: Abomination
|-resisted|p2a: Abomination
|-damage|p2a: Abomination|80/100
|-damage|p1a: Bisharp|40/100|[from] ability: Iron Barbs|[of] p2a: Abomination
|-damage|p1a: Bisharp|24/100|[from] item: Rocky Helmet|[of] p2a: Abomination
|
|upkeep
|turn|7
|
|t:|1667607421
|switch|p1a: Tornadus|Tornadus-Therian, M|68/100 psn
|move|p2a: Abomination|Knock Off|p1a: Tornadus
|-damage|p1a: Tornadus|45/100 psn
|-enditem|p1a: Tornadus|Heavy-Duty Boots|[from] move: Knock Off|[of] p2a: Abomination
|
|-damage|p1a: Tornadus|33/100 psn|[from] psn
|upkeep
|turn|8
|
|t:|1667607427
|move|p1a: Tornadus|Defog|p2a: Abomination
|-unboost|p2a: Abomination|evasion|1
|-sideend|p1: nis298|Toxic Spikes|[from] move: Defog|[of] p1a: Tornadus
|move|p2a: Abomination|Gyro Ball|p1a: Tornadus
|-damage|p1a: Tornadus|0 fnt
|faint|p1a: Tornadus
|
|upkeep
|
|t:|1667607434
|switch|p1a: Victini|Victini|100/100
|turn|9
|
|t:|1667607438
|switch|p2a: Hephaestus|Heatran, M|100/100
|-item|p2a: Hephaestus|Air Balloon
|move|p1a: Victini|U-turn|p2a: Hephaestus
|-resisted|p2a: Hephaestus
|-damage|p2a: Hephaestus|95/100
|-enditem|p2a: Hephaestus|Air Balloon
|j| PilarMan
|
|t:|1667607445
|switch|p1a: Rillaboom|Rillaboom, M|100/100|[from]move: U-turn
|-fieldstart|move: Grassy Terrain|[from] ability: Grassy Surge|[of] p1a: Rillaboom
|
|-heal|p2a: Hephaestus|100/100|[from] Grassy Terrain
|upkeep
|turn|10
|
|t:|1667607451
|move|p1a: Rillaboom|Superpower|p2a: Hephaestus
|-supereffective|p2a: Hephaestus
|-damage|p2a: Hephaestus|0 fnt
|-unboost|p1a: Rillaboom|atk|1
|-unboost|p1a: Rillaboom|def|1
|faint|p2a: Hephaestus
|
|upkeep
|
|t:|1667607456
|switch|p2a: Speedwagon|Weezing-Galar, M|95/100
|turn|11
|j| GoatNoir
|
|t:|1667607466
|switch|p1a: Victini|Victini|100/100
|move|p2a: Speedwagon|Toxic Spikes|p1a: Victini
|-sidestart|p1: nis298|move: Toxic Spikes
|
|-heal|p2a: Speedwagon|100/100|[from] item: Black Sludge
|upkeep
|turn|12
|
|t:|1667607472
|move|p1a: Victini|V-create|p2a: Speedwagon
|-damage|p2a: Speedwagon|52/100
|-unboost|p1a: Victini|spe|1
|-unboost|p1a: Victini|def|1
|-unboost|p1a: Victini|spd|1
|move|p2a: Speedwagon|Sludge Bomb|p1a: Victini
|-damage|p1a: Victini|59/100
|-status|p1a: Victini|psn
|
|-heal|p1a: Victini|65/100 psn|[from] Grassy Terrain
|-heal|p2a: Speedwagon|58/100|[from] item: Black Sludge
|-damage|p1a: Victini|53/100 psn|[from] psn
|upkeep
|turn|13
|c| GoatNoir|nis using finchinators team
|c| GoatNoir|that victini is so good
|
|t:|1667607480
|move|p1a: Victini|U-turn|p2a: Speedwagon
|-resisted|p2a: Speedwagon
|-damage|p2a: Speedwagon|55/100
|
|t:|1667607486
|switch|p1a: Bisharp|Bisharp, F|24/100|[from]move: U-turn
|move|p2a: Speedwagon|Sludge Bomb|p1a: Bisharp
|-immune|p1a: Bisharp
|
|-heal|p1a: Bisharp|30/100|[from] Grassy Terrain
|-heal|p2a: Speedwagon|61/100|[from] item: Black Sludge
|-fieldend|move: Grassy Terrain
|upkeep
|turn|14
|
|t:|1667607496
|move|p1a: Bisharp|Knock Off|p2a: Speedwagon
|-resisted|p2a: Speedwagon
|-damage|p2a: Speedwagon|35/100
|-enditem|p2a: Speedwagon|Black Sludge|[from] move: Knock Off|[of] p1a: Bisharp
|move|p2a: Speedwagon|Strange Steam|p1a: Bisharp
|-damage|p1a: Bisharp|0 fnt
|faint|p1a: Bisharp
|
|upkeep
|
|t:|1667607504
|switch|p1a: Kartana|Kartana|100/100
|turn|15
|c| GoatNoir|and steez ibanez im so impressed of u using prim + weezing + hydreigon and winning tourneys
|
|t:|1667607510
|switch|p1a: Rillaboom|Rillaboom, M|100/100
|-status|p1a: Rillaboom|psn
|-fieldstart|move: Grassy Terrain|[from] ability: Grassy Surge|[of] p1a: Rillaboom
|switch|p2a: Bolt|Zapdos|100/100
|
|-damage|p1a: Rillaboom|88/100 psn|[from] psn
|upkeep
|turn|16
|
|t:|1667607522
|switch|p1a: Victini|Victini|53/100 psn
|switch|p2a: Abomination|Ferrothorn, M|80/100
|
|-heal|p1a: Victini|59/100 psn|[from] Grassy Terrain
|-heal|p2a: Abomination|86/100|[from] Grassy Terrain
|-damage|p1a: Victini|47/100 psn|[from] psn
|upkeep
|turn|17
|
|t:|1667607527
|switch|p2a: Siren|Primarina, F|100/100
|move|p1a: Victini|V-create|p2a: Siren
|-resisted|p2a: Siren
|-damage|p2a: Siren|70/100
|-unboost|p1a: Victini|spe|1
|-unboost|p1a: Victini|def|1
|-unboost|p1a: Victini|spd|1
|
|-heal|p1a: Victini|53/100 psn|[from] Grassy Terrain
|-heal|p2a: Siren|76/100|[from] Grassy Terrain
|-heal|p2a: Siren|82/100|[from] item: Leftovers
|-damage|p1a: Victini|40/100 psn|[from] psn
|upkeep
|turn|18
|
|t:|1667607533
|move|p1a: Victini|Bolt Strike|p2a: Siren
|-supereffective|p2a: Siren
|-damage|p2a: Siren|17/100
|move|p2a: Siren|Scald|p1a: Victini
|-supereffective|p1a: Victini
|-damage|p1a: Victini|0 fnt
|faint|p1a: Victini
|
|-heal|p2a: Siren|23/100|[from] Grassy Terrain
|-heal|p2a: Siren|29/100|[from] item: Leftovers
|upkeep
|
|t:|1667607540
|switch|p1a: Rillaboom|Rillaboom, M|88/100 psn
|turn|19
|l| testingteams888
|c|☆Steez Ibanez|Thanks
|
|t:|1667607556
|move|p1a: Rillaboom|Wood Hammer|p2a: Siren
|-supereffective|p2a: Siren
|-damage|p2a: Siren|0 fnt
|faint|p2a: Siren
|-damage|p1a: Rillaboom|78/100 psn|[from] Recoil
|
|-heal|p1a: Rillaboom|84/100 psn|[from] Grassy Terrain
|-damage|p1a: Rillaboom|72/100 psn|[from] psn
|-fieldend|move: Grassy Terrain
|upkeep
|
|t:|1667607559
|switch|p2a: Bolt|Zapdos|100/100
|turn|20
|
|t:|1667607563
|switch|p1a: Swampert|Swampert, F|100/100
|-status|p1a: Swampert|psn
|switch|p2a: Abomination|Ferrothorn, M|86/100
|
|-damage|p1a: Swampert|88/100 psn|[from] psn
|upkeep
|turn|21
|
|t:|1667607569
|move|p1a: Swampert|Stealth Rock|p2a: Abomination
|-sidestart|p2: Steez Ibanez|move: Stealth Rock
|move|p2a: Abomination|Spikes|p1a: Swampert
|-sidestart|p1: nis298|Spikes
|
|-heal|p1a: Swampert|94/100 psn|[from] item: Leftovers
|-damage|p1a: Swampert|82/100 psn|[from] psn
|upkeep
|turn|22
|
|t:|1667607577
|switch|p1a: Rillaboom|Rillaboom, M|72/100 psn
|-damage|p1a: Rillaboom|60/100 psn|[from] Spikes
|-fieldstart|move: Grassy Terrain|[from] ability: Grassy Surge|[of] p1a: Rillaboom
|move|p2a: Abomination|Gyro Ball|p1a: Rillaboom
|-damage|p1a: Rillaboom|10/100 psn
|
|-heal|p1a: Rillaboom|16/100 psn|[from] Grassy Terrain
|-heal|p2a: Abomination|92/100|[from] Grassy Terrain
|-damage|p1a: Rillaboom|4/100 psn|[from] psn
|upkeep
|turn|23
|
|t:|1667607588
|switch|p2a: Speedwagon|Weezing-Galar, M|35/100
|-damage|p2a: Speedwagon|22/100|[from] Stealth Rock
|move|p1a: Rillaboom|Superpower|p2a: Speedwagon
|-resisted|p2a: Speedwagon
|-damage|p2a: Speedwagon|12/100
|-unboost|p1a: Rillaboom|atk|1
|-unboost|p1a: Rillaboom|def|1
|
|-heal|p1a: Rillaboom|10/100 psn|[from] Grassy Terrain
|-damage|p1a: Rillaboom|0 fnt|[from] psn
|faint|p1a: Rillaboom
|upkeep
|
|t:|1667607593
|switch|p1a: Kartana|Kartana|100/100
|-damage|p1a: Kartana|88/100|[from] Spikes
|turn|24
|
|t:|1667607596
|switch|p2a: Bolt|Zapdos|100/100
|move|p1a: Kartana|Knock Off|p2a: Bolt
|-damage|p2a: Bolt|72/100
|-enditem|p2a: Bolt|Heavy-Duty Boots|[from] move: Knock Off|[of] p1a: Kartana
|
|-heal|p1a: Kartana|94/100|[from] Grassy Terrain
|upkeep
|turn|25
|
|t:|1667607604
|switch|p1a: Swampert|Swampert, F|82/100 psn
|-damage|p1a: Swampert|70/100 psn|[from] Spikes
|move|p2a: Bolt|Roost|p2a: Bolt
|-heal|p2a: Bolt|100/100
|-singleturn|p2a: Bolt|move: Roost
|
|-heal|p1a: Swampert|76/100 psn|[from] Grassy Terrain
|-heal|p1a: Swampert|82/100 psn|[from] item: Leftovers
|-damage|p1a: Swampert|70/100 psn|[from] psn
|upkeep
|turn|26
|
|t:|1667607612
|switch|p2a: Speedwagon|Weezing-Galar, M|12/100
|-damage|p2a: Speedwagon|0 fnt|[from] Stealth Rock
|faint|p2a: Speedwagon
|move|p1a: Swampert|Flip Turn|p2: Speedwagon|[notarget]
|-fail|p1a: Swampert
|
|-heal|p1a: Swampert|76/100 psn|[from] Grassy Terrain
|-heal|p1a: Swampert|82/100 psn|[from] item: Leftovers
|-damage|p1a: Swampert|70/100 psn|[from] psn
|-fieldend|move: Grassy Terrain
|upkeep
|
|t:|1667607613
|switch|p2a: Hades|Hydreigon, M|100/100
|-damage|p2a: Hades|88/100|[from] Stealth Rock
|turn|27
|
|t:|1667607616
|move|p2a: Hades|Substitute|p2a: Hades
|-start|p2a: Hades|Substitute
|-damage|p2a: Hades|63/100
|move|p1a: Swampert|Flip Turn|p2a: Hades
|-resisted|p2a: Hades
|-activate|p2a: Hades|move: Substitute|[damage]
|
|t:|1667607619
|switch|p1a: Kartana|Kartana|94/100|[from]move: Flip Turn
|-damage|p1a: Kartana|82/100|[from] Spikes
|
|-heal|p2a: Hades|69/100|[from] item: Leftovers
|upkeep
|turn|28
|
|t:|1667607625
|move|p1a: Kartana|Smart Strike|p2a: Hades
|-end|p2a: Hades|Substitute
|move|p2a: Hades|Dark Pulse|p1a: Kartana
|-damage|p1a: Kartana|0 fnt
|faint|p1a: Kartana
|
|-heal|p2a: Hades|76/100|[from] item: Leftovers
|upkeep
|c|☆Steez Ibanez|gg
|
|t:|1667607631
|switch|p1a: Swampert|Swampert, F|70/100 psn
|-damage|p1a: Swampert|57/100 psn|[from] Spikes
|turn|29
|
|t:|1667607635
|move|p2a: Hades|Substitute|p2a: Hades
|-start|p2a: Hades|Substitute
|-damage|p2a: Hades|51/100
|move|p1a: Swampert|Stealth Rock||[still]
|-fail|p1a: Swampert
|
|-heal|p2a: Hades|57/100|[from] item: Leftovers
|-heal|p1a: Swampert|63/100 psn|[from] item: Leftovers
|-damage|p1a: Swampert|51/100 psn|[from] psn
|upkeep
|turn|30
|
|t:|1667607638
|move|p2a: Hades|Nasty Plot|p2a: Hades
|-boost|p2a: Hades|spa|2
|move|p1a: Swampert|Flip Turn|p2a: Hades
|-resisted|p2a: Hades
|-activate|p2a: Hades|move: Substitute|[damage]
|
|-heal|p2a: Hades|63/100|[from] item: Leftovers
|-heal|p1a: Swampert|57/100 psn|[from] item: Leftovers
|-damage|p1a: Swampert|45/100 psn|[from] psn
|upkeep
|turn|31
|
|t:|1667607644
|move|p2a: Hades|Nasty Plot|p2a: Hades
|-boost|p2a: Hades|spa|2
|move|p1a: Swampert|Yawn||[still]
|-fail|p1a: Swampert
|
|-heal|p2a: Hades|69/100|[from] item: Leftovers
|-heal|p1a: Swampert|51/100 psn|[from] item: Leftovers
|-damage|p1a: Swampert|39/100 psn|[from] psn
|upkeep
|turn|32
|
|t:|1667607648
|move|p2a: Hades|Nasty Plot|p2a: Hades
|-boost|p2a: Hades|spa|2
|move|p1a: Swampert|Yawn||[still]
|-fail|p1a: Swampert
|
|-heal|p2a: Hades|75/100|[from] item: Leftovers
|-heal|p1a: Swampert|45/100 psn|[from] item: Leftovers
|-damage|p1a: Swampert|32/100 psn|[from] psn
|upkeep
|turn|33
|
|t:|1667607650
|move|p2a: Hades|Flash Cannon|p1a: Swampert
|-resisted|p1a: Swampert
|-damage|p1a: Swampert|0 fnt
|faint|p1a: Swampert
|
|win|Steez Ibanez
|n|☆nis298|nis298
|n|☆Steez Ibanez|steezibanez
|n| jetsons|jetsons
|n| Aftx|aftx
|n| zubitop|zubitop
|n| SetsuStsna|setsustsna
|n| Zombini62|zombini62
|n| PilarMan|pilarman
|n| GoatNoir|goatnoir
|l|☆nis298
|l|☆Steez Ibanez
