|j|‽CloudNineee
|j|☆Steve Omelette
|t:|1657538690
|gametype|singles
|player|p1|CloudNineee|101|1854
|player|p2|Steve Omelette|102|1823
|teamsize|p1|6
|teamsize|p2|6
|gen|8
|tier|[Gen 8] OU
|rated|
|rule|Sleep Clause Mod: Limit one foe put to sleep
|rule|Species Clause: Limit one of each Pokémon
|rule|OHKO Clause: OHKO moves are banned
|rule|Evasion Moves Clause: Evasion moves are banned
|rule|Endless Battle Clause: Forcing endless battles is banned
|rule|HP Percentage Mod: HP is shown in percentages
|rule|Dynamax Clause: You cannot dynamax
|clearpoke
|poke|p1|Gastrodon, M|
|poke|p1|Corviknight, M|
|poke|p1|Toxapex, M|
|poke|p1|Zapdos|
|poke|p1|Blissey, F|
|poke|p1|Clefable, M|
|poke|p2|Tapu Koko|
|poke|p2|Landorus-Therian, M|
|poke|p2|Dragonite, M|
|poke|p2|Ferrothorn, F|
|poke|p2|Clefable, M|
|poke|p2|Urshifu-*, M|
|teampreview
|inactive|Battle timer is ON: inactive players will automatically lose when time's up. (requested by CloudNineee)
|
|t:|1657538714
|start
|switch|p1a: Toxapex|Toxapex, M|100/100
|switch|p2a: Tapu Koko|Tapu Koko|100/100
|-fieldstart|move: Electric Terrain|[from] ability: Electric Surge|[of] p2a: Tapu Koko
|turn|1
|j| lakob
|
|t:|1657538721
|switch|p1a: Gastrodon|Gastrodon, M|100/100
|move|p2a: Tapu Koko|Volt Switch|p1a: Gastrodon
|-immune|p1a: Gastrodon
|
|upkeep
|turn|2
|
|t:|1657538724
|switch|p2a: Clefable|Clefable, M|100/100
|move|p1a: Gastrodon|Scald|p2a: Clefable
|-damage|p2a: Clefable|75/100
|
|-heal|p2a: Clefable|81/100|[from] item: Leftovers
|upkeep
|turn|3
|
|t:|1657538729
|switch|p2a: Ferrothorn|Ferrothorn, F|100/100
|switch|p1a: Toxapex|Toxapex, M|100/100
|
|upkeep
|turn|4
|
|t:|1657538733
|switch|p2a: Clefable|Clefable, M|81/100
|move|p1a: Toxapex|Knock Off|p2a: Clefable
|-resisted|p2a: Clefable
|-damage|p2a: Clefable|76/100
|-enditem|p2a: Clefable|Leftovers|[from] move: Knock Off|[of] p1a: Toxapex
|
|upkeep
|turn|5
|
|t:|1657538736
|move|p2a: Clefable|Soft-Boiled|p2a: Clefable
|-heal|p2a: Clefable|100/100
|move|p1a: Toxapex|Toxic Spikes|p2a: Clefable
|-sidestart|p2: Steve Omelette|move: Toxic Spikes
|
|-fieldend|move: Electric Terrain
|upkeep
|turn|6
|
|t:|1657538739
|move|p2a: Clefable|Thunder Wave|p1a: Toxapex
|-status|p1a: Toxapex|par
|move|p1a: Toxapex|Toxic Spikes|p2a: Clefable
|-sidestart|p2: Steve Omelette|move: Toxic Spikes
|
|upkeep
|turn|7
|
|t:|1657538744
|move|p2a: Clefable|Calm Mind|p2a: Clefable
|-boost|p2a: Clefable|spa|1
|-boost|p2a: Clefable|spd|1
|move|p1a: Toxapex|Knock Off|p2a: Clefable
|-resisted|p2a: Clefable
|-damage|p2a: Clefable|97/100
|
|upkeep
|turn|8
|
|t:|1657538749
|switch|p1a: Blissey|Blissey, F|100/100
|move|p2a: Clefable|Calm Mind|p2a: Clefable
|-boost|p2a: Clefable|spa|1
|-boost|p2a: Clefable|spd|1
|
|upkeep
|turn|9
|
|t:|1657538752
|switch|p2a: Ferrothorn|Ferrothorn, F|100/100
|move|p1a: Blissey|Stealth Rock|p2a: Ferrothorn
|-sidestart|p2: Steve Omelette|move: Stealth Rock
|
|upkeep
|turn|10
|
|t:|1657538754
|switch|p1a: Toxapex|Toxapex, M|100/100 par
|move|p2a: Ferrothorn|Spikes|p1a: Toxapex
|-sidestart|p1: CloudNineee|Spikes
|
|upkeep
|turn|11
|
|t:|1657538757
|switch|p2a: Clefable|Clefable, M|97/100
|-status|p2a: Clefable|tox
|cant|p1a: Toxapex|par
|
|upkeep
|turn|12
|
|t:|1657538759
|move|p2a: Clefable|Calm Mind|p2a: Clefable
|-boost|p2a: Clefable|spa|1
|-boost|p2a: Clefable|spd|1
|cant|p1a: Toxapex|par
|
|upkeep
|turn|13
|
|t:|1657538761
|move|p2a: Clefable|Calm Mind|p2a: Clefable
|-boost|p2a: Clefable|spa|1
|-boost|p2a: Clefable|spd|1
|move|p1a: Toxapex|Toxic Spikes||[still]
|-fail|p1a: Toxapex
|
|upkeep
|turn|14
|
|t:|1657538764
|move|p2a: Clefable|Calm Mind|p2a: Clefable
|-boost|p2a: Clefable|spa|1
|-boost|p2a: Clefable|spd|1
|move|p1a: Toxapex|Knock Off|p2a: Clefable
|-resisted|p2a: Clefable
|-damage|p2a: Clefable|93/100 tox
|
|upkeep
|turn|15
|
|t:|1657538772
|switch|p1a: Blissey|Blissey, F|100/100
|-damage|p1a: Blissey|88/100|[from] Spikes
|move|p2a: Clefable|Moonblast|p1a: Blissey
|-damage|p1a: Blissey|59/100
|
|-heal|p1a: Blissey|65/100|[from] item: Leftovers
|upkeep
|turn|16
|
|t:|1657538777
|switch|p2a: Landorus|Landorus-Therian, M|100/100
|-damage|p2a: Landorus|88/100|[from] Stealth Rock
|-ability|p2a: Landorus|Intimidate|boost
|-unboost|p1a: Blissey|atk|1
|move|p1a: Blissey|Soft-Boiled|p1a: Blissey
|-heal|p1a: Blissey|100/100
|
|-heal|p2a: Landorus|94/100|[from] item: Leftovers
|upkeep
|turn|17
|
|t:|1657538782
|move|p2a: Landorus|Knock Off|p1a: Blissey
|-damage|p1a: Blissey|74/100
|-enditem|p1a: Blissey|Leftovers|[from] move: Knock Off|[of] p2a: Landorus
|move|p1a: Blissey|Toxic|p2a: Landorus
|-status|p2a: Landorus|tox
|
|-heal|p2a: Landorus|100/100 tox|[from] item: Leftovers
|-damage|p2a: Landorus|94/100 tox|[from] psn
|upkeep
|turn|18
|j| tapu moxo
|
|t:|1657538787
|move|p2a: Landorus|U-turn|p1a: Blissey
|-damage|p1a: Blissey|54/100
|
|t:|1657538790
|switch|p2a: Ferrothorn|Ferrothorn, F|100/100|[from]move: U-turn
|-damage|p2a: Ferrothorn|94/100|[from] Stealth Rock
|move|p1a: Blissey|Soft-Boiled|p1a: Blissey
|-heal|p1a: Blissey|100/100
|
|-heal|p2a: Ferrothorn|100/100|[from] item: Leftovers
|upkeep
|turn|19
|
|t:|1657538794
|switch|p1a: Toxapex|Toxapex, M|100/100 par
|-damage|p1a: Toxapex|88/100 par|[from] Spikes
|move|p2a: Ferrothorn|Leech Seed|p1a: Toxapex
|-start|p1a: Toxapex|move: Leech Seed
|
|-damage|p1a: Toxapex|75/100 par|[from] Leech Seed|[of] p2a: Ferrothorn
|upkeep
|turn|20
|
|t:|1657538797
|switch|p2a: Clefable|Clefable, M|93/100 tox
|switch|p1a: Zapdos|Zapdos|100/100
|
|upkeep
|turn|21
|
|t:|1657538800
|move|p1a: Zapdos|Thunderbolt|p2a: Clefable
|-damage|p2a: Clefable|57/100 tox
|move|p2a: Clefable|Calm Mind|p2a: Clefable
|-boost|p2a: Clefable|spa|1
|-boost|p2a: Clefable|spd|1
|
|upkeep
|turn|22
|
|t:|1657538804
|move|p1a: Zapdos|Thunderbolt|p2a: Clefable
|-damage|p2a: Clefable|33/100 tox
|move|p2a: Clefable|Soft-Boiled|p2a: Clefable
|-heal|p2a: Clefable|83/100 tox
|
|upkeep
|turn|23
|
|t:|1657538807
|switch|p1a: Toxapex|Toxapex, M|100/100 par
|-damage|p1a: Toxapex|88/100 par|[from] Spikes
|move|p2a: Clefable|Calm Mind|p2a: Clefable
|-boost|p2a: Clefable|spa|1
|-boost|p2a: Clefable|spd|1
|
|upkeep
|turn|24
|
|t:|1657538810
|switch|p1a: Blissey|Blissey, F|100/100
|-damage|p1a: Blissey|88/100|[from] Spikes
|move|p2a: Clefable|Calm Mind|p2a: Clefable
|-boost|p2a: Clefable|spa|1
|-boost|p2a: Clefable|spd|1
|
|upkeep
|turn|25
|
|t:|1657538812
|move|p2a: Clefable|Calm Mind|p2a: Clefable
|-boost|p2a: Clefable|spa|1
|-boost|p2a: Clefable|spd|1
|move|p1a: Blissey|Seismic Toss|p2a: Clefable
|-damage|p2a: Clefable|58/100 tox
|
|upkeep
|turn|26
|
|t:|1657538814
|move|p2a: Clefable|Moonblast|p1a: Blissey
|-damage|p1a: Blissey|56/100
|-unboost|p1a: Blissey|spa|1
|move|p1a: Blissey|Seismic Toss|p2a: Clefable
|-damage|p2a: Clefable|32/100 tox
|
|upkeep
|turn|27
|
|t:|1657538817
|move|p2a: Clefable|Soft-Boiled|p2a: Clefable
|-heal|p2a: Clefable|82/100 tox
|move|p1a: Blissey|Soft-Boiled|p1a: Blissey
|-heal|p1a: Blissey|100/100
|
|upkeep
|turn|28
|
|t:|1657538820
|switch|p1a: Toxapex|Toxapex, M|100/100 par
|-damage|p1a: Toxapex|88/100 par|[from] Spikes
|move|p2a: Clefable|Moonblast|p1a: Toxapex
|-resisted|p1a: Toxapex
|-damage|p1a: Toxapex|46/100 par
|
|upkeep
|turn|29
|
|t:|1657538824
|switch|p1a: Clefable|Clefable, M|100/100
|-damage|p1a: Clefable|88/100|[from] Spikes
|move|p2a: Clefable|Moonblast|p1a: Clefable
|-crit|p1a: Clefable
|-damage|p1a: Clefable|44/100
|-unboost|p1a: Clefable|spa|1
|
|-heal|p1a: Clefable|50/100|[from] item: Leftovers
|upkeep
|turn|30
|
|t:|1657538828
|move|p2a: Clefable|Thunder Wave|p1a: Clefable
|-status|p1a: Clefable|par
|move|p1a: Clefable|Soft-Boiled|p1a: Clefable
|-heal|p1a: Clefable|100/100 par
|
|upkeep
|turn|31
|
|t:|1657538830
|move|p2a: Clefable|Moonblast|p1a: Clefable
|-damage|p1a: Clefable|72/100 par
|-unboost|p1a: Clefable|spa|1
|cant|p1a: Clefable|par
|
|-heal|p1a: Clefable|78/100 par|[from] item: Leftovers
|upkeep
|turn|32
|
|t:|1657538834
|move|p2a: Clefable|Moonblast|p1a: Clefable
|-damage|p1a: Clefable|51/100 par
|-unboost|p1a: Clefable|spa|1
|move|p1a: Clefable|Soft-Boiled|p1a: Clefable
|-heal|p1a: Clefable|100/100 par
|
|upkeep
|turn|33
|
|t:|1657538839
|switch|p2a: Ferrothorn|Ferrothorn, F|100/100
|-damage|p2a: Ferrothorn|94/100|[from] Stealth Rock
|move|p1a: Clefable|Calm Mind|p1a: Clefable
|-boost|p1a: Clefable|spa|1
|-boost|p1a: Clefable|spd|1
|
|-heal|p2a: Ferrothorn|100/100|[from] item: Leftovers
|upkeep
|turn|34
|
|t:|1657538843
|switch|p1a: Zapdos|Zapdos|100/100
|move|p2a: Ferrothorn|Spikes|p1a: Zapdos
|-sidestart|p1: CloudNineee|Spikes
|
|upkeep
|turn|35
|
|t:|1657538846
|switch|p2a: Tapu Koko|Tapu Koko|100/100
|-fieldstart|move: Electric Terrain|[from] ability: Electric Surge|[of] p2a: Tapu Koko
|move|p1a: Zapdos|Defog|p2a: Tapu Koko
|-unboost|p2a: Tapu Koko|evasion|1
|-sideend|p2: Steve Omelette|Toxic Spikes|[from] move: Defog|[of] p1a: Zapdos
|-sideend|p2: Steve Omelette|Stealth Rock|[from] move: Defog|[of] p1a: Zapdos
|-sideend|p1: CloudNineee|Spikes|[from] move: Defog|[of] p1a: Zapdos
|-fieldend|move: Electric Terrain
|
|upkeep
|turn|36
|
|t:|1657538855
|switch|p1a: Gastrodon|Gastrodon, M|100/100
|move|p2a: Tapu Koko|Nature's Madness|p1a: Gastrodon
|-damage|p1a: Gastrodon|50/100
|
|-heal|p1a: Gastrodon|57/100|[from] item: Leftovers
|upkeep
|turn|37
|
|t:|1657538860
|switch|p2a: Ferrothorn|Ferrothorn, F|100/100
|move|p1a: Gastrodon|Scald|p2a: Ferrothorn
|-resisted|p2a: Ferrothorn
|-damage|p2a: Ferrothorn|91/100
|-status|p2a: Ferrothorn|brn
|
|-heal|p1a: Gastrodon|63/100|[from] item: Leftovers
|-heal|p2a: Ferrothorn|97/100 brn|[from] item: Leftovers
|-damage|p2a: Ferrothorn|91/100 brn|[from] brn
|upkeep
|turn|38
|
|t:|1657538865
|switch|p1a: Zapdos|Zapdos|100/100
|move|p2a: Ferrothorn|Spikes|p1a: Zapdos
|-sidestart|p1: CloudNineee|Spikes
|
|-heal|p2a: Ferrothorn|97/100 brn|[from] item: Leftovers
|-damage|p2a: Ferrothorn|91/100 brn|[from] brn
|upkeep
|turn|39
|
|t:|1657538868
|switch|p2a: Tapu Koko|Tapu Koko|100/100
|-fieldstart|move: Electric Terrain|[from] ability: Electric Surge|[of] p2a: Tapu Koko
|move|p1a: Zapdos|Defog|p2a: Tapu Koko
|-unboost|p2a: Tapu Koko|evasion|1
|-sideend|p1: CloudNineee|Spikes|[from] move: Defog|[of] p1a: Zapdos
|-fieldend|move: Electric Terrain
|
|upkeep
|turn|40
|
|t:|1657538872
|switch|p1a: Gastrodon|Gastrodon, M|63/100
|move|p2a: Tapu Koko|Nature's Madness|p1a: Gastrodon
|-damage|p1a: Gastrodon|32/100
|
|-heal|p1a: Gastrodon|38/100|[from] item: Leftovers
|upkeep
|turn|41
|
|t:|1657538877
|switch|p2a: Dragonite|Dragonite, M|100/100
|move|p1a: Gastrodon|Recover|p1a: Gastrodon
|-heal|p1a: Gastrodon|88/100
|
|-heal|p1a: Gastrodon|94/100|[from] item: Leftovers
|upkeep
|turn|42
|
|t:|1657538882
|switch|p1a: Toxapex|Toxapex, M|79/100 par
|move|p2a: Dragonite|Heal Bell|p2a: Dragonite
|-activate|p2a: Dragonite|move: Heal Bell
|-curestatus|p2: Clefable|tox|[msg]
|-curestatus|p2: Landorus|tox|[msg]
|-curestatus|p2: Ferrothorn|brn|[msg]
|
|upkeep
|turn|43
|
|t:|1657538890
|switch|p2a: Clefable|Clefable, M|82/100
|cant|p1a: Toxapex|par
|
|upkeep
|turn|44
|
|t:|1657538897
|switch|p1a: Gastrodon|Gastrodon, M|94/100
|move|p2a: Clefable|Calm Mind|p2a: Clefable
|-boost|p2a: Clefable|spa|1
|-boost|p2a: Clefable|spd|1
|
|-heal|p1a: Gastrodon|99/100|[from] item: Leftovers
|upkeep
|turn|45
|
|t:|1657538900
|switch|p2a: Ferrothorn|Ferrothorn, F|91/100
|switch|p1a: Toxapex|Toxapex, M|100/100 par
|
|-heal|p2a: Ferrothorn|97/100|[from] item: Leftovers
|upkeep
|turn|46
|
|t:|1657538903
|switch|p2a: Clefable|Clefable, M|82/100
|move|p1a: Toxapex|Knock Off|p2a: Clefable
|-resisted|p2a: Clefable
|-damage|p2a: Clefable|78/100
|
|upkeep
|turn|47
|
|t:|1657538907
|move|p2a: Clefable|Calm Mind|p2a: Clefable
|-boost|p2a: Clefable|spa|1
|-boost|p2a: Clefable|spd|1
|move|p1a: Toxapex|Toxic Spikes|p2a: Clefable
|-sidestart|p2: Steve Omelette|move: Toxic Spikes
|
|upkeep
|turn|48
|
|t:|1657538910
|switch|p1a: Gastrodon|Gastrodon, M|99/100
|move|p2a: Clefable|Calm Mind|p2a: Clefable
|-boost|p2a: Clefable|spa|1
|-boost|p2a: Clefable|spd|1
|
|-heal|p1a: Gastrodon|100/100|[from] item: Leftovers
|upkeep
|turn|49
|
|t:|1657538912
|switch|p1a: Toxapex|Toxapex, M|100/100 par
|move|p2a: Clefable|Moonblast|p1a: Toxapex
|-resisted|p1a: Toxapex
|-damage|p1a: Toxapex|74/100 par
|-unboost|p1a: Toxapex|spa|1
|
|upkeep
|turn|50
|
|t:|1657538915
|switch|p1a: Gastrodon|Gastrodon, M|100/100
|move|p2a: Clefable|Calm Mind|p2a: Clefable
|-boost|p2a: Clefable|spa|1
|-boost|p2a: Clefable|spd|1
|
|upkeep
|turn|51
|
|t:|1657538917
|switch|p1a: Toxapex|Toxapex, M|100/100 par
|move|p2a: Clefable|Moonblast|p1a: Toxapex
|-resisted|p1a: Toxapex
|-damage|p1a: Toxapex|68/100 par
|-unboost|p1a: Toxapex|spa|1
|
|upkeep
|turn|52
|
|t:|1657538920
|switch|p1a: Gastrodon|Gastrodon, M|100/100
|move|p2a: Clefable|Calm Mind|p2a: Clefable
|-boost|p2a: Clefable|spa|1
|-boost|p2a: Clefable|spd|1
|
|upkeep
|turn|53
|
|t:|1657538922
|move|p1a: Gastrodon|Protect|p1a: Gastrodon
|-singleturn|p1a: Gastrodon|Protect
|move|p2a: Clefable|Moonblast|p1a: Gastrodon
|-activate|p1a: Gastrodon|move: Protect
|
|upkeep
|turn|54
|
|t:|1657538925
|switch|p1a: Toxapex|Toxapex, M|100/100 par
|move|p2a: Clefable|Moonblast|p1a: Toxapex
|-resisted|p1a: Toxapex
|-damage|p1a: Toxapex|63/100 par
|
|upkeep
|turn|55
|
|t:|1657538929
|move|p2a: Clefable|Moonblast|p1a: Toxapex
|-resisted|p1a: Toxapex
|-damage|p1a: Toxapex|25/100 par
|move|p1a: Toxapex|Recover|p1a: Toxapex
|-heal|p1a: Toxapex|75/100 par
|
|upkeep
|turn|56
|
|t:|1657538934
|move|p2a: Clefable|Calm Mind|p2a: Clefable
|-boost|p2a: Clefable|spa|1
|-boost|p2a: Clefable|spd|1
|move|p1a: Toxapex|Recover|p1a: Toxapex
|-heal|p1a: Toxapex|100/100 par
|
|upkeep
|turn|57
|
|t:|1657538937
|switch|p1a: Corviknight|Corviknight, M|100/100
|-ability|p1a: Corviknight|Pressure
|move|p2a: Clefable|Moonblast|p1a: Corviknight
|-resisted|p1a: Corviknight
|-damage|p1a: Corviknight|54/100
|
|-heal|p1a: Corviknight|60/100|[from] item: Leftovers
|upkeep
|turn|58
|
|t:|1657538947
|move|p1a: Corviknight|Roost|p1a: Corviknight
|-heal|p1a: Corviknight|100/100
|-singleturn|p1a: Corviknight|move: Roost
|move|p2a: Clefable|Thunder Wave|p1a: Corviknight
|-status|p1a: Corviknight|par
|
|upkeep
|turn|59
|
|t:|1657538950
|move|p2a: Clefable|Calm Mind|p2a: Clefable
|-boost|p2a: Clefable|spa|1
|-boost|p2a: Clefable|spd|1
|cant|p1a: Corviknight|par
|
|upkeep
|turn|60
|
|t:|1657538953
|move|p2a: Clefable|Moonblast|p1a: Corviknight
|-resisted|p1a: Corviknight
|-damage|p1a: Corviknight|49/100 par
|move|p1a: Corviknight|Roost|p1a: Corviknight
|-heal|p1a: Corviknight|99/100 par
|-singleturn|p1a: Corviknight|move: Roost
|
|-heal|p1a: Corviknight|100/100 par|[from] item: Leftovers
|upkeep
|turn|61
|
|t:|1657538957
|switch|p1a: Toxapex|Toxapex, M|100/100 par
|move|p2a: Clefable|Moonblast|p1a: Toxapex
|-resisted|p1a: Toxapex
|-damage|p1a: Toxapex|46/100 par
|-unboost|p1a: Toxapex|spa|1
|
|upkeep
|turn|62
|
|t:|1657538962
|switch|p1a: Clefable|Clefable, M|100/100 par
|move|p2a: Clefable|Moonblast|p1a: Clefable
|-damage|p1a: Clefable|73/100 par
|
|-heal|p1a: Clefable|79/100 par|[from] item: Leftovers
|upkeep
|turn|63
|
|t:|1657538966
|switch|p2a: Landorus|Landorus-Therian, M|94/100
|-ability|p2a: Landorus|Intimidate|boost
|-unboost|p1a: Clefable|atk|1
|cant|p1a: Clefable|par
|
|-heal|p2a: Landorus|100/100|[from] item: Leftovers
|-heal|p1a: Clefable|85/100 par|[from] item: Leftovers
|upkeep
|turn|64
|
|t:|1657538973
|switch|p1a: Corviknight|Corviknight, M|100/100 par
|-ability|p1a: Corviknight|Pressure
|move|p2a: Landorus|Knock Off|p1a: Corviknight
|-damage|p1a: Corviknight|81/100 par
|-enditem|p1a: Corviknight|Leftovers|[from] move: Knock Off|[of] p2a: Landorus
|
|upkeep
|turn|65
|
|t:|1657538978
|move|p2a: Landorus|Stealth Rock|p1a: Corviknight
|-sidestart|p1: CloudNineee|move: Stealth Rock
|move|p1a: Corviknight|Iron Defense|p1a: Corviknight
|-boost|p1a: Corviknight|def|2
|
|upkeep
|turn|66
|
|t:|1657538982
|switch|p2a: Tapu Koko|Tapu Koko|100/100
|-fieldstart|move: Electric Terrain|[from] ability: Electric Surge|[of] p2a: Tapu Koko
|cant|p1a: Corviknight|par
|
|upkeep
|turn|67
|
|t:|1657538985
|switch|p1a: Gastrodon|Gastrodon, M|100/100
|-damage|p1a: Gastrodon|94/100|[from] Stealth Rock
|move|p2a: Tapu Koko|Nature's Madness|p1a: Gastrodon
|-damage|p1a: Gastrodon|47/100
|
|-heal|p1a: Gastrodon|54/100|[from] item: Leftovers
|upkeep
|turn|68
|
|t:|1657538990
|switch|p2a: Ferrothorn|Ferrothorn, F|97/100
|move|p1a: Gastrodon|Scald|p2a: Ferrothorn
|-resisted|p2a: Ferrothorn
|-damage|p2a: Ferrothorn|87/100
|-status|p2a: Ferrothorn|brn
|
|-heal|p1a: Gastrodon|60/100|[from] item: Leftovers
|-heal|p2a: Ferrothorn|93/100 brn|[from] item: Leftovers
|-damage|p2a: Ferrothorn|87/100 brn|[from] brn
|upkeep
|turn|69
|
|t:|1657538997
|switch|p1a: Zapdos|Zapdos|100/100
|move|p2a: Ferrothorn|Leech Seed|p1a: Zapdos
|-start|p1a: Zapdos|move: Leech Seed
|
|-heal|p2a: Ferrothorn|93/100 brn|[from] item: Leftovers
|-damage|p1a: Zapdos|88/100|[from] Leech Seed|[of] p2a: Ferrothorn
|-heal|p2a: Ferrothorn|100/100 brn|[silent]
|-damage|p2a: Ferrothorn|94/100 brn|[from] brn
|upkeep
|turn|70
|
|t:|1657539000
|switch|p1a: Toxapex|Toxapex, M|79/100 par
|-damage|p1a: Toxapex|66/100 par|[from] Stealth Rock
|move|p2a: Ferrothorn|Spikes|p1a: Toxapex
|-sidestart|p1: CloudNineee|Spikes
|
|-heal|p2a: Ferrothorn|100/100 brn|[from] item: Leftovers
|-damage|p2a: Ferrothorn|94/100 brn|[from] brn
|-fieldend|move: Electric Terrain
|upkeep
|turn|71
|
|t:|1657539011
|switch|p2a: Tapu Koko|Tapu Koko|100/100
|-fieldstart|move: Electric Terrain|[from] ability: Electric Surge|[of] p2a: Tapu Koko
|move|p1a: Toxapex|Knock Off|p2a: Tapu Koko
|-resisted|p2a: Tapu Koko
|-crit|p2a: Tapu Koko
|-damage|p2a: Tapu Koko|86/100
|-enditem|p2a: Tapu Koko|Heavy-Duty Boots|[from] move: Knock Off|[of] p1a: Toxapex
|
|upkeep
|turn|72
|
|t:|1657539017
|switch|p1a: Blissey|Blissey, F|100/100
|-damage|p1a: Blissey|88/100|[from] Stealth Rock
|-damage|p1a: Blissey|76/100|[from] Spikes
|move|p2a: Tapu Koko|Dazzling Gleam|p1a: Blissey
|-damage|p1a: Blissey|63/100
|
|upkeep
|turn|73
|
|t:|1657539020
|move|p2a: Tapu Koko|Volt Switch|p1a: Blissey
|-crit|p1a: Blissey
|-damage|p1a: Blissey|42/100
|
|t:|1657539023
|switch|p2a: Landorus|Landorus-Therian, M|100/100|[from]move: Volt Switch
|-ability|p2a: Landorus|Intimidate|boost
|-unboost|p1a: Blissey|atk|1
|move|p1a: Blissey|Toxic|p2a: Landorus
|-status|p2a: Landorus|tox
|
|-damage|p2a: Landorus|94/100 tox|[from] psn
|upkeep
|turn|74
|
|t:|1657539028
|switch|p1a: Zapdos|Zapdos|88/100
|move|p2a: Landorus|U-turn|p1a: Zapdos
|-resisted|p1a: Zapdos
|-damage|p1a: Zapdos|80/100
|
|t:|1657539033
|switch|p2a: Clefable|Clefable, M|78/100|[from]move: U-turn
|-status|p2a: Clefable|psn
|
|upkeep
|turn|75
|
|t:|1657539036
|move|p1a: Zapdos|Defog|p2a: Clefable
|-unboost|p2a: Clefable|evasion|1
|-sideend|p2: Steve Omelette|Toxic Spikes|[from] move: Defog|[of] p1a: Zapdos
|-sideend|p1: CloudNineee|Spikes|[from] move: Defog|[of] p1a: Zapdos
|-sideend|p1: CloudNineee|Stealth Rock|[from] move: Defog|[of] p1a: Zapdos
|-fieldend|move: Electric Terrain
|move|p2a: Clefable|Moonblast|p1a: Zapdos
|-damage|p1a: Zapdos|51/100
|
|upkeep
|turn|76
|j| Arnaud senju vgc
|-message|Steve Omelette forfeited.
|
|win|CloudNineee
|raw|CloudNineee's rating: 1854 &rarr; <strong>1872</strong><br />(+18 for winning)
|raw|Steve Omelette's rating: 1823 &rarr; <strong>1805</strong><br />(-18 for losing)
|l|☆Steve Omelette
||Ladder isn't responding, score probably updated but might not have (Request timeout).
|l|‽CloudNineee
|l| tapu moxo
