|raw|<div class="broadcast-blue"><strong>This battle is required to be public due to a player having a name starting with 'lt92pf'.</div>
|j|‽hypervortexreturns
|j|☆LT92PF pop smoke
|t:|1660240473
|gametype|singles
|player|p1|hypervortexreturns|1|1984
|player|p2|LT92PF pop smoke|lyra|1993
|teamsize|p1|6
|teamsize|p2|6
|gen|8
|tier|[Gen 8] OU
|rated|
|rule|Sleep Clause Mod: Limit one foe put to sleep
|rule|Species Clause: Limit one of each Pokémon
|rule|OHKO Clause: OHKO moves are banned
|rule|Evasion Items Clause: Evasion items are banned
|rule|Evasion Moves Clause: Evasion moves are banned
|rule|Endless Battle Clause: Forcing endless battles is banned
|rule|HP Percentage Mod: HP is shown in percentages
|rule|Dynamax Clause: You cannot dynamax
|clearpoke
|poke|p1|Hydreigon, M|
|poke|p1|Zapdos|
|poke|p1|Tangrowth, F|
|poke|p1|Corviknight, F|
|poke|p1|Excadrill, F|
|poke|p1|Azumarill, F|
|poke|p2|Pelipper, M|
|poke|p2|Urshifu-*, M|
|poke|p2|Dragapult, M|
|poke|p2|Landorus-Therian, M|
|poke|p2|Melmetal|
|poke|p2|Tapu Lele|
|teampreview
|inactive|Battle timer is ON: inactive players will automatically lose when time's up. (requested by LT92PF pop smoke)
|j| playa13
|inactive|LT92PF pop smoke has 120 seconds left.
|
|t:|1660240507
|start
|switch|p1a: Azumarill|Azumarill, F|100/100
|switch|p2a: Dragapult|Dragapult, M|100/100
|turn|1
|j| Plasmeek
|j| LT92PF Ayk
|j| BraveThunder
|
|t:|1660240528
|move|p2a: Dragapult|Thunder|p1a: Azumarill
|-supereffective|p1a: Azumarill
|-damage|p1a: Azumarill|0 fnt
|faint|p1a: Azumarill
|
|upkeep
|j| LT92PF Pachito
|l| BraveThunder
|j| Isza
|c|☆LT92PF pop smoke|gone
|
|t:|1660240537
|switch|p1a: Excadrill|Excadrill, F|100/100
|turn|2
|j| LT92PF Black Lotus
|j| hjksgdf
|c| Isza|Smoked
|j| boogiewdahoodie
|
|t:|1660240547
|switch|p2a: Pelipper|Pelipper, M|100/100
|-weather|RainDance|[from] ability: Drizzle|[of] p2a: Pelipper
|move|p1a: Excadrill|Stealth Rock|p2a: Pelipper
|-sidestart|p2: LT92PF pop smoke|move: Stealth Rock
|
|-weather|RainDance|[upkeep]
|upkeep
|turn|3
|j| teambuildr
|
|t:|1660240562
|switch|p1a: Hydreigon|Hydreigon, M|100/100
|move|p2a: Pelipper|Weather Ball|p1a: Hydreigon
|-resisted|p1a: Hydreigon
|-damage|p1a: Hydreigon|53/100
|
|-weather|RainDance|[upkeep]
|-heal|p1a: Hydreigon|60/100|[from] item: Leftovers
|upkeep
|turn|4
|c|☆LT92PF pop smoke|0
|j| yotsuba 420
|j| odin77
|
|t:|1660240572
|switch|p2a: Urshifu|Urshifu-Rapid-Strike, M|100/100
|-damage|p2a: Urshifu|94/100|[from] Stealth Rock
|move|p1a: Hydreigon|Dark Pulse|p2a: Urshifu
|-resisted|p2a: Urshifu
|-damage|p2a: Urshifu|68/100
|
|-weather|RainDance|[upkeep]
|-heal|p1a: Hydreigon|66/100|[from] item: Leftovers
|upkeep
|turn|5
|j| Miraidon glitch
|j| geiler arsch
|c| geiler arsch|how long does the cycle still go
|
|t:|1660240599
|switch|p1a: Tangrowth|Tangrowth, F|100/100
|move|p2a: Urshifu|U-turn|p1a: Tangrowth
|-supereffective|p1a: Tangrowth
|-damage|p1a: Tangrowth|71/100
|-damage|p2a: Urshifu|52/100|[from] item: Rocky Helmet|[of] p1a: Tangrowth
|j| Rubiaa
|
|t:|1660240605
|switch|p2a: Dragapult|Dragapult, M|100/100|[from]move: U-turn
|-damage|p2a: Dragapult|88/100|[from] Stealth Rock
|
|-weather|RainDance|[upkeep]
|upkeep
|turn|6
|j| LT92PF gxkh
|l| Miraidon glitch
|j| Ten Three One
|j| Miraidon glitch
|inactive|hypervortexreturns has 120 seconds left.
|c|☆LT92PF pop smoke|22 hours 2 minutes 50 seconds
|j| Toxigen
|
|t:|1660240636
|switch|p1a: Corviknight|Corviknight, F|100/100
|-ability|p1a: Corviknight|Pressure
|move|p2a: Dragapult|Shadow Ball|p1a: Corviknight
|-damage|p1a: Corviknight|58/100
|
|-weather|none
|-heal|p1a: Corviknight|65/100|[from] item: Leftovers
|upkeep
|turn|7
|c| Miraidon glitch|2 minutes
|
|t:|1660240650
|move|p2a: Dragapult|Shadow Ball|p1a: Corviknight
|-damage|p1a: Corviknight|24/100
|move|p1a: Corviknight|Roost|p1a: Corviknight
|-heal|p1a: Corviknight|74/100
|-singleturn|p1a: Corviknight|move: Roost
|
|-heal|p1a: Corviknight|80/100|[from] item: Leftovers
|upkeep
|turn|8
|
|t:|1660240665
|switch|p1a: Hydreigon|Hydreigon, M|66/100
|move|p2a: Dragapult|Shadow Ball|p1a: Hydreigon
|-resisted|p1a: Hydreigon
|-damage|p1a: Hydreigon|38/100
|
|-heal|p1a: Hydreigon|45/100|[from] item: Leftovers
|upkeep
|turn|9
|
|t:|1660240675
|switch|p2a: Melmetal|Melmetal|100/100
|-damage|p2a: Melmetal|94/100|[from] Stealth Rock
|move|p1a: Hydreigon|Roost|p1a: Hydreigon
|-heal|p1a: Hydreigon|95/100
|-singleturn|p1a: Hydreigon|move: Roost
|
|-heal|p1a: Hydreigon|100/100|[from] item: Leftovers
|-heal|p2a: Melmetal|100/100|[from] item: Leftovers
|upkeep
|turn|10
|inactive|hypervortexreturns has 120 seconds left.
|
|t:|1660240691
|switch|p1a: Tangrowth|Tangrowth, F|100/100
|move|p2a: Melmetal|Toxic|p1a: Tangrowth
|-status|p1a: Tangrowth|tox
|
|-damage|p1a: Tangrowth|94/100 tox|[from] psn
|upkeep
|turn|11
|j| Wicket Ticket
|l| LT92PF Ayk
|
|t:|1660240699
|switch|p2a: Landorus|Landorus-Therian, M|100/100
|-damage|p2a: Landorus|88/100|[from] Stealth Rock
|-ability|p2a: Landorus|Intimidate|boost
|-unboost|p1a: Tangrowth|atk|1
|move|p1a: Tangrowth|Knock Off|p2a: Landorus
|-damage|p2a: Landorus|77/100
|-enditem|p2a: Landorus|Eject Button|[from] move: Knock Off|[of] p1a: Tangrowth
|
|-damage|p1a: Tangrowth|82/100 tox|[from] psn
|upkeep
|turn|12
|c| boogiewdahoodie|wasg popsmoke
|inactive|hypervortexreturns has 120 seconds left.
|c| boogiewdahoodie|the wooo
|j| LT92PF Dflo
|
|t:|1660240721
|move|p2a: Landorus|Defog|p1a: Tangrowth
|-unboost|p1a: Tangrowth|evasion|1
|-sideend|p2: LT92PF pop smoke|Stealth Rock|[from] move: Defog|[of] p2a: Landorus
|move|p1a: Tangrowth|Sleep Powder|p2a: Landorus
|-status|p2a: Landorus|slp|[from] move: Sleep Powder
|
|-damage|p1a: Tangrowth|63/100 tox|[from] psn
|upkeep
|turn|13
|
|t:|1660240736
|cant|p2a: Landorus|slp
|move|p1a: Tangrowth|Knock Off|p2a: Landorus
|-damage|p2a: Landorus|69/100 slp
|
|-damage|p1a: Tangrowth|39/100 tox|[from] psn
|upkeep
|turn|14
|
|t:|1660240744
|switch|p1a: Zapdos|Zapdos|100/100
|cant|p2a: Landorus|slp
|
|upkeep
|turn|15
|
|t:|1660240751
|move|p1a: Zapdos|Hurricane|p2a: Landorus
|-damage|p2a: Landorus|23/100 slp
|-start|p2a: Landorus|confusion
|cant|p2a: Landorus|slp
|
|upkeep
|turn|16
|
|t:|1660240765
|switch|p2a: Melmetal|Melmetal|100/100
|move|p1a: Zapdos|Hurricane|p2a: Melmetal
|-resisted|p2a: Melmetal
|-damage|p2a: Melmetal|83/100
|
|-heal|p2a: Melmetal|89/100|[from] item: Leftovers
|upkeep
|turn|17
|
|t:|1660240785
|switch|p1a: Tangrowth|Tangrowth, F|72/100 tox
|move|p2a: Melmetal|Protect||[still]
|-fail|p2a: Melmetal
|
|-heal|p2a: Melmetal|95/100|[from] item: Leftovers
|-damage|p1a: Tangrowth|66/100 tox|[from] psn
|upkeep
|turn|18
|n| LT92PF ISZA|isza
|l| Miraidon glitch
|
|t:|1660240796
|move|p2a: Melmetal|Protect|p2a: Melmetal
|-singleturn|p2a: Melmetal|Protect
|move|p1a: Tangrowth|Knock Off|p2a: Melmetal
|-activate|p2a: Melmetal|move: Protect
|
|-heal|p2a: Melmetal|100/100|[from] item: Leftovers
|-damage|p1a: Tangrowth|53/100 tox|[from] psn
|upkeep
|turn|19
|
|t:|1660240810
|switch|p1a: Corviknight|Corviknight, F|80/100
|-ability|p1a: Corviknight|Pressure
|switch|p2a: Pelipper|Pelipper, M|100/100
|-weather|RainDance|[from] ability: Drizzle|[of] p2a: Pelipper
|
|-weather|RainDance|[upkeep]
|-heal|p1a: Corviknight|86/100|[from] item: Leftovers
|upkeep
|turn|20
|j| BabyPigsAreLaughin
|l| LT92PF ISZA
|l| LT92PF Black Lotus
|
|t:|1660240846
|switch|p1a: Hydreigon|Hydreigon, M|100/100
|move|p2a: Pelipper|Weather Ball|p1a: Hydreigon
|-resisted|p1a: Hydreigon
|-crit|p1a: Hydreigon
|-damage|p1a: Hydreigon|29/100
|
|-weather|RainDance|[upkeep]
|-heal|p1a: Hydreigon|36/100|[from] item: Leftovers
|upkeep
|turn|21
|inactive|hypervortexreturns has 90 seconds left.
|
|t:|1660240865
|switch|p2a: Tapu Lele|Tapu Lele|100/100
|-fieldstart|move: Psychic Terrain|[from] ability: Psychic Surge|[of] p2a: Tapu Lele
|move|p1a: Hydreigon|Dark Pulse|p2a: Tapu Lele
|-damage|p2a: Tapu Lele|66/100
|
|-weather|RainDance|[upkeep]
|-heal|p1a: Hydreigon|42/100|[from] item: Leftovers
|upkeep
|turn|22
|j| stantlerdude63
|j|@TPP
|inactive|hypervortexreturns has 90 seconds left.
|l| LT92PF gxkh
|
|t:|1660240883
|switch|p1a: Excadrill|Excadrill, F|100/100
|move|p2a: Tapu Lele|Future Sight|p1a: Excadrill
|-start|p2a: Tapu Lele|move: Future Sight
|
|-weather|RainDance|[upkeep]
|upkeep
|turn|23
|inactive|hypervortexreturns has 90 seconds left.
|l|@TPP
|
|t:|1660240902
|move|p1a: Excadrill|Stealth Rock|p2a: Tapu Lele
|-sidestart|p2: LT92PF pop smoke|move: Stealth Rock
|move|p2a: Tapu Lele|Focus Blast|p1a: Excadrill|[miss]
|-miss|p2a: Tapu Lele|p1a: Excadrill
|
|-weather|none
|upkeep
|turn|24
|
|t:|1660240910
|switch|p2a: Pelipper|Pelipper, M|100/100
|-damage|p2a: Pelipper|76/100|[from] Stealth Rock
|-weather|RainDance|[from] ability: Drizzle|[of] p2a: Pelipper
|move|p1a: Excadrill|Iron Head|p2a: Pelipper
|-resisted|p2a: Pelipper
|-damage|p2a: Pelipper|49/100
|
|-weather|RainDance|[upkeep]
|-end|p1a: Excadrill|move: Future Sight
|-resisted|p1a: Excadrill
|-damage|p1a: Excadrill|46/100
|-heal|p1a: Excadrill|52/100|[from] item: Leftovers
|upkeep
|turn|25
|inactive|hypervortexreturns has 90 seconds left.
|
|t:|1660240929
|move|p1a: Excadrill|Iron Head|p2a: Pelipper
|-resisted|p2a: Pelipper
|-damage|p2a: Pelipper|23/100
|move|p2a: Pelipper|Weather Ball|p1a: Excadrill
|-supereffective|p1a: Excadrill
|-damage|p1a: Excadrill|0 fnt
|faint|p1a: Excadrill
|
|-weather|RainDance|[upkeep]
|-fieldend|move: Psychic Terrain
|upkeep
|l| stantlerdude63
|l| LT92PF Pachito
|
|t:|1660240940
|switch|p1a: Hydreigon|Hydreigon, M|42/100
|turn|26
|
|t:|1660240945
|switch|p2a: Melmetal|Melmetal|100/100
|-damage|p2a: Melmetal|94/100|[from] Stealth Rock
|move|p1a: Hydreigon|Roost|p1a: Hydreigon
|-heal|p1a: Hydreigon|92/100
|-singleturn|p1a: Hydreigon|move: Roost
|
|-weather|RainDance|[upkeep]
|-heal|p1a: Hydreigon|98/100|[from] item: Leftovers
|-heal|p2a: Melmetal|100/100|[from] item: Leftovers
|upkeep
|turn|27
|inactive|hypervortexreturns has 90 seconds left.
|
|t:|1660240966
|switch|p1a: Tangrowth|Tangrowth, F|86/100 tox
|move|p2a: Melmetal|Toxic|p1a: Tangrowth|[miss]
|-miss|p2a: Melmetal|p1a: Tangrowth
|
|-weather|RainDance|[upkeep]
|-damage|p1a: Tangrowth|80/100 tox|[from] psn
|upkeep
|turn|28
|j| SlowSunbird
|
|t:|1660240976
|move|p2a: Melmetal|Protect|p2a: Melmetal
|-singleturn|p2a: Melmetal|Protect
|move|p1a: Tangrowth|Knock Off|p2a: Melmetal
|-activate|p2a: Melmetal|move: Protect
|
|-weather|none
|-damage|p1a: Tangrowth|68/100 tox|[from] psn
|upkeep
|turn|29
|
|t:|1660240996
|move|p1a: Tangrowth|Knock Off|p2a: Melmetal
|-damage|p2a: Melmetal|88/100
|-enditem|p2a: Melmetal|Leftovers|[from] move: Knock Off|[of] p1a: Tangrowth
|move|p2a: Melmetal|Double Iron Bash|p1a: Tangrowth
|-damage|p1a: Tangrowth|50/100 tox
|-damage|p2a: Melmetal|72/100|[from] item: Rocky Helmet|[of] p1a: Tangrowth
|-damage|p1a: Tangrowth|29/100 tox
|-damage|p2a: Melmetal|55/100|[from] item: Rocky Helmet|[of] p1a: Tangrowth
|-hitcount|p1a: Tangrowth|2
|
|-damage|p1a: Tangrowth|10/100 tox|[from] psn
|upkeep
|turn|30
|inactive|hypervortexreturns has 90 seconds left.
|
|t:|1660241011
|switch|p1a: Corviknight|Corviknight, F|86/100
|-ability|p1a: Corviknight|Pressure
|switch|p2a: Landorus|Landorus-Therian, M|23/100 slp
|-damage|p2a: Landorus|11/100 slp|[from] Stealth Rock
|-ability|p2a: Landorus|Intimidate|boost
|-unboost|p1a: Corviknight|atk|1
|
|-heal|p1a: Corviknight|93/100|[from] item: Leftovers
|upkeep
|turn|31
|inactive|hypervortexreturns has 90 seconds left.
|
|t:|1660241023
|-curestatus|p2a: Landorus|slp|[msg]
|move|p2a: Landorus|Defog|p1a: Corviknight
|-unboost|p1a: Corviknight|evasion|1
|-sideend|p2: LT92PF pop smoke|Stealth Rock|[from] move: Defog|[of] p2a: Landorus
|move|p1a: Corviknight|Brave Bird|p2a: Landorus
|-damage|p2a: Landorus|0 fnt
|faint|p2a: Landorus
|-damage|p1a: Corviknight|89/100|[from] Recoil
|
|-heal|p1a: Corviknight|96/100|[from] item: Leftovers
|upkeep
|
|t:|1660241028
|switch|p2a: Tapu Lele|Tapu Lele|66/100
|-fieldstart|move: Psychic Terrain|[from] ability: Psychic Surge|[of] p2a: Tapu Lele
|turn|32
|inactive|hypervortexreturns has 90 seconds left.
|l| geiler arsch
|j| LT92PF Pachito
|l| teambuildr
|l| hjksgdf
|inactive|hypervortexreturns has 60 seconds left.
|l| yotsuba 420
|
|t:|1660241089
|move|p2a: Tapu Lele|Future Sight|p1a: Corviknight
|-start|p2a: Tapu Lele|move: Future Sight
|move|p1a: Corviknight|Brave Bird|p2a: Tapu Lele
|-damage|p2a: Tapu Lele|29/100
|-damage|p1a: Corviknight|87/100|[from] Recoil
|
|-heal|p1a: Corviknight|93/100|[from] item: Leftovers
|upkeep
|turn|33
|
|t:|1660241099
|switch|p2a: Dragapult|Dragapult, M|88/100
|move|p1a: Corviknight|Brave Bird|p2a: Dragapult
|-damage|p2a: Dragapult|55/100
|-damage|p1a: Corviknight|84/100|[from] Recoil
|
|-heal|p1a: Corviknight|91/100|[from] item: Leftovers
|upkeep
|turn|34
|l| Rubiaa
|inactive|hypervortexreturns has 30 seconds left.
|
|t:|1660241128
|switch|p1a: Tangrowth|Tangrowth, F|44/100 tox
|move|p2a: Dragapult|Draco Meteor|p1a: Tangrowth
|-damage|p1a: Tangrowth|0 fnt
|-unboost|p2a: Dragapult|spa|2
|faint|p1a: Tangrowth
|
|-hint|Future Sight did not hit because the target is fainted.
|upkeep
|inactive|hypervortexreturns has 30 seconds left.
|
|t:|1660241142
|switch|p1a: Zapdos|Zapdos|100/100
|turn|35
|inactive|hypervortexreturns has 30 seconds left.
|j| imburningbabe
|inactive|LT92PF pop smoke has 120 seconds left.
|
|t:|1660241184
|switch|p2a: Melmetal|Melmetal|55/100
|move|p1a: Zapdos|Discharge|p2a: Melmetal
|-damage|p2a: Melmetal|31/100
|
|upkeep
|turn|36
|inactive|hypervortexreturns has 30 seconds left.
|j| Zombini62
|inactive|hypervortexreturns has 20 seconds left.
|inactive|hypervortexreturns has 15 seconds left.
|
|t:|1660241215
|switch|p1a: Corviknight|Corviknight, F|91/100
|-ability|p1a: Corviknight|Pressure
|move|p2a: Melmetal|Toxic|p1a: Corviknight
|-immune|p1a: Corviknight
|
|-heal|p1a: Corviknight|97/100|[from] item: Leftovers
|-fieldend|move: Psychic Terrain
|upkeep
|turn|37
|inactive|hypervortexreturns has 25 seconds left this turn.
|inactive|hypervortexreturns has 20 seconds left.
|j| Kashmir Sweater
|inactive|hypervortexreturns has 15 seconds left.
|j| LT92PF ISZA
|
|t:|1660241226
|switch|p2a: Pelipper|Pelipper, M|23/100
|-weather|RainDance|[from] ability: Drizzle|[of] p2a: Pelipper
|move|p1a: Corviknight|Brave Bird|p2a: Pelipper
|-damage|p2a: Pelipper|0 fnt
|faint|p2a: Pelipper
|-damage|p1a: Corviknight|92/100|[from] Recoil
|
|-weather|RainDance|[upkeep]
|-heal|p1a: Corviknight|98/100|[from] item: Leftovers
|upkeep
|inactive|hypervortexreturns has 20 seconds left this turn.
|
|t:|1660241230
|switch|p2a: Dragapult|Dragapult, M|55/100
|turn|38
|inactive|hypervortexreturns has 30 seconds left this turn.
|j| DukeStarr
|l| Zombini62
|inactive|hypervortexreturns has 20 seconds left.
|inactive|hypervortexreturns has 15 seconds left.
|inactive|hypervortexreturns has 10 seconds left.
|
|t:|1660241251
|switch|p1a: Hydreigon|Hydreigon, M|98/100
|move|p2a: Dragapult|Draco Meteor|p1a: Hydreigon|[miss]
|-miss|p2a: Dragapult|p1a: Hydreigon
|
|-weather|RainDance|[upkeep]
|-heal|p1a: Hydreigon|100/100|[from] item: Leftovers
|upkeep
|turn|39
|inactive|hypervortexreturns has 20 seconds left this turn.
|c|☆LT92PF pop smoke|,
|inactive|hypervortexreturns has 15 seconds left.
|inactive|hypervortexreturns has 10 seconds left.
|
|t:|1660241262
|switch|p2a: Urshifu|Urshifu-Rapid-Strike, M|52/100
|switch|p1a: Corviknight|Corviknight, F|98/100
|-ability|p1a: Corviknight|Pressure
|
|-weather|RainDance|[upkeep]
|-heal|p1a: Corviknight|100/100|[from] item: Leftovers
|upkeep
|turn|40
|inactive|hypervortexreturns has 20 seconds left this turn.
|inactive|hypervortexreturns has 15 seconds left.
|inactive|hypervortexreturns has 10 seconds left.
|
|t:|1660241283
|switch|p2a: Dragapult|Dragapult, M|55/100
|move|p1a: Corviknight|Brave Bird|p2a: Dragapult
|-damage|p2a: Dragapult|6/100
|-damage|p1a: Corviknight|88/100|[from] Recoil
|
|-weather|RainDance|[upkeep]
|-heal|p1a: Corviknight|94/100|[from] item: Leftovers
|upkeep
|turn|41
|inactive|hypervortexreturns has 20 seconds left this turn.
|inactive|hypervortexreturns has 15 seconds left.
|inactive|hypervortexreturns has 10 seconds left.
|inactive|LT92PF pop smoke has 90 seconds left.
|
|t:|1660241305
|switch|p1a: Hydreigon|Hydreigon, M|100/100
|move|p2a: Dragapult|Thunder|p1a: Hydreigon
|-resisted|p1a: Hydreigon
|-damage|p1a: Hydreigon|74/100
|
|-weather|none
|-heal|p1a: Hydreigon|80/100|[from] item: Leftovers
|upkeep
|turn|42
|inactive|hypervortexreturns has 20 seconds left this turn.
|inactive|hypervortexreturns has 15 seconds left.
|c| boogiewdahoodie|tjay how u chjoking this
|
|t:|1660241315
|switch|p2a: Urshifu|Urshifu-Rapid-Strike, M|52/100
|move|p1a: Hydreigon|Earth Power|p2a: Urshifu
|-damage|p2a: Urshifu|16/100
|
|-heal|p1a: Hydreigon|86/100|[from] item: Leftovers
|upkeep
|turn|43
|inactive|hypervortexreturns has 25 seconds left this turn.
|inactive|hypervortexreturns has 20 seconds left.
|inactive|hypervortexreturns has 15 seconds left.
|
|t:|1660241326
|switch|p1a: Zapdos|Zapdos|100/100
|move|p2a: Urshifu|U-turn|p1a: Zapdos
|-resisted|p1a: Zapdos
|-damage|p1a: Zapdos|87/100
|inactive|hypervortexreturns has 20 seconds left this turn.
|c|☆LT92PF pop smoke|did u not see me miss
|
|t:|1660241331
|switch|p2a: Dragapult|Dragapult, M|6/100|[from]move: U-turn
|
|upkeep
|turn|44
|inactive|hypervortexreturns has 30 seconds left this turn.
|inactive|hypervortexreturns has 20 seconds left.
|
|t:|1660241342
|switch|p1a: Corviknight|Corviknight, F|94/100
|-ability|p1a: Corviknight|Pressure
|move|p2a: Dragapult|Thunder|p1a: Corviknight
|-supereffective|p1a: Corviknight
|-damage|p1a: Corviknight|15/100
|-status|p1a: Corviknight|par
|
|-heal|p1a: Corviknight|22/100 par|[from] item: Leftovers
|upkeep
|turn|45
|inactive|hypervortexreturns has 30 seconds left this turn.
|inactive|hypervortexreturns has 20 seconds left.
|inactive|LT92PF pop smoke has 120 seconds left.
|
|t:|1660241365
|switch|p1a: Hydreigon|Hydreigon, M|86/100
|move|p2a: Dragapult|Thunder|p1a: Hydreigon
|-resisted|p1a: Hydreigon
|-damage|p1a: Hydreigon|61/100
|-status|p1a: Hydreigon|par
|
|-heal|p1a: Hydreigon|67/100 par|[from] item: Leftovers
|upkeep
|turn|46
|inactive|hypervortexreturns has 30 seconds left this turn.
|inactive|hypervortexreturns has 20 seconds left.
|l| SlowSunbird
|
|t:|1660241389
|switch|p2a: Melmetal|Melmetal|31/100
|move|p1a: Hydreigon|Dark Pulse|p2a: Melmetal
|-damage|p2a: Melmetal|6/100
|
|-heal|p1a: Hydreigon|73/100 par|[from] item: Leftovers
|upkeep
|turn|47
|inactive|hypervortexreturns has 30 seconds left this turn.
|l| LT92PF ISZA
|
|t:|1660241398
|move|p1a: Hydreigon|Dark Pulse|p2a: Melmetal
|-damage|p2a: Melmetal|0 fnt
|faint|p2a: Melmetal
|
|-heal|p1a: Hydreigon|80/100 par|[from] item: Leftovers
|upkeep
|inactive|hypervortexreturns has 30 seconds left this turn.
|inactive|LT92PF pop smoke has 90 seconds left.
|
|t:|1660241442
|switch|p2a: Tapu Lele|Tapu Lele|29/100
|-fieldstart|move: Psychic Terrain|[from] ability: Psychic Surge|[of] p2a: Tapu Lele
|turn|48
|inactive|hypervortexreturns has 30 seconds left.
|inactive|hypervortexreturns has 20 seconds left.
|
|t:|1660241467
|move|p2a: Tapu Lele|Moonblast|p1a: Hydreigon
|-supereffective|p1a: Hydreigon
|-damage|p1a: Hydreigon|0 fnt
|faint|p1a: Hydreigon
|
|upkeep
|inactive|hypervortexreturns has 25 seconds left this turn.
|inactive|hypervortexreturns has 20 seconds left.
|
|t:|1660241472
|switch|p1a: Zapdos|Zapdos|87/100
|turn|49
|inactive|hypervortexreturns has 30 seconds left this turn.
|inactive|LT92PF pop smoke has 90 seconds left.
|
|t:|1660241485
|move|p1a: Zapdos|Discharge|p2a: Tapu Lele
|-damage|p2a: Tapu Lele|0 fnt
|faint|p2a: Tapu Lele
|
|upkeep
|
|t:|1660241489
|switch|p2a: Dragapult|Dragapult, M|6/100
|turn|50
|inactive|LT92PF pop smoke has 90 seconds left.
|
|t:|1660241522
|switch|p1a: Corviknight|Corviknight, F|22/100 par
|-ability|p1a: Corviknight|Pressure
|move|p2a: Dragapult|Shadow Ball|p1a: Corviknight
|-crit|p1a: Corviknight
|-damage|p1a: Corviknight|0 fnt
|faint|p1a: Corviknight
|
|upkeep
|j| BLACK L0TU$
|
|t:|1660241532
|switch|p1a: Zapdos|Zapdos|87/100
|turn|51
|
|t:|1660241545
|move|p2a: Dragapult|Shadow Ball|p1a: Zapdos
|-damage|p1a: Zapdos|35/100
|move|p1a: Zapdos|Discharge|p2a: Dragapult
|-resisted|p2a: Dragapult
|-damage|p2a: Dragapult|0 fnt
|faint|p2a: Dragapult
|
|upkeep
|
|t:|1660241548
|switch|p2a: Urshifu|Urshifu-Rapid-Strike, M|16/100
|turn|52
|
|t:|1660241556
|move|p2a: Urshifu|Surging Strikes|p1a: Zapdos
|-crit|p1a: Zapdos
|-damage|p1a: Zapdos|15/100
|-crit|p1a: Zapdos
|-damage|p1a: Zapdos|0 fnt
|faint|p1a: Zapdos
|-hitcount|p1: Zapdos|2
|
|win|LT92PF pop smoke
|raw|hypervortexreturns's rating: 1984 &rarr; <strong>1965</strong><br />(-19 for losing)
|raw|LT92PF pop smoke's rating: 1993 &rarr; <strong>2012</strong><br />(+19 for winning)
|l| LT92PF Pachito
