|j|☆KFC Chizza
|j|☆baloor
|inactive|Battle timer is ON: inactive players will automatically lose when time's up.
|t:|1634875030
|gametype|singles
|player|p1|KFC Chizza|unknown|
|player|p2|baloor|theroyal|
|teamsize|p1|6
|teamsize|p2|6
|gen|8
|tier|[Gen 8] OU
|rated|Tournament battle
|rule|Sleep Clause Mod: Limit one foe put to sleep
|rule|Species Clause: Limit one of each Pokémon
|rule|OHKO Clause: OHKO moves are banned
|rule|Evasion Moves Clause: Evasion moves are banned
|rule|Endless Battle Clause: Forcing endless battles is banned
|rule|HP Percentage Mod: HP is shown in percentages
|rule|Dynamax Clause: You cannot dynamax
|clearpoke
|poke|p1|Hippowdon, M|
|poke|p1|Corviknight, M|
|poke|p1|Toxapex, M|
|poke|p1|Clefable, M|
|poke|p1|Tornadus-Therian, M|
|poke|p1|Blissey, F|
|poke|p2|Mew|
|poke|p2|Kyurem|
|poke|p2|Hawlucha, M|
|poke|p2|Tapu Koko|
|poke|p2|Dragapult, M|
|poke|p2|Weavile, M|
|teampreview
|j|*Lady Monita ☽
|j| I_am_0mega_bored
|j|+ez
|j| A Fan With A Plan
|j| DrewCareysFeet
|j| team charm
|c|☆KFC Chizza|Hf
|c|☆baloor|u2
|inactive|baloor has 120 seconds left.
|
|t:|1634875060
|start
|switch|p1a: Tornadus|Tornadus-Therian, M, shiny|100/100
|switch|p2a: Tapu Koko|Tapu Koko|100/100
|-fieldstart|move: Electric Terrain|[from] ability: Electric Surge|[of] p2a: Tapu Koko
|turn|1
|
|t:|1634875069
|switch|p1a: Hippowdon|Hippowdon, M|100/100
|-weather|Sandstorm|[from] ability: Sand Stream|[of] p1a: Hippowdon
|move|p2a: Tapu Koko|Light Screen|p2a: Tapu Koko
|-sidestart|p2: baloor|move: Light Screen
|
|-weather|Sandstorm|[upkeep]
|-damage|p2a: Tapu Koko|94/100|[from] Sandstorm
|upkeep
|turn|2
|
|t:|1634875076
|move|p2a: Tapu Koko|Reflect|p2a: Tapu Koko
|-sidestart|p2: baloor|Reflect
|move|p1a: Hippowdon|Earthquake|p2a: Tapu Koko
|-supereffective|p2a: Tapu Koko
|-damage|p2a: Tapu Koko|55/100
|
|-weather|Sandstorm|[upkeep]
|-damage|p2a: Tapu Koko|49/100|[from] Sandstorm
|upkeep
|turn|3
|
|t:|1634875081
|move|p2a: Tapu Koko|U-turn|p1a: Hippowdon
|-damage|p1a: Hippowdon|87/100
|
|t:|1634875110
|switch|p2a: Kyurem|Kyurem|100/100|[from]move: U-turn
|-ability|p2a: Kyurem|Pressure
|move|p1a: Hippowdon|Toxic|p2a: Kyurem
|-status|p2a: Kyurem|tox
|
|-weather|Sandstorm|[upkeep]
|-damage|p2a: Kyurem|94/100 tox|[from] Sandstorm
|-heal|p2a: Kyurem|100/100 tox|[from] item: Leftovers
|-heal|p1a: Hippowdon|93/100|[from] item: Leftovers
|-damage|p2a: Kyurem|94/100 tox|[from] psn
|upkeep
|turn|4
|
|t:|1634875123
|switch|p1a: Corviknight|Corviknight, M|100/100
|-ability|p1a: Corviknight|Pressure
|move|p2a: Kyurem|Dragon Dance|p2a: Kyurem
|-boost|p2a: Kyurem|atk|1
|-boost|p2a: Kyurem|spe|1
|
|-weather|Sandstorm|[upkeep]
|-damage|p2a: Kyurem|88/100 tox|[from] Sandstorm
|-heal|p2a: Kyurem|94/100 tox|[from] item: Leftovers
|-damage|p2a: Kyurem|82/100 tox|[from] psn
|upkeep
|turn|5
|j| ledrshp
|
|t:|1634875127
|move|p2a: Kyurem|Icicle Spear|p1a: Corviknight
|-damage|p1a: Corviknight|90/100
|-damage|p1a: Corviknight|79/100
|-hitcount|p1a: Corviknight|2
|move|p1a: Corviknight|Iron Defense|p1a: Corviknight
|-boost|p1a: Corviknight|def|2
|
|-weather|none
|-heal|p2a: Kyurem|88/100 tox|[from] item: Leftovers
|-heal|p1a: Corviknight|85/100|[from] item: Leftovers
|-damage|p2a: Kyurem|70/100 tox|[from] psn
|-fieldend|move: Electric Terrain
|upkeep
|turn|6
|
|t:|1634875136
|switch|p2a: Mew|Mew|100/100
|switch|p1a: Hippowdon|Hippowdon, M|93/100
|-weather|Sandstorm|[from] ability: Sand Stream|[of] p1a: Hippowdon
|
|-weather|Sandstorm|[upkeep]
|-damage|p2a: Mew|94/100|[from] Sandstorm
|-heal|p2a: Mew|100/100|[from] item: Leftovers
|-heal|p1a: Hippowdon|99/100|[from] item: Leftovers
|upkeep
|turn|7
|l| ledrshp
|
|t:|1634875151
|move|p2a: Mew|Taunt|p1a: Hippowdon
|-start|p1a: Hippowdon|move: Taunt
|cant|p1a: Hippowdon|move: Taunt|Toxic
|
|-weather|Sandstorm|[upkeep]
|-damage|p2a: Mew|94/100|[from] Sandstorm
|-heal|p2a: Mew|100/100|[from] item: Leftovers
|-heal|p1a: Hippowdon|100/100|[from] item: Leftovers
|upkeep
|turn|8
|
|t:|1634875156
|switch|p1a: Tornadus|Tornadus-Therian, M, shiny|100/100
|move|p2a: Mew|Cosmic Power|p2a: Mew
|-boost|p2a: Mew|def|1
|-boost|p2a: Mew|spd|1
|
|-weather|Sandstorm|[upkeep]
|-damage|p1a: Tornadus|94/100|[from] Sandstorm
|-damage|p2a: Mew|94/100|[from] Sandstorm
|-heal|p2a: Mew|100/100|[from] item: Leftovers
|-sideend|p2: baloor|move: Light Screen
|upkeep
|turn|9
|
|t:|1634875165
|switch|p2a: Kyurem|Kyurem|70/100 tox
|-ability|p2a: Kyurem|Pressure
|move|p1a: Tornadus|Taunt|p2a: Kyurem
|-start|p2a: Kyurem|move: Taunt
|
|-weather|Sandstorm|[upkeep]
|-damage|p1a: Tornadus|88/100|[from] Sandstorm
|-damage|p2a: Kyurem|63/100 tox|[from] Sandstorm
|-heal|p2a: Kyurem|70/100 tox|[from] item: Leftovers
|-damage|p2a: Kyurem|63/100 tox|[from] psn
|-sideend|p2: baloor|Reflect
|upkeep
|turn|10
|
|t:|1634875176
|switch|p1a: Toxapex|Toxapex, M|100/100
|move|p2a: Kyurem|Icicle Spear|p1a: Toxapex
|-resisted|p1a: Toxapex
|-damage|p1a: Toxapex|97/100
|-resisted|p1a: Toxapex
|-damage|p1a: Toxapex|94/100
|-resisted|p1a: Toxapex
|-damage|p1a: Toxapex|90/100
|-resisted|p1a: Toxapex
|-crit|p1a: Toxapex
|-damage|p1a: Toxapex|85/100
|-resisted|p1a: Toxapex
|-damage|p1a: Toxapex|81/100
|-hitcount|p1a: Toxapex|5
|
|-weather|none
|-heal|p2a: Kyurem|70/100 tox|[from] item: Leftovers
|-damage|p2a: Kyurem|57/100 tox|[from] psn
|upkeep
|turn|11
|l| team charm
|inactive|baloor has 120 seconds left.
|j| ledrshp
|
|t:|1634875222
|switch|p2a: Tapu Koko|Tapu Koko|49/100
|-fieldstart|move: Electric Terrain|[from] ability: Electric Surge|[of] p2a: Tapu Koko
|move|p1a: Toxapex|Knock Off|p2a: Tapu Koko
|-resisted|p2a: Tapu Koko
|-damage|p2a: Tapu Koko|39/100
|-enditem|p2a: Tapu Koko|Light Clay|[from] move: Knock Off|[of] p1a: Toxapex
|
|upkeep
|turn|12
|
|t:|1634875231
|move|p2a: Tapu Koko|Reflect|p2a: Tapu Koko
|-sidestart|p2: baloor|Reflect
|move|p1a: Toxapex|Poison Jab|p2a: Tapu Koko
|-supereffective|p2a: Tapu Koko
|-damage|p2a: Tapu Koko|19/100
|-status|p2a: Tapu Koko|psn
|
|-damage|p2a: Tapu Koko|7/100 psn|[from] psn
|upkeep
|turn|13
|l| ledrshp
|
|t:|1634875243
|switch|p1a: Clefable|Clefable, M|100/100
|move|p2a: Tapu Koko|Light Screen|p2a: Tapu Koko
|-sidestart|p2: baloor|move: Light Screen
|
|-damage|p2a: Tapu Koko|0 fnt|[from] psn
|faint|p2a: Tapu Koko
|upkeep
|
|t:|1634875246
|switch|p2a: Mew|Mew|100/100
|turn|14
|
|t:|1634875255
|move|p2a: Mew|Taunt|p1a: Clefable
|-start|p1a: Clefable|move: Taunt
|cant|p1a: Clefable|move: Taunt|Calm Mind
|
|upkeep
|turn|15
|
|t:|1634875263
|switch|p1a: Tornadus|Tornadus-Therian, M, shiny|100/100
|move|p2a: Mew|Cosmic Power|p2a: Mew
|-boost|p2a: Mew|def|1
|-boost|p2a: Mew|spd|1
|
|-fieldend|move: Electric Terrain
|upkeep
|turn|16
|
|t:|1634875266
|move|p1a: Tornadus|Taunt|p2a: Mew
|-start|p2a: Mew|move: Taunt
|move|p2a: Mew|Stored Power|p1a: Tornadus
|-damage|p1a: Tornadus|80/100
|
|-sideend|p2: baloor|Reflect
|upkeep
|turn|17
|
|t:|1634875274
|switch|p1a: Hippowdon|Hippowdon, M|100/100
|-weather|Sandstorm|[from] ability: Sand Stream|[of] p1a: Hippowdon
|switch|p2a: Weavile|Weavile, M|100/100
|-ability|p2a: Weavile|Pressure
|
|-weather|Sandstorm|[upkeep]
|-damage|p2a: Weavile|94/100|[from] Sandstorm
|-sideend|p2: baloor|move: Light Screen
|upkeep
|turn|18
|
|t:|1634875282
|switch|p1a: Corviknight|Corviknight, M|85/100
|-ability|p1a: Corviknight|Pressure
|move|p2a: Weavile|Swords Dance|p2a: Weavile
|-boost|p2a: Weavile|atk|2
|
|-weather|Sandstorm|[upkeep]
|-damage|p2a: Weavile|88/100|[from] Sandstorm
|-heal|p1a: Corviknight|92/100|[from] item: Leftovers
|upkeep
|turn|19
|
|t:|1634875291
|move|p2a: Weavile|Triple Axel|p1a: Corviknight|[miss]
|-miss|p2a: Weavile|p1a: Corviknight
|move|p1a: Corviknight|Body Press|p2a: Weavile
|-supereffective|p2a: Weavile
|-damage|p2a: Weavile|0 fnt
|faint|p2a: Weavile
|
|-weather|Sandstorm|[upkeep]
|-heal|p1a: Corviknight|98/100|[from] item: Leftovers
|upkeep
|inactive|baloor has 120 seconds left.
|
|t:|1634875330
|switch|p2a: Mew|Mew|100/100
|turn|20
|
|t:|1634875336
|switch|p1a: Hippowdon|Hippowdon, M|100/100
|move|p2a: Mew|Taunt|p1a: Hippowdon
|-start|p1a: Hippowdon|move: Taunt
|
|-weather|Sandstorm|[upkeep]
|-damage|p2a: Mew|94/100|[from] Sandstorm
|-heal|p2a: Mew|100/100|[from] item: Leftovers
|upkeep
|turn|21
|
|t:|1634875340
|switch|p1a: Tornadus|Tornadus-Therian, M, shiny|100/100
|move|p2a: Mew|Taunt|p1a: Tornadus
|-start|p1a: Tornadus|move: Taunt
|
|-weather|none
|upkeep
|turn|22
|
|t:|1634875351
|switch|p1a: Clefable|Clefable, M|100/100
|move|p2a: Mew|Cosmic Power|p2a: Mew
|-boost|p2a: Mew|def|1
|-boost|p2a: Mew|spd|1
|
|upkeep
|turn|23
|
|t:|1634875355
|move|p2a: Mew|Taunt|p1a: Clefable
|-start|p1a: Clefable|move: Taunt
|move|p1a: Clefable|Moonblast|p2a: Mew
|-damage|p2a: Mew|72/100
|
|-heal|p2a: Mew|78/100|[from] item: Leftovers
|upkeep
|turn|24
|
|t:|1634875359
|move|p2a: Mew|Taunt||[still]
|-fail|p2a: Mew
|move|p1a: Clefable|Moonblast|p2a: Mew
|-damage|p2a: Mew|51/100
|-unboost|p2a: Mew|spa|1
|
|-heal|p2a: Mew|58/100|[from] item: Leftovers
|upkeep
|turn|25
|
|t:|1634875364
|switch|p1a: Tornadus|Tornadus-Therian, M, shiny|100/100
|move|p2a: Mew|Soft-Boiled|p2a: Mew
|-heal|p2a: Mew|100/100
|
|upkeep
|turn|26
|
|t:|1634875368
|switch|p2a: Kyurem|Kyurem|57/100 tox
|-ability|p2a: Kyurem|Pressure
|move|p1a: Tornadus|Nasty Plot|p1a: Tornadus
|-boost|p1a: Tornadus|spa|2
|
|-heal|p2a: Kyurem|63/100 tox|[from] item: Leftovers
|-damage|p2a: Kyurem|57/100 tox|[from] psn
|upkeep
|turn|27
|
|t:|1634875377
|move|p1a: Tornadus|Focus Blast|p2a: Kyurem|[miss]
|-miss|p1a: Tornadus|p2a: Kyurem
|move|p2a: Kyurem|Icicle Spear|p1a: Tornadus
|-supereffective|p1a: Tornadus
|-damage|p1a: Tornadus|79/100
|-supereffective|p1a: Tornadus
|-damage|p1a: Tornadus|57/100
|-hitcount|p1a: Tornadus|2
|
|-heal|p2a: Kyurem|63/100 tox|[from] item: Leftovers
|-damage|p2a: Kyurem|51/100 tox|[from] psn
|upkeep
|turn|28
|
|t:|1634875388
|move|p1a: Tornadus|Focus Blast|p2a: Kyurem
|-supereffective|p2a: Kyurem
|-damage|p2a: Kyurem|0 fnt
|faint|p2a: Kyurem
|
|upkeep
|
|t:|1634875391
|switch|p2a: Dragapult|Dragapult, M|100/100
|turn|29
|
|t:|1634875397
|switch|p2a: Mew|Mew|100/100
|switch|p1a: Clefable|Clefable, M|100/100
|
|upkeep
|turn|30
|
|t:|1634875402
|switch|p1a: Tornadus|Tornadus-Therian, M, shiny|91/100
|move|p2a: Mew|Taunt|p1a: Tornadus
|-start|p1a: Tornadus|move: Taunt
|
|upkeep
|turn|31
|
|t:|1634875416
|switch|p1a: Clefable|Clefable, M|100/100
|move|p2a: Mew|Cosmic Power|p2a: Mew
|-boost|p2a: Mew|def|1
|-boost|p2a: Mew|spd|1
|
|upkeep
|turn|32
|
|t:|1634875422
|move|p2a: Mew|Cosmic Power|p2a: Mew
|-boost|p2a: Mew|def|1
|-boost|p2a: Mew|spd|1
|move|p1a: Clefable|Moonblast|p2a: Mew
|-damage|p2a: Mew|76/100
|
|-heal|p2a: Mew|82/100|[from] item: Leftovers
|upkeep
|turn|33
|
|t:|1634875424
|move|p2a: Mew|Taunt|p1a: Clefable
|-start|p1a: Clefable|move: Taunt
|move|p1a: Clefable|Moonblast|p2a: Mew
|-damage|p2a: Mew|57/100
|
|-heal|p2a: Mew|63/100|[from] item: Leftovers
|upkeep
|turn|34
|
|t:|1634875429
|switch|p1a: Tornadus|Tornadus-Therian, M, shiny|100/100
|move|p2a: Mew|Soft-Boiled|p2a: Mew
|-heal|p2a: Mew|100/100
|
|upkeep
|turn|35
|
|t:|1634875432
|move|p1a: Tornadus|Taunt|p2a: Mew
|-start|p2a: Mew|move: Taunt
|move|p2a: Mew|Stored Power|p1a: Tornadus
|-damage|p1a: Tornadus|64/100
|
|upkeep
|turn|36
|
|t:|1634875440
|switch|p1a: Hippowdon|Hippowdon, M|100/100
|-weather|Sandstorm|[from] ability: Sand Stream|[of] p1a: Hippowdon
|move|p2a: Mew|Stored Power|p1a: Hippowdon
|-damage|p1a: Hippowdon|76/100
|
|-weather|Sandstorm|[upkeep]
|-damage|p2a: Mew|94/100|[from] Sandstorm
|-heal|p2a: Mew|100/100|[from] item: Leftovers
|-heal|p1a: Hippowdon|82/100|[from] item: Leftovers
|upkeep
|turn|37
|
|t:|1634875444
|switch|p2a: Hawlucha|Hawlucha, M|100/100
|move|p1a: Hippowdon|Stealth Rock|p2a: Hawlucha
|-sidestart|p2: baloor|move: Stealth Rock
|
|-weather|Sandstorm|[upkeep]
|-damage|p2a: Hawlucha|94/100|[from] Sandstorm
|-heal|p1a: Hippowdon|88/100|[from] item: Leftovers
|upkeep
|turn|38
|
|t:|1634875452
|switch|p1a: Tornadus|Tornadus-Therian, M, shiny|97/100
|move|p2a: Hawlucha|Taunt|p1a: Tornadus
|-start|p1a: Tornadus|move: Taunt
|
|-weather|Sandstorm|[upkeep]
|-damage|p1a: Tornadus|91/100|[from] Sandstorm
|-damage|p2a: Hawlucha|88/100|[from] Sandstorm
|upkeep
|turn|39
|
|t:|1634875462
|move|p1a: Tornadus|Hurricane|p2a: Hawlucha
|-supereffective|p2a: Hawlucha
|-damage|p2a: Hawlucha|0 fnt
|faint|p2a: Hawlucha
|
|-weather|Sandstorm|[upkeep]
|-damage|p1a: Tornadus|85/100|[from] Sandstorm
|upkeep
|
|t:|1634875466
|switch|p2a: Dragapult|Dragapult, M|100/100
|-damage|p2a: Dragapult|88/100|[from] Stealth Rock
|turn|40
|
|t:|1634875471
|switch|p2a: Mew|Mew|100/100
|-damage|p2a: Mew|88/100|[from] Stealth Rock
|switch|p1a: Clefable|Clefable, M|100/100
|
|-weather|none
|-heal|p2a: Mew|94/100|[from] item: Leftovers
|upkeep
|turn|41
|
|t:|1634875477
|switch|p1a: Tornadus|Tornadus-Therian, M, shiny|100/100
|move|p2a: Mew|Cosmic Power|p2a: Mew
|-boost|p2a: Mew|def|1
|-boost|p2a: Mew|spd|1
|
|-heal|p2a: Mew|100/100|[from] item: Leftovers
|upkeep
|turn|42
|
|t:|1634875480
|move|p1a: Tornadus|Taunt|p2a: Mew
|-start|p2a: Mew|move: Taunt
|cant|p2a: Mew|move: Taunt|Taunt
|
|upkeep
|turn|43
|
|t:|1634875483
|switch|p2a: Dragapult|Dragapult, M|88/100
|-damage|p2a: Dragapult|76/100|[from] Stealth Rock
|move|p1a: Tornadus|Nasty Plot|p1a: Tornadus
|-boost|p1a: Tornadus|spa|2
|
|upkeep
|turn|44
|
|t:|1634875488
|move|p2a: Dragapult|Dragon Darts|p1a: Tornadus
|-damage|p1a: Tornadus|71/100
|-anim|p2a: Dragapult|Dragon Darts|p1a: Tornadus
|-damage|p1a: Tornadus|46/100
|move|p1a: Tornadus|Hurricane|p2a: Dragapult
|-damage|p2a: Dragapult|0 fnt
|faint|p2a: Dragapult
|
|upkeep
|
|t:|1634875491
|switch|p2a: Mew|Mew|100/100
|-damage|p2a: Mew|88/100|[from] Stealth Rock
|turn|45
|
|t:|1634875495
|move|p1a: Tornadus|Taunt|p2a: Mew
|-start|p2a: Mew|move: Taunt
|cant|p2a: Mew|move: Taunt|Cosmic Power
|
|-heal|p2a: Mew|94/100|[from] item: Leftovers
|upkeep
|turn|46
|c|☆KFC Chizza|gg
|j| HawkOp2099
|c|☆baloor|this was awful but taunt np torn is
|c|☆baloor|kinda hard
|
|t:|1634875509
|switch|p1a: Blissey|Blissey, F|100/100
|move|p2a: Mew|Stored Power|p1a: Blissey
|-crit|p1a: Blissey
|-damage|p1a: Blissey|97/100
|
|-heal|p2a: Mew|100/100|[from] item: Leftovers
|upkeep
|turn|47
|c|☆baloor|gg
|c|☆KFC Chizza|I lived the axel though
|c|☆KFC Chizza|and ddnt need corv
|
|t:|1634875523
|move|p2a: Mew|Stored Power|p1a: Blissey
|-damage|p1a: Blissey|94/100
|move|p1a: Blissey|Toxic|p2a: Mew
|-status|p2a: Mew|tox
|-activate|p2a: Mew|ability: Synchronize
|-status|p1a: Blissey|tox
|
|-damage|p2a: Mew|94/100 tox|[from] psn
|-damage|p1a: Blissey|87/100 tox|[from] psn
|-end|p2a: Mew|move: Taunt
|upkeep
|turn|48
|c|☆baloor|no im not complaining
|c|☆KFC Chizza|i k
|c|☆KFC Chizza|just saying
|c|☆baloor|just the np taunt torn was gonna be rough for my wincon vs this
|
|t:|1634875552
|-curestatus|p1a: Blissey|tox|[from] ability: Natural Cure
|switch|p1a: Clefable|Clefable, M|100/100
|move|p2a: Mew|Cosmic Power|p2a: Mew
|-boost|p2a: Mew|def|1
|-boost|p2a: Mew|spd|1
|
|-heal|p2a: Mew|100/100 tox|[from] item: Leftovers
|-damage|p2a: Mew|88/100 tox|[from] psn
|upkeep
|turn|49
|c|☆KFC Chizza|not just torn
|c|☆KFC Chizza|but cleff as well
|c|☆KFC Chizza|u needed to play the Kyurem really well
|
|t:|1634875572
|move|p2a: Mew|Cosmic Power|p2a: Mew
|-boost|p2a: Mew|def|1
|-boost|p2a: Mew|spd|1
|move|p1a: Clefable|Moonblast|p2a: Mew
|-damage|p2a: Mew|62/100 tox
|
|-heal|p2a: Mew|68/100 tox|[from] item: Leftovers
|-damage|p2a: Mew|50/100 tox|[from] psn
|upkeep
|turn|50
|c|☆baloor|were u
|c|☆baloor|magic guard
|c|☆baloor|or unaware
|c|☆baloor|bc i was never getting through unaware clef
|inactive|KFC Chizza has 120 seconds left.
|c|☆KFC Chizza|i wudnt reveal, but team structure should give out sets
|
|t:|1634875601
|move|p2a: Mew|Soft-Boiled|p2a: Mew
|-heal|p2a: Mew|99/100 tox
|move|p1a: Clefable|Moonblast|p2a: Mew
|-damage|p2a: Mew|75/100 tox
|-unboost|p2a: Mew|spa|1
|
|-heal|p2a: Mew|81/100 tox|[from] item: Leftovers
|-damage|p2a: Mew|56/100 tox|[from] psn
|upkeep
|turn|51
|inactive|KFC Chizza has 120 seconds left.
|c|☆baloor|im about sure its unaware
|
|t:|1634875614
|move|p2a: Mew|Stored Power|p1a: Clefable
|-damage|p1a: Clefable|70/100
|move|p1a: Clefable|Moonblast|p2a: Mew
|-damage|p2a: Mew|28/100 tox
|
|-heal|p2a: Mew|34/100 tox|[from] item: Leftovers
|-damage|p2a: Mew|3/100 tox|[from] psn
|upkeep
|turn|52
|
|t:|1634875619
|move|p2a: Mew|Stored Power|p1a: Clefable
|-damage|p1a: Clefable|40/100
|move|p1a: Clefable|Moonblast|p2a: Mew
|-damage|p2a: Mew|0 fnt
|faint|p2a: Mew
|
|win|KFC Chizza
|n|☆KFC Chizza|kfcchizza
|n|☆baloor|baloor
|n|*Lady Monita ☽|ladymonita
|n| I_am_0mega_bored|iam0megabored
|n|+ez|ez
|n| A Fan With A Plan|afanwithaplan
|n| DrewCareysFeet|drewcareysfeet
|n| HawkOp2099|hawkop2099
|l|*Lady Monita ☽
|c|☆KFC Chizza|gg
|c|☆baloor|gg
|l| DrewCareysFeet
|l|☆baloor
|l| A Fan With A Plan
|l|☆KFC Chizza
|l| HawkOp2099
|l| I_am_0mega_bored
