|j|☆UnstoppableUg
|j|☆OUT Kazt
|inactive|Battle timer is ON: inactive players will automatically lose when time's up.
|t:|1650687697
|gametype|singles
|player|p1|UnstoppableUg|n|
|player|p2|OUT Kazt|acetrainersnowf|
|teamsize|p1|6
|teamsize|p2|6
|gen|8
|tier|[Gen 8] OU
|rated|Tournament battle
|rule|Sleep Clause Mod: Limit one foe put to sleep
|rule|Species Clause: Limit one of each Pokémon
|rule|OHKO Clause: OHKO moves are banned
|rule|Evasion Moves Clause: Evasion moves are banned
|rule|Endless Battle Clause: Forcing endless battles is banned
|rule|HP Percentage Mod: HP is shown in percentages
|rule|Dynamax Clause: You cannot dynamax
|clearpoke
|poke|p1|Scolipede, M|
|poke|p1|Dragapult, F|
|poke|p1|Rillaboom, F|
|poke|p1|Regieleki|
|poke|p1|Landorus-Therian, M|
|poke|p1|Zapdos-Galar|
|poke|p2|Moltres-Galar|
|poke|p2|Urshifu-*, F|
|poke|p2|Slowking-Galar, F|
|poke|p2|Landorus-Therian, M|
|poke|p2|Ferrothorn, F|
|poke|p2|Tapu Fini|
|teampreview
|inactive|UnstoppableUg also wants the timer to be on.
|j| Yungster_Testboi
|c|☆OUT Kazt|hf
|c|☆UnstoppableUg|hf!
|j| Cra3k
|j| aquavanilla
|
|t:|1650687714
|start
|switch|p1a: Zapdos|Zapdos-Galar|100/100
|switch|p2a: Tapu Fini|Tapu Fini|100/100
|-fieldstart|move: Misty Terrain|[from] ability: Misty Surge|[of] p2a: Tapu Fini
|turn|1
|j| ownerfloor
|
|t:|1650687723
|switch|p1a: Rillaboom|Rillaboom, F|100/100
|-fieldstart|move: Grassy Terrain|[from] ability: Grassy Surge|[of] p1a: Rillaboom
|move|p2a: Tapu Fini|Moonblast|p1a: Rillaboom
|-damage|p1a: Rillaboom|49/100
|-unboost|p1a: Rillaboom|spa|1
|
|-heal|p1a: Rillaboom|55/100|[from] Grassy Terrain
|upkeep
|turn|2
|
|t:|1650687729
|switch|p2a: Landorus|Landorus-Therian, M|100/100
|-ability|p2a: Landorus|Intimidate|boost
|-unboost|p1a: Rillaboom|atk|1
|move|p1a: Rillaboom|Swords Dance|p1a: Rillaboom
|-boost|p1a: Rillaboom|atk|2
|
|-heal|p1a: Rillaboom|61/100|[from] Grassy Terrain
|upkeep
|turn|3
|
|t:|1650687733
|switch|p2a: Ferrothorn|Ferrothorn, F|100/100
|move|p1a: Rillaboom|Grassy Glide|p2a: Ferrothorn
|-resisted|p2a: Ferrothorn
|-damage|p2a: Ferrothorn|87/100
|-damage|p1a: Rillaboom|49/100|[from] ability: Iron Barbs|[of] p2a: Ferrothorn
|-damage|p1a: Rillaboom|33/100|[from] item: Rocky Helmet|[of] p2a: Ferrothorn
|-damage|p1a: Rillaboom|23/100|[from] item: Life Orb
|
|-heal|p1a: Rillaboom|29/100|[from] Grassy Terrain
|-heal|p2a: Ferrothorn|93/100|[from] Grassy Terrain
|upkeep
|turn|4
|
|t:|1650687736
|switch|p2a: Landorus|Landorus-Therian, M|100/100
|-ability|p2a: Landorus|Intimidate|boost
|-unboost|p1a: Rillaboom|atk|1
|move|p1a: Rillaboom|Swords Dance|p1a: Rillaboom
|-boost|p1a: Rillaboom|atk|2
|
|-heal|p1a: Rillaboom|35/100|[from] Grassy Terrain
|upkeep
|turn|5
|
|t:|1650687741
|move|p1a: Rillaboom|Superpower|p2a: Landorus
|-resisted|p2a: Landorus
|-damage|p2a: Landorus|44/100
|-unboost|p1a: Rillaboom|atk|1
|-unboost|p1a: Rillaboom|def|1
|-damage|p1a: Rillaboom|25/100|[from] item: Life Orb
|move|p2a: Landorus|U-turn|p1a: Rillaboom
|-supereffective|p1a: Rillaboom
|-damage|p1a: Rillaboom|0 fnt
|faint|p1a: Rillaboom
|
|t:|1650687745
|switch|p2a: Tapu Fini|Tapu Fini|100/100|[from]move: U-turn
|-fieldstart|move: Misty Terrain|[from] ability: Misty Surge|[of] p2a: Tapu Fini
|
|upkeep
|l| ownerfloor
|j| ownerfloor
|
|t:|1650687755
|switch|p1a: Landorus|Landorus-Therian, M|100/100
|-ability|p1a: Landorus|Intimidate|boost
|-unboost|p2a: Tapu Fini|atk|1
|turn|6
|
|t:|1650687758
|move|p2a: Tapu Fini|Hydro Pump|p1a: Landorus
|-supereffective|p1a: Landorus
|-enditem|p1a: Landorus|Focus Sash
|-damage|p1a: Landorus|1/100
|move|p1a: Landorus|Stealth Rock|p2a: Tapu Fini
|-sidestart|p2: OUT Kazt|move: Stealth Rock
|
|upkeep
|turn|7
|
|t:|1650687761
|move|p2a: Tapu Fini|Hydro Pump|p1a: Landorus
|-supereffective|p1a: Landorus
|-damage|p1a: Landorus|0 fnt
|faint|p1a: Landorus
|
|upkeep
|
|t:|1650687765
|switch|p1a: Regieleki|Regieleki|100/100
|turn|8
|
|t:|1650687768
|switch|p2a: Landorus|Landorus-Therian, M|44/100
|-damage|p2a: Landorus|32/100|[from] Stealth Rock
|-ability|p2a: Landorus|Intimidate|boost
|-unboost|p1a: Regieleki|atk|1
|move|p1a: Regieleki|Reflect|p1a: Regieleki
|-sidestart|p1: UnstoppableUg|Reflect
|
|-heal|p2a: Landorus|38/100|[from] item: Leftovers
|upkeep
|turn|9
|
|t:|1650687774
|move|p1a: Regieleki|Explosion|p2a: Landorus
|-crit|p2a: Landorus
|-damage|p2a: Landorus|0 fnt
|faint|p1a: Regieleki
|faint|p2a: Landorus
|
|-fieldend|Misty Terrain
|upkeep
|
|t:|1650687785
|switch|p1a: Zapdos|Zapdos-Galar|100/100
|switch|p2a: Tapu Fini|Tapu Fini|100/100
|-damage|p2a: Tapu Fini|88/100|[from] Stealth Rock
|-fieldstart|move: Misty Terrain|[from] ability: Misty Surge|[of] p2a: Tapu Fini
|turn|10
|
|t:|1650687787
|move|p2a: Tapu Fini|Trick|p1a: Zapdos
|-activate|p2a: Tapu Fini|move: Trick|[of] p1a: Zapdos
|-item|p1a: Zapdos|Choice Scarf|[from] move: Trick
|-item|p2a: Tapu Fini|Choice Band|[from] move: Trick
|move|p1a: Zapdos|Brave Bird|p2a: Tapu Fini
|-damage|p2a: Tapu Fini|27/100
|-damage|p1a: Zapdos|83/100|[from] Recoil
|
|upkeep
|turn|11
|
|t:|1650687804
|switch|p1a: Scolipede|Scolipede, M, shiny|100/100
|move|p2a: Tapu Fini|Moonblast|p1a: Scolipede
|-resisted|p1a: Scolipede
|-damage|p1a: Scolipede|64/100
|
|upkeep
|turn|12
|
|t:|1650687808
|move|p1a: Scolipede|Poison Jab|p2a: Tapu Fini
|-supereffective|p2a: Tapu Fini
|-damage|p2a: Tapu Fini|0 fnt
|faint|p2a: Tapu Fini
|-damage|p1a: Scolipede|54/100|[from] item: Life Orb
|
|-ability|p1a: Scolipede|Speed Boost|boost
|-boost|p1a: Scolipede|spe|1
|upkeep
|
|t:|1650687810
|switch|p2a: Ferrothorn|Ferrothorn, F|93/100
|-damage|p2a: Ferrothorn|87/100|[from] Stealth Rock
|turn|13
|
|t:|1650687817
|move|p1a: Scolipede|Swords Dance|p1a: Scolipede
|-boost|p1a: Scolipede|atk|2
|move|p2a: Ferrothorn|Iron Defense|p2a: Ferrothorn
|-boost|p2a: Ferrothorn|def|2
|
|-ability|p1a: Scolipede|Speed Boost|boost
|-boost|p1a: Scolipede|spe|1
|upkeep
|turn|14
|j| Crealed
|
|t:|1650687824
|switch|p1a: Dragapult|Dragapult, F|100/100
|move|p2a: Ferrothorn|Iron Defense|p2a: Ferrothorn
|-boost|p2a: Ferrothorn|def|2
|
|-fieldend|Misty Terrain
|upkeep
|turn|15
|
|t:|1650687826
|move|p1a: Dragapult|Dragon Dance|p1a: Dragapult
|-boost|p1a: Dragapult|atk|1
|-boost|p1a: Dragapult|spe|1
|move|p2a: Ferrothorn|Leech Seed|p1a: Dragapult
|-start|p1a: Dragapult|move: Leech Seed
|
|-damage|p1a: Dragapult|88/100|[from] Leech Seed|[of] p2a: Ferrothorn
|-heal|p2a: Ferrothorn|98/100|[silent]
|-sideend|p1: UnstoppableUg|Reflect
|upkeep
|turn|16
|
|t:|1650687830
|move|p1a: Dragapult|Fire Blast|p2a: Ferrothorn
|-supereffective|p2a: Ferrothorn
|-damage|p2a: Ferrothorn|3/100
|move|p2a: Ferrothorn|Iron Defense|p2a: Ferrothorn
|-boost|p2a: Ferrothorn|def|2
|
|-damage|p1a: Dragapult|76/100|[from] Leech Seed|[of] p2a: Ferrothorn
|-heal|p2a: Ferrothorn|14/100|[silent]
|upkeep
|turn|17
|
|t:|1650687835
|move|p1a: Dragapult|Dragon Dance|p1a: Dragapult
|-boost|p1a: Dragapult|atk|1
|-boost|p1a: Dragapult|spe|1
|move|p2a: Ferrothorn|Stealth Rock|p1a: Dragapult
|-sidestart|p1: UnstoppableUg|move: Stealth Rock
|
|-damage|p1a: Dragapult|64/100|[from] Leech Seed|[of] p2a: Ferrothorn
|-heal|p2a: Ferrothorn|25/100|[silent]
|upkeep
|turn|18
|
|t:|1650687840
|switch|p2a: Slowking|Slowking-Galar, F|100/100
|-damage|p2a: Slowking|88/100|[from] Stealth Rock
|move|p1a: Dragapult|Fire Blast|p2a: Slowking
|-damage|p2a: Slowking|75/100
|
|-damage|p1a: Dragapult|51/100|[from] Leech Seed|[of] p2a: Slowking
|-heal|p2a: Slowking|85/100|[silent]
|upkeep
|turn|19
|
|t:|1650687855
|move|p1a: Dragapult|Dragon Darts|p2a: Slowking
|-damage|p2a: Slowking|28/100
|-anim|p1a: Dragapult|Dragon Darts|p2a: Slowking
|-damage|p2a: Slowking|0 fnt
|faint|p2a: Slowking
|
|upkeep
|
|t:|1650687864
|switch|p2a: Ferrothorn|Ferrothorn, F|25/100
|-damage|p2a: Ferrothorn|19/100|[from] Stealth Rock
|turn|20
|j| Pampey
|
|t:|1650687867
|move|p1a: Dragapult|Dragon Darts|p2a: Ferrothorn
|-resisted|p2a: Ferrothorn
|-damage|p2a: Ferrothorn|4/100
|-anim|p1a: Dragapult|Dragon Darts|p2a: Ferrothorn
|-resisted|p2a: Ferrothorn
|-damage|p2a: Ferrothorn|0 fnt
|faint|p2a: Ferrothorn
|
|upkeep
|
|t:|1650687870
|switch|p2a: Moltres|Moltres-Galar|100/100
|-damage|p2a: Moltres|76/100|[from] Stealth Rock
|turn|21
|
|t:|1650687872
|move|p1a: Dragapult|Dragon Darts|p2a: Moltres
|-damage|p2a: Moltres|20/100
|-anim|p1a: Dragapult|Dragon Darts|p2a: Moltres
|-damage|p2a: Moltres|0 fnt
|faint|p2a: Moltres
|
|upkeep
|
|t:|1650687875
|switch|p2a: Urshifu|Urshifu-Rapid-Strike, F|100/100
|-damage|p2a: Urshifu|94/100|[from] Stealth Rock
|turn|22
|c|☆UnstoppableUg|gg
|
|t:|1650687879
|move|p1a: Dragapult|Dragon Darts|p2a: Urshifu
|-damage|p2a: Urshifu|39/100
|-anim|p1a: Dragapult|Dragon Darts|p2a: Urshifu
|-damage|p2a: Urshifu|0 fnt
|faint|p2a: Urshifu
|
|win|UnstoppableUg
|n|☆UnstoppableUg|unstoppableug
|n|☆OUT Kazt|outkazt
|n| Yungster_Testboi|yungstertestboi
|n| Cra3k|cra3k
|n| aquavanilla|aquavanilla
|n| ownerfloor|ownerfloor
|n| Crealed|crealed
|n| Pampey|pampey
|c|☆OUT Kazt|gg
|l|☆OUT Kazt
