|j|☆Huskothy
|j|☆cump4
|t:|1667260210
|gametype|singles
|player|p1|Huskothy|lucas|1725
|player|p2|cump4|schoolkid-gen4|1657
|teamsize|p1|6
|teamsize|p2|6
|gen|8
|tier|[Gen 8] OU
|rated|
|rule|Sleep Clause Mod: Limit one foe put to sleep
|rule|Species Clause: Limit one of each Pokémon
|rule|OHKO Clause: OHKO moves are banned
|rule|Evasion Items Clause: Evasion items are banned
|rule|Evasion Moves Clause: Evasion moves are banned
|rule|Endless Battle Clause: Forcing endless battles is banned
|rule|HP Percentage Mod: HP is shown in percentages
|rule|Dynamax Clause: You cannot dynamax
|clearpoke
|poke|p1|Luxray, F|
|poke|p1|Blacephalon|
|poke|p1|Rillaboom, F|
|poke|p1|Urshifu-*, F|
|poke|p1|Blissey, F|
|poke|p1|Landorus-Therian, M|
|poke|p2|Clefable, F|
|poke|p2|Skarmory, F|
|poke|p2|Toxapex, F|
|poke|p2|Weavile, M|
|poke|p2|Reuniclus, M|
|poke|p2|Zeraora|
|teampreview
|
|t:|1667260225
|start
|switch|p1a: Landorus|Landorus-Therian, M|100/100
|switch|p2a: Toxapex|Toxapex, F, shiny|100/100
|-ability|p1a: Landorus|Intimidate|boost
|-unboost|p2a: Toxapex|atk|1
|turn|1
|
|t:|1667260230
|move|p1a: Landorus|Knock Off|p2a: Toxapex
|-damage|p2a: Toxapex|81/100
|-enditem|p2a: Toxapex|Shed Shell|[from] move: Knock Off|[of] p1a: Landorus
|move|p2a: Toxapex|Knock Off|p1a: Landorus
|-damage|p1a: Landorus|93/100
|-enditem|p1a: Landorus|Leftovers|[from] move: Knock Off|[of] p2a: Toxapex
|
|upkeep
|turn|2
|
|t:|1667260234
|move|p1a: Landorus|Earth Power|p2a: Toxapex
|-supereffective|p2a: Toxapex
|-damage|p2a: Toxapex|30/100
|move|p2a: Toxapex|Scald|p1a: Landorus
|-supereffective|p1a: Landorus
|-damage|p1a: Landorus|61/100
|
|upkeep
|turn|3
|j| Kwaga
|
|t:|1667260239
|switch|p2a: Skarmory|Skarmory, F, shiny|100/100
|move|p1a: Landorus|Knock Off|p2a: Skarmory
|-damage|p2a: Skarmory|86/100
|-enditem|p2a: Skarmory|Leftovers|[from] move: Knock Off|[of] p1a: Landorus
|
|upkeep
|turn|4
|
|t:|1667260243
|move|p1a: Landorus|U-turn|p2a: Skarmory
|-resisted|p2a: Skarmory
|-damage|p2a: Skarmory|83/100
|
|t:|1667260248
|switch|p1a: Blissey|Blissey, F|100/100|[from]move: U-turn
|move|p2a: Skarmory|Spikes|p1a: Blissey
|-sidestart|p1: Huskothy|Spikes
|
|upkeep
|turn|5
|
|t:|1667260250
|move|p2a: Skarmory|Spikes|p1a: Blissey
|-sidestart|p1: Huskothy|Spikes
|move|p1a: Blissey|Stealth Rock|p2a: Skarmory
|-sidestart|p2: cump4|move: Stealth Rock
|
|upkeep
|turn|6
|
|t:|1667260257
|switch|p1a: Blacephalon|Blacephalon|100/100
|-damage|p1a: Blacephalon|84/100|[from] Spikes
|move|p2a: Skarmory|Spikes|p1a: Blacephalon
|-sidestart|p1: Huskothy|Spikes
|
|upkeep
|turn|7
|
|t:|1667260267
|switch|p2a: Toxapex|Toxapex, F, shiny|63/100
|-damage|p2a: Toxapex|51/100|[from] Stealth Rock
|move|p1a: Blacephalon|Shadow Ball|p2a: Toxapex
|-damage|p2a: Toxapex|5/100
|-unboost|p2a: Toxapex|spd|1
|
|upkeep
|turn|8
|
|t:|1667260270
|switch|p2a: Weavile|Weavile, M|100/100
|-ability|p2a: Weavile|Pressure
|move|p1a: Blacephalon|Shadow Ball|p2a: Weavile
|-resisted|p2a: Weavile
|-damage|p2a: Weavile|50/100
|-unboost|p2a: Weavile|spd|1
|
|upkeep
|turn|9
|
|t:|1667260279
|switch|p1a: Landorus|Landorus-Therian, M|61/100
|-ability|p1a: Landorus|Intimidate|boost
|-unboost|p2a: Weavile|atk|1
|move|p2a: Weavile|Knock Off|p1a: Landorus
|-damage|p1a: Landorus|42/100
|
|upkeep
|turn|10
|
|t:|1667260284
|switch|p1a: Urshifu|Urshifu-Rapid-Strike, F|100/100
|-damage|p1a: Urshifu|76/100|[from] Spikes
|move|p2a: Weavile|Icicle Crash|p1a: Urshifu
|-resisted|p1a: Urshifu
|-damage|p1a: Urshifu|60/100
|
|upkeep
|turn|11
|
|t:|1667260287
|switch|p2a: Clefable|Clefable, F|100/100
|move|p1a: Urshifu|U-turn|p2a: Clefable
|-resisted|p2a: Clefable
|-damage|p2a: Clefable|90/100
|-damage|p1a: Urshifu|44/100|[from] item: Rocky Helmet|[of] p2a: Clefable
|
|t:|1667260295
|switch|p1a: Luxray|Luxray, F|100/100|[from]move: U-turn
|-damage|p1a: Luxray|75/100|[from] Spikes
|
|-status|p1a: Luxray|brn|[from] item: Flame Orb
|upkeep
|turn|12
|
|t:|1667260299
|switch|p2a: Zeraora|Zeraora|100/100
|move|p1a: Luxray|Facade|p2a: Zeraora
|-damage|p2a: Zeraora|0 fnt
|faint|p2a: Zeraora
|
|-damage|p1a: Luxray|69/100 brn|[from] brn
|upkeep
|
|t:|1667260306
|switch|p2a: Weavile|Weavile, M|50/100
|-ability|p2a: Weavile|Pressure
|turn|13
|
|t:|1667260312
|move|p2a: Weavile|Icicle Crash|p1a: Luxray
|-damage|p1a: Luxray|15/100 brn
|move|p1a: Luxray|Facade|p2a: Weavile
|-damage|p2a: Weavile|0 fnt
|faint|p2a: Weavile
|
|-damage|p1a: Luxray|8/100 brn|[from] brn
|upkeep
|
|t:|1667260319
|switch|p2a: Skarmory|Skarmory, F, shiny|83/100
|-damage|p2a: Skarmory|71/100|[from] Stealth Rock
|turn|14
|
|t:|1667260321
|move|p1a: Luxray|Wild Charge|p2a: Skarmory
|-supereffective|p2a: Skarmory
|-damage|p2a: Skarmory|0 fnt
|faint|p2a: Skarmory
|-damage|p1a: Luxray|0 fnt|[from] Recoil
|faint|p1a: Luxray
|
|upkeep
|
|t:|1667260337
|switch|p1a: Rillaboom|Rillaboom, F|100/100
|switch|p2a: Clefable|Clefable, F|90/100
|-damage|p1a: Rillaboom|76/100|[from] Spikes
|-fieldstart|move: Grassy Terrain|[from] ability: Grassy Surge|[of] p1a: Rillaboom
|turn|15
|
|t:|1667260341
|move|p1a: Rillaboom|Swords Dance|p1a: Rillaboom
|-boost|p1a: Rillaboom|atk|2
|move|p2a: Clefable|Thunder Wave|p1a: Rillaboom
|-status|p1a: Rillaboom|par
|
|-heal|p2a: Clefable|96/100|[from] Grassy Terrain
|-heal|p1a: Rillaboom|82/100 par|[from] Grassy Terrain
|upkeep
|turn|16
|
|t:|1667260344
|switch|p2a: Reuniclus|Reuniclus, M, shiny|100/100
|move|p1a: Rillaboom|Grassy Glide|p2a: Reuniclus
|-damage|p2a: Reuniclus|32/100
|
|-heal|p1a: Rillaboom|88/100 par|[from] Grassy Terrain
|-heal|p2a: Reuniclus|38/100|[from] Grassy Terrain
|-heal|p2a: Reuniclus|45/100|[from] item: Leftovers
|upkeep
|turn|17
|l| Kwaga
|
|t:|1667260347
|move|p1a: Rillaboom|Grassy Glide|p2a: Reuniclus
|-damage|p2a: Reuniclus|0 fnt
|faint|p2a: Reuniclus
|
|-heal|p1a: Rillaboom|94/100 par|[from] Grassy Terrain
|upkeep
|-message|cump4 forfeited.
|
|win|Huskothy
|raw|Huskothy's rating: 1725 &rarr; <strong>1741</strong><br />(+16 for winning)
|raw|cump4's rating: 1657 &rarr; <strong>1641</strong><br />(-16 for losing)
||Ladder isn't responding, score probably updated but might not have (Request timeout).
