|j|☆Adel19
|j|☆Sawkuro
|t:|1664789548
|gametype|singles
|player|p1|Adel19|1|1862
|player|p2|Sawkuro|riley|1872
|teamsize|p1|6
|teamsize|p2|6
|gen|8
|tier|[Gen 8] OU
|rated|
|rule|Sleep Clause Mod: Limit one foe put to sleep
|rule|Species Clause: Limit one of each Pokémon
|rule|OHKO Clause: OHKO moves are banned
|rule|Evasion Items Clause: Evasion items are banned
|rule|Evasion Moves Clause: Evasion moves are banned
|rule|Endless Battle Clause: Forcing endless battles is banned
|rule|HP Percentage Mod: HP is shown in percentages
|rule|Dynamax Clause: You cannot dynamax
|clearpoke
|poke|p1|Landorus-Therian, M|
|poke|p1|Tapu Fini|
|poke|p1|Zapdos|
|poke|p1|Blissey, F|
|poke|p1|Kartana|
|poke|p1|Hydreigon, M|
|poke|p2|Kartana|
|poke|p2|Zapdos|
|poke|p2|Tapu Bulu|
|poke|p2|Heatran, M|
|poke|p2|Landorus-Therian, M|
|poke|p2|Blacephalon|
|teampreview
|inactive|Battle timer is ON: inactive players will automatically lose when time's up. (requested by Sawkuro)
|
|t:|1664789555
|start
|switch|p1a: Hydreigon|Hydreigon, M|100/100
|switch|p2a: Zapdos|Zapdos|100/100
|turn|1
|
|t:|1664789563
|move|p2a: Zapdos|Hurricane|p1a: Hydreigon|[miss]
|-miss|p2a: Zapdos|p1a: Hydreigon
|move|p1a: Hydreigon|Draco Meteor|p2a: Zapdos
|-damage|p2a: Zapdos|0 fnt
|-unboost|p1a: Hydreigon|spa|2
|faint|p2a: Zapdos
|
|upkeep
|
|t:|1664789572
|switch|p2a: Heatran|Heatran, M|100/100
|-item|p2a: Heatran|Air Balloon
|turn|2
|
|t:|1664789588
|switch|p1a: Tapu Fini|Tapu Fini|100/100
|-fieldstart|move: Misty Terrain|[from] ability: Misty Surge|[of] p1a: Tapu Fini
|move|p2a: Heatran|Stealth Rock|p1a: Tapu Fini
|-sidestart|p1: Adel19|move: Stealth Rock
|
|upkeep
|turn|3
|
|t:|1664789592
|switch|p2a: Tapu Bulu|Tapu Bulu|100/100
|-fieldstart|move: Grassy Terrain|[from] ability: Grassy Surge|[of] p2a: Tapu Bulu
|move|p1a: Tapu Fini|Moonblast|p2a: Tapu Bulu
|-damage|p2a: Tapu Bulu|61/100
|
|-heal|p2a: Tapu Bulu|67/100|[from] Grassy Terrain
|-heal|p2a: Tapu Bulu|74/100|[from] item: Leftovers
|upkeep
|turn|4
|
|t:|1664789595
|switch|p1a: Zapdos|Zapdos|100/100
|move|p2a: Tapu Bulu|Stone Edge|p1a: Zapdos
|-supereffective|p1a: Zapdos
|-damage|p1a: Zapdos|47/100
|
|-heal|p2a: Tapu Bulu|80/100|[from] Grassy Terrain
|-heal|p2a: Tapu Bulu|86/100|[from] item: Leftovers
|upkeep
|turn|5
|
|t:|1664789603
|switch|p2a: Landorus|Landorus-Therian, M|100/100
|-ability|p2a: Landorus|Intimidate|boost
|-unboost|p1a: Zapdos|atk|1
|move|p1a: Zapdos|Roost|p1a: Zapdos
|-heal|p1a: Zapdos|97/100
|-singleturn|p1a: Zapdos|move: Roost
|
|-heal|p1a: Zapdos|100/100|[from] Grassy Terrain
|upkeep
|turn|6
|
|t:|1664789617
|switch|p1a: Hydreigon|Hydreigon, M|100/100
|-damage|p1a: Hydreigon|88/100|[from] Stealth Rock
|move|p2a: Landorus|Toxic|p1a: Hydreigon
|-status|p1a: Hydreigon|tox
|
|-damage|p1a: Hydreigon|82/100 tox|[from] psn
|upkeep
|turn|7
|
|t:|1664789621
|move|p1a: Hydreigon|Dark Pulse|p2a: Landorus
|-damage|p2a: Landorus|35/100
|move|p2a: Landorus|U-turn|p1a: Hydreigon
|-supereffective|p1a: Hydreigon
|-damage|p1a: Hydreigon|27/100 tox
|
|t:|1664789629
|switch|p2a: Blacephalon|Blacephalon|100/100|[from]move: U-turn
|
|-damage|p1a: Hydreigon|15/100 tox|[from] psn
|-fieldend|move: Grassy Terrain
|upkeep
|turn|8
|
|t:|1664789634
|switch|p2a: Tapu Bulu|Tapu Bulu|86/100
|-fieldstart|move: Grassy Terrain|[from] ability: Grassy Surge|[of] p2a: Tapu Bulu
|move|p1a: Hydreigon|Dark Pulse|p2a: Tapu Bulu
|-resisted|p2a: Tapu Bulu
|-damage|p2a: Tapu Bulu|55/100
|
|-heal|p2a: Tapu Bulu|62/100|[from] Grassy Terrain
|-heal|p2a: Tapu Bulu|68/100|[from] item: Leftovers
|-damage|p1a: Hydreigon|0 fnt|[from] psn
|faint|p1a: Hydreigon
|upkeep
|
|t:|1664789640
|switch|p1a: Zapdos|Zapdos|100/100
|turn|9
|
|t:|1664789643
|switch|p2a: Heatran|Heatran, M|100/100
|-item|p2a: Heatran|Air Balloon
|move|p1a: Zapdos|Hurricane|p2a: Heatran
|-resisted|p2a: Heatran
|-damage|p2a: Heatran|85/100
|-start|p2a: Heatran|confusion
|-enditem|p2a: Heatran|Air Balloon
|
|-heal|p2a: Heatran|91/100|[from] Grassy Terrain
|upkeep
|turn|10
|
|t:|1664789647
|move|p1a: Zapdos|Volt Switch|p2a: Heatran
|-damage|p2a: Heatran|71/100
|
|t:|1664789651
|switch|p1a: Tapu Fini|Tapu Fini|100/100|[from]move: Volt Switch
|-damage|p1a: Tapu Fini|88/100|[from] Stealth Rock
|-fieldstart|move: Misty Terrain|[from] ability: Misty Surge|[of] p1a: Tapu Fini
|-activate|p2a: Heatran|confusion
|move|p2a: Heatran|Lava Plume|p1a: Tapu Fini
|-resisted|p1a: Tapu Fini
|-damage|p1a: Tapu Fini|75/100
|
|-heal|p1a: Tapu Fini|81/100|[from] item: Leftovers
|upkeep
|turn|11
|
|t:|1664789661
|switch|p2a: Tapu Bulu|Tapu Bulu|68/100
|-fieldstart|move: Grassy Terrain|[from] ability: Grassy Surge|[of] p2a: Tapu Bulu
|move|p1a: Tapu Fini|Moonblast|p2a: Tapu Bulu
|-damage|p2a: Tapu Bulu|29/100
|
|-heal|p1a: Tapu Fini|87/100|[from] Grassy Terrain
|-heal|p1a: Tapu Fini|93/100|[from] item: Leftovers
|-heal|p2a: Tapu Bulu|35/100|[from] Grassy Terrain
|-heal|p2a: Tapu Bulu|41/100|[from] item: Leftovers
|upkeep
|turn|12
|
|t:|1664789666
|switch|p1a: Zapdos|Zapdos|100/100
|move|p2a: Tapu Bulu|Horn Leech|p1a: Zapdos
|-resisted|p1a: Zapdos
|-damage|p1a: Zapdos|79/100
|-heal|p2a: Tapu Bulu|54/100|[from] drain|[of] p1a: Zapdos
|-status|p2a: Tapu Bulu|par|[from] ability: Static|[of] p1a: Zapdos
|
|-heal|p2a: Tapu Bulu|60/100 par|[from] Grassy Terrain
|-heal|p2a: Tapu Bulu|66/100 par|[from] item: Leftovers
|upkeep
|turn|13
|
|t:|1664789676
|move|p1a: Zapdos|Hurricane|p2a: Tapu Bulu
|-supereffective|p2a: Tapu Bulu
|-damage|p2a: Tapu Bulu|0 fnt
|faint|p2a: Tapu Bulu
|
|upkeep
|
|t:|1664789679
|switch|p2a: Blacephalon|Blacephalon|100/100
|turn|14
|
|t:|1664789682
|switch|p2a: Kartana|Kartana|100/100
|switch|p1a: Blissey|Blissey, F|100/100
|
|upkeep
|turn|15
|
|t:|1664789684
|switch|p1a: Zapdos|Zapdos|79/100
|move|p2a: Kartana|Swords Dance|p2a: Kartana
|-boost|p2a: Kartana|atk|2
|
|-fieldend|move: Grassy Terrain
|upkeep
|turn|16
|j| Tiranito
|
|t:|1664789691
|move|p2a: Kartana|Knock Off|p1a: Zapdos
|-damage|p1a: Zapdos|0 fnt
|-enditem|p1a: Zapdos|Heavy-Duty Boots|[from] move: Knock Off|[of] p2a: Kartana
|faint|p1a: Zapdos
|-ability|p2a: Kartana|Beast Boost|boost
|-boost|p2a: Kartana|atk|1
|-damage|p2a: Kartana|91/100|[from] item: Life Orb
|
|upkeep
|
|t:|1664789705
|switch|p1a: Kartana|Kartana|100/100
|-damage|p1a: Kartana|94/100|[from] Stealth Rock
|turn|17
|
|t:|1664789707
|switch|p1a: Landorus|Landorus-Therian, M|100/100
|-damage|p1a: Landorus|88/100|[from] Stealth Rock
|-ability|p1a: Landorus|Intimidate|boost
|-unboost|p2a: Kartana|atk|1
|move|p2a: Kartana|Sacred Sword|p1a: Landorus
|-resisted|p1a: Landorus
|-damage|p1a: Landorus|27/100
|-damage|p2a: Kartana|81/100|[from] item: Life Orb
|
|upkeep
|turn|18
|
|t:|1664789717
|move|p2a: Kartana|Knock Off|p1a: Landorus
|-damage|p1a: Landorus|0 fnt
|-enditem|p1a: Landorus|Soft Sand|[from] move: Knock Off|[of] p2a: Kartana
|faint|p1a: Landorus
|-ability|p2a: Kartana|Beast Boost|boost
|-boost|p2a: Kartana|atk|1
|-damage|p2a: Kartana|72/100|[from] item: Life Orb
|
|upkeep
|
|t:|1664789720
|switch|p1a: Kartana|Kartana|94/100
|-damage|p1a: Kartana|88/100|[from] Stealth Rock
|turn|19
|
|t:|1664789721
|switch|p2a: Blacephalon|Blacephalon|100/100
|move|p1a: Kartana|Sacred Sword|p2a: Blacephalon
|-immune|p2a: Blacephalon
|
|upkeep
|turn|20
|
|t:|1664789733
|switch|p2a: Kartana|Kartana|72/100
|switch|p1a: Blissey|Blissey, F|100/100
|
|upkeep
|turn|21
|
|t:|1664789740
|move|p2a: Kartana|Sacred Sword|p1a: Blissey
|-supereffective|p1a: Blissey
|-crit|p1a: Blissey
|-damage|p1a: Blissey|0 fnt
|faint|p1a: Blissey
|-ability|p2a: Kartana|Beast Boost|boost
|-boost|p2a: Kartana|atk|1
|-damage|p2a: Kartana|62/100|[from] item: Life Orb
|
|upkeep
|
|t:|1664789744
|switch|p1a: Kartana|Kartana|88/100
|-damage|p1a: Kartana|82/100|[from] Stealth Rock
|turn|22
|
|t:|1664789772
|move|p1a: Kartana|Sacred Sword|p2a: Kartana
|-supereffective|p2a: Kartana
|-damage|p2a: Kartana|0 fnt
|faint|p2a: Kartana
|-ability|p1a: Kartana|Beast Boost|boost
|-boost|p1a: Kartana|spe|1
|
|upkeep
|
|t:|1664789781
|switch|p2a: Blacephalon|Blacephalon|100/100
|turn|23
|
|t:|1664789783
|move|p1a: Kartana|Knock Off|p2a: Blacephalon
|-supereffective|p2a: Blacephalon
|-damage|p2a: Blacephalon|0 fnt
|-enditem|p2a: Blacephalon|Choice Scarf|[from] move: Knock Off|[of] p1a: Kartana
|faint|p2a: Blacephalon
|-ability|p1a: Kartana|Beast Boost|boost
|-boost|p1a: Kartana|spe|1
|
|upkeep
|inactive|Sawkuro has 120 seconds left.
|
|t:|1664789823
|switch|p2a: Landorus|Landorus-Therian, M|35/100
|-ability|p2a: Landorus|Intimidate|boost
|-unboost|p1a: Kartana|atk|1
|turn|24
|inactive|Adel19 has 120 seconds left.
|inactive|Adel19 has 90 seconds left.
|j| bccahy
|
|t:|1664789906
|move|p1a: Kartana|Swords Dance|p1a: Kartana
|-boost|p1a: Kartana|atk|2
|move|p2a: Landorus|Earthquake|p1a: Kartana
|-damage|p1a: Kartana|43/100
|
|-heal|p2a: Landorus|41/100|[from] item: Leftovers
|upkeep
|turn|25
|inactive|Sawkuro has 120 seconds left.
|l|☆Sawkuro
|inactive|Sawkuro disconnected and has a minute to reconnect!
|player|p2|
|inactive|Sawkuro has 30 seconds to reconnect!
|j| tricks av
|inactive|Sawkuro has 20 seconds to reconnect!
|inactive|Sawkuro has 15 seconds to reconnect!
|inactive|Sawkuro has 10 seconds to reconnect!
|inactive|Sawkuro has 5 seconds to reconnect!
|-message|Sawkuro lost due to inactivity.
|
|win|Adel19
|raw|Adel19's rating: 1862 &rarr; <strong>1883</strong><br />(+21 for winning)
|raw|Sawkuro's rating: 1872 &rarr; <strong>1851</strong><br />(-21 for losing)
|l| Tiranito
||Ladder isn't responding, score probably updated but might not have (Request timeout).
|l| tricks av
