|html|<div class="broadcast-blue"><strong>[Gen 8] OU is currently suspecting Melmetal! For information on how to participate check out the <a href="https://www.smogon.com/forums/threads/np-ss-ou-suspect-process-round-12-monster-mash.3709234/">suspect thread</a>.</strong></div>
|j|☆HQSFun
|j|☆Kownish
|t:|1666267041
|gametype|singles
|player|p1|HQSFun|veteranf|1780
|player|p2|Kownish|wattson|1739
|teamsize|p1|6
|teamsize|p2|6
|gen|8
|tier|[Gen 8] OU
|rated|
|rule|Sleep Clause Mod: Limit one foe put to sleep
|rule|Species Clause: Limit one of each Pokémon
|rule|OHKO Clause: OHKO moves are banned
|rule|Evasion Items Clause: Evasion items are banned
|rule|Evasion Moves Clause: Evasion moves are banned
|rule|Endless Battle Clause: Forcing endless battles is banned
|rule|HP Percentage Mod: HP is shown in percentages
|rule|Dynamax Clause: You cannot dynamax
|clearpoke
|poke|p1|Dragapult, F|
|poke|p1|Weavile, F|
|poke|p1|Rillaboom, M|
|poke|p1|Nihilego|
|poke|p1|Garchomp, M|
|poke|p1|Celesteela|
|poke|p2|Latios, M|
|poke|p2|Dragapult, F|
|poke|p2|Heatran, M|
|poke|p2|Landorus-Therian, M|
|poke|p2|Melmetal|
|poke|p2|Urshifu-*, F|
|teampreview
|inactive|Battle timer is ON: inactive players will automatically lose when time's up. (requested by Kownish)
|j| Palladiawa A
|
|t:|1666267062
|start
|switch|p1a: Garchomp|Garchomp, M|100/100
|switch|p2a: Heatran|Heatran, M|100/100
|turn|1
|
|t:|1666267068
|switch|p2a: Dogo|Landorus-Therian, M, shiny|100/100
|-ability|p2a: Dogo|Intimidate|boost
|-unboost|p1a: Garchomp|atk|1
|move|p1a: Garchomp|Stealth Rock|p2a: Dogo
|-sidestart|p2: Kownish|move: Stealth Rock
|
|upkeep
|turn|2
|
|t:|1666267071
|move|p1a: Garchomp|Swords Dance|p1a: Garchomp
|-boost|p1a: Garchomp|atk|2
|move|p2a: Dogo|Toxic|p1a: Garchomp|[miss]
|-miss|p2a: Dogo|p1a: Garchomp
|
|upkeep
|turn|3
|
|t:|1666267077
|move|p1a: Garchomp|Swords Dance|p1a: Garchomp
|-boost|p1a: Garchomp|atk|2
|move|p2a: Dogo|Earthquake|p1a: Garchomp
|-damage|p1a: Garchomp|54/100
|
|-heal|p1a: Garchomp|60/100|[from] item: Leftovers
|upkeep
|turn|4
|
|t:|1666267089
|move|p1a: Garchomp|Scale Shot|p2a: Dogo
|-damage|p2a: Dogo|71/100
|-damage|p2a: Dogo|36/100
|-damage|p2a: Dogo|4/100
|-damage|p2a: Dogo|0 fnt
|faint|p2a: Dogo
|-hitcount|p2: Dogo|4
|-unboost|p1a: Garchomp|def|1
|-boost|p1a: Garchomp|spe|1
|
|-heal|p1a: Garchomp|67/100|[from] item: Leftovers
|upkeep
|
|t:|1666267098
|switch|p2a: Urshifu|Urshifu-Rapid-Strike, F|100/100
|-damage|p2a: Urshifu|94/100|[from] Stealth Rock
|turn|5
|
|t:|1666267101
|move|p2a: Urshifu|Aqua Jet|p1a: Garchomp
|-damage|p1a: Garchomp|21/100
|-damage|p2a: Urshifu|82/100|[from] ability: Rough Skin|[of] p1a: Garchomp
|move|p1a: Garchomp|Earthquake|p2a: Urshifu
|-damage|p2a: Urshifu|0 fnt
|faint|p2a: Urshifu
|
|-heal|p1a: Garchomp|27/100|[from] item: Leftovers
|upkeep
|
|t:|1666267107
|switch|p2a: Latios|Latios, M|100/100
|-damage|p2a: Latios|88/100|[from] Stealth Rock
|turn|6
|
|t:|1666267109
|move|p1a: Garchomp|Scale Shot|p2a: Latios
|-supereffective|p2a: Latios
|-damage|p2a: Latios|2/100
|-supereffective|p2a: Latios
|-damage|p2a: Latios|0 fnt
|faint|p2a: Latios
|-hitcount|p2: Latios|2
|-unboost|p1a: Garchomp|def|1
|-boost|p1a: Garchomp|spe|1
|
|-heal|p1a: Garchomp|34/100|[from] item: Leftovers
|upkeep
|
|t:|1666267111
|switch|p2a: Dragapult|Dragapult, F|100/100
|-damage|p2a: Dragapult|88/100|[from] Stealth Rock
|turn|7
|
|t:|1666267113
|move|p1a: Garchomp|Scale Shot|p2a: Dragapult
|-supereffective|p2a: Dragapult
|-crit|p2a: Dragapult
|-damage|p2a: Dragapult|0 fnt
|faint|p2a: Dragapult
|-hitcount|p2: Dragapult|1
|-unboost|p1a: Garchomp|def|1
|-boost|p1a: Garchomp|spe|1
|
|-heal|p1a: Garchomp|40/100|[from] item: Leftovers
|upkeep
|-message|Kownish forfeited.
|
|win|HQSFun
|raw|HQSFun's rating: 1780 &rarr; <strong>1798</strong><br />(+18 for winning)
|raw|Kownish's rating: 1739 &rarr; <strong>1721</strong><br />(-18 for losing)
|l|☆Kownish
|l|☆HQSFun
