|j|☆machao753
|j|‽not mb
|t:|1625889966
|gametype|singles
|player|p1|machao753|266|1864
|player|p2|not mb|#wcop2020uswest|1903
|teamsize|p1|6
|teamsize|p2|6
|gen|8
|tier|[Gen 8] OU
|rated|
|rule|Sleep Clause Mod: Limit one foe put to sleep
|rule|Species Clause: Limit one of each Pokémon
|rule|OHKO Clause: OHKO moves are banned
|rule|Evasion Moves Clause: Evasion moves are banned
|rule|Endless Battle Clause: Forcing endless battles is banned
|rule|HP Percentage Mod: HP is shown in percentages
|rule|Dynamax Clause: You cannot dynamax
|clearpoke
|poke|p1|Volcarona, F|
|poke|p1|Slowking, F|
|poke|p1|Ferrothorn, F|
|poke|p1|Landorus-Therian, M|
|poke|p1|Dragapult, F|
|poke|p1|Bisharp, F|
|poke|p2|Kyurem|
|poke|p2|Urshifu-*, F|
|poke|p2|Nidoking, M|
|poke|p2|Clefable, F|
|poke|p2|Corviknight, F|
|poke|p2|Tapu Fini|
|teampreview
|inactive|Battle timer is ON: inactive players will automatically lose when time's up. (requested by machao753)
|j| OPJellicent
|
|t:|1625890003
|start
|switch|p1a: Slowking|Slowking, F|100/100
|switch|p2a: Urshifu|Urshifu-Rapid-Strike, F|100/100
|turn|1
|
|t:|1625890006
|move|p2a: Urshifu|U-turn|p1a: Slowking
|-supereffective|p1a: Slowking
|-damage|p1a: Slowking|27/100
|
|t:|1625890010
|switch|p2a: Clefable|Clefable, F|100/100|[from]move: U-turn
|move|p1a: Slowking|Future Sight|p2a: Clefable
|-start|p1a: Slowking|move: Future Sight
|
|upkeep
|turn|2
|
|t:|1625890013
|move|p2a: Clefable|Stealth Rock|p1a: Slowking
|-sidestart|p1: machao753|move: Stealth Rock
|move|p1a: Slowking|Teleport|p1a: Slowking
|
|t:|1625890015
|switch|p1a: Bisharp|Bisharp, F, shiny|100/100|[from]move: Teleport
|-damage|p1a: Bisharp|95/100|[from] Stealth Rock
|
|upkeep
|turn|3
|
|t:|1625890025
|switch|p2a: Corviknight|Corviknight, F|100/100
|-ability|p2a: Corviknight|Pressure
|move|p1a: Bisharp|Swords Dance|p1a: Bisharp
|-boost|p1a: Bisharp|atk|2
|
|-end|p2a: Corviknight|move: Future Sight
|-resisted|p2a: Corviknight
|-damage|p2a: Corviknight|84/100
|-heal|p2a: Corviknight|90/100|[from] item: Leftovers
|upkeep
|turn|4
|inactive|not mb has 120 seconds left.
|j| Noob 0_o
|
|t:|1625890063
|move|p1a: Bisharp|Knock Off|p2a: Corviknight
|-damage|p2a: Corviknight|0 fnt
|-enditem|p2a: Corviknight|Leftovers|[from] move: Knock Off|[of] p1a: Bisharp
|faint|p2a: Corviknight
|-damage|p1a: Bisharp|85/100|[from] item: Life Orb
|
|upkeep
|
|t:|1625890067
|switch|p2a: Urshifu|Urshifu-Rapid-Strike, F|100/100
|turn|5
|inactive|not mb has 120 seconds left.
|
|t:|1625890081
|switch|p1a: Dragapult|Dragapult, F, shiny|100/100
|-damage|p1a: Dragapult|88/100|[from] Stealth Rock
|move|p2a: Urshifu|U-turn|p1a: Dragapult
|-resisted|p1a: Dragapult
|-damage|p1a: Dragapult|64/100
|inactive|not mb has 120 seconds left.
|
|t:|1625890089
|switch|p2a: Tapu Fini|Tapu Fini|100/100|[from]move: U-turn
|-fieldstart|move: Misty Terrain|[from] ability: Misty Surge|[of] p2a: Tapu Fini
|
|upkeep
|turn|6
|
|t:|1625890096
|switch|p2a: Nidoking|Nidoking, M|100/100
|switch|p1a: Slowking|Slowking, F|60/100
|
|upkeep
|turn|7
|
|t:|1625890099
|move|p2a: Nidoking|Thunder|p1a: Slowking
|-supereffective|p1a: Slowking
|-damage|p1a: Slowking|4/100
|move|p1a: Slowking|Future Sight|p2a: Nidoking
|-start|p1a: Slowking|move: Future Sight
|
|upkeep
|turn|8
|
|t:|1625890104
|switch|p1a: Ferrothorn|Ferrothorn, F|100/100
|-damage|p1a: Ferrothorn|94/100|[from] Stealth Rock
|move|p2a: Nidoking|Ice Beam|p1a: Ferrothorn
|-damage|p1a: Ferrothorn|69/100
|
|-heal|p1a: Ferrothorn|75/100|[from] item: Leftovers
|upkeep
|turn|9
|
|t:|1625890114
|move|p2a: Nidoking|Earth Power|p1a: Ferrothorn
|-damage|p1a: Ferrothorn|36/100
|move|p1a: Ferrothorn|Spikes|p2a: Nidoking
|-sidestart|p2: not mb|Spikes
|
|-end|p2a: Nidoking|move: Future Sight
|-supereffective|p2a: Nidoking
|-damage|p2a: Nidoking|0 fnt
|faint|p2a: Nidoking
|-heal|p1a: Ferrothorn|43/100|[from] item: Leftovers
|-fieldend|Misty Terrain
|upkeep
|j| P'nene
|
|t:|1625890136
|switch|p2a: Kyurem|Kyurem|100/100
|-damage|p2a: Kyurem|88/100|[from] Spikes
|-ability|p2a: Kyurem|Pressure
|turn|10
|
|t:|1625890138
|move|p2a: Kyurem|Ice Beam|p1a: Ferrothorn
|-damage|p1a: Ferrothorn|2/100
|move|p1a: Ferrothorn|Gyro Ball|p2a: Kyurem
|-supereffective|p2a: Kyurem
|-damage|p2a: Kyurem|2/100
|
|-heal|p1a: Ferrothorn|9/100|[from] item: Leftovers
|upkeep
|turn|11
|
|t:|1625890144
|move|p2a: Kyurem|Ice Beam|p1a: Ferrothorn
|-damage|p1a: Ferrothorn|0 fnt
|faint|p1a: Ferrothorn
|
|upkeep
|
|t:|1625890145
|switch|p1a: Slowking|Slowking, F|37/100
|turn|12
|
|t:|1625890147
|move|p2a: Kyurem|Freeze-Dry|p1a: Slowking
|-supereffective|p1a: Slowking
|-damage|p1a: Slowking|0 fnt
|faint|p1a: Slowking
|
|upkeep
|
|t:|1625890150
|switch|p1a: Dragapult|Dragapult, F, shiny|64/100
|-damage|p1a: Dragapult|52/100|[from] Stealth Rock
|turn|13
|
|t:|1625890158
|move|p1a: Dragapult|Shadow Ball|p2a: Kyurem
|-damage|p2a: Kyurem|0 fnt
|faint|p2a: Kyurem
|
|upkeep
|l| P'nene
|
|t:|1625890163
|switch|p2a: Tapu Fini|Tapu Fini|100/100
|-damage|p2a: Tapu Fini|88/100|[from] Spikes
|-fieldstart|move: Misty Terrain|[from] ability: Misty Surge|[of] p2a: Tapu Fini
|turn|14
|
|t:|1625890167
|switch|p1a: Landorus|Landorus-Therian, M|100/100
|-damage|p1a: Landorus|88/100|[from] Stealth Rock
|-ability|p1a: Landorus|Intimidate|boost
|-unboost|p2a: Tapu Fini|atk|1
|move|p2a: Tapu Fini|Moonblast|p1a: Landorus
|-damage|p1a: Landorus|45/100
|
|upkeep
|turn|15
|
|t:|1625890175
|move|p2a: Tapu Fini|Moonblast|p1a: Landorus
|-damage|p1a: Landorus|0 fnt
|faint|p1a: Landorus
|
|upkeep
|
|t:|1625890177
|switch|p1a: Volcarona|Volcarona, F|100/100
|turn|16
|
|t:|1625890182
|switch|p2a: Clefable|Clefable, F|100/100
|-damage|p2a: Clefable|88/100|[from] Spikes
|move|p1a: Volcarona|Quiver Dance|p1a: Volcarona
|-boost|p1a: Volcarona|spa|1
|-boost|p1a: Volcarona|spd|1
|-boost|p1a: Volcarona|spe|1
|
|upkeep
|turn|17
|
|t:|1625890186
|move|p1a: Volcarona|Flamethrower|p2a: Clefable
|-damage|p2a: Clefable|58/100
|move|p2a: Clefable|Moonblast|p1a: Volcarona
|-resisted|p1a: Volcarona
|-damage|p1a: Volcarona|88/100
|
|upkeep
|turn|18
|
|t:|1625890192
|switch|p1a: Bisharp|Bisharp, F, shiny|85/100
|-damage|p1a: Bisharp|79/100|[from] Stealth Rock
|move|p2a: Clefable|Soft-Boiled|p2a: Clefable
|-heal|p2a: Clefable|100/100
|
|-fieldend|Misty Terrain
|upkeep
|turn|19
|
|t:|1625890196
|switch|p2a: Urshifu|Urshifu-Rapid-Strike, F|100/100
|-damage|p2a: Urshifu|88/100|[from] Spikes
|move|p1a: Bisharp|Iron Head|p2a: Urshifu
|-resisted|p2a: Urshifu
|-damage|p2a: Urshifu|58/100
|-damage|p1a: Bisharp|69/100|[from] item: Life Orb
|
|upkeep
|turn|20
|inactive|machao753 has 120 seconds left.
|
|t:|1625890231
|move|p1a: Bisharp|Sucker Punch|p2a: Urshifu
|-resisted|p2a: Urshifu
|-damage|p2a: Urshifu|35/100
|-damage|p1a: Bisharp|59/100|[from] item: Life Orb
|move|p2a: Urshifu|Surging Strikes|p1a: Bisharp
|-crit|p1a: Bisharp
|-damage|p1a: Bisharp|23/100
|-crit|p1a: Bisharp
|-damage|p1a: Bisharp|0 fnt
|faint|p1a: Bisharp
|-hitcount|p1: Bisharp|2
|
|upkeep
|
|t:|1625890233
|switch|p1a: Dragapult|Dragapult, F, shiny|52/100
|-damage|p1a: Dragapult|39/100|[from] Stealth Rock
|turn|21
|
|t:|1625890246
|switch|p2a: Clefable|Clefable, F|100/100
|-damage|p2a: Clefable|88/100|[from] Spikes
|move|p1a: Dragapult|Shadow Ball|p2a: Clefable
|-damage|p2a: Clefable|47/100
|
|upkeep
|turn|22
|
|t:|1625890251
|move|p1a: Dragapult|Shadow Ball|p2a: Clefable
|-crit|p2a: Clefable
|-damage|p2a: Clefable|0 fnt
|faint|p2a: Clefable
|
|upkeep
|
|t:|1625890269
|switch|p2a: Tapu Fini|Tapu Fini|88/100
|-damage|p2a: Tapu Fini|76/100|[from] Spikes
|-fieldstart|move: Misty Terrain|[from] ability: Misty Surge|[of] p2a: Tapu Fini
|turn|23
|
|t:|1625890271
|move|p2a: Tapu Fini|Surf|p1a: Dragapult
|-resisted|p1a: Dragapult
|-damage|p1a: Dragapult|12/100
|move|p1a: Dragapult|Shadow Ball|p2a: Tapu Fini
|-damage|p2a: Tapu Fini|29/100
|
|upkeep
|turn|24
|
|t:|1625890275
|move|p2a: Tapu Fini|Surf|p1a: Dragapult
|-resisted|p1a: Dragapult
|-damage|p1a: Dragapult|0 fnt
|faint|p1a: Dragapult
|
|upkeep
|
|t:|1625890277
|switch|p1a: Volcarona|Volcarona, F|88/100
|turn|25
|
|t:|1625890278
|move|p2a: Tapu Fini|Surf|p1a: Volcarona
|-supereffective|p1a: Volcarona
|-damage|p1a: Volcarona|30/100
|move|p1a: Volcarona|Quiver Dance|p1a: Volcarona
|-boost|p1a: Volcarona|spa|1
|-boost|p1a: Volcarona|spd|1
|-boost|p1a: Volcarona|spe|1
|
|upkeep
|turn|26
|
|t:|1625890281
|move|p2a: Tapu Fini|Surf|p1a: Volcarona
|-supereffective|p1a: Volcarona
|-damage|p1a: Volcarona|0 fnt
|faint|p1a: Volcarona
|
|win|not mb
|raw|machao753's rating: 1864 &rarr; <strong>1846</strong><br />(-18 for losing)
|raw|not mb's rating: 1903 &rarr; <strong>1921</strong><br />(+18 for winning)
|l| OPJellicent
|l|☆machao753
