|j|☆gaenisalbino
|j|☆AlIoutdragadarts
|t:|1637150800
|gametype|singles
|player|p1|gaenisalbino|169|1780
|player|p2|AlIoutdragadarts|skier|1789
|teamsize|p1|6
|teamsize|p2|6
|gen|8
|tier|[Gen 8] OU
|rated|
|rule|Sleep Clause Mod: Limit one foe put to sleep
|rule|Species Clause: Limit one of each Pokémon
|rule|OHKO Clause: OHKO moves are banned
|rule|Evasion Moves Clause: Evasion moves are banned
|rule|Endless Battle Clause: Forcing endless battles is banned
|rule|HP Percentage Mod: HP is shown in percentages
|rule|Dynamax Clause: You cannot dynamax
|clearpoke
|poke|p1|Pelipper, M|
|poke|p1|Barraskewda, M|
|poke|p1|Regieleki|
|poke|p1|Tapu Lele|
|poke|p1|Landorus-Therian, M|
|poke|p1|Ferrothorn, M|
|poke|p2|Dragapult, M|
|poke|p2|Buzzwole|
|poke|p2|Toxapex, M|
|poke|p2|Slowking-Galar, M|
|poke|p2|Landorus-Therian, M|
|poke|p2|Corviknight, M|
|teampreview
|j| jeanmilapipe
|
|t:|1637150845
|start
|switch|p1a: Landorus|Landorus-Therian, M|100/100
|switch|p2a: Landorus|Landorus-Therian, M, shiny|100/100
|-ability|p1a: Landorus|Intimidate|boost
|-unboost|p2a: Landorus|atk|1
|-ability|p2a: Landorus|Intimidate|boost
|-unboost|p1a: Landorus|atk|1
|turn|1
|j| Rainstuck
|
|t:|1637150867
|move|p1a: Landorus|Stealth Rock|p2a: Landorus
|-sidestart|p2: AlIoutdragadarts|move: Stealth Rock
|move|p2a: Landorus|Toxic|p1a: Landorus
|-status|p1a: Landorus|tox
|
|-damage|p1a: Landorus|94/100 tox|[from] psn
|upkeep
|turn|2
|j| methaglin
|
|t:|1637150872
|switch|p1a: Pelipper|Pelipper, M|100/100
|-weather|RainDance|[from] ability: Drizzle|[of] p1a: Pelipper
|switch|p2a: Corviknight|Corviknight, M, shiny|100/100
|-damage|p2a: Corviknight|88/100|[from] Stealth Rock
|-ability|p2a: Corviknight|Pressure
|
|-weather|RainDance|[upkeep]
|-heal|p2a: Corviknight|94/100|[from] item: Leftovers
|upkeep
|turn|3
|
|t:|1637150888
|switch|p2a: Toxapex|Toxapex, M, shiny|100/100
|-damage|p2a: Toxapex|88/100|[from] Stealth Rock
|move|p1a: Pelipper|Weather Ball|p2a: Toxapex
|-resisted|p2a: Toxapex
|-damage|p2a: Toxapex|53/100
|
|-weather|RainDance|[upkeep]
|-heal|p2a: Toxapex|60/100|[from] item: Black Sludge
|upkeep
|turn|4
|
|t:|1637150899
|switch|p1a: Tapu Lele|Tapu Lele|100/100
|-fieldstart|move: Psychic Terrain|[from] ability: Psychic Surge|[of] p1a: Tapu Lele
|move|p2a: Toxapex|Recover|p2a: Toxapex
|-heal|p2a: Toxapex|100/100
|
|-weather|RainDance|[upkeep]
|upkeep
|turn|5
|c| Rainstuck|Mimikyu stardust team
|c| Rainstuck|rofl
|c|☆gaenisalbino|no lol
|
|t:|1637150914
|switch|p2a: Landorus|Landorus-Therian, M, shiny|100/100
|-damage|p2a: Landorus|88/100|[from] Stealth Rock
|-ability|p2a: Landorus|Intimidate|boost
|-unboost|p1a: Tapu Lele|atk|1
|move|p1a: Tapu Lele|Thunder|p2a: Landorus
|-immune|p2a: Landorus
|
|-weather|RainDance|[upkeep]
|-heal|p2a: Landorus|94/100|[from] item: Leftovers
|upkeep
|turn|6
|c| Rainstuck|exact same
|c| Rainstuck|mons
|c| Rainstuck|rofl
|c|☆gaenisalbino|its pinkacross's
|c| Rainstuck|Oh no wonder
|c| Rainstuck|So he stole it from pinkacross as well?
|c|☆gaenisalbino|do you know mimkyu stardust?
|c| Rainstuck|nope but i watch this games
|c|☆gaenisalbino|oh
|
|t:|1637150958
|switch|p1a: Ferrothorn|Ferrothorn, M|100/100
|move|p2a: Landorus|U-turn|p1a: Ferrothorn
|-damage|p1a: Ferrothorn|85/100
|-damage|p2a: Landorus|82/100|[from] ability: Iron Barbs|[of] p1a: Ferrothorn
|
|t:|1637150974
|switch|p2a: Corviknight|Corviknight, M, shiny|94/100|[from]move: U-turn
|-damage|p2a: Corviknight|82/100|[from] Stealth Rock
|-ability|p2a: Corviknight|Pressure
|
|-weather|none
|-heal|p2a: Corviknight|88/100|[from] item: Leftovers
|-heal|p1a: Ferrothorn|91/100|[from] item: Leftovers
|upkeep
|turn|7
|c| Rainstuck|do you know him then?
|
|t:|1637150978
|switch|p1a: Pelipper|Pelipper, M|100/100
|-weather|RainDance|[from] ability: Drizzle|[of] p1a: Pelipper
|move|p2a: Corviknight|Defog|p1a: Pelipper
|-unboost|p1a: Pelipper|evasion|1
|-sideend|p2: AlIoutdragadarts|Stealth Rock|[from] move: Defog|[of] p2a: Corviknight
|-fieldend|move: Psychic Terrain
|
|-weather|RainDance|[upkeep]
|-heal|p2a: Corviknight|94/100|[from] item: Leftovers
|upkeep
|turn|8
|c|☆gaenisalbino|nah just in a random discord with him
|c| Rainstuck|So pinkacross passed you guys this team?
|j| Ctannn
|c|☆gaenisalbino|hmm ewll
|
|t:|1637151034
|switch|p2a: Slowking|Slowking-Galar, M, shiny|100/100
|move|p1a: Pelipper|U-turn|p2a: Slowking
|-damage|p2a: Slowking|92/100
|
|t:|1637151039
|switch|p1a: Barraskewda|Barraskewda, M|100/100|[from]move: U-turn
|
|-weather|RainDance|[upkeep]
|upkeep
|turn|9
|
|t:|1637151042
|switch|p2a: Toxapex|Toxapex, M, shiny|100/100
|move|p1a: Barraskewda|Flip Turn|p2a: Toxapex
|-resisted|p2a: Toxapex
|-damage|p2a: Toxapex|71/100
|
|t:|1637151046
|switch|p1a: Tapu Lele|Tapu Lele|100/100|[from]move: Flip Turn
|-fieldstart|move: Psychic Terrain|[from] ability: Psychic Surge|[of] p1a: Tapu Lele
|
|-weather|RainDance|[upkeep]
|-heal|p2a: Toxapex|77/100|[from] item: Black Sludge
|upkeep
|turn|10
|
|t:|1637151055
|switch|p2a: Slowking|Slowking-Galar, M, shiny|100/100
|move|p1a: Tapu Lele|Future Sight|p2a: Slowking
|-start|p1a: Tapu Lele|move: Future Sight
|
|-weather|RainDance|[upkeep]
|upkeep
|turn|11
|
|t:|1637151065
|switch|p1a: Barraskewda|Barraskewda, M|100/100
|move|p2a: Slowking|Future Sight|p1a: Barraskewda
|-start|p2a: Slowking|move: Future Sight
|
|-weather|none
|upkeep
|turn|12
|
|t:|1637151074
|move|p1a: Barraskewda|Liquidation|p2a: Slowking
|-damage|p2a: Slowking|26/100
|move|p2a: Slowking|Sludge Bomb|p1a: Barraskewda
|-damage|p1a: Barraskewda|10/100
|
|-end|p2a: Slowking|move: Future Sight
|-damage|p2a: Slowking|0 fnt
|faint|p2a: Slowking
|upkeep
|
|t:|1637151084
|switch|p2a: Landorus|Landorus-Therian, M, shiny|82/100
|-ability|p2a: Landorus|Intimidate|boost
|-unboost|p1a: Barraskewda|atk|1
|turn|13
|
|t:|1637151093
|switch|p2a: Toxapex|Toxapex, M, shiny|100/100
|move|p1a: Barraskewda|Liquidation|p2a: Toxapex
|-resisted|p2a: Toxapex
|-damage|p2a: Toxapex|83/100
|
|-end|p1a: Barraskewda|move: Future Sight
|-crit|p1a: Barraskewda
|-damage|p1a: Barraskewda|0 fnt
|faint|p1a: Barraskewda
|-heal|p2a: Toxapex|89/100|[from] item: Black Sludge
|-fieldend|move: Psychic Terrain
|upkeep
|
|t:|1637151136
|switch|p1a: Tapu Lele|Tapu Lele|100/100
|-fieldstart|move: Psychic Terrain|[from] ability: Psychic Surge|[of] p1a: Tapu Lele
|turn|14
|inactive|Battle timer is ON: inactive players will automatically lose when time's up. (requested by AlIoutdragadarts)
|
|t:|1637151196
|switch|p2a: Corviknight|Corviknight, M, shiny|94/100
|-ability|p2a: Corviknight|Pressure
|move|p1a: Tapu Lele|Future Sight|p2a: Corviknight
|-start|p1a: Tapu Lele|move: Future Sight
|
|-heal|p2a: Corviknight|99/100|[from] item: Leftovers
|upkeep
|turn|15
|
|t:|1637151203
|switch|p1a: Pelipper|Pelipper, M|100/100
|-weather|RainDance|[from] ability: Drizzle|[of] p1a: Pelipper
|move|p2a: Corviknight|U-turn|p1a: Pelipper
|-resisted|p1a: Pelipper
|-crit|p1a: Pelipper
|-damage|p1a: Pelipper|87/100
|
|t:|1637151213
|switch|p2a: Dragapult|Dragapult, M, shiny|100/100|[from]move: U-turn
|
|-weather|RainDance|[upkeep]
|upkeep
|turn|16
|
|t:|1637151221
|move|p2a: Dragapult|U-turn|p1a: Pelipper
|-resisted|p1a: Pelipper
|-damage|p1a: Pelipper|76/100
|
|t:|1637151225
|switch|p2a: Toxapex|Toxapex, M, shiny|100/100|[from]move: U-turn
|move|p1a: Pelipper|Weather Ball|p2a: Toxapex
|-resisted|p2a: Toxapex
|-damage|p2a: Toxapex|67/100
|
|-weather|RainDance|[upkeep]
|-end|p2a: Toxapex|move: Future Sight
|-supereffective|p2a: Toxapex
|-damage|p2a: Toxapex|0 fnt
|faint|p2a: Toxapex
|upkeep
|
|t:|1637151229
|switch|p2a: Dragapult|Dragapult, M, shiny|100/100
|turn|17
|
|t:|1637151249
|switch|p1a: Ferrothorn|Ferrothorn, M|91/100
|move|p2a: Dragapult|Thunder Wave|p1a: Ferrothorn
|-status|p1a: Ferrothorn|par
|
|-weather|RainDance|[upkeep]
|-heal|p1a: Ferrothorn|97/100 par|[from] item: Leftovers
|upkeep
|turn|18
|
|t:|1637151264
|move|p2a: Dragapult|Hex|p1a: Ferrothorn
|-damage|p1a: Ferrothorn|53/100 par
|move|p1a: Ferrothorn|Knock Off|p2a: Dragapult
|-supereffective|p2a: Dragapult
|-damage|p2a: Dragapult|37/100
|-enditem|p2a: Dragapult|Spell Tag|[from] move: Knock Off|[of] p1a: Ferrothorn
|
|-weather|RainDance|[upkeep]
|-heal|p1a: Ferrothorn|59/100 par|[from] item: Leftovers
|-fieldend|move: Psychic Terrain
|upkeep
|turn|19
|
|t:|1637151270
|move|p2a: Dragapult|U-turn|p1a: Ferrothorn
|-damage|p1a: Ferrothorn|45/100 par
|-damage|p2a: Dragapult|24/100|[from] ability: Iron Barbs|[of] p1a: Ferrothorn
|
|t:|1637151273
|switch|p2a: Buzzwole|Buzzwole, shiny|100/100|[from]move: U-turn
|move|p1a: Ferrothorn|Knock Off|p2a: Buzzwole
|-resisted|p2a: Buzzwole
|-damage|p2a: Buzzwole|94/100
|-damage|p1a: Ferrothorn|28/100 par|[from] item: Rocky Helmet|[of] p2a: Buzzwole
|-enditem|p2a: Buzzwole|Rocky Helmet|[from] move: Knock Off|[of] p1a: Ferrothorn
|
|-weather|none
|-heal|p1a: Ferrothorn|34/100 par|[from] item: Leftovers
|upkeep
|turn|20
|j| no OU anymore
|
|t:|1637151282
|switch|p1a: Pelipper|Pelipper, M|76/100
|-weather|RainDance|[from] ability: Drizzle|[of] p1a: Pelipper
|move|p2a: Buzzwole|Close Combat|p1a: Pelipper
|-resisted|p1a: Pelipper
|-damage|p1a: Pelipper|39/100
|-unboost|p2a: Buzzwole|def|1
|-unboost|p2a: Buzzwole|spd|1
|
|-weather|RainDance|[upkeep]
|upkeep
|turn|21
|
|t:|1637151292
|move|p2a: Buzzwole|Close Combat|p1a: Pelipper
|-resisted|p1a: Pelipper
|-damage|p1a: Pelipper|0 fnt
|-unboost|p2a: Buzzwole|def|1
|-unboost|p2a: Buzzwole|spd|1
|faint|p1a: Pelipper
|-ability|p2a: Buzzwole|Beast Boost|boost
|-boost|p2a: Buzzwole|atk|1
|
|-weather|RainDance|[upkeep]
|upkeep
|l| jeanmilapipe
|j| jeanmilapipe
|
|t:|1637151315
|switch|p1a: Tapu Lele|Tapu Lele|100/100
|-fieldstart|move: Psychic Terrain|[from] ability: Psychic Surge|[of] p1a: Tapu Lele
|turn|22
|j| BabyPigsAreLaughin
|j| Truebeliver
|inactive|gaenisalbino has 120 seconds left.
|
|t:|1637151340
|switch|p2a: Corviknight|Corviknight, M, shiny|99/100
|-ability|p2a: Corviknight|Pressure
|move|p1a: Tapu Lele|Thunder|p2a: Corviknight
|-supereffective|p2a: Corviknight
|-damage|p2a: Corviknight|22/100
|-status|p2a: Corviknight|par
|
|-weather|RainDance|[upkeep]
|-heal|p2a: Corviknight|28/100 par|[from] item: Leftovers
|upkeep
|turn|23
|inactive|gaenisalbino has 120 seconds left.
|inactive|gaenisalbino has 90 seconds left.
|
|t:|1637151376
|switch|p1a: Landorus|Landorus-Therian, M|94/100 tox
|-ability|p1a: Landorus|Intimidate|boost
|-unboost|p2a: Corviknight|atk|1
|switch|p2a: Landorus|Landorus-Therian, M, shiny|82/100
|-ability|p2a: Landorus|Intimidate|boost
|-unboost|p1a: Landorus|atk|1
|
|-weather|RainDance|[upkeep]
|-heal|p1a: Landorus|100/100 tox|[from] item: Leftovers
|-heal|p2a: Landorus|88/100|[from] item: Leftovers
|-damage|p1a: Landorus|94/100 tox|[from] psn
|upkeep
|turn|24
|
|t:|1637151381
|switch|p2a: Corviknight|Corviknight, M, shiny|28/100 par
|-ability|p2a: Corviknight|Pressure
|move|p1a: Landorus|U-turn|p2a: Corviknight
|-resisted|p2a: Corviknight
|-damage|p2a: Corviknight|26/100 par
|
|t:|1637151390
|switch|p1a: Regieleki|Regieleki, shiny|100/100|[from]move: U-turn
|
|-weather|none
|-heal|p2a: Corviknight|32/100 par|[from] item: Leftovers
|upkeep
|turn|25
|j| cypherstests7
|inactive|gaenisalbino has 90 seconds left.
|
|t:|1637151411
|switch|p2a: Landorus|Landorus-Therian, M, shiny|88/100
|-ability|p2a: Landorus|Intimidate|boost
|-unboost|p1a: Regieleki|atk|1
|move|p1a: Regieleki|Volt Switch|p2a: Landorus
|-immune|p2a: Landorus
|
|-heal|p2a: Landorus|94/100|[from] item: Leftovers
|upkeep
|turn|26
|inactive|gaenisalbino has 90 seconds left.
|
|t:|1637151440
|switch|p1a: Tapu Lele|Tapu Lele|100/100
|move|p2a: Landorus|U-turn|p1a: Tapu Lele
|-damage|p1a: Tapu Lele|67/100
|
|t:|1637151445
|switch|p2a: Corviknight|Corviknight, M, shiny|32/100 par|[from]move: U-turn
|-ability|p2a: Corviknight|Pressure
|
|-heal|p2a: Corviknight|38/100 par|[from] item: Leftovers
|-fieldend|move: Psychic Terrain
|upkeep
|turn|27
|
|t:|1637151458
|switch|p2a: Landorus|Landorus-Therian, M, shiny|94/100
|-ability|p2a: Landorus|Intimidate|boost
|-unboost|p1a: Tapu Lele|atk|1
|move|p1a: Tapu Lele|Psyshock|p2a: Landorus
|-damage|p2a: Landorus|51/100
|
|-heal|p2a: Landorus|57/100|[from] item: Leftovers
|upkeep
|turn|28
|inactive|gaenisalbino has 60 seconds left.
|
|t:|1637151490
|switch|p1a: Regieleki|Regieleki, shiny|100/100
|switch|p2a: Corviknight|Corviknight, M, shiny|38/100 par
|-ability|p2a: Corviknight|Pressure
|
|-heal|p2a: Corviknight|44/100 par|[from] item: Leftovers
|upkeep
|turn|29
|
|t:|1637151499
|switch|p1a: Landorus|Landorus-Therian, M|94/100 tox
|-ability|p1a: Landorus|Intimidate|boost
|-unboost|p2a: Corviknight|atk|1
|switch|p2a: Landorus|Landorus-Therian, M, shiny|57/100
|-ability|p2a: Landorus|Intimidate|boost
|-unboost|p1a: Landorus|atk|1
|
|-heal|p1a: Landorus|100/100 tox|[from] item: Leftovers
|-heal|p2a: Landorus|63/100|[from] item: Leftovers
|-damage|p1a: Landorus|94/100 tox|[from] psn
|upkeep
|turn|30
|
|t:|1637151503
|switch|p2a: Corviknight|Corviknight, M, shiny|44/100 par
|-ability|p2a: Corviknight|Pressure
|move|p1a: Landorus|U-turn|p2a: Corviknight
|-resisted|p2a: Corviknight
|-damage|p2a: Corviknight|42/100 par
|
|t:|1637151507
|switch|p1a: Tapu Lele|Tapu Lele|67/100|[from]move: U-turn
|-fieldstart|move: Psychic Terrain|[from] ability: Psychic Surge|[of] p1a: Tapu Lele
|
|-heal|p2a: Corviknight|48/100 par|[from] item: Leftovers
|upkeep
|turn|31
|
|t:|1637151511
|switch|p2a: Landorus|Landorus-Therian, M, shiny|63/100
|-ability|p2a: Landorus|Intimidate|boost
|-unboost|p1a: Tapu Lele|atk|1
|move|p1a: Tapu Lele|Thunder|p2a: Landorus
|-immune|p2a: Landorus
|
|-heal|p2a: Landorus|70/100|[from] item: Leftovers
|upkeep
|turn|32
|inactive|gaenisalbino has 90 seconds left.
|
|t:|1637151524
|switch|p1a: Landorus|Landorus-Therian, M|94/100 tox
|-ability|p1a: Landorus|Intimidate|boost
|-unboost|p2a: Landorus|atk|1
|move|p2a: Landorus|U-turn|p1a: Landorus
|-resisted|p1a: Landorus
|-damage|p1a: Landorus|88/100 tox
|c| Truebeliver|What i am watching
|
|t:|1637151547
|switch|p2a: Buzzwole|Buzzwole, shiny|94/100|[from]move: U-turn
|
|-heal|p1a: Landorus|94/100 tox|[from] item: Leftovers
|-damage|p1a: Landorus|88/100 tox|[from] psn
|upkeep
|turn|33
|inactive|gaenisalbino has 90 seconds left.
|
|t:|1637151573
|switch|p1a: Regieleki|Regieleki, shiny|100/100
|move|p2a: Buzzwole|Ice Punch|p1a: Regieleki
|-damage|p1a: Regieleki|49/100
|
|upkeep
|turn|34
|c|☆gaenisalbino|oh trubeliver
|c|☆gaenisalbino|i saw u in blunders chan lol
|inactive|gaenisalbino has 60 seconds left.
|c| Truebeliver|Wdym?
|c|☆gaenisalbino|blatantly lying about your scarf shifu
|c|☆gaenisalbino|and on blims channel
|
|t:|1637151614
|switch|p2a: Landorus|Landorus-Therian, M, shiny|70/100
|-ability|p2a: Landorus|Intimidate|boost
|-unboost|p1a: Regieleki|atk|1
|move|p1a: Regieleki|Ancient Power|p2a: Landorus
|-damage|p2a: Landorus|56/100
|
|-heal|p2a: Landorus|62/100|[from] item: Leftovers
|-fieldend|move: Psychic Terrain
|upkeep
|turn|35
|c|☆gaenisalbino|being salty
|
|t:|1637151629
|move|p1a: Regieleki|Ancient Power|p2a: Landorus
|-damage|p2a: Landorus|48/100
|move|p2a: Landorus|U-turn|p1a: Regieleki
|-damage|p1a: Regieleki|6/100
|c|☆gaenisalbino|about a roll
|c| Truebeliver|That bitch blims that always loose to me offstream?
|c|☆gaenisalbino|lol
|
|t:|1637151636
|switch|p2a: Dragapult|Dragapult, M, shiny|24/100|[from]move: U-turn
|
|upkeep
|turn|36
|c| Rainstuck|Rofl
|c|☆gaenisalbino|welp we need proof lol
|c| Truebeliver|That i never heard off outside off storm
|
|t:|1637151650
|switch|p2a: Landorus|Landorus-Therian, M, shiny|48/100
|-ability|p2a: Landorus|Intimidate|boost
|-unboost|p1a: Regieleki|atk|1
|move|p1a: Regieleki|Ancient Power|p2a: Landorus
|-damage|p2a: Landorus|36/100
|
|-heal|p2a: Landorus|42/100|[from] item: Leftovers
|upkeep
|turn|37
|c| Truebeliver|Telling me i wouldv been on the guys
|c| Truebeliver|Video
|c| Truebeliver|Cuz he haxxed me?
|
|t:|1637151666
|move|p1a: Regieleki|Ancient Power|p2a: Landorus
|-damage|p2a: Landorus|29/100
|move|p2a: Landorus|U-turn|p1a: Regieleki
|-damage|p1a: Regieleki|0 fnt
|faint|p1a: Regieleki
|c| Truebeliver|Kk i c
|
|t:|1637151673
|switch|p2a: Corviknight|Corviknight, M, shiny|48/100 par|[from]move: U-turn
|-ability|p2a: Corviknight|Pressure
|
|-heal|p2a: Corviknight|54/100 par|[from] item: Leftovers
|upkeep
|c| Truebeliver|You wouldv won this game turns ago
|c| Truebeliver|By xlixkinf knock
|c| Truebeliver|Btw
|c| Truebeliver|Clicking*
|raw|<div class="broadcast-red"><strong>Moderated chat was set to ☆!</strong><br />Only users of rank ☆ and higher can talk.</div>
|inactive|gaenisalbino has 60 seconds left.
|
|t:|1637151701
|switch|p1a: Tapu Lele|Tapu Lele|67/100
|-fieldstart|move: Psychic Terrain|[from] ability: Psychic Surge|[of] p1a: Tapu Lele
|turn|38
|inactive|gaenisalbino has 60 seconds left.
|c|☆gaenisalbino|not really
|
|t:|1637151716
|move|p1a: Tapu Lele|Psyshock|p2a: Corviknight
|-resisted|p2a: Corviknight
|-damage|p2a: Corviknight|36/100 par
|move|p2a: Corviknight|Roost|p2a: Corviknight
|-heal|p2a: Corviknight|86/100 par
|-singleturn|p2a: Corviknight|move: Roost
|
|-heal|p2a: Corviknight|92/100 par|[from] item: Leftovers
|upkeep
|turn|39
|
|t:|1637151721
|switch|p1a: Ferrothorn|Ferrothorn, M|34/100 par
|cant|p2a: Corviknight|par
|
|-heal|p2a: Corviknight|98/100 par|[from] item: Leftovers
|-heal|p1a: Ferrothorn|40/100 par|[from] item: Leftovers
|upkeep
|turn|40
|inactive|AlIoutdragadarts has 120 seconds left.
|
|t:|1637151756
|switch|p2a: Buzzwole|Buzzwole, shiny|94/100
|move|p1a: Ferrothorn|Leech Seed|p2a: Buzzwole
|-start|p2a: Buzzwole|move: Leech Seed
|
|-heal|p1a: Ferrothorn|46/100 par|[from] item: Leftovers
|-damage|p2a: Buzzwole|81/100|[from] Leech Seed|[of] p1a: Ferrothorn
|-heal|p1a: Ferrothorn|61/100 par|[silent]
|upkeep
|turn|41
|inactive|AlIoutdragadarts has 120 seconds left.
|
|t:|1637151771
|switch|p1a: Tapu Lele|Tapu Lele|67/100
|move|p2a: Buzzwole|Leech Life|p1a: Tapu Lele
|-damage|p1a: Tapu Lele|1/100
|-heal|p2a: Buzzwole|100/100|[from] drain|[of] p1a: Tapu Lele
|
|-damage|p2a: Buzzwole|88/100|[from] Leech Seed|[of] p1a: Tapu Lele
|-heal|p1a: Tapu Lele|20/100|[silent]
|upkeep
|turn|42
|inactive|AlIoutdragadarts has 120 seconds left.
|
|t:|1637151794
|switch|p2a: Landorus|Landorus-Therian, M, shiny|29/100
|-ability|p2a: Landorus|Intimidate|boost
|-unboost|p1a: Tapu Lele|atk|1
|move|p1a: Tapu Lele|Thunder|p2a: Landorus
|-immune|p2a: Landorus
|
|-heal|p2a: Landorus|35/100|[from] item: Leftovers
|-fieldend|move: Psychic Terrain
|upkeep
|turn|43
|inactive|gaenisalbino has 90 seconds left.
|
|t:|1637151806
|switch|p1a: Ferrothorn|Ferrothorn, M|61/100 par
|move|p2a: Landorus|Stealth Rock|p1a: Ferrothorn
|-sidestart|p1: gaenisalbino|move: Stealth Rock
|
|-heal|p2a: Landorus|41/100|[from] item: Leftovers
|-heal|p1a: Ferrothorn|67/100 par|[from] item: Leftovers
|upkeep
|turn|44
|
|t:|1637151811
|switch|p2a: Buzzwole|Buzzwole, shiny|88/100
|move|p1a: Ferrothorn|Leech Seed|p2a: Buzzwole
|-start|p2a: Buzzwole|move: Leech Seed
|
|-heal|p1a: Ferrothorn|73/100 par|[from] item: Leftovers
|-damage|p2a: Buzzwole|76/100|[from] Leech Seed|[of] p1a: Ferrothorn
|-heal|p1a: Ferrothorn|88/100 par|[silent]
|upkeep
|turn|45
|
|t:|1637151816
|switch|p1a: Landorus|Landorus-Therian, M|88/100 tox
|-damage|p1a: Landorus|76/100 tox|[from] Stealth Rock
|-ability|p1a: Landorus|Intimidate|boost
|-unboost|p2a: Buzzwole|atk|1
|move|p2a: Buzzwole|Close Combat|p1a: Landorus
|-resisted|p1a: Landorus
|-damage|p1a: Landorus|58/100 tox
|-unboost|p2a: Buzzwole|def|1
|-unboost|p2a: Buzzwole|spd|1
|
|-heal|p1a: Landorus|64/100 tox|[from] item: Leftovers
|-damage|p2a: Buzzwole|63/100|[from] Leech Seed|[of] p1a: Landorus
|-heal|p1a: Landorus|78/100 tox|[silent]
|-damage|p1a: Landorus|72/100 tox|[from] psn
|upkeep
|turn|46
|
|t:|1637151819
|switch|p1a: Ferrothorn|Ferrothorn, M|88/100 par
|-damage|p1a: Ferrothorn|82/100 par|[from] Stealth Rock
|move|p2a: Buzzwole|Ice Punch|p1a: Ferrothorn
|-damage|p1a: Ferrothorn|69/100 par
|-damage|p2a: Buzzwole|51/100|[from] ability: Iron Barbs|[of] p1a: Ferrothorn
|
|-heal|p1a: Ferrothorn|75/100 par|[from] item: Leftovers
|-damage|p2a: Buzzwole|38/100|[from] Leech Seed|[of] p1a: Ferrothorn
|-heal|p1a: Ferrothorn|90/100 par|[silent]
|upkeep
|turn|47
|inactive|gaenisalbino has 120 seconds left.
|
|t:|1637151826
|move|p2a: Buzzwole|Roost|p2a: Buzzwole
|-heal|p2a: Buzzwole|88/100
|-singleturn|p2a: Buzzwole|move: Roost
|move|p1a: Ferrothorn|Iron Head|p2a: Buzzwole
|-damage|p2a: Buzzwole|67/100
|
|-heal|p1a: Ferrothorn|96/100 par|[from] item: Leftovers
|-damage|p2a: Buzzwole|54/100|[from] Leech Seed|[of] p1a: Ferrothorn
|-heal|p1a: Ferrothorn|100/100 par|[silent]
|upkeep
|turn|48
|inactive|gaenisalbino has 120 seconds left.
|
|t:|1637151844
|switch|p2a: Corviknight|Corviknight, M, shiny|98/100 par
|-ability|p2a: Corviknight|Pressure
|switch|p1a: Landorus|Landorus-Therian, M|72/100 tox
|-damage|p1a: Landorus|60/100 tox|[from] Stealth Rock
|-ability|p1a: Landorus|Intimidate|boost
|-unboost|p2a: Corviknight|atk|1
|
|-heal|p1a: Landorus|66/100 tox|[from] item: Leftovers
|-heal|p2a: Corviknight|100/100 par|[from] item: Leftovers
|-damage|p1a: Landorus|60/100 tox|[from] psn
|upkeep
|turn|49
|
|t:|1637151852
|switch|p2a: Buzzwole|Buzzwole, shiny|54/100
|move|p1a: Landorus|Stealth Rock|p2a: Buzzwole
|-sidestart|p2: AlIoutdragadarts|move: Stealth Rock
|
|-heal|p1a: Landorus|66/100 tox|[from] item: Leftovers
|-damage|p1a: Landorus|54/100 tox|[from] psn
|upkeep
|turn|50
|
|t:|1637151857
|move|p2a: Buzzwole|Ice Punch|p1a: Landorus
|-supereffective|p1a: Landorus
|-damage|p1a: Landorus|0 fnt
|faint|p1a: Landorus
|-ability|p2a: Buzzwole|Beast Boost|boost
|-boost|p2a: Buzzwole|atk|1
|
|upkeep
|
|t:|1637151860
|switch|p1a: Tapu Lele|Tapu Lele|20/100
|-damage|p1a: Tapu Lele|7/100|[from] Stealth Rock
|-fieldstart|move: Psychic Terrain|[from] ability: Psychic Surge|[of] p1a: Tapu Lele
|turn|51
|
|t:|1637151863
|switch|p2a: Dragapult|Dragapult, M, shiny|24/100
|-damage|p2a: Dragapult|12/100|[from] Stealth Rock
|move|p1a: Tapu Lele|Psyshock|p2a: Dragapult
|-damage|p2a: Dragapult|0 fnt
|faint|p2a: Dragapult
|
|upkeep
|
|t:|1637151869
|switch|p2a: Corviknight|Corviknight, M, shiny|100/100 par
|-damage|p2a: Corviknight|88/100 par|[from] Stealth Rock
|-ability|p2a: Corviknight|Pressure
|turn|52
|c|☆gaenisalbino|gg
|c|☆AlIoutdragadarts|gg
|-message|gaenisalbino forfeited.
|
|win|AlIoutdragadarts
|raw|gaenisalbino's rating: 1780 &rarr; <strong>1761</strong><br />(-19 for losing)
|raw|AlIoutdragadarts's rating: 1789 &rarr; <strong>1808</strong><br />(+19 for winning)
