|html|<div class="broadcast-blue"><strong>[Gen 8] OU is currently suspecting Urshifu-S! For information on how to participate check out the <a href="https://www.smogon.com/forums/threads/np-ss-ou-suspect-process-round-8-aint-no-rest-for-the-wicked.3675310/">suspect thread</a>.</strong></div>
|j|☆isheavydead
|j|☆camalarcos
|inactive|Battle timer is ON: inactive players will automatically lose when time's up.
|t:|1610148133
|player|p1|isheavydead|170|
|player|p2|camalarcos|marlon|
|teamsize|p1|6
|teamsize|p2|6
|gametype|singles
|gen|8
|tier|[Gen 8] OU
|rated|Tournament battle
|clearpoke
|poke|p1|Tornadus-Therian, M|
|poke|p1|Pelipper, M|
|poke|p1|Ferrothorn, M|
|poke|p1|Crawdaunt, M|
|poke|p1|Magearna|
|poke|p1|Seismitoad, F|
|poke|p2|Hawlucha, F|
|poke|p2|Rillaboom, F|
|poke|p2|Urshifu-*, F|
|poke|p2|Cinderace, F|
|poke|p2|Magearna|
|poke|p2|Landorus-Therian, M|
|rule|Sleep Clause Mod: Limit one foe put to sleep
|rule|Species Clause: Limit one of each Pokémon
|rule|OHKO Clause: OHKO moves are banned
|rule|Evasion Moves Clause: Evasion moves are banned
|rule|Endless Battle Clause: Forcing endless battles is banned
|rule|HP Percentage Mod: HP is shown in percentages
|rule|Dynamax Clause: You cannot dynamax
|teampreview
|j| Thats quite unfor
|j| EbacPiS
|j| lighthatj
|j| VvvV1250
|j| zimbo37333
|c|☆isheavydead|hf
|j| YoungusChungus
|
|t:|1610148146
|start
|switch|p1a: Magearna|Magearna|100/100
|switch|p2a: Cinderace|Cinderace, F|100/100
|turn|1
|
|t:|1610148168
|switch|p1a: Pelipper|Pelipper, M|100/100
|-weather|RainDance|[from] ability: Drizzle|[of] p1a: Pelipper
|move|p2a: Cinderace|Pyro Ball|p1a: Pelipper
|-resisted|p1a: Pelipper
|-damage|p1a: Pelipper|85/100
|-damage|p2a: Cinderace|91/100|[from] item: Life Orb
|
|-weather|RainDance|[upkeep]
|upkeep
|turn|2
|
|t:|1610148174
|move|p2a: Cinderace|Electro Ball|p1a: Pelipper
|-start|p2a: Cinderace|typechange|Electric|[from] ability: Libero
|-supereffective|p1a: Pelipper
|-damage|p1a: Pelipper|0 fnt
|-damage|p2a: Cinderace|81/100|[from] item: Life Orb
|faint|p1a: Pelipper
|
|-weather|RainDance|[upkeep]
|upkeep
|
|t:|1610148176
|switch|p1a: Seismitoad|Seismitoad, F|100/100
|turn|3
|j| assddff
|
|t:|1610148191
|move|p1a: Seismitoad|Weather Ball|p2a: Cinderace
|-damage|p2a: Cinderace|0 fnt
|faint|p2a: Cinderace
|
|-weather|RainDance|[upkeep]
|upkeep
|
|t:|1610148194
|switch|p2a: Rillaboom|Rillaboom, F|100/100
|-fieldstart|move: Grassy Terrain|[from] ability: Grassy Surge|[of] p2a: Rillaboom
|turn|4
|
|t:|1610148196
|switch|p1a: Ferrothorn|Ferrothorn, M|100/100
|move|p2a: Rillaboom|Swords Dance|p2a: Rillaboom
|-boost|p2a: Rillaboom|atk|2
|
|-weather|RainDance|[upkeep]
|upkeep
|turn|5
|c|☆isheavydead|o fuck
|
|t:|1610148203
|move|p2a: Rillaboom|Superpower|p1a: Ferrothorn
|-supereffective|p1a: Ferrothorn
|-crit|p1a: Ferrothorn
|-damage|p1a: Ferrothorn|0 fnt
|-unboost|p2a: Rillaboom|atk|1
|-unboost|p2a: Rillaboom|def|1
|-damage|p2a: Rillaboom|88/100|[from] ability: Iron Barbs|[of] p1a: Ferrothorn
|-damage|p2a: Rillaboom|78/100|[from] item: Life Orb
|faint|p1a: Ferrothorn
|
|-weather|RainDance|[upkeep]
|-heal|p2a: Rillaboom|84/100|[from] Grassy Terrain
|upkeep
|
|t:|1610148206
|switch|p1a: Tornadus|Tornadus-Therian, M|100/100
|turn|6
|
|t:|1610148225
|switch|p2a: Magearna|Magearna|100/100
|move|p1a: Tornadus|Hurricane|p2a: Magearna
|-resisted|p2a: Magearna
|-damage|p2a: Magearna|77/100
|
|-weather|RainDance|[upkeep]
|-heal|p2a: Magearna|83/100|[from] Grassy Terrain
|upkeep
|turn|7
|
|t:|1610148229
|switch|p1a: Seismitoad|Seismitoad, F|100/100
|move|p2a: Magearna|Shift Gear|p2a: Magearna
|-boost|p2a: Magearna|spe|2
|-boost|p2a: Magearna|atk|1
|
|-weather|RainDance|[upkeep]
|-heal|p2a: Magearna|89/100|[from] Grassy Terrain
|upkeep
|turn|8
|
|t:|1610148238
|move|p1a: Seismitoad|Weather Ball|p2a: Magearna
|-damage|p2a: Magearna|0 fnt
|faint|p2a: Magearna
|
|-weather|none
|-fieldend|move: Grassy Terrain
|upkeep
|
|t:|1610148242
|switch|p2a: Rillaboom|Rillaboom, F|84/100
|-fieldstart|move: Grassy Terrain|[from] ability: Grassy Surge|[of] p2a: Rillaboom
|turn|9
|
|t:|1610148247
|switch|p1a: Tornadus|Tornadus-Therian, M|100/100
|move|p2a: Rillaboom|Grassy Glide|p1a: Tornadus
|-resisted|p1a: Tornadus
|-damage|p1a: Tornadus|57/100
|-damage|p2a: Rillaboom|74/100|[from] item: Life Orb
|
|-heal|p2a: Rillaboom|81/100|[from] Grassy Terrain
|upkeep
|turn|10
|
|t:|1610148262
|move|p2a: Rillaboom|Grassy Glide|p1a: Tornadus
|-resisted|p1a: Tornadus
|-damage|p1a: Tornadus|9/100
|-damage|p2a: Rillaboom|71/100|[from] item: Life Orb
|move|p1a: Tornadus|Hurricane|p2a: Rillaboom|[miss]
|-miss|p1a: Tornadus|p2a: Rillaboom
|
|-heal|p2a: Rillaboom|77/100|[from] Grassy Terrain
|upkeep
|turn|11
|
|t:|1610148268
|switch|p1a: Magearna|Magearna|100/100
|move|p2a: Rillaboom|Grassy Glide|p1a: Magearna
|-resisted|p1a: Magearna
|-damage|p1a: Magearna|73/100
|-damage|p2a: Rillaboom|67/100|[from] item: Life Orb
|
|-heal|p2a: Rillaboom|73/100|[from] Grassy Terrain
|-heal|p1a: Magearna|79/100|[from] Grassy Terrain
|upkeep
|turn|12
|
|t:|1610148276
|move|p2a: Rillaboom|U-turn|p1a: Magearna
|-resisted|p1a: Magearna
|-damage|p1a: Magearna|72/100
|-damage|p2a: Rillaboom|63/100|[from] item: Life Orb
|
|t:|1610148278
|switch|p2a: Landorus|Landorus-Therian, M|100/100|[from]move: U-turn
|-ability|p2a: Landorus|Intimidate|boost
|-unboost|p1a: Magearna|atk|1
|move|p1a: Magearna|Flash Cannon|p2a: Landorus
|-damage|p2a: Landorus|11/100
|
|-heal|p1a: Magearna|78/100|[from] Grassy Terrain
|upkeep
|turn|13
|
|t:|1610148283
|move|p2a: Landorus|Earthquake|p1a: Magearna
|-supereffective|p1a: Magearna
|-damage|p1a: Magearna|31/100
|move|p1a: Magearna|Flash Cannon|p2a: Landorus
|-damage|p2a: Landorus|0 fnt
|faint|p2a: Landorus
|-ability|p1a: Magearna|Soul-Heart|boost
|-boost|p1a: Magearna|spa|1
|
|-heal|p1a: Magearna|37/100|[from] Grassy Terrain
|-fieldend|move: Grassy Terrain
|upkeep
|
|t:|1610148288
|switch|p2a: Urshifu|Urshifu, F|100/100
|turn|14
|
|t:|1610148292
|move|p2a: Urshifu|Close Combat|p1a: Magearna
|-damage|p1a: Magearna|0 fnt
|-unboost|p2a: Urshifu|def|1
|-unboost|p2a: Urshifu|spd|1
|-damage|p2a: Urshifu|91/100|[from] item: Life Orb
|faint|p1a: Magearna
|
|upkeep
|j| Mel0nL0rd
|
|t:|1610148299
|switch|p1a: Tornadus|Tornadus-Therian, M|42/100
|turn|15
|
|t:|1610148306
|switch|p1a: Seismitoad|Seismitoad, F|100/100
|move|p2a: Urshifu|Sucker Punch||[still]
|-fail|p2a: Urshifu
|
|upkeep
|turn|16
|
|t:|1610148310
|switch|p2a: Rillaboom|Rillaboom, F|63/100
|-fieldstart|move: Grassy Terrain|[from] ability: Grassy Surge|[of] p2a: Rillaboom
|move|p1a: Seismitoad|Scald|p2a: Rillaboom
|-resisted|p2a: Rillaboom
|-damage|p2a: Rillaboom|29/100
|
|-heal|p2a: Rillaboom|35/100|[from] Grassy Terrain
|upkeep
|turn|17
|
|t:|1610148312
|move|p2a: Rillaboom|Grassy Glide|p1a: Seismitoad
|-supereffective|p1a: Seismitoad
|-damage|p1a: Seismitoad|0 fnt
|-damage|p2a: Rillaboom|25/100|[from] item: Life Orb
|faint|p1a: Seismitoad
|
|-heal|p2a: Rillaboom|31/100|[from] Grassy Terrain
|upkeep
|
|t:|1610148315
|switch|p1a: Tornadus|Tornadus-Therian, M|75/100
|turn|18
|
|t:|1610148321
|move|p2a: Rillaboom|Grassy Glide|p1a: Tornadus
|-resisted|p1a: Tornadus
|-damage|p1a: Tornadus|27/100
|-damage|p2a: Rillaboom|21/100|[from] item: Life Orb
|move|p1a: Tornadus|Hurricane|p2a: Rillaboom
|-supereffective|p2a: Rillaboom
|-damage|p2a: Rillaboom|0 fnt
|faint|p2a: Rillaboom
|
|upkeep
|c|☆isheavydead|damn gg
|
|t:|1610148324
|switch|p2a: Hawlucha|Hawlucha, F|100/100
|-enditem|p2a: Hawlucha|Grassy Seed
|-boost|p2a: Hawlucha|def|1|[from] item: Grassy Seed
|turn|19
|c|☆isheavydead|i lost
|
|t:|1610148329
|switch|p1a: Crawdaunt|Crawdaunt, M|100/100
|move|p2a: Hawlucha|Acrobatics|p1a: Crawdaunt
|-damage|p1a: Crawdaunt|23/100
|
|-heal|p1a: Crawdaunt|29/100|[from] Grassy Terrain
|upkeep
|turn|20
|c|☆camalarcos|gg
|c|☆camalarcos|nice game brow
|
|t:|1610148337
|move|p2a: Hawlucha|Acrobatics|p1a: Crawdaunt
|-damage|p1a: Crawdaunt|0 fnt
|faint|p1a: Crawdaunt
|
|-fieldend|move: Grassy Terrain
|upkeep
|
|t:|1610148340
|switch|p1a: Tornadus|Tornadus-Therian, M|60/100
|turn|21
|j| Iggwilv
|
|t:|1610148343
|move|p2a: Hawlucha|Acrobatics|p1a: Tornadus
|-damage|p1a: Tornadus|0 fnt
|faint|p1a: Tornadus
|
|win|camalarcos
|n|☆isheavydead|isheavydead
|n|☆camalarcos|camalarcos
|n| Thats quite unfor|thatsquiteunfor
|n| EbacPiS|ebacpis
|n| lighthatj|lighthatj
|n| VvvV1250|vvvv1250
|n| zimbo37333|zimbo37333
|n| YoungusChungus|younguschungus
|n| assddff|assddff
|n| Mel0nL0rd|mel0nl0rd
|n| Iggwilv|iggwilv
|l| VvvV1250
|l| Iggwilv
|l| Mel0nL0rd
|l|☆isheavydead
|l| EbacPiS
