|j|☆Cubielubie
|j|☆IMSOMALD
|t:|1656099363
|gametype|singles
|player|p1|Cubielubie|266|1683
|player|p2|IMSOMALD|n|1720
|teamsize|p1|6
|teamsize|p2|6
|gen|8
|tier|[Gen 8] OU
|rated|
|rule|Sleep Clause Mod: Limit one foe put to sleep
|rule|Species Clause: Limit one of each Pokémon
|rule|OHKO Clause: OHKO moves are banned
|rule|Evasion Moves Clause: Evasion moves are banned
|rule|Endless Battle Clause: Forcing endless battles is banned
|rule|HP Percentage Mod: HP is shown in percentages
|rule|Dynamax Clause: You cannot dynamax
|clearpoke
|poke|p1|Tapu Koko|
|poke|p1|Hawlucha, M|
|poke|p1|Victini|
|poke|p1|Garchomp, M|
|poke|p1|Melmetal|
|poke|p1|Volcanion|
|poke|p2|Volcarona, M|
|poke|p2|Clefable, F|
|poke|p2|Dragonite, M|
|poke|p2|Ferrothorn, M|
|poke|p2|Landorus-Therian, M|
|poke|p2|Zeraora|
|teampreview
|inactive|Battle timer is ON: inactive players will automatically lose when time's up. (requested by IMSOMALD)
|
|t:|1656099383
|start
|switch|p1a: Victini|Victini|100/100
|switch|p2a: Volcarona|Volcarona, M|100/100
|turn|1
|j| Celtis
|
|t:|1656099407
|switch|p2a: Clefable|Clefable, F|100/100
|move|p1a: Victini|Final Gambit|p2a: Clefable
|-damage|p2a: Clefable|0 fnt
|faint|p1a: Victini
|faint|p2a: Clefable
|
|upkeep
|
|t:|1656099422
|switch|p1a: Volcanion|Volcanion|100/100
|switch|p2a: Dragonite|Dragonite, M|100/100
|turn|2
|
|t:|1656099430
|switch|p1a: Melmetal|Melmetal|100/100
|move|p2a: Dragonite|Dragon Dance|p2a: Dragonite
|-boost|p2a: Dragonite|atk|1
|-boost|p2a: Dragonite|spe|1
|
|upkeep
|turn|3
|
|t:|1656099434
|move|p2a: Dragonite|Earthquake|p1a: Melmetal
|-supereffective|p1a: Melmetal
|-damage|p1a: Melmetal|33/100
|move|p1a: Melmetal|Double Iron Bash|p2a: Dragonite
|-damage|p2a: Dragonite|66/100
|-damage|p2a: Dragonite|0 fnt
|faint|p2a: Dragonite
|-hitcount|p2: Dragonite|2
|
|upkeep
|
|t:|1656099440
|switch|p2a: Volcarona|Volcarona, M|100/100
|turn|4
|
|t:|1656099445
|switch|p1a: Volcanion|Volcanion|100/100
|move|p2a: Volcarona|Quiver Dance|p2a: Volcarona
|-boost|p2a: Volcarona|spa|1
|-boost|p2a: Volcarona|spd|1
|-boost|p2a: Volcarona|spe|1
|
|upkeep
|turn|5
|
|t:|1656099458
|switch|p2a: Ferrothorn|Ferrothorn, M|100/100
|move|p1a: Volcanion|Steam Eruption|p2a: Ferrothorn
|-resisted|p2a: Ferrothorn
|-crit|p2a: Ferrothorn
|-damage|p2a: Ferrothorn|68/100
|
|-heal|p2a: Ferrothorn|74/100|[from] item: Leftovers
|upkeep
|turn|6
|
|t:|1656099463
|switch|p1a: Melmetal|Melmetal|33/100
|move|p2a: Ferrothorn|Spikes|p1a: Melmetal
|-sidestart|p1: Cubielubie|Spikes
|
|-heal|p2a: Ferrothorn|80/100|[from] item: Leftovers
|upkeep
|turn|7
|
|t:|1656099475
|switch|p2a: Landorus|Landorus-Therian, M|100/100
|-ability|p2a: Landorus|Intimidate|boost
|-unboost|p1a: Melmetal|atk|1
|move|p1a: Melmetal|Double Iron Bash|p2a: Landorus
|-damage|p2a: Landorus|61/100
|-damage|p2a: Landorus|18/100
|-hitcount|p2a: Landorus|2
|
|-heal|p2a: Landorus|24/100|[from] item: Leftovers
|upkeep
|turn|8
|
|t:|1656099481
|move|p2a: Landorus|Earthquake|p1a: Melmetal
|-supereffective|p1a: Melmetal
|-damage|p1a: Melmetal|0 fnt
|faint|p1a: Melmetal
|
|-heal|p2a: Landorus|30/100|[from] item: Leftovers
|upkeep
|
|t:|1656099485
|switch|p1a: Volcanion|Volcanion|100/100
|-damage|p1a: Volcanion|88/100|[from] Spikes
|turn|9
|
|t:|1656099490
|move|p1a: Volcanion|Steam Eruption|p2a: Landorus
|-supereffective|p2a: Landorus
|-damage|p2a: Landorus|0 fnt
|faint|p2a: Landorus
|
|upkeep
|
|t:|1656099495
|switch|p2a: Zeraora|Zeraora|100/100
|turn|10
|
|t:|1656099502
|switch|p1a: Tapu Koko|Tapu Koko|100/100
|-damage|p1a: Tapu Koko|88/100|[from] Spikes
|-fieldstart|move: Electric Terrain|[from] ability: Electric Surge|[of] p1a: Tapu Koko
|move|p2a: Zeraora|Plasma Fists|p1a: Tapu Koko
|-resisted|p1a: Tapu Koko
|-damage|p1a: Tapu Koko|47/100
|-fieldactivate|move: Ion Deluge
|-hint|Normal-type moves become Electric-type after using Plasma Fists.
|
|upkeep
|turn|11
|
|t:|1656099509
|move|p2a: Zeraora|Bulk Up|p2a: Zeraora
|-boost|p2a: Zeraora|atk|1
|-boost|p2a: Zeraora|def|1
|move|p1a: Tapu Koko|Dazzling Gleam|p2a: Zeraora
|-damage|p2a: Zeraora|34/100
|
|upkeep
|turn|12
|
|t:|1656099514
|move|p2a: Zeraora|Plasma Fists|p1a: Tapu Koko
|-resisted|p1a: Tapu Koko
|-damage|p1a: Tapu Koko|0 fnt
|-fieldactivate|move: Ion Deluge
|-hint|Normal-type moves become Electric-type after using Plasma Fists.
|faint|p1a: Tapu Koko
|
|upkeep
|
|t:|1656099522
|switch|p1a: Hawlucha|Hawlucha, M|100/100
|-enditem|p1a: Hawlucha|Electric Seed
|-boost|p1a: Hawlucha|def|1|[from] item: Electric Seed
|turn|13
|
|t:|1656099524
|move|p1a: Hawlucha|Close Combat|p2a: Zeraora
|-damage|p2a: Zeraora|0 fnt
|-unboost|p1a: Hawlucha|def|1
|-unboost|p1a: Hawlucha|spd|1
|faint|p2a: Zeraora
|
|upkeep
|
|t:|1656099527
|switch|p2a: Ferrothorn|Ferrothorn, M|80/100
|turn|14
|
|t:|1656099529
|move|p1a: Hawlucha|Close Combat|p2a: Ferrothorn
|-supereffective|p2a: Ferrothorn
|-damage|p2a: Ferrothorn|15/100
|-unboost|p1a: Hawlucha|def|1
|-unboost|p1a: Hawlucha|spd|1
|-damage|p1a: Hawlucha|88/100|[from] ability: Iron Barbs|[of] p2a: Ferrothorn
|move|p2a: Ferrothorn|Gyro Ball|p1a: Hawlucha
|-damage|p1a: Hawlucha|0 fnt
|faint|p1a: Hawlucha
|
|-heal|p2a: Ferrothorn|21/100|[from] item: Leftovers
|-fieldend|move: Electric Terrain
|upkeep
|
|t:|1656099535
|switch|p1a: Garchomp|Garchomp, M|100/100
|-damage|p1a: Garchomp|88/100|[from] Spikes
|turn|15
|
|t:|1656099537
|move|p1a: Garchomp|Earthquake|p2a: Ferrothorn
|-damage|p2a: Ferrothorn|0 fnt
|faint|p2a: Ferrothorn
|
|-heal|p1a: Garchomp|94/100|[from] item: Leftovers
|upkeep
|
|t:|1656099539
|switch|p2a: Volcarona|Volcarona, M|100/100
|turn|16
|
|t:|1656099542
|move|p1a: Garchomp|Earthquake|p2a: Volcarona
|-damage|p2a: Volcarona|30/100
|move|p2a: Volcarona|Quiver Dance|p2a: Volcarona
|-boost|p2a: Volcarona|spa|1
|-boost|p2a: Volcarona|spd|1
|-boost|p2a: Volcarona|spe|1
|
|-heal|p1a: Garchomp|100/100|[from] item: Leftovers
|upkeep
|turn|17
|
|t:|1656099546
|move|p2a: Volcarona|Bug Buzz|p1a: Garchomp
|-damage|p1a: Garchomp|17/100
|move|p1a: Garchomp|Earthquake|p2a: Volcarona
|-damage|p2a: Volcarona|0 fnt
|faint|p2a: Volcarona
|
|win|Cubielubie
|raw|Cubielubie's rating: 1683 &rarr; <strong>1705</strong><br />(+22 for winning)
|raw|IMSOMALD's rating: 1720 &rarr; <strong>1698</strong><br />(-22 for losing)
|l|☆IMSOMALD
|l| Celtis
||Ladder isn't responding, score probably updated but might not have (Request timeout).
|n|☆Cubielubie@!|cubielubie
|n|☆Cubielubie|cubielubie
