|j|☆Arnav_73
|j|☆Stellar Flares
|inactive|Battle timer is ON: inactive players will automatically lose when time's up.
|t:|1613137489
|player|p1|Arnav_73|gladion|
|player|p2|Stellar Flares|unknown|
|teamsize|p1|6
|teamsize|p2|6
|gametype|singles
|gen|8
|tier|[Gen 8] OU
|rated|Tournament battle
|clearpoke
|poke|p1|Tyranitar, F|
|poke|p1|Excadrill, M|
|poke|p1|Tangrowth, M|
|poke|p1|Toxapex, F|
|poke|p1|Tornadus-Therian, M|
|poke|p1|Reuniclus, F|
|poke|p2|Tornadus-Therian, M|
|poke|p2|Hippowdon, F|
|poke|p2|Slowbro, M|
|poke|p2|Kartana|
|poke|p2|Dragapult, M|
|poke|p2|Mandibuzz, F|
|rule|Sleep Clause Mod: Limit one foe put to sleep
|rule|Species Clause: Limit one of each Pokémon
|rule|OHKO Clause: OHKO moves are banned
|rule|Evasion Moves Clause: Evasion moves are banned
|rule|Endless Battle Clause: Forcing endless battles is banned
|rule|HP Percentage Mod: HP is shown in percentages
|rule|Dynamax Clause: You cannot dynamax
|teampreview
|inactive|Stellar Flares has 120 seconds left.
|
|t:|1613137529
|start
|switch|p1a: Tornadus|Tornadus-Therian, M|100/100
|switch|p2a: Tornadus|Tornadus-Therian, M|100/100
|turn|1
|
|t:|1613137545
|move|p1a: Tornadus|Knock Off|p2a: Tornadus
|-damage|p2a: Tornadus|75/100
|-enditem|p2a: Tornadus|Heavy-Duty Boots|[from] move: Knock Off|[of] p1a: Tornadus
|move|p2a: Tornadus|Knock Off|p1a: Tornadus
|-damage|p1a: Tornadus|75/100
|-enditem|p1a: Tornadus|Heavy-Duty Boots|[from] move: Knock Off|[of] p2a: Tornadus
|
|upkeep
|turn|2
|j| AquaVanillla
|
|t:|1613137549
|move|p2a: Tornadus|Hurricane|p1a: Tornadus
|-damage|p1a: Tornadus|30/100
|move|p1a: Tornadus|U-turn|p2a: Tornadus
|-resisted|p2a: Tornadus
|-damage|p2a: Tornadus|65/100
|
|t:|1613137552
|switch|p1a: Toxapex|Toxapex, F|100/100|[from]move: U-turn
|
|upkeep
|turn|3
|
|t:|1613137558
|move|p1a: Toxapex|Baneful Bunker|p1a: Toxapex
|-singleturn|p1a: Toxapex|move: Protect
|move|p2a: Tornadus|Taunt|p1a: Toxapex
|-activate|p1a: Toxapex|move: Protect
|
|upkeep
|turn|4
|
|t:|1613137562
|move|p2a: Tornadus|Knock Off|p1a: Toxapex
|-damage|p1a: Toxapex|87/100
|-enditem|p1a: Toxapex|Black Sludge|[from] move: Knock Off|[of] p2a: Tornadus
|move|p1a: Toxapex|Scald|p2a: Tornadus
|-damage|p2a: Tornadus|48/100
|
|upkeep
|turn|5
|
|t:|1613137567
|switch|p2a: Slowbro|Slowbro, M|100/100
|move|p1a: Toxapex|Scald|p2a: Slowbro
|-resisted|p2a: Slowbro
|-damage|p2a: Slowbro|91/100
|
|upkeep
|turn|6
|
|t:|1613137578
|switch|p1a: Tornadus|Tornadus-Therian, M|63/100
|move|p2a: Slowbro|Future Sight|p1a: Tornadus
|-start|p2a: Slowbro|move: Future Sight
|
|upkeep
|turn|7
|
|t:|1613137592
|move|p1a: Tornadus|Taunt|p2a: Slowbro
|-start|p2a: Slowbro|move: Taunt
|move|p2a: Slowbro|Scald|p1a: Tornadus
|-damage|p1a: Tornadus|37/100
|
|upkeep
|turn|8
|
|t:|1613137596
|move|p1a: Tornadus|U-turn|p2a: Slowbro
|-supereffective|p2a: Slowbro
|-damage|p2a: Slowbro|73/100
|
|t:|1613137606
|switch|p1a: Reuniclus|Reuniclus, F|100/100|[from]move: U-turn
|move|p2a: Slowbro|Scald|p1a: Reuniclus
|-damage|p1a: Reuniclus|76/100
|
|-end|p1a: Reuniclus|move: Future Sight
|-resisted|p1a: Reuniclus
|-damage|p1a: Reuniclus|58/100
|-heal|p1a: Reuniclus|64/100|[from] item: Leftovers
|upkeep
|turn|9
|
|t:|1613137614
|move|p1a: Reuniclus|Calm Mind|p1a: Reuniclus
|-boost|p1a: Reuniclus|spa|1
|-boost|p1a: Reuniclus|spd|1
|move|p2a: Slowbro|Future Sight|p1a: Reuniclus
|-start|p2a: Slowbro|move: Future Sight
|
|-heal|p1a: Reuniclus|70/100|[from] item: Leftovers
|-end|p2a: Slowbro|move: Taunt
|upkeep
|turn|10
|
|t:|1613137627
|move|p1a: Reuniclus|Recover|p1a: Reuniclus
|-heal|p1a: Reuniclus|100/100
|move|p2a: Slowbro|Teleport|p2a: Slowbro
|
|t:|1613137628
|switch|p2a: Kartana|Kartana|100/100|[from]move: Teleport
|
|upkeep
|turn|11
|
|t:|1613137631
|move|p2a: Kartana|Knock Off|p1a: Reuniclus
|-supereffective|p1a: Reuniclus
|-damage|p1a: Reuniclus|0 fnt
|-enditem|p1a: Reuniclus|Leftovers|[from] move: Knock Off|[of] p2a: Kartana
|faint|p1a: Reuniclus
|-ability|p2a: Kartana|Beast Boost|boost
|-boost|p2a: Kartana|atk|1
|
|-hint|Future Sight did not hit because the target is fainted.
|upkeep
|
|t:|1613137636
|switch|p1a: Tornadus|Tornadus-Therian, M|70/100
|turn|12
|
|t:|1613137647
|switch|p2a: Tornadus|Tornadus-Therian, M|81/100
|move|p1a: Tornadus|Hurricane|p2a: Tornadus
|-damage|p2a: Tornadus|39/100
|
|upkeep
|turn|13
|
|t:|1613137651
|switch|p2a: Slowbro|Slowbro, M|100/100
|move|p1a: Tornadus|Hurricane|p2a: Slowbro|[miss]
|-miss|p1a: Tornadus|p2a: Slowbro
|
|upkeep
|turn|14
|
|t:|1613137659
|switch|p2a: Tornadus|Tornadus-Therian, M|72/100
|move|p1a: Tornadus|Knock Off|p2a: Tornadus
|-damage|p2a: Tornadus|55/100
|
|upkeep
|turn|15
|
|t:|1613137666
|switch|p2a: Hippowdon|Hippowdon, F|100/100
|-weather|Sandstorm|[from] ability: Sand Stream|[of] p2a: Hippowdon
|move|p1a: Tornadus|Hurricane|p2a: Hippowdon
|-damage|p2a: Hippowdon|73/100
|
|-weather|Sandstorm|[upkeep]
|-damage|p1a: Tornadus|64/100|[from] Sandstorm
|-heal|p2a: Hippowdon|80/100|[from] item: Leftovers
|upkeep
|turn|16
|
|t:|1613137672
|switch|p2a: Tornadus|Tornadus-Therian, M|88/100
|move|p1a: Tornadus|Taunt|p2a: Tornadus
|-start|p2a: Tornadus|move: Taunt
|
|-weather|Sandstorm|[upkeep]
|-damage|p2a: Tornadus|82/100|[from] Sandstorm
|-damage|p1a: Tornadus|58/100|[from] Sandstorm
|upkeep
|turn|17
|
|t:|1613137681
|switch|p2a: Slowbro|Slowbro, M|100/100
|move|p1a: Tornadus|Hurricane|p2a: Slowbro
|-damage|p2a: Slowbro|61/100
|
|-weather|Sandstorm|[upkeep]
|-damage|p1a: Tornadus|52/100|[from] Sandstorm
|-damage|p2a: Slowbro|55/100|[from] Sandstorm
|upkeep
|turn|18
|
|t:|1613137688
|switch|p2a: Tornadus|Tornadus-Therian, M|100/100
|move|p1a: Tornadus|Knock Off|p2a: Tornadus
|-damage|p2a: Tornadus|84/100
|
|-weather|Sandstorm|[upkeep]
|-damage|p2a: Tornadus|78/100|[from] Sandstorm
|-damage|p1a: Tornadus|46/100|[from] Sandstorm
|upkeep
|turn|19
|
|t:|1613137692
|switch|p2a: Slowbro|Slowbro, M|88/100
|move|p1a: Tornadus|U-turn|p2a: Slowbro
|-supereffective|p2a: Slowbro
|-damage|p2a: Slowbro|70/100
|
|t:|1613137712
|switch|p1a: Tangrowth|Tangrowth, M|100/100|[from]move: U-turn
|
|-weather|none
|upkeep
|turn|20
|l| AquaVanillla
|
|t:|1613137718
|switch|p2a: Mandibuzz|Mandibuzz, F|100/100
|move|p1a: Tangrowth|Sleep Powder|p2a: Mandibuzz
|-immune|p2a: Mandibuzz|[from] ability: Overcoat
|
|upkeep
|turn|21
|
|t:|1613137721
|move|p2a: Mandibuzz|Toxic|p1a: Tangrowth
|-status|p1a: Tangrowth|tox
|move|p1a: Tangrowth|Sleep Powder|p2a: Mandibuzz
|-immune|p2a: Mandibuzz|[from] ability: Overcoat
|
|-damage|p1a: Tangrowth|94/100 tox|[from] psn
|upkeep
|turn|22
|
|t:|1613137728
|move|p2a: Mandibuzz|Taunt|p1a: Tangrowth
|-start|p1a: Tangrowth|move: Taunt
|move|p1a: Tangrowth|Sludge Bomb|p2a: Mandibuzz
|-damage|p2a: Mandibuzz|82/100
|
|-damage|p1a: Tangrowth|82/100 tox|[from] psn
|upkeep
|turn|23
|
|t:|1613137743
|switch|p2a: Hippowdon|Hippowdon, F|80/100
|-weather|Sandstorm|[from] ability: Sand Stream|[of] p2a: Hippowdon
|switch|p1a: Toxapex|Toxapex, F|100/100
|
|-weather|Sandstorm|[upkeep]
|-damage|p1a: Toxapex|94/100|[from] Sandstorm
|-heal|p2a: Hippowdon|86/100|[from] item: Leftovers
|upkeep
|turn|24
|
|t:|1613137765
|switch|p2a: Slowbro|Slowbro, M|100/100
|move|p1a: Toxapex|Scald|p2a: Slowbro
|-resisted|p2a: Slowbro
|-damage|p2a: Slowbro|91/100
|
|-weather|Sandstorm|[upkeep]
|-damage|p1a: Toxapex|88/100|[from] Sandstorm
|-damage|p2a: Slowbro|85/100|[from] Sandstorm
|upkeep
|turn|25
|
|t:|1613137770
|switch|p1a: Tyranitar|Tyranitar, F|100/100
|move|p2a: Slowbro|Future Sight|p1a: Tyranitar
|-start|p2a: Slowbro|move: Future Sight
|
|-weather|Sandstorm|[upkeep]
|-damage|p2a: Slowbro|79/100|[from] Sandstorm
|upkeep
|turn|26
|
|t:|1613137774
|move|p1a: Tyranitar|Thunder Wave|p2a: Slowbro
|-status|p2a: Slowbro|par
|move|p2a: Slowbro|Teleport|p2a: Slowbro
|
|t:|1613137776
|switch|p2a: Kartana|Kartana|100/100|[from]move: Teleport
|
|-weather|Sandstorm|[upkeep]
|upkeep
|turn|27
|
|t:|1613137795
|move|p2a: Kartana|Leaf Blade|p1a: Tyranitar
|-supereffective|p1a: Tyranitar
|-damage|p1a: Tyranitar|0 fnt
|faint|p1a: Tyranitar
|-ability|p2a: Kartana|Beast Boost|boost
|-boost|p2a: Kartana|atk|1
|
|-weather|none
|-hint|Future Sight did not hit because the target is fainted.
|upkeep
|
|t:|1613137798
|switch|p1a: Tornadus|Tornadus-Therian, M|79/100
|turn|28
|
|t:|1613137807
|switch|p2a: Hippowdon|Hippowdon, F|86/100
|-weather|Sandstorm|[from] ability: Sand Stream|[of] p2a: Hippowdon
|move|p1a: Tornadus|Hurricane|p2a: Hippowdon
|-damage|p2a: Hippowdon|56/100
|
|-weather|Sandstorm|[upkeep]
|-damage|p1a: Tornadus|73/100|[from] Sandstorm
|-heal|p2a: Hippowdon|63/100|[from] item: Leftovers
|upkeep
|turn|29
|
|t:|1613137836
|move|p1a: Tornadus|Knock Off|p2a: Hippowdon
|-damage|p2a: Hippowdon|49/100
|-enditem|p2a: Hippowdon|Leftovers|[from] move: Knock Off|[of] p1a: Tornadus
|move|p2a: Hippowdon|Slack Off|p2a: Hippowdon
|-heal|p2a: Hippowdon|99/100
|
|-weather|Sandstorm|[upkeep]
|-damage|p1a: Tornadus|67/100|[from] Sandstorm
|upkeep
|turn|30
|
|t:|1613137842
|switch|p2a: Tornadus|Tornadus-Therian, M|100/100
|move|p1a: Tornadus|Hurricane|p2a: Tornadus
|-damage|p2a: Tornadus|55/100
|
|-weather|Sandstorm|[upkeep]
|-damage|p1a: Tornadus|60/100|[from] Sandstorm
|-damage|p2a: Tornadus|49/100|[from] Sandstorm
|upkeep
|turn|31
|j| aspoopsdd
|
|t:|1613137848
|switch|p2a: Hippowdon|Hippowdon, F|99/100
|move|p1a: Tornadus|Hurricane|p2a: Hippowdon
|-damage|p2a: Hippowdon|68/100
|-start|p2a: Hippowdon|confusion
|
|-weather|Sandstorm|[upkeep]
|-damage|p1a: Tornadus|54/100|[from] Sandstorm
|upkeep
|turn|32
|
|t:|1613137856
|switch|p2a: Tornadus|Tornadus-Therian, M|82/100
|move|p1a: Tornadus|Taunt|p2a: Tornadus
|-start|p2a: Tornadus|move: Taunt
|
|-weather|none
|upkeep
|turn|33
|
|t:|1613137859
|move|p2a: Tornadus|Hurricane|p1a: Tornadus|[miss]
|-miss|p2a: Tornadus|p1a: Tornadus
|move|p1a: Tornadus|Hurricane|p2a: Tornadus|[miss]
|-miss|p1a: Tornadus|p2a: Tornadus
|
|upkeep
|turn|34
|
|t:|1613137864
|move|p1a: Tornadus|Hurricane|p2a: Tornadus
|-damage|p2a: Tornadus|43/100
|move|p2a: Tornadus|Hurricane|p1a: Tornadus
|-damage|p1a: Tornadus|15/100
|
|-end|p2a: Tornadus|move: Taunt
|upkeep
|turn|35
|
|t:|1613137872
|switch|p1a: Toxapex|Toxapex, F|100/100
|move|p2a: Tornadus|Hurricane|p1a: Toxapex
|-damage|p1a: Toxapex|70/100
|
|upkeep
|turn|36
|
|t:|1613137879
|switch|p2a: Slowbro|Slowbro, M|100/100 par
|move|p1a: Toxapex|Scald|p2a: Slowbro
|-resisted|p2a: Slowbro
|-damage|p2a: Slowbro|91/100 par
|
|upkeep
|turn|37
|
|t:|1613137882
|switch|p1a: Tornadus|Tornadus-Therian, M|48/100
|move|p2a: Slowbro|Future Sight|p1a: Tornadus
|-start|p2a: Slowbro|move: Future Sight
|
|upkeep
|turn|38
|
|t:|1613137887
|move|p1a: Tornadus|Knock Off|p2a: Slowbro
|-supereffective|p2a: Slowbro
|-damage|p2a: Slowbro|69/100 par
|-enditem|p2a: Slowbro|Heavy-Duty Boots|[from] move: Knock Off|[of] p1a: Tornadus
|move|p2a: Slowbro|Scald|p1a: Tornadus
|-damage|p1a: Tornadus|19/100
|-status|p1a: Tornadus|brn
|
|-damage|p1a: Tornadus|13/100 brn|[from] brn
|upkeep
|turn|39
|
|t:|1613137894
|move|p1a: Tornadus|U-turn|p2a: Slowbro
|-supereffective|p2a: Slowbro
|-damage|p2a: Slowbro|60/100 par
|
|t:|1613137897
|switch|p1a: Excadrill|Excadrill, M|100/100|[from]move: U-turn
|cant|p2a: Slowbro|par
|
|-end|p1a: Excadrill|move: Future Sight
|-resisted|p1a: Excadrill
|-damage|p1a: Excadrill|71/100
|-heal|p1a: Excadrill|77/100|[from] item: Leftovers
|upkeep
|turn|40
|
|t:|1613137907
|move|p1a: Excadrill|Rapid Spin|p2a: Slowbro
|-damage|p2a: Slowbro|49/100 par
|-boost|p1a: Excadrill|spe|1
|move|p2a: Slowbro|Scald|p1a: Excadrill
|-supereffective|p1a: Excadrill
|-crit|p1a: Excadrill
|-damage|p1a: Excadrill|0 fnt
|faint|p1a: Excadrill
|
|upkeep
|-message|Arnav_73 forfeited.
|
|win|Stellar Flares
|n|☆Arnav_73|arnav73
|n|☆Stellar Flares|stellarflares
|n| aspoopsdd|aspoopsdd
