|j|☆IM AT MY LIMIT
|j|☆OU make me yawn ¤
|t:|1617344474
|gametype|singles
|player|p1|IM AT MY LIMIT|dawn|
|player|p2|OU make me yawn ¤|nate|
|teamsize|p1|6
|teamsize|p2|6
|gen|8
|tier|[Gen 8] OU
|clearpoke
|poke|p1|Avalugg, M|
|poke|p1|Clefable, F|
|poke|p1|Xatu, M|
|poke|p1|Hydreigon, M|
|poke|p1|Heatran, M|
|poke|p1|Gastrodon, F|
|poke|p2|Tapu Fini|
|poke|p2|Garchomp, M|
|poke|p2|Crawdaunt, M|
|poke|p2|Corviknight, M|
|poke|p2|Tangrowth, M|
|poke|p2|Slowking-Galar, M|
|rule|Sleep Clause Mod: Limit one foe put to sleep
|rule|Species Clause: Limit one of each Pokémon
|rule|OHKO Clause: OHKO moves are banned
|rule|Evasion Moves Clause: Evasion moves are banned
|rule|Endless Battle Clause: Forcing endless battles is banned
|rule|HP Percentage Mod: HP is shown in percentages
|rule|Dynamax Clause: You cannot dynamax
|teampreview
|inactive|Battle timer is ON: inactive players will automatically lose when time's up. (requested by OU make me yawn ¤)
|inactive|IM AT MY LIMIT has 270 seconds left.
|inactive|OU make me yawn ¤ has 270 seconds left.
|
|t:|1617344515
|start
|switch|p1a: NASTY!!!!!!!|Hydreigon, M|100/100
|switch|p2a: Mantra|Slowking-Galar, M, shiny|100/100
|turn|1
|
|t:|1617344535
|switch|p2a: Raven|Tapu Fini, shiny|100/100
|-fieldstart|move: Misty Terrain|[from] ability: Misty Surge|[of] p2a: Raven
|move|p1a: NASTY!!!!!!!|Dark Pulse|p2a: Raven
|-resisted|p2a: Raven
|-damage|p2a: Raven|87/100
|
|-heal|p2a: Raven|93/100|[from] item: Leftovers
|upkeep
|turn|2
|
|t:|1617344553
|switch|p1a: ASS|Clefable, F|100/100
|move|p2a: Raven|Draining Kiss|p1a: ASS
|-damage|p1a: ASS|83/100
|-heal|p2a: Raven|100/100|[from] drain|[of] p1a: ASS
|
|upkeep
|turn|3
|
|t:|1617344572
|switch|p2a: Mantra|Slowking-Galar, M, shiny|100/100
|switch|p1a: NASTY!!!!!!!|Hydreigon, M|100/100
|
|upkeep
|turn|4
|inactive|OU make me yawn ¤ has 270 seconds left.
|inactive|IM AT MY LIMIT has 270 seconds left.
|
|t:|1617344599
|move|p1a: NASTY!!!!!!!|Dark Pulse|p2a: Mantra
|-supereffective|p2a: Mantra
|-damage|p2a: Mantra|75/100
|move|p2a: Mantra|Sludge Bomb|p1a: NASTY!!!!!!!
|-damage|p1a: NASTY!!!!!!!|69/100
|
|-heal|p1a: NASTY!!!!!!!|75/100|[from] item: Leftovers
|upkeep
|turn|5
|inactive|IM AT MY LIMIT has 270 seconds left.
|inactive|OU make me yawn ¤ has 270 seconds left.
|c|☆IM AT MY LIMIT|is that max spdF
|
|t:|1617344618
|switch|p2a: Raven|Tapu Fini, shiny|100/100
|move|p1a: NASTY!!!!!!!|Dark Pulse|p2a: Raven
|-resisted|p2a: Raven
|-crit|p2a: Raven
|-damage|p2a: Raven|81/100
|
|-heal|p1a: NASTY!!!!!!!|81/100|[from] item: Leftovers
|-heal|p2a: Raven|87/100|[from] item: Leftovers
|-fieldend|Misty Terrain
|upkeep
|turn|6
|c|☆OU make me yawn ¤|ye
|inactive|IM AT MY LIMIT has 270 seconds left.
|inactive|OU make me yawn ¤ has 270 seconds left.
|
|t:|1617344627
|switch|p1a: ASS|Clefable, F|83/100
|switch|p2a: Dream|Tangrowth, M, shiny|100/100
|
|upkeep
|turn|7
|
|t:|1617344633
|switch|p1a: ur mom|Xatu, M|100/100
|move|p2a: Dream|Knock Off|p1a: ur mom
|-supereffective|p1a: ur mom
|-damage|p1a: ur mom|58/100
|-enditem|p1a: ur mom|Leftovers|[from] move: Knock Off|[of] p2a: Dream
|
|upkeep
|turn|8
|
|t:|1617344652
|switch|p1a: harold|Heatran, M|100/100
|switch|p2a: Predator|Crawdaunt, M, shiny|100/100
|
|upkeep
|turn|9
|
|t:|1617344658
|switch|p1a: Trolled|Avalugg, M|100/100
|move|p2a: Predator|Knock Off|p1a: Trolled
|-damage|p1a: Trolled|61/100
|-enditem|p1a: Trolled|Heavy-Duty Boots|[from] move: Knock Off|[of] p2a: Predator
|-damage|p2a: Predator|91/100|[from] item: Life Orb
|
|upkeep
|turn|10
|
|t:|1617344672
|switch|p2a: Dream|Tangrowth, M, shiny|100/100
|move|p1a: Trolled|Body Press|p2a: Dream
|-damage|p2a: Dream|80/100
|-damage|p1a: Trolled|44/100|[from] item: Rocky Helmet|[of] p2a: Dream
|
|upkeep
|turn|11
|
|t:|1617344680
|switch|p2a: Raven|Tapu Fini, shiny|87/100
|-fieldstart|move: Misty Terrain|[from] ability: Misty Surge|[of] p2a: Raven
|move|p1a: Trolled|Recover|p1a: Trolled
|-heal|p1a: Trolled|94/100
|
|-heal|p2a: Raven|94/100|[from] item: Leftovers
|upkeep
|turn|12
|
|t:|1617344706
|switch|p2a: Predator|Crawdaunt, M, shiny|91/100
|switch|p1a: ASS|Clefable, F|83/100
|
|upkeep
|turn|13
|
|t:|1617344713
|switch|p2a: Yami|Corviknight, M, shiny|100/100
|-ability|p2a: Yami|Pressure
|move|p1a: ASS|Moonblast|p2a: Yami
|-resisted|p2a: Yami
|-damage|p2a: Yami|89/100
|
|upkeep
|turn|14
|
|t:|1617344738
|switch|p2a: Predator|Crawdaunt, M, shiny|91/100
|switch|p1a: ur mom|Xatu, M|58/100
|
|upkeep
|turn|15
|c|☆IM AT MY LIMIT|can you notttt
|inactive|IM AT MY LIMIT has 270 seconds left.
|c|☆OU make me yawn ¤|LOl alrighT
|
|t:|1617344772
|switch|p1a: Trolled|Avalugg, M|94/100
|move|p2a: Predator|Crabhammer|p1a: Trolled
|-damage|p1a: Trolled|59/100
|-damage|p2a: Predator|81/100|[from] item: Life Orb
|
|-fieldend|Misty Terrain
|upkeep
|turn|16
|
|t:|1617344781
|switch|p2a: Raven|Tapu Fini, shiny|94/100
|-fieldstart|move: Misty Terrain|[from] ability: Misty Surge|[of] p2a: Raven
|move|p1a: Trolled|Toxic|p2a: Raven
|-activate|p2a: Raven|move: Misty Terrain
|
|-heal|p2a: Raven|99/100|[from] item: Leftovers
|upkeep
|turn|17
|
|t:|1617344789
|switch|p1a: ASS|Clefable, F|83/100
|move|p2a: Raven|Calm Mind|p2a: Raven
|-boost|p2a: Raven|spa|1
|-boost|p2a: Raven|spd|1
|
|-heal|p2a: Raven|100/100|[from] item: Leftovers
|upkeep
|turn|18
|inactive|IM AT MY LIMIT has 270 seconds left.
|
|t:|1617344797
|move|p2a: Raven|Taunt|p1a: ASS
|-start|p1a: ASS|move: Taunt
|cant|p1a: ASS|move: Taunt|Calm Mind
|
|upkeep
|turn|19
|inactive|IM AT MY LIMIT has 270 seconds left.
|
|t:|1617344808
|move|p2a: Raven|Surf|p1a: ASS
|-damage|p1a: ASS|55/100
|move|p1a: ASS|Moonblast|p2a: Raven
|-damage|p2a: Raven|73/100
|
|-heal|p2a: Raven|79/100|[from] item: Leftovers
|upkeep
|turn|20
|
|t:|1617344815
|move|p2a: Raven|Surf|p1a: ASS
|-damage|p1a: ASS|26/100
|move|p1a: ASS|Moonblast|p2a: Raven
|-damage|p2a: Raven|56/100
|-unboost|p2a: Raven|spa|1
|
|-heal|p2a: Raven|62/100|[from] item: Leftovers
|-end|p1a: ASS|move: Taunt
|-fieldend|Misty Terrain
|upkeep
|turn|21
|
|t:|1617344823
|move|p2a: Raven|Surf|p1a: ASS
|-damage|p1a: ASS|0 fnt
|faint|p1a: ASS
|
|-heal|p2a: Raven|68/100|[from] item: Leftovers
|upkeep
|
|t:|1617344839
|switch|p1a: HAHAHAHAH|Gastrodon, F|100/100
|turn|22
|
|t:|1617344843
|switch|p2a: Yami|Corviknight, M, shiny|89/100
|-ability|p2a: Yami|Pressure
|move|p1a: HAHAHAHAH|Toxic|p2a: Yami
|-immune|p2a: Yami
|
|upkeep
|turn|23
|
|t:|1617344852
|switch|p2a: Raven|Tapu Fini, shiny|68/100
|-fieldstart|move: Misty Terrain|[from] ability: Misty Surge|[of] p2a: Raven
|move|p1a: HAHAHAHAH|Toxic|p2a: Raven
|-activate|p2a: Raven|move: Misty Terrain
|
|-heal|p2a: Raven|74/100|[from] item: Leftovers
|upkeep
|turn|24
|
|t:|1617344859
|switch|p1a: ur mom|Xatu, M|58/100
|move|p2a: Raven|Calm Mind|p2a: Raven
|-boost|p2a: Raven|spa|1
|-boost|p2a: Raven|spd|1
|
|-heal|p2a: Raven|80/100|[from] item: Leftovers
|upkeep
|turn|25
|c|☆IM AT MY LIMIT|yeah im done going back on the account
|c|☆OU make me yawn ¤|kk
|-message|IM AT MY LIMIT forfeited.
|
|win|OU make me yawn ¤
|n|☆IM AT MY LIMIT@!|imatmylimit
|n|☆IM AT MY LIMIT|imatmylimit
|player|p2|OU make me yawn ¤|nate
|inactive|Battle timer is ON: inactive players will automatically lose when time's up. (requested by OU make me yawn ¤)
