|raw|<div class="broadcast-blue"><strong>This battle is required to be public due to a player having a name starting with 'lt93oq'.</div>
|j|☆Sww-Suwa
|j|☆LT93OQ Vegeto
|t:|1660676426
|gametype|singles
|player|p1|Sww-Suwa|dawn-masters|1808
|player|p2|LT93OQ Vegeto|ethan|1803
|teamsize|p1|6
|teamsize|p2|6
|gen|8
|tier|[Gen 8] OU
|rated|
|rule|Sleep Clause Mod: Limit one foe put to sleep
|rule|Species Clause: Limit one of each Pokémon
|rule|OHKO Clause: OHKO moves are banned
|rule|Evasion Items Clause: Evasion items are banned
|rule|Evasion Moves Clause: Evasion moves are banned
|rule|Endless Battle Clause: Forcing endless battles is banned
|rule|HP Percentage Mod: HP is shown in percentages
|rule|Dynamax Clause: You cannot dynamax
|clearpoke
|poke|p1|Blaziken, F|
|poke|p1|Weavile, F|
|poke|p1|Kartana|
|poke|p1|Golisopod, M|
|poke|p1|Landorus-Therian, M|
|poke|p1|Rillaboom, F|
|poke|p2|Heatran, F|
|poke|p2|Tornadus-Therian, M|
|poke|p2|Mew|
|poke|p2|Blissey, F|
|poke|p2|Toxapex, M|
|poke|p2|Landorus-Therian, M|
|teampreview
|inactive|Battle timer is ON: inactive players will automatically lose when time's up. (requested by LT93OQ Vegeto)
|j| Rubiaa
|
|t:|1660676439
|start
|switch|p1a: Weavile|Weavile, F, shiny|100/100
|switch|p2a: Toxapex|Toxapex, M|100/100
|-ability|p1a: Weavile|Pressure
|turn|1
|
|t:|1660676444
|move|p1a: Weavile|Beat Up|p2a: Toxapex
|-damage|p2a: Toxapex|92/100
|-damage|p2a: Toxapex|83/100
|-damage|p2a: Toxapex|71/100
|-damage|p2a: Toxapex|63/100
|-damage|p2a: Toxapex|53/100
|-damage|p2a: Toxapex|45/100
|-hitcount|p2a: Toxapex|6
|move|p2a: Toxapex|Poison Jab|p1a: Weavile
|-damage|p1a: Weavile|71/100
|-status|p1a: Weavile|psn
|
|-damage|p1a: Weavile|58/100 psn|[from] psn
|upkeep
|turn|2
|j| LT93OQ Nature_K
|c|☆Sww-Suwa|Rubiaa get the fuck out
|
|t:|1660676456
|move|p1a: Weavile|Beat Up|p2a: Toxapex
|-damage|p2a: Toxapex|36/100
|-damage|p2a: Toxapex|28/100
|-damage|p2a: Toxapex|15/100
|-damage|p2a: Toxapex|7/100
|-damage|p2a: Toxapex|0 fnt
|faint|p2a: Toxapex
|-hitcount|p2: Toxapex|5
|
|-damage|p1a: Weavile|46/100 psn|[from] psn
|upkeep
|c| Rubiaa|LMAO
|
|t:|1660676466
|switch|p2a: Landorus|Landorus-Therian, M|100/100
|-ability|p2a: Landorus|Intimidate|boost
|-unboost|p1a: Weavile|atk|1
|turn|3
|c|☆Sww-Suwa|you are making me unlucky af
|c| Rubiaa|bro how x.x
|
|t:|1660676473
|switch|p1a: Golisopod|Golisopod, M|100/100
|move|p2a: Landorus|U-turn|p1a: Golisopod
|-damage|p1a: Golisopod|88/100
|-enditem|p1a: Golisopod|Eject Button
|c| Rubiaa|i joined late game last time
|
|t:|1660676476
|switch|p1a: Weavile|Weavile, F, shiny|46/100 psn
|-ability|p1a: Weavile|Pressure
|
|-damage|p1a: Weavile|33/100 psn|[from] psn
|upkeep
|turn|4
|
|t:|1660676483
|switch|p2a: Heatran|Heatran, F|100/100
|move|p1a: Weavile|Beat Up|p2a: Heatran
|-damage|p2a: Heatran|91/100
|-damage|p2a: Heatran|82/100
|-damage|p2a: Heatran|69/100
|-damage|p2a: Heatran|59/100
|-damage|p2a: Heatran|48/100
|-damage|p2a: Heatran|38/100
|-hitcount|p2a: Heatran|6
|
|-heal|p2a: Heatran|44/100|[from] item: Leftovers
|-damage|p1a: Weavile|21/100 psn|[from] psn
|upkeep
|turn|5
|
|t:|1660676489
|switch|p2a: Landorus|Landorus-Therian, M|100/100
|-ability|p2a: Landorus|Intimidate|boost
|-unboost|p1a: Weavile|atk|1
|move|p1a: Weavile|Beat Up|p2a: Landorus
|-damage|p2a: Landorus|94/100
|-damage|p2a: Landorus|88/100
|-damage|p2a: Landorus|81/100
|-damage|p2a: Landorus|75/100
|-damage|p2a: Landorus|69/100
|-damage|p2a: Landorus|63/100
|-hitcount|p2a: Landorus|6
|
|-heal|p2a: Landorus|69/100|[from] item: Leftovers
|-damage|p1a: Weavile|8/100 psn|[from] psn
|upkeep
|turn|6
|j|+kino
|
|t:|1660676495
|move|p1a: Weavile|Beat Up|p2a: Landorus
|-damage|p2a: Landorus|63/100
|-crit|p2a: Landorus
|-damage|p2a: Landorus|51/100
|-damage|p2a: Landorus|43/100
|-damage|p2a: Landorus|37/100
|-damage|p2a: Landorus|30/100
|-damage|p2a: Landorus|24/100
|-hitcount|p2a: Landorus|6
|move|p2a: Landorus|U-turn|p1a: Weavile
|-supereffective|p1a: Weavile
|-damage|p1a: Weavile|0 fnt
|faint|p1a: Weavile
|
|t:|1660676498
|switch|p2a: Tornadus|Tornadus-Therian, M|100/100|[from]move: U-turn
|
|upkeep
|j| kolpit
|c| Rubiaa|u see? u crit him once 💀
|c|☆Sww-Suwa|i see so
|c|☆Sww-Suwa|this is what happens
|inactive|Sww-Suwa has 120 seconds left.
|c|☆Sww-Suwa|when you built in 1 min
|c|☆Sww-Suwa|you get 0 torn answers lel
|c| Rubiaa|x.x
|
|t:|1660676540
|switch|p1a: Rillaboom|Rillaboom, F|100/100
|-fieldstart|move: Grassy Terrain|[from] ability: Grassy Surge|[of] p1a: Rillaboom
|turn|7
|j| Luisnho
|c| Rubiaa|yea u really dont have any
|c|☆Sww-Suwa|he is hurricane less anyway
|l| Luisnho
|inactive|LT93OQ Vegeto has 120 seconds left.
|
|t:|1660676577
|move|p2a: Tornadus|U-turn|p1a: Rillaboom
|-supereffective|p1a: Rillaboom
|-damage|p1a: Rillaboom|67/100
|c| Rubiaa|or he just misses hurricane
|
|t:|1660676580
|switch|p2a: Heatran|Heatran, F|44/100|[from]move: U-turn
|move|p1a: Rillaboom|Swords Dance|p1a: Rillaboom
|-boost|p1a: Rillaboom|atk|2
|
|-heal|p1a: Rillaboom|73/100|[from] Grassy Terrain
|-heal|p2a: Heatran|50/100|[from] Grassy Terrain
|-heal|p2a: Heatran|57/100|[from] item: Leftovers
|upkeep
|turn|8
|
|t:|1660676586
|move|p1a: Rillaboom|Knock Off|p2a: Heatran
|-damage|p2a: Heatran|0 fnt
|-enditem|p2a: Heatran|Leftovers|[from] move: Knock Off|[of] p1a: Rillaboom
|faint|p2a: Heatran
|-damage|p1a: Rillaboom|63/100|[from] item: Life Orb
|
|-heal|p1a: Rillaboom|69/100|[from] Grassy Terrain
|upkeep
|
|t:|1660676590
|switch|p2a: Tornadus|Tornadus-Therian, M|100/100
|turn|9
|l| Rubiaa
|j| LT93OQ Highv0ltag3
|
|t:|1660676595
|move|p1a: Rillaboom|Grassy Glide|p2a: Tornadus
|-resisted|p2a: Tornadus
|-damage|p2a: Tornadus|28/100
|-damage|p1a: Rillaboom|59/100|[from] item: Life Orb
|move|p2a: Tornadus|Heat Wave|p1a: Rillaboom
|-supereffective|p1a: Rillaboom
|-damage|p1a: Rillaboom|0 fnt
|faint|p1a: Rillaboom
|
|upkeep
|j| cypherstests
|
|t:|1660676599
|switch|p1a: Kartana|Kartana, shiny|100/100
|turn|10
|
|t:|1660676602
|switch|p2a: Landorus|Landorus-Therian, M|24/100
|-ability|p2a: Landorus|Intimidate|boost
|-unboost|p1a: Kartana|atk|1
|move|p1a: Kartana|Leaf Blade|p2a: Landorus
|-damage|p2a: Landorus|0 fnt
|faint|p2a: Landorus
|-ability|p1a: Kartana|Beast Boost|boost
|-boost|p1a: Kartana|atk|1
|
|upkeep
|
|t:|1660676608
|switch|p2a: Tornadus|Tornadus-Therian, M|61/100
|turn|11
|
|t:|1660676613
|switch|p1a: Golisopod|Golisopod, M|88/100
|switch|p2a: Blissey|Blissey, F|100/100
|
|-heal|p1a: Golisopod|94/100|[from] Grassy Terrain
|-fieldend|move: Grassy Terrain
|upkeep
|turn|12
|
|t:|1660676618
|move|p2a: Blissey|Toxic|p1a: Golisopod
|-status|p1a: Golisopod|tox
|move|p1a: Golisopod|Taunt|p2a: Blissey
|-start|p2a: Blissey|move: Taunt
|
|-damage|p1a: Golisopod|88/100 tox|[from] psn
|upkeep
|turn|13
|
|t:|1660676625
|move|p2a: Blissey|Seismic Toss|p1a: Golisopod
|-damage|p1a: Golisopod|60/100 tox
|move|p1a: Golisopod|Spikes|p2a: Blissey
|-sidestart|p2: LT93OQ Vegeto|Spikes
|
|-damage|p1a: Golisopod|47/100 tox|[from] psn
|upkeep
|-activate|p1a: Golisopod|ability: Emergency Exit
|
|t:|1660676633
|switch|p1a: Blaziken|Blaziken, F|100/100
|turn|14
|
|t:|1660676635
|move|p1a: Blaziken|Close Combat|p2a: Blissey
|-supereffective|p2a: Blissey
|-damage|p2a: Blissey|0 fnt
|-unboost|p1a: Blaziken|def|1
|-unboost|p1a: Blaziken|spd|1
|faint|p2a: Blissey
|-damage|p1a: Blaziken|91/100|[from] item: Life Orb
|
|-ability|p1a: Blaziken|Speed Boost|boost
|-boost|p1a: Blaziken|spe|1
|upkeep
|
|t:|1660676640
|switch|p2a: Tornadus|Tornadus-Therian, M|94/100
|turn|15
|
|t:|1660676643
|move|p1a: Blaziken|Flare Blitz|p2a: Tornadus
|-crit|p2a: Tornadus
|-damage|p2a: Tornadus|0 fnt
|faint|p2a: Tornadus
|-damage|p1a: Blaziken|53/100|[from] Recoil
|-damage|p1a: Blaziken|43/100|[from] item: Life Orb
|
|-ability|p1a: Blaziken|Speed Boost|boost
|-boost|p1a: Blaziken|spe|1
|upkeep
|
|t:|1660676646
|switch|p2a: Mew|Mew|100/100
|-damage|p2a: Mew|88/100|[from] Spikes
|turn|16
|
|t:|1660676648
|move|p1a: Blaziken|Flare Blitz|p2a: Mew
|-damage|p2a: Mew|21/100
|-damage|p1a: Blaziken|14/100|[from] Recoil
|-damage|p1a: Blaziken|4/100|[from] item: Life Orb
|move|p2a: Mew|Cosmic Power|p2a: Mew
|-boost|p2a: Mew|def|1
|-boost|p2a: Mew|spd|1
|
|-ability|p1a: Blaziken|Speed Boost|boost
|-boost|p1a: Blaziken|spe|1
|upkeep
|turn|17
|-message|LT93OQ Vegeto forfeited.
|
|win|Sww-Suwa
|raw|Sww-Suwa's rating: 1808 &rarr; <strong>1828</strong><br />(+20 for winning)
|raw|LT93OQ Vegeto's rating: 1803 &rarr; <strong>1783</strong><br />(-20 for losing)
|l|☆LT93OQ Vegeto
|c|☆Sww-Suwa|suWa
