|j|☆ViableCitations
|j|☆ArcanineSquad
|t:|1605552779
|player|p1|ViableCitations|clerkf|1850
|player|p2|ArcanineSquad|cynthia-gen4|1763
|teamsize|p1|6
|teamsize|p2|6
|gametype|singles
|gen|8
|tier|[Gen 8] OU
|rated|
|clearpoke
|poke|p1|Mamoswine, F|
|poke|p1|Azumarill, F|
|poke|p1|Dragapult, M|
|poke|p1|Regieleki|
|poke|p1|Celesteela|
|poke|p1|Swampert, M|
|poke|p2|Magnezone|
|poke|p2|Dragonite, M|
|poke|p2|Swampert, F|
|poke|p2|Buzzwole|
|poke|p2|Mandibuzz, F|
|poke|p2|Kyurem-Black|
|rule|Sleep Clause Mod: Limit one foe put to sleep
|rule|Species Clause: Limit one of each Pokémon
|rule|OHKO Clause: OHKO moves are banned
|rule|Evasion Moves Clause: Evasion moves are banned
|rule|Endless Battle Clause: Forcing endless battles is banned
|rule|HP Percentage Mod: HP is shown in percentages
|rule|Dynamax Clause: You cannot dynamax
|teampreview
|inactive|Battle timer is ON: inactive players will automatically lose when time's up. (requested by ArcanineSquad)
|
|t:|1605552805
|start
|switch|p1a: Swampert|Swampert, M|100/100
|switch|p2a: Moin|Buzzwole|100/100
|turn|1
|
|t:|1605552816
|move|p2a: Moin|Bulk Up|p2a: Moin
|-boost|p2a: Moin|atk|1
|-boost|p2a: Moin|def|1
|move|p1a: Swampert|Toxic|p2a: Moin
|-status|p2a: Moin|tox
|
|-damage|p2a: Moin|94/100 tox|[from] psn
|upkeep
|turn|2
|
|t:|1605552824
|move|p2a: Moin|Drain Punch|p1a: Swampert
|-damage|p1a: Swampert|54/100
|-heal|p2a: Moin|100/100 tox|[from] drain|[of] p1a: Swampert
|move|p1a: Swampert|Stealth Rock|p2a: Moin
|-sidestart|p2: ArcanineSquad|move: Stealth Rock
|
|-heal|p1a: Swampert|60/100|[from] item: Leftovers
|-damage|p2a: Moin|88/100 tox|[from] psn
|upkeep
|turn|3
|j| znqq
|
|t:|1605552835
|move|p2a: Moin|Ice Punch|p1a: Swampert
|-damage|p1a: Swampert|30/100
|-status|p1a: Swampert|frz
|cant|p1a: Swampert|frz
|
|-heal|p1a: Swampert|37/100 frz|[from] item: Leftovers
|-damage|p2a: Moin|69/100 tox|[from] psn
|upkeep
|turn|4
|
|t:|1605552854
|switch|p2a: Get Trapped xD|Magnezone, shiny|100/100
|-damage|p2a: Get Trapped xD|94/100|[from] Stealth Rock
|cant|p1a: Swampert|frz
|
|-heal|p1a: Swampert|43/100 frz|[from] item: Leftovers
|upkeep
|turn|5
|
|t:|1605552862
|move|p2a: Get Trapped xD|Flash Cannon|p1a: Swampert
|-resisted|p1a: Swampert
|-damage|p1a: Swampert|19/100 frz
|cant|p1a: Swampert|frz
|
|-heal|p1a: Swampert|25/100 frz|[from] item: Leftovers
|upkeep
|turn|6
|
|t:|1605552868
|move|p2a: Get Trapped xD|Flash Cannon|p1a: Swampert
|-resisted|p1a: Swampert
|-damage|p1a: Swampert|2/100 frz
|cant|p1a: Swampert|frz
|
|-heal|p1a: Swampert|9/100 frz|[from] item: Leftovers
|upkeep
|turn|7
|c|☆ViableCitations|i love picket monsters
|
|t:|1605552885
|move|p2a: Get Trapped xD|Flash Cannon|p1a: Swampert
|-resisted|p1a: Swampert
|-damage|p1a: Swampert|0 fnt
|faint|p1a: Swampert
|
|upkeep
|
|t:|1605552897
|switch|p1a: Mamoswine|Mamoswine, F|100/100
|turn|8
|
|t:|1605552907
|switch|p2a: Moin|Buzzwole|69/100 tox
|-damage|p2a: Moin|57/100 tox|[from] Stealth Rock
|move|p1a: Mamoswine|Superpower|p2a: Moin
|-resisted|p2a: Moin
|-damage|p2a: Moin|39/100 tox
|-unboost|p1a: Mamoswine|atk|1
|-unboost|p1a: Mamoswine|def|1
|-damage|p1a: Mamoswine|84/100|[from] item: Rocky Helmet|[of] p2a: Moin
|
|-damage|p2a: Moin|33/100 tox|[from] psn
|upkeep
|turn|9
|j| SpookYeezy
|
|t:|1605552921
|switch|p1a: Celesteela|Celesteela|100/100
|move|p2a: Moin|Roost|p2a: Moin
|-heal|p2a: Moin|83/100 tox
|-singleturn|p2a: Moin|move: Roost
|
|-damage|p2a: Moin|70/100 tox|[from] psn
|upkeep
|turn|10
|
|t:|1605552931
|switch|p2a: Get Trapped xD|Magnezone, shiny|94/100
|-damage|p2a: Get Trapped xD|88/100|[from] Stealth Rock
|move|p1a: Celesteela|Earthquake|p2a: Get Trapped xD
|-supereffective|p2a: Get Trapped xD
|-damage|p2a: Get Trapped xD|0 fnt
|faint|p2a: Get Trapped xD
|-ability|p1a: Celesteela|Beast Boost|boost
|-boost|p1a: Celesteela|def|1
|
|upkeep
|
|t:|1605552944
|switch|p2a: Kalt|Kyurem-Black|100/100
|-ability|p2a: Kalt|Teravolt
|turn|11
|
|t:|1605552949
|move|p2a: Kalt|Dragon Dance|p2a: Kalt
|-boost|p2a: Kalt|atk|1
|-boost|p2a: Kalt|spe|1
|move|p1a: Celesteela|Heavy Slam|p2a: Kalt
|-supereffective|p2a: Kalt
|-damage|p2a: Kalt|54/100
|
|upkeep
|turn|12
|
|t:|1605552964
|move|p2a: Kalt|Dragon Dance|p2a: Kalt
|-boost|p2a: Kalt|atk|1
|-boost|p2a: Kalt|spe|1
|move|p1a: Celesteela|Leech Seed|p2a: Kalt
|-start|p2a: Kalt|move: Leech Seed
|
|-damage|p2a: Kalt|42/100|[from] Leech Seed|[of] p1a: Celesteela
|upkeep
|turn|13
|
|t:|1605552973
|move|p2a: Kalt|Fusion Bolt|p1a: Celesteela
|-supereffective|p1a: Celesteela
|-damage|p1a: Celesteela|17/100
|move|p1a: Celesteela|Heavy Slam|p2a: Kalt
|-supereffective|p2a: Kalt
|-damage|p2a: Kalt|0 fnt
|faint|p2a: Kalt
|-ability|p1a: Celesteela|Beast Boost|boost
|-boost|p1a: Celesteela|def|1
|
|-heal|p1a: Celesteela|23/100|[from] item: Leftovers
|upkeep
|-message|ArcanineSquad forfeited.
|
|win|ViableCitations
|l|☆ArcanineSquad
