|j|☆minimax_ai
|j|☆Delibird Heart
|t:|1662451750
|gametype|singles
|player|p1|minimax_ai|lusamine-nihilego|1477
|player|p2|Delibird Heart|guitarist-gen4|1532
|teamsize|p1|6
|teamsize|p2|6
|gen|8
|tier|[Gen 8] OU
|rated|
|rule|Sleep Clause Mod: Limit one foe put to sleep
|rule|Species Clause: Limit one of each Pokémon
|rule|OHKO Clause: OHKO moves are banned
|rule|Evasion Items Clause: Evasion items are banned
|rule|Evasion Moves Clause: Evasion moves are banned
|rule|Endless Battle Clause: Forcing endless battles is banned
|rule|HP Percentage Mod: HP is shown in percentages
|rule|Dynamax Clause: You cannot dynamax
|clearpoke
|poke|p1|Rotom-Wash|
|poke|p1|Weavile, M|
|poke|p1|Landorus-Therian, M|
|poke|p1|Heatran, M|
|poke|p1|Tangrowth, M|
|poke|p1|Melmetal|
|poke|p2|Delibird, M|
|poke|p2|Tapu Koko|
|poke|p2|Kartana|
|poke|p2|Volcarona, M|
|poke|p2|Landorus-Therian, M|
|poke|p2|Kommo-o, F|
|teampreview
|inactive|Battle timer is ON: inactive players will automatically lose when time's up. (requested by Delibird Heart)
|c|☆minimax_ai|hf
|inactive|minimax_ai also wants the timer to be on.
|
|t:|1662451755
|start
|switch|p1a: landorustherian|Landorus-Therian, M|100/100
|switch|p2a: Santa|Delibird, M|100/100
|-ability|p1a: landorustherian|Intimidate|boost
|-unboost|p2a: Santa|atk|1
|turn|1
|
|t:|1662451758
|switch|p1a: Melmetal|Melmetal|100/100
|move|p2a: Santa|Spikes|p1a: Melmetal
|-sidestart|p1: minimax_ai|Spikes
|
|upkeep
|turn|2
|
|t:|1662451763
|move|p2a: Santa|Destiny Bond|p2a: Santa
|-singlemove|p2a: Santa|Destiny Bond
|move|p1a: Melmetal|Double Iron Bash|p2a: Santa
|-supereffective|p2a: Santa
|-enditem|p2a: Santa|Focus Sash
|-damage|p2a: Santa|1/100
|-supereffective|p2a: Santa
|-damage|p2a: Santa|0 fnt
|faint|p2a: Santa
|-activate|p2a: Santa|move: Destiny Bond
|faint|p1a: Melmetal
|-hitcount|p2: Santa|2
|
|upkeep
|
|t:|1662451770
|switch|p2a: Tapu Koko|Tapu Koko|100/100
|switch|p1a: landorustherian|Landorus-Therian, M|100/100
|-fieldstart|move: Electric Terrain|[from] ability: Electric Surge|[of] p2a: Tapu Koko
|-ability|p1a: landorustherian|Intimidate|boost
|-unboost|p2a: Tapu Koko|atk|1
|turn|3
|
|t:|1662451773
|move|p2a: Tapu Koko|Taunt|p1a: landorustherian
|-start|p1a: landorustherian|move: Taunt
|cant|p1a: landorustherian|move: Taunt|Defog
|
|upkeep
|turn|4
|
|t:|1662451777
|move|p2a: Tapu Koko|Reflect|p2a: Tapu Koko
|-sidestart|p2: Delibird Heart|Reflect
|move|p1a: landorustherian|U-turn|p2a: Tapu Koko
|-resisted|p2a: Tapu Koko
|-damage|p2a: Tapu Koko|94/100
|
|t:|1662451777
|switch|p1a: Heatran|Heatran, M|100/100|[from]move: U-turn
|-item|p1a: Heatran|Air Balloon
|
|upkeep
|turn|5
|
|t:|1662451781
|move|p2a: Tapu Koko|Taunt|p1a: Heatran
|-start|p1a: Heatran|move: Taunt
|move|p1a: Heatran|Eruption|p2a: Tapu Koko
|-damage|p2a: Tapu Koko|0 fnt
|faint|p2a: Tapu Koko
|
|upkeep
|
|t:|1662451794
|switch|p2a: Kommo-o|Kommo-o, F|100/100
|turn|6
|
|t:|1662451795
|switch|p1a: landorustherian|Landorus-Therian, M|100/100
|-ability|p1a: landorustherian|Intimidate|boost
|-unboost|p2a: Kommo-o|atk|1
|move|p2a: Kommo-o|Clangorous Soul|p2a: Kommo-o
|-boost|p2a: Kommo-o|atk|1
|-boost|p2a: Kommo-o|def|1
|-boost|p2a: Kommo-o|spa|1
|-boost|p2a: Kommo-o|spd|1
|-boost|p2a: Kommo-o|spe|1
|-damage|p2a: Kommo-o|68/100
|-enditem|p2a: Kommo-o|Throat Spray
|-boost|p2a: Kommo-o|spa|1|[from] item: Throat Spray
|
|upkeep
|turn|7
|
|t:|1662451798
|move|p2a: Kommo-o|Clanging Scales|p1a: landorustherian
|-damage|p1a: landorustherian|31/100
|-unboost|p2a: Kommo-o|def|1
|move|p1a: landorustherian|Defog|p2a: Kommo-o
|-unboost|p2a: Kommo-o|evasion|1
|-sideend|p2: Delibird Heart|Reflect
|-sideend|p1: minimax_ai|Spikes|[from] move: Defog|[of] p1a: landorustherian
|-fieldend|move: Electric Terrain
|
|-heal|p1a: landorustherian|37/100|[from] item: Leftovers
|upkeep
|turn|8
|
|t:|1662451800
|move|p2a: Kommo-o|Clanging Scales|p1a: landorustherian
|-damage|p1a: landorustherian|0 fnt
|faint|p1a: landorustherian
|-unboost|p2a: Kommo-o|def|1
|
|upkeep
|
|t:|1662451800
|switch|p1a: Weavile|Weavile, M|100/100
|-ability|p1a: Weavile|Pressure
|turn|9
|
|t:|1662451803
|move|p1a: Weavile|Ice Shard|p2a: Kommo-o
|-supereffective|p2a: Kommo-o
|-damage|p2a: Kommo-o|0 fnt
|faint|p2a: Kommo-o
|
|upkeep
|
|t:|1662451808
|switch|p2a: Kartana|Kartana|100/100
|turn|10
|
|t:|1662451813
|switch|p1a: Tangrowth|Tangrowth, M|100/100
|move|p2a: Kartana|Swords Dance|p2a: Kartana
|-boost|p2a: Kartana|atk|2
|
|upkeep
|turn|11
|
|t:|1662451818
|move|p2a: Kartana|Smart Strike|p1a: Tangrowth
|-damage|p1a: Tangrowth|37/100
|-damage|p2a: Kartana|84/100|[from] item: Rocky Helmet|[of] p1a: Tangrowth
|-damage|p2a: Kartana|74/100|[from] item: Life Orb
|move|p1a: Tangrowth|Focus Blast|p2a: Kartana
|-supereffective|p2a: Kartana
|-damage|p2a: Kartana|0 fnt
|faint|p2a: Kartana
|
|upkeep
|
|t:|1662451821
|switch|p2a: Volcarona|Volcarona, M|100/100
|turn|12
|
|t:|1662451825
|switch|p2a: Landorus|Landorus-Therian, M|100/100
|-ability|p2a: Landorus|Intimidate|boost
|-unboost|p1a: Tangrowth|atk|1
|switch|p1a: Heatran|Heatran, M|100/100
|-item|p1a: Heatran|Air Balloon
|
|upkeep
|turn|13
|
|t:|1662451828
|move|p2a: Landorus|Stone Edge|p1a: Heatran
|-damage|p1a: Heatran|50/100
|-enditem|p1a: Heatran|Air Balloon
|-damage|p2a: Landorus|91/100|[from] item: Life Orb
|move|p1a: Heatran|Eruption|p2a: Landorus
|-damage|p2a: Landorus|38/100
|
|upkeep
|turn|14
|
|t:|1662451835
|switch|p1a: Tangrowth|Tangrowth, M|71/100
|move|p2a: Landorus|Earthquake|p1a: Tangrowth
|-resisted|p1a: Tangrowth
|-damage|p1a: Tangrowth|48/100
|-damage|p2a: Landorus|28/100|[from] item: Life Orb
|
|upkeep
|turn|15
|
|t:|1662451846
|move|p2a: Landorus|Swords Dance|p2a: Landorus
|-boost|p2a: Landorus|atk|2
|move|p1a: Tangrowth|Knock Off|p2a: Landorus
|-damage|p2a: Landorus|2/100
|-enditem|p2a: Landorus|Life Orb|[from] move: Knock Off|[of] p1a: Tangrowth
|
|upkeep
|turn|16
|
|t:|1662451853
|move|p2a: Landorus|Stone Edge|p1a: Tangrowth
|-damage|p1a: Tangrowth|2/100
|move|p1a: Tangrowth|Knock Off|p2a: Landorus
|-damage|p2a: Landorus|0 fnt
|faint|p2a: Landorus
|
|upkeep
|
|t:|1662451855
|switch|p2a: Volcarona|Volcarona, M|100/100
|turn|17
|
|t:|1662451857
|switch|p1a: Heatran|Heatran, M|50/100
|move|p2a: Volcarona|Quiver Dance|p2a: Volcarona
|-boost|p2a: Volcarona|spa|1
|-boost|p2a: Volcarona|spd|1
|-boost|p2a: Volcarona|spe|1
|
|upkeep
|turn|18
|
|t:|1662451859
|move|p2a: Volcarona|Quiver Dance|p2a: Volcarona
|-boost|p2a: Volcarona|spa|1
|-boost|p2a: Volcarona|spd|1
|-boost|p2a: Volcarona|spe|1
|move|p1a: Heatran|Magma Storm|p2a: Volcarona|[miss]
|-miss|p1a: Heatran|p2a: Volcarona
|
|upkeep
|turn|19
|
|t:|1662451862
|move|p2a: Volcarona|Quiver Dance|p2a: Volcarona
|-boost|p2a: Volcarona|spa|1
|-boost|p2a: Volcarona|spd|1
|-boost|p2a: Volcarona|spe|1
|move|p1a: Heatran|Magma Storm|p2a: Volcarona
|-damage|p2a: Volcarona|77/100
|-activate|p2a: Volcarona|move: Magma Storm|[of] p1a: Heatran
|
|-damage|p2a: Volcarona|65/100|[from] move: Magma Storm|[partiallytrapped]
|upkeep
|turn|20
|
|t:|1662451868
|move|p2a: Volcarona|Psychic|p1a: Heatran
|-resisted|p1a: Heatran
|-damage|p1a: Heatran|0 fnt
|faint|p1a: Heatran
|-damage|p2a: Volcarona|55/100|[from] item: Life Orb
|
|-end|p2a: Volcarona|Magma Storm|[partiallytrapped]|[silent]
|upkeep
|
|t:|1662451868
|switch|p1a: rotomwash|Rotom-Wash|100/100
|turn|21
|
|t:|1662451871
|switch|p1a: Tangrowth|Tangrowth, M|36/100
|move|p2a: Volcarona|Bug Buzz|p1a: Tangrowth
|-supereffective|p1a: Tangrowth
|-damage|p1a: Tangrowth|0 fnt
|faint|p1a: Tangrowth
|-damage|p2a: Volcarona|45/100|[from] item: Life Orb
|
|upkeep
|
|t:|1662451871
|switch|p1a: Weavile|Weavile, M|100/100
|-ability|p1a: Weavile|Pressure
|turn|22
|
|t:|1662451873
|move|p1a: Weavile|Ice Shard|p2a: Volcarona
|-resisted|p2a: Volcarona
|-damage|p2a: Volcarona|22/100
|move|p2a: Volcarona|Bug Buzz|p1a: Weavile
|-supereffective|p1a: Weavile
|-damage|p1a: Weavile|0 fnt
|faint|p1a: Weavile
|-damage|p2a: Volcarona|12/100|[from] item: Life Orb
|
|upkeep
|
|t:|1662451873
|switch|p1a: rotomwash|Rotom-Wash|100/100
|turn|23
|
|t:|1662451876
|move|p2a: Volcarona|Bug Buzz|p1a: rotomwash
|-damage|p1a: rotomwash|0 fnt
|faint|p1a: rotomwash
|-damage|p2a: Volcarona|2/100|[from] item: Life Orb
|
|win|Delibird Heart
|raw|minimax_ai's rating: 1477 &rarr; <strong>1460</strong><br />(-17 for losing)
|raw|Delibird Heart's rating: 1532 &rarr; <strong>1549</strong><br />(+17 for winning)
|c|☆minimax_ai|gg
