|j|☆El Stefano
|j|☆WOROROROOROOOO
|t:|1651738477
|gametype|singles
|player|p1|El Stefano|169|1486
|player|p2|WOROROROOROOOO|ghetsis|1443
|teamsize|p1|6
|teamsize|p2|6
|gen|8
|tier|[Gen 8] OU
|rated|
|rule|Sleep Clause Mod: Limit one foe put to sleep
|rule|Species Clause: Limit one of each Pokémon
|rule|OHKO Clause: OHKO moves are banned
|rule|Evasion Moves Clause: Evasion moves are banned
|rule|Endless Battle Clause: Forcing endless battles is banned
|rule|HP Percentage Mod: HP is shown in percentages
|rule|Dynamax Clause: You cannot dynamax
|clearpoke
|poke|p1|Tapu Koko|
|poke|p1|Torkoal, F|
|poke|p1|Venusaur, M|
|poke|p1|Heatran, M|
|poke|p1|Rillaboom, M|
|poke|p1|Weavile, M|
|poke|p2|Toxtricity, F|
|poke|p2|Urshifu-*, F|
|poke|p2|Heatran, F|
|poke|p2|Cinccino, F|
|poke|p2|Rillaboom, M|
|poke|p2|Landorus-Therian, M|
|teampreview
|inactive|Battle timer is ON: inactive players will automatically lose when time's up. (requested by WOROROROOROOOO)
|
|t:|1651738483
|start
|switch|p1a: Rillaboom|Rillaboom, M|100/100
|switch|p2a: Kosanze: Ragnaraku|Toxtricity, F|100/100
|-fieldstart|move: Grassy Terrain|[from] ability: Grassy Surge|[of] p1a: Rillaboom
|turn|1
|
|t:|1651738493
|move|p1a: Rillaboom|Knock Off|p2a: Kosanze: Ragnaraku
|-damage|p2a: Kosanze: Ragnaraku|10/100
|-enditem|p2a: Kosanze: Ragnaraku|Choice Specs|[from] move: Knock Off|[of] p1a: Rillaboom
|move|p2a: Kosanze: Ragnaraku|Boomburst|p1a: Rillaboom
|-damage|p1a: Rillaboom|20/100
|
|-heal|p1a: Rillaboom|26/100|[from] Grassy Terrain
|-heal|p2a: Kosanze: Ragnaraku|16/100|[from] Grassy Terrain
|upkeep
|turn|2
|
|t:|1651738500
|switch|p1a: Torkoal|Torkoal, F|100/100
|-weather|SunnyDay|[from] ability: Drought|[of] p1a: Torkoal
|switch|p2a: Raging Drunk|Landorus-Therian, M|100/100
|-ability|p2a: Raging Drunk|Intimidate|boost
|-unboost|p1a: Torkoal|atk|1
|
|-weather|SunnyDay|[upkeep]
|upkeep
|turn|3
|
|t:|1651738508
|switch|p1a: Venusaur|Venusaur, M|100/100
|move|p2a: Raging Drunk|Knock Off|p1a: Venusaur
|-damage|p1a: Venusaur|54/100
|-enditem|p1a: Venusaur|Life Orb|[from] move: Knock Off|[of] p2a: Raging Drunk
|
|-weather|SunnyDay|[upkeep]
|-heal|p1a: Venusaur|60/100|[from] Grassy Terrain
|upkeep
|turn|4
|
|t:|1651738515
|move|p1a: Venusaur|Giga Drain|p2a: Raging Drunk
|-damage|p2a: Raging Drunk|51/100
|-heal|p1a: Venusaur|92/100|[from] drain|[of] p2a: Raging Drunk
|move|p2a: Raging Drunk|U-turn|p1a: Venusaur
|-damage|p1a: Venusaur|57/100
|
|t:|1651738520
|switch|p2a: Blast Breath|Heatran, F|100/100|[from]move: U-turn
|
|-weather|SunnyDay|[upkeep]
|-heal|p1a: Venusaur|63/100|[from] Grassy Terrain
|upkeep
|turn|5
|
|t:|1651738522
|switch|p2a: Raging Drunk|Landorus-Therian, M|51/100
|-ability|p2a: Raging Drunk|Intimidate|boost
|-unboost|p1a: Venusaur|atk|1
|move|p1a: Venusaur|Earth Power|p2a: Raging Drunk
|-immune|p2a: Raging Drunk
|
|-weather|SunnyDay|[upkeep]
|-heal|p1a: Venusaur|69/100|[from] Grassy Terrain
|-heal|p2a: Raging Drunk|57/100|[from] item: Leftovers
|-fieldend|move: Grassy Terrain
|upkeep
|turn|6
|
|t:|1651738526
|switch|p2a: Blast Breath|Heatran, F|100/100
|move|p1a: Venusaur|Growth|p1a: Venusaur
|-boost|p1a: Venusaur|atk|2
|-boost|p1a: Venusaur|spa|2
|
|-weather|SunnyDay|[upkeep]
|upkeep
|turn|7
|
|t:|1651738529
|move|p1a: Venusaur|Earth Power|p2a: Blast Breath
|-supereffective|p2a: Blast Breath
|-damage|p2a: Blast Breath|0 fnt
|faint|p2a: Blast Breath
|
|-weather|SunnyDay|[upkeep]
|upkeep
|
|t:|1651738536
|switch|p2a: Gundari: Ryuseigun|Urshifu-Rapid-Strike, F|100/100
|turn|8
|
|t:|1651738540
|switch|p2a: Thunder Bagua|Rillaboom, M|100/100
|-fieldstart|move: Grassy Terrain|[from] ability: Grassy Surge|[of] p2a: Thunder Bagua
|move|p1a: Venusaur|Giga Drain|p2a: Thunder Bagua
|-resisted|p2a: Thunder Bagua
|-damage|p2a: Thunder Bagua|38/100
|-heal|p1a: Venusaur|100/100|[from] drain|[of] p2a: Thunder Bagua
|
|-weather|SunnyDay|[upkeep]
|-heal|p2a: Thunder Bagua|44/100|[from] Grassy Terrain
|upkeep
|turn|9
|
|t:|1651738546
|switch|p2a: Raging Drunk|Landorus-Therian, M|57/100
|-ability|p2a: Raging Drunk|Intimidate|boost
|-unboost|p1a: Venusaur|atk|1
|move|p1a: Venusaur|Giga Drain|p2a: Raging Drunk
|-damage|p2a: Raging Drunk|0 fnt
|faint|p2a: Raging Drunk
|
|-weather|none
|upkeep
|
|t:|1651738548
|switch|p2a: Kosanze: Ragnaraku|Toxtricity, F|16/100
|turn|10
|
|t:|1651738552
|move|p1a: Venusaur|Giga Drain|p2a: Kosanze: Ragnaraku
|-resisted|p2a: Kosanze: Ragnaraku
|-damage|p2a: Kosanze: Ragnaraku|0 fnt
|faint|p2a: Kosanze: Ragnaraku
|
|upkeep
|-message|WOROROROOROOOO forfeited.
|
|win|El Stefano
|raw|El Stefano's rating: 1486 &rarr; <strong>1504</strong><br />(+18 for winning)
|raw|WOROROROOROOOO's rating: 1443 &rarr; <strong>1425</strong><br />(-18 for losing)
|l|☆WOROROROOROOOO
