|j|☆quixana
|j|☆2(H2O)-Alt
|t:|1655428407
|gametype|singles
|player|p1|quixana|ethan-pokeathlon|1709
|player|p2|2(H2O)-Alt|youngster|1693
|teamsize|p1|6
|teamsize|p2|6
|gen|8
|tier|[Gen 8] OU
|rated|
|rule|Sleep Clause Mod: Limit one foe put to sleep
|rule|Species Clause: Limit one of each Pokémon
|rule|OHKO Clause: OHKO moves are banned
|rule|Evasion Moves Clause: Evasion moves are banned
|rule|Endless Battle Clause: Forcing endless battles is banned
|rule|HP Percentage Mod: HP is shown in percentages
|rule|Dynamax Clause: You cannot dynamax
|clearpoke
|poke|p1|Clefable, F|
|poke|p1|Toxapex, M|
|poke|p1|Hippowdon, M|
|poke|p1|Excadrill, F|
|poke|p1|Blacephalon|
|poke|p1|Skarmory, F|
|poke|p2|Kartana|
|poke|p2|Tapu Lele|
|poke|p2|Toxapex, M|
|poke|p2|Mandibuzz, F|
|poke|p2|Magnezone|
|poke|p2|Landorus-Therian, M|
|teampreview
|c|☆quixana|yo
|c|☆quixana|dont embarass me in another rmt
|c|☆2(H2O)-Alt|haha
|c|☆2(H2O)-Alt|srry
|
|t:|1655428459
|start
|switch|p1a: Blacephalon|Blacephalon|100/100
|switch|p2a: Landorus|Landorus-Therian, M|100/100
|-ability|p2a: Landorus|Intimidate|boost
|-unboost|p1a: Blacephalon|atk|1
|turn|1
|c|☆quixana|no worries it was a cool team
|
|t:|1655428467
|switch|p1a: Skarmory|Skarmory, F, shiny|100/100
|move|p2a: Landorus|U-turn|p1a: Skarmory
|-resisted|p1a: Skarmory
|-damage|p1a: Skarmory|98/100
|-damage|p2a: Landorus|84/100|[from] item: Rocky Helmet|[of] p1a: Skarmory
|c|☆2(H2O)-Alt|thanks
|
|t:|1655428474
|switch|p2a: Magnezone|Magnezone|100/100|[from]move: U-turn
|
|upkeep
|turn|2
|
|t:|1655428482
|move|p2a: Magnezone|Thunderbolt|p1a: Skarmory
|-supereffective|p1a: Skarmory
|-damage|p1a: Skarmory|0 fnt
|faint|p1a: Skarmory
|
|upkeep
|
|t:|1655428501
|switch|p1a: Hippowdon|Hippowdon, M|100/100
|-weather|Sandstorm|[from] ability: Sand Stream|[of] p1a: Hippowdon
|turn|3
|
|t:|1655428508
|switch|p2a: Kartana|Kartana|100/100
|move|p1a: Hippowdon|Stealth Rock|p2a: Kartana
|-sidestart|p2: 2(H2O)-Alt|move: Stealth Rock
|
|-weather|Sandstorm|[upkeep]
|upkeep
|turn|4
|
|t:|1655428520
|move|p2a: Kartana|Leaf Blade|p1a: Hippowdon
|-supereffective|p1a: Hippowdon
|-damage|p1a: Hippowdon|0 fnt
|faint|p1a: Hippowdon
|-ability|p2a: Kartana|Beast Boost|boost
|-boost|p2a: Kartana|atk|1
|
|-weather|Sandstorm|[upkeep]
|upkeep
|
|t:|1655428531
|switch|p1a: Excadrill|Excadrill, F|100/100
|turn|5
|j| Hisuian Magikarp 1
|
|t:|1655428536
|switch|p2a: Mandibuzz|Mandibuzz, F|100/100
|move|p1a: Excadrill|Earthquake|p2a: Mandibuzz
|-immune|p2a: Mandibuzz
|
|-weather|Sandstorm|[upkeep]
|upkeep
|turn|6
|c|☆quixana|4got the zone
|c|☆quixana|gg
|
|t:|1655428548
|switch|p1a: Clefable|Clefable, F|100/100
|move|p2a: Mandibuzz|Defog|p1a: Clefable
|-unboost|p1a: Clefable|evasion|1
|-sideend|p2: 2(H2O)-Alt|Stealth Rock|[from] move: Defog|[of] p2a: Mandibuzz
|
|-weather|Sandstorm|[upkeep]
|upkeep
|turn|7
|
|t:|1655428553
|switch|p2a: Magnezone|Magnezone|100/100
|move|p1a: Clefable|Calm Mind|p1a: Clefable
|-boost|p1a: Clefable|spa|1
|-boost|p1a: Clefable|spd|1
|
|-weather|none
|upkeep
|turn|8
|c|☆2(H2O)-Alt|gg
|j| IceGuysFinishLast
|
|t:|1655428564
|switch|p1a: Toxapex|Toxapex, M|100/100
|move|p2a: Magnezone|Flash Cannon|p1a: Toxapex
|-resisted|p1a: Toxapex
|-damage|p1a: Toxapex|91/100
|
|upkeep
|turn|9
|
|t:|1655428574
|switch|p2a: Landorus|Landorus-Therian, M|84/100
|-ability|p2a: Landorus|Intimidate|boost
|-unboost|p1a: Toxapex|atk|1
|move|p1a: Toxapex|Light Screen|p1a: Toxapex
|-sidestart|p1: quixana|move: Light Screen
|
|-heal|p2a: Landorus|90/100|[from] item: Leftovers
|upkeep
|turn|10
|
|t:|1655428581
|switch|p1a: Clefable|Clefable, F|100/100
|move|p2a: Landorus|U-turn|p1a: Clefable
|-resisted|p1a: Clefable
|-damage|p1a: Clefable|92/100
|
|t:|1655428586
|switch|p2a: Kartana|Kartana|100/100|[from]move: U-turn
|
|upkeep
|turn|11
|
|t:|1655428594
|switch|p1a: Toxapex|Toxapex, M|100/100
|move|p2a: Kartana|Leaf Blade|p1a: Toxapex
|-damage|p1a: Toxapex|34/100
|
|upkeep
|turn|12
|
|t:|1655428609
|move|p2a: Kartana|Leaf Blade|p1a: Toxapex
|-damage|p1a: Toxapex|0 fnt
|faint|p1a: Toxapex
|-ability|p2a: Kartana|Beast Boost|boost
|-boost|p2a: Kartana|atk|1
|
|upkeep
|-message|quixana forfeited.
|
|win|2(H2O)-Alt
|raw|quixana's rating: 1709 &rarr; <strong>1688</strong><br />(-21 for losing)
|raw|2(H2O)-Alt's rating: 1693 &rarr; <strong>1714</strong><br />(+21 for winning)
|l|☆quixana
|c|☆2(H2O)-Alt|well played
||Ladder isn't responding, score probably updated but might not have (Request timeout).
