|raw|<div class="broadcast-blue"><strong>This battle is required to be public due to a player having a name starting with 'lt92pf'.</div>
|j|☆LT92PF cry
|j|☆Bunch24
|t:|1660087531
|gametype|singles
|player|p1|LT92PF cry|265|1790
|player|p2|Bunch24|169|1784
|teamsize|p1|6
|teamsize|p2|6
|gen|8
|tier|[Gen 8] OU
|rated|
|rule|Sleep Clause Mod: Limit one foe put to sleep
|rule|Species Clause: Limit one of each Pokémon
|rule|OHKO Clause: OHKO moves are banned
|rule|Evasion Items Clause: Evasion items are banned
|rule|Evasion Moves Clause: Evasion moves are banned
|rule|Endless Battle Clause: Forcing endless battles is banned
|rule|HP Percentage Mod: HP is shown in percentages
|rule|Dynamax Clause: You cannot dynamax
|clearpoke
|poke|p1|Garchomp, F|
|poke|p1|Volcarona, M|
|poke|p1|Tapu Fini|
|poke|p1|Hawlucha, M|
|poke|p1|Landorus-Therian, M|
|poke|p1|Kartana|
|poke|p2|Clefable, M|
|poke|p2|Dragonite, F|
|poke|p2|Tapu Bulu|
|poke|p2|Hippowdon, M|
|poke|p2|Excadrill, M|
|poke|p2|Seismitoad, F|
|teampreview
|inactive|Battle timer is ON: inactive players will automatically lose when time's up. (requested by LT92PF cry)
|
|t:|1660087561
|start
|switch|p1a: Landorus|Landorus-Therian, M|100/100
|switch|p2a: Dragonite|Dragonite, F|100/100
|-ability|p1a: Landorus|Intimidate|boost
|-unboost|p2a: Dragonite|atk|1
|turn|1
|
|t:|1660087569
|move|p1a: Landorus|Toxic|p2a: Dragonite
|-status|p2a: Dragonite|tox
|move|p2a: Dragonite|Ice Beam|p1a: Landorus
|-supereffective|p1a: Landorus
|-damage|p1a: Landorus|26/100
|-status|p1a: Landorus|frz
|
|-heal|p1a: Landorus|32/100 frz|[from] item: Leftovers
|-damage|p2a: Dragonite|94/100 tox|[from] psn
|upkeep
|turn|2
|
|t:|1660087574
|switch|p2a: Seismitoad|Seismitoad, F|100/100
|cant|p1a: Landorus|frz
|
|-heal|p1a: Landorus|38/100 frz|[from] item: Leftovers
|upkeep
|turn|3
|
|t:|1660087587
|cant|p1a: Landorus|frz
|move|p2a: Seismitoad|Knock Off|p1a: Landorus
|-damage|p1a: Landorus|24/100 frz
|-enditem|p1a: Landorus|Leftovers|[from] move: Knock Off|[of] p2a: Seismitoad
|
|upkeep
|turn|4
|
|t:|1660087589
|cant|p1a: Landorus|frz
|move|p2a: Seismitoad|Scald|p1a: Landorus
|-supereffective|p1a: Landorus
|-damage|p1a: Landorus|0 fnt
|faint|p1a: Landorus
|
|upkeep
|
|t:|1660087593
|switch|p1a: Kartana|Kartana|100/100
|turn|5
|
|t:|1660087598
|move|p1a: Kartana|Leaf Blade|p2a: Seismitoad
|-supereffective|p2a: Seismitoad
|-crit|p2a: Seismitoad
|-damage|p2a: Seismitoad|0 fnt
|faint|p2a: Seismitoad
|-ability|p1a: Kartana|Beast Boost|boost
|-boost|p1a: Kartana|atk|1
|
|upkeep
|
|t:|1660087601
|switch|p2a: Dragonite|Dragonite, F|94/100 tox
|turn|6
|
|t:|1660087612
|switch|p1a: Tapu Fini|Tapu Fini|100/100
|-fieldstart|move: Misty Terrain|[from] ability: Misty Surge|[of] p1a: Tapu Fini
|move|p2a: Dragonite|Ice Beam|p1a: Tapu Fini
|-resisted|p1a: Tapu Fini
|-damage|p1a: Tapu Fini|91/100
|
|-damage|p2a: Dragonite|88/100 tox|[from] psn
|upkeep
|turn|7
|
|t:|1660087616
|switch|p2a: Tapu Bulu|Tapu Bulu|100/100
|-fieldstart|move: Grassy Terrain|[from] ability: Grassy Surge|[of] p2a: Tapu Bulu
|move|p1a: Tapu Fini|Trick|p2a: Tapu Bulu
|-activate|p1a: Tapu Fini|move: Trick|[of] p2a: Tapu Bulu
|-item|p2a: Tapu Bulu|Choice Scarf|[from] move: Trick
|-item|p1a: Tapu Fini|Assault Vest|[from] move: Trick
|
|-heal|p1a: Tapu Fini|97/100|[from] Grassy Terrain
|upkeep
|turn|8
|
|t:|1660087626
|switch|p2a: Clefable|Clefable, M|100/100
|switch|p1a: Volcarona|Volcarona, M|100/100
|
|upkeep
|turn|9
|
|t:|1660087631
|switch|p2a: Hippowdon|Hippowdon, M|100/100
|-weather|Sandstorm|[from] ability: Sand Stream|[of] p2a: Hippowdon
|move|p1a: Volcarona|Quiver Dance|p1a: Volcarona
|-boost|p1a: Volcarona|spa|1
|-boost|p1a: Volcarona|spd|1
|-boost|p1a: Volcarona|spe|1
|
|-weather|Sandstorm|[upkeep]
|-damage|p1a: Volcarona|94/100|[from] Sandstorm
|-heal|p1a: Volcarona|100/100|[from] Grassy Terrain
|upkeep
|turn|10
|
|t:|1660087639
|move|p1a: Volcarona|Fire Blast|p2a: Hippowdon
|-damage|p2a: Hippowdon|6/100
|-damage|p1a: Volcarona|91/100|[from] item: Life Orb
|move|p2a: Hippowdon|Toxic|p1a: Volcarona
|-status|p1a: Volcarona|tox
|
|-weather|Sandstorm|[upkeep]
|-damage|p1a: Volcarona|84/100 tox|[from] Sandstorm
|-heal|p1a: Volcarona|91/100 tox|[from] Grassy Terrain
|-heal|p2a: Hippowdon|13/100|[from] Grassy Terrain
|-heal|p2a: Hippowdon|19/100|[from] item: Leftovers
|-damage|p1a: Volcarona|84/100 tox|[from] psn
|upkeep
|turn|11
|
|t:|1660087650
|move|p1a: Volcarona|Bug Buzz|p2a: Hippowdon
|-damage|p2a: Hippowdon|0 fnt
|faint|p2a: Hippowdon
|-damage|p1a: Volcarona|74/100 tox|[from] item: Life Orb
|
|-weather|Sandstorm|[upkeep]
|-damage|p1a: Volcarona|68/100 tox|[from] Sandstorm
|-heal|p1a: Volcarona|74/100 tox|[from] Grassy Terrain
|-damage|p1a: Volcarona|62/100 tox|[from] psn
|-fieldend|move: Grassy Terrain
|upkeep
|
|t:|1660087653
|switch|p2a: Excadrill|Excadrill, M|100/100
|turn|12
|
|t:|1660087665
|move|p2a: Excadrill|Rock Slide|p1a: Volcarona
|-supereffective|p1a: Volcarona
|-damage|p1a: Volcarona|0 fnt
|faint|p1a: Volcarona
|
|-weather|Sandstorm|[upkeep]
|upkeep
|
|t:|1660087667
|switch|p1a: Garchomp|Garchomp, F|100/100
|turn|13
|
|t:|1660087672
|move|p2a: Excadrill|Iron Head|p1a: Garchomp
|-damage|p1a: Garchomp|56/100
|-damage|p2a: Excadrill|88/100|[from] ability: Rough Skin|[of] p1a: Garchomp
|move|p1a: Garchomp|Swords Dance|p1a: Garchomp
|-boost|p1a: Garchomp|atk|2
|
|-weather|none
|-heal|p2a: Excadrill|94/100|[from] item: Leftovers
|upkeep
|turn|14
|
|t:|1660087676
|switch|p2a: Tapu Bulu|Tapu Bulu|100/100
|-fieldstart|move: Grassy Terrain|[from] ability: Grassy Surge|[of] p2a: Tapu Bulu
|move|p1a: Garchomp|Earthquake|p2a: Tapu Bulu
|-resisted|p2a: Tapu Bulu
|-damage|p2a: Tapu Bulu|72/100
|-damage|p1a: Garchomp|46/100|[from] item: Life Orb
|
|-heal|p2a: Tapu Bulu|78/100|[from] Grassy Terrain
|-heal|p1a: Garchomp|52/100|[from] Grassy Terrain
|upkeep
|turn|15
|
|t:|1660087679
|move|p2a: Tapu Bulu|Horn Leech|p1a: Garchomp
|-damage|p1a: Garchomp|7/100
|-heal|p2a: Tapu Bulu|100/100|[from] drain|[of] p1a: Garchomp
|-damage|p2a: Tapu Bulu|88/100|[from] ability: Rough Skin|[of] p1a: Garchomp
|move|p1a: Garchomp|Aerial Ace|p2a: Tapu Bulu
|-supereffective|p2a: Tapu Bulu
|-damage|p2a: Tapu Bulu|0 fnt
|faint|p2a: Tapu Bulu
|-damage|p1a: Garchomp|0 fnt|[from] item: Life Orb
|faint|p1a: Garchomp
|
|upkeep
|
|t:|1660087687
|switch|p1a: Hawlucha|Hawlucha, M|100/100
|switch|p2a: Clefable|Clefable, M|100/100
|turn|16
|
|t:|1660087690
|switch|p1a: Tapu Fini|Tapu Fini|97/100
|-fieldstart|move: Misty Terrain|[from] ability: Misty Surge|[of] p1a: Tapu Fini
|move|p2a: Clefable|Moonblast|p1a: Tapu Fini
|-damage|p1a: Tapu Fini|71/100
|-unboost|p1a: Tapu Fini|spa|1
|
|upkeep
|turn|17
|
|t:|1660087696
|switch|p1a: Hawlucha|Hawlucha, M|100/100
|-enditem|p1a: Hawlucha|Misty Seed
|-boost|p1a: Hawlucha|spd|1|[from] item: Misty Seed
|move|p2a: Clefable|Moonblast|p1a: Hawlucha
|-supereffective|p1a: Hawlucha
|-damage|p1a: Hawlucha|29/100
|-unboost|p1a: Hawlucha|spa|1
|
|upkeep
|turn|18
|
|t:|1660087698
|move|p1a: Hawlucha|Acrobatics|p2a: Clefable
|-damage|p2a: Clefable|63/100
|move|p2a: Clefable|Moonblast|p1a: Hawlucha
|-supereffective|p1a: Hawlucha
|-damage|p1a: Hawlucha|0 fnt
|faint|p1a: Hawlucha
|
|upkeep
|
|t:|1660087701
|switch|p1a: Kartana|Kartana|100/100
|turn|19
|
|t:|1660087708
|switch|p2a: Dragonite|Dragonite, F|88/100 tox
|move|p1a: Kartana|Leaf Blade|p2a: Dragonite
|-resisted|p2a: Dragonite
|-damage|p2a: Dragonite|78/100 tox
|
|-damage|p2a: Dragonite|72/100 tox|[from] psn
|upkeep
|turn|20
|
|t:|1660087711
|switch|p1a: Tapu Fini|Tapu Fini|71/100
|move|p2a: Dragonite|Roost|p2a: Dragonite
|-heal|p2a: Dragonite|100/100 tox
|-singleturn|p2a: Dragonite|move: Roost
|
|-damage|p2a: Dragonite|88/100 tox|[from] psn
|-fieldend|Misty Terrain
|upkeep
|turn|21
|
|t:|1660087720
|move|p1a: Tapu Fini|Moonblast|p2a: Dragonite
|-supereffective|p2a: Dragonite
|-damage|p2a: Dragonite|10/100 tox
|move|p2a: Dragonite|Ice Beam|p1a: Tapu Fini
|-resisted|p1a: Tapu Fini
|-damage|p1a: Tapu Fini|64/100
|
|-damage|p2a: Dragonite|0 fnt|[from] psn
|faint|p2a: Dragonite
|upkeep
|
|t:|1660087727
|switch|p2a: Clefable|Clefable, M|63/100
|turn|22
|
|t:|1660087730
|move|p1a: Tapu Fini|Moonblast|p2a: Clefable
|-damage|p2a: Clefable|27/100
|move|p2a: Clefable|Thunder|p1a: Tapu Fini
|-supereffective|p1a: Tapu Fini
|-damage|p1a: Tapu Fini|24/100
|-status|p1a: Tapu Fini|par
|
|upkeep
|turn|23
|
|t:|1660087733
|switch|p1a: Kartana|Kartana|100/100
|move|p2a: Clefable|Soft-Boiled|p2a: Clefable
|-heal|p2a: Clefable|77/100
|
|upkeep
|turn|24
|
|t:|1660087737
|move|p1a: Kartana|Leaf Blade|p2a: Clefable
|-damage|p2a: Clefable|28/100
|move|p2a: Clefable|Thunder|p1a: Kartana
|-resisted|p1a: Kartana
|-damage|p1a: Kartana|52/100
|
|upkeep
|turn|25
|
|t:|1660087741
|move|p1a: Kartana|Leaf Blade|p2a: Clefable
|-damage|p2a: Clefable|0 fnt
|faint|p2a: Clefable
|-ability|p1a: Kartana|Beast Boost|boost
|-boost|p1a: Kartana|atk|1
|
|upkeep
|
|t:|1660087743
|switch|p2a: Excadrill|Excadrill, M|94/100
|turn|26
|
|t:|1660087746
|move|p1a: Kartana|Leaf Blade|p2a: Excadrill
|-damage|p2a: Excadrill|0 fnt
|faint|p2a: Excadrill
|
|win|LT92PF cry
|raw|LT92PF cry's rating: 1790 &rarr; <strong>1810</strong><br />(+20 for winning)
|raw|Bunch24's rating: 1784 &rarr; <strong>1764</strong><br />(-20 for losing)
|l|☆LT92PF cry
