|j|☆Draco09876
|j|☆ho only but fast
|t:|1610337209
|player|p1|Draco09876|266|1699
|player|p2|ho only but fast|265|1653
|teamsize|p1|6
|teamsize|p2|6
|gametype|singles
|gen|8
|tier|[Gen 8] OU
|rated|
|clearpoke
|poke|p1|Toxtricity, M|
|poke|p1|Hydreigon, F|
|poke|p1|Landorus-Therian, M|
|poke|p1|Clefable, M|
|poke|p1|Dragapult, F|
|poke|p1|Mandibuzz, F|
|poke|p2|Polteageist|
|poke|p2|Indeedee, M|
|poke|p2|Hawlucha, M|
|poke|p2|Kyurem|
|poke|p2|Rotom-Wash|
|poke|p2|Bisharp, F|
|rule|Sleep Clause Mod: Limit one foe put to sleep
|rule|Species Clause: Limit one of each Pokémon
|rule|OHKO Clause: OHKO moves are banned
|rule|Evasion Moves Clause: Evasion moves are banned
|rule|Endless Battle Clause: Forcing endless battles is banned
|rule|HP Percentage Mod: HP is shown in percentages
|rule|Dynamax Clause: You cannot dynamax
|teampreview
|j| Congwuyu
|inactive|Battle timer is ON: inactive players will automatically lose when time's up. (requested by Draco09876)
|j| Devon
|inactive|ho only but fast has 120 seconds left.
|
|t:|1610337265
|start
|switch|p1a: Clefable|Clefable, M|100/100
|switch|p2a: Kyurem|Kyurem|100/100
|-ability|p2a: Kyurem|Pressure
|turn|1
|
|t:|1610337285
|move|p2a: Kyurem|Freeze-Dry|p1a: Clefable
|-damage|p1a: Clefable|65/100
|move|p1a: Clefable|Thunder Wave|p2a: Kyurem|[miss]
|-miss|p1a: Clefable|p2a: Kyurem
|
|upkeep
|turn|2
|
|t:|1610337291
|move|p2a: Kyurem|Freeze-Dry|p1a: Clefable
|-damage|p1a: Clefable|24/100
|move|p1a: Clefable|Soft-Boiled|p1a: Clefable
|-heal|p1a: Clefable|74/100
|
|upkeep
|turn|3
|
|t:|1610337295
|move|p2a: Kyurem|Freeze-Dry|p1a: Clefable
|-damage|p1a: Clefable|30/100
|move|p1a: Clefable|Thunder Wave|p2a: Kyurem|[miss]
|-miss|p1a: Clefable|p2a: Kyurem
|
|upkeep
|turn|4
|c|☆ho only but fast|gg
|c|☆Draco09876|bro, wtf
|c|☆ho only but fast|whats up?
|c|☆Draco09876|like
|c|☆Draco09876|missing 2
|c|☆Draco09876|in a row
|inactive|Draco09876 has 120 seconds left.
|c|☆ho only but fast|oh
|c|☆Draco09876|90% accuracy moves miss at the worst times
|c|☆ho only but fast|ye
|
|t:|1610337337
|move|p2a: Kyurem|Freeze-Dry|p1a: Clefable
|-damage|p1a: Clefable|0 fnt
|faint|p1a: Clefable
|
|upkeep
|
|t:|1610337342
|switch|p1a: Toxtricity|Toxtricity, M|100/100
|turn|5
|
|t:|1610337349
|move|p2a: Kyurem|Earth Power|p1a: Toxtricity
|-supereffective|p1a: Toxtricity
|-damage|p1a: Toxtricity|0 fnt
|faint|p1a: Toxtricity
|
|upkeep
|
|t:|1610337354
|switch|p1a: Dragapult|Dragapult, F|100/100
|turn|6
|
|t:|1610337360
|switch|p2a: Indeedee|Indeedee, M|100/100
|-fieldstart|move: Psychic Terrain|[from] ability: Psychic Surge|[of] p2a: Indeedee
|move|p1a: Dragapult|Dragon Darts|p2a: Indeedee
|-damage|p2a: Indeedee|72/100
|-anim|p1a: Dragapult|Dragon Darts|p2a: Indeedee
|-damage|p2a: Indeedee|47/100
|
|upkeep
|turn|7
|
|t:|1610337372
|switch|p1a: Hydreigon|Hydreigon, F|100/100
|switch|p2a: Bisharp|Bisharp, F|100/100
|
|upkeep
|turn|8
|
|t:|1610337377
|move|p1a: Hydreigon|Earth Power|p2a: Bisharp
|-supereffective|p2a: Bisharp
|-damage|p2a: Bisharp|0 fnt
|faint|p2a: Bisharp
|
|upkeep
|
|t:|1610337384
|switch|p2a: Kyurem|Kyurem|100/100
|-ability|p2a: Kyurem|Pressure
|turn|9
|
|t:|1610337389
|move|p1a: Hydreigon|Draco Meteor|p2a: Kyurem
|-supereffective|p2a: Kyurem
|-damage|p2a: Kyurem|0 fnt
|-unboost|p1a: Hydreigon|spa|2
|faint|p2a: Kyurem
|
|upkeep
|
|t:|1610337393
|switch|p2a: Hawlucha|Hawlucha, M|100/100
|-enditem|p2a: Hawlucha|Psychic Seed
|-boost|p2a: Hawlucha|spd|1|[from] item: Psychic Seed
|turn|10
|
|t:|1610337397
|switch|p1a: Landorus|Landorus-Therian, M|100/100
|-ability|p1a: Landorus|Intimidate|boost
|-unboost|p2a: Hawlucha|atk|1
|move|p2a: Hawlucha|Swords Dance|p2a: Hawlucha
|-boost|p2a: Hawlucha|atk|2
|
|upkeep
|turn|11
|
|t:|1610337402
|move|p2a: Hawlucha|Taunt|p1a: Landorus
|-start|p1a: Landorus|move: Taunt
|cant|p1a: Landorus|move: Taunt|Toxic
|
|upkeep
|turn|12
|
|t:|1610337411
|switch|p1a: Mandibuzz|Mandibuzz, F|100/100
|move|p2a: Hawlucha|Swords Dance|p2a: Hawlucha
|-boost|p2a: Hawlucha|atk|2
|
|upkeep
|turn|13
|
|t:|1610337415
|switch|p1a: Landorus|Landorus-Therian, M|100/100
|-ability|p1a: Landorus|Intimidate|boost
|-unboost|p2a: Hawlucha|atk|1
|move|p2a: Hawlucha|Close Combat|p1a: Landorus
|-resisted|p1a: Landorus
|-damage|p1a: Landorus|61/100
|-unboost|p2a: Hawlucha|def|1
|-unboost|p2a: Hawlucha|spd|1
|-damage|p2a: Hawlucha|84/100|[from] item: Rocky Helmet|[of] p1a: Landorus
|
|-fieldend|move: Psychic Terrain
|upkeep
|turn|14
|
|t:|1610337424
|move|p2a: Hawlucha|Taunt|p1a: Landorus
|-start|p1a: Landorus|move: Taunt
|move|p1a: Landorus|Knock Off|p2a: Hawlucha
|-resisted|p2a: Hawlucha
|-damage|p2a: Hawlucha|61/100
|
|upkeep
|turn|15
|
|t:|1610337431
|switch|p1a: Dragapult|Dragapult, F|100/100
|move|p2a: Hawlucha|Swords Dance|p2a: Hawlucha
|-boost|p2a: Hawlucha|atk|2
|
|upkeep
|turn|16
|
|t:|1610337435
|switch|p1a: Landorus|Landorus-Therian, M|61/100
|-ability|p1a: Landorus|Intimidate|boost
|-unboost|p2a: Hawlucha|atk|1
|move|p2a: Hawlucha|Acrobatics|p1a: Landorus
|-damage|p1a: Landorus|0 fnt
|-damage|p2a: Hawlucha|45/100|[from] item: Rocky Helmet|[of] p1a: Landorus
|faint|p1a: Landorus
|
|upkeep
|j| Vessev
|
|t:|1610337443
|switch|p1a: Dragapult|Dragapult, F|100/100
|turn|17
|
|t:|1610337447
|move|p2a: Hawlucha|Acrobatics|p1a: Dragapult
|-damage|p1a: Dragapult|0 fnt
|faint|p1a: Dragapult
|
|upkeep
|
|t:|1610337452
|switch|p1a: Hydreigon|Hydreigon, F|100/100
|turn|18
|
|t:|1610337458
|switch|p1a: Mandibuzz|Mandibuzz, F|100/100
|move|p2a: Hawlucha|Close Combat|p1a: Mandibuzz
|-damage|p1a: Mandibuzz|21/100
|-unboost|p2a: Hawlucha|def|1
|-unboost|p2a: Hawlucha|spd|1
|
|upkeep
|turn|19
|c|☆ho only but fast|sp def mandi?
|c|☆ho only but fast|bruh
|c|☆ho only but fast|knock off then?
|
|t:|1610337468
|move|p2a: Hawlucha|Acrobatics|p1a: Mandibuzz
|-damage|p1a: Mandibuzz|0 fnt
|faint|p1a: Mandibuzz
|
|upkeep
|c|☆Draco09876|no, its physical
|c|☆Draco09876|just no point
|c|☆ho only but fast|bro you still had a chance
|inactive|Draco09876 has 120 seconds left.
|c|☆ho only but fast|i threw my kyurem away
|c|☆ho only but fast|because i felt bad for being bad and being rewarded
|c|☆ho only but fast|and you just threw too
|c|☆Draco09876|not really, once that thing started swords dancing
|inactive|Draco09876 has 90 seconds left.
|c|☆Draco09876|i was done
|
|t:|1610337537
|switch|p1a: Hydreigon|Hydreigon, F|100/100
|turn|20
|c|☆ho only but fast|you could kill me
|c|☆ho only but fast|with foul play
|c|☆ho only but fast|if you had it
|c|☆ho only but fast|otherwise it was a gg
|
|t:|1610337547
|move|p2a: Hawlucha|Close Combat|p1a: Hydreigon
|-supereffective|p1a: Hydreigon
|-damage|p1a: Hydreigon|0 fnt
|-unboost|p2a: Hawlucha|def|1
|-unboost|p2a: Hawlucha|spd|1
|faint|p1a: Hydreigon
|
|win|ho only but fast
|c|☆Draco09876|i dont have foul play
|c|☆Draco09876|knock off
|c|☆ho only but fast|oh
|c|☆ho only but fast|then
|c|☆ho only but fast|rip
|l|☆Draco09876
|raw|Draco09876's rating: 1700 &rarr; <strong>1677</strong><br />(-23 for losing)
|raw|ho only but fast's rating: 1653 &rarr; <strong>1676</strong><br />(+23 for winning)
|l| Devon
