|j|☆BigL91
|j|☆largefish
|player|p1|BigL91|petrel|1341
|player|p2|largefish|preschoolerf|1373
|teamsize|p1|6
|teamsize|p2|6
|gametype|singles
|gen|8
|tier|[Gen 8] OU
|rated|
|clearpoke
|poke|p1|Gengar, F|
|poke|p1|Toxapex, F|
|poke|p1|Clefable, M|
|poke|p1|Corviknight, F|
|poke|p1|Jirachi|
|poke|p1|Snorlax, F|
|poke|p2|Bisharp, M|
|poke|p2|Dragapult, F|
|poke|p2|Rotom-Heat|
|poke|p2|Conkeldurr, M|
|poke|p2|Zeraora|
|poke|p2|Hippowdon, F|
|rule|Sleep Clause Mod: Limit one foe put to sleep
|rule|Species Clause: Limit one of each Pokémon
|rule|OHKO Clause: OHKO moves are banned
|rule|Evasion Moves Clause: Evasion moves are banned
|rule|Endless Battle Clause: Forcing endless battles is banned
|rule|HP Percentage Mod: HP is shown in percentages
|rule|Dynamax Clause: You cannot dynamax
|teampreview
|
|start
|switch|p1a: Toxapex|Toxapex, F|100/100
|switch|p2a: Conkeldurr|Conkeldurr, M|100/100
|turn|1
|
|move|p2a: Conkeldurr|Knock Off|p1a: Toxapex
|-damage|p1a: Toxapex|76/100
|-enditem|p1a: Toxapex|Black Sludge|[from] move: Knock Off|[of] p2a: Conkeldurr
|move|p1a: Toxapex|Toxic Spikes|p2a: Conkeldurr
|-sidestart|p2: largefish|move: Toxic Spikes
|
|-status|p2a: Conkeldurr|brn|[from] item: Flame Orb
|upkeep
|turn|2
|
|switch|p1a: Corviknight|Corviknight, F|100/100
|-ability|p1a: Corviknight|Pressure
|move|p2a: Conkeldurr|Facade|p1a: Corviknight
|-resisted|p1a: Corviknight
|-damage|p1a: Corviknight|75/100
|-damage|p2a: Conkeldurr|84/100 brn|[from] item: Rocky Helmet|[of] p1a: Corviknight
|
|-damage|p2a: Conkeldurr|78/100 brn|[from] brn
|upkeep
|turn|3
|
|move|p2a: Conkeldurr|Knock Off|p1a: Corviknight
|-damage|p1a: Corviknight|38/100
|-damage|p2a: Conkeldurr|61/100 brn|[from] item: Rocky Helmet|[of] p1a: Corviknight
|-enditem|p1a: Corviknight|Rocky Helmet|[from] move: Knock Off|[of] p2a: Conkeldurr
|move|p1a: Corviknight|Roost|p1a: Corviknight
|-heal|p1a: Corviknight|88/100
|-singleturn|p1a: Corviknight|move: Roost
|
|-damage|p2a: Conkeldurr|55/100 brn|[from] brn
|upkeep
|turn|4
|
|switch|p2a: Rotom|Rotom-Heat|100/100
|move|p1a: Corviknight|Body Press|p2a: Rotom
|-damage|p2a: Rotom|62/100
|
|upkeep
|turn|5
|
|switch|p1a: Snorlax|Snorlax, F|100/100
|move|p2a: Rotom|Overheat|p1a: Snorlax
|-damage|p1a: Snorlax|88/100
|-unboost|p2a: Rotom|spa|2
|
|-heal|p1a: Snorlax|94/100|[from] item: Leftovers
|upkeep
|turn|6
|
|switch|p1a: Gengar|Gengar, F|100/100
|move|p2a: Rotom|Defog|p1a: Gengar
|-unboost|p1a: Gengar|evasion|1
|-sideend|p2: largefish|Toxic Spikes|[from] move: Defog|[of] p2a: Rotom
|
|upkeep
|turn|7
|
|move|p1a: Gengar|Substitute|p1a: Gengar
|-start|p1a: Gengar|Substitute
|-damage|p1a: Gengar|76/100
|move|p2a: Rotom|Volt Switch|p1a: Gengar
|-end|p1a: Gengar|Substitute
|
|switch|p2a: Dragapult|Dragapult, F|100/100|[from]move: Volt Switch
|
|-heal|p1a: Gengar|82/100|[from] item: Leftovers
|upkeep
|turn|8
|
|switch|p1a: Snorlax|Snorlax, F|94/100
|move|p2a: Dragapult|Draco Meteor|p1a: Snorlax
|-damage|p1a: Snorlax|56/100
|-unboost|p2a: Dragapult|spa|2
|
|-heal|p1a: Snorlax|62/100|[from] item: Leftovers
|upkeep
|turn|9
|
|switch|p2a: Conkeldurr|Conkeldurr, M|55/100 brn
|move|p1a: Snorlax|Body Slam|p2a: Conkeldurr
|-damage|p2a: Conkeldurr|21/100 brn
|
|-heal|p1a: Snorlax|68/100|[from] item: Leftovers
|-damage|p2a: Conkeldurr|15/100 brn|[from] brn
|upkeep
|turn|10
|
|switch|p1a: Clefable|Clefable, M|100/100
|move|p2a: Conkeldurr|Knock Off|p1a: Clefable
|-resisted|p1a: Clefable
|-crit|p1a: Clefable
|-damage|p1a: Clefable|51/100
|-enditem|p1a: Clefable|Leftovers|[from] move: Knock Off|[of] p2a: Conkeldurr
|
|-damage|p2a: Conkeldurr|9/100 brn|[from] brn
|upkeep
|turn|11
|
|switch|p2a: Bisharp|Bisharp, M|100/100
|switch|p1a: Corviknight|Corviknight, F|88/100
|-ability|p1a: Corviknight|Pressure
|
|upkeep
|turn|12
|
|switch|p2a: Zeraora|Zeraora|100/100
|move|p1a: Corviknight|Body Press|p2a: Zeraora
|-damage|p2a: Zeraora|61/100
|
|upkeep
|turn|13
|
|switch|p1a: Jirachi|Jirachi|100/100
|move|p2a: Zeraora|Plasma Fists|p1a: Jirachi
|-damage|p1a: Jirachi|58/100
|-fieldactivate|move: Ion Deluge
|
|-heal|p1a: Jirachi|64/100|[from] item: Leftovers
|upkeep
|turn|14
|
|move|p2a: Zeraora|Knock Off|p1a: Jirachi
|-supereffective|p1a: Jirachi
|-damage|p1a: Jirachi|0 fnt
|-enditem|p1a: Jirachi|Leftovers|[from] move: Knock Off|[of] p2a: Zeraora
|faint|p1a: Jirachi
|
|upkeep
|
|switch|p1a: Toxapex|Toxapex, F|100/100
|turn|15
|
|move|p2a: Zeraora|Plasma Fists|p1a: Toxapex
|-supereffective|p1a: Toxapex
|-damage|p1a: Toxapex|29/100
|-fieldactivate|move: Ion Deluge
|move|p1a: Toxapex|Scald|p2a: Zeraora
|-damage|p2a: Zeraora|40/100
|
|upkeep
|turn|16
|
|move|p2a: Zeraora|Plasma Fists|p1a: Toxapex
|-supereffective|p1a: Toxapex
|-damage|p1a: Toxapex|0 fnt
|-fieldactivate|move: Ion Deluge
|faint|p1a: Toxapex
|
|upkeep
|
|switch|p1a: Clefable|Clefable, M|51/100
|turn|17
|
|move|p2a: Zeraora|Plasma Fists|p1a: Clefable
|-damage|p1a: Clefable|0 fnt
|-fieldactivate|move: Ion Deluge
|faint|p1a: Clefable
|
|upkeep
|
|switch|p1a: Snorlax|Snorlax, F|68/100
|turn|18
|
|move|p2a: Zeraora|Close Combat|p1a: Snorlax
|-supereffective|p1a: Snorlax
|-damage|p1a: Snorlax|0 fnt
|-unboost|p2a: Zeraora|def|1
|-unboost|p2a: Zeraora|spd|1
|faint|p1a: Snorlax
|
|upkeep
|
|switch|p1a: Gengar|Gengar, F|82/100
|turn|19
|
|move|p2a: Zeraora|Knock Off|p1a: Gengar
|-supereffective|p1a: Gengar
|-damage|p1a: Gengar|0 fnt
|-enditem|p1a: Gengar|Leftovers|[from] move: Knock Off|[of] p2a: Zeraora
|faint|p1a: Gengar
|
|upkeep
|
|switch|p1a: Corviknight|Corviknight, F|88/100
|-ability|p1a: Corviknight|Pressure
|turn|20
|
|switch|p2a: Rotom|Rotom-Heat|62/100
|move|p1a: Corviknight|Body Press|p2a: Rotom
|-damage|p2a: Rotom|29/100
|
|upkeep
|turn|21
|
|move|p2a: Rotom|Overheat|p1a: Corviknight
|-supereffective|p1a: Corviknight
|-damage|p1a: Corviknight|0 fnt
|-unboost|p2a: Rotom|spa|2
|faint|p1a: Corviknight
|
|win|largefish
|raw|BigL91's rating: 1341 &rarr; <strong>1323</strong><br />(-18 for losing)
|raw|largefish's rating: 1373 &rarr; <strong>1391</strong><br />(+18 for winning)
|c|☆largefish|gg
|l|☆BigL91
