|j|☆Starfire Scarlet
|j|☆64j3t3hrt3h
|t:|1663875605
|gametype|singles
|player|p1|Starfire Scarlet|caitlin-masters|1747
|player|p2|64j3t3hrt3h|266|1802
|teamsize|p1|6
|teamsize|p2|6
|gen|8
|tier|[Gen 8] OU
|rated|
|rule|Sleep Clause Mod: Limit one foe put to sleep
|rule|Species Clause: Limit one of each Pokémon
|rule|OHKO Clause: OHKO moves are banned
|rule|Evasion Items Clause: Evasion items are banned
|rule|Evasion Moves Clause: Evasion moves are banned
|rule|Endless Battle Clause: Forcing endless battles is banned
|rule|HP Percentage Mod: HP is shown in percentages
|rule|Dynamax Clause: You cannot dynamax
|clearpoke
|poke|p1|Haxorus, M|
|poke|p1|Hydreigon, M|
|poke|p1|Salamence, M|
|poke|p1|Lapras, M|
|poke|p1|Aggron, F|
|poke|p1|Archeops, F|
|poke|p2|Buzzwole|
|poke|p2|Landorus-Therian, M|
|poke|p2|Magnezone|
|poke|p2|Tyranitar, F|
|poke|p2|Tapu Lele|
|poke|p2|Toxapex, M|
|teampreview
|inactive|Battle timer is ON: inactive players will automatically lose when time's up. (requested by Starfire Scarlet)
|
|t:|1663875632
|start
|switch|p1a: Aggron|Aggron, F|100/100
|switch|p2a: Landorus|Landorus-Therian, M|100/100
|-ability|p2a: Landorus|Intimidate|boost
|-unboost|p1a: Aggron|atk|1
|turn|1
|
|t:|1663875638
|move|p2a: Landorus|Earthquake|p1a: Aggron
|-supereffective|p1a: Aggron
|-ability|p1a: Aggron|Sturdy
|-damage|p1a: Aggron|1/100
|move|p1a: Aggron|Stealth Rock|p2a: Landorus
|-sidestart|p2: 64j3t3hrt3h|move: Stealth Rock
|
|upkeep
|turn|2
|
|t:|1663875646
|move|p2a: Landorus|Defog|p1a: Aggron
|-unboost|p1a: Aggron|evasion|1
|-sideend|p2: 64j3t3hrt3h|Stealth Rock|[from] move: Defog|[of] p2a: Landorus
|move|p1a: Aggron|Ice Punch|p2a: Landorus
|-supereffective|p2a: Landorus
|-damage|p2a: Landorus|40/100
|
|-heal|p2a: Landorus|46/100|[from] item: Leftovers
|upkeep
|turn|3
|
|t:|1663875655
|switch|p1a: Salamence|Salamence, M|100/100
|move|p2a: Landorus|Knock Off|p1a: Salamence
|-damage|p1a: Salamence|63/100
|-enditem|p1a: Salamence|Heavy-Duty Boots|[from] move: Knock Off|[of] p2a: Landorus
|
|-heal|p2a: Landorus|52/100|[from] item: Leftovers
|upkeep
|turn|4
|
|t:|1663875665
|switch|p2a: Toxapex|Toxapex, M|100/100
|move|p1a: Salamence|Dragon Dance|p1a: Salamence
|-boost|p1a: Salamence|atk|1
|-boost|p1a: Salamence|spe|1
|
|upkeep
|turn|5
|
|t:|1663875667
|move|p1a: Salamence|Substitute|p1a: Salamence
|-start|p1a: Salamence|Substitute
|-damage|p1a: Salamence|39/100
|move|p2a: Toxapex|Toxic||[still]
|-fail|p2a: Toxapex
|
|upkeep
|turn|6
|
|t:|1663875669
|move|p1a: Salamence|Earthquake|p2a: Toxapex
|-supereffective|p2a: Toxapex
|-damage|p2a: Toxapex|39/100
|move|p2a: Toxapex|Haze|p2a: Toxapex
|-clearallboost
|
|upkeep
|turn|7
|
|t:|1663875678
|switch|p2a: Tyranitar|Tyranitar, F|100/100
|-weather|Sandstorm|[from] ability: Sand Stream|[of] p2a: Tyranitar
|move|p1a: Salamence|Dragon Dance|p1a: Salamence
|-boost|p1a: Salamence|atk|1
|-boost|p1a: Salamence|spe|1
|
|-weather|Sandstorm|[upkeep]
|-damage|p1a: Salamence|33/100|[from] Sandstorm
|upkeep
|turn|8
|
|t:|1663875682
|switch|p2a: Landorus|Landorus-Therian, M|52/100
|-ability|p2a: Landorus|Intimidate|boost
|-immune|p1a: Salamence
|move|p1a: Salamence|Earthquake|p2a: Landorus
|-immune|p2a: Landorus
|
|-weather|Sandstorm|[upkeep]
|-damage|p1a: Salamence|26/100|[from] Sandstorm
|-heal|p2a: Landorus|58/100|[from] item: Leftovers
|upkeep
|turn|9
|
|t:|1663875687
|move|p1a: Salamence|Dragon Dance|p1a: Salamence
|-boost|p1a: Salamence|atk|1
|-boost|p1a: Salamence|spe|1
|move|p2a: Landorus|Knock Off|p1a: Salamence
|-end|p1a: Salamence|Substitute
|
|-weather|Sandstorm|[upkeep]
|-damage|p1a: Salamence|20/100|[from] Sandstorm
|-heal|p2a: Landorus|64/100|[from] item: Leftovers
|upkeep
|turn|10
|j| t-yeu
|
|t:|1663875694
|switch|p2a: Toxapex|Toxapex, M|73/100
|move|p1a: Salamence|Earthquake|p2a: Toxapex
|-supereffective|p2a: Toxapex
|-damage|p2a: Toxapex|0 fnt
|faint|p2a: Toxapex
|-ability|p1a: Salamence|Moxie|boost
|-boost|p1a: Salamence|atk|1
|
|-weather|Sandstorm|[upkeep]
|-damage|p1a: Salamence|14/100|[from] Sandstorm
|upkeep
|
|t:|1663875701
|switch|p2a: Landorus|Landorus-Therian, M|64/100
|-ability|p2a: Landorus|Intimidate|boost
|-unboost|p1a: Salamence|atk|1
|turn|11
|
|t:|1663875703
|move|p1a: Salamence|Dual Wingbeat|p2a: Landorus
|-damage|p2a: Landorus|21/100
|-damage|p2a: Landorus|0 fnt
|faint|p2a: Landorus
|-ability|p1a: Salamence|Moxie|boost
|-boost|p1a: Salamence|atk|1
|-hitcount|p2: Landorus|2
|
|-weather|none
|upkeep
|-message|64j3t3hrt3h forfeited.
|
|win|Starfire Scarlet
|raw|Starfire Scarlet's rating: 1747 &rarr; <strong>1770</strong><br />(+23 for winning)
|raw|64j3t3hrt3h's rating: 1802 &rarr; <strong>1779</strong><br />(-23 for losing)
|l|☆64j3t3hrt3h
