|raw|<div class="broadcast-blue"><strong>This battle is required to be public due to a player having a name prefixed by 'LT71LX'.</div>
|j|☆outz u
|j|☆lt71lx John W
|t:|1597220644
|player|p1|outz u|266|2142
|player|p2|lt71lx John W|teacher|2119
|teamsize|p1|6
|teamsize|p2|6
|gametype|singles
|gen|8
|tier|[Gen 8] OU
|rated|
|clearpoke
|poke|p1|Toxapex, F|
|poke|p1|Clefable, F|
|poke|p1|Corviknight, F|
|poke|p1|Dragapult, M|
|poke|p1|Rotom-Heat|
|poke|p1|Urshifu-*, F|
|poke|p2|Jirachi|
|poke|p2|Clefable, F|
|poke|p2|Ditto|
|poke|p2|Toxapex, M|
|poke|p2|Corviknight, F|
|poke|p2|Blissey, F|
|rule|Sleep Clause Mod: Limit one foe put to sleep
|rule|Species Clause: Limit one of each Pokémon
|rule|OHKO Clause: OHKO moves are banned
|rule|Evasion Moves Clause: Evasion moves are banned
|rule|Endless Battle Clause: Forcing endless battles is banned
|rule|HP Percentage Mod: HP is shown in percentages
|rule|Dynamax Clause: You cannot dynamax
|teampreview
|j| juicelol
|j|+Perish Song ♫
|j| Nathaaan♦
|j| LT71LX Jyt
|j| iarim
|c|☆outz u|hf
|j| LT71LX mal
|j| OUTU Hide And Seek
|j|+Akai Tenshi~♪
|j| Disorient
|j| Lunarr
|j| suckitback
|j| LT71LX Jacked
|j| LT71LX Kappucci
|j| 7tearz
|j| LT71LX JOKERDOG
|j| Bluwing
|l| LT71LX Jacked
|
|t:|1597220670
|start
|switch|p1a: Toxapex|Toxapex, F|100/100
|switch|p2a: Ditto|Ditto, shiny|100/100
|-transform|p2a: Ditto|p1a: Toxapex|[from] ability: Imposter
|turn|1
|c|☆lt71lx John W|u2 dradra
|j| reje
|
|t:|1597220678
|switch|p1a: Clefable|Clefable, F|100/100
|move|p2a: Ditto|Knock Off|p1a: Clefable
|-resisted|p1a: Clefable
|-damage|p1a: Clefable|95/100
|-enditem|p1a: Clefable|Leftovers|[from] move: Knock Off|[of] p2a: Ditto
|
|upkeep
|turn|2
|j| ScumGaang
|l| iarim
|
|t:|1597220692
|switch|p2a: Clefable|Clefable, F|100/100
|move|p1a: Clefable|Stealth Rock|p2a: Clefable
|-sidestart|p2: lt71lx John W|move: Stealth Rock
|
|upkeep
|turn|3
|j| lt71lx empo
|j| Luthier
|j| iarim
|j| lt71lx vaboh
|
|t:|1597220709
|move|p1a: Clefable|Moonblast|p2a: Clefable
|-damage|p2a: Clefable|69/100
|-unboost|p2a: Clefable|spa|1
|move|p2a: Clefable|Stealth Rock|p1a: Clefable
|-sidestart|p1: outz u|move: Stealth Rock
|
|-heal|p2a: Clefable|75/100|[from] item: Leftovers
|upkeep
|turn|4
|j| hjuyttdd
|j| mekanics
|j|+Rencube
|j| tilt buffer
|
|t:|1597220728
|switch|p1a: Toxapex|Toxapex, F|100/100
|-damage|p1a: Toxapex|88/100|[from] Stealth Rock
|move|p2a: Clefable|Moonblast|p1a: Toxapex
|-resisted|p1a: Toxapex
|-damage|p1a: Toxapex|82/100
|
|-heal|p2a: Clefable|81/100|[from] item: Leftovers
|-heal|p1a: Toxapex|88/100|[from] item: Black Sludge
|upkeep
|turn|5
|j| LT71LXMegaVictinii
|j| piyush21
|
|t:|1597220752
|switch|p2a: Ditto|Ditto, shiny|100/100
|-damage|p2a: Ditto|88/100|[from] Stealth Rock
|-transform|p2a: Ditto|p1a: Toxapex|[from] ability: Imposter
|move|p1a: Toxapex|Knock Off|p2a: Ditto
|-damage|p2a: Ditto|76/100
|-enditem|p2a: Ditto|Choice Scarf|[from] move: Knock Off|[of] p1a: Toxapex
|
|-heal|p1a: Toxapex|95/100|[from] item: Black Sludge
|upkeep
|turn|6
|j|@Quite Quiet
|
|t:|1597220757
|move|p2a: Ditto|Knock Off|p1a: Toxapex
|-damage|p1a: Toxapex|83/100
|-enditem|p1a: Toxapex|Black Sludge|[from] move: Knock Off|[of] p2a: Ditto
|move|p1a: Toxapex|Haze|p1a: Toxapex
|-clearallboost
|
|upkeep
|turn|7
|l| lt71lx empo
|j| lt71lx empo
|l|@Quite Quiet
|
|t:|1597220763
|move|p1a: Toxapex|Haze|p1a: Toxapex
|-clearallboost
|move|p2a: Ditto|Knock Off|p1a: Toxapex
|-damage|p1a: Toxapex|76/100
|
|upkeep
|turn|8
|j| LT71LX Rebirth
|
|t:|1597220766
|move|p2a: Ditto|Haze|p2a: Ditto
|-clearallboost
|move|p1a: Toxapex|Haze|p1a: Toxapex
|-clearallboost
|
|upkeep
|turn|9
|j| gadeghh
|
|t:|1597220771
|move|p1a: Toxapex|Haze|p1a: Toxapex
|-clearallboost
|move|p2a: Ditto|Recover|p2a: Ditto
|-heal|p2a: Ditto|100/100
|
|upkeep
|turn|10
|j| sir_up
|
|t:|1597220773
|move|p1a: Toxapex|Haze|p1a: Toxapex
|-clearallboost
|move|p2a: Ditto|Toxic|p1a: Toxapex
|-immune|p1a: Toxapex
|
|upkeep
|turn|11
|j| lt71lx pj
|
|t:|1597220776
|move|p1a: Toxapex|Haze|p1a: Toxapex
|-clearallboost
|move|p2a: Ditto|Knock Off|p1a: Toxapex
|-damage|p1a: Toxapex|69/100
|
|upkeep
|turn|12
|j| Hayburner
|
|t:|1597220779
|move|p2a: Ditto|Haze|p2a: Ditto
|-clearallboost
|move|p1a: Toxapex|Haze|p1a: Toxapex
|-clearallboost
|
|upkeep
|turn|13
|
|t:|1597220781
|move|p1a: Toxapex|Haze|p1a: Toxapex
|-clearallboost
|move|p2a: Ditto|Haze|p2a: Ditto
|-clearallboost
|
|upkeep
|turn|14
|j| 64 squares
|
|t:|1597220785
|move|p1a: Toxapex|Haze|p1a: Toxapex
|-clearallboost
|move|p2a: Ditto|Knock Off|p1a: Toxapex
|-damage|p1a: Toxapex|61/100
|
|upkeep
|turn|15
|
|t:|1597220787
|move|p1a: Toxapex|Knock Off|p2a: Ditto
|-damage|p2a: Ditto|92/100
|move|p2a: Ditto|Haze|p2a: Ditto
|-clearallboost
|
|upkeep
|turn|16
|
|t:|1597220792
|move|p1a: Toxapex|Knock Off|p2a: Ditto
|-damage|p2a: Ditto|85/100
|move|p2a: Ditto|Haze|p2a: Ditto
|-clearallboost
|
|upkeep
|turn|17
|
|t:|1597220794
|move|p1a: Toxapex|Recover|p1a: Toxapex
|-heal|p1a: Toxapex|100/100
|move|p2a: Ditto|Recover|p2a: Ditto
|-heal|p2a: Ditto|100/100
|
|upkeep
|turn|18
|
|t:|1597220799
|move|p1a: Toxapex|Knock Off|p2a: Ditto
|-damage|p2a: Ditto|93/100
|move|p2a: Ditto|Toxic|p1a: Toxapex
|-immune|p1a: Toxapex
|
|upkeep
|turn|19
|
|t:|1597220802
|move|p2a: Ditto|Recover|p2a: Ditto
|-heal|p2a: Ditto|100/100
|move|p1a: Toxapex|Haze|p1a: Toxapex
|-clearallboost
|
|upkeep
|turn|20
|l| Disorient
|j| Waylaid
|j| jefo
|j| LT71LX wd
|l| hjuyttdd
|l| LT71LX wd
|j| LT71LX PK
|j| LT71LX Jacked
|
|t:|1597220839
|move|p2a: Ditto|Toxic|p1a: Toxapex
|-immune|p1a: Toxapex
|move|p1a: Toxapex|Knock Off|p2a: Ditto
|-damage|p2a: Ditto|92/100
|
|upkeep
|turn|21
|
|t:|1597220842
|move|p2a: Ditto|Toxic|p1a: Toxapex
|-immune|p1a: Toxapex
|move|p1a: Toxapex|Haze|p1a: Toxapex
|-clearallboost
|
|upkeep
|turn|22
|
|t:|1597220844
|move|p2a: Ditto|Toxic|p1a: Toxapex
|-immune|p1a: Toxapex
|move|p1a: Toxapex|Haze|p1a: Toxapex
|-clearallboost
|
|upkeep
|turn|23
|j| LT71LX Storm
|
|t:|1597220848
|move|p1a: Toxapex|Haze|p1a: Toxapex
|-clearallboost
|move|p2a: Ditto|Recover|p2a: Ditto
|-heal|p2a: Ditto|100/100
|
|upkeep
|turn|24
|
|t:|1597220852
|move|p1a: Toxapex|Knock Off|p2a: Ditto
|-damage|p2a: Ditto|92/100
|move|p2a: Ditto|Recover|p2a: Ditto
|-heal|p2a: Ditto|100/100
|
|upkeep
|turn|25
|
|t:|1597220854
|switch|p2a: Corviknight|Corviknight, F|100/100
|-damage|p2a: Corviknight|88/100|[from] Stealth Rock
|-ability|p2a: Corviknight|Pressure
|move|p1a: Toxapex|Knock Off|p2a: Corviknight
|-damage|p2a: Corviknight|80/100
|-enditem|p2a: Corviknight|Shed Shell|[from] move: Knock Off|[of] p1a: Toxapex
|
|upkeep
|turn|26
|l| LT71LX Rebirth
|
|t:|1597220862
|switch|p1a: Rotom|Rotom-Heat|100/100
|move|p2a: Corviknight|U-turn|p1a: Rotom
|-resisted|p1a: Rotom
|-damage|p1a: Rotom|92/100
|j| TitoLead
|
|t:|1597220871
|switch|p2a: Clefable|Clefable, F|81/100|[from]move: U-turn
|
|-heal|p2a: Clefable|87/100|[from] item: Leftovers
|upkeep
|turn|27
|
|t:|1597220879
|switch|p1a: Toxapex|Toxapex, F|100/100
|-damage|p1a: Toxapex|88/100|[from] Stealth Rock
|move|p2a: Clefable|Knock Off|p1a: Toxapex
|-crit|p1a: Toxapex
|-damage|p1a: Toxapex|76/100
|
|-heal|p2a: Clefable|93/100|[from] item: Leftovers
|upkeep
|turn|28
|l| lt71lx empo
|
|t:|1597220894
|switch|p2a: Ditto|Ditto, shiny|100/100
|-damage|p2a: Ditto|88/100|[from] Stealth Rock
|-transform|p2a: Ditto|p1a: Toxapex|[from] ability: Imposter
|switch|p1a: Clefable|Clefable, F|95/100
|
|upkeep
|turn|29
|
|t:|1597220898
|switch|p1a: Toxapex|Toxapex, F|100/100
|-damage|p1a: Toxapex|88/100|[from] Stealth Rock
|move|p2a: Ditto|Knock Off|p1a: Toxapex
|-damage|p1a: Toxapex|81/100
|
|upkeep
|turn|30
|j| LT71LX hjkhj
|j| Limited_Toolkit
|
|t:|1597220901
|switch|p1a: Clefable|Clefable, F|95/100
|move|p2a: Ditto|Haze|p2a: Ditto
|-clearallboost
|
|upkeep
|turn|31
|
|t:|1597220903
|switch|p1a: Toxapex|Toxapex, F|100/100
|-damage|p1a: Toxapex|88/100|[from] Stealth Rock
|move|p2a: Ditto|Knock Off|p1a: Toxapex
|-damage|p1a: Toxapex|81/100
|
|upkeep
|turn|32
|
|t:|1597220905
|switch|p1a: Clefable|Clefable, F|95/100
|move|p2a: Ditto|Knock Off|p1a: Clefable
|-resisted|p1a: Clefable
|-damage|p1a: Clefable|92/100
|
|upkeep
|turn|33
|
|t:|1597220907
|switch|p1a: Toxapex|Toxapex, F|100/100
|-damage|p1a: Toxapex|88/100|[from] Stealth Rock
|move|p2a: Ditto|Toxic|p1a: Toxapex
|-immune|p1a: Toxapex
|
|upkeep
|turn|34
|j| fluffy cows
|l| LT71LX mal
|
|t:|1597220909
|switch|p1a: Clefable|Clefable, F|92/100
|move|p2a: Ditto|Recover|p2a: Ditto
|-heal|p2a: Ditto|100/100
|
|upkeep
|turn|35
|
|t:|1597220912
|switch|p1a: Toxapex|Toxapex, F|100/100
|-damage|p1a: Toxapex|88/100|[from] Stealth Rock
|move|p2a: Ditto|Haze|p2a: Ditto
|-clearallboost
|
|upkeep
|turn|36
|
|t:|1597220914
|switch|p2a: Jirachi|Jirachi|100/100
|-damage|p2a: Jirachi|94/100|[from] Stealth Rock
|switch|p1a: Clefable|Clefable, F|92/100
|
|-heal|p2a: Jirachi|100/100|[from] item: Leftovers
|upkeep
|turn|37
|
|t:|1597220928
|switch|p1a: Dragapult|Dragapult, M|100/100
|move|p2a: Jirachi|Ancient Power|p1a: Dragapult
|-damage|p1a: Dragapult|81/100
|
|upkeep
|turn|38
|j| Tninking
|l| 7tearz
|j| 7tearz
|j| Maxance
|
|t:|1597220946
|move|p1a: Dragapult|Thunder Wave|p2a: Jirachi|[miss]
|-miss|p1a: Dragapult|p2a: Jirachi
|move|p2a: Jirachi|Iron Head|p1a: Dragapult
|-damage|p1a: Dragapult|40/100
|
|upkeep
|turn|39
|j| epsilon_xd
|l| lt71lx vaboh
|
|t:|1597220954
|move|p1a: Dragapult|Thunder Wave|p2a: Jirachi|[miss]
|-miss|p1a: Dragapult|p2a: Jirachi
|move|p2a: Jirachi|Thunder|p1a: Dragapult
|-resisted|p1a: Dragapult
|-damage|p1a: Dragapult|23/100
|-status|p1a: Dragapult|par
|
|upkeep
|turn|40
|c|☆outz u|come on
|c| TitoLead|Wow
|l| sir_up
|c|+Akai Tenshi~♪|lmao
|j| jej idiota
|c| mekanics|42
|c| mekanics|wow
|j| LowGxeDoritos
|j| lt71lx vaboh
|
|t:|1597220982
|switch|p1a: Corviknight|Corviknight, F|100/100
|-damage|p1a: Corviknight|88/100|[from] Stealth Rock
|-ability|p1a: Corviknight|Pressure
|move|p2a: Jirachi|Ancient Power|p1a: Corviknight
|-damage|p1a: Corviknight|77/100
|
|-heal|p1a: Corviknight|83/100|[from] item: Leftovers
|upkeep
|turn|41
|
|t:|1597220988
|move|p2a: Jirachi|Thunder|p1a: Corviknight
|-supereffective|p1a: Corviknight
|-damage|p1a: Corviknight|48/100
|move|p1a: Corviknight|U-turn|p2a: Jirachi
|-damage|p2a: Jirachi|87/100
|
|t:|1597220991
|switch|p1a: Urshifu|Urshifu, F|100/100|[from]move: U-turn
|-damage|p1a: Urshifu|94/100|[from] Stealth Rock
|
|-heal|p2a: Jirachi|93/100|[from] item: Leftovers
|upkeep
|turn|42
|
|t:|1597220999
|switch|p1a: Clefable|Clefable, F|92/100
|switch|p2a: Toxapex|Toxapex, M|100/100
|-damage|p2a: Toxapex|88/100|[from] Stealth Rock
|
|upkeep
|turn|43
|
|t:|1597221003
|switch|p2a: Jirachi|Jirachi|93/100
|-damage|p2a: Jirachi|87/100|[from] Stealth Rock
|move|p1a: Clefable|Aromatherapy|p1a: Clefable
|-activate|p1a: Clefable|move: Aromatherapy
|-curestatus|p1: Dragapult|par|[msg]
|
|-heal|p2a: Jirachi|93/100|[from] item: Leftovers
|upkeep
|turn|44
|l| Maxance
|
|t:|1597221013
|switch|p1a: Toxapex|Toxapex, F|100/100
|-damage|p1a: Toxapex|88/100|[from] Stealth Rock
|move|p2a: Jirachi|Ancient Power|p1a: Toxapex
|-damage|p1a: Toxapex|78/100
|
|-heal|p2a: Jirachi|99/100|[from] item: Leftovers
|upkeep
|turn|45
|
|t:|1597221018
|switch|p2a: Ditto|Ditto, shiny|100/100
|-damage|p2a: Ditto|88/100|[from] Stealth Rock
|-transform|p2a: Ditto|p1a: Toxapex|[from] ability: Imposter
|move|p1a: Toxapex|Knock Off|p2a: Ditto
|-damage|p2a: Ditto|80/100
|
|upkeep
|turn|46
|j| JeRedAlv
|
|t:|1597221024
|switch|p1a: Clefable|Clefable, F|92/100
|move|p2a: Ditto|Knock Off|p1a: Clefable
|-resisted|p1a: Clefable
|-damage|p1a: Clefable|88/100
|
|upkeep
|turn|47
|
|t:|1597221026
|switch|p1a: Toxapex|Toxapex, F|100/100
|-damage|p1a: Toxapex|88/100|[from] Stealth Rock
|move|p2a: Ditto|Knock Off|p1a: Toxapex
|-damage|p1a: Toxapex|80/100
|
|upkeep
|turn|48
|j| TerrakionSmash
|
|t:|1597221028
|switch|p1a: Clefable|Clefable, F|88/100
|move|p2a: Ditto|Knock Off|p1a: Clefable
|-resisted|p1a: Clefable
|-damage|p1a: Clefable|85/100
|
|upkeep
|turn|49
|
|t:|1597221030
|switch|p1a: Toxapex|Toxapex, F|100/100
|-damage|p1a: Toxapex|88/100|[from] Stealth Rock
|move|p2a: Ditto|Haze|p2a: Ditto
|-clearallboost
|
|upkeep
|turn|50
|
|t:|1597221031
|move|p2a: Ditto|Knock Off|p1a: Toxapex
|-damage|p1a: Toxapex|81/100
|move|p1a: Toxapex|Knock Off|p2a: Ditto
|-damage|p2a: Ditto|72/100
|
|upkeep
|turn|51
|
|t:|1597221034
|switch|p1a: Clefable|Clefable, F|85/100
|move|p2a: Ditto|Recover|p2a: Ditto
|-heal|p2a: Ditto|100/100
|
|upkeep
|turn|52
|l| TerrakionSmash
|j| RBK
|
|t:|1597221038
|switch|p1a: Toxapex|Toxapex, F|100/100
|-damage|p1a: Toxapex|88/100|[from] Stealth Rock
|move|p2a: Ditto|Haze|p2a: Ditto
|-clearallboost
|
|upkeep
|turn|53
|
|t:|1597221041
|switch|p1a: Clefable|Clefable, F|85/100
|move|p2a: Ditto|Toxic|p1a: Clefable
|-status|p1a: Clefable|tox
|
|upkeep
|turn|54
|
|t:|1597221044
|switch|p1a: Toxapex|Toxapex, F|100/100
|-damage|p1a: Toxapex|88/100|[from] Stealth Rock
|move|p2a: Ditto|Haze|p2a: Ditto
|-clearallboost
|
|upkeep
|turn|55
|
|t:|1597221050
|switch|p1a: Clefable|Clefable, F|85/100 tox
|move|p2a: Ditto|Toxic|p1a: Clefable
|-fail|p1a: Clefable|tox
|
|upkeep
|turn|56
|j| IPF
|
|t:|1597221054
|switch|p1a: Toxapex|Toxapex, F|100/100
|-damage|p1a: Toxapex|88/100|[from] Stealth Rock
|move|p2a: Ditto|Haze|p2a: Ditto
|-clearallboost
|
|upkeep
|turn|57
|
|t:|1597221057
|switch|p1a: Clefable|Clefable, F|85/100 tox
|move|p2a: Ditto|Knock Off|p1a: Clefable
|-resisted|p1a: Clefable
|-damage|p1a: Clefable|81/100 tox
|
|upkeep
|turn|58
|
|t:|1597221060
|switch|p1a: Toxapex|Toxapex, F|100/100
|-damage|p1a: Toxapex|88/100|[from] Stealth Rock
|switch|p2a: Clefable|Clefable, F|93/100
|
|-heal|p2a: Clefable|99/100|[from] item: Leftovers
|upkeep
|turn|59
|
|t:|1597221070
|switch|p2a: Ditto|Ditto, shiny|100/100
|-damage|p2a: Ditto|88/100|[from] Stealth Rock
|-transform|p2a: Ditto|p1a: Toxapex|[from] ability: Imposter
|switch|p1a: Corviknight|Corviknight, F|48/100
|-damage|p1a: Corviknight|36/100|[from] Stealth Rock
|-ability|p1a: Corviknight|Pressure
|
|-heal|p1a: Corviknight|42/100|[from] item: Leftovers
|upkeep
|turn|60
|
|t:|1597221074
|move|p1a: Corviknight|Roost|p1a: Corviknight
|-heal|p1a: Corviknight|92/100
|-singleturn|p1a: Corviknight|move: Roost
|move|p2a: Ditto|Knock Off|p1a: Corviknight
|-damage|p1a: Corviknight|80/100
|-enditem|p1a: Corviknight|Leftovers|[from] move: Knock Off|[of] p2a: Ditto
|
|upkeep
|turn|61
|
|t:|1597221079
|switch|p2a: Clefable|Clefable, F|99/100
|move|p1a: Corviknight|Defog|p2a: Clefable
|-unboost|p2a: Clefable|evasion|1
|-sideend|p2: lt71lx John W|Stealth Rock|[from] move: Defog|[of] p1a: Corviknight
|-sideend|p1: outz u|Stealth Rock|[from] move: Defog|[of] p1a: Corviknight
|
|-heal|p2a: Clefable|100/100|[from] item: Leftovers
|upkeep
|turn|62
|
|t:|1597221084
|move|p1a: Corviknight|Brave Bird|p2a: Clefable
|-crit|p2a: Clefable
|-damage|p2a: Clefable|57/100
|-damage|p1a: Corviknight|66/100|[from] Recoil
|move|p2a: Clefable|Stealth Rock|p1a: Corviknight
|-sidestart|p1: outz u|move: Stealth Rock
|
|-heal|p2a: Clefable|63/100|[from] item: Leftovers
|upkeep
|turn|63
|l| epsilon_xd
|
|t:|1597221087
|move|p1a: Corviknight|Defog|p2a: Clefable
|-unboost|p2a: Clefable|evasion|1
|-sideend|p1: outz u|Stealth Rock|[from] move: Defog|[of] p1a: Corviknight
|move|p2a: Clefable|Soft-Boiled|p2a: Clefable
|-heal|p2a: Clefable|100/100
|
|upkeep
|turn|64
|
|t:|1597221089
|move|p1a: Corviknight|Roost|p1a: Corviknight
|-heal|p1a: Corviknight|100/100
|-singleturn|p1a: Corviknight|move: Roost
|move|p2a: Clefable|Stealth Rock|p1a: Corviknight
|-sidestart|p1: outz u|move: Stealth Rock
|
|upkeep
|turn|65
|
|t:|1597221091
|switch|p2a: Corviknight|Corviknight, F|80/100
|-ability|p2a: Corviknight|Pressure
|move|p1a: Corviknight|Defog|p2a: Corviknight
|-unboost|p2a: Corviknight|evasion|1
|-sideend|p1: outz u|Stealth Rock|[from] move: Defog|[of] p1a: Corviknight
|
|upkeep
|turn|66
|
|t:|1597221094
|switch|p2a: Clefable|Clefable, F|100/100
|move|p1a: Corviknight|U-turn|p2a: Clefable
|-resisted|p2a: Clefable
|-damage|p2a: Clefable|95/100
|j| lt71lx bacon
|
|t:|1597221120
|switch|p1a: Rotom|Rotom-Heat|92/100|[from]move: U-turn
|
|-heal|p2a: Clefable|100/100|[from] item: Leftovers
|upkeep
|turn|67
|l| LT71LX Kappucci
|l|+Akai Tenshi~♪
|
|t:|1597221132
|switch|p1a: Corviknight|Corviknight, F|100/100
|-ability|p1a: Corviknight|Pressure
|move|p2a: Clefable|Knock Off|p1a: Corviknight
|-damage|p1a: Corviknight|92/100
|
|upkeep
|turn|68
|j| LT71LX Kappucci
|l| LowGxeDoritos
|
|t:|1597221136
|move|p1a: Corviknight|Brave Bird|p2a: Clefable
|-damage|p2a: Clefable|74/100
|-damage|p1a: Corviknight|83/100|[from] Recoil
|move|p2a: Clefable|Stealth Rock|p1a: Corviknight
|-sidestart|p1: outz u|move: Stealth Rock
|
|-heal|p2a: Clefable|80/100|[from] item: Leftovers
|upkeep
|turn|69
|
|t:|1597221140
|switch|p2a: Ditto|Ditto, shiny|100/100
|-transform|p2a: Ditto|p1a: Corviknight|[from] ability: Imposter
|-ability|p2a: Ditto|Pressure
|move|p1a: Corviknight|Defog|p2a: Ditto
|-unboost|p2a: Ditto|evasion|1
|-sideend|p1: outz u|Stealth Rock|[from] move: Defog|[of] p1a: Corviknight
|
|upkeep
|turn|70
|j| LowGxeDoritos
|
|t:|1597221144
|move|p1a: Corviknight|U-turn|p2a: Ditto
|-resisted|p2a: Ditto
|-damage|p2a: Ditto|96/100
|
|t:|1597221149
|switch|p1a: Rotom|Rotom-Heat|92/100|[from]move: U-turn
|move|p2a: Ditto|U-turn|p1a: Rotom
|-resisted|p1a: Rotom
|-damage|p1a: Rotom|84/100
|
|t:|1597221153
|switch|p2a: Clefable|Clefable, F|80/100|[from]move: U-turn
|
|-heal|p2a: Clefable|86/100|[from] item: Leftovers
|upkeep
|turn|71
|
|t:|1597221157
|switch|p1a: Corviknight|Corviknight, F|83/100
|-ability|p1a: Corviknight|Pressure
|move|p2a: Clefable|Knock Off|p1a: Corviknight
|-damage|p1a: Corviknight|75/100
|
|-heal|p2a: Clefable|92/100|[from] item: Leftovers
|upkeep
|turn|72
|j| KFC Chizza
|
|t:|1597221164
|switch|p2a: Ditto|Ditto, shiny|96/100
|-transform|p2a: Ditto|p1a: Corviknight|[from] ability: Imposter
|-ability|p2a: Ditto|Pressure
|move|p1a: Corviknight|Brave Bird|p2a: Ditto
|-resisted|p2a: Ditto
|-damage|p2a: Ditto|75/100
|-damage|p1a: Corviknight|70/100|[from] Recoil
|
|upkeep
|turn|73
|
|t:|1597221169
|move|p1a: Corviknight|U-turn|p2a: Ditto
|-resisted|p2a: Ditto
|-damage|p2a: Ditto|72/100
|
|t:|1597221174
|switch|p1a: Rotom|Rotom-Heat|84/100|[from]move: U-turn
|move|p2a: Ditto|U-turn|p1a: Rotom
|-resisted|p1a: Rotom
|-damage|p1a: Rotom|77/100
|
|t:|1597221176
|switch|p2a: Clefable|Clefable, F|92/100|[from]move: U-turn
|
|-heal|p2a: Clefable|98/100|[from] item: Leftovers
|upkeep
|turn|74
|inactive|Battle timer is ON: inactive players will automatically lose when time's up. (requested by lt71lx John W)
|
|t:|1597221191
|move|p1a: Rotom|Nasty Plot|p1a: Rotom
|-boost|p1a: Rotom|spa|2
|move|p2a: Clefable|Stealth Rock|p1a: Rotom
|-sidestart|p1: outz u|move: Stealth Rock
|
|-heal|p2a: Clefable|100/100|[from] item: Leftovers
|upkeep
|turn|75
|
|t:|1597221195
|switch|p2a: Blissey|Blissey, F|100/100
|move|p1a: Rotom|Discharge|p2a: Blissey
|-damage|p2a: Blissey|79/100
|
|upkeep
|turn|76
|
|t:|1597221201
|switch|p1a: Corviknight|Corviknight, F|70/100
|-damage|p1a: Corviknight|58/100|[from] Stealth Rock
|-ability|p1a: Corviknight|Pressure
|move|p2a: Blissey|Toxic|p1a: Corviknight
|-immune|p1a: Corviknight
|
|upkeep
|turn|77
|
|t:|1597221205
|switch|p2a: Ditto|Ditto, shiny|72/100
|-transform|p2a: Ditto|p1a: Corviknight|[from] ability: Imposter
|-ability|p2a: Ditto|Pressure
|move|p1a: Corviknight|Roost|p1a: Corviknight
|-heal|p1a: Corviknight|100/100
|-singleturn|p1a: Corviknight|move: Roost
|
|upkeep
|turn|78
|j| LT71LX Niko
|
|t:|1597221211
|move|p2a: Ditto|Roost|p2a: Ditto
|-heal|p2a: Ditto|100/100
|-singleturn|p2a: Ditto|move: Roost
|move|p1a: Corviknight|Defog|p2a: Ditto
|-unboost|p2a: Ditto|evasion|1
|-sideend|p1: outz u|Stealth Rock|[from] move: Defog|[of] p1a: Corviknight
|
|upkeep
|turn|79
|
|t:|1597221214
|move|p2a: Ditto|Brave Bird|p1a: Corviknight
|-resisted|p1a: Corviknight
|-damage|p1a: Corviknight|87/100
|-damage|p2a: Ditto|94/100|[from] Recoil
|move|p1a: Corviknight|U-turn|p2a: Ditto
|-resisted|p2a: Ditto
|-damage|p2a: Ditto|91/100
|l| lt71lx vaboh
|l| tilt buffer
|
|t:|1597221225
|switch|p1a: Rotom|Rotom-Heat|77/100|[from]move: U-turn
|
|upkeep
|turn|80
|
|t:|1597221227
|switch|p2a: Clefable|Clefable, F|100/100
|move|p1a: Rotom|Nasty Plot|p1a: Rotom
|-boost|p1a: Rotom|spa|2
|
|upkeep
|turn|81
|l| iarim
|
|t:|1597221232
|switch|p2a: Blissey|Blissey, F|79/100
|move|p1a: Rotom|Nasty Plot|p1a: Rotom
|-boost|p1a: Rotom|spa|2
|
|upkeep
|turn|82
|l| piyush21
|
|t:|1597221242
|move|p1a: Rotom|Discharge|p2a: Blissey
|-damage|p2a: Blissey|46/100
|move|p2a: Blissey|Soft-Boiled|p2a: Blissey
|-heal|p2a: Blissey|96/100
|
|upkeep
|turn|83
|l| Bluwing
|l|+Rencube
|j| LT71LX wd
|j| marshallwu
|l| 64 squares
|inactive|lt71lx John W has 120 seconds left.
|j| Galacman
|
|t:|1597221275
|move|p1a: Rotom|Discharge|p2a: Blissey
|-damage|p2a: Blissey|62/100
|-status|p2a: Blissey|par
|move|p2a: Blissey|Toxic|p1a: Rotom
|-status|p1a: Rotom|tox
|
|-damage|p1a: Rotom|71/100 tox|[from] psn
|upkeep
|turn|84
|inactive|lt71lx John W has 120 seconds left.
|j| Mandi04
|
|t:|1597221296
|move|p1a: Rotom|Pain Split|p2a: Blissey
|-sethp|p2a: Blissey|46/100 par|[from] move: Pain Split|[silent]
|-sethp|p1a: Rotom|100/100 tox|[from] move: Pain Split
|move|p2a: Blissey|Soft-Boiled|p2a: Blissey
|-heal|p2a: Blissey|96/100 par
|
|-damage|p1a: Rotom|89/100 tox|[from] psn
|upkeep
|turn|85
|
|t:|1597221307
|move|p1a: Rotom|Discharge|p2a: Blissey
|-damage|p2a: Blissey|63/100 par
|move|p2a: Blissey|Teleport|p2a: Blissey
|
|t:|1597221314
|switch|p2a: Ditto|Ditto, shiny|91/100|[from]move: Teleport
|-transform|p2a: Ditto|p1a: Rotom|[from] ability: Imposter
|
|-damage|p1a: Rotom|71/100 tox|[from] psn
|upkeep
|turn|86
|inactive|lt71lx John W has 120 seconds left.
|inactive|outz u has 120 seconds left.
|inactive|lt71lx John W has 90 seconds left.
|
|t:|1597221364
|switch|p1a: Dragapult|Dragapult, M|23/100
|move|p2a: Ditto|Discharge|p1a: Dragapult
|-resisted|p1a: Dragapult
|-damage|p1a: Dragapult|0 fnt
|faint|p1a: Dragapult
|
|upkeep
|
|t:|1597221367
|switch|p1a: Urshifu|Urshifu, F|94/100
|turn|87
|inactive|lt71lx John W has 90 seconds left.
|
|t:|1597221373
|switch|p2a: Toxapex|Toxapex, M|100/100
|move|p1a: Urshifu|Wicked Blow|p2a: Toxapex
|-crit|p2a: Toxapex
|-damage|p2a: Toxapex|36/100
|-damage|p1a: Urshifu|78/100|[from] item: Rocky Helmet|[of] p2a: Toxapex
|
|upkeep
|turn|88
|inactive|outz u has 120 seconds left.
|j| imzosi
|
|t:|1597221391
|switch|p1a: Clefable|Clefable, F|81/100 tox
|switch|p2a: Clefable|Clefable, F|100/100
|
|upkeep
|turn|89
|
|t:|1597221395
|move|p2a: Clefable|Stealth Rock|p1a: Clefable
|-sidestart|p1: outz u|move: Stealth Rock
|move|p1a: Clefable|Aromatherapy|p1a: Clefable
|-activate|p1a: Clefable|move: Aromatherapy
|-curestatus|p1a: Clefable|tox|[msg]
|-curestatus|p1: Rotom|tox|[msg]
|
|upkeep
|turn|90
|
|t:|1597221402
|switch|p2a: Toxapex|Toxapex, M|69/100
|move|p1a: Clefable|Stealth Rock|p2a: Toxapex
|-sidestart|p2: lt71lx John W|move: Stealth Rock
|
|upkeep
|turn|91
|
|t:|1597221407
|switch|p1a: Rotom|Rotom-Heat|71/100
|switch|p2a: Blissey|Blissey, F|63/100
|
|upkeep
|turn|92
|
|t:|1597221412
|switch|p1a: Urshifu|Urshifu, F|78/100
|-damage|p1a: Urshifu|72/100|[from] Stealth Rock
|move|p2a: Blissey|Soft-Boiled|p2a: Blissey
|-heal|p2a: Blissey|100/100
|
|upkeep
|turn|93
|j| OUTU Neymar
|
|t:|1597221416
|switch|p2a: Clefable|Clefable, F|100/100
|move|p1a: Urshifu|Wicked Blow|p2a: Clefable
|-resisted|p2a: Clefable
|-crit|p2a: Clefable
|-damage|p2a: Clefable|62/100
|
|-heal|p2a: Clefable|69/100|[from] item: Leftovers
|upkeep
|turn|94
|l| juicelol
|inactive|lt71lx John W has 120 seconds left.
|
|t:|1597221422
|switch|p1a: Corviknight|Corviknight, F|87/100
|-damage|p1a: Corviknight|74/100|[from] Stealth Rock
|-ability|p1a: Corviknight|Pressure
|move|p2a: Clefable|Soft-Boiled|p2a: Clefable
|-heal|p2a: Clefable|100/100
|
|upkeep
|turn|95
|inactive|lt71lx John W has 120 seconds left.
|
|t:|1597221428
|switch|p2a: Corviknight|Corviknight, F|80/100
|-damage|p2a: Corviknight|67/100|[from] Stealth Rock
|-ability|p2a: Corviknight|Pressure
|move|p1a: Corviknight|Brave Bird|p2a: Corviknight
|-resisted|p2a: Corviknight
|-damage|p2a: Corviknight|56/100
|-damage|p1a: Corviknight|71/100|[from] Recoil
|
|upkeep
|turn|96
|
|t:|1597221432
|move|p2a: Corviknight|Roost|p2a: Corviknight
|-heal|p2a: Corviknight|100/100
|-singleturn|p2a: Corviknight|move: Roost
|move|p1a: Corviknight|U-turn|p2a: Corviknight
|-resisted|p2a: Corviknight
|-damage|p2a: Corviknight|96/100
|
|t:|1597221435
|switch|p1a: Rotom|Rotom-Heat|71/100|[from]move: U-turn
|
|upkeep
|turn|97
|
|t:|1597221439
|switch|p2a: Blissey|Blissey, F|100/100
|move|p1a: Rotom|Nasty Plot|p1a: Rotom
|-boost|p1a: Rotom|spa|2
|
|upkeep
|turn|98
|
|t:|1597221444
|switch|p1a: Corviknight|Corviknight, F|71/100
|-damage|p1a: Corviknight|58/100|[from] Stealth Rock
|-ability|p1a: Corviknight|Pressure
|move|p2a: Blissey|Toxic|p1a: Corviknight
|-immune|p1a: Corviknight
|
|upkeep
|turn|99
|
|t:|1597221449
|move|p1a: Corviknight|Roost|p1a: Corviknight
|-heal|p1a: Corviknight|100/100
|-singleturn|p1a: Corviknight|move: Roost
|move|p2a: Blissey|Seismic Toss|p1a: Corviknight
|-damage|p1a: Corviknight|75/100
|
|upkeep
|turn|100
|l| suckitback
|
|t:|1597221453
|move|p1a: Corviknight|Brave Bird|p2a: Blissey
|-damage|p2a: Blissey|69/100
|-damage|p1a: Corviknight|57/100|[from] Recoil
|move|p2a: Blissey|Seismic Toss|p1a: Corviknight
|-damage|p1a: Corviknight|32/100
|
|upkeep
|turn|101
|
|t:|1597221456
|move|p1a: Corviknight|Roost|p1a: Corviknight
|-heal|p1a: Corviknight|82/100
|-singleturn|p1a: Corviknight|move: Roost
|move|p2a: Blissey|Seismic Toss|p1a: Corviknight
|-damage|p1a: Corviknight|57/100
|
|upkeep
|turn|102
|
|t:|1597221460
|move|p1a: Corviknight|Roost|p1a: Corviknight
|-heal|p1a: Corviknight|100/100
|-singleturn|p1a: Corviknight|move: Roost
|move|p2a: Blissey|Soft-Boiled|p2a: Blissey
|-heal|p2a: Blissey|100/100
|
|upkeep
|turn|103
|
|t:|1597221467
|move|p1a: Corviknight|U-turn|p2a: Blissey
|-damage|p2a: Blissey|88/100
|
|t:|1597221469
|switch|p1a: Toxapex|Toxapex, F|100/100|[from]move: U-turn
|-damage|p1a: Toxapex|88/100|[from] Stealth Rock
|move|p2a: Blissey|Seismic Toss|p1a: Toxapex
|-damage|p1a: Toxapex|55/100
|
|upkeep
|turn|104
|
|t:|1597221477
|switch|p2a: Ditto|Ditto, shiny|91/100
|-damage|p2a: Ditto|78/100|[from] Stealth Rock
|-transform|p2a: Ditto|p1a: Toxapex|[from] ability: Imposter
|switch|p1a: Corviknight|Corviknight, F|100/100
|-damage|p1a: Corviknight|88/100|[from] Stealth Rock
|-ability|p1a: Corviknight|Pressure
|
|upkeep
|turn|105
|l| LT71LX Kappucci
|
|t:|1597221482
|move|p1a: Corviknight|Defog|p2a: Ditto
|-unboost|p2a: Ditto|evasion|1
|-sideend|p2: lt71lx John W|Stealth Rock|[from] move: Defog|[of] p1a: Corviknight
|-sideend|p1: outz u|Stealth Rock|[from] move: Defog|[of] p1a: Corviknight
|move|p2a: Ditto|Recover|p2a: Ditto
|-heal|p2a: Ditto|100/100
|
|upkeep
|turn|106
|
|t:|1597221485
|move|p1a: Corviknight|U-turn|p2a: Ditto
|-resisted|p2a: Ditto
|-damage|p2a: Ditto|94/100
|
|t:|1597221487
|switch|p1a: Clefable|Clefable, F|81/100|[from]move: U-turn
|move|p2a: Ditto|Knock Off|p1a: Clefable
|-resisted|p1a: Clefable
|-damage|p1a: Clefable|78/100
|
|upkeep
|turn|107
|
|t:|1597221490
|switch|p2a: Clefable|Clefable, F|100/100
|move|p1a: Clefable|Stealth Rock|p2a: Clefable
|-sidestart|p2: lt71lx John W|move: Stealth Rock
|
|upkeep
|turn|108
|
|t:|1597221495
|switch|p1a: Rotom|Rotom-Heat|71/100
|move|p2a: Clefable|Stealth Rock|p1a: Rotom
|-sidestart|p1: outz u|move: Stealth Rock
|
|upkeep
|turn|109
|
|t:|1597221499
|move|p1a: Rotom|Nasty Plot|p1a: Rotom
|-boost|p1a: Rotom|spa|2
|move|p2a: Clefable|Knock Off|p1a: Rotom
|-damage|p1a: Rotom|54/100
|-enditem|p1a: Rotom|Heavy-Duty Boots|[from] move: Knock Off|[of] p2a: Clefable
|
|upkeep
|turn|110
|
|t:|1597221504
|switch|p2a: Ditto|Ditto, shiny|100/100
|-damage|p2a: Ditto|88/100|[from] Stealth Rock
|-transform|p2a: Ditto|p1a: Rotom|[from] ability: Imposter
|move|p1a: Rotom|Nasty Plot|p1a: Rotom
|-boost|p1a: Rotom|spa|2
|
|upkeep
|turn|111
|j| AxelStahl
|
|t:|1597221527
|move|p2a: Ditto|Overheat|p1a: Rotom
|-resisted|p1a: Rotom
|-damage|p1a: Rotom|8/100
|-unboost|p2a: Ditto|spa|2
|move|p1a: Rotom|Pain Split|p2a: Ditto
|-sethp|p2a: Ditto|48/100|[from] move: Pain Split|[silent]
|-sethp|p1a: Rotom|48/100|[from] move: Pain Split
|
|upkeep
|turn|112
|inactive|lt71lx John W has 120 seconds left.
|l| AxelStahl
|
|t:|1597221551
|switch|p2a: Jirachi|Jirachi|99/100
|-damage|p2a: Jirachi|93/100|[from] Stealth Rock
|move|p1a: Rotom|Discharge|p2a: Jirachi
|-damage|p2a: Jirachi|22/100
|
|-heal|p2a: Jirachi|28/100|[from] item: Leftovers
|upkeep
|turn|113
|
|t:|1597221559
|move|p1a: Rotom|Overheat|p2a: Jirachi
|-supereffective|p2a: Jirachi
|-damage|p2a: Jirachi|0 fnt
|-unboost|p1a: Rotom|spa|2
|faint|p2a: Jirachi
|
|upkeep
|
|t:|1597221565
|switch|p2a: Blissey|Blissey, F|88/100
|turn|114
|
|t:|1597221574
|move|p1a: Rotom|Pain Split|p2a: Blissey
|-sethp|p2a: Blissey|54/100|[from] move: Pain Split|[silent]
|-sethp|p1a: Rotom|100/100|[from] move: Pain Split
|move|p2a: Blissey|Toxic|p1a: Rotom
|-status|p1a: Rotom|tox
|
|-damage|p1a: Rotom|95/100 tox|[from] psn
|upkeep
|turn|115
|inactive|lt71lx John W has 120 seconds left.
|
|t:|1597221580
|move|p1a: Rotom|Overheat|p2a: Blissey
|-damage|p2a: Blissey|17/100
|-unboost|p1a: Rotom|spa|2
|move|p2a: Blissey|Soft-Boiled|p2a: Blissey
|-heal|p2a: Blissey|67/100
|
|-damage|p1a: Rotom|83/100 tox|[from] psn
|upkeep
|turn|116
|inactive|lt71lx John W has 120 seconds left.
|
|t:|1597221586
|switch|p1a: Clefable|Clefable, F|78/100
|move|p2a: Blissey|Seismic Toss|p1a: Clefable
|-damage|p1a: Clefable|52/100
|
|upkeep
|turn|117
|
|t:|1597221591
|move|p1a: Clefable|Aromatherapy|p1a: Clefable
|-activate|p1a: Clefable|move: Aromatherapy
|-curestatus|p1: Rotom|tox|[msg]
|move|p2a: Blissey|Seismic Toss|p1a: Clefable
|-damage|p1a: Clefable|27/100
|
|upkeep
|turn|118
|
|t:|1597221596
|move|p1a: Clefable|Soft-Boiled|p1a: Clefable
|-heal|p1a: Clefable|77/100
|move|p2a: Blissey|Seismic Toss|p1a: Clefable
|-damage|p1a: Clefable|52/100
|
|upkeep
|turn|119
|
|t:|1597221599
|move|p1a: Clefable|Soft-Boiled|p1a: Clefable
|-heal|p1a: Clefable|100/100
|move|p2a: Blissey|Seismic Toss|p1a: Clefable
|-damage|p1a: Clefable|75/100
|
|upkeep
|turn|120
|
|t:|1597221601
|switch|p1a: Corviknight|Corviknight, F|88/100
|-damage|p1a: Corviknight|75/100|[from] Stealth Rock
|-ability|p1a: Corviknight|Pressure
|move|p2a: Blissey|Seismic Toss|p1a: Corviknight
|-damage|p1a: Corviknight|50/100
|
|upkeep
|turn|121
|
|t:|1597221605
|switch|p2a: Ditto|Ditto, shiny|48/100
|-damage|p2a: Ditto|36/100|[from] Stealth Rock
|-transform|p2a: Ditto|p1a: Corviknight|[from] ability: Imposter
|-ability|p2a: Ditto|Pressure
|move|p1a: Corviknight|Roost|p1a: Corviknight
|-heal|p1a: Corviknight|100/100
|-singleturn|p1a: Corviknight|move: Roost
|
|upkeep
|turn|122
|
|t:|1597221612
|move|p2a: Ditto|Roost|p2a: Ditto
|-heal|p2a: Ditto|86/100
|-singleturn|p2a: Ditto|move: Roost
|move|p1a: Corviknight|Defog|p2a: Ditto
|-unboost|p2a: Ditto|evasion|1
|-sideend|p2: lt71lx John W|Stealth Rock|[from] move: Defog|[of] p1a: Corviknight
|-sideend|p1: outz u|Stealth Rock|[from] move: Defog|[of] p1a: Corviknight
|
|upkeep
|turn|123
|
|t:|1597221615
|switch|p2a: Blissey|Blissey, F|67/100
|move|p1a: Corviknight|U-turn|p2a: Blissey
|-damage|p2a: Blissey|56/100
|
|t:|1597221618
|switch|p1a: Urshifu|Urshifu, F|72/100|[from]move: U-turn
|
|upkeep
|turn|124
|
|t:|1597221625
|switch|p2a: Toxapex|Toxapex, M|100/100
|move|p1a: Urshifu|Iron Head|p2a: Toxapex
|-resisted|p2a: Toxapex
|-damage|p2a: Toxapex|86/100
|-damage|p1a: Urshifu|55/100|[from] item: Rocky Helmet|[of] p2a: Toxapex
|
|upkeep
|turn|125
|
|t:|1597221633
|switch|p1a: Rotom|Rotom-Heat|83/100
|move|p2a: Toxapex|Scald|p1a: Rotom
|-supereffective|p1a: Rotom
|-damage|p1a: Rotom|48/100
|
|upkeep
|turn|126
|
|t:|1597221644
|switch|p1a: Urshifu|Urshifu, F|55/100
|move|p2a: Toxapex|Scald|p1a: Urshifu
|-damage|p1a: Urshifu|34/100
|
|upkeep
|turn|127
|
|t:|1597221650
|switch|p1a: Rotom|Rotom-Heat|48/100
|move|p2a: Toxapex|Scald|p1a: Rotom
|-supereffective|p1a: Rotom
|-damage|p1a: Rotom|14/100
|
|upkeep
|turn|128
|
|t:|1597221655
|switch|p2a: Ditto|Ditto, shiny|86/100
|-transform|p2a: Ditto|p1a: Rotom|[from] ability: Imposter
|move|p1a: Rotom|Pain Split|p2a: Ditto
|-sethp|p2a: Ditto|50/100|[from] move: Pain Split|[silent]
|-sethp|p1a: Rotom|49/100|[from] move: Pain Split
|
|upkeep
|turn|129
|
|t:|1597221675
|switch|p2a: Blissey|Blissey, F|56/100
|move|p1a: Rotom|Nasty Plot|p1a: Rotom
|-boost|p1a: Rotom|spa|2
|
|upkeep
|turn|130
|l| jej idiota
|
|t:|1597221681
|move|p1a: Rotom|Nasty Plot|p1a: Rotom
|-boost|p1a: Rotom|spa|2
|move|p2a: Blissey|Soft-Boiled|p2a: Blissey
|-heal|p2a: Blissey|100/100
|
|upkeep
|turn|131
|
|t:|1597221687
|move|p1a: Rotom|Pain Split|p2a: Blissey
|-sethp|p2a: Blissey|61/100|[from] move: Pain Split|[silent]
|-sethp|p1a: Rotom|100/100|[from] move: Pain Split
|move|p2a: Blissey|Toxic|p1a: Rotom
|-status|p1a: Rotom|tox
|
|-damage|p1a: Rotom|95/100 tox|[from] psn
|upkeep
|turn|132
|j| felix h.
|inactive|lt71lx John W has 120 seconds left.
|
|t:|1597221708
|move|p1a: Rotom|Discharge|p2a: Blissey
|-damage|p2a: Blissey|28/100
|move|p2a: Blissey|Soft-Boiled|p2a: Blissey
|-heal|p2a: Blissey|78/100
|
|-damage|p1a: Rotom|83/100 tox|[from] psn
|upkeep
|turn|133
|inactive|lt71lx John W has 120 seconds left.
|l| felix h.
|
|t:|1597221718
|move|p1a: Rotom|Discharge|p2a: Blissey
|-damage|p2a: Blissey|44/100
|move|p2a: Blissey|Soft-Boiled|p2a: Blissey
|-heal|p2a: Blissey|94/100
|
|-damage|p1a: Rotom|65/100 tox|[from] psn
|upkeep
|turn|134
|
|t:|1597221728
|move|p1a: Rotom|Discharge|p2a: Blissey
|-damage|p2a: Blissey|62/100
|move|p2a: Blissey|Seismic Toss|p1a: Rotom
|-damage|p1a: Rotom|32/100 tox
|
|-damage|p1a: Rotom|8/100 tox|[from] psn
|upkeep
|turn|135
|
|t:|1597221739
|switch|p1a: Clefable|Clefable, F|75/100
|switch|p2a: Ditto|Ditto, shiny|50/100
|-transform|p2a: Ditto|p1a: Clefable|[from] ability: Imposter
|
|upkeep
|turn|136
|inactive|lt71lx John W has 120 seconds left.
|l| LT71LX Jacked
|
|t:|1597221748
|move|p1a: Clefable|Aromatherapy|p1a: Clefable
|-activate|p1a: Clefable|move: Aromatherapy
|-curestatus|p1: Rotom|tox|[msg]
|move|p2a: Ditto|Soft-Boiled|p2a: Ditto
|-heal|p2a: Ditto|99/100
|
|upkeep
|turn|137
|
|t:|1597221754
|switch|p1a: Corviknight|Corviknight, F|100/100
|-ability|p1a: Corviknight|Pressure
|move|p2a: Ditto|Stealth Rock|p1a: Corviknight
|-sidestart|p1: outz u|move: Stealth Rock
|
|upkeep
|turn|138
|l| OUTU Neymar
|
|t:|1597221758
|switch|p2a: Corviknight|Corviknight, F|96/100
|-ability|p2a: Corviknight|Pressure
|move|p1a: Corviknight|Defog|p2a: Corviknight
|-unboost|p2a: Corviknight|evasion|1
|-sideend|p1: outz u|Stealth Rock|[from] move: Defog|[of] p1a: Corviknight
|
|upkeep
|turn|139
|c| jefo|this meta sucks dick
|l| LT71LX PK
|
|t:|1597221765
|move|p1a: Corviknight|U-turn|p2a: Corviknight
|-resisted|p2a: Corviknight
|-damage|p2a: Corviknight|94/100
|
|t:|1597221769
|switch|p1a: Toxapex|Toxapex, F|88/100|[from]move: U-turn
|move|p2a: Corviknight|U-turn|p1a: Toxapex
|-resisted|p1a: Toxapex
|-damage|p1a: Toxapex|83/100
|
|t:|1597221774
|switch|p2a: Clefable|Clefable, F|100/100|[from]move: U-turn
|
|upkeep
|turn|140
|
|t:|1597221781
|move|p2a: Clefable|Moonblast|p1a: Toxapex
|-resisted|p1a: Toxapex
|-damage|p1a: Toxapex|73/100
|move|p1a: Toxapex|Knock Off|p2a: Clefable
|-resisted|p2a: Clefable
|-damage|p2a: Clefable|95/100
|-enditem|p2a: Clefable|Leftovers|[from] move: Knock Off|[of] p1a: Toxapex
|
|upkeep
|turn|141
|
|t:|1597221791
|switch|p1a: Corviknight|Corviknight, F|100/100
|-ability|p1a: Corviknight|Pressure
|move|p2a: Clefable|Stealth Rock|p1a: Corviknight
|-sidestart|p1: outz u|move: Stealth Rock
|
|upkeep
|turn|142
|
|t:|1597221794
|switch|p2a: Corviknight|Corviknight, F|94/100
|-ability|p2a: Corviknight|Pressure
|move|p1a: Corviknight|Defog|p2a: Corviknight
|-unboost|p2a: Corviknight|evasion|1
|-sideend|p1: outz u|Stealth Rock|[from] move: Defog|[of] p1a: Corviknight
|
|upkeep
|turn|143
|
|t:|1597221801
|move|p1a: Corviknight|U-turn|p2a: Corviknight
|-resisted|p2a: Corviknight
|-damage|p2a: Corviknight|92/100
|
|t:|1597221804
|switch|p1a: Toxapex|Toxapex, F|100/100|[from]move: U-turn
|move|p2a: Corviknight|U-turn|p1a: Toxapex
|-resisted|p1a: Toxapex
|-damage|p1a: Toxapex|95/100
|
|t:|1597221806
|switch|p2a: Clefable|Clefable, F|95/100|[from]move: U-turn
|
|upkeep
|turn|144
|l| mekanics
|
|t:|1597221809
|switch|p1a: Corviknight|Corviknight, F|100/100
|-ability|p1a: Corviknight|Pressure
|move|p2a: Clefable|Stealth Rock|p1a: Corviknight
|-sidestart|p1: outz u|move: Stealth Rock
|
|upkeep
|turn|145
|
|t:|1597221815
|switch|p2a: Corviknight|Corviknight, F|92/100
|-ability|p2a: Corviknight|Pressure
|move|p1a: Corviknight|Defog|p2a: Corviknight
|-unboost|p2a: Corviknight|evasion|1
|-sideend|p1: outz u|Stealth Rock|[from] move: Defog|[of] p1a: Corviknight
|
|upkeep
|turn|146
|j| Youtube-Lucurryo
|
|t:|1597221824
|move|p1a: Corviknight|U-turn|p2a: Corviknight
|-resisted|p2a: Corviknight
|-damage|p2a: Corviknight|89/100
|j| Dracomenace
|
|t:|1597221830
|switch|p1a: Toxapex|Toxapex, F|100/100|[from]move: U-turn
|move|p2a: Corviknight|U-turn|p1a: Toxapex
|-resisted|p1a: Toxapex
|-damage|p1a: Toxapex|95/100
|
|t:|1597221832
|switch|p2a: Clefable|Clefable, F|95/100|[from]move: U-turn
|
|upkeep
|turn|147
|
|t:|1597221834
|switch|p1a: Corviknight|Corviknight, F|100/100
|-ability|p1a: Corviknight|Pressure
|move|p2a: Clefable|Knock Off|p1a: Corviknight
|-damage|p1a: Corviknight|92/100
|
|upkeep
|turn|148
|j| infe
|
|t:|1597221843
|move|p1a: Corviknight|Brave Bird|p2a: Clefable
|-damage|p2a: Clefable|65/100
|-damage|p1a: Corviknight|83/100|[from] Recoil
|move|p2a: Clefable|Knock Off|p1a: Corviknight
|-damage|p1a: Corviknight|75/100
|
|upkeep
|turn|149
|
|t:|1597221846
|switch|p1a: Rotom|Rotom-Heat|8/100
|move|p2a: Clefable|Stealth Rock|p1a: Rotom
|-sidestart|p1: outz u|move: Stealth Rock
|
|upkeep
|turn|150
|
|t:|1597221856
|move|p1a: Rotom|Pain Split|p2a: Clefable
|-sethp|p2a: Clefable|36/100|[from] move: Pain Split|[silent]
|-sethp|p1a: Rotom|46/100|[from] move: Pain Split
|move|p2a: Clefable|Moonblast|p1a: Rotom
|-resisted|p1a: Rotom
|-damage|p1a: Rotom|30/100
|
|upkeep
|turn|151
|
|t:|1597221868
|switch|p2a: Ditto|Ditto, shiny|99/100
|-transform|p2a: Ditto|p1a: Rotom|[from] ability: Imposter
|move|p1a: Rotom|Nasty Plot|p1a: Rotom
|-boost|p1a: Rotom|spa|2
|
|upkeep
|turn|152
|
|t:|1597221874
|move|p2a: Ditto|Nasty Plot|p2a: Ditto
|-boost|p2a: Ditto|spa|2
|move|p1a: Rotom|Pain Split|p2a: Ditto
|-sethp|p2a: Ditto|65/100|[from] move: Pain Split|[silent]
|-sethp|p1a: Rotom|64/100|[from] move: Pain Split
|
|upkeep
|turn|153
|l| Mandi04
|
|t:|1597221883
|move|p1a: Rotom|Discharge|p2a: Ditto
|-resisted|p2a: Ditto
|-damage|p2a: Ditto|31/100
|move|p2a: Ditto|Discharge|p1a: Rotom
|-resisted|p1a: Rotom
|-damage|p1a: Rotom|33/100
|
|upkeep
|turn|154
|
|t:|1597221895
|move|p2a: Ditto|Overheat|p1a: Rotom
|-resisted|p1a: Rotom
|-damage|p1a: Rotom|0 fnt
|-unboost|p2a: Ditto|spa|2
|faint|p1a: Rotom
|
|upkeep
|c|☆outz u|not even the tie lol
|c|☆outz u|gg
|-message|outz u forfeited.
|
|win|lt71lx John W
|l| Limited_Toolkit
|raw|outz u's rating: 2143 &rarr; <strong>2121</strong><br />(-22 for losing)
|raw|lt71lx John W's rating: 2119 &rarr; <strong>2141</strong><br />(+22 for winning)
|l| KFC Chizza
|l| infe
|l| JeRedAlv
|l| OUTU Hide And Seek
|l| imzosi
|l| Dracomenace
|l| LT71LX hjkhj
|l| Hayburner
|l| RBK
|l| lt71lx pj
|l|☆outz u
|l|☆lt71lx John W
|l| Nathaaan♦
|l| reje
|l| LT71LX Jyt
|l| LT71LXMegaVictinii
|l| Youtube-Lucurryo
|l| lt71lx bacon
|l|+Perish Song ♫
|j| LT71LX Mix
|l| LT71LX Mix
|j| gogeta29
|l| marshallwu
|l| gogeta29
|l| Galacman
|l| IPF
|l| LT71LX Niko
|j| Trickster7
|l| Trickster7
|j| Sync is Toxic
|l| Sync is Toxic
