|j|☆Criis_38_
|j|☆Therockcena
|t:|1615764290
|player|p1|Criis_38_|102|1280
|player|p2|Therockcena|101|1332
|teamsize|p1|6
|teamsize|p2|6
|gametype|singles
|gen|8
|tier|[Gen 8] OU
|rated|
|clearpoke
|poke|p1|Krookodile, M|
|poke|p1|Sceptile, F|
|poke|p1|Melmetal|
|poke|p1|Tapu Fini|
|poke|p1|Coalossal, M|
|poke|p1|Latias, F|
|poke|p2|Melmetal|
|poke|p2|Tapu Koko|
|poke|p2|Regieleki|
|poke|p2|Slowbro, M|
|poke|p2|Tornadus-Therian, M|
|poke|p2|Raichu-Alola, M|
|rule|Sleep Clause Mod: Limit one foe put to sleep
|rule|Species Clause: Limit one of each Pokémon
|rule|OHKO Clause: OHKO moves are banned
|rule|Evasion Moves Clause: Evasion moves are banned
|rule|Endless Battle Clause: Forcing endless battles is banned
|rule|HP Percentage Mod: HP is shown in percentages
|rule|Dynamax Clause: You cannot dynamax
|teampreview
|inactive|Battle timer is ON: inactive players will automatically lose when time's up. (requested by Therockcena)
|
|t:|1615764305
|start
|switch|p1a: Krookodile|Krookodile, M, shiny|100/100
|switch|p2a: Tapu Koko|Tapu Koko|100/100
|-fieldstart|move: Electric Terrain|[from] ability: Electric Surge|[of] p2a: Tapu Koko
|turn|1
|
|t:|1615764317
|switch|p2a: Slowbro|Slowbro, M|100/100
|move|p1a: Krookodile|Earthquake|p2a: Slowbro
|-damage|p2a: Slowbro|47/100
|-damage|p1a: Krookodile|91/100|[from] item: Life Orb
|
|-heal|p2a: Slowbro|53/100|[from] item: Leftovers
|upkeep
|turn|2
|
|t:|1615764334
|switch|p2a: Tornadus|Tornadus-Therian, M|100/100
|move|p1a: Krookodile|Knock Off|p2a: Tornadus
|-damage|p2a: Tornadus|54/100
|-enditem|p2a: Tornadus|Heavy-Duty Boots|[from] move: Knock Off|[of] p1a: Krookodile
|-damage|p1a: Krookodile|81/100|[from] item: Life Orb
|
|upkeep
|turn|3
|
|t:|1615764347
|switch|p1a: Coalossal|Coalossal, M, shiny|100/100
|move|p2a: Tornadus|Hurricane|p1a: Coalossal
|-resisted|p1a: Coalossal
|-damage|p1a: Coalossal|83/100
|
|upkeep
|turn|4
|
|t:|1615764354
|switch|p2a: Slowbro|Slowbro, M|86/100
|move|p1a: Coalossal|Stealth Rock|p2a: Slowbro
|-sidestart|p2: Therockcena|move: Stealth Rock
|
|-heal|p2a: Slowbro|92/100|[from] item: Leftovers
|upkeep
|turn|5
|
|t:|1615764367
|switch|p1a: Tapu Fini|Tapu Fini|100/100
|-fieldstart|move: Misty Terrain|[from] ability: Misty Surge|[of] p1a: Tapu Fini
|move|p2a: Slowbro|Scald|p1a: Tapu Fini
|-resisted|p1a: Tapu Fini
|-damage|p1a: Tapu Fini|93/100
|
|-heal|p1a: Tapu Fini|99/100|[from] item: Leftovers
|-heal|p2a: Slowbro|98/100|[from] item: Leftovers
|upkeep
|turn|6
|
|t:|1615764374
|move|p1a: Tapu Fini|Whirlpool|p2a: Slowbro
|-resisted|p2a: Slowbro
|-damage|p2a: Slowbro|94/100
|-activate|p2a: Slowbro|move: Whirlpool|[of] p1a: Tapu Fini
|move|p2a: Slowbro|Teleport|p2a: Slowbro
|
|t:|1615764379
|switch|p2a: Tornadus|Tornadus-Therian, M|87/100|[from]move: Teleport
|-damage|p2a: Tornadus|62/100|[from] Stealth Rock
|
|-heal|p1a: Tapu Fini|100/100|[from] item: Leftovers
|upkeep
|turn|7
|
|t:|1615764388
|move|p2a: Tornadus|Defog|p1a: Tapu Fini
|-unboost|p1a: Tapu Fini|evasion|1
|-sideend|p2: Therockcena|Stealth Rock|[from] move: Defog|[of] p2a: Tornadus
|-fieldend|Misty Terrain
|move|p1a: Tapu Fini|Whirlpool|p2a: Tornadus
|-damage|p2a: Tornadus|50/100
|-activate|p2a: Tornadus|move: Whirlpool|[of] p1a: Tapu Fini
|
|-damage|p2a: Tornadus|37/100|[from] move: Whirlpool|[partiallytrapped]
|upkeep
|turn|8
|
|t:|1615764393
|move|p2a: Tornadus|Hurricane|p1a: Tapu Fini
|-damage|p1a: Tapu Fini|74/100
|move|p1a: Tapu Fini|Draining Kiss|p2a: Tornadus
|-damage|p2a: Tornadus|20/100
|-heal|p1a: Tapu Fini|87/100|[from] drain|[of] p2a: Tornadus
|
|-heal|p1a: Tapu Fini|94/100|[from] item: Leftovers
|-damage|p2a: Tornadus|8/100|[from] move: Whirlpool|[partiallytrapped]
|upkeep
|turn|9
|
|t:|1615764398
|move|p2a: Tornadus|Hurricane|p1a: Tapu Fini
|-damage|p1a: Tapu Fini|68/100
|move|p1a: Tapu Fini|Draining Kiss|p2a: Tornadus
|-crit|p2a: Tornadus
|-damage|p2a: Tornadus|0 fnt
|-heal|p1a: Tapu Fini|74/100|[from] drain|[of] p2a: Tornadus
|faint|p2a: Tornadus
|
|-heal|p1a: Tapu Fini|80/100|[from] item: Leftovers
|upkeep
|
|t:|1615764403
|switch|p2a: Tapu Koko|Tapu Koko|100/100
|-fieldstart|move: Electric Terrain|[from] ability: Electric Surge|[of] p2a: Tapu Koko
|turn|10
|
|t:|1615764410
|switch|p1a: Melmetal|Melmetal|100/100
|move|p2a: Tapu Koko|Volt Switch|p1a: Melmetal
|-damage|p1a: Melmetal|75/100
|
|t:|1615764416
|switch|p2a: Regieleki|Regieleki|100/100|[from]move: Volt Switch
|
|upkeep
|turn|11
|
|t:|1615764421
|move|p2a: Regieleki|Volt Switch|p1a: Melmetal
|-damage|p1a: Melmetal|9/100
|
|t:|1615764426
|switch|p2a: Slowbro|Slowbro, M|100/100|[from]move: Volt Switch
|move|p1a: Melmetal|Earthquake|p2a: Slowbro
|-damage|p2a: Slowbro|66/100
|
|-heal|p2a: Slowbro|72/100|[from] item: Leftovers
|upkeep
|turn|12
|
|t:|1615764438
|switch|p1a: Tapu Fini|Tapu Fini|80/100
|-fieldstart|move: Misty Terrain|[from] ability: Misty Surge|[of] p1a: Tapu Fini
|move|p2a: Slowbro|Teleport|p2a: Slowbro
|
|t:|1615764441
|switch|p2a: Tapu Koko|Tapu Koko|100/100|[from]move: Teleport
|-fieldstart|move: Electric Terrain|[from] ability: Electric Surge|[of] p2a: Tapu Koko
|
|-heal|p1a: Tapu Fini|86/100|[from] item: Leftovers
|upkeep
|turn|13
|
|t:|1615764450
|switch|p1a: Latias|Latias, F, shiny|100/100
|move|p2a: Tapu Koko|Volt Switch|p1a: Latias
|-resisted|p1a: Latias
|-damage|p1a: Latias|82/100
|
|t:|1615764454
|switch|p2a: Melmetal|Melmetal|100/100|[from]move: Volt Switch
|
|upkeep
|turn|14
|
|t:|1615764464
|switch|p1a: Coalossal|Coalossal, M, shiny|83/100
|move|p2a: Melmetal|Double Iron Bash|p1a: Coalossal
|-damage|p1a: Coalossal|64/100
|-damage|p1a: Coalossal|46/100
|-hitcount|p1a: Coalossal|2
|
|upkeep
|turn|15
|
|t:|1615764476
|move|p2a: Melmetal|Earthquake|p1a: Coalossal
|-supereffective|p1a: Coalossal
|-damage|p1a: Coalossal|0 fnt
|faint|p1a: Coalossal
|
|upkeep
|
|t:|1615764498
|switch|p1a: Melmetal|Melmetal|9/100
|turn|16
|
|t:|1615764505
|move|p1a: Melmetal|Earthquake|p2a: Melmetal
|-supereffective|p2a: Melmetal
|-damage|p2a: Melmetal|57/100
|move|p2a: Melmetal|Earthquake|p1a: Melmetal
|-supereffective|p1a: Melmetal
|-damage|p1a: Melmetal|0 fnt
|faint|p1a: Melmetal
|
|upkeep
|
|t:|1615764515
|switch|p1a: Latias|Latias, F, shiny|82/100
|turn|17
|
|t:|1615764522
|move|p1a: Latias|Draco Meteor|p2a: Melmetal
|-resisted|p2a: Melmetal
|-damage|p2a: Melmetal|44/100
|-unboost|p1a: Latias|spa|2
|move|p2a: Melmetal|Double Iron Bash|p1a: Latias
|-damage|p1a: Latias|40/100
|-damage|p1a: Latias|0 fnt
|-hitcount|p1a: Latias|2
|faint|p1a: Latias
|
|upkeep
|
|t:|1615764530
|switch|p1a: Krookodile|Krookodile, M, shiny|81/100
|turn|18
|
|t:|1615764542
|move|p1a: Krookodile|Earthquake|p2a: Melmetal
|-supereffective|p2a: Melmetal
|-damage|p2a: Melmetal|0 fnt
|-damage|p1a: Krookodile|71/100|[from] item: Life Orb
|faint|p2a: Melmetal
|-ability|p1a: Krookodile|Moxie|boost
|-boost|p1a: Krookodile|atk|1
|
|upkeep
|
|t:|1615764547
|switch|p2a: Tapu Koko|Tapu Koko|100/100
|turn|19
|
|t:|1615764552
|move|p2a: Tapu Koko|Dazzling Gleam|p1a: Krookodile
|-supereffective|p1a: Krookodile
|-damage|p1a: Krookodile|0 fnt
|faint|p1a: Krookodile
|
|-fieldend|move: Electric Terrain
|upkeep
|
|t:|1615764556
|switch|p1a: Tapu Fini|Tapu Fini|86/100
|-fieldstart|move: Misty Terrain|[from] ability: Misty Surge|[of] p1a: Tapu Fini
|turn|20
|
|t:|1615764563
|switch|p2a: Slowbro|Slowbro, M|100/100
|switch|p1a: Sceptile|Sceptile, F|100/100
|-enditem|p1a: Sceptile|Misty Seed
|-boost|p1a: Sceptile|spd|1|[from] item: Misty Seed
|
|upkeep
|turn|21
|
|t:|1615764570
|move|p1a: Sceptile|Dragon Dance|p1a: Sceptile
|-boost|p1a: Sceptile|atk|1
|-boost|p1a: Sceptile|spe|1
|move|p2a: Slowbro|Teleport|p2a: Slowbro
|
|t:|1615764572
|switch|p2a: Tapu Koko|Tapu Koko|100/100|[from]move: Teleport
|-fieldstart|move: Electric Terrain|[from] ability: Electric Surge|[of] p2a: Tapu Koko
|
|upkeep
|turn|22
|
|t:|1615764578
|move|p1a: Sceptile|Earthquake|p2a: Tapu Koko
|-supereffective|p2a: Tapu Koko
|-damage|p2a: Tapu Koko|0 fnt
|faint|p2a: Tapu Koko
|
|upkeep
|
|t:|1615764581
|switch|p2a: Slowbro|Slowbro, M|100/100
|turn|23
|
|t:|1615764584
|move|p1a: Sceptile|Leaf Blade|p2a: Slowbro
|-supereffective|p2a: Slowbro
|-damage|p2a: Slowbro|16/100
|move|p2a: Slowbro|Ice Beam|p1a: Sceptile
|-supereffective|p1a: Sceptile
|-damage|p1a: Sceptile|64/100
|
|-heal|p2a: Slowbro|22/100|[from] item: Leftovers
|upkeep
|turn|24
|
|t:|1615764590
|move|p1a: Sceptile|Leaf Blade|p2a: Slowbro
|-supereffective|p2a: Slowbro
|-damage|p2a: Slowbro|0 fnt
|faint|p2a: Slowbro
|
|upkeep
|
|t:|1615764600
|switch|p2a: Raichu|Raichu-Alola, M|100/100
|turn|25
|
|t:|1615764603
|move|p1a: Sceptile|Earthquake|p2a: Raichu
|-supereffective|p2a: Raichu
|-damage|p2a: Raichu|0 fnt
|faint|p2a: Raichu
|
|upkeep
|
|t:|1615764605
|switch|p2a: Regieleki|Regieleki|100/100
|turn|26
|
|t:|1615764608
|move|p1a: Sceptile|Earthquake|p2a: Regieleki
|-supereffective|p2a: Regieleki
|-damage|p2a: Regieleki|0 fnt
|faint|p2a: Regieleki
|
|win|Criis_38_
|raw|Criis_38_'s rating: 1270 &rarr; <strong>1289</strong><br />(+19 for winning)
|raw|Therockcena's rating: 1332 &rarr; <strong>1313</strong><br />(-19 for losing)
|l|☆Therockcena
|c|☆Criis_38_|gg
|raw|Criis_38_'s rating: 1271 &rarr; <strong>1300</strong><br />(+29 for winning)
|raw|Therockcena's rating: 1333 &rarr; <strong>1309</strong><br />(-24 for losing)
