|j|☆Spectre Ace
|j|☆Arcangel666
|t:|1664490895
|gametype|singles
|player|p1|Spectre Ace|juggler|1793
|player|p2|Arcangel666|piers|1828
|teamsize|p1|6
|teamsize|p2|6
|gen|8
|tier|[Gen 8] OU
|rated|
|rule|Sleep Clause Mod: Limit one foe put to sleep
|rule|Species Clause: Limit one of each Pokémon
|rule|OHKO Clause: OHKO moves are banned
|rule|Evasion Items Clause: Evasion items are banned
|rule|Evasion Moves Clause: Evasion moves are banned
|rule|Endless Battle Clause: Forcing endless battles is banned
|rule|HP Percentage Mod: HP is shown in percentages
|rule|Dynamax Clause: You cannot dynamax
|clearpoke
|poke|p1|Landorus-Therian, M|
|poke|p1|Ferrothorn, M|
|poke|p1|Volcanion|
|poke|p1|Raichu-Alola, F|
|poke|p1|Tapu Koko|
|poke|p1|Clefable, F|
|poke|p2|Rillaboom, M|
|poke|p2|Regieleki|
|poke|p2|Garchomp, M|
|poke|p2|Melmetal|
|poke|p2|Tapu Fini|
|poke|p2|Zapdos-Galar|
|teampreview
|j| RazorForce21
|
|t:|1664490907
|start
|switch|p1a: Booker|Tapu Koko|100/100
|switch|p2a: Zapdos|Zapdos-Galar, shiny|100/100
|-fieldstart|move: Electric Terrain|[from] ability: Electric Surge|[of] p1a: Booker
|turn|1
|
|t:|1664490912
|switch|p2a: Garchomp|Garchomp, M|100/100
|move|p1a: Booker|U-turn|p2a: Garchomp
|-damage|p2a: Garchomp|88/100
|-damage|p1a: Booker|88/100|[from] ability: Rough Skin|[of] p2a: Garchomp
|-damage|p1a: Booker|72/100|[from] item: Rocky Helmet|[of] p2a: Garchomp
|
|t:|1664490915
|switch|p1a: Clefable|Clefable, F|100/100|[from]move: U-turn
|
|upkeep
|turn|2
|
|t:|1664490922
|switch|p2a: Regieleki|Regieleki, shiny|100/100
|move|p1a: Clefable|Stealth Rock|p2a: Regieleki
|-sidestart|p2: Arcangel666|move: Stealth Rock
|
|upkeep
|turn|3
|
|t:|1664490926
|move|p2a: Regieleki|Rapid Spin|p1a: Clefable
|-damage|p1a: Clefable|91/100
|-boost|p2a: Regieleki|spe|1
|-sideend|p2: Arcangel666|Stealth Rock|[from] move: Rapid Spin|[of] p2a: Regieleki
|move|p1a: Clefable|Moonblast|p2a: Regieleki
|-damage|p2a: Regieleki|36/100
|
|upkeep
|turn|4
|
|t:|1664490929
|switch|p1a: Amadeus|Landorus-Therian, M|100/100
|-ability|p1a: Amadeus|Intimidate|boost
|-unboost|p2a: Regieleki|atk|1
|move|p2a: Regieleki|Volt Switch|p1a: Amadeus
|-immune|p1a: Amadeus
|
|upkeep
|turn|5
|
|t:|1664490936
|switch|p2a: Garchomp|Garchomp, M|88/100
|move|p1a: Amadeus|Toxic|p2a: Garchomp
|-status|p2a: Garchomp|tox
|
|-damage|p2a: Garchomp|82/100 tox|[from] psn
|upkeep
|turn|6
|
|t:|1664490940
|move|p2a: Garchomp|Stealth Rock|p1a: Amadeus
|-sidestart|p1: Spectre Ace|move: Stealth Rock
|move|p1a: Amadeus|Earthquake|p2a: Garchomp
|-damage|p2a: Garchomp|48/100 tox
|
|-damage|p2a: Garchomp|35/100 tox|[from] psn
|upkeep
|turn|7
|
|t:|1664490945
|move|p2a: Garchomp|Toxic|p1a: Amadeus
|-status|p1a: Amadeus|tox
|move|p1a: Amadeus|Defog|p2a: Garchomp
|-unboost|p2a: Garchomp|evasion|1
|-sideend|p1: Spectre Ace|Stealth Rock|[from] move: Defog|[of] p1a: Amadeus
|-fieldend|move: Electric Terrain
|
|-damage|p2a: Garchomp|17/100 tox|[from] psn
|-damage|p1a: Amadeus|94/100 tox|[from] psn
|upkeep
|turn|8
|
|t:|1664490950
|move|p2a: Garchomp|Stealth Rock|p1a: Amadeus
|-sidestart|p1: Spectre Ace|move: Stealth Rock
|move|p1a: Amadeus|Defog|p2a: Garchomp
|-unboost|p2a: Garchomp|evasion|1
|-sideend|p1: Spectre Ace|Stealth Rock|[from] move: Defog|[of] p1a: Amadeus
|
|-heal|p1a: Amadeus|100/100 tox|[from] item: Leftovers
|-damage|p2a: Garchomp|0 fnt|[from] psn
|faint|p2a: Garchomp
|-damage|p1a: Amadeus|88/100 tox|[from] psn
|upkeep
|
|t:|1664490954
|switch|p2a: Zapdos|Zapdos-Galar, shiny|100/100
|turn|9
|
|t:|1664490959
|move|p2a: Zapdos|Brave Bird|p1a: Amadeus
|-damage|p1a: Amadeus|5/100 tox
|-damage|p2a: Zapdos|68/100|[from] Recoil
|move|p1a: Amadeus|U-turn|p2a: Zapdos
|-resisted|p2a: Zapdos
|-damage|p2a: Zapdos|61/100
|
|t:|1664490962
|switch|p1a: Booker|Tapu Koko|72/100|[from]move: U-turn
|-fieldstart|move: Electric Terrain|[from] ability: Electric Surge|[of] p1a: Booker
|
|upkeep
|turn|10
|
|t:|1664490966
|switch|p2a: Rillaboom|Rillaboom, M, shiny|100/100
|-fieldstart|move: Grassy Terrain|[from] ability: Grassy Surge|[of] p2a: Rillaboom
|move|p1a: Booker|U-turn|p2a: Rillaboom
|-supereffective|p2a: Rillaboom
|-damage|p2a: Rillaboom|66/100
|
|t:|1664490970
|switch|p1a: Engine|Volcanion|100/100|[from]move: U-turn
|
|-heal|p2a: Rillaboom|72/100|[from] Grassy Terrain
|upkeep
|turn|11
|
|t:|1664490973
|switch|p2a: Tapu Fini|Tapu Fini, shiny|100/100
|-fieldstart|move: Misty Terrain|[from] ability: Misty Surge|[of] p2a: Tapu Fini
|move|p1a: Engine|Flamethrower|p2a: Tapu Fini
|-resisted|p2a: Tapu Fini
|-damage|p2a: Tapu Fini|86/100
|
|-heal|p2a: Tapu Fini|92/100|[from] item: Leftovers
|upkeep
|turn|12
|
|t:|1664490977
|move|p1a: Engine|Sludge Wave|p2a: Tapu Fini
|-supereffective|p2a: Tapu Fini
|-damage|p2a: Tapu Fini|55/100
|move|p2a: Tapu Fini|Calm Mind|p2a: Tapu Fini
|-boost|p2a: Tapu Fini|spa|1
|-boost|p2a: Tapu Fini|spd|1
|
|-heal|p2a: Tapu Fini|61/100|[from] item: Leftovers
|upkeep
|turn|13
|
|t:|1664490980
|switch|p1a: Booker|Tapu Koko|72/100
|-fieldstart|move: Electric Terrain|[from] ability: Electric Surge|[of] p1a: Booker
|move|p2a: Tapu Fini|Calm Mind|p2a: Tapu Fini
|-boost|p2a: Tapu Fini|spa|1
|-boost|p2a: Tapu Fini|spd|1
|
|-heal|p2a: Tapu Fini|67/100|[from] item: Leftovers
|upkeep
|turn|14
|
|t:|1664490983
|move|p1a: Booker|U-turn|p2a: Tapu Fini
|-resisted|p2a: Tapu Fini
|-damage|p2a: Tapu Fini|60/100
|
|t:|1664490984
|switch|p1a: Amadeus|Landorus-Therian, M|5/100 tox|[from]move: U-turn
|-ability|p1a: Amadeus|Intimidate|boost
|-unboost|p2a: Tapu Fini|atk|1
|move|p2a: Tapu Fini|Draining Kiss|p1a: Amadeus
|-damage|p1a: Amadeus|0 fnt
|-heal|p2a: Tapu Fini|64/100|[from] drain|[of] p1a: Amadeus
|faint|p1a: Amadeus
|
|-heal|p2a: Tapu Fini|70/100|[from] item: Leftovers
|upkeep
|
|t:|1664490986
|switch|p1a: Valentine|Raichu-Alola, F, shiny|100/100
|turn|15
|
|t:|1664490990
|move|p1a: Valentine|Rising Voltage|p2a: Tapu Fini
|-hint|Rising Voltage's BP doubled on grounded target.
|-supereffective|p2a: Tapu Fini
|-damage|p2a: Tapu Fini|0 fnt
|faint|p2a: Tapu Fini
|-damage|p1a: Valentine|91/100|[from] item: Life Orb
|
|upkeep
|
|t:|1664490994
|switch|p2a: Rillaboom|Rillaboom, M, shiny|72/100
|-fieldstart|move: Grassy Terrain|[from] ability: Grassy Surge|[of] p2a: Rillaboom
|turn|16
|
|t:|1664490998
|switch|p1a: Clefable|Clefable, F|91/100
|move|p2a: Rillaboom|Swords Dance|p2a: Rillaboom
|-boost|p2a: Rillaboom|atk|2
|
|-heal|p2a: Rillaboom|78/100|[from] Grassy Terrain
|-heal|p1a: Clefable|97/100|[from] Grassy Terrain
|upkeep
|turn|17
|
|t:|1664491007
|move|p2a: Rillaboom|Grassy Glide|p1a: Clefable
|-damage|p1a: Clefable|41/100
|-damage|p2a: Rillaboom|68/100|[from] item: Life Orb
|move|p1a: Clefable|Flamethrower|p2a: Rillaboom
|-supereffective|p2a: Rillaboom
|-damage|p2a: Rillaboom|15/100
|
|-heal|p2a: Rillaboom|21/100|[from] Grassy Terrain
|-heal|p1a: Clefable|47/100|[from] Grassy Terrain
|upkeep
|turn|18
|
|t:|1664491012
|switch|p2a: Melmetal|Melmetal, shiny|100/100
|move|p1a: Clefable|Flamethrower|p2a: Melmetal
|-supereffective|p2a: Melmetal
|-damage|p2a: Melmetal|74/100
|
|-heal|p1a: Clefable|54/100|[from] Grassy Terrain
|-heal|p2a: Melmetal|80/100|[from] Grassy Terrain
|upkeep
|turn|19
|
|t:|1664491018
|switch|p1a: Engine|Volcanion|100/100
|switch|p2a: Zapdos|Zapdos-Galar, shiny|61/100
|
|upkeep
|turn|20
|
|t:|1664491031
|switch|p1a: Clefable|Clefable, F|54/100
|move|p2a: Zapdos|Brave Bird|p1a: Clefable
|-damage|p1a: Clefable|0 fnt
|faint|p1a: Clefable
|-damage|p2a: Zapdos|39/100|[from] Recoil
|
|-fieldend|move: Grassy Terrain
|upkeep
|
|t:|1664491033
|switch|p1a: Booker|Tapu Koko|72/100
|-fieldstart|move: Electric Terrain|[from] ability: Electric Surge|[of] p1a: Booker
|turn|21
|
|t:|1664491039
|switch|p2a: Rillaboom|Rillaboom, M, shiny|21/100
|-fieldstart|move: Grassy Terrain|[from] ability: Grassy Surge|[of] p2a: Rillaboom
|move|p1a: Booker|Thunderbolt|p2a: Rillaboom
|-resisted|p2a: Rillaboom
|-damage|p2a: Rillaboom|0 fnt
|faint|p2a: Rillaboom
|
|-heal|p1a: Booker|78/100|[from] Grassy Terrain
|upkeep
|
|t:|1664491043
|switch|p2a: Melmetal|Melmetal, shiny|80/100
|turn|22
|
|t:|1664491048
|switch|p1a: Sundowner|Ferrothorn, M, shiny|100/100
|switch|p2a: Zapdos|Zapdos-Galar, shiny|39/100
|
|upkeep
|turn|23
|
|t:|1664491060
|switch|p1a: Booker|Tapu Koko|78/100
|-fieldstart|move: Electric Terrain|[from] ability: Electric Surge|[of] p1a: Booker
|move|p2a: Zapdos|Close Combat|p1a: Booker
|-resisted|p1a: Booker
|-damage|p1a: Booker|12/100
|-unboost|p2a: Zapdos|def|1
|-unboost|p2a: Zapdos|spd|1
|
|upkeep
|turn|24
|
|t:|1664491065
|move|p1a: Booker|U-turn|p2a: Zapdos
|-resisted|p2a: Zapdos
|-damage|p2a: Zapdos|32/100
|
|t:|1664491070
|switch|p1a: Sundowner|Ferrothorn, M, shiny|100/100|[from]move: U-turn
|move|p2a: Zapdos|Close Combat|p1a: Sundowner
|-supereffective|p1a: Sundowner
|-damage|p1a: Sundowner|0 fnt
|-unboost|p2a: Zapdos|def|1
|-unboost|p2a: Zapdos|spd|1
|-damage|p2a: Zapdos|20/100|[from] ability: Iron Barbs|[of] p1a: Sundowner
|faint|p1a: Sundowner
|
|upkeep
|
|t:|1664491072
|switch|p1a: Valentine|Raichu-Alola, F, shiny|91/100
|turn|25
|
|t:|1664491078
|move|p1a: Valentine|Rising Voltage|p2a: Zapdos
|-supereffective|p2a: Zapdos
|-damage|p2a: Zapdos|0 fnt
|faint|p2a: Zapdos
|-damage|p1a: Valentine|81/100|[from] item: Life Orb
|
|upkeep
|
|t:|1664491079
|switch|p2a: Melmetal|Melmetal, shiny|80/100
|turn|26
|
|t:|1664491087
|switch|p1a: Booker|Tapu Koko|12/100
|move|p2a: Melmetal|Earthquake|p1a: Booker
|-supereffective|p1a: Booker
|-damage|p1a: Booker|0 fnt
|faint|p1a: Booker
|
|upkeep
|
|t:|1664491088
|switch|p1a: Engine|Volcanion|100/100
|turn|27
|
|t:|1664491090
|move|p1a: Engine|Flamethrower|p2a: Melmetal
|-supereffective|p2a: Melmetal
|-damage|p2a: Melmetal|13/100
|move|p2a: Melmetal|Earthquake|p1a: Engine
|-supereffective|p1a: Engine
|-damage|p1a: Engine|18/100
|
|upkeep
|turn|28
|
|t:|1664491094
|move|p1a: Engine|Flamethrower|p2a: Melmetal
|-supereffective|p2a: Melmetal
|-crit|p2a: Melmetal
|-damage|p2a: Melmetal|0 fnt
|faint|p2a: Melmetal
|
|upkeep
|
|t:|1664491097
|switch|p2a: Regieleki|Regieleki, shiny|36/100
|turn|29
|
|t:|1664491103
|move|p2a: Regieleki|Thunderbolt|p1a: Engine
|-supereffective|p1a: Engine
|-damage|p1a: Engine|0 fnt
|faint|p1a: Engine
|
|upkeep
|
|t:|1664491104
|switch|p1a: Valentine|Raichu-Alola, F, shiny|81/100
|turn|30
|
|t:|1664491106
|move|p1a: Valentine|Rising Voltage|p2a: Regieleki
|-hint|Rising Voltage's BP doubled on grounded target.
|-resisted|p2a: Regieleki
|-damage|p2a: Regieleki|0 fnt
|faint|p2a: Regieleki
|-damage|p1a: Valentine|71/100|[from] item: Life Orb
|
|win|Spectre Ace
|raw|Spectre Ace's rating: 1793 &rarr; <strong>1815</strong><br />(+22 for winning)
|raw|Arcangel666's rating: 1828 &rarr; <strong>1806</strong><br />(-22 for losing)
|l|☆Arcangel666
||Ladder isn't responding, score probably updated but might not have (Request timeout).
