|j|☆LotsofA
|j|☆Fastpitchkiller
|t:|1654727123
|gametype|singles
|player|p1|LotsofA|alder|1701
|player|p2|Fastpitchkiller|265|1690
|teamsize|p1|6
|teamsize|p2|6
|gen|8
|tier|[Gen 8] OU
|rated|
|rule|Sleep Clause Mod: Limit one foe put to sleep
|rule|Species Clause: Limit one of each Pokémon
|rule|OHKO Clause: OHKO moves are banned
|rule|Evasion Moves Clause: Evasion moves are banned
|rule|Endless Battle Clause: Forcing endless battles is banned
|rule|HP Percentage Mod: HP is shown in percentages
|rule|Dynamax Clause: You cannot dynamax
|clearpoke
|poke|p1|Kommo-o, M|
|poke|p1|Zapdos-Galar|
|poke|p1|Blaziken, F|
|poke|p1|Bisharp, F|
|poke|p1|Dragapult, F|
|poke|p1|Celesteela|
|poke|p2|Blaziken, F|
|poke|p2|Slowbro, F|
|poke|p2|Tyranitar, M|
|poke|p2|Corviknight, M|
|poke|p2|Landorus-Therian, M|
|poke|p2|Tapu Koko|
|teampreview
|inactive|Battle timer is ON: inactive players will automatically lose when time's up. (requested by Fastpitchkiller)
|
|t:|1654727135
|start
|switch|p1a: Bisharp|Bisharp, F|100/100
|switch|p2a: Slowgatell|Slowbro, F|100/100
|turn|1
|
|t:|1654727141
|switch|p2a: Corvikstall|Corviknight, M|100/100
|-ability|p2a: Corvikstall|Pressure
|move|p1a: Bisharp|Knock Off|p2a: Corvikstall
|-damage|p2a: Corvikstall|65/100
|-damage|p1a: Bisharp|84/100|[from] item: Rocky Helmet|[of] p2a: Corvikstall
|-enditem|p2a: Corvikstall|Rocky Helmet|[from] move: Knock Off|[of] p1a: Bisharp
|
|upkeep
|turn|2
|
|t:|1654727151
|move|p1a: Bisharp|Stealth Rock|p2a: Corvikstall
|-sidestart|p2: Fastpitchkiller|move: Stealth Rock
|move|p2a: Corvikstall|Roost|p2a: Corvikstall
|-heal|p2a: Corvikstall|100/100
|-singleturn|p2a: Corvikstall|move: Roost
|
|upkeep
|turn|3
|
|t:|1654727160
|move|p1a: Bisharp|Stealth Rock||[still]
|-fail|p1a: Bisharp
|move|p2a: Corvikstall|Body Press|p1a: Bisharp
|-supereffective|p1a: Bisharp
|-damage|p1a: Bisharp|0 fnt
|faint|p1a: Bisharp
|
|upkeep
|
|t:|1654727167
|switch|p1a: Kommo-o|Kommo-o, M|100/100
|turn|4
|
|t:|1654727183
|move|p1a: Kommo-o|Substitute|p1a: Kommo-o
|-start|p1a: Kommo-o|Substitute
|-damage|p1a: Kommo-o|75/100
|move|p2a: Corvikstall|U-turn|p1a: Kommo-o
|-resisted|p1a: Kommo-o
|-activate|p1a: Kommo-o|move: Substitute|[damage]
|j| juicelol
|
|t:|1654727189
|switch|p2a: Slowgatell|Slowbro, F|100/100|[from]move: U-turn
|-damage|p2a: Slowgatell|88/100|[from] Stealth Rock
|
|upkeep
|turn|5
|
|t:|1654727194
|move|p1a: Kommo-o|Belly Drum|p1a: Kommo-o
|-damage|p1a: Kommo-o|25/100
|-setboost|p1a: Kommo-o|atk|6|[from] move: Belly Drum
|-enditem|p1a: Kommo-o|Salac Berry|[eat]
|-boost|p1a: Kommo-o|spe|1|[from] item: Salac Berry
|move|p2a: Slowgatell|Future Sight|p1a: Kommo-o
|-start|p2a: Slowgatell|move: Future Sight
|
|upkeep
|turn|6
|
|t:|1654727203
|move|p1a: Kommo-o|Thunder Punch|p2a: Slowgatell
|-supereffective|p2a: Slowgatell
|-damage|p2a: Slowgatell|0 fnt
|-damage|p1a: Kommo-o|9/100|[from] item: Rocky Helmet|[of] p2a: Slowgatell
|faint|p2a: Slowgatell
|
|upkeep
|
|t:|1654727210
|switch|p2a: Precoz|Tapu Koko|100/100
|-fieldstart|move: Electric Terrain|[from] ability: Electric Surge|[of] p2a: Precoz
|turn|7
|j| BabyPigsAreLaughin
|
|t:|1654727216
|switch|p2a: Corvikstall|Corviknight, M|100/100
|-damage|p2a: Corvikstall|88/100|[from] Stealth Rock
|-ability|p2a: Corvikstall|Pressure
|move|p1a: Kommo-o|Drain Punch|p2a: Corvikstall
|-damage|p2a: Corvikstall|0 fnt
|-heal|p1a: Kommo-o|69/100|[from] drain|[of] p2a: Corvikstall
|faint|p2a: Corvikstall
|
|-end|p1a: Kommo-o|move: Future Sight
|-supereffective|p1a: Kommo-o
|-end|p1a: Kommo-o|Substitute
|upkeep
|c| BabyPigsAreLaughin|It's over.
|-message|Fastpitchkiller forfeited.
|
|win|LotsofA
|raw|LotsofA's rating: 1701 &rarr; <strong>1720</strong><br />(+19 for winning)
|raw|Fastpitchkiller's rating: 1690 &rarr; <strong>1671</strong><br />(-19 for losing)
|l|☆Fastpitchkiller
|l| juicelol
