|j|☆NeoNaruto®++
|j|☆chansey and lulu
|t:|1664034892
|gametype|singles
|player|p1|NeoNaruto®++|burglar-gen1rb|1868
|player|p2|chansey and lulu|hooligans|1800
|teamsize|p1|6
|teamsize|p2|6
|gen|8
|tier|[Gen 8] OU
|rated|
|rule|Sleep Clause Mod: Limit one foe put to sleep
|rule|Species Clause: Limit one of each Pokémon
|rule|OHKO Clause: OHKO moves are banned
|rule|Evasion Items Clause: Evasion items are banned
|rule|Evasion Moves Clause: Evasion moves are banned
|rule|Endless Battle Clause: Forcing endless battles is banned
|rule|HP Percentage Mod: HP is shown in percentages
|rule|Dynamax Clause: You cannot dynamax
|clearpoke
|poke|p1|Landorus-Therian, M|
|poke|p1|Ferrothorn, F|
|poke|p1|Tapu Koko|
|poke|p1|Dragonite, M|
|poke|p1|Darmanitan, M|
|poke|p1|Tyranitar, M|
|poke|p2|Tapu Lele|
|poke|p2|Tyranitar, F|
|poke|p2|Excadrill, M|
|poke|p2|Ferrothorn, F|
|poke|p2|Zapdos|
|poke|p2|Urshifu-*, F|
|teampreview
|inactive|Battle timer is ON: inactive players will automatically lose when time's up. (requested by NeoNaruto®++)
|
|t:|1664034914
|start
|switch|p1a: VODECi|Tapu Koko|100/100
|switch|p2a: Urshifu|Urshifu-Rapid-Strike, F|100/100
|-fieldstart|move: Electric Terrain|[from] ability: Electric Surge|[of] p1a: VODECi
|turn|1
|
|t:|1664034923
|switch|p2a: Excadrill|Excadrill, M|100/100
|move|p1a: VODECi|Volt Switch|p2a: Excadrill
|-immune|p2a: Excadrill
|
|upkeep
|turn|2
|
|t:|1664034937
|switch|p1a: Bernie Landers|Landorus-Therian, M|100/100
|-ability|p1a: Bernie Landers|Intimidate|boost
|-unboost|p2a: Excadrill|atk|1
|switch|p2a: Urshifu|Urshifu-Rapid-Strike, F|100/100
|
|upkeep
|turn|3
|
|t:|1664034945
|move|p2a: Urshifu|Surging Strikes|p1a: Bernie Landers
|-supereffective|p1a: Bernie Landers
|-crit|p1a: Bernie Landers
|-damage|p1a: Bernie Landers|72/100
|-supereffective|p1a: Bernie Landers
|-crit|p1a: Bernie Landers
|-damage|p1a: Bernie Landers|47/100
|-supereffective|p1a: Bernie Landers
|-crit|p1a: Bernie Landers
|-damage|p1a: Bernie Landers|17/100
|-hitcount|p1a: Bernie Landers|3
|move|p1a: Bernie Landers|Knock Off|p2a: Urshifu
|-resisted|p2a: Urshifu
|-damage|p2a: Urshifu|86/100
|-enditem|p2a: Urshifu|Protective Pads|[from] move: Knock Off|[of] p1a: Bernie Landers
|
|upkeep
|turn|4
|
|t:|1664034956
|switch|p1a: RX PAPi|Ferrothorn, F|100/100
|move|p2a: Urshifu|Close Combat|p1a: RX PAPi
|-supereffective|p1a: RX PAPi
|-damage|p1a: RX PAPi|24/100
|-unboost|p2a: Urshifu|def|1
|-unboost|p2a: Urshifu|spd|1
|-damage|p2a: Urshifu|74/100|[from] ability: Iron Barbs|[of] p1a: RX PAPi
|-damage|p2a: Urshifu|57/100|[from] item: Rocky Helmet|[of] p1a: RX PAPi
|
|upkeep
|turn|5
|
|t:|1664034967
|move|p2a: Urshifu|Close Combat|p1a: RX PAPi
|-supereffective|p1a: RX PAPi
|-damage|p1a: RX PAPi|0 fnt
|-unboost|p2a: Urshifu|def|1
|-unboost|p2a: Urshifu|spd|1
|-damage|p2a: Urshifu|45/100|[from] ability: Iron Barbs|[of] p1a: RX PAPi
|-damage|p2a: Urshifu|29/100|[from] item: Rocky Helmet|[of] p1a: RX PAPi
|faint|p1a: RX PAPi
|
|-fieldend|move: Electric Terrain
|upkeep
|
|t:|1664034969
|switch|p1a: VODECi|Tapu Koko|100/100
|-fieldstart|move: Electric Terrain|[from] ability: Electric Surge|[of] p1a: VODECi
|turn|6
|
|t:|1664034979
|switch|p1a: PURRP FOR SALE|Darmanitan, M|100/100
|switch|p2a: Ferrothorn|Ferrothorn, F|100/100
|
|upkeep
|turn|7
|j| NDHB
|
|t:|1664034995
|switch|p2a: Zapdos|Zapdos|100/100
|move|p1a: PURRP FOR SALE|Flare Blitz|p2a: Zapdos
|-damage|p2a: Zapdos|0 fnt
|faint|p2a: Zapdos
|-damage|p1a: PURRP FOR SALE|64/100|[from] Recoil
|
|upkeep
|
|t:|1664035003
|switch|p2a: Urshifu|Urshifu-Rapid-Strike, F|29/100
|turn|8
|
|t:|1664035006
|switch|p1a: Bernie Landers|Landorus-Therian, M|17/100
|-ability|p1a: Bernie Landers|Intimidate|boost
|-unboost|p2a: Urshifu|atk|1
|move|p2a: Urshifu|Surging Strikes|p1a: Bernie Landers
|-supereffective|p1a: Bernie Landers
|-crit|p1a: Bernie Landers
|-damage|p1a: Bernie Landers|0 fnt
|-damage|p2a: Urshifu|12/100|[from] item: Rocky Helmet|[of] p1a: Bernie Landers
|faint|p1a: Bernie Landers
|-hitcount|p1: Bernie Landers|1
|
|upkeep
|
|t:|1664035009
|switch|p1a: VODECi|Tapu Koko|100/100
|turn|9
|
|t:|1664035023
|switch|p2a: Excadrill|Excadrill, M|100/100
|move|p1a: VODECi|Dazzling Gleam|p2a: Excadrill
|-resisted|p2a: Excadrill
|-damage|p2a: Excadrill|66/100
|
|upkeep
|turn|10
|
|t:|1664035031
|move|p1a: VODECi|Dazzling Gleam|p2a: Excadrill
|-resisted|p2a: Excadrill
|-damage|p2a: Excadrill|32/100
|move|p2a: Excadrill|Iron Head|p1a: VODECi
|-damage|p1a: VODECi|5/100
|
|-fieldend|move: Electric Terrain
|upkeep
|turn|11
|
|t:|1664035038
|switch|p1a: PURRP FOR SALE|Darmanitan, M|64/100
|switch|p2a: Ferrothorn|Ferrothorn, F|100/100
|
|upkeep
|turn|12
|
|t:|1664035048
|move|p1a: PURRP FOR SALE|Flare Blitz|p2a: Ferrothorn
|-supereffective|p2a: Ferrothorn
|-damage|p2a: Ferrothorn|0 fnt
|-damage|p1a: PURRP FOR SALE|52/100|[from] ability: Iron Barbs|[of] p2a: Ferrothorn
|faint|p2a: Ferrothorn
|-damage|p1a: PURRP FOR SALE|19/100|[from] Recoil
|
|upkeep
|
|t:|1664035057
|switch|p2a: Urshifu|Urshifu-Rapid-Strike, F|12/100
|turn|13
|
|t:|1664035064
|switch|p1a: Fat Charizard|Dragonite, M, shiny|100/100
|move|p2a: Urshifu|Surging Strikes|p1a: Fat Charizard
|-resisted|p1a: Fat Charizard
|-crit|p1a: Fat Charizard
|-damage|p1a: Fat Charizard|95/100
|-resisted|p1a: Fat Charizard
|-crit|p1a: Fat Charizard
|-damage|p1a: Fat Charizard|84/100
|-resisted|p1a: Fat Charizard
|-crit|p1a: Fat Charizard
|-damage|p1a: Fat Charizard|73/100
|-hitcount|p1a: Fat Charizard|3
|
|upkeep
|turn|14
|
|t:|1664035075
|move|p1a: Fat Charizard|Extreme Speed|p2a: Urshifu
|-damage|p2a: Urshifu|0 fnt
|faint|p2a: Urshifu
|
|upkeep
|
|t:|1664035080
|switch|p2a: Tapu Lele|Tapu Lele|100/100
|-fieldstart|move: Psychic Terrain|[from] ability: Psychic Surge|[of] p2a: Tapu Lele
|turn|15
|
|t:|1664035086
|switch|p1a: DA LAST REX(3005)|Tyranitar, M|100/100
|-weather|Sandstorm|[from] ability: Sand Stream|[of] p1a: DA LAST REX(3005)
|move|p2a: Tapu Lele|Moonblast|p1a: DA LAST REX(3005)
|-supereffective|p1a: DA LAST REX(3005)
|-damage|p1a: DA LAST REX(3005)|67/100
|
|-weather|Sandstorm|[upkeep]
|-damage|p2a: Tapu Lele|94/100|[from] Sandstorm
|upkeep
|turn|16
|
|t:|1664035096
|switch|p2a: Tyranitar|Tyranitar, F|100/100
|move|p1a: DA LAST REX(3005)|Heavy Slam|p2a: Tyranitar
|-supereffective|p2a: Tyranitar
|-crit|p2a: Tyranitar
|-damage|p2a: Tyranitar|66/100
|
|-weather|Sandstorm|[upkeep]
|upkeep
|turn|17
|
|t:|1664035104
|switch|p1a: VODECi|Tapu Koko|5/100
|-fieldstart|move: Electric Terrain|[from] ability: Electric Surge|[of] p1a: VODECi
|move|p2a: Tyranitar|Stone Edge|p1a: VODECi
|-damage|p1a: VODECi|0 fnt
|faint|p1a: VODECi
|
|-weather|Sandstorm|[upkeep]
|upkeep
|
|t:|1664035107
|switch|p1a: PURRP FOR SALE|Darmanitan, M|19/100
|turn|18
|
|t:|1664035118
|move|p1a: PURRP FOR SALE|Earthquake|p2a: Tyranitar
|-supereffective|p2a: Tyranitar
|-damage|p2a: Tyranitar|0 fnt
|faint|p2a: Tyranitar
|
|-weather|Sandstorm|[upkeep]
|-damage|p1a: PURRP FOR SALE|13/100|[from] Sandstorm
|upkeep
|j| Banhuotsaigon
|
|t:|1664035124
|switch|p2a: Excadrill|Excadrill, M|32/100
|turn|19
|
|t:|1664035128
|move|p2a: Excadrill|Iron Head|p1a: PURRP FOR SALE
|-resisted|p1a: PURRP FOR SALE
|-damage|p1a: PURRP FOR SALE|0 fnt
|faint|p1a: PURRP FOR SALE
|
|-weather|none
|upkeep
|j| Congwuyu
|
|t:|1664035130
|switch|p1a: Fat Charizard|Dragonite, M, shiny|73/100
|turn|20
|
|t:|1664035135
|move|p2a: Excadrill|Iron Head|p1a: Fat Charizard
|-damage|p1a: Fat Charizard|0 fnt
|faint|p1a: Fat Charizard
|
|upkeep
|
|t:|1664035138
|switch|p1a: DA LAST REX(3005)|Tyranitar, M|67/100
|-weather|Sandstorm|[from] ability: Sand Stream|[of] p1a: DA LAST REX(3005)
|turn|21
|j| HereForFrens
|
|t:|1664035143
|move|p2a: Excadrill|Iron Head|p1a: DA LAST REX(3005)
|-supereffective|p1a: DA LAST REX(3005)
|-damage|p1a: DA LAST REX(3005)|0 fnt
|faint|p1a: DA LAST REX(3005)
|
|win|chansey and lulu
|raw|NeoNaruto®++'s rating: 1868 &rarr; <strong>1844</strong><br />(-24 for losing)
|raw|chansey and lulu's rating: 1800 &rarr; <strong>1824</strong><br />(+24 for winning)
|l|☆NeoNaruto®++
||Ladder isn't responding, score probably updated but might not have (Request timeout).
|l|☆chansey and lulu
|l| Banhuotsaigon
|l| Congwuyu
|l| HereForFrens
