|j|☆grouxy
|j|☆goran el draco
|t:|1645197994
|gametype|singles
|player|p1|grouxy|266|1483
|player|p2|goran el draco|harlequin|1440
|teamsize|p1|6
|teamsize|p2|6
|gen|8
|tier|[Gen 8] OU
|rated|
|rule|Sleep Clause Mod: Limit one foe put to sleep
|rule|Species Clause: Limit one of each Pokémon
|rule|OHKO Clause: OHKO moves are banned
|rule|Evasion Moves Clause: Evasion moves are banned
|rule|Endless Battle Clause: Forcing endless battles is banned
|rule|HP Percentage Mod: HP is shown in percentages
|rule|Dynamax Clause: You cannot dynamax
|clearpoke
|poke|p1|Azumarill, M|
|poke|p1|Incineroar, F|
|poke|p1|Ferrothorn, F|
|poke|p1|Toxtricity, M|
|poke|p1|Dragapult, F|
|poke|p1|Landorus-Therian, M|
|poke|p2|Slowking-Galar, M|
|poke|p2|Diggersby, F|
|poke|p2|Urshifu-*, M|
|poke|p2|Garchomp, F|
|poke|p2|Cloyster, F|
|poke|p2|Ferrothorn, F|
|teampreview
|inactive|Battle timer is ON: inactive players will automatically lose when time's up. (requested by goran el draco)
|
|t:|1645198003
|start
|switch|p1a: Landorus|Landorus-Therian, M|100/100
|switch|p2a: Ferrothorn|Ferrothorn, F|100/100
|-ability|p1a: Landorus|Intimidate|boost
|-unboost|p2a: Ferrothorn|atk|1
|turn|1
|
|t:|1645198016
|switch|p1a: Azumarill|Azumarill, M|100/100
|move|p2a: Ferrothorn|Stealth Rock|p1a: Azumarill
|-sidestart|p1: grouxy|move: Stealth Rock
|
|upkeep
|turn|2
|
|t:|1645198023
|move|p1a: Azumarill|Superpower|p2a: Ferrothorn
|-supereffective|p2a: Ferrothorn
|-damage|p2a: Ferrothorn|12/100
|-unboost|p1a: Azumarill|atk|1
|-unboost|p1a: Azumarill|def|1
|-damage|p1a: Azumarill|88/100|[from] ability: Iron Barbs|[of] p2a: Ferrothorn
|move|p2a: Ferrothorn|Leech Seed|p1a: Azumarill
|-start|p1a: Azumarill|move: Leech Seed
|
|-heal|p2a: Ferrothorn|18/100|[from] item: Leftovers
|-damage|p1a: Azumarill|76/100|[from] Leech Seed|[of] p2a: Ferrothorn
|-heal|p2a: Ferrothorn|32/100|[silent]
|upkeep
|turn|3
|
|t:|1645198041
|switch|p1a: Incineroar|Incineroar, F|100/100
|-ability|p1a: Incineroar|Intimidate|boost
|-unboost|p2a: Ferrothorn|atk|1
|switch|p2a: Garchomp|Garchomp, F|100/100
|
|upkeep
|turn|4
|
|t:|1645198050
|switch|p1a: Landorus|Landorus-Therian, M|100/100
|-damage|p1a: Landorus|88/100|[from] Stealth Rock
|-ability|p1a: Landorus|Intimidate|boost
|-unboost|p2a: Garchomp|atk|1
|move|p2a: Garchomp|Earthquake|p1a: Landorus
|-immune|p1a: Landorus
|
|upkeep
|turn|5
|
|t:|1645198073
|switch|p1a: Dragapult|Dragapult, F|100/100
|-damage|p1a: Dragapult|88/100|[from] Stealth Rock
|switch|p2a: Ferrothorn|Ferrothorn, F|32/100
|
|-heal|p2a: Ferrothorn|39/100|[from] item: Leftovers
|upkeep
|turn|6
|
|t:|1645198082
|move|p1a: Dragapult|Flamethrower|p2a: Ferrothorn
|-supereffective|p2a: Ferrothorn
|-damage|p2a: Ferrothorn|0 fnt
|faint|p2a: Ferrothorn
|
|upkeep
|
|t:|1645198091
|switch|p2a: Garchomp|Garchomp, F|100/100
|turn|7
|
|t:|1645198106
|switch|p1a: Azumarill|Azumarill, M|76/100
|-damage|p1a: Azumarill|63/100|[from] Stealth Rock
|move|p2a: Garchomp|Swords Dance|p2a: Garchomp
|-boost|p2a: Garchomp|atk|2
|
|upkeep
|turn|8
|
|t:|1645198118
|switch|p1a: Landorus|Landorus-Therian, M|88/100
|-damage|p1a: Landorus|76/100|[from] Stealth Rock
|-ability|p1a: Landorus|Intimidate|boost
|-unboost|p2a: Garchomp|atk|1
|move|p2a: Garchomp|Earthquake|p1a: Landorus
|-immune|p1a: Landorus
|
|upkeep
|turn|9
|
|t:|1645198137
|switch|p2a: Urshifu|Urshifu-Rapid-Strike, M|100/100
|move|p1a: Landorus|U-turn|p2a: Urshifu
|-resisted|p2a: Urshifu
|-damage|p2a: Urshifu|87/100
|
|t:|1645198150
|switch|p1a: Incineroar|Incineroar, F|100/100|[from]move: U-turn
|-ability|p1a: Incineroar|Intimidate|boost
|-unboost|p2a: Urshifu|atk|1
|
|upkeep
|turn|10
|
|t:|1645198160
|switch|p1a: Ferrothorn|Ferrothorn, F|100/100
|-damage|p1a: Ferrothorn|95/100|[from] Stealth Rock
|move|p2a: Urshifu|Close Combat|p1a: Ferrothorn
|-supereffective|p1a: Ferrothorn
|-damage|p1a: Ferrothorn|16/100
|-unboost|p2a: Urshifu|def|1
|-unboost|p2a: Urshifu|spd|1
|-damage|p2a: Urshifu|75/100|[from] ability: Iron Barbs|[of] p1a: Ferrothorn
|-damage|p2a: Urshifu|58/100|[from] item: Rocky Helmet|[of] p1a: Ferrothorn
|
|upkeep
|turn|11
|
|t:|1645198171
|switch|p1a: Dragapult|Dragapult, F|88/100
|-damage|p1a: Dragapult|76/100|[from] Stealth Rock
|move|p2a: Urshifu|Close Combat|p1a: Dragapult
|-immune|p1a: Dragapult
|
|upkeep
|turn|12
|
|t:|1645198186
|switch|p2a: Slowking|Slowking-Galar, M|100/100
|move|p1a: Dragapult|Shadow Ball|p2a: Slowking
|-supereffective|p2a: Slowking
|-damage|p2a: Slowking|52/100
|
|upkeep
|turn|13
|
|t:|1645198197
|switch|p1a: Incineroar|Incineroar, F|100/100
|-ability|p1a: Incineroar|Intimidate|boost
|-unboost|p2a: Slowking|atk|1
|move|p2a: Slowking|Future Sight|p1a: Incineroar
|-start|p2a: Slowking|move: Future Sight
|
|upkeep
|turn|14
|
|t:|1645198206
|switch|p2a: Urshifu|Urshifu-Rapid-Strike, M|58/100
|move|p1a: Incineroar|Parting Shot|p2a: Urshifu
|-unboost|p2a: Urshifu|atk|1
|-unboost|p2a: Urshifu|spa|1
|
|t:|1645198214
|switch|p1a: Landorus|Landorus-Therian, M|76/100|[from]move: Parting Shot
|-damage|p1a: Landorus|64/100|[from] Stealth Rock
|-ability|p1a: Landorus|Intimidate|boost
|-unboost|p2a: Urshifu|atk|1
|
|upkeep
|turn|15
|
|t:|1645198223
|move|p1a: Landorus|U-turn|p2a: Urshifu
|-resisted|p2a: Urshifu
|-damage|p2a: Urshifu|45/100
|
|t:|1645198227
|switch|p1a: Incineroar|Incineroar, F|100/100|[from]move: U-turn
|-ability|p1a: Incineroar|Intimidate|boost
|-unboost|p2a: Urshifu|atk|1
|move|p2a: Urshifu|Surging Strikes|p1a: Incineroar
|-supereffective|p1a: Incineroar
|-crit|p1a: Incineroar
|-damage|p1a: Incineroar|34/100
|-supereffective|p1a: Incineroar
|-crit|p1a: Incineroar
|-damage|p1a: Incineroar|0 fnt
|faint|p1a: Incineroar
|-hitcount|p1: Incineroar|2
|
|-hint|Future Sight did not hit because the target is fainted.
|upkeep
|
|t:|1645198241
|switch|p1a: Landorus|Landorus-Therian, M|64/100
|-damage|p1a: Landorus|51/100|[from] Stealth Rock
|-ability|p1a: Landorus|Intimidate|boost
|-unboost|p2a: Urshifu|atk|1
|turn|16
|
|t:|1645198247
|move|p1a: Landorus|Earthquake|p2a: Urshifu
|-damage|p2a: Urshifu|0 fnt
|faint|p2a: Urshifu
|
|upkeep
|
|t:|1645198249
|switch|p2a: Cloyster|Cloyster, F|100/100
|turn|17
|
|t:|1645198262
|move|p1a: Landorus|Earthquake|p2a: Cloyster
|-damage|p2a: Cloyster|52/100
|move|p2a: Cloyster|Shell Smash|p2a: Cloyster
|-unboost|p2a: Cloyster|def|1
|-unboost|p2a: Cloyster|spd|1
|-boost|p2a: Cloyster|atk|2
|-boost|p2a: Cloyster|spa|2
|-boost|p2a: Cloyster|spe|2
|
|upkeep
|turn|18
|
|t:|1645198271
|move|p2a: Cloyster|Icicle Spear|p1a: Landorus
|-supereffective|p1a: Landorus
|-damage|p1a: Landorus|0 fnt
|faint|p1a: Landorus
|-hitcount|p1: Landorus|1
|
|upkeep
|
|t:|1645198278
|switch|p1a: Azumarill|Azumarill, M|63/100
|-damage|p1a: Azumarill|51/100|[from] Stealth Rock
|turn|19
|
|t:|1645198283
|move|p1a: Azumarill|Aqua Jet|p2a: Cloyster
|-resisted|p2a: Cloyster
|-damage|p2a: Cloyster|26/100
|move|p2a: Cloyster|Icicle Spear|p1a: Azumarill
|-resisted|p1a: Azumarill
|-damage|p1a: Azumarill|38/100
|-resisted|p1a: Azumarill
|-damage|p1a: Azumarill|25/100
|-resisted|p1a: Azumarill
|-damage|p1a: Azumarill|12/100
|-resisted|p1a: Azumarill
|-damage|p1a: Azumarill|0 fnt
|faint|p1a: Azumarill
|-hitcount|p1: Azumarill|4
|
|upkeep
|
|t:|1645198297
|switch|p1a: Toxtricity|Toxtricity, M|100/100
|-damage|p1a: Toxtricity|88/100|[from] Stealth Rock
|turn|20
|
|t:|1645198301
|move|p2a: Cloyster|Icicle Spear|p1a: Toxtricity
|-damage|p1a: Toxtricity|52/100
|-damage|p1a: Toxtricity|15/100
|-damage|p1a: Toxtricity|0 fnt
|faint|p1a: Toxtricity
|-hitcount|p1: Toxtricity|3
|
|upkeep
|
|t:|1645198308
|switch|p1a: Dragapult|Dragapult, F|76/100
|-damage|p1a: Dragapult|64/100|[from] Stealth Rock
|turn|21
|
|t:|1645198313
|move|p2a: Cloyster|Icicle Spear|p1a: Dragapult
|-supereffective|p1a: Dragapult
|-damage|p1a: Dragapult|0 fnt
|faint|p1a: Dragapult
|-hitcount|p1: Dragapult|1
|
|upkeep
|
|t:|1645198318
|switch|p1a: Ferrothorn|Ferrothorn, F|16/100
|-damage|p1a: Ferrothorn|10/100|[from] Stealth Rock
|turn|22
|
|t:|1645198322
|move|p2a: Cloyster|Icicle Spear|p1a: Ferrothorn
|-damage|p1a: Ferrothorn|0 fnt
|faint|p1a: Ferrothorn
|-hitcount|p1: Ferrothorn|1
|
|win|goran el draco
|raw|grouxy's rating: 1483 &rarr; <strong>1461</strong><br />(-22 for losing)
|raw|goran el draco's rating: 1440 &rarr; <strong>1462</strong><br />(+22 for winning)
|c|☆goran el draco|gg
