|html|<div class="broadcast-blue"><strong>[Gen 8] OU is currently suspecting Melmetal! For information on how to participate check out the <a href="https://www.smogon.com/forums/threads/np-ss-ou-suspect-process-round-12-monster-mash.3709234/">suspect thread</a>.</strong></div>
|j|☆ChandosH
|j|☆LaggyBaggy516
|t:|1665894970
|gametype|singles
|player|p1|ChandosH|n-masters|1455
|player|p2|LaggyBaggy516|102|1536
|teamsize|p1|6
|teamsize|p2|6
|gen|8
|tier|[Gen 8] OU
|rated|
|rule|Sleep Clause Mod: Limit one foe put to sleep
|rule|Species Clause: Limit one of each Pokémon
|rule|OHKO Clause: OHKO moves are banned
|rule|Evasion Items Clause: Evasion items are banned
|rule|Evasion Moves Clause: Evasion moves are banned
|rule|Endless Battle Clause: Forcing endless battles is banned
|rule|HP Percentage Mod: HP is shown in percentages
|rule|Dynamax Clause: You cannot dynamax
|clearpoke
|poke|p1|Moltres-Galar|
|poke|p1|Crawdaunt, F|
|poke|p1|Bronzong|
|poke|p1|Landorus-Therian, M|
|poke|p1|Hydreigon, M|
|poke|p1|Zapdos|
|poke|p2|Torkoal, F|
|poke|p2|Regieleki|
|poke|p2|Venusaur, M|
|poke|p2|Melmetal|
|poke|p2|Heatran, M|
|poke|p2|Landorus-Therian, M|
|teampreview
|inactive|Battle timer is ON: inactive players will automatically lose when time's up. (requested by LaggyBaggy516)
|inactive|ChandosH has 120 seconds left.
|
|t:|1665895013
|start
|switch|p1a: Hydreigon|Hydreigon, M|100/100
|switch|p2a: Landorus|Landorus-Therian, M|100/100
|-ability|p2a: Landorus|Intimidate|boost
|-unboost|p1a: Hydreigon|atk|1
|turn|1
|
|t:|1665895019
|switch|p1a: Zapdos|Zapdos|100/100
|move|p2a: Landorus|Stealth Rock|p1a: Zapdos
|-sidestart|p1: ChandosH|move: Stealth Rock
|
|upkeep
|turn|2
|
|t:|1665895028
|move|p1a: Zapdos|Defog|p2a: Landorus
|-unboost|p2a: Landorus|evasion|1
|-sideend|p1: ChandosH|Stealth Rock|[from] move: Defog|[of] p1a: Zapdos
|move|p2a: Landorus|Toxic|p1a: Zapdos
|-status|p1a: Zapdos|tox
|
|-damage|p1a: Zapdos|94/100 tox|[from] psn
|upkeep
|turn|3
|
|t:|1665895033
|move|p1a: Zapdos|Hurricane|p2a: Landorus
|-damage|p2a: Landorus|67/100
|-start|p2a: Landorus|confusion
|-activate|p2a: Landorus|confusion
|move|p2a: Landorus|Stealth Rock|p1a: Zapdos
|-sidestart|p1: ChandosH|move: Stealth Rock
|
|-heal|p2a: Landorus|73/100|[from] item: Leftovers
|-damage|p1a: Zapdos|82/100 tox|[from] psn
|upkeep
|turn|4
|
|t:|1665895045
|switch|p2a: Torkoal|Torkoal, F|100/100
|-weather|SunnyDay|[from] ability: Drought|[of] p2a: Torkoal
|move|p1a: Zapdos|Defog|p2a: Torkoal
|-unboost|p2a: Torkoal|evasion|1
|-sideend|p1: ChandosH|Stealth Rock|[from] move: Defog|[of] p1a: Zapdos
|
|-weather|SunnyDay|[upkeep]
|-damage|p1a: Zapdos|64/100 tox|[from] psn
|upkeep
|turn|5
|
|t:|1665895058
|switch|p1a: Hydreigon|Hydreigon, M|100/100
|move|p2a: Torkoal|Stealth Rock|p1a: Hydreigon
|-sidestart|p1: ChandosH|move: Stealth Rock
|
|-weather|SunnyDay|[upkeep]
|upkeep
|turn|6
|
|t:|1665895065
|switch|p2a: Melmetal|Melmetal|100/100
|move|p1a: Hydreigon|Nasty Plot|p1a: Hydreigon
|-boost|p1a: Hydreigon|spa|2
|
|-weather|SunnyDay|[upkeep]
|upkeep
|turn|7
|
|t:|1665895076
|move|p1a: Hydreigon|Earth Power|p2a: Melmetal
|-supereffective|p2a: Melmetal
|-damage|p2a: Melmetal|41/100
|move|p2a: Melmetal|Double Iron Bash|p1a: Hydreigon
|-damage|p1a: Hydreigon|60/100
|-damage|p1a: Hydreigon|14/100
|-hitcount|p1a: Hydreigon|2
|
|-weather|SunnyDay|[upkeep]
|-heal|p1a: Hydreigon|20/100|[from] item: Leftovers
|upkeep
|turn|8
|
|t:|1665895085
|move|p1a: Hydreigon|Dark Pulse|p2a: Melmetal
|-damage|p2a: Melmetal|0 fnt
|faint|p2a: Melmetal
|
|-weather|SunnyDay|[upkeep]
|-heal|p1a: Hydreigon|27/100|[from] item: Leftovers
|upkeep
|
|t:|1665895090
|switch|p2a: Venusaur|Venusaur, M|100/100
|turn|9
|
|t:|1665895108
|switch|p1a: Bronzong|Bronzong|100/100
|-damage|p1a: Bronzong|94/100|[from] Stealth Rock
|move|p2a: Venusaur|Weather Ball|p1a: Bronzong
|-supereffective|p1a: Bronzong
|-damage|p1a: Bronzong|13/100
|-damage|p2a: Venusaur|91/100|[from] item: Life Orb
|
|-weather|SunnyDay|[upkeep]
|-heal|p1a: Bronzong|19/100|[from] item: Leftovers
|upkeep
|turn|10
|
|t:|1665895112
|move|p1a: Bronzong|Protect|p1a: Bronzong
|-singleturn|p1a: Bronzong|Protect
|move|p2a: Venusaur|Weather Ball|p1a: Bronzong
|-activate|p1a: Bronzong|move: Protect
|
|-weather|SunnyDay|[upkeep]
|-heal|p1a: Bronzong|25/100|[from] item: Leftovers
|upkeep
|turn|11
|
|t:|1665895131
|switch|p1a: Moltres|Moltres-Galar|100/100
|-damage|p1a: Moltres|76/100|[from] Stealth Rock
|move|p2a: Venusaur|Weather Ball|p1a: Moltres
|-damage|p1a: Moltres|17/100
|-ability|p1a: Moltres|Berserk|boost
|-boost|p1a: Moltres|spa|1
|-damage|p2a: Venusaur|81/100|[from] item: Life Orb
|
|-weather|none
|upkeep
|turn|12
|
|t:|1665895135
|switch|p2a: Regieleki|Regieleki|100/100
|move|p1a: Moltres|Fiery Wrath|p2a: Regieleki
|-damage|p2a: Regieleki|0 fnt
|faint|p2a: Regieleki
|
|upkeep
|
|t:|1665895137
|switch|p2a: Landorus|Landorus-Therian, M|73/100
|-ability|p2a: Landorus|Intimidate|boost
|-unboost|p1a: Moltres|atk|1
|turn|13
|
|t:|1665895143
|move|p1a: Moltres|Fiery Wrath|p2a: Landorus
|-damage|p2a: Landorus|3/100
|cant|p2a: Landorus|flinch
|
|-heal|p2a: Landorus|9/100|[from] item: Leftovers
|upkeep
|turn|14
|
|t:|1665895151
|move|p1a: Moltres|Fiery Wrath|p2a: Landorus
|-damage|p2a: Landorus|0 fnt
|faint|p2a: Landorus
|
|upkeep
|
|t:|1665895152
|switch|p2a: Torkoal|Torkoal, F|100/100
|-weather|SunnyDay|[from] ability: Drought|[of] p2a: Torkoal
|turn|15
|
|t:|1665895156
|move|p1a: Moltres|Fiery Wrath|p2a: Torkoal
|-damage|p2a: Torkoal|0 fnt
|faint|p2a: Torkoal
|
|-weather|SunnyDay|[upkeep]
|upkeep
|
|t:|1665895158
|switch|p2a: Venusaur|Venusaur, M|81/100
|turn|16
|
|t:|1665895163
|move|p2a: Venusaur|Weather Ball|p1a: Moltres
|-damage|p1a: Moltres|0 fnt
|faint|p1a: Moltres
|-damage|p2a: Venusaur|71/100|[from] item: Life Orb
|
|-weather|SunnyDay|[upkeep]
|upkeep
|
|t:|1665895192
|switch|p1a: Bronzong|Bronzong|25/100
|-damage|p1a: Bronzong|19/100|[from] Stealth Rock
|turn|17
|
|t:|1665895199
|move|p1a: Bronzong|Protect|p1a: Bronzong
|-singleturn|p1a: Bronzong|Protect
|move|p2a: Venusaur|Growth|p2a: Venusaur
|-boost|p2a: Venusaur|atk|2
|-boost|p2a: Venusaur|spa|2
|
|-weather|SunnyDay|[upkeep]
|-heal|p1a: Bronzong|25/100|[from] item: Leftovers
|upkeep
|turn|18
|
|t:|1665895206
|switch|p1a: Landorus|Landorus-Therian, M|100/100
|-damage|p1a: Landorus|88/100|[from] Stealth Rock
|-ability|p1a: Landorus|Intimidate|boost
|-unboost|p2a: Venusaur|atk|1
|move|p2a: Venusaur|Weather Ball|p1a: Landorus
|-damage|p1a: Landorus|0 fnt
|faint|p1a: Landorus
|-damage|p2a: Venusaur|61/100|[from] item: Life Orb
|
|-weather|SunnyDay|[upkeep]
|upkeep
|
|t:|1665895213
|switch|p1a: Bronzong|Bronzong|25/100
|-damage|p1a: Bronzong|19/100|[from] Stealth Rock
|turn|19
|
|t:|1665895220
|move|p1a: Bronzong|Protect|p1a: Bronzong
|-singleturn|p1a: Bronzong|Protect
|move|p2a: Venusaur|Growth|p2a: Venusaur
|-boost|p2a: Venusaur|atk|2
|-boost|p2a: Venusaur|spa|2
|
|-weather|SunnyDay|[upkeep]
|-heal|p1a: Bronzong|25/100|[from] item: Leftovers
|upkeep
|turn|20
|
|t:|1665895230
|switch|p1a: Zapdos|Zapdos|64/100 tox
|move|p2a: Venusaur|Weather Ball|p1a: Zapdos
|-damage|p1a: Zapdos|0 fnt
|faint|p1a: Zapdos
|-damage|p2a: Venusaur|51/100|[from] item: Life Orb
|
|-weather|SunnyDay|[upkeep]
|upkeep
|
|t:|1665895238
|switch|p1a: Bronzong|Bronzong|25/100
|-damage|p1a: Bronzong|19/100|[from] Stealth Rock
|turn|21
|
|t:|1665895243
|move|p1a: Bronzong|Protect|p1a: Bronzong
|-singleturn|p1a: Bronzong|Protect
|move|p2a: Venusaur|Giga Drain|p1a: Bronzong
|-activate|p1a: Bronzong|move: Protect
|
|-weather|SunnyDay|[upkeep]
|-heal|p1a: Bronzong|25/100|[from] item: Leftovers
|upkeep
|turn|22
|
|t:|1665895254
|move|p2a: Venusaur|Giga Drain|p1a: Bronzong
|-resisted|p1a: Bronzong
|-damage|p1a: Bronzong|0 fnt
|-heal|p2a: Venusaur|65/100|[from] drain|[of] p1a: Bronzong
|faint|p1a: Bronzong
|-damage|p2a: Venusaur|55/100|[from] item: Life Orb
|
|-weather|none
|upkeep
|
|t:|1665895258
|switch|p1a: Hydreigon|Hydreigon, M|27/100
|-damage|p1a: Hydreigon|14/100|[from] Stealth Rock
|turn|23
|
|t:|1665895263
|move|p1a: Hydreigon|Dark Pulse|p2a: Venusaur
|-damage|p2a: Venusaur|9/100
|move|p2a: Venusaur|Giga Drain|p1a: Hydreigon
|-resisted|p1a: Hydreigon
|-damage|p1a: Hydreigon|0 fnt
|-heal|p2a: Venusaur|16/100|[from] drain|[of] p1a: Hydreigon
|faint|p1a: Hydreigon
|-damage|p2a: Venusaur|6/100|[from] item: Life Orb
|
|upkeep
|
|t:|1665895272
|switch|p1a: Crawdaunt|Crawdaunt, F|100/100
|-damage|p1a: Crawdaunt|88/100|[from] Stealth Rock
|turn|24
|c|☆ChandosH|Gg
|
|t:|1665895279
|move|p1a: Crawdaunt|Aqua Jet|p2a: Venusaur
|-resisted|p2a: Venusaur
|-damage|p2a: Venusaur|0 fnt
|faint|p2a: Venusaur
|-damage|p1a: Crawdaunt|78/100|[from] item: Life Orb
|
|upkeep
|
|t:|1665895281
|switch|p2a: Heatran|Heatran, M|100/100
|-item|p2a: Heatran|Air Balloon
|turn|25
|inactive|LaggyBaggy516 has 120 seconds left.
|
|t:|1665895319
|move|p1a: Crawdaunt|Aqua Jet|p2a: Heatran
|-supereffective|p2a: Heatran
|-damage|p2a: Heatran|25/100
|-enditem|p2a: Heatran|Air Balloon
|-damage|p1a: Crawdaunt|69/100|[from] item: Life Orb
|move|p2a: Heatran|Earth Power|p1a: Crawdaunt
|-damage|p1a: Crawdaunt|6/100
|
|upkeep
|turn|26
|inactive|LaggyBaggy516 has 120 seconds left.
|-message|LaggyBaggy516 forfeited.
|
|win|ChandosH
|raw|ChandosH's rating: 1455 &rarr; <strong>1480</strong><br />(+25 for winning)
|raw|LaggyBaggy516's rating: 1536 &rarr; <strong>1511</strong><br />(-25 for losing)
|l|☆LaggyBaggy516
