|j|☆Af Lele.Tomas
|j|☆Meracx
|t:|1661773641
|gametype|singles
|player|p1|Af Lele.Tomas|nate|1813
|player|p2|Meracx|thorton|1841
|teamsize|p1|6
|teamsize|p2|6
|gen|8
|tier|[Gen 8] OU
|rated|
|rule|Sleep Clause Mod: Limit one foe put to sleep
|rule|Species Clause: Limit one of each Pokémon
|rule|OHKO Clause: OHKO moves are banned
|rule|Evasion Items Clause: Evasion items are banned
|rule|Evasion Moves Clause: Evasion moves are banned
|rule|Endless Battle Clause: Forcing endless battles is banned
|rule|HP Percentage Mod: HP is shown in percentages
|rule|Dynamax Clause: You cannot dynamax
|clearpoke
|poke|p1|Clefable, M|
|poke|p1|Tyranitar, M|
|poke|p1|Corviknight, M|
|poke|p1|Slowbro, M|
|poke|p1|Garchomp, M|
|poke|p1|Volcarona, M|
|poke|p2|Dragonite, M|
|poke|p2|Landorus-Therian, M|
|poke|p2|Ferrothorn, M|
|poke|p2|Toxapex, M|
|poke|p2|Weavile, M|
|poke|p2|Magnezone|
|teampreview
|inactive|Battle timer is ON: inactive players will automatically lose when time's up. (requested by Af Lele.Tomas)
|
|t:|1661773670
|start
|switch|p1a: Slowbro|Slowbro, M|100/100
|switch|p2a: Ferrothorn|Ferrothorn, M|100/100
|turn|1
|
|t:|1661773674
|move|p1a: Slowbro|Flamethrower|p2a: Ferrothorn
|-supereffective|p2a: Ferrothorn
|-damage|p2a: Ferrothorn|24/100
|move|p2a: Ferrothorn|Spikes|p1a: Slowbro
|-sidestart|p1: Af Lele.Tomas|Spikes
|
|-heal|p2a: Ferrothorn|31/100|[from] item: Leftovers
|upkeep
|turn|2
|
|t:|1661773680
|switch|p2a: Landorus|Landorus-Therian, M|100/100
|-ability|p2a: Landorus|Intimidate|boost
|-unboost|p1a: Slowbro|atk|1
|move|p1a: Slowbro|Flamethrower|p2a: Landorus
|-damage|p2a: Landorus|86/100
|
|-heal|p2a: Landorus|92/100|[from] item: Leftovers
|upkeep
|turn|3
|
|t:|1661773685
|move|p2a: Landorus|U-turn|p1a: Slowbro
|-supereffective|p1a: Slowbro
|-damage|p1a: Slowbro|76/100
|-damage|p2a: Landorus|75/100|[from] item: Rocky Helmet|[of] p1a: Slowbro
|
|t:|1661773693
|switch|p2a: Ferrothorn|Ferrothorn, M|31/100|[from]move: U-turn
|move|p1a: Slowbro|Scald|p2a: Ferrothorn
|-resisted|p2a: Ferrothorn
|-damage|p2a: Ferrothorn|18/100
|-status|p2a: Ferrothorn|brn
|
|-heal|p2a: Ferrothorn|24/100 brn|[from] item: Leftovers
|-damage|p2a: Ferrothorn|18/100 brn|[from] brn
|upkeep
|turn|4
|
|t:|1661773697
|switch|p2a: Landorus|Landorus-Therian, M|75/100
|-ability|p2a: Landorus|Intimidate|boost
|-unboost|p1a: Slowbro|atk|1
|move|p1a: Slowbro|Flamethrower|p2a: Landorus
|-damage|p2a: Landorus|59/100
|
|-heal|p2a: Landorus|65/100|[from] item: Leftovers
|upkeep
|turn|5
|
|t:|1661773700
|move|p2a: Landorus|Stealth Rock|p1a: Slowbro
|-sidestart|p1: Af Lele.Tomas|move: Stealth Rock
|move|p1a: Slowbro|Scald|p2a: Landorus
|-supereffective|p2a: Landorus
|-damage|p2a: Landorus|22/100
|
|-heal|p2a: Landorus|29/100|[from] item: Leftovers
|upkeep
|turn|6
|
|t:|1661773702
|move|p2a: Landorus|Toxic|p1a: Slowbro|[miss]
|-miss|p2a: Landorus|p1a: Slowbro
|move|p1a: Slowbro|Scald|p2a: Landorus
|-supereffective|p2a: Landorus
|-damage|p2a: Landorus|0 fnt
|faint|p2a: Landorus
|
|upkeep
|
|t:|1661773709
|switch|p2a: Weavile|Weavile, M|100/100
|-ability|p2a: Weavile|Pressure
|turn|7
|
|t:|1661773713
|switch|p1a: Volcarona|Volcarona, M|100/100
|move|p2a: Weavile|Swords Dance|p2a: Weavile
|-boost|p2a: Weavile|atk|2
|
|upkeep
|turn|8
|
|t:|1661773718
|switch|p1a: Clefable|Clefable, M|100/100
|-damage|p1a: Clefable|88/100|[from] Spikes
|-damage|p1a: Clefable|76/100|[from] Stealth Rock
|move|p2a: Weavile|Knock Off|p1a: Clefable
|-resisted|p1a: Clefable
|-damage|p1a: Clefable|59/100
|-enditem|p1a: Clefable|Leftovers|[from] move: Knock Off|[of] p2a: Weavile
|
|upkeep
|turn|9
|
|t:|1661773722
|move|p2a: Weavile|Triple Axel|p1a: Clefable
|-damage|p1a: Clefable|50/100
|-damage|p1a: Clefable|34/100
|-damage|p1a: Clefable|13/100
|-hitcount|p1a: Clefable|3
|move|p1a: Clefable|Wish|p1a: Clefable
|
|upkeep
|turn|10
|
|t:|1661773734
|switch|p2a: Ferrothorn|Ferrothorn, M|18/100 brn
|move|p1a: Clefable|Protect||[still]
|-fail|p1a: Clefable
|
|-heal|p1a: Clefable|63/100|[from] move: Wish|[wisher] Clefable
|-heal|p2a: Ferrothorn|24/100 brn|[from] item: Leftovers
|-damage|p2a: Ferrothorn|18/100 brn|[from] brn
|upkeep
|turn|11
|
|t:|1661773742
|switch|p1a: Corviknight|Corviknight, M|100/100
|-damage|p1a: Corviknight|88/100|[from] Stealth Rock
|-ability|p1a: Corviknight|Pressure
|move|p2a: Ferrothorn|Spikes|p1a: Corviknight
|-sidestart|p1: Af Lele.Tomas|Spikes
|
|-heal|p2a: Ferrothorn|24/100 brn|[from] item: Leftovers
|-damage|p2a: Ferrothorn|18/100 brn|[from] brn
|upkeep
|turn|12
|j| amimec
|
|t:|1661773746
|switch|p2a: Magnezone|Magnezone|100/100
|-item|p2a: Magnezone|Air Balloon
|move|p1a: Corviknight|Defog|p2a: Magnezone
|-unboost|p2a: Magnezone|evasion|1
|-sideend|p1: Af Lele.Tomas|Spikes|[from] move: Defog|[of] p1a: Corviknight
|-sideend|p1: Af Lele.Tomas|Stealth Rock|[from] move: Defog|[of] p1a: Corviknight
|
|upkeep
|turn|13
|
|t:|1661773749
|move|p2a: Magnezone|Thunderbolt|p1a: Corviknight
|-supereffective|p1a: Corviknight
|-damage|p1a: Corviknight|11/100
|move|p1a: Corviknight|Body Press|p2a: Magnezone
|-supereffective|p2a: Magnezone
|-damage|p2a: Magnezone|57/100
|-enditem|p2a: Magnezone|Air Balloon
|
|upkeep
|turn|14
|
|t:|1661773752
|move|p2a: Magnezone|Thunderbolt|p1a: Corviknight
|-supereffective|p1a: Corviknight
|-damage|p1a: Corviknight|0 fnt
|faint|p1a: Corviknight
|
|upkeep
|
|t:|1661773757
|switch|p1a: Garchomp|Garchomp, M|100/100
|turn|15
|
|t:|1661773760
|move|p1a: Garchomp|Earthquake|p2a: Magnezone
|-supereffective|p2a: Magnezone
|-damage|p2a: Magnezone|0 fnt
|faint|p2a: Magnezone
|
|upkeep
|
|t:|1661773762
|switch|p2a: Weavile|Weavile, M|100/100
|-ability|p2a: Weavile|Pressure
|turn|16
|
|t:|1661773766
|switch|p1a: Volcarona|Volcarona, M|100/100
|move|p2a: Weavile|Knock Off|p1a: Volcarona
|-damage|p1a: Volcarona|57/100
|-enditem|p1a: Volcarona|Heavy-Duty Boots|[from] move: Knock Off|[of] p2a: Weavile
|
|upkeep
|turn|17
|
|t:|1661773769
|switch|p2a: Dragonite|Dragonite, M|100/100
|move|p1a: Volcarona|Fiery Dance|p2a: Dragonite
|-resisted|p2a: Dragonite
|-damage|p2a: Dragonite|90/100
|-boost|p1a: Volcarona|spa|1
|
|upkeep
|turn|18
|
|t:|1661773777
|switch|p1a: Clefable|Clefable, M|63/100
|move|p2a: Dragonite|Dragon Dance|p2a: Dragonite
|-boost|p2a: Dragonite|atk|1
|-boost|p2a: Dragonite|spe|1
|
|upkeep
|turn|19
|
|t:|1661773780
|move|p2a: Dragonite|Dual Wingbeat|p1a: Clefable
|-damage|p1a: Clefable|47/100
|-damage|p1a: Clefable|32/100
|-hitcount|p1a: Clefable|2
|move|p1a: Clefable|Wish|p1a: Clefable
|
|upkeep
|turn|20
|
|t:|1661773785
|switch|p2a: Ferrothorn|Ferrothorn, M|18/100 brn
|move|p1a: Clefable|Protect||[still]
|-fail|p1a: Clefable
|
|-heal|p1a: Clefable|82/100|[from] move: Wish|[wisher] Clefable
|-heal|p2a: Ferrothorn|24/100 brn|[from] item: Leftovers
|-damage|p2a: Ferrothorn|18/100 brn|[from] brn
|upkeep
|turn|21
|
|t:|1661773790
|switch|p1a: Volcarona|Volcarona, M|57/100
|move|p2a: Ferrothorn|Spikes|p1a: Volcarona
|-sidestart|p1: Af Lele.Tomas|Spikes
|
|-heal|p2a: Ferrothorn|24/100 brn|[from] item: Leftovers
|-damage|p2a: Ferrothorn|18/100 brn|[from] brn
|upkeep
|turn|22
|
|t:|1661773795
|switch|p2a: Dragonite|Dragonite, M|90/100
|move|p1a: Volcarona|Roost|p1a: Volcarona
|-heal|p1a: Volcarona|100/100
|-singleturn|p1a: Volcarona|move: Roost
|
|upkeep
|turn|23
|
|t:|1661773799
|switch|p2a: Ferrothorn|Ferrothorn, M|18/100 brn
|switch|p1a: Clefable|Clefable, M|82/100
|-damage|p1a: Clefable|70/100|[from] Spikes
|
|-heal|p2a: Ferrothorn|24/100 brn|[from] item: Leftovers
|-damage|p2a: Ferrothorn|18/100 brn|[from] brn
|upkeep
|turn|24
|
|t:|1661773801
|move|p1a: Clefable|Wish|p1a: Clefable
|move|p2a: Ferrothorn|Leech Seed|p1a: Clefable
|-start|p1a: Clefable|move: Leech Seed
|
|-heal|p2a: Ferrothorn|24/100 brn|[from] item: Leftovers
|-damage|p1a: Clefable|57/100|[from] Leech Seed|[of] p2a: Ferrothorn
|-heal|p2a: Ferrothorn|38/100 brn|[silent]
|-damage|p2a: Ferrothorn|32/100 brn|[from] brn
|upkeep
|turn|25
|
|t:|1661773809
|move|p1a: Clefable|Moonblast|p2a: Ferrothorn
|-resisted|p2a: Ferrothorn
|-damage|p2a: Ferrothorn|17/100 brn
|move|p2a: Ferrothorn|Spikes|p1a: Clefable
|-sidestart|p1: Af Lele.Tomas|Spikes
|
|-heal|p1a: Clefable|100/100|[from] move: Wish|[wisher] Clefable
|-heal|p2a: Ferrothorn|24/100 brn|[from] item: Leftovers
|-damage|p1a: Clefable|88/100|[from] Leech Seed|[of] p2a: Ferrothorn
|-heal|p2a: Ferrothorn|37/100 brn|[silent]
|-damage|p2a: Ferrothorn|31/100 brn|[from] brn
|upkeep
|turn|26
|
|t:|1661773813
|switch|p1a: Volcarona|Volcarona, M|100/100
|-damage|p1a: Volcarona|84/100|[from] Spikes
|move|p2a: Ferrothorn|Leech Seed|p1a: Volcarona
|-start|p1a: Volcarona|move: Leech Seed
|
|-heal|p2a: Ferrothorn|37/100 brn|[from] item: Leftovers
|-damage|p1a: Volcarona|72/100|[from] Leech Seed|[of] p2a: Ferrothorn
|-heal|p2a: Ferrothorn|50/100 brn|[silent]
|-damage|p2a: Ferrothorn|43/100 brn|[from] brn
|upkeep
|turn|27
|
|t:|1661773822
|switch|p1a: Garchomp|Garchomp, M|100/100
|-damage|p1a: Garchomp|84/100|[from] Spikes
|switch|p2a: Dragonite|Dragonite, M|90/100
|
|-heal|p1a: Garchomp|90/100|[from] item: Leftovers
|upkeep
|turn|28
|
|t:|1661773827
|switch|p2a: Toxapex|Toxapex, M|100/100
|move|p1a: Garchomp|Scale Shot|p2a: Toxapex
|-damage|p2a: Toxapex|92/100
|-damage|p2a: Toxapex|83/100
|-damage|p2a: Toxapex|74/100
|-damage|p2a: Toxapex|66/100
|-hitcount|p2a: Toxapex|4
|-enditem|p2a: Toxapex|Eject Button
|-unboost|p1a: Garchomp|def|1
|-boost|p1a: Garchomp|spe|1
|
|t:|1661773829
|switch|p2a: Weavile|Weavile, M|100/100
|-ability|p2a: Weavile|Pressure
|
|-heal|p1a: Garchomp|96/100|[from] item: Leftovers
|upkeep
|turn|29
|
|t:|1661773836
|move|p1a: Garchomp|Fire Fang|p2a: Weavile
|-supereffective|p2a: Weavile
|-damage|p2a: Weavile|22/100
|move|p2a: Weavile|Triple Axel|p1a: Garchomp
|-supereffective|p1a: Garchomp
|-damage|p1a: Garchomp|41/100
|-damage|p2a: Weavile|10/100|[from] ability: Rough Skin|[of] p1a: Garchomp
|-supereffective|p1a: Garchomp
|-damage|p1a: Garchomp|0 fnt
|-damage|p2a: Weavile|0 fnt|[from] ability: Rough Skin|[of] p1a: Garchomp
|faint|p1a: Garchomp
|faint|p2a: Weavile
|-hitcount|p1: Garchomp|2
|
|upkeep
|
|t:|1661773848
|switch|p2a: Toxapex|Toxapex, M|99/100
|switch|p1a: Slowbro|Slowbro, M|100/100
|-damage|p1a: Slowbro|84/100|[from] Spikes
|turn|30
|
|t:|1661773850
|move|p1a: Slowbro|Future Sight|p2a: Toxapex
|-start|p1a: Slowbro|move: Future Sight
|move|p2a: Toxapex|Toxic|p1a: Slowbro
|-status|p1a: Slowbro|tox
|
|-damage|p1a: Slowbro|78/100 tox|[from] psn
|upkeep
|turn|31
|
|t:|1661773863
|switch|p1a: Tyranitar|Tyranitar, M|100/100
|-damage|p1a: Tyranitar|84/100|[from] Spikes
|-weather|Sandstorm|[from] ability: Sand Stream|[of] p1a: Tyranitar
|move|p2a: Toxapex|Scald|p1a: Tyranitar
|-supereffective|p1a: Tyranitar
|-damage|p1a: Tyranitar|70/100
|
|-weather|Sandstorm|[upkeep]
|-damage|p2a: Toxapex|93/100|[from] Sandstorm
|-heal|p1a: Tyranitar|76/100|[from] item: Leftovers
|upkeep
|turn|32
|
|t:|1661773877
|move|p1a: Tyranitar|Earthquake|p2a: Toxapex
|-supereffective|p2a: Toxapex
|-damage|p2a: Toxapex|55/100
|move|p2a: Toxapex|Recover|p2a: Toxapex
|-heal|p2a: Toxapex|100/100
|
|-weather|Sandstorm|[upkeep]
|-damage|p2a: Toxapex|95/100|[from] Sandstorm
|-end|p2a: Toxapex|move: Future Sight
|-supereffective|p2a: Toxapex
|-damage|p2a: Toxapex|35/100
|-heal|p1a: Tyranitar|82/100|[from] item: Leftovers
|upkeep
|turn|33
|
|t:|1661773886
|switch|p2a: Ferrothorn|Ferrothorn, M|43/100 brn
|move|p1a: Tyranitar|Earthquake|p2a: Ferrothorn
|-damage|p2a: Ferrothorn|25/100 brn
|
|-weather|Sandstorm|[upkeep]
|-heal|p1a: Tyranitar|89/100|[from] item: Leftovers
|-heal|p2a: Ferrothorn|31/100 brn|[from] item: Leftovers
|-damage|p2a: Ferrothorn|25/100 brn|[from] brn
|upkeep
|turn|34
|
|t:|1661773890
|move|p1a: Tyranitar|Flamethrower|p2a: Ferrothorn
|-supereffective|p2a: Ferrothorn
|-damage|p2a: Ferrothorn|0 fnt
|faint|p2a: Ferrothorn
|
|-weather|Sandstorm|[upkeep]
|-heal|p1a: Tyranitar|95/100|[from] item: Leftovers
|upkeep
|
|t:|1661773892
|switch|p2a: Dragonite|Dragonite, M|90/100
|turn|35
|
|t:|1661773895
|move|p2a: Dragonite|Dual Wingbeat|p1a: Tyranitar
|-resisted|p1a: Tyranitar
|-damage|p1a: Tyranitar|87/100
|-resisted|p1a: Tyranitar
|-damage|p1a: Tyranitar|78/100
|-hitcount|p1a: Tyranitar|2
|move|p1a: Tyranitar|Rock Blast|p2a: Dragonite
|-supereffective|p2a: Dragonite
|-damage|p2a: Dragonite|66/100
|-supereffective|p2a: Dragonite
|-damage|p2a: Dragonite|41/100
|-supereffective|p2a: Dragonite
|-damage|p2a: Dragonite|14/100
|-supereffective|p2a: Dragonite
|-damage|p2a: Dragonite|0 fnt
|faint|p2a: Dragonite
|-hitcount|p2: Dragonite|4
|
|-weather|none
|-heal|p1a: Tyranitar|85/100|[from] item: Leftovers
|upkeep
|-message|Meracx forfeited.
|
|win|Af Lele.Tomas
|raw|Af Lele.Tomas's rating: 1813 &rarr; <strong>1835</strong><br />(+22 for winning)
|raw|Meracx's rating: 1841 &rarr; <strong>1819</strong><br />(-22 for losing)
|l|☆Meracx
