|j|☆JoeyOwesMeMoney
|j|☆UUH4 Adrift
|player|p1|JoeyOwesMeMoney|101|1798
|player|p2|UUH4 Adrift|acetrainerf|1789
|teamsize|p1|6
|teamsize|p2|6
|gametype|singles
|gen|8
|tier|[Gen 8] OU
|rated|
|clearpoke
|poke|p1|Chansey, F|
|poke|p1|Toxapex, F|
|poke|p1|Clefable, F|
|poke|p1|Corviknight, M|
|poke|p1|Magearna|
|poke|p1|Blissey, F|
|poke|p2|Magnezone|
|poke|p2|Toxapex, M|
|poke|p2|Tangrowth, M|
|poke|p2|Hippowdon, M|
|poke|p2|Volcarona, M|
|poke|p2|Mandibuzz, F|
|rule|Sleep Clause Mod: Limit one foe put to sleep
|rule|Species Clause: Limit one of each Pokémon
|rule|OHKO Clause: OHKO moves are banned
|rule|Evasion Moves Clause: Evasion moves are banned
|rule|Endless Battle Clause: Forcing endless battles is banned
|rule|HP Percentage Mod: HP is shown in percentages
|rule|Dynamax Clause: You cannot dynamax
|teampreview
|j| Pharaoh Jay Amir
|j| Based Vanz
|inactive|Battle timer is ON: inactive players will automatically lose when time's up. (requested by JoeyOwesMeMoney)
|
|start
|switch|p1a: Toxapex|Toxapex, F|100/100
|switch|p2a: out the way|Tangrowth, M, shiny|100/100
|turn|1
|
|move|p2a: out the way|Knock Off|p1a: Toxapex
|-damage|p1a: Toxapex|87/100
|-enditem|p1a: Toxapex|Black Sludge|[from] move: Knock Off|[of] p2a: out the way
|move|p1a: Toxapex|Knock Off|p2a: out the way
|-damage|p2a: out the way|91/100
|-enditem|p2a: out the way|Assault Vest|[from] move: Knock Off|[of] p1a: Toxapex
|
|upkeep
|turn|2
|
|switch|p2a: remington|Magnezone|100/100
|move|p1a: Toxapex|Toxic Spikes|p2a: remington
|-sidestart|p2: UUH4 Adrift|move: Toxic Spikes
|
|upkeep
|turn|3
|
|switch|p1a: Chansey|Chansey, F|100/100
|move|p2a: remington|Volt Switch|p1a: Chansey
|-damage|p1a: Chansey|89/100
|j| ASC-BrothaOptions
|
|switch|p2a: Toxapex|Toxapex, M|100/100|[from]move: Volt Switch
|-sideend|p2: UUH4 Adrift|move: Toxic Spikes|[of] p2a: Toxapex
|
|upkeep
|turn|4
|
|switch|p1a: Toxapex|Toxapex, F|100/100
|move|p2a: Toxapex|Toxic Spikes|p1a: Toxapex
|-sidestart|p1: JoeyOwesMeMoney|move: Toxic Spikes
|
|upkeep
|turn|5
|
|switch|p2a: Hippowdon|Hippowdon, M|100/100
|-weather|Sandstorm|[from] ability: Sand Stream|[of] p2a: Hippowdon
|move|p1a: Toxapex|Knock Off|p2a: Hippowdon
|-damage|p2a: Hippowdon|92/100
|-enditem|p2a: Hippowdon|Leftovers|[from] move: Knock Off|[of] p1a: Toxapex
|
|-weather|Sandstorm|[upkeep]
|-damage|p1a: Toxapex|95/100|[from] Sandstorm
|upkeep
|turn|6
|j| CCOVID19
|j| murica is shit
|
|switch|p1a: Corviknight|Corviknight, M|100/100
|-ability|p1a: Corviknight|Pressure
|move|p2a: Hippowdon|Stealth Rock|p1a: Corviknight
|-sidestart|p1: JoeyOwesMeMoney|move: Stealth Rock
|
|-weather|Sandstorm|[upkeep]
|upkeep
|turn|7
|
|switch|p1a: Toxapex|Toxapex, F|100/100
|-damage|p1a: Toxapex|88/100|[from] Stealth Rock
|-sideend|p1: JoeyOwesMeMoney|move: Toxic Spikes|[of] p1a: Toxapex
|switch|p2a: remington|Magnezone|100/100
|
|-weather|Sandstorm|[upkeep]
|-damage|p1a: Toxapex|82/100|[from] Sandstorm
|upkeep
|turn|8
|
|switch|p1a: Blissey|Blissey, F|100/100
|-damage|p1a: Blissey|88/100|[from] Stealth Rock
|move|p2a: remington|Volt Switch|p1a: Blissey
|-damage|p1a: Blissey|74/100
|j| DevilishGreg
|
|switch|p2a: out the way|Tangrowth, M, shiny|100/100|[from]move: Volt Switch
|
|-weather|Sandstorm|[upkeep]
|-damage|p1a: Blissey|67/100|[from] Sandstorm
|-damage|p2a: out the way|94/100|[from] Sandstorm
|-heal|p1a: Blissey|74/100|[from] item: Leftovers
|upkeep
|turn|9
|
|switch|p1a: Toxapex|Toxapex, F|100/100
|-damage|p1a: Toxapex|88/100|[from] Stealth Rock
|switch|p2a: remington|Magnezone|100/100
|
|-weather|none
|upkeep
|turn|10
|
|switch|p1a: Blissey|Blissey, F|74/100
|-damage|p1a: Blissey|61/100|[from] Stealth Rock
|move|p2a: remington|Thunderbolt|p1a: Blissey
|-damage|p1a: Blissey|44/100
|
|-heal|p1a: Blissey|50/100|[from] item: Leftovers
|upkeep
|turn|11
|j| Accountstolenagain
|l| Based Vanz
|
|switch|p2a: Mandibuzz|Mandibuzz, F|100/100
|move|p1a: Blissey|Soft-Boiled|p1a: Blissey
|-heal|p1a: Blissey|99/100
|
|-heal|p1a: Blissey|100/100|[from] item: Leftovers
|upkeep
|turn|12
|
|switch|p1a: Toxapex|Toxapex, F|100/100
|-damage|p1a: Toxapex|88/100|[from] Stealth Rock
|move|p2a: Mandibuzz|U-turn|p1a: Toxapex
|-resisted|p1a: Toxapex
|-damage|p1a: Toxapex|85/100
|j| the baddest boy
|
|switch|p2a: remington|Magnezone|100/100|[from]move: U-turn
|
|upkeep
|turn|13
|
|switch|p1a: Blissey|Blissey, F|100/100
|-damage|p1a: Blissey|88/100|[from] Stealth Rock
|move|p2a: remington|Volt Switch|p1a: Blissey
|-damage|p1a: Blissey|73/100
|j| ztxw
|
|switch|p2a: out the way|Tangrowth, M, shiny|100/100|[from]move: Volt Switch
|
|-heal|p1a: Blissey|79/100|[from] item: Leftovers
|upkeep
|turn|14
|
|switch|p1a: Toxapex|Toxapex, F|100/100
|-damage|p1a: Toxapex|88/100|[from] Stealth Rock
|move|p2a: out the way|Knock Off|p1a: Toxapex
|-damage|p1a: Toxapex|78/100
|
|upkeep
|turn|15
|
|move|p2a: out the way|Knock Off|p1a: Toxapex
|-damage|p1a: Toxapex|69/100
|move|p1a: Toxapex|Scald|p2a: out the way
|-resisted|p2a: out the way
|-damage|p2a: out the way|93/100
|-status|p2a: out the way|brn
|
|-damage|p2a: out the way|87/100 brn|[from] brn
|upkeep
|turn|16
|
|switch|p2a: remington|Magnezone|100/100
|move|p1a: Toxapex|Scald|p2a: remington
|-damage|p2a: remington|77/100
|-status|p2a: remington|brn
|
|-damage|p2a: remington|71/100 brn|[from] brn
|upkeep
|turn|17
|
|switch|p1a: Blissey|Blissey, F|79/100
|-damage|p1a: Blissey|67/100|[from] Stealth Rock
|move|p2a: remington|Volt Switch|p1a: Blissey
|-damage|p1a: Blissey|53/100
|j| cancer02
|c| Accountstolenagain|It should only Volt Switch.
|
|switch|p2a: out the way|Tangrowth, M, shiny|100/100 brn|[from]move: Volt Switch
|
|-heal|p1a: Blissey|60/100|[from] item: Leftovers
|-damage|p2a: out the way|94/100 brn|[from] brn
|upkeep
|turn|18
|
|switch|p1a: Toxapex|Toxapex, F|100/100
|-damage|p1a: Toxapex|88/100|[from] Stealth Rock
|switch|p2a: remington|Magnezone|71/100 brn
|
|-damage|p2a: remington|65/100 brn|[from] brn
|upkeep
|turn|19
|
|switch|p1a: Blissey|Blissey, F|60/100
|-damage|p1a: Blissey|47/100|[from] Stealth Rock
|move|p2a: remington|Volt Switch|p1a: Blissey
|-damage|p1a: Blissey|34/100
|j| Ph4ntom03
|inactive|UUH4 Adrift has 120 seconds left.
|
|switch|p2a: out the way|Tangrowth, M, shiny|100/100 brn|[from]move: Volt Switch
|
|-heal|p1a: Blissey|40/100|[from] item: Leftovers
|-damage|p2a: out the way|94/100 brn|[from] brn
|upkeep
|turn|20
|
|move|p1a: Blissey|Soft-Boiled|p1a: Blissey
|-heal|p1a: Blissey|90/100
|move|p2a: out the way|Knock Off|p1a: Blissey
|-damage|p1a: Blissey|80/100
|-enditem|p1a: Blissey|Leftovers|[from] move: Knock Off|[of] p2a: out the way
|
|-damage|p2a: out the way|88/100 brn|[from] brn
|upkeep
|turn|21
|
|move|p1a: Blissey|Wish|p1a: Blissey
|move|p2a: out the way|Giga Drain|p1a: Blissey
|-damage|p1a: Blissey|71/100
|-heal|p2a: out the way|97/100 brn|[from] drain|[of] p1a: Blissey
|
|-damage|p2a: out the way|91/100 brn|[from] brn
|upkeep
|turn|22
|c| DevilishGreg|Why is Blissey afraid of Tang?
|
|move|p1a: Blissey|Seismic Toss|p2a: out the way
|-damage|p2a: out the way|66/100 brn
|move|p2a: out the way|Knock Off|p1a: Blissey
|-damage|p1a: Blissey|65/100
|
|-heal|p1a: Blissey|100/100|[from] move: Wish|[wisher] Blissey
|-damage|p2a: out the way|60/100 brn|[from] brn
|upkeep
|turn|23
|
|switch|p2a: Toxapex|Toxapex, M|100/100
|move|p1a: Blissey|Wish|p1a: Blissey
|
|upkeep
|turn|24
|c| Accountstolenagain|Knock Off hurts over time
|l| murica is shit
|
|switch|p1a: Chansey|Chansey, F|89/100
|-damage|p1a: Chansey|76/100|[from] Stealth Rock
|move|p2a: Toxapex|Toxic Spikes|p1a: Chansey
|-sidestart|p1: JoeyOwesMeMoney|move: Toxic Spikes
|
|-heal|p1a: Chansey|100/100|[from] move: Wish|[wisher] Blissey
|upkeep
|turn|25
|
|move|p1a: Chansey|Stealth Rock|p2a: Toxapex
|-sidestart|p2: UUH4 Adrift|move: Stealth Rock
|move|p2a: Toxapex|Toxic Spikes|p1a: Chansey
|-sidestart|p1: JoeyOwesMeMoney|move: Toxic Spikes
|
|upkeep
|turn|26
|j| TheScopaKing
|c| Accountstolenagain|Rocks+Volt Switch
|
|switch|p1a: Toxapex|Toxapex, F|100/100
|-sideend|p1: JoeyOwesMeMoney|move: Toxic Spikes|[of] p1a: Toxapex
|-damage|p1a: Toxapex|88/100|[from] Stealth Rock
|move|p2a: Toxapex|Toxic Spikes|p1a: Toxapex
|-sidestart|p1: JoeyOwesMeMoney|move: Toxic Spikes
|
|upkeep
|turn|27
|l| ztxw
|j| Daog
|
|switch|p2a: Mandibuzz|Mandibuzz, F|100/100
|move|p1a: Toxapex|Scald|p2a: Mandibuzz
|-damage|p2a: Mandibuzz|89/100
|
|upkeep
|turn|28
|j| JustChris98 ❤
|
|move|p2a: Mandibuzz|U-turn|p1a: Toxapex
|-resisted|p1a: Toxapex
|-damage|p1a: Toxapex|85/100
|
|switch|p2a: out the way|Tangrowth, M, shiny|93/100 brn|[from]move: U-turn
|-damage|p2a: out the way|80/100 brn|[from] Stealth Rock
|move|p1a: Toxapex|Knock Off|p2a: out the way
|-damage|p2a: out the way|73/100 brn
|
|-damage|p2a: out the way|67/100 brn|[from] brn
|upkeep
|turn|29
|
|move|p2a: out the way|Knock Off|p1a: Toxapex
|-damage|p1a: Toxapex|80/100
|move|p1a: Toxapex|Toxic Spikes|p2a: out the way
|-sidestart|p2: UUH4 Adrift|move: Toxic Spikes
|
|-damage|p2a: out the way|60/100 brn|[from] brn
|upkeep
|turn|30
|
|move|p2a: out the way|Giga Drain|p1a: Toxapex
|-damage|p1a: Toxapex|57/100
|-heal|p2a: out the way|69/100 brn|[from] drain|[of] p1a: Toxapex
|move|p1a: Toxapex|Scald|p2a: out the way
|-resisted|p2a: out the way
|-damage|p2a: out the way|62/100 brn
|
|-damage|p2a: out the way|55/100 brn|[from] brn
|upkeep
|turn|31
|
|move|p2a: out the way|Knock Off|p1a: Toxapex
|-damage|p1a: Toxapex|53/100
|move|p1a: Toxapex|Poison Jab|p2a: out the way
|-supereffective|p2a: out the way
|-damage|p2a: out the way|28/100 brn
|
|-damage|p2a: out the way|22/100 brn|[from] brn
|upkeep
|turn|32
|
|switch|p2a: Toxapex|Toxapex, M|100/100
|-damage|p2a: Toxapex|88/100|[from] Stealth Rock
|-sideend|p2: UUH4 Adrift|move: Toxic Spikes|[of] p2a: Toxapex
|move|p1a: Toxapex|Scald|p2a: Toxapex
|-resisted|p2a: Toxapex
|-damage|p2a: Toxapex|82/100
|
|-heal|p2a: Toxapex|88/100|[from] item: Black Sludge
|upkeep
|turn|33
|j| Ellen DeGenerates
|
|move|p2a: Toxapex|Scald|p1a: Toxapex
|-resisted|p1a: Toxapex
|-damage|p1a: Toxapex|46/100
|-status|p1a: Toxapex|brn
|move|p1a: Toxapex|Knock Off|p2a: Toxapex
|-damage|p2a: Toxapex|83/100
|-enditem|p2a: Toxapex|Black Sludge|[from] move: Knock Off|[of] p1a: Toxapex
|
|-damage|p1a: Toxapex|40/100 brn|[from] brn
|upkeep
|turn|34
|
|switch|p2a: remington|Magnezone|65/100 brn
|-damage|p2a: remington|59/100 brn|[from] Stealth Rock
|switch|p1a: Corviknight|Corviknight, M|100/100
|-damage|p1a: Corviknight|88/100|[from] Stealth Rock
|-ability|p1a: Corviknight|Pressure
|
|-damage|p2a: remington|52/100 brn|[from] brn
|upkeep
|turn|35
|
|move|p2a: remington|Volt Switch|p1a: Corviknight
|-supereffective|p1a: Corviknight
|-damage|p1a: Corviknight|20/100
|
|switch|p2a: Volcarona|Volcarona, M|100/100|[from]move: Volt Switch
|move|p1a: Corviknight|Body Press|p2a: Volcarona
|-resisted|p2a: Volcarona
|-damage|p2a: Volcarona|83/100
|
|upkeep
|turn|36
|
|switch|p1a: Toxapex|Toxapex, F|73/100 brn
|-damage|p1a: Toxapex|61/100 brn|[from] Stealth Rock
|-sideend|p1: JoeyOwesMeMoney|move: Toxic Spikes|[of] p1a: Toxapex
|move|p2a: Volcarona|Fiery Dance|p1a: Toxapex
|-resisted|p1a: Toxapex
|-damage|p1a: Toxapex|46/100 brn
|
|-damage|p1a: Toxapex|40/100 brn|[from] brn
|upkeep
|turn|37
|j| xybnb
|
|switch|p2a: Toxapex|Toxapex, M|100/100
|-damage|p2a: Toxapex|88/100|[from] Stealth Rock
|switch|p1a: Chansey|Chansey, F|100/100
|-damage|p1a: Chansey|88/100|[from] Stealth Rock
|
|upkeep
|turn|38
|
|move|p1a: Chansey|Seismic Toss|p2a: Toxapex
|-damage|p2a: Toxapex|55/100
|move|p2a: Toxapex|Scald|p1a: Chansey
|-damage|p1a: Chansey|83/100
|
|upkeep
|turn|39
|
|move|p1a: Chansey|Seismic Toss|p2a: Toxapex
|-damage|p2a: Toxapex|22/100
|move|p2a: Toxapex|Recover|p2a: Toxapex
|-heal|p2a: Toxapex|72/100
|
|upkeep
|turn|40
|
|move|p1a: Chansey|Seismic Toss|p2a: Toxapex
|-damage|p2a: Toxapex|39/100
|move|p2a: Toxapex|Toxic Spikes|p1a: Chansey
|-sidestart|p1: JoeyOwesMeMoney|move: Toxic Spikes
|
|upkeep
|turn|41
|
|move|p1a: Chansey|Seismic Toss|p2a: Toxapex
|-damage|p2a: Toxapex|6/100
|move|p2a: Toxapex|Recover|p2a: Toxapex
|-heal|p2a: Toxapex|56/100
|
|upkeep
|turn|42
|
|move|p1a: Chansey|Seismic Toss|p2a: Toxapex
|-damage|p2a: Toxapex|24/100
|move|p2a: Toxapex|Recover|p2a: Toxapex
|-heal|p2a: Toxapex|74/100
|
|upkeep
|turn|43
|
|switch|p2a: Hippowdon|Hippowdon, M|92/100
|-damage|p2a: Hippowdon|86/100|[from] Stealth Rock
|-weather|Sandstorm|[from] ability: Sand Stream|[of] p2a: Hippowdon
|move|p1a: Chansey|Seismic Toss|p2a: Hippowdon
|-damage|p2a: Hippowdon|62/100
|
|-weather|Sandstorm|[upkeep]
|-damage|p1a: Chansey|76/100|[from] Sandstorm
|upkeep
|turn|44
|
|switch|p2a: Mandibuzz|Mandibuzz, F|89/100
|move|p1a: Chansey|Toxic|p2a: Mandibuzz
|-status|p2a: Mandibuzz|tox
|
|-weather|Sandstorm|[upkeep]
|-damage|p1a: Chansey|70/100|[from] Sandstorm
|-damage|p2a: Mandibuzz|83/100 tox|[from] psn
|upkeep
|turn|45
|
|switch|p1a: Toxapex|Toxapex, F|73/100 brn
|-sideend|p1: JoeyOwesMeMoney|move: Toxic Spikes|[of] p1a: Toxapex
|-damage|p1a: Toxapex|61/100 brn|[from] Stealth Rock
|move|p2a: Mandibuzz|U-turn|p1a: Toxapex
|-resisted|p1a: Toxapex
|-damage|p1a: Toxapex|58/100 brn
|
|switch|p2a: remington|Magnezone|52/100 brn|[from]move: U-turn
|-damage|p2a: remington|46/100 brn|[from] Stealth Rock
|
|-weather|Sandstorm|[upkeep]
|-damage|p1a: Toxapex|52/100 brn|[from] Sandstorm
|-damage|p2a: remington|40/100 brn|[from] brn
|-damage|p1a: Toxapex|46/100 brn|[from] brn
|upkeep
|turn|46
|
|switch|p1a: Blissey|Blissey, F|100/100
|-damage|p1a: Blissey|88/100|[from] Stealth Rock
|move|p2a: remington|Volt Switch|p1a: Blissey
|-damage|p1a: Blissey|74/100
|
|switch|p2a: Toxapex|Toxapex, M|100/100|[from]move: Volt Switch
|-damage|p2a: Toxapex|88/100|[from] Stealth Rock
|
|-weather|Sandstorm|[upkeep]
|-damage|p1a: Blissey|68/100|[from] Sandstorm
|-damage|p2a: Toxapex|82/100|[from] Sandstorm
|upkeep
|turn|47
|
|move|p1a: Blissey|Seismic Toss|p2a: Toxapex
|-damage|p2a: Toxapex|49/100
|move|p2a: Toxapex|Scald|p1a: Blissey
|-damage|p1a: Blissey|61/100
|
|-weather|none
|upkeep
|turn|48
|
|move|p1a: Blissey|Seismic Toss|p2a: Toxapex
|-damage|p2a: Toxapex|16/100
|move|p2a: Toxapex|Recover|p2a: Toxapex
|-heal|p2a: Toxapex|66/100
|
|upkeep
|turn|49
|
|move|p1a: Blissey|Soft-Boiled|p1a: Blissey
|-heal|p1a: Blissey|100/100
|move|p2a: Toxapex|Recover|p2a: Toxapex
|-heal|p2a: Toxapex|100/100
|
|upkeep
|turn|50
|
|switch|p1a: Corviknight|Corviknight, M|20/100
|-damage|p1a: Corviknight|8/100|[from] Stealth Rock
|-ability|p1a: Corviknight|Pressure
|move|p2a: Toxapex|Toxic Spikes|p1a: Corviknight
|-sidestart|p1: JoeyOwesMeMoney|move: Toxic Spikes
|
|upkeep
|turn|51
|
|switch|p2a: remington|Magnezone|40/100 brn
|-damage|p2a: remington|34/100 brn|[from] Stealth Rock
|move|p1a: Corviknight|Roost|p1a: Corviknight
|-heal|p1a: Corviknight|58/100
|-singleturn|p1a: Corviknight|move: Roost
|
|-damage|p2a: remington|28/100 brn|[from] brn
|upkeep
|turn|52
|j| kovez
|l| ASC-BrothaOptions
|
|move|p2a: remington|Thunderbolt|p1a: Corviknight
|-supereffective|p1a: Corviknight
|-damage|p1a: Corviknight|0 fnt
|faint|p1a: Corviknight
|
|-damage|p2a: remington|22/100 brn|[from] brn
|upkeep
|
|switch|p1a: Toxapex|Toxapex, F|79/100 brn
|-damage|p1a: Toxapex|67/100 brn|[from] Stealth Rock
|-sideend|p1: JoeyOwesMeMoney|move: Toxic Spikes|[of] p1a: Toxapex
|turn|53
|l| Daog
|c| kovez|gg kid
|
|switch|p2a: out the way|Tangrowth, M, shiny|55/100 brn
|-damage|p2a: out the way|43/100 brn|[from] Stealth Rock
|switch|p1a: Blissey|Blissey, F|100/100
|-damage|p1a: Blissey|88/100|[from] Stealth Rock
|
|-damage|p2a: out the way|37/100 brn|[from] brn
|upkeep
|turn|54
|
|switch|p2a: Toxapex|Toxapex, M|100/100
|-damage|p2a: Toxapex|88/100|[from] Stealth Rock
|move|p1a: Blissey|Seismic Toss|p2a: Toxapex
|-damage|p2a: Toxapex|55/100
|
|upkeep
|turn|55
|
|move|p1a: Blissey|Seismic Toss|p2a: Toxapex
|-damage|p2a: Toxapex|22/100
|move|p2a: Toxapex|Recover|p2a: Toxapex
|-heal|p2a: Toxapex|72/100
|
|upkeep
|turn|56
|
|move|p1a: Blissey|Seismic Toss|p2a: Toxapex
|-damage|p2a: Toxapex|39/100
|move|p2a: Toxapex|Toxic Spikes|p1a: Blissey
|-sidestart|p1: JoeyOwesMeMoney|move: Toxic Spikes
|
|upkeep
|turn|57
|
|switch|p1a: Toxapex|Toxapex, F|100/100 brn
|-sideend|p1: JoeyOwesMeMoney|move: Toxic Spikes|[of] p1a: Toxapex
|-damage|p1a: Toxapex|88/100 brn|[from] Stealth Rock
|move|p2a: Toxapex|Recover|p2a: Toxapex
|-heal|p2a: Toxapex|89/100
|
|-damage|p1a: Toxapex|82/100 brn|[from] brn
|upkeep
|turn|58
|l| Accountstolenagain
|
|switch|p1a: Chansey|Chansey, F|70/100
|-damage|p1a: Chansey|58/100|[from] Stealth Rock
|move|p2a: Toxapex|Toxic Spikes|p1a: Chansey
|-sidestart|p1: JoeyOwesMeMoney|move: Toxic Spikes
|
|upkeep
|turn|59
|
|switch|p2a: Mandibuzz|Mandibuzz, F|83/100 tox
|move|p1a: Chansey|Soft-Boiled|p1a: Chansey
|-heal|p1a: Chansey|100/100
|
|-damage|p2a: Mandibuzz|77/100 tox|[from] psn
|upkeep
|turn|60
|
|switch|p1a: Toxapex|Toxapex, F|100/100 brn
|-damage|p1a: Toxapex|88/100 brn|[from] Stealth Rock
|-sideend|p1: JoeyOwesMeMoney|move: Toxic Spikes|[of] p1a: Toxapex
|move|p2a: Mandibuzz|U-turn|p1a: Toxapex
|-resisted|p1a: Toxapex
|-damage|p1a: Toxapex|85/100 brn
|
|switch|p2a: Hippowdon|Hippowdon, M|62/100|[from]move: U-turn
|-damage|p2a: Hippowdon|56/100|[from] Stealth Rock
|-weather|Sandstorm|[from] ability: Sand Stream|[of] p2a: Hippowdon
|
|-weather|Sandstorm|[upkeep]
|-damage|p1a: Toxapex|79/100 brn|[from] Sandstorm
|-damage|p1a: Toxapex|73/100 brn|[from] brn
|upkeep
|turn|61
|c| DevilishGreg|16 recover vs 64 ST
|
|move|p2a: Hippowdon|Slack Off|p2a: Hippowdon
|-heal|p2a: Hippowdon|100/100
|move|p1a: Toxapex|Scald|p2a: Hippowdon
|-supereffective|p2a: Hippowdon
|-damage|p2a: Hippowdon|73/100
|
|-weather|Sandstorm|[upkeep]
|-damage|p1a: Toxapex|67/100 brn|[from] Sandstorm
|-damage|p1a: Toxapex|61/100 brn|[from] brn
|upkeep
|turn|62
|
|move|p2a: Hippowdon|Earthquake|p1a: Toxapex
|-supereffective|p1a: Toxapex
|-damage|p1a: Toxapex|13/100 brn
|move|p1a: Toxapex|Scald|p2a: Hippowdon
|-supereffective|p2a: Hippowdon
|-damage|p2a: Hippowdon|44/100
|
|-weather|Sandstorm|[upkeep]
|-damage|p1a: Toxapex|7/100 brn|[from] Sandstorm
|-damage|p1a: Toxapex|1/100 brn|[from] brn
|upkeep
|turn|63
|j| kanekashi
|j| ASC-BrothaOptions
|
|switch|p1a: Chansey|Chansey, F|100/100
|-damage|p1a: Chansey|88/100|[from] Stealth Rock
|move|p2a: Hippowdon|Slack Off|p2a: Hippowdon
|-heal|p2a: Hippowdon|94/100
|
|-weather|Sandstorm|[upkeep]
|-damage|p1a: Chansey|82/100|[from] Sandstorm
|upkeep
|turn|64
|c| kovez|boringgggggg
|j| Love Is Cruel
|
|switch|p2a: Toxapex|Toxapex, M|100/100
|-damage|p2a: Toxapex|88/100|[from] Stealth Rock
|move|p1a: Chansey|Toxic|p2a: Toxapex
|-immune|p2a: Toxapex
|
|-weather|none
|upkeep
|turn|65
|
|move|p1a: Chansey|Seismic Toss|p2a: Toxapex
|-damage|p2a: Toxapex|55/100
|move|p2a: Toxapex|Toxic Spikes|p1a: Chansey
|-sidestart|p1: JoeyOwesMeMoney|move: Toxic Spikes
|
|upkeep
|turn|66
|
|switch|p2a: Hippowdon|Hippowdon, M|94/100
|-damage|p2a: Hippowdon|88/100|[from] Stealth Rock
|-weather|Sandstorm|[from] ability: Sand Stream|[of] p2a: Hippowdon
|move|p1a: Chansey|Seismic Toss|p2a: Hippowdon
|-damage|p2a: Hippowdon|64/100
|
|-weather|Sandstorm|[upkeep]
|-damage|p1a: Chansey|76/100|[from] Sandstorm
|upkeep
|turn|67
|
|switch|p2a: Toxapex|Toxapex, M|88/100
|-damage|p2a: Toxapex|76/100|[from] Stealth Rock
|move|p1a: Chansey|Toxic|p2a: Toxapex
|-immune|p2a: Toxapex
|
|-weather|Sandstorm|[upkeep]
|-damage|p1a: Chansey|70/100|[from] Sandstorm
|-damage|p2a: Toxapex|70/100|[from] Sandstorm
|upkeep
|turn|68
|
|switch|p2a: Mandibuzz|Mandibuzz, F|77/100 tox
|move|p1a: Chansey|Seismic Toss|p2a: Mandibuzz
|-damage|p2a: Mandibuzz|53/100 tox
|
|-weather|Sandstorm|[upkeep]
|-damage|p1a: Chansey|64/100|[from] Sandstorm
|-damage|p2a: Mandibuzz|47/100 tox|[from] psn
|upkeep
|turn|69
|
|move|p2a: Mandibuzz|U-turn|p1a: Chansey
|-damage|p1a: Chansey|56/100
|
|switch|p2a: out the way|Tangrowth, M, shiny|70/100 brn|[from]move: U-turn
|-damage|p2a: out the way|57/100 brn|[from] Stealth Rock
|move|p1a: Chansey|Seismic Toss|p2a: out the way
|-damage|p2a: out the way|33/100 brn
|
|-weather|Sandstorm|[upkeep]
|-damage|p1a: Chansey|50/100|[from] Sandstorm
|-damage|p2a: out the way|26/100 brn|[from] Sandstorm
|-damage|p2a: out the way|20/100 brn|[from] brn
|upkeep
|turn|70
|l| kovez
|inactive|JoeyOwesMeMoney has 120 seconds left.
|
|switch|p1a: Magearna|Magearna|100/100
|-damage|p1a: Magearna|94/100|[from] Stealth Rock
|switch|p2a: Toxapex|Toxapex, M|100/100
|-damage|p2a: Toxapex|88/100|[from] Stealth Rock
|
|-weather|none
|upkeep
|turn|71
|j|+rosa
|
|move|p1a: Magearna|Thunderbolt|p2a: Toxapex
|-supereffective|p2a: Toxapex
|-damage|p2a: Toxapex|3/100
|move|p2a: Toxapex|Scald|p1a: Magearna
|-damage|p1a: Magearna|81/100
|
|upkeep
|turn|72
|
|switch|p1a: Toxapex|Toxapex, F|34/100 brn
|-damage|p1a: Toxapex|22/100 brn|[from] Stealth Rock
|-sideend|p1: JoeyOwesMeMoney|move: Toxic Spikes|[of] p1a: Toxapex
|switch|p2a: Hippowdon|Hippowdon, M|64/100
|-damage|p2a: Hippowdon|58/100|[from] Stealth Rock
|-weather|Sandstorm|[from] ability: Sand Stream|[of] p2a: Hippowdon
|
|-weather|Sandstorm|[upkeep]
|-damage|p1a: Toxapex|16/100 brn|[from] Sandstorm
|-damage|p1a: Toxapex|10/100 brn|[from] brn
|upkeep
|turn|73
|
|switch|p1a: Clefable|Clefable, F|100/100
|-damage|p1a: Clefable|88/100|[from] Stealth Rock
|move|p2a: Hippowdon|Earthquake|p1a: Clefable
|-damage|p1a: Clefable|59/100
|
|-weather|Sandstorm|[upkeep]
|-damage|p1a: Clefable|53/100|[from] Sandstorm
|-heal|p1a: Clefable|59/100|[from] item: Leftovers
|upkeep
|turn|74
|
|move|p1a: Clefable|Protect|p1a: Clefable
|-singleturn|p1a: Clefable|Protect
|move|p2a: Hippowdon|Earthquake|p1a: Clefable
|-activate|p1a: Clefable|move: Protect
|
|-weather|Sandstorm|[upkeep]
|-damage|p1a: Clefable|53/100|[from] Sandstorm
|-heal|p1a: Clefable|59/100|[from] item: Leftovers
|upkeep
|turn|75
|
|move|p1a: Clefable|Moonblast|p2a: Hippowdon
|-damage|p2a: Hippowdon|29/100
|move|p2a: Hippowdon|Earthquake|p1a: Clefable
|-damage|p1a: Clefable|31/100
|
|-weather|Sandstorm|[upkeep]
|-damage|p1a: Clefable|24/100|[from] Sandstorm
|-heal|p1a: Clefable|31/100|[from] item: Leftovers
|upkeep
|turn|76
|j| Cridentials-
|
|switch|p2a: Volcarona|Volcarona, M|83/100
|move|p1a: Clefable|Moonblast|p2a: Volcarona
|-resisted|p2a: Volcarona
|-damage|p2a: Volcarona|67/100
|-unboost|p2a: Volcarona|spa|1
|
|-weather|none
|-heal|p1a: Clefable|37/100|[from] item: Leftovers
|upkeep
|turn|77
|l| the baddest boy
|inactive|UUH4 Adrift has 120 seconds left.
|
|switch|p2a: remington|Magnezone|22/100 brn
|-damage|p2a: remington|16/100 brn|[from] Stealth Rock
|move|p1a: Clefable|Protect||[still]
|-fail|p1a: Clefable
|
|-heal|p1a: Clefable|43/100|[from] item: Leftovers
|-damage|p2a: remington|10/100 brn|[from] brn
|upkeep
|turn|78
|
|switch|p2a: Toxapex|Toxapex, M|36/100
|-damage|p2a: Toxapex|24/100|[from] Stealth Rock
|move|p1a: Clefable|Protect||[still]
|-fail|p1a: Clefable
|
|-heal|p1a: Clefable|49/100|[from] item: Leftovers
|upkeep
|turn|79
|
|move|p1a: Clefable|Wish|p1a: Clefable
|move|p2a: Toxapex|Recover|p2a: Toxapex
|-heal|p2a: Toxapex|74/100
|
|-heal|p1a: Clefable|55/100|[from] item: Leftovers
|upkeep
|turn|80
|j| HLT1B TUCUNANA
|l| xybnb
|
|move|p1a: Clefable|Moonblast|p2a: Toxapex
|-resisted|p2a: Toxapex
|-damage|p2a: Toxapex|61/100
|-unboost|p2a: Toxapex|spa|1
|move|p2a: Toxapex|Toxic Spikes|p1a: Clefable
|-sidestart|p1: JoeyOwesMeMoney|move: Toxic Spikes
|
|-heal|p1a: Clefable|100/100|[from] move: Wish|[wisher] Clefable
|upkeep
|turn|81
|
|move|p1a: Clefable|Wish|p1a: Clefable
|move|p2a: Toxapex|Toxic Spikes|p1a: Clefable
|-sidestart|p1: JoeyOwesMeMoney|move: Toxic Spikes
|
|upkeep
|turn|82
|
|switch|p1a: Toxapex|Toxapex, F|44/100 brn
|-damage|p1a: Toxapex|32/100 brn|[from] Stealth Rock
|-sideend|p1: JoeyOwesMeMoney|move: Toxic Spikes|[of] p1a: Toxapex
|switch|p2a: Mandibuzz|Mandibuzz, F|47/100 tox
|
|-heal|p1a: Toxapex|96/100 brn|[from] move: Wish|[wisher] Clefable
|-damage|p2a: Mandibuzz|41/100 tox|[from] psn
|-damage|p1a: Toxapex|90/100 brn|[from] brn
|upkeep
|turn|83
|
|move|p2a: Mandibuzz|Roost|p2a: Mandibuzz
|-heal|p2a: Mandibuzz|91/100 tox
|-singleturn|p2a: Mandibuzz|move: Roost
|move|p1a: Toxapex|Knock Off|p2a: Mandibuzz
|-resisted|p2a: Mandibuzz
|-damage|p2a: Mandibuzz|88/100 tox
|-enditem|p2a: Mandibuzz|Heavy-Duty Boots|[from] move: Knock Off|[of] p1a: Toxapex
|
|-damage|p2a: Mandibuzz|76/100 tox|[from] psn
|-damage|p1a: Toxapex|84/100 brn|[from] brn
|upkeep
|turn|84
|
|move|p2a: Mandibuzz|Defog|p1a: Toxapex
|-unboost|p1a: Toxapex|evasion|1
|-sideend|p1: JoeyOwesMeMoney|Stealth Rock|[from] move: Defog|[of] p2a: Mandibuzz
|-sideend|p2: UUH4 Adrift|Stealth Rock|[from] move: Defog|[of] p2a: Mandibuzz
|move|p1a: Toxapex|Scald|p2a: Mandibuzz
|-damage|p2a: Mandibuzz|65/100 tox
|
|-damage|p2a: Mandibuzz|46/100 tox|[from] psn
|-damage|p1a: Toxapex|78/100 brn|[from] brn
|upkeep
|turn|85
|
|move|p2a: Mandibuzz|U-turn|p1a: Toxapex
|-resisted|p1a: Toxapex
|-damage|p1a: Toxapex|75/100 brn
|
|switch|p2a: out the way|Tangrowth, M, shiny|53/100 brn|[from]move: U-turn
|move|p1a: Toxapex|Scald|p2a: out the way
|-resisted|p2a: out the way
|-damage|p2a: out the way|46/100 brn
|
|-damage|p2a: out the way|39/100 brn|[from] brn
|-damage|p1a: Toxapex|69/100 brn|[from] brn
|upkeep
|turn|86
|
|switch|p2a: Toxapex|Toxapex, M|94/100
|move|p1a: Toxapex|Poison Jab|p2a: Toxapex
|-resisted|p2a: Toxapex
|-damage|p2a: Toxapex|91/100
|
|-damage|p1a: Toxapex|63/100 brn|[from] brn
|upkeep
|turn|87
|
|switch|p1a: Chansey|Chansey, F|50/100
|move|p2a: Toxapex|Toxic Spikes|p1a: Chansey
|-sidestart|p1: JoeyOwesMeMoney|move: Toxic Spikes
|
|upkeep
|turn|88
|
|switch|p2a: out the way|Tangrowth, M, shiny|73/100 brn
|move|p1a: Chansey|Soft-Boiled|p1a: Chansey
|-heal|p1a: Chansey|99/100
|
|-damage|p2a: out the way|66/100 brn|[from] brn
|upkeep
|turn|89
|j| xybnb
|
|switch|p1a: Toxapex|Toxapex, F|96/100 brn
|-sideend|p1: JoeyOwesMeMoney|move: Toxic Spikes|[of] p1a: Toxapex
|move|p2a: out the way|Giga Drain|p1a: Toxapex
|-damage|p1a: Toxapex|72/100 brn
|-heal|p2a: out the way|75/100 brn|[from] drain|[of] p1a: Toxapex
|
|-damage|p2a: out the way|69/100 brn|[from] brn
|-damage|p1a: Toxapex|66/100 brn|[from] brn
|upkeep
|turn|90
|
|switch|p1a: Blissey|Blissey, F|88/100
|move|p2a: out the way|Knock Off|p1a: Blissey
|-damage|p1a: Blissey|82/100
|
|-damage|p2a: out the way|63/100 brn|[from] brn
|upkeep
|turn|91
|
|switch|p2a: Toxapex|Toxapex, M|100/100
|move|p1a: Blissey|Wish|p1a: Blissey
|
|upkeep
|turn|92
|
|switch|p1a: Chansey|Chansey, F|99/100
|move|p2a: Toxapex|Toxic Spikes|p1a: Chansey
|-sidestart|p1: JoeyOwesMeMoney|move: Toxic Spikes
|
|-heal|p1a: Chansey|100/100|[from] move: Wish|[wisher] Blissey
|upkeep
|turn|93
|
|move|p1a: Chansey|Stealth Rock|p2a: Toxapex
|-sidestart|p2: UUH4 Adrift|move: Stealth Rock
|move|p2a: Toxapex|Scald|p1a: Chansey
|-damage|p1a: Chansey|95/100
|
|upkeep
|turn|94
|
|move|p1a: Chansey|Seismic Toss|p2a: Toxapex
|-damage|p2a: Toxapex|68/100
|move|p2a: Toxapex|Toxic Spikes|p1a: Chansey
|-sidestart|p1: JoeyOwesMeMoney|move: Toxic Spikes
|
|upkeep
|turn|95
|
|switch|p2a: Hippowdon|Hippowdon, M|29/100
|-damage|p2a: Hippowdon|23/100|[from] Stealth Rock
|-weather|Sandstorm|[from] ability: Sand Stream|[of] p2a: Hippowdon
|move|p1a: Chansey|Seismic Toss|p2a: Hippowdon
|-damage|p2a: Hippowdon|0 fnt
|faint|p2a: Hippowdon
|
|-weather|Sandstorm|[upkeep]
|-damage|p1a: Chansey|89/100|[from] Sandstorm
|upkeep
|-message|UUH4 Adrift forfeited.
|
|win|JoeyOwesMeMoney
|l|☆UUH4 Adrift
|raw|JoeyOwesMeMoney's rating: 1798 &rarr; <strong>1818</strong><br />(+20 for winning)
|raw|UUH4 Adrift's rating: 1789 &rarr; <strong>1770</strong><br />(-19 for losing)
|l| DevilishGreg
|l| Cridentials-
