|j|☆JuicyWin
|j|☆I'm back from Mars
|t:|1634380679
|gametype|singles
|player|p1|JuicyWin|1|1853
|player|p2|I'm back from Mars|dawn|1903
|teamsize|p1|6
|teamsize|p2|6
|gen|8
|tier|[Gen 8] OU
|rated|
|rule|Sleep Clause Mod: Limit one foe put to sleep
|rule|Species Clause: Limit one of each Pokémon
|rule|OHKO Clause: OHKO moves are banned
|rule|Evasion Moves Clause: Evasion moves are banned
|rule|Endless Battle Clause: Forcing endless battles is banned
|rule|HP Percentage Mod: HP is shown in percentages
|rule|Dynamax Clause: You cannot dynamax
|clearpoke
|poke|p1|Ferrothorn, M|
|poke|p1|Volcarona, M|
|poke|p1|Landorus-Therian, M|
|poke|p1|Tapu Lele|
|poke|p1|Urshifu-*, F|
|poke|p1|Kyurem|
|poke|p2|Shedinja|
|poke|p2|Skarmory, F|
|poke|p2|Gastrodon, M|
|poke|p2|Toxapex, M|
|poke|p2|Clefable, M|
|poke|p2|Hydreigon, F|
|teampreview
|
|t:|1634380691
|start
|switch|p1a: Urshifu|Urshifu-Rapid-Strike, F|100/100
|switch|p2a: Skarmory|Skarmory, F|100/100
|turn|1
|
|t:|1634380695
|switch|p1a: Ferrothorn|Ferrothorn, M|100/100
|switch|p2a: Toxapex|Toxapex, M|100/100
|
|upkeep
|turn|2
|
|t:|1634380699
|switch|p2a: Skarmory|Skarmory, F|100/100
|move|p1a: Ferrothorn|Knock Off|p2a: Skarmory
|-crit|p2a: Skarmory
|-damage|p2a: Skarmory|82/100
|-enditem|p2a: Skarmory|Shed Shell|[from] move: Knock Off|[of] p1a: Ferrothorn
|
|upkeep
|turn|3
|inactive|Battle timer is ON: inactive players will automatically lose when time's up. (requested by JuicyWin)
|
|t:|1634380703
|move|p2a: Skarmory|Roost|p2a: Skarmory
|-heal|p2a: Skarmory|100/100
|-singleturn|p2a: Skarmory|move: Roost
|move|p1a: Ferrothorn|Spikes|p2a: Skarmory
|-sidestart|p2: I'm back from Mars|Spikes
|
|upkeep
|turn|4
|j| FinesserOaksLab
|
|t:|1634380706
|move|p2a: Skarmory|Defog|p1a: Ferrothorn
|-unboost|p1a: Ferrothorn|evasion|1
|-sideend|p2: I'm back from Mars|Spikes|[from] move: Defog|[of] p2a: Skarmory
|move|p1a: Ferrothorn|Leech Seed|p2a: Skarmory
|-start|p2a: Skarmory|move: Leech Seed
|
|-damage|p2a: Skarmory|88/100|[from] Leech Seed|[of] p1a: Ferrothorn
|upkeep
|turn|5
|l| FinesserOaksLab
|
|t:|1634380709
|switch|p2a: Hydreigon|Hydreigon, F|100/100
|move|p1a: Ferrothorn|Spikes|p2a: Hydreigon
|-sidestart|p2: I'm back from Mars|Spikes
|
|upkeep
|turn|6
|
|t:|1634380715
|switch|p1a: Tapu Lele|Tapu Lele|100/100
|-fieldstart|move: Psychic Terrain|[from] ability: Psychic Surge|[of] p1a: Tapu Lele
|move|p2a: Hydreigon|Defog|p1a: Tapu Lele
|-unboost|p1a: Tapu Lele|evasion|1
|-sideend|p2: I'm back from Mars|Spikes|[from] move: Defog|[of] p2a: Hydreigon
|-fieldend|move: Psychic Terrain
|
|upkeep
|turn|7
|
|t:|1634380721
|switch|p2a: Shedinja|Shedinja|100/100
|move|p1a: Tapu Lele|Future Sight|p2a: Shedinja
|-start|p1a: Tapu Lele|move: Future Sight
|
|upkeep
|turn|8
|
|t:|1634380730
|switch|p1a: Ferrothorn|Ferrothorn, M|100/100
|move|p2a: Shedinja|Toxic|p1a: Ferrothorn
|-immune|p1a: Ferrothorn
|
|upkeep
|turn|9
|
|t:|1634380740
|switch|p2a: Hydreigon|Hydreigon, F|100/100
|move|p1a: Ferrothorn|Spikes|p2a: Hydreigon
|-sidestart|p2: I'm back from Mars|Spikes
|
|-end|p2a: Hydreigon|move: Future Sight
|-immune|p2a: Hydreigon
|upkeep
|turn|10
|
|t:|1634380745
|move|p2a: Hydreigon|Defog|p1a: Ferrothorn
|-unboost|p1a: Ferrothorn|evasion|1
|-sideend|p2: I'm back from Mars|Spikes|[from] move: Defog|[of] p2a: Hydreigon
|move|p1a: Ferrothorn|Leech Seed|p2a: Hydreigon
|-start|p2a: Hydreigon|move: Leech Seed
|
|-damage|p2a: Hydreigon|88/100|[from] Leech Seed|[of] p1a: Ferrothorn
|upkeep
|turn|11
|
|t:|1634380747
|switch|p2a: Skarmory|Skarmory, F|88/100
|move|p1a: Ferrothorn|Spikes|p2a: Skarmory
|-sidestart|p2: I'm back from Mars|Spikes
|
|upkeep
|turn|12
|
|t:|1634380757
|switch|p1a: Urshifu|Urshifu-Rapid-Strike, F|100/100
|move|p2a: Skarmory|Defog|p1a: Urshifu
|-unboost|p1a: Urshifu|evasion|1
|-sideend|p2: I'm back from Mars|Spikes|[from] move: Defog|[of] p2a: Skarmory
|
|upkeep
|turn|13
|
|t:|1634380765
|switch|p2a: Toxapex|Toxapex, M|100/100
|move|p1a: Urshifu|U-turn|p2a: Toxapex
|-resisted|p2a: Toxapex
|-crit|p2a: Toxapex
|-damage|p2a: Toxapex|84/100
|-damage|p1a: Urshifu|84/100|[from] item: Rocky Helmet|[of] p2a: Toxapex
|
|t:|1634380768
|switch|p1a: Tapu Lele|Tapu Lele|100/100|[from]move: U-turn
|-fieldstart|move: Psychic Terrain|[from] ability: Psychic Surge|[of] p1a: Tapu Lele
|
|upkeep
|turn|14
|
|t:|1634380781
|switch|p2a: Shedinja|Shedinja|100/100
|move|p1a: Tapu Lele|Future Sight|p2a: Shedinja
|-start|p1a: Tapu Lele|move: Future Sight
|
|upkeep
|turn|15
|
|t:|1634380788
|switch|p1a: Ferrothorn|Ferrothorn, M|100/100
|move|p2a: Shedinja|Toxic|p1a: Ferrothorn
|-immune|p1a: Ferrothorn
|
|upkeep
|turn|16
|
|t:|1634380804
|switch|p2a: Hydreigon|Hydreigon, F|88/100
|move|p1a: Ferrothorn|Knock Off|p2a: Hydreigon
|-resisted|p2a: Hydreigon
|-damage|p2a: Hydreigon|75/100
|-enditem|p2a: Hydreigon|Leftovers|[from] move: Knock Off|[of] p1a: Ferrothorn
|
|-end|p2a: Hydreigon|move: Future Sight
|-immune|p2a: Hydreigon
|upkeep
|turn|17
|
|t:|1634380810
|move|p2a: Hydreigon|Flamethrower|p1a: Ferrothorn
|-supereffective|p1a: Ferrothorn
|-damage|p1a: Ferrothorn|0 fnt
|faint|p1a: Ferrothorn
|
|-fieldend|move: Psychic Terrain
|upkeep
|
|t:|1634380813
|switch|p1a: Landorus|Landorus-Therian, M|100/100
|-ability|p1a: Landorus|Intimidate|boost
|-unboost|p2a: Hydreigon|atk|1
|turn|18
|
|t:|1634380818
|switch|p2a: Skarmory|Skarmory, F|88/100
|move|p1a: Landorus|Stealth Rock|p2a: Skarmory
|-sidestart|p2: I'm back from Mars|move: Stealth Rock
|
|upkeep
|turn|19
|
|t:|1634380822
|switch|p1a: Tapu Lele|Tapu Lele|100/100
|-fieldstart|move: Psychic Terrain|[from] ability: Psychic Surge|[of] p1a: Tapu Lele
|move|p2a: Skarmory|Defog|p1a: Tapu Lele
|-unboost|p1a: Tapu Lele|evasion|1
|-sideend|p2: I'm back from Mars|Stealth Rock|[from] move: Defog|[of] p2a: Skarmory
|-fieldend|move: Psychic Terrain
|
|upkeep
|turn|20
|
|t:|1634380826
|switch|p2a: Shedinja|Shedinja|100/100
|move|p1a: Tapu Lele|Future Sight|p2a: Shedinja
|-start|p1a: Tapu Lele|move: Future Sight
|
|upkeep
|turn|21
|
|t:|1634380830
|switch|p1a: Landorus|Landorus-Therian, M|100/100
|-ability|p1a: Landorus|Intimidate|boost
|-unboost|p2a: Shedinja|atk|1
|move|p2a: Shedinja|Toxic|p1a: Landorus
|-status|p1a: Landorus|tox
|
|-damage|p1a: Landorus|94/100 tox|[from] psn
|upkeep
|turn|22
|
|t:|1634380844
|switch|p2a: Hydreigon|Hydreigon, F|75/100
|move|p1a: Landorus|U-turn|p2a: Hydreigon
|-supereffective|p2a: Hydreigon
|-damage|p2a: Hydreigon|26/100
|
|t:|1634380847
|switch|p1a: Tapu Lele|Tapu Lele|100/100|[from]move: U-turn
|-fieldstart|move: Psychic Terrain|[from] ability: Psychic Surge|[of] p1a: Tapu Lele
|
|-end|p2a: Hydreigon|move: Future Sight
|-immune|p2a: Hydreigon
|upkeep
|turn|23
|
|t:|1634380853
|switch|p2a: Shedinja|Shedinja|100/100
|move|p1a: Tapu Lele|Future Sight|p2a: Shedinja
|-start|p1a: Tapu Lele|move: Future Sight
|
|upkeep
|turn|24
|j| Xpndkirrdji
|
|t:|1634380859
|switch|p1a: Landorus|Landorus-Therian, M|94/100 tox
|-ability|p1a: Landorus|Intimidate|boost
|-unboost|p2a: Shedinja|atk|1
|switch|p2a: Hydreigon|Hydreigon, F|26/100
|
|-heal|p1a: Landorus|100/100 tox|[from] item: Leftovers
|-damage|p1a: Landorus|94/100 tox|[from] psn
|upkeep
|turn|25
|
|t:|1634380868
|move|p2a: Hydreigon|Roost|p2a: Hydreigon
|-heal|p2a: Hydreigon|76/100
|-singleturn|p2a: Hydreigon|move: Roost
|move|p1a: Landorus|Toxic|p2a: Hydreigon
|-status|p2a: Hydreigon|tox
|
|-end|p2a: Hydreigon|move: Future Sight
|-immune|p2a: Hydreigon
|-heal|p1a: Landorus|100/100 tox|[from] item: Leftovers
|-damage|p2a: Hydreigon|70/100 tox|[from] psn
|-damage|p1a: Landorus|88/100 tox|[from] psn
|upkeep
|turn|26
|
|t:|1634380875
|switch|p2a: Skarmory|Skarmory, F|88/100
|move|p1a: Landorus|Stealth Rock|p2a: Skarmory
|-sidestart|p2: I'm back from Mars|move: Stealth Rock
|
|-heal|p1a: Landorus|94/100 tox|[from] item: Leftovers
|-damage|p1a: Landorus|76/100 tox|[from] psn
|-fieldend|move: Psychic Terrain
|upkeep
|turn|27
|
|t:|1634380879
|switch|p1a: Tapu Lele|Tapu Lele|100/100
|-fieldstart|move: Psychic Terrain|[from] ability: Psychic Surge|[of] p1a: Tapu Lele
|move|p2a: Skarmory|Defog|p1a: Tapu Lele
|-unboost|p1a: Tapu Lele|evasion|1
|-sideend|p2: I'm back from Mars|Stealth Rock|[from] move: Defog|[of] p2a: Skarmory
|-fieldend|move: Psychic Terrain
|
|upkeep
|turn|28
|
|t:|1634380881
|switch|p2a: Shedinja|Shedinja|100/100
|move|p1a: Tapu Lele|Future Sight|p2a: Shedinja
|-start|p1a: Tapu Lele|move: Future Sight
|
|upkeep
|turn|29
|
|t:|1634380910
|switch|p1a: Landorus|Landorus-Therian, M|76/100 tox
|-ability|p1a: Landorus|Intimidate|boost
|-unboost|p2a: Shedinja|atk|1
|move|p2a: Shedinja|Shadow Sneak|p1a: Landorus
|-damage|p1a: Landorus|67/100 tox
|
|-heal|p1a: Landorus|73/100 tox|[from] item: Leftovers
|-damage|p1a: Landorus|67/100 tox|[from] psn
|upkeep
|turn|30
|
|t:|1634380920
|move|p2a: Shedinja|Protect|p2a: Shedinja
|-singleturn|p2a: Shedinja|Protect
|move|p1a: Landorus|Stealth Rock|p2a: Shedinja
|-sidestart|p2: I'm back from Mars|move: Stealth Rock
|
|-end|p2a: Shedinja|move: Future Sight
|-immune|p2a: Shedinja|[from] ability: Wonder Guard
|-heal|p1a: Landorus|73/100 tox|[from] item: Leftovers
|-damage|p1a: Landorus|61/100 tox|[from] psn
|upkeep
|turn|31
|
|t:|1634380926
|switch|p2a: Toxapex|Toxapex, M|100/100
|-damage|p2a: Toxapex|88/100|[from] Stealth Rock
|move|p1a: Landorus|U-turn|p2a: Toxapex
|-resisted|p2a: Toxapex
|-damage|p2a: Toxapex|81/100
|-damage|p1a: Landorus|44/100 tox|[from] item: Rocky Helmet|[of] p2a: Toxapex
|
|t:|1634380929
|switch|p1a: Tapu Lele|Tapu Lele|100/100|[from]move: U-turn
|-fieldstart|move: Psychic Terrain|[from] ability: Psychic Surge|[of] p1a: Tapu Lele
|
|upkeep
|turn|32
|
|t:|1634380933
|switch|p2a: Shedinja|Shedinja|100/100
|move|p1a: Tapu Lele|Moonblast|p2a: Shedinja
|-immune|p2a: Shedinja|[from] ability: Wonder Guard
|
|upkeep
|turn|33
|
|t:|1634380940
|move|p1a: Tapu Lele|Moonblast|p2a: Shedinja
|-immune|p2a: Shedinja|[from] ability: Wonder Guard
|move|p2a: Shedinja|Toxic|p1a: Tapu Lele
|-status|p1a: Tapu Lele|tox
|
|-damage|p1a: Tapu Lele|94/100 tox|[from] psn
|upkeep
|turn|34
|
|t:|1634380946
|switch|p1a: Landorus|Landorus-Therian, M|44/100 tox
|-ability|p1a: Landorus|Intimidate|boost
|-unboost|p2a: Shedinja|atk|1
|move|p2a: Shedinja|Toxic|p1a: Landorus
|-fail|p1a: Landorus|tox
|
|-heal|p1a: Landorus|50/100 tox|[from] item: Leftovers
|-damage|p1a: Landorus|44/100 tox|[from] psn
|upkeep
|turn|35
|
|t:|1634380951
|switch|p1a: Kyurem|Kyurem|100/100
|-ability|p1a: Kyurem|Pressure
|move|p2a: Shedinja|Protect||[still]
|-fail|p2a: Shedinja
|
|-fieldend|move: Psychic Terrain
|upkeep
|turn|36
|j| Rus69
|
|t:|1634380958
|move|p1a: Kyurem|Substitute|p1a: Kyurem
|-start|p1a: Kyurem|Substitute
|-damage|p1a: Kyurem|76/100
|move|p2a: Shedinja|Swords Dance|p2a: Shedinja
|-boost|p2a: Shedinja|atk|2
|
|upkeep
|turn|37
|
|t:|1634380964
|move|p1a: Kyurem|Roost|p1a: Kyurem
|-heal|p1a: Kyurem|100/100
|-singleturn|p1a: Kyurem|move: Roost
|move|p2a: Shedinja|Swords Dance|p2a: Shedinja
|-boost|p2a: Shedinja|atk|2
|
|upkeep
|turn|38
|j| ShyGirl7
|
|t:|1634380969
|switch|p1a: Volcarona|Volcarona, M|100/100
|move|p2a: Shedinja|Swords Dance|p2a: Shedinja
|-boost|p2a: Shedinja|atk|2
|
|upkeep
|turn|39
|j| TotemSpirit
|
|t:|1634380978
|switch|p2a: Toxapex|Toxapex, M|100/100
|-damage|p2a: Toxapex|88/100|[from] Stealth Rock
|move|p1a: Volcarona|Quiver Dance|p1a: Volcarona
|-boost|p1a: Volcarona|spa|1
|-boost|p1a: Volcarona|spd|1
|-boost|p1a: Volcarona|spe|1
|
|upkeep
|turn|40
|
|t:|1634380982
|move|p1a: Volcarona|Psychic|p2a: Toxapex
|-supereffective|p2a: Toxapex
|-damage|p2a: Toxapex|14/100
|move|p2a: Toxapex|Toxic|p1a: Volcarona
|-status|p1a: Volcarona|tox
|
|-damage|p1a: Volcarona|94/100 tox|[from] psn
|upkeep
|turn|41
|
|t:|1634380998
|switch|p2a: Gastrodon|Gastrodon, M|100/100
|-damage|p2a: Gastrodon|94/100|[from] Stealth Rock
|move|p1a: Volcarona|Bug Buzz|p2a: Gastrodon
|-damage|p2a: Gastrodon|48/100
|
|-heal|p2a: Gastrodon|54/100|[from] item: Leftovers
|-damage|p1a: Volcarona|82/100 tox|[from] psn
|upkeep
|turn|42
|
|t:|1634381011
|move|p1a: Volcarona|Bug Buzz|p2a: Gastrodon
|-damage|p2a: Gastrodon|4/100
|move|p2a: Gastrodon|Recover|p2a: Gastrodon
|-heal|p2a: Gastrodon|54/100
|
|-heal|p2a: Gastrodon|60/100|[from] item: Leftovers
|-damage|p1a: Volcarona|64/100 tox|[from] psn
|upkeep
|turn|43
|-message|JuicyWin forfeited.
|
|win|I'm back from Mars
|raw|JuicyWin's rating: 1853 &rarr; <strong>1836</strong><br />(-17 for losing)
|raw|I&apos;m back from Mars's rating: 1903 &rarr; <strong>1920</strong><br />(+17 for winning)
|l|☆JuicyWin
