|j|☆N30N3
|j|☆xerox of a xerox
|player|p1|N30N3|101|1792
|player|p2|xerox of a xerox|dancer|1727
|teamsize|p1|6
|teamsize|p2|6
|gametype|singles
|gen|8
|tier|[Gen 8] OU
|rated|
|html|<div class="broadcast-blue"><strong>OU is currently suspecting Dracovish! For information on how to participate check out the <a href="https://www.smogon.com/forums/threads/3664521/">suspect thread</a>.</strong></div>
|clearpoke
|poke|p1|Mimikyu, F|
|poke|p1|Hippowdon, M|
|poke|p1|Excadrill, F|
|poke|p1|Tyranitar, M|
|poke|p1|Kyurem|
|poke|p1|Ferrothorn, M|
|poke|p2|Cinderace, F|
|poke|p2|Clefable, F|
|poke|p2|Terrakion|
|poke|p2|Dragapult, M|
|poke|p2|Rotom-Wash|
|poke|p2|Kommo-o, F|
|rule|Sleep Clause Mod: Limit one foe put to sleep
|rule|Species Clause: Limit one of each Pokémon
|rule|OHKO Clause: OHKO moves are banned
|rule|Evasion Moves Clause: Evasion moves are banned
|rule|Endless Battle Clause: Forcing endless battles is banned
|rule|HP Percentage Mod: HP is shown in percentages
|rule|Dynamax Clause: You cannot dynamax
|teampreview
|inactive|Battle timer is ON: inactive players will automatically lose when time's up. (requested by N30N3)
|j| TheSkyAboveUs
|j| COVID-19 Testing
|inactive|xerox of a xerox has 120 seconds left.
|
|start
|switch|p1a: Hippowdon|Hippowdon, M|100/100
|switch|p2a: Clefable|Clefable, F|100/100
|-weather|Sandstorm|[from] ability: Sand Stream|[of] p1a: Hippowdon
|turn|1
|
|move|p2a: Clefable|Moonblast|p1a: Hippowdon
|-damage|p1a: Hippowdon|49/100
|move|p1a: Hippowdon|Stealth Rock|p2a: Clefable
|-sidestart|p2: xerox of a xerox|move: Stealth Rock
|
|-weather|Sandstorm|[upkeep]
|upkeep
|turn|2
|
|switch|p1a: Tyranitar|Tyranitar, M|100/100
|move|p2a: Clefable|Flamethrower|p1a: Tyranitar
|-resisted|p1a: Tyranitar
|-damage|p1a: Tyranitar|88/100
|
|-weather|Sandstorm|[upkeep]
|upkeep
|turn|3
|
|switch|p2a: Kommo-o|Kommo-o, F|100/100
|-damage|p2a: Kommo-o|94/100|[from] Stealth Rock
|move|p1a: Tyranitar|Stone Edge|p2a: Kommo-o
|-resisted|p2a: Kommo-o
|-damage|p2a: Kommo-o|72/100
|
|-weather|Sandstorm|[upkeep]
|-damage|p2a: Kommo-o|65/100|[from] Sandstorm
|-heal|p2a: Kommo-o|72/100|[from] item: Leftovers
|upkeep
|turn|4
|
|switch|p1a: Kyurem|Kyurem|100/100
|-ability|p1a: Kyurem|Pressure
|move|p2a: Kommo-o|Stealth Rock|p1a: Kyurem
|-sidestart|p1: N30N3|move: Stealth Rock
|
|-weather|Sandstorm|[upkeep]
|-damage|p1a: Kyurem|94/100|[from] Sandstorm
|-damage|p2a: Kommo-o|65/100|[from] Sandstorm
|-heal|p2a: Kommo-o|72/100|[from] item: Leftovers
|upkeep
|turn|5
|
|switch|p2a: Cinderace|Cinderace, F|100/100
|move|p1a: Kyurem|Freeze-Dry|p2a: Cinderace
|-resisted|p2a: Cinderace
|-damage|p2a: Cinderace|60/100
|-status|p2a: Cinderace|frz
|
|-weather|Sandstorm|[upkeep]
|-damage|p2a: Cinderace|54/100 frz|[from] Sandstorm
|-damage|p1a: Kyurem|88/100|[from] Sandstorm
|upkeep
|turn|6
|
|switch|p1a: Tyranitar|Tyranitar, M|88/100
|-damage|p1a: Tyranitar|76/100|[from] Stealth Rock
|-curestatus|p2a: Cinderace|frz|[from] move: Pyro Ball
|move|p2a: Cinderace|Pyro Ball|p1a: Tyranitar
|-resisted|p1a: Tyranitar
|-damage|p1a: Tyranitar|51/100
|
|-weather|Sandstorm|[upkeep]
|-damage|p2a: Cinderace|48/100|[from] Sandstorm
|upkeep
|turn|7
|
|move|p2a: Cinderace|U-turn|p1a: Tyranitar
|-supereffective|p1a: Tyranitar
|-damage|p1a: Tyranitar|8/100
|
|switch|p2a: Kommo-o|Kommo-o, F|72/100|[from]move: U-turn
|-damage|p2a: Kommo-o|65/100|[from] Stealth Rock
|move|p1a: Tyranitar|Crunch|p2a: Kommo-o
|-resisted|p2a: Kommo-o
|-damage|p2a: Kommo-o|46/100
|
|-weather|Sandstorm|[upkeep]
|-damage|p2a: Kommo-o|40/100|[from] Sandstorm
|-heal|p2a: Kommo-o|46/100|[from] item: Leftovers
|upkeep
|turn|8
|
|move|p1a: Tyranitar|Crunch|p2a: Kommo-o
|-resisted|p2a: Kommo-o
|-damage|p2a: Kommo-o|26/100
|-unboost|p2a: Kommo-o|def|1
|move|p2a: Kommo-o|Iron Defense|p2a: Kommo-o
|-boost|p2a: Kommo-o|def|2
|
|-weather|none
|-heal|p2a: Kommo-o|32/100|[from] item: Leftovers
|upkeep
|turn|9
|
|move|p1a: Tyranitar|Crunch|p2a: Kommo-o
|-resisted|p2a: Kommo-o
|-damage|p2a: Kommo-o|20/100
|move|p2a: Kommo-o|Earthquake|p1a: Tyranitar
|-supereffective|p1a: Tyranitar
|-damage|p1a: Tyranitar|0 fnt
|faint|p1a: Tyranitar
|
|-heal|p2a: Kommo-o|26/100|[from] item: Leftovers
|upkeep
|j| hakwonyong
|
|switch|p1a: Hippowdon|Hippowdon, M|49/100
|-damage|p1a: Hippowdon|42/100|[from] Stealth Rock
|-weather|Sandstorm|[from] ability: Sand Stream|[of] p1a: Hippowdon
|turn|10
|
|move|p2a: Kommo-o|Body Press|p1a: Hippowdon
|-crit|p1a: Hippowdon
|-damage|p1a: Hippowdon|0 fnt
|faint|p1a: Hippowdon
|
|-weather|Sandstorm|[upkeep]
|-damage|p2a: Kommo-o|20/100|[from] Sandstorm
|-heal|p2a: Kommo-o|26/100|[from] item: Leftovers
|upkeep
|
|switch|p1a: Excadrill|Excadrill, F|100/100
|-damage|p1a: Excadrill|97/100|[from] Stealth Rock
|turn|11
|j| Vessev
|
|move|p1a: Excadrill|Earthquake|p2a: Kommo-o
|-damage|p2a: Kommo-o|0 fnt
|-damage|p1a: Excadrill|87/100|[from] item: Life Orb
|faint|p2a: Kommo-o
|
|-weather|Sandstorm|[upkeep]
|upkeep
|
|switch|p2a: Rotom|Rotom-Wash|100/100
|-damage|p2a: Rotom|88/100|[from] Stealth Rock
|turn|12
|
|switch|p1a: Ferrothorn|Ferrothorn, M|100/100
|-damage|p1a: Ferrothorn|94/100|[from] Stealth Rock
|switch|p2a: Cinderace|Cinderace, F|48/100
|
|-weather|Sandstorm|[upkeep]
|-damage|p2a: Cinderace|42/100|[from] Sandstorm
|-heal|p1a: Ferrothorn|100/100|[from] item: Leftovers
|upkeep
|turn|13
|
|switch|p1a: Excadrill|Excadrill, F|87/100
|-damage|p1a: Excadrill|84/100|[from] Stealth Rock
|move|p2a: Cinderace|Pyro Ball|p1a: Excadrill
|-supereffective|p1a: Excadrill
|-damage|p1a: Excadrill|0 fnt
|faint|p1a: Excadrill
|
|-weather|Sandstorm|[upkeep]
|-damage|p2a: Cinderace|36/100|[from] Sandstorm
|upkeep
|
|switch|p1a: Mimikyu|Mimikyu, F|100/100
|-damage|p1a: Mimikyu|88/100|[from] Stealth Rock
|turn|14
|
|move|p1a: Mimikyu|Shadow Sneak|p2a: Cinderace
|-damage|p2a: Cinderace|5/100
|-damage|p1a: Mimikyu|78/100|[from] item: Life Orb
|move|p2a: Cinderace|U-turn|p1a: Mimikyu
|-activate|p1a: Mimikyu|ability: Disguise
|-damage|p1a: Mimikyu|78/100
|detailschange|p1a: Mimikyu|Mimikyu-Busted, F
|-damage|p1a: Mimikyu|66/100|[from] pokemon: Mimikyu-Busted
|j| TheLegendX
|
|switch|p2a: Clefable|Clefable, F|100/100|[from]move: U-turn
|
|-weather|Sandstorm|[upkeep]
|-damage|p1a: Mimikyu|60/100|[from] Sandstorm
|upkeep
|turn|15
|
|switch|p1a: Ferrothorn|Ferrothorn, M|100/100
|-damage|p1a: Ferrothorn|94/100|[from] Stealth Rock
|move|p2a: Clefable|Moonblast|p1a: Ferrothorn
|-resisted|p1a: Ferrothorn
|-damage|p1a: Ferrothorn|73/100
|
|-weather|Sandstorm|[upkeep]
|-heal|p1a: Ferrothorn|79/100|[from] item: Leftovers
|upkeep
|turn|16
|
|move|p2a: Clefable|Flamethrower|p1a: Ferrothorn
|-supereffective|p1a: Ferrothorn
|-damage|p1a: Ferrothorn|0 fnt
|faint|p1a: Ferrothorn
|
|-weather|Sandstorm|[upkeep]
|upkeep
|
|switch|p1a: Mimikyu|Mimikyu-Busted, F|60/100
|-damage|p1a: Mimikyu|48/100|[from] Stealth Rock
|turn|17
|
|move|p1a: Mimikyu|Play Rough|p2a: Clefable
|-damage|p2a: Clefable|42/100
|-damage|p1a: Mimikyu|38/100|[from] item: Life Orb
|move|p2a: Clefable|Moonblast|p1a: Mimikyu
|-damage|p1a: Mimikyu|0 fnt
|faint|p1a: Mimikyu
|
|-weather|none
|upkeep
|j| centican
|
|switch|p1a: Kyurem|Kyurem|88/100
|-damage|p1a: Kyurem|63/100|[from] Stealth Rock
|-ability|p1a: Kyurem|Pressure
|turn|18
|
|move|p1a: Kyurem|Ice Beam|p2a: Clefable
|-damage|p2a: Clefable|0 fnt
|faint|p2a: Clefable
|
|upkeep
|
|switch|p2a: Cinderace|Cinderace, F|5/100
|turn|19
|-message|N30N3 forfeited.
|
|win|xerox of a xerox
|l|☆N30N3
|l|☆xerox of a xerox
|l| TheSkyAboveUs
