|j|☆I'M AT MY LIMIT
|j|☆BillyTheFlash
|t:|1610734337
|player|p1|I'M AT MY LIMIT|dawn|
|player|p2|BillyTheFlash|hiker-gen4|
|teamsize|p1|6
|teamsize|p2|6
|gametype|singles
|gen|8
|tier|[Gen 8] OU
|clearpoke
|poke|p1|Jirachi|
|poke|p1|Clefable, M|
|poke|p1|Pikachu, F|
|poke|p1|Garchomp, F|
|poke|p1|Mandibuzz, F|
|poke|p1|Blissey, F|
|poke|p2|Skarmory, M|
|poke|p2|Tangrowth, F|
|poke|p2|Hippowdon, M|
|poke|p2|Blissey, F|
|poke|p2|Corviknight, M|
|poke|p2|Toxapex, F|
|rule|Sleep Clause Mod: Limit one foe put to sleep
|rule|Species Clause: Limit one of each Pokémon
|rule|OHKO Clause: OHKO moves are banned
|rule|Evasion Moves Clause: Evasion moves are banned
|rule|Endless Battle Clause: Forcing endless battles is banned
|rule|HP Percentage Mod: HP is shown in percentages
|rule|Dynamax Clause: You cannot dynamax
|teampreview
|inactive|Battle timer is ON: inactive players will automatically lose when time's up. (requested by I'M AT MY LIMIT)
|
|t:|1610734353
|start
|switch|p1a: GUSTAVO FRING|Clefable, M, shiny|100/100
|switch|p2a: Hot and spicy|Tangrowth, F, shiny|100/100
|turn|1
|j| BryboVelocity
|
|t:|1610734366
|switch|p1a: African west virus|Garchomp, F|100/100
|move|p2a: Hot and spicy|Sleep Powder|p1a: African west virus|[miss]
|-miss|p2a: Hot and spicy|p1a: African west virus
|
|upkeep
|turn|2
|
|t:|1610734374
|move|p1a: African west virus|Toxic|p2a: Hot and spicy
|-status|p2a: Hot and spicy|tox
|move|p2a: Hot and spicy|Giga Drain|p1a: African west virus
|-damage|p1a: African west virus|74/100
|
|-damage|p2a: Hot and spicy|94/100 tox|[from] psn
|upkeep
|turn|3
|
|t:|1610734383
|switch|p2a: The lovable|Skarmory, M|100/100
|move|p1a: African west virus|Stealth Rock|p2a: The lovable
|-sidestart|p2: BillyTheFlash|move: Stealth Rock
|
|upkeep
|turn|4
|
|t:|1610734386
|switch|p1a: GUSTAVO FRING|Clefable, M, shiny|100/100
|move|p2a: The lovable|Spikes|p1a: GUSTAVO FRING
|-sidestart|p1: I'M AT MY LIMIT|Spikes
|
|upkeep
|turn|5
|
|t:|1610734393
|move|p1a: GUSTAVO FRING|Calm Mind|p1a: GUSTAVO FRING
|-boost|p1a: GUSTAVO FRING|spa|1
|-boost|p1a: GUSTAVO FRING|spd|1
|move|p2a: The lovable|Whirlwind|p1a: GUSTAVO FRING
|drag|p1a: Oh|Mandibuzz, F, shiny|100/100
|
|upkeep
|turn|6
|
|t:|1610734400
|move|p1a: Oh|Foul Play|p2a: The lovable
|-damage|p2a: The lovable|89/100
|-damage|p1a: Oh|84/100|[from] item: Rocky Helmet|[of] p2a: The lovable
|move|p2a: The lovable|Body Press|p1a: Oh
|-damage|p1a: Oh|67/100
|
|upkeep
|turn|7
|
|t:|1610734408
|switch|p1a: GUSTAVO FRING|Clefable, M, shiny|100/100
|switch|p2a: Hot and spicy|Tangrowth, F, shiny|100/100 tox
|-damage|p2a: Hot and spicy|88/100 tox|[from] Stealth Rock
|
|-damage|p2a: Hot and spicy|82/100 tox|[from] psn
|upkeep
|turn|8
|
|t:|1610734413
|switch|p2a: The lovable|Skarmory, M|89/100
|-damage|p2a: The lovable|77/100|[from] Stealth Rock
|move|p1a: GUSTAVO FRING|Fire Blast|p2a: The lovable
|-supereffective|p2a: The lovable
|-damage|p2a: The lovable|0 fnt
|faint|p2a: The lovable
|
|upkeep
|
|t:|1610734417
|switch|p2a: Uhh rilaboom|Corviknight, M|100/100
|-damage|p2a: Uhh rilaboom|88/100|[from] Stealth Rock
|-ability|p2a: Uhh rilaboom|Pressure
|turn|9
|
|t:|1610734421
|switch|p1a: Oh|Mandibuzz, F, shiny|67/100
|move|p2a: Uhh rilaboom|U-turn|p1a: Oh
|-damage|p1a: Oh|58/100
|
|t:|1610734426
|switch|p2a: Tekeshi|Hippowdon, M|100/100|[from]move: U-turn
|-damage|p2a: Tekeshi|94/100|[from] Stealth Rock
|-weather|Sandstorm|[from] ability: Sand Stream|[of] p2a: Tekeshi
|
|-weather|Sandstorm|[upkeep]
|-heal|p2a: Tekeshi|100/100|[from] item: Leftovers
|upkeep
|turn|10
|
|t:|1610734430
|move|p1a: Oh|Toxic|p2a: Tekeshi|[miss]
|-miss|p1a: Oh|p2a: Tekeshi
|move|p2a: Tekeshi|Toxic|p1a: Oh
|-status|p1a: Oh|tox
|
|-weather|Sandstorm|[upkeep]
|-damage|p1a: Oh|52/100 tox|[from] psn
|upkeep
|turn|11
|
|t:|1610734438
|move|p1a: Oh|Toxic|p2a: Tekeshi
|-status|p2a: Tekeshi|tox
|move|p2a: Tekeshi|Stealth Rock|p1a: Oh
|-sidestart|p1: I'M AT MY LIMIT|move: Stealth Rock
|
|-weather|Sandstorm|[upkeep]
|-damage|p1a: Oh|40/100 tox|[from] psn
|-damage|p2a: Tekeshi|94/100 tox|[from] psn
|upkeep
|turn|12
|
|t:|1610734447
|switch|p2a: Fatass|Blissey, F|100/100
|move|p1a: Oh|Defog|p2a: Fatass
|-unboost|p2a: Fatass|evasion|1
|-sideend|p2: BillyTheFlash|Stealth Rock|[from] move: Defog|[of] p1a: Oh
|-sideend|p1: I'M AT MY LIMIT|Spikes|[from] move: Defog|[of] p1a: Oh
|-sideend|p1: I'M AT MY LIMIT|Stealth Rock|[from] move: Defog|[of] p1a: Oh
|
|-weather|Sandstorm|[upkeep]
|-damage|p2a: Fatass|94/100|[from] Sandstorm
|-damage|p1a: Oh|22/100 tox|[from] psn
|upkeep
|turn|13
|
|t:|1610734464
|switch|p1a: The RACHI|Jirachi|100/100
|move|p2a: Fatass|Seismic Toss|p1a: The RACHI
|-damage|p1a: The RACHI|71/100
|
|-weather|none
|upkeep
|turn|14
|
|t:|1610734472
|move|p1a: The RACHI|Trick|p2a: Fatass
|-activate|p1a: The RACHI|move: Trick|[of] p2a: Fatass
|-item|p2a: Fatass|Choice Scarf|[from] move: Trick
|-item|p1a: The RACHI|Heavy-Duty Boots|[from] move: Trick
|move|p2a: Fatass|Seismic Toss|p1a: The RACHI
|-damage|p1a: The RACHI|42/100
|
|upkeep
|turn|15
|
|t:|1610734478
|switch|p1a: BOOM|Blissey, F, shiny|100/100
|move|p2a: Fatass|Seismic Toss|p1a: BOOM
|-damage|p1a: BOOM|86/100
|
|upkeep
|turn|16
|
|t:|1610734495
|switch|p2a: Uhh rilaboom|Corviknight, M|88/100
|-ability|p2a: Uhh rilaboom|Pressure
|move|p1a: BOOM|Wish|p1a: BOOM
|
|-heal|p2a: Uhh rilaboom|94/100|[from] item: Leftovers
|upkeep
|turn|17
|
|t:|1610734502
|switch|p1a: The RACHI|Jirachi|42/100
|move|p2a: Uhh rilaboom|Brave Bird|p1a: The RACHI
|-resisted|p1a: The RACHI
|-damage|p1a: The RACHI|23/100
|-damage|p2a: Uhh rilaboom|89/100|[from] Recoil
|
|-heal|p1a: The RACHI|100/100|[from] move: Wish|[wisher] BOOM
|-heal|p2a: Uhh rilaboom|95/100|[from] item: Leftovers
|upkeep
|turn|18
|
|t:|1610734518
|switch|p2a: British yuck|Toxapex, F|100/100
|move|p1a: The RACHI|Trick|p2a: British yuck
|-activate|p1a: The RACHI|move: Trick|[of] p2a: British yuck
|-item|p2a: British yuck|Heavy-Duty Boots|[from] move: Trick
|-item|p1a: The RACHI|Rocky Helmet|[from] move: Trick
|
|upkeep
|turn|19
|
|t:|1610734525
|switch|p1a: Oh|Mandibuzz, F, shiny|22/100 tox
|move|p2a: British yuck|Toxic Spikes|p1a: Oh
|-sidestart|p1: I'M AT MY LIMIT|move: Toxic Spikes
|
|-damage|p1a: Oh|15/100 tox|[from] psn
|upkeep
|turn|20
|
|t:|1610734531
|move|p1a: Oh|Roost|p1a: Oh
|-heal|p1a: Oh|66/100 tox
|-singleturn|p1a: Oh|move: Roost
|move|p2a: British yuck|Scald|p1a: Oh
|-damage|p1a: Oh|53/100 tox
|
|-damage|p1a: Oh|40/100 tox|[from] psn
|upkeep
|turn|21
|
|t:|1610734536
|move|p1a: Oh|Roost|p1a: Oh
|-heal|p1a: Oh|91/100 tox
|-singleturn|p1a: Oh|move: Roost
|move|p2a: British yuck|Scald|p1a: Oh
|-damage|p1a: Oh|78/100 tox
|
|-damage|p1a: Oh|59/100 tox|[from] psn
|upkeep
|turn|22
|
|t:|1610734539
|move|p1a: Oh|Defog|p2a: British yuck
|-unboost|p2a: British yuck|evasion|1
|-sideend|p1: I'M AT MY LIMIT|Toxic Spikes|[from] move: Defog|[of] p1a: Oh
|move|p2a: British yuck|Scald|p1a: Oh
|-damage|p1a: Oh|45/100 tox
|
|-damage|p1a: Oh|20/100 tox|[from] psn
|upkeep
|turn|23
|
|t:|1610734544
|switch|p1a: GUSTAVO FRING|Clefable, M, shiny|100/100
|move|p2a: British yuck|Scald|p1a: GUSTAVO FRING
|-damage|p1a: GUSTAVO FRING|85/100
|-status|p1a: GUSTAVO FRING|brn
|
|upkeep
|turn|24
|
|t:|1610734548
|switch|p2a: Hot and spicy|Tangrowth, F, shiny|100/100 tox
|move|p1a: GUSTAVO FRING|Calm Mind|p1a: GUSTAVO FRING
|-boost|p1a: GUSTAVO FRING|spa|1
|-boost|p1a: GUSTAVO FRING|spd|1
|
|-damage|p2a: Hot and spicy|94/100 tox|[from] psn
|upkeep
|turn|25
|
|t:|1610734559
|switch|p2a: Tekeshi|Hippowdon, M|94/100 tox
|-weather|Sandstorm|[from] ability: Sand Stream|[of] p2a: Tekeshi
|move|p1a: GUSTAVO FRING|Moonblast|p2a: Tekeshi
|-damage|p2a: Tekeshi|36/100 tox
|
|-weather|Sandstorm|[upkeep]
|-heal|p2a: Tekeshi|43/100 tox|[from] item: Leftovers
|-damage|p2a: Tekeshi|36/100 tox|[from] psn
|upkeep
|turn|26
|
|t:|1610734563
|move|p1a: GUSTAVO FRING|Moonblast|p2a: Tekeshi
|-damage|p2a: Tekeshi|0 fnt
|faint|p2a: Tekeshi
|
|-weather|Sandstorm|[upkeep]
|upkeep
|
|t:|1610734566
|switch|p2a: Fatass|Blissey, F|94/100
|turn|27
|
|t:|1610734574
|switch|p2a: Hot and spicy|Tangrowth, F, shiny|100/100 tox
|move|p1a: GUSTAVO FRING|Calm Mind|p1a: GUSTAVO FRING
|-boost|p1a: GUSTAVO FRING|spa|1
|-boost|p1a: GUSTAVO FRING|spd|1
|
|-weather|Sandstorm|[upkeep]
|-damage|p2a: Hot and spicy|94/100 tox|[from] Sandstorm
|-damage|p2a: Hot and spicy|88/100 tox|[from] psn
|upkeep
|turn|28
|
|t:|1610734576
|move|p1a: GUSTAVO FRING|Moonblast|p2a: Hot and spicy
|-damage|p2a: Hot and spicy|0 fnt
|faint|p2a: Hot and spicy
|
|-weather|Sandstorm|[upkeep]
|upkeep
|
|t:|1610734580
|switch|p2a: British yuck|Toxapex, F|100/100
|turn|29
|
|t:|1610734584
|move|p1a: GUSTAVO FRING|Calm Mind|p1a: GUSTAVO FRING
|-boost|p1a: GUSTAVO FRING|spa|1
|-boost|p1a: GUSTAVO FRING|spd|1
|move|p2a: British yuck|Scald|p1a: GUSTAVO FRING
|-damage|p1a: GUSTAVO FRING|78/100 brn
|
|-weather|none
|upkeep
|turn|30
|
|t:|1610734586
|move|p1a: GUSTAVO FRING|Moonblast|p2a: British yuck
|-resisted|p2a: British yuck
|-damage|p2a: British yuck|40/100
|-unboost|p2a: British yuck|spa|1
|move|p2a: British yuck|Scald|p1a: GUSTAVO FRING
|-damage|p1a: GUSTAVO FRING|74/100 brn
|
|upkeep
|turn|31
|
|t:|1610734589
|switch|p2a: Uhh rilaboom|Corviknight, M|95/100
|-ability|p2a: Uhh rilaboom|Pressure
|move|p1a: GUSTAVO FRING|Moonblast|p2a: Uhh rilaboom
|-resisted|p2a: Uhh rilaboom
|-damage|p2a: Uhh rilaboom|47/100
|
|-heal|p2a: Uhh rilaboom|53/100|[from] item: Leftovers
|upkeep
|turn|32
|
|t:|1610734595
|move|p1a: GUSTAVO FRING|Fire Blast|p2a: Uhh rilaboom
|-supereffective|p2a: Uhh rilaboom
|-damage|p2a: Uhh rilaboom|0 fnt
|faint|p2a: Uhh rilaboom
|
|upkeep
|
|t:|1610734598
|switch|p2a: Fatass|Blissey, F|94/100
|turn|33
|
|t:|1610734602
|move|p1a: GUSTAVO FRING|Moonblast|p2a: Fatass
|-damage|p2a: Fatass|40/100
|move|p2a: Fatass|Teleport|p2a: Fatass
|
|t:|1610734605
|switch|p2a: British yuck|Toxapex, F|73/100|[from]move: Teleport
|
|upkeep
|turn|34
|
|t:|1610734607
|move|p1a: GUSTAVO FRING|Calm Mind|p1a: GUSTAVO FRING
|-boost|p1a: GUSTAVO FRING|spa|1
|-boost|p1a: GUSTAVO FRING|spd|1
|move|p2a: British yuck|Recover|p2a: British yuck
|-heal|p2a: British yuck|100/100
|
|upkeep
|turn|35
|
|t:|1610734610
|move|p1a: GUSTAVO FRING|Moonblast|p2a: British yuck
|-resisted|p2a: British yuck
|-damage|p2a: British yuck|25/100
|move|p2a: British yuck|Haze|p2a: British yuck
|-clearallboost
|
|upkeep
|turn|36
|
|t:|1610734615
|switch|p1a: Ash's wet sock|Pikachu, F, shiny|100/100
|move|p2a: British yuck|Recover|p2a: British yuck
|-heal|p2a: British yuck|75/100
|
|upkeep
|turn|37
|
|t:|1610734620
|switch|p2a: Fatass|Blissey, F|40/100
|move|p1a: Ash's wet sock|Volt Tackle|p2a: Fatass
|-damage|p2a: Fatass|0 fnt
|-damage|p1a: Ash's wet sock|57/100|[from] Recoil
|faint|p2a: Fatass
|
|upkeep
|
|t:|1610734625
|switch|p2a: British yuck|Toxapex, F|100/100
|turn|38
|
|t:|1610734630
|move|p1a: Ash's wet sock|Volt Tackle|p2a: British yuck
|-supereffective|p2a: British yuck
|-damage|p2a: British yuck|0 fnt
|-damage|p1a: Ash's wet sock|10/100|[from] Recoil
|faint|p2a: British yuck
|
|win|I'M AT MY LIMIT
|l| BryboVelocity
