|raw|<div class="broadcast-blue"><strong>This battle is required to be public due to a player having a name prefixed by 'LT71LX'.</div>
|j|☆LT71LX Roxou
|j|☆GaijinEagle
|t:|1596646064
|player|p1|LT71LX Roxou|lucas|1235
|player|p2|GaijinEagle|169|1201
|teamsize|p1|6
|teamsize|p2|6
|gametype|singles
|gen|8
|tier|[Gen 8] OU
|rated|
|html|<div class="broadcast-blue"><strong>OU is currently suspecting Magearna! For information on how to participate check out the <a href="https://www.smogon.com/forums/threads/3667669/">suspect thread</a>.</strong></div>
|clearpoke
|poke|p1|Pelipper, M|
|poke|p1|Excadrill, M|
|poke|p1|Urshifu-*, M|
|poke|p1|Slowbro, M|
|poke|p1|Weezing-Galar, F|
|poke|p1|Hippowdon, M|
|poke|p2|Shuckle, F|
|poke|p2|Urshifu-*, F|
|poke|p2|Weavile, F|
|poke|p2|Alakazam, M|
|poke|p2|Cinderace, F|
|poke|p2|Conkeldurr, F|
|rule|Sleep Clause Mod: Limit one foe put to sleep
|rule|Species Clause: Limit one of each Pokémon
|rule|OHKO Clause: OHKO moves are banned
|rule|Evasion Moves Clause: Evasion moves are banned
|rule|Endless Battle Clause: Forcing endless battles is banned
|rule|HP Percentage Mod: HP is shown in percentages
|rule|Dynamax Clause: You cannot dynamax
|teampreview
|inactive|Battle timer is ON: inactive players will automatically lose when time's up. (requested by GaijinEagle)
|inactive|GaijinEagle has 120 seconds left.
|inactiveoff|Battle timer is now OFF.
|
|t:|1596646128
|start
|switch|p1a: Urshifu|Urshifu-Rapid-Strike, M|100/100
|switch|p2a: Shuckle|Shuckle, F|100/100
|turn|1
|
|t:|1596646160
|move|p1a: Urshifu|Surging Strikes|p2a: Shuckle
|-supereffective|p2a: Shuckle
|-crit|p2a: Shuckle
|-damage|p2a: Shuckle|56/100
|-supereffective|p2a: Shuckle
|-crit|p2a: Shuckle
|-damage|p2a: Shuckle|14/100
|-supereffective|p2a: Shuckle
|-crit|p2a: Shuckle
|-damage|p2a: Shuckle|0 fnt
|-hitcount|p2a: Shuckle|3
|faint|p2a: Shuckle
|
|upkeep
|
|t:|1596646188
|switch|p2a: Conkeldurr|Conkeldurr, F|100/100
|turn|2
|
|t:|1596646193
|move|p1a: Urshifu|Surging Strikes|p2a: Conkeldurr
|-crit|p2a: Conkeldurr
|-damage|p2a: Conkeldurr|70/100
|-crit|p2a: Conkeldurr
|-damage|p2a: Conkeldurr|40/100
|-crit|p2a: Conkeldurr
|-damage|p2a: Conkeldurr|7/100
|-hitcount|p2a: Conkeldurr|3
|move|p2a: Conkeldurr|Close Combat|p1a: Urshifu
|-damage|p1a: Urshifu|23/100
|-unboost|p2a: Conkeldurr|def|1
|-unboost|p2a: Conkeldurr|spd|1
|
|-status|p2a: Conkeldurr|brn|[from] item: Flame Orb
|upkeep
|turn|3
|
|t:|1596646204
|switch|p1a: Weezing|Weezing-Galar, F|100/100
|-ability|p1a: Weezing|Neutralizing Gas
|move|p2a: Conkeldurr|Mach Punch|p1a: Weezing
|-resisted|p1a: Weezing
|-damage|p1a: Weezing|99/100
|
|-heal|p1a: Weezing|100/100|[from] item: Black Sludge
|-damage|p2a: Conkeldurr|1/100 brn|[from] brn
|upkeep
|turn|4
|
|t:|1596646219
|move|p2a: Conkeldurr|Facade|p1a: Weezing
|-damage|p1a: Weezing|66/100
|move|p1a: Weezing|Sludge Bomb|p2a: Conkeldurr
|-damage|p2a: Conkeldurr|0 fnt
|faint|p2a: Conkeldurr
|
|-heal|p1a: Weezing|72/100|[from] item: Black Sludge
|upkeep
|
|t:|1596646236
|switch|p2a: Alakazam|Alakazam, M|100/100
|turn|5
|
|t:|1596646246
|switch|p1a: Hippowdon|Hippowdon, M|100/100
|-weather|Sandstorm|[from] ability: Sand Stream|[of] p1a: Hippowdon
|move|p2a: Alakazam|Nasty Plot|p2a: Alakazam
|-boost|p2a: Alakazam|spa|2
|
|-weather|Sandstorm|[upkeep]
|upkeep
|turn|6
|
|t:|1596646265
|move|p2a: Alakazam|Psychic|p1a: Hippowdon
|-damage|p1a: Hippowdon|0 fnt
|faint|p1a: Hippowdon
|
|-weather|Sandstorm|[upkeep]
|upkeep
|
|t:|1596646274
|switch|p1a: Excadrill|Excadrill, M|100/100
|turn|7
|
|t:|1596646315
|switch|p2a: Weavile|Weavile, F|100/100
|-ability|p2a: Weavile|Pressure
|move|p1a: Excadrill|Earthquake|p2a: Weavile
|-damage|p2a: Weavile|0 fnt
|faint|p2a: Weavile
|
|-weather|Sandstorm|[upkeep]
|upkeep
|
|t:|1596646322
|switch|p2a: Urshifu|Urshifu, F|100/100
|turn|8
|
|t:|1596646328
|move|p1a: Excadrill|Earthquake|p2a: Urshifu
|-damage|p2a: Urshifu|35/100
|move|p2a: Urshifu|Close Combat|p1a: Excadrill
|-supereffective|p1a: Excadrill
|-damage|p1a: Excadrill|0 fnt
|-unboost|p2a: Urshifu|def|1
|-unboost|p2a: Urshifu|spd|1
|-damage|p2a: Urshifu|25/100|[from] item: Life Orb
|faint|p1a: Excadrill
|
|-weather|Sandstorm|[upkeep]
|-damage|p2a: Urshifu|19/100|[from] Sandstorm
|upkeep
|
|t:|1596646337
|switch|p1a: Urshifu|Urshifu-Rapid-Strike, M|23/100
|turn|9
|
|t:|1596646355
|move|p2a: Urshifu|Sucker Punch|p1a: Urshifu
|-resisted|p1a: Urshifu
|-damage|p1a: Urshifu|1/100
|-damage|p2a: Urshifu|9/100|[from] item: Life Orb
|move|p1a: Urshifu|Aqua Jet|p2a: Urshifu
|-damage|p2a: Urshifu|0 fnt
|faint|p2a: Urshifu
|
|-weather|Sandstorm|[upkeep]
|-damage|p1a: Urshifu|0 fnt|[from] Sandstorm
|faint|p1a: Urshifu
|upkeep
|
|t:|1596646364
|switch|p2a: Cinderace|Cinderace, F|100/100
|switch|p1a: Pelipper|Pelipper, M|100/100
|-weather|RainDance|[from] ability: Drizzle|[of] p1a: Pelipper
|turn|10
|
|t:|1596646379
|move|p2a: Cinderace|Sucker Punch|p1a: Pelipper
|-start|p2a: Cinderace|typechange|Dark|[from] ability: Libero
|-damage|p1a: Pelipper|55/100
|move|p1a: Pelipper|Weather Ball|p2a: Cinderace
|-damage|p2a: Cinderace|0 fnt
|faint|p2a: Cinderace
|
|-weather|RainDance|[upkeep]
|upkeep
|
|t:|1596646382
|switch|p2a: Alakazam|Alakazam, M|100/100
|turn|11
|
|t:|1596646389
|move|p2a: Alakazam|Psychic|p1a: Pelipper
|-damage|p1a: Pelipper|0 fnt
|faint|p1a: Pelipper
|
|-weather|RainDance|[upkeep]
|upkeep
|
|t:|1596646391
|switch|p1a: Slowbro|Slowbro, M|100/100
|turn|12
|
|t:|1596646400
|move|p2a: Alakazam|Nasty Plot|p2a: Alakazam
|-boost|p2a: Alakazam|spa|2
|move|p1a: Slowbro|Scald|p2a: Alakazam
|-damage|p2a: Alakazam|44/100
|-status|p2a: Alakazam|brn
|
|-weather|RainDance|[upkeep]
|upkeep
|turn|13
|
|t:|1596646409
|move|p2a: Alakazam|Dazzling Gleam|p1a: Slowbro
|-damage|p1a: Slowbro|38/100
|move|p1a: Slowbro|Scald|p2a: Alakazam
|-damage|p2a: Alakazam|0 fnt
|faint|p2a: Alakazam
|
|win|LT71LX Roxou
|l|☆LT71LX Roxou
|c|☆GaijinEagle|gg
