|html|<div class="broadcast-blue"><strong>[Gen 8] OU is currently suspecting Melmetal! For information on how to participate check out the <a href="https://www.smogon.com/forums/threads/np-ss-ou-suspect-process-round-12-monster-mash.3709234/">suspect thread</a>.</strong></div>
|j|☆minimax_ai
|j|☆iopkj09
|t:|1665747792
|gametype|singles
|player|p1|minimax_ai|101|1574
|player|p2|iopkj09|nate|1626
|teamsize|p1|6
|teamsize|p2|6
|gen|8
|tier|[Gen 8] OU
|rated|
|rule|Sleep Clause Mod: Limit one foe put to sleep
|rule|Species Clause: Limit one of each Pokémon
|rule|OHKO Clause: OHKO moves are banned
|rule|Evasion Items Clause: Evasion items are banned
|rule|Evasion Moves Clause: Evasion moves are banned
|rule|Endless Battle Clause: Forcing endless battles is banned
|rule|HP Percentage Mod: HP is shown in percentages
|rule|Dynamax Clause: You cannot dynamax
|clearpoke
|poke|p1|Rotom-Wash|
|poke|p1|Weavile, M|
|poke|p1|Landorus-Therian, M|
|poke|p1|Heatran, M|
|poke|p1|Tangrowth, F|
|poke|p1|Melmetal|
|poke|p2|Garchomp, M|
|poke|p2|Zapdos|
|poke|p2|Rillaboom, M|
|poke|p2|Tapu Lele|
|poke|p2|Volcanion|
|poke|p2|Weavile, F|
|teampreview
|inactive|Battle timer is ON: inactive players will automatically lose when time's up. (requested by iopkj09)
|c|☆minimax_ai|hf
|inactive|minimax_ai also wants the timer to be on.
|
|t:|1665747798
|start
|switch|p1a: Melmetal|Melmetal|100/100
|switch|p2a: Weavile|Weavile, F|100/100
|-ability|p2a: Weavile|Pressure
|turn|1
|
|t:|1665747800
|switch|p2a: Volcanion|Volcanion|100/100
|move|p1a: Melmetal|Double Iron Bash|p2a: Volcanion
|-resisted|p2a: Volcanion
|-damage|p2a: Volcanion|93/100
|-resisted|p2a: Volcanion
|-damage|p2a: Volcanion|86/100
|-hitcount|p2a: Volcanion|2
|
|upkeep
|turn|2
|
|t:|1665747806
|switch|p2a: Weavile|Weavile, F|100/100
|-ability|p2a: Weavile|Pressure
|switch|p1a: rotomwash|Rotom-Wash|100/100
|
|upkeep
|turn|3
|
|t:|1665747811
|move|p2a: Weavile|Knock Off|p1a: rotomwash
|-damage|p1a: rotomwash|51/100
|-enditem|p1a: rotomwash|Leftovers|[from] move: Knock Off|[of] p2a: Weavile
|move|p1a: rotomwash|Thunderbolt|p2a: Weavile
|-damage|p2a: Weavile|51/100
|
|upkeep
|turn|4
|
|t:|1665747815
|move|p2a: Weavile|Swords Dance|p2a: Weavile
|-boost|p2a: Weavile|atk|2
|move|p1a: rotomwash|Thunderbolt|p2a: Weavile
|-damage|p2a: Weavile|1/100
|
|upkeep
|turn|5
|
|t:|1665747817
|switch|p1a: Melmetal|Melmetal|100/100
|move|p2a: Weavile|Knock Off|p1a: Melmetal
|-damage|p1a: Melmetal|45/100
|-enditem|p1a: Melmetal|Assault Vest|[from] move: Knock Off|[of] p2a: Weavile
|
|upkeep
|turn|6
|
|t:|1665747820
|move|p2a: Weavile|Low Kick|p1a: Melmetal
|-supereffective|p1a: Melmetal
|-damage|p1a: Melmetal|0 fnt
|faint|p1a: Melmetal
|
|upkeep
|
|t:|1665747820
|switch|p1a: Weavile|Weavile, M|100/100
|-ability|p1a: Weavile|Pressure
|turn|7
|
|t:|1665747829
|move|p2a: Weavile|Ice Shard|p1a: Weavile
|-resisted|p1a: Weavile
|-damage|p1a: Weavile|66/100
|move|p1a: Weavile|Ice Shard|p2a: Weavile
|-resisted|p2a: Weavile
|-damage|p2a: Weavile|0 fnt
|faint|p2a: Weavile
|
|upkeep
|
|t:|1665747833
|switch|p2a: Volcanion|Volcanion|86/100
|turn|8
|
|t:|1665747834
|switch|p1a: rotomwash|Rotom-Wash|51/100
|move|p2a: Volcanion|Steam Eruption|p1a: rotomwash|[miss]
|-miss|p2a: Volcanion|p1a: rotomwash
|
|upkeep
|turn|9
|
|t:|1665747838
|switch|p2a: Rillaboom|Rillaboom, M|100/100
|-fieldstart|move: Grassy Terrain|[from] ability: Grassy Surge|[of] p2a: Rillaboom
|move|p1a: rotomwash|Thunderbolt|p2a: Rillaboom
|-resisted|p2a: Rillaboom
|-damage|p2a: Rillaboom|79/100
|
|-heal|p2a: Rillaboom|85/100|[from] Grassy Terrain
|upkeep
|turn|10
|
|t:|1665747842
|switch|p2a: Volcanion|Volcanion|86/100
|move|p1a: rotomwash|Hydro Pump|p2a: Volcanion
|-heal|p2a: Volcanion|100/100|[from] ability: Water Absorb|[of] p1a: rotomwash
|
|upkeep
|turn|11
|
|t:|1665747845
|switch|p2a: Rillaboom|Rillaboom, M|85/100
|move|p1a: rotomwash|Pain Split|p2a: Rillaboom
|-sethp|p2a: Rillaboom|65/100|[from] move: Pain Split|[silent]
|-sethp|p1a: rotomwash|73/100|[from] move: Pain Split
|
|-heal|p2a: Rillaboom|71/100|[from] Grassy Terrain
|upkeep
|turn|12
|
|t:|1665747849
|switch|p1a: Tangrowth|Tangrowth, F|100/100
|move|p2a: Rillaboom|Grassy Glide|p1a: Tangrowth
|-resisted|p1a: Tangrowth
|-damage|p1a: Tangrowth|86/100
|-damage|p2a: Rillaboom|54/100|[from] item: Rocky Helmet|[of] p1a: Tangrowth
|-damage|p2a: Rillaboom|44/100|[from] item: Life Orb
|
|-heal|p2a: Rillaboom|50/100|[from] Grassy Terrain
|-heal|p1a: Tangrowth|92/100|[from] Grassy Terrain
|upkeep
|turn|13
|
|t:|1665747856
|switch|p2a: Volcanion|Volcanion|100/100
|move|p1a: Tangrowth|Giga Drain|p2a: Volcanion
|-damage|p2a: Volcanion|80/100
|-heal|p1a: Tangrowth|100/100|[from] drain|[of] p2a: Volcanion
|
|-heal|p2a: Volcanion|86/100|[from] Grassy Terrain
|-fieldend|move: Grassy Terrain
|upkeep
|turn|14
|
|t:|1665747858
|switch|p1a: rotomwash|Rotom-Wash|73/100
|move|p2a: Volcanion|Steam Eruption|p1a: rotomwash
|-resisted|p1a: rotomwash
|-damage|p1a: rotomwash|46/100
|
|upkeep
|turn|15
|
|t:|1665747861
|move|p1a: rotomwash|Thunderbolt|p2a: Volcanion
|-supereffective|p2a: Volcanion
|-damage|p2a: Volcanion|43/100
|move|p2a: Volcanion|Steam Eruption|p1a: rotomwash
|-resisted|p1a: rotomwash
|-crit|p1a: rotomwash
|-damage|p1a: rotomwash|8/100
|-status|p1a: rotomwash|brn
|
|-damage|p1a: rotomwash|1/100 brn|[from] brn
|upkeep
|turn|16
|
|t:|1665747863
|switch|p2a: Rillaboom|Rillaboom, M|50/100
|-fieldstart|move: Grassy Terrain|[from] ability: Grassy Surge|[of] p2a: Rillaboom
|move|p1a: rotomwash|Pain Split|p2a: Rillaboom
|-sethp|p2a: Rillaboom|26/100|[from] move: Pain Split|[silent]
|-sethp|p1a: rotomwash|29/100 brn|[from] move: Pain Split
|
|-heal|p2a: Rillaboom|32/100|[from] Grassy Terrain
|-damage|p1a: rotomwash|23/100 brn|[from] brn
|upkeep
|turn|17
|
|t:|1665747865
|switch|p1a: landorustherian|Landorus-Therian, M|100/100
|-ability|p1a: landorustherian|Intimidate|boost
|-unboost|p2a: Rillaboom|atk|1
|move|p2a: Rillaboom|Swords Dance|p2a: Rillaboom
|-boost|p2a: Rillaboom|atk|2
|
|-heal|p2a: Rillaboom|38/100|[from] Grassy Terrain
|upkeep
|turn|18
|
|t:|1665747867
|move|p2a: Rillaboom|Grassy Glide|p1a: landorustherian
|-damage|p1a: landorustherian|18/100
|-damage|p2a: Rillaboom|28/100|[from] item: Life Orb
|move|p1a: landorustherian|U-turn|p2a: Rillaboom
|-supereffective|p2a: Rillaboom
|-damage|p2a: Rillaboom|0 fnt
|faint|p2a: Rillaboom
|
|t:|1665747867
|switch|p1a: Weavile|Weavile, M|66/100|[from]move: U-turn
|-ability|p1a: Weavile|Pressure
|
|-heal|p1a: Weavile|72/100|[from] Grassy Terrain
|upkeep
|
|t:|1665747870
|switch|p2a: Tapu Lele|Tapu Lele|100/100
|-fieldstart|move: Psychic Terrain|[from] ability: Psychic Surge|[of] p2a: Tapu Lele
|turn|19
|
|t:|1665747871
|switch|p1a: landorustherian|Landorus-Therian, M|18/100
|-ability|p1a: landorustherian|Intimidate|boost
|-unboost|p2a: Tapu Lele|atk|1
|move|p2a: Tapu Lele|Moonblast|p1a: landorustherian
|-damage|p1a: landorustherian|0 fnt
|faint|p1a: landorustherian
|
|upkeep
|
|t:|1665747871
|switch|p1a: Weavile|Weavile, M|72/100
|-ability|p1a: Weavile|Pressure
|turn|20
|
|t:|1665747874
|switch|p2a: Volcanion|Volcanion|43/100
|move|p1a: Weavile|Knock Off|p2a: Volcanion
|-damage|p2a: Volcanion|0 fnt
|-enditem|p2a: Volcanion|Assault Vest|[from] move: Knock Off|[of] p1a: Weavile
|faint|p2a: Volcanion
|
|upkeep
|
|t:|1665747876
|switch|p2a: Tapu Lele|Tapu Lele|100/100
|turn|21
|
|t:|1665747878
|move|p1a: Weavile|Knock Off|p2a: Tapu Lele
|-damage|p2a: Tapu Lele|0 fnt
|-enditem|p2a: Tapu Lele|Choice Specs|[from] move: Knock Off|[of] p1a: Weavile
|faint|p2a: Tapu Lele
|
|upkeep
|
|t:|1665747880
|switch|p2a: Garchomp|Garchomp, M, shiny|100/100
|turn|22
|
|t:|1665747881
|switch|p1a: Tangrowth|Tangrowth, F|100/100
|move|p2a: Garchomp|Iron Head|p1a: Tangrowth
|-damage|p1a: Tangrowth|86/100
|-damage|p2a: Garchomp|84/100|[from] item: Rocky Helmet|[of] p1a: Tangrowth
|
|upkeep
|turn|23
|
|t:|1665747883
|switch|p2a: Zapdos|Zapdos, shiny|100/100
|move|p1a: Tangrowth|Sleep Powder|p2a: Zapdos
|-status|p2a: Zapdos|slp|[from] move: Sleep Powder
|
|-fieldend|move: Psychic Terrain
|upkeep
|turn|24
|
|t:|1665747886
|switch|p1a: Weavile|Weavile, M|72/100
|-ability|p1a: Weavile|Pressure
|cant|p2a: Zapdos|slp
|
|upkeep
|turn|25
|
|t:|1665747889
|move|p1a: Weavile|Triple Axel|p2a: Zapdos
|-supereffective|p2a: Zapdos
|-damage|p2a: Zapdos|64/100 slp
|-supereffective|p2a: Zapdos
|-damage|p2a: Zapdos|0 fnt
|-status|p1a: Weavile|par|[from] ability: Static|[of] p2a: Zapdos
|faint|p2a: Zapdos
|-hitcount|p2: Zapdos|2
|
|upkeep
|
|t:|1665747891
|switch|p2a: Garchomp|Garchomp, M, shiny|84/100
|turn|26
|
|t:|1665747894
|switch|p1a: Tangrowth|Tangrowth, F|100/100
|move|p2a: Garchomp|Outrage|p1a: Tangrowth
|-damage|p1a: Tangrowth|69/100
|-damage|p2a: Garchomp|67/100|[from] item: Rocky Helmet|[of] p1a: Tangrowth
|
|upkeep
|turn|27
|-message|iopkj09 forfeited.
|
|win|minimax_ai
|raw|minimax_ai's rating: 1574 &rarr; <strong>1597</strong><br />(+23 for winning)
|raw|iopkj09's rating: 1626 &rarr; <strong>1603</strong><br />(-23 for losing)
|c|☆minimax_ai|gg
|l|☆iopkj09
