|j|☆minimax_ai
|j|☆iopkj09
|t:|1662807189
|gametype|singles
|player|p1|minimax_ai|lusamine-nihilego|1586
|player|p2|iopkj09|nate|1672
|teamsize|p1|6
|teamsize|p2|6
|gen|8
|tier|[Gen 8] OU
|rated|
|rule|Sleep Clause Mod: Limit one foe put to sleep
|rule|Species Clause: Limit one of each Pokémon
|rule|OHKO Clause: OHKO moves are banned
|rule|Evasion Items Clause: Evasion items are banned
|rule|Evasion Moves Clause: Evasion moves are banned
|rule|Endless Battle Clause: Forcing endless battles is banned
|rule|HP Percentage Mod: HP is shown in percentages
|rule|Dynamax Clause: You cannot dynamax
|clearpoke
|poke|p1|Rotom-Wash|
|poke|p1|Weavile, M|
|poke|p1|Landorus-Therian, M|
|poke|p1|Heatran, M|
|poke|p1|Tangrowth, M|
|poke|p1|Melmetal|
|poke|p2|Garchomp, M|
|poke|p2|Mamoswine, M|
|poke|p2|Zapdos|
|poke|p2|Rillaboom, M|
|poke|p2|Tapu Lele|
|poke|p2|Volcanion|
|teampreview
|inactive|Battle timer is ON: inactive players will automatically lose when time's up. (requested by iopkj09)
|c|☆minimax_ai|hf
|inactive|minimax_ai also wants the timer to be on.
|
|t:|1662807201
|start
|switch|p1a: Melmetal|Melmetal|100/100
|switch|p2a: Rillaboom|Rillaboom, M|100/100
|-fieldstart|move: Grassy Terrain|[from] ability: Grassy Surge|[of] p2a: Rillaboom
|turn|1
|
|t:|1662807204
|move|p2a: Rillaboom|Superpower|p1a: Melmetal
|-supereffective|p1a: Melmetal
|-damage|p1a: Melmetal|39/100
|-unboost|p2a: Rillaboom|atk|1
|-unboost|p2a: Rillaboom|def|1
|-damage|p2a: Rillaboom|91/100|[from] item: Life Orb
|move|p1a: Melmetal|Double Iron Bash|p2a: Rillaboom
|-damage|p2a: Rillaboom|27/100
|-damage|p2a: Rillaboom|0 fnt
|faint|p2a: Rillaboom
|-hitcount|p2: Rillaboom|2
|
|-heal|p1a: Melmetal|45/100|[from] Grassy Terrain
|upkeep
|
|t:|1662807208
|switch|p2a: Volcanion|Volcanion|100/100
|turn|2
|
|t:|1662807214
|switch|p1a: rotomwash|Rotom-Wash|100/100
|move|p2a: Volcanion|Steam Eruption|p1a: rotomwash
|-resisted|p1a: rotomwash
|-damage|p1a: rotomwash|73/100
|
|-heal|p1a: rotomwash|79/100|[from] item: Leftovers
|upkeep
|turn|3
|
|t:|1662807217
|move|p1a: rotomwash|Nasty Plot|p1a: rotomwash
|-boost|p1a: rotomwash|spa|2
|move|p2a: Volcanion|Steam Eruption|p1a: rotomwash
|-resisted|p1a: rotomwash
|-damage|p1a: rotomwash|50/100
|-status|p1a: rotomwash|brn
|
|-heal|p1a: rotomwash|56/100 brn|[from] item: Leftovers
|-damage|p1a: rotomwash|50/100 brn|[from] brn
|upkeep
|turn|4
|
|t:|1662807219
|move|p1a: rotomwash|Pain Split|p2a: Volcanion
|-sethp|p2a: Volcanion|71/100|[from] move: Pain Split|[silent]
|-sethp|p1a: rotomwash|85/100 brn|[from] move: Pain Split
|move|p2a: Volcanion|Steam Eruption|p1a: rotomwash
|-resisted|p1a: rotomwash
|-damage|p1a: rotomwash|53/100 brn
|
|-heal|p1a: rotomwash|59/100 brn|[from] item: Leftovers
|-heal|p2a: Volcanion|77/100|[from] Grassy Terrain
|-damage|p1a: rotomwash|53/100 brn|[from] brn
|upkeep
|turn|5
|
|t:|1662807222
|move|p1a: rotomwash|Thunderbolt|p2a: Volcanion
|-supereffective|p2a: Volcanion
|-damage|p2a: Volcanion|0 fnt
|faint|p2a: Volcanion
|
|-heal|p1a: rotomwash|59/100 brn|[from] item: Leftovers
|-damage|p1a: rotomwash|53/100 brn|[from] brn
|-fieldend|move: Grassy Terrain
|upkeep
|
|t:|1662807224
|switch|p2a: Tapu Lele|Tapu Lele|100/100
|-fieldstart|move: Psychic Terrain|[from] ability: Psychic Surge|[of] p2a: Tapu Lele
|turn|6
|
|t:|1662807225
|switch|p1a: landorustherian|Landorus-Therian, M|100/100
|-ability|p1a: landorustherian|Intimidate|boost
|-unboost|p2a: Tapu Lele|atk|1
|move|p2a: Tapu Lele|Moonblast|p1a: landorustherian
|-damage|p1a: landorustherian|34/100
|
|-heal|p1a: landorustherian|40/100|[from] item: Leftovers
|upkeep
|turn|7
|
|t:|1662807228
|switch|p1a: Heatran|Heatran, M|100/100
|-item|p1a: Heatran|Air Balloon
|move|p2a: Tapu Lele|Moonblast|p1a: Heatran
|-resisted|p1a: Heatran
|-damage|p1a: Heatran|79/100
|-unboost|p1a: Heatran|spa|1
|-enditem|p1a: Heatran|Air Balloon
|
|upkeep
|turn|8
|
|t:|1662807230
|move|p2a: Tapu Lele|Moonblast|p1a: Heatran
|-resisted|p1a: Heatran
|-damage|p1a: Heatran|58/100
|move|p1a: Heatran|Magma Storm|p2a: Tapu Lele|[miss]
|-miss|p1a: Heatran|p2a: Tapu Lele
|
|upkeep
|turn|9
|
|t:|1662807233
|move|p2a: Tapu Lele|Moonblast|p1a: Heatran
|-resisted|p1a: Heatran
|-damage|p1a: Heatran|38/100
|move|p1a: Heatran|Magma Storm|p2a: Tapu Lele
|-damage|p2a: Tapu Lele|60/100
|-activate|p2a: Tapu Lele|move: Magma Storm|[of] p1a: Heatran
|
|-damage|p2a: Tapu Lele|48/100|[from] move: Magma Storm|[partiallytrapped]
|upkeep
|turn|10
|
|t:|1662807235
|move|p2a: Tapu Lele|Moonblast|p1a: Heatran
|-resisted|p1a: Heatran
|-damage|p1a: Heatran|18/100
|-unboost|p1a: Heatran|spa|1
|move|p1a: Heatran|Magma Storm|p2a: Tapu Lele
|-damage|p2a: Tapu Lele|20/100
|
|-damage|p2a: Tapu Lele|8/100|[from] move: Magma Storm|[partiallytrapped]
|-fieldend|move: Psychic Terrain
|upkeep
|turn|11
|
|t:|1662807237
|switch|p1a: Melmetal|Melmetal|45/100
|move|p2a: Tapu Lele|Moonblast|p1a: Melmetal
|-resisted|p1a: Melmetal
|-damage|p1a: Melmetal|25/100
|
|-end|p2a: Tapu Lele|Magma Storm|[partiallytrapped]|[silent]
|upkeep
|turn|12
|
|t:|1662807240
|move|p2a: Tapu Lele|Moonblast|p1a: Melmetal
|-resisted|p1a: Melmetal
|-damage|p1a: Melmetal|4/100
|move|p1a: Melmetal|Ice Punch|p2a: Tapu Lele
|-damage|p2a: Tapu Lele|0 fnt
|faint|p2a: Tapu Lele
|
|upkeep
|
|t:|1662807243
|switch|p2a: Mamoswine|Mamoswine, M|100/100
|turn|13
|
|t:|1662807246
|move|p2a: Mamoswine|Icicle Crash|p1a: Melmetal
|-resisted|p1a: Melmetal
|-damage|p1a: Melmetal|0 fnt
|faint|p1a: Melmetal
|
|upkeep
|
|t:|1662807246
|switch|p1a: rotomwash|Rotom-Wash|53/100 brn
|turn|14
|
|t:|1662807248
|move|p1a: rotomwash|Pain Split|p2a: Mamoswine
|-sethp|p2a: Mamoswine|73/100|[from] move: Pain Split|[silent]
|-sethp|p1a: rotomwash|86/100 brn|[from] move: Pain Split
|move|p2a: Mamoswine|Icicle Crash|p1a: rotomwash
|-resisted|p1a: rotomwash
|-damage|p1a: rotomwash|58/100 brn
|
|-heal|p1a: rotomwash|65/100 brn|[from] item: Leftovers
|-damage|p1a: rotomwash|58/100 brn|[from] brn
|upkeep
|turn|15
|
|t:|1662807250
|move|p1a: rotomwash|Pain Split|p2a: Mamoswine
|-sethp|p2a: Mamoswine|61/100|[from] move: Pain Split|[silent]
|-sethp|p1a: rotomwash|72/100 brn|[from] move: Pain Split
|move|p2a: Mamoswine|Icicle Crash|p1a: rotomwash
|-resisted|p1a: rotomwash
|-crit|p1a: rotomwash
|-damage|p1a: rotomwash|32/100 brn
|
|-heal|p1a: rotomwash|38/100 brn|[from] item: Leftovers
|-damage|p1a: rotomwash|32/100 brn|[from] brn
|upkeep
|turn|16
|
|t:|1662807252
|move|p1a: rotomwash|Pain Split|p2a: Mamoswine
|-sethp|p2a: Mamoswine|44/100|[from] move: Pain Split|[silent]
|-sethp|p1a: rotomwash|52/100 brn|[from] move: Pain Split
|move|p2a: Mamoswine|Icicle Crash|p1a: rotomwash
|-resisted|p1a: rotomwash
|-damage|p1a: rotomwash|25/100 brn
|
|-heal|p1a: rotomwash|32/100 brn|[from] item: Leftovers
|-damage|p1a: rotomwash|25/100 brn|[from] brn
|upkeep
|turn|17
|
|t:|1662807255
|move|p1a: rotomwash|Pain Split|p2a: Mamoswine
|-sethp|p2a: Mamoswine|33/100|[from] move: Pain Split|[silent]
|-sethp|p1a: rotomwash|39/100 brn|[from] move: Pain Split
|move|p2a: Mamoswine|Icicle Crash|p1a: rotomwash
|-resisted|p1a: rotomwash
|-damage|p1a: rotomwash|13/100 brn
|
|-heal|p1a: rotomwash|19/100 brn|[from] item: Leftovers
|-damage|p1a: rotomwash|13/100 brn|[from] brn
|upkeep
|turn|18
|
|t:|1662807258
|switch|p2a: Zapdos|Zapdos, shiny|100/100
|move|p1a: rotomwash|Pain Split|p2a: Zapdos
|-sethp|p2a: Zapdos|56/100|[from] move: Pain Split|[silent]
|-sethp|p1a: rotomwash|60/100 brn|[from] move: Pain Split
|
|-heal|p1a: rotomwash|66/100 brn|[from] item: Leftovers
|-damage|p1a: rotomwash|60/100 brn|[from] brn
|upkeep
|turn|19
|
|t:|1662807259
|switch|p1a: Weavile|Weavile, M|100/100
|-ability|p1a: Weavile|Pressure
|move|p2a: Zapdos|Thunderbolt|p1a: Weavile
|-damage|p1a: Weavile|39/100
|
|upkeep
|turn|20
|
|t:|1662807261
|switch|p1a: rotomwash|Rotom-Wash|60/100 brn
|move|p2a: Zapdos|Heat Wave|p1a: rotomwash
|-resisted|p1a: rotomwash
|-crit|p1a: rotomwash
|-damage|p1a: rotomwash|33/100 brn
|
|-heal|p1a: rotomwash|39/100 brn|[from] item: Leftovers
|-damage|p1a: rotomwash|33/100 brn|[from] brn
|upkeep
|turn|21
|
|t:|1662807263
|move|p2a: Zapdos|Thunderbolt|p1a: rotomwash
|-damage|p1a: rotomwash|0 fnt
|faint|p1a: rotomwash
|
|upkeep
|
|t:|1662807263
|switch|p1a: Weavile|Weavile, M|39/100
|-ability|p1a: Weavile|Pressure
|turn|22
|
|t:|1662807266
|move|p1a: Weavile|Triple Axel|p2a: Zapdos
|-supereffective|p2a: Zapdos
|-damage|p2a: Zapdos|19/100
|-status|p1a: Weavile|par|[from] ability: Static|[of] p2a: Zapdos
|-supereffective|p2a: Zapdos
|-damage|p2a: Zapdos|0 fnt
|faint|p2a: Zapdos
|-hitcount|p2: Zapdos|2
|
|upkeep
|
|t:|1662807268
|switch|p2a: Mamoswine|Mamoswine, M|33/100
|turn|23
|
|t:|1662807270
|move|p2a: Mamoswine|Iron Head|p1a: Weavile
|-supereffective|p1a: Weavile
|-damage|p1a: Weavile|0 fnt
|faint|p1a: Weavile
|
|upkeep
|
|t:|1662807270
|switch|p1a: Tangrowth|Tangrowth, M|100/100
|turn|24
|
|t:|1662807272
|move|p2a: Mamoswine|Icicle Crash|p1a: Tangrowth
|-supereffective|p1a: Tangrowth
|-damage|p1a: Tangrowth|47/100
|cant|p1a: Tangrowth|flinch
|
|upkeep
|turn|25
|
|t:|1662807274
|switch|p1a: Heatran|Heatran, M|18/100
|move|p2a: Mamoswine|Icicle Crash|p1a: Heatran
|-resisted|p1a: Heatran
|-damage|p1a: Heatran|5/100
|
|upkeep
|turn|26
|
|t:|1662807281
|move|p1a: Heatran|Magma Storm|p2a: Mamoswine|[miss]
|-miss|p1a: Heatran|p2a: Mamoswine
|move|p2a: Mamoswine|Earthquake|p1a: Heatran
|-supereffective|p1a: Heatran
|-damage|p1a: Heatran|0 fnt
|faint|p1a: Heatran
|
|upkeep
|
|t:|1662807281
|switch|p1a: Tangrowth|Tangrowth, M|80/100
|turn|27
|
|t:|1662807283
|move|p2a: Mamoswine|Icicle Crash|p1a: Tangrowth
|-supereffective|p1a: Tangrowth
|-damage|p1a: Tangrowth|27/100
|move|p1a: Tangrowth|Giga Drain|p2a: Mamoswine
|-supereffective|p2a: Mamoswine
|-damage|p2a: Mamoswine|0 fnt
|-heal|p1a: Tangrowth|41/100|[from] drain|[of] p2a: Mamoswine
|faint|p2a: Mamoswine
|
|upkeep
|
|t:|1662807286
|switch|p2a: Garchomp|Garchomp, M, shiny|100/100
|turn|28
|
|t:|1662807289
|switch|p1a: landorustherian|Landorus-Therian, M|40/100
|-ability|p1a: landorustherian|Intimidate|boost
|-unboost|p2a: Garchomp|atk|1
|move|p2a: Garchomp|Outrage|p1a: landorustherian
|-damage|p1a: landorustherian|0 fnt
|faint|p1a: landorustherian
|
|upkeep
|
|t:|1662807289
|switch|p1a: Tangrowth|Tangrowth, M|74/100
|turn|29
|
|t:|1662807291
|move|p2a: Garchomp|Outrage|p1a: Tangrowth|[from]lockedmove
|-damage|p1a: Tangrowth|53/100
|-damage|p2a: Garchomp|84/100|[from] item: Rocky Helmet|[of] p1a: Tangrowth
|-start|p2a: Garchomp|confusion|[fatigue]
|move|p1a: Tangrowth|Giga Drain|p2a: Garchomp
|-damage|p2a: Garchomp|55/100
|-heal|p1a: Tangrowth|66/100|[from] drain|[of] p2a: Garchomp
|
|upkeep
|turn|30
|
|t:|1662807294
|-activate|p2a: Garchomp|confusion
|move|p2a: Garchomp|Outrage|p1a: Tangrowth
|-damage|p1a: Tangrowth|44/100
|-damage|p2a: Garchomp|38/100|[from] item: Rocky Helmet|[of] p1a: Tangrowth
|move|p1a: Tangrowth|Giga Drain|p2a: Garchomp
|-damage|p2a: Garchomp|6/100
|-heal|p1a: Tangrowth|58/100|[from] drain|[of] p2a: Garchomp
|
|upkeep
|turn|31
|
|t:|1662807297
|-activate|p2a: Garchomp|confusion
|move|p2a: Garchomp|Outrage|p1a: Tangrowth|[from]lockedmove
|-damage|p1a: Tangrowth|36/100
|-damage|p2a: Garchomp|0 fnt|[from] item: Rocky Helmet|[of] p1a: Tangrowth
|faint|p2a: Garchomp
|
|win|minimax_ai
|raw|minimax_ai's rating: 1586 &rarr; <strong>1611</strong><br />(+25 for winning)
|raw|iopkj09's rating: 1672 &rarr; <strong>1647</strong><br />(-25 for losing)
|c|☆minimax_ai|gg
|l|☆iopkj09
