|j|☆E-Town Escavaliers
|j|☆smollest brian
|inactive|Battle timer is ON: inactive players will automatically lose when time's up.
|t:|1655687291
|gametype|singles
|player|p1|E-Town Escavaliers|265|
|player|p2|smollest brian|sonia|
|teamsize|p1|6
|teamsize|p2|6
|gen|8
|tier|[Gen 8] OU
|rated|Tournament battle
|rule|Sleep Clause Mod: Limit one foe put to sleep
|rule|Species Clause: Limit one of each Pokémon
|rule|OHKO Clause: OHKO moves are banned
|rule|Evasion Moves Clause: Evasion moves are banned
|rule|Endless Battle Clause: Forcing endless battles is banned
|rule|HP Percentage Mod: HP is shown in percentages
|rule|Dynamax Clause: You cannot dynamax
|clearpoke
|poke|p1|Melmetal|
|poke|p1|Tapu Fini|
|poke|p1|Alakazam, F|
|poke|p1|Landorus-Therian, M|
|poke|p1|Zapdos|
|poke|p1|Terrakion|
|poke|p2|Frosmoth, F|
|poke|p2|Volcanion|
|poke|p2|Corviknight, F|
|poke|p2|Garchomp, F|
|poke|p2|Tapu Lele|
|poke|p2|Hawlucha, M|
|teampreview
|j|*Lady Monita ☀
|j| BB-8-NU
|j| Zardel20
|j| glhf goofy
|j| Anghult
|c|☆E-Town Escavaliers|damn youre ranked really high on the ladder
|
|t:|1655687319
|start
|switch|p1a: Melmetal|Melmetal|100/100
|switch|p2a: Garchomp|Garchomp, F|100/100
|turn|1
|j| Qwerty25125
|
|t:|1655687328
|move|p2a: Garchomp|Stealth Rock|p1a: Melmetal
|-sidestart|p1: E-Town Escavaliers|move: Stealth Rock
|move|p1a: Melmetal|Double Iron Bash|p2a: Garchomp
|-damage|p2a: Garchomp|44/100
|-damage|p1a: Melmetal|88/100|[from] ability: Rough Skin|[of] p2a: Garchomp
|-damage|p1a: Melmetal|71/100|[from] item: Rocky Helmet|[of] p2a: Garchomp
|-damage|p2a: Garchomp|0 fnt
|-damage|p1a: Melmetal|59/100|[from] ability: Rough Skin|[of] p2a: Garchomp
|-damage|p1a: Melmetal|42/100|[from] item: Rocky Helmet|[of] p2a: Garchomp
|faint|p2a: Garchomp
|-hitcount|p2: Garchomp|2
|
|upkeep
|j| Lt. Tesla
|
|t:|1655687337
|switch|p2a: Volcanion|Volcanion|100/100
|turn|2
|
|t:|1655687342
|move|p2a: Volcanion|Flamethrower|p1a: Melmetal
|-supereffective|p1a: Melmetal
|-damage|p1a: Melmetal|0 fnt
|faint|p1a: Melmetal
|
|upkeep
|j| Stonkystinky
|j| Sn0opy
|j| Quack_Senpaii
|
|t:|1655687351
|switch|p1a: Zapdos|Zapdos|100/100
|turn|3
|c| Stonkystinky|e-town im back
|c| Stonkystinky|to support u
|
|t:|1655687358
|move|p1a: Zapdos|Defog|p2a: Volcanion
|-unboost|p2a: Volcanion|evasion|1
|-sideend|p1: E-Town Escavaliers|Stealth Rock|[from] move: Defog|[of] p1a: Zapdos
|move|p2a: Volcanion|Steam Eruption|p1a: Zapdos
|-damage|p1a: Zapdos|60/100
|
|upkeep
|turn|4
|c|☆E-Town Escavaliers|welcome back man
|c| Stonkystinky|u got discord
|c| Stonkystinky|brother
|
|t:|1655687363
|switch|p2a: Frosmoth|Frosmoth, F|100/100
|move|p1a: Zapdos|Hurricane|p2a: Frosmoth
|-supereffective|p2a: Frosmoth
|-damage|p2a: Frosmoth|70/100
|
|upkeep
|turn|5
|
|t:|1655687366
|move|p1a: Zapdos|U-turn|p2a: Frosmoth
|-damage|p2a: Frosmoth|46/100
|c|☆E-Town Escavaliers|i do indeed
|j|@saba@!
|
|t:|1655687370
|switch|p1a: Terrakion|Terrakion|100/100|[from]move: U-turn
|move|p2a: Frosmoth|Ice Beam|p1a: Terrakion
|-damage|p1a: Terrakion|39/100
|
|upkeep
|turn|6
|
|t:|1655687375
|switch|p2a: Corviknight|Corviknight, F|100/100
|-ability|p2a: Corviknight|Pressure
|move|p1a: Terrakion|Close Combat|p2a: Corviknight
|-damage|p2a: Corviknight|61/100
|-unboost|p1a: Terrakion|def|1
|-unboost|p1a: Terrakion|spd|1
|
|-heal|p2a: Corviknight|68/100|[from] item: Leftovers
|upkeep
|turn|7
|
|t:|1655687384
|move|p1a: Terrakion|Stealth Rock|p2a: Corviknight
|-sidestart|p2: smollest brian|move: Stealth Rock
|move|p2a: Corviknight|U-turn|p1a: Terrakion
|-resisted|p1a: Terrakion
|-damage|p1a: Terrakion|27/100
|c| Stonkystinky|add em
|
|t:|1655687391
|switch|p2a: Tapu Lele|Tapu Lele|100/100|[from]move: U-turn
|-damage|p2a: Tapu Lele|88/100|[from] Stealth Rock
|-fieldstart|move: Psychic Terrain|[from] ability: Psychic Surge|[of] p2a: Tapu Lele
|
|upkeep
|turn|8
|c| Stonkystinky|me
|
|t:|1655687399
|move|p1a: Terrakion|Stone Edge|p2a: Tapu Lele|[miss]
|-miss|p1a: Terrakion|p2a: Tapu Lele
|move|p2a: Tapu Lele|Psychic|p1a: Terrakion
|-supereffective|p1a: Terrakion
|-damage|p1a: Terrakion|0 fnt
|faint|p1a: Terrakion
|
|upkeep
|c|☆E-Town Escavaliers|shucks
|
|t:|1655687405
|switch|p1a: Alakazam|Alakazam, F|100/100
|turn|9
|
|t:|1655687409
|move|p1a: Alakazam|Shadow Ball|p2a: Tapu Lele
|-supereffective|p2a: Tapu Lele
|-damage|p2a: Tapu Lele|28/100
|move|p2a: Tapu Lele|Psychic|p1a: Alakazam
|-resisted|p1a: Alakazam
|-damage|p1a: Alakazam|35/100
|
|upkeep
|turn|10
|c| Stonkystinky|i have a lot to learn from u
|c|☆E-Town Escavaliers|hahaha im not that good man
|
|t:|1655687424
|switch|p2a: Frosmoth|Frosmoth, F|46/100
|-damage|p2a: Frosmoth|0 fnt|[from] Stealth Rock
|faint|p2a: Frosmoth
|move|p1a: Alakazam|Shadow Ball|p2: Frosmoth|[notarget]
|-fail|p1a: Alakazam
|
|upkeep
|
|t:|1655687439
|switch|p2a: Corviknight|Corviknight, F|68/100
|-damage|p2a: Corviknight|55/100|[from] Stealth Rock
|-ability|p2a: Corviknight|Pressure
|turn|11
|c| Stonkystinky|u clapped that kid earlier
|c|☆E-Town Escavaliers|thats bc i got paras
|
|t:|1655687456
|move|p1a: Alakazam|Psychic|p2a: Corviknight
|-resisted|p2a: Corviknight
|-damage|p2a: Corviknight|24/100
|move|p2a: Corviknight|U-turn|p1a: Alakazam
|-supereffective|p1a: Alakazam
|-damage|p1a: Alakazam|0 fnt
|faint|p1a: Alakazam
|c| Stonkystinky|he was abusing rain
|
|t:|1655687460
|switch|p2a: Volcanion|Volcanion|100/100|[from]move: U-turn
|
|-fieldend|move: Psychic Terrain
|upkeep
|
|t:|1655687462
|switch|p1a: Landorus|Landorus-Therian, M|100/100
|-ability|p1a: Landorus|Intimidate|boost
|-unboost|p2a: Volcanion|atk|1
|turn|12
|
|t:|1655687465
|move|p1a: Landorus|Earthquake|p2a: Volcanion
|-supereffective|p2a: Volcanion
|-damage|p2a: Volcanion|13/100
|move|p2a: Volcanion|Steam Eruption|p1a: Landorus
|-supereffective|p1a: Landorus
|-damage|p1a: Landorus|0 fnt
|faint|p1a: Landorus
|
|upkeep
|
|t:|1655687469
|switch|p1a: Zapdos|Zapdos|60/100
|turn|13
|
|t:|1655687472
|move|p1a: Zapdos|Hurricane|p2a: Volcanion|[miss]
|-miss|p1a: Zapdos|p2a: Volcanion
|move|p2a: Volcanion|Steam Eruption|p1a: Zapdos
|-damage|p1a: Zapdos|15/100
|
|upkeep
|turn|14
|
|t:|1655687474
|move|p1a: Zapdos|Roost|p1a: Zapdos
|-heal|p1a: Zapdos|65/100
|-singleturn|p1a: Zapdos|move: Roost
|move|p2a: Volcanion|Earth Power|p1a: Zapdos
|-supereffective|p1a: Zapdos
|-crit|p1a: Zapdos
|-damage|p1a: Zapdos|0 fnt
|faint|p1a: Zapdos
|
|upkeep
|
|t:|1655687476
|switch|p1a: Tapu Fini|Tapu Fini|100/100
|-fieldstart|move: Misty Terrain|[from] ability: Misty Surge|[of] p1a: Tapu Fini
|turn|15
|c| Stonkystinky|oh no
|c|☆E-Town Escavaliers|see the luck came back to bite me
|
|t:|1655687485
|move|p1a: Tapu Fini|Calm Mind|p1a: Tapu Fini
|-boost|p1a: Tapu Fini|spa|1
|-boost|p1a: Tapu Fini|spd|1
|move|p2a: Volcanion|Sludge Wave|p1a: Tapu Fini
|-supereffective|p1a: Tapu Fini
|-damage|p1a: Tapu Fini|61/100
|
|-heal|p1a: Tapu Fini|67/100|[from] item: Leftovers
|upkeep
|turn|16
|c|☆E-Town Escavaliers|GG bro
|
|t:|1655687490
|move|p1a: Tapu Fini|Draining Kiss|p2a: Volcanion
|-resisted|p2a: Volcanion
|-damage|p2a: Volcanion|1/100
|-heal|p1a: Tapu Fini|76/100|[from] drain|[of] p2a: Volcanion
|move|p2a: Volcanion|Sludge Wave|p1a: Tapu Fini
|-supereffective|p1a: Tapu Fini
|-damage|p1a: Tapu Fini|37/100
|
|-heal|p1a: Tapu Fini|44/100|[from] item: Leftovers
|upkeep
|turn|17
|
|t:|1655687492
|move|p1a: Tapu Fini|Draining Kiss|p2a: Volcanion
|-resisted|p2a: Volcanion
|-damage|p2a: Volcanion|0 fnt
|-heal|p1a: Tapu Fini|44/100|[from] drain|[of] p2a: Volcanion
|faint|p2a: Volcanion
|
|-heal|p1a: Tapu Fini|50/100|[from] item: Leftovers
|upkeep
|
|t:|1655687495
|switch|p2a: Tapu Lele|Tapu Lele|28/100
|-damage|p2a: Tapu Lele|15/100|[from] Stealth Rock
|-fieldstart|move: Psychic Terrain|[from] ability: Psychic Surge|[of] p2a: Tapu Lele
|turn|18
|
|t:|1655687497
|move|p2a: Tapu Lele|Psyshock|p1a: Tapu Fini
|-damage|p1a: Tapu Fini|0 fnt
|faint|p1a: Tapu Fini
|
|win|smollest brian
|n|☆E-Town Escavaliers|etownescavaliers
|n|☆smollest brian|smollestbrian
|n|*Lady Monita ☀|ladymonita
|n| BB-8-NU|bb8nu
|n| Zardel20|zardel20
|n| glhf goofy|glhfgoofy
|n| Anghult|anghult
|n| Qwerty25125|qwerty25125
|n| Lt. Tesla|lttesla
|n| Stonkystinky|stonkystinky
|n| Sn0opy|sn0opy
|n| Quack_Senpaii|quacksenpaii
|n| saba@!|saba
|l|*Lady Monita ☀
|l| BB-8-NU
|j| JJ09LIE
|c|☆smollest brian|gg
|l| JJ09LIE
|l| saba
|c|☆E-Town Escavaliers|got some really unlucky misses there
|l| Qwerty25125
|c| Stonkystinky|damn
|c| Stonkystinky|gg bois
|j| AndreyVGC
|j| kaWaiidriP
|c|☆E-Town Escavaliers|killing lele wouldve been really nice
|j| JJ09LIE
|c|☆smollest brian|clean this up with a frosmoth
|l| glhf goofy
|l| Zardel20
|c|☆E-Town Escavaliers|Fros didnt do anything LOL
|l| Quack_Senpaii
|c|☆smollest brian|lele didn't dodge anthing
|c| Stonkystinky|stone edge
|c|☆smollest brian|it did what it was supposed too
|c|☆E-Town Escavaliers|dodging is what it was supposed to do for sure there
|c| Stonkystinky|if it got hit by edge
|c| Stonkystinky|shadow ball killed
|c| Stonkystinky|and it woulda been a dif game
|c|☆smollest brian|oh right
|c|☆E-Town Escavaliers|yeah but it happens
|c| Stonkystinky|yea
|c| JJ09LIE|lol imagine
|c|☆E-Town Escavaliers|GGs.
|c| Stonkystinky|well played game
|c|☆smollest brian|gg
|l|☆E-Town Escavaliers
|l| Sn0opy
|l| Stonkystinky
|l| JJ09LIE
