|j|‽golden grafter
|j|☆JooshP
|t:|1662637641
|gametype|singles
|player|p1|golden grafter|266|1781
|player|p2|JooshP|red|1779
|teamsize|p1|6
|teamsize|p2|6
|gen|8
|tier|[Gen 8] OU
|rated|
|rule|Sleep Clause Mod: Limit one foe put to sleep
|rule|Species Clause: Limit one of each Pokémon
|rule|OHKO Clause: OHKO moves are banned
|rule|Evasion Items Clause: Evasion items are banned
|rule|Evasion Moves Clause: Evasion moves are banned
|rule|Endless Battle Clause: Forcing endless battles is banned
|rule|HP Percentage Mod: HP is shown in percentages
|rule|Dynamax Clause: You cannot dynamax
|clearpoke
|poke|p1|Celesteela|
|poke|p1|Slowking-Galar, F|
|poke|p1|Weavile, F|
|poke|p1|Garchomp, M|
|poke|p1|Ferrothorn, F|
|poke|p1|Tapu Fini|
|poke|p2|Urshifu-*, F|
|poke|p2|Skarmory, F|
|poke|p2|Blissey, F|
|poke|p2|Landorus-Therian, M|
|poke|p2|Dragonite, M|
|poke|p2|Blacephalon|
|teampreview
|inactive|Battle timer is ON: inactive players will automatically lose when time's up. (requested by golden grafter)
|
|t:|1662637657
|start
|switch|p1a: Celesteela|Celesteela|100/100
|switch|p2a: Landorus|Landorus-Therian, M|100/100
|-ability|p2a: Landorus|Intimidate|boost
|-unboost|p1a: Celesteela|atk|1
|turn|1
|inactive|golden grafter has 120 seconds left.
|inactive|golden grafter has 90 seconds left.
|
|t:|1662637720
|move|p2a: Landorus|Knock Off|p1a: Celesteela
|-damage|p1a: Celesteela|82/100
|-enditem|p1a: Celesteela|Leftovers|[from] move: Knock Off|[of] p2a: Landorus
|move|p1a: Celesteela|Leech Seed|p2a: Landorus|[miss]
|-miss|p1a: Celesteela|p2a: Landorus
|
|upkeep
|turn|2
|
|t:|1662637737
|move|p2a: Landorus|Stealth Rock|p1a: Celesteela
|-sidestart|p1: golden grafter|move: Stealth Rock
|move|p1a: Celesteela|Leech Seed|p2a: Landorus
|-start|p2a: Landorus|move: Leech Seed
|
|-damage|p2a: Landorus|88/100|[from] Leech Seed|[of] p1a: Celesteela
|-heal|p1a: Celesteela|94/100|[silent]
|upkeep
|turn|3
|inactive|golden grafter has 90 seconds left.
|
|t:|1662637775
|move|p2a: Landorus|U-turn|p1a: Celesteela
|-resisted|p1a: Celesteela
|-damage|p1a: Celesteela|90/100
|j| supahotnicememe
|
|t:|1662637784
|switch|p2a: Blissey|Blissey, F|100/100|[from]move: U-turn
|move|p1a: Celesteela|Leech Seed|p2a: Blissey
|-start|p2a: Blissey|move: Leech Seed
|
|-damage|p2a: Blissey|88/100|[from] Leech Seed|[of] p1a: Celesteela
|-heal|p1a: Celesteela|100/100|[silent]
|upkeep
|turn|4
|
|t:|1662637787
|move|p1a: Celesteela|Heavy Slam|p2a: Blissey
|-damage|p2a: Blissey|65/100
|move|p2a: Blissey|Teleport|p2a: Blissey
|
|t:|1662637791
|switch|p2a: Blacephalon|Blacephalon|100/100|[from]move: Teleport
|
|upkeep
|turn|5
|
|t:|1662637794
|move|p1a: Celesteela|Protect|p1a: Celesteela
|-singleturn|p1a: Celesteela|Protect
|move|p2a: Blacephalon|Flamethrower|p1a: Celesteela
|-activate|p1a: Celesteela|move: Protect
|
|upkeep
|turn|6
|
|t:|1662637802
|switch|p2a: Urshifu|Urshifu-Rapid-Strike, F|100/100
|switch|p1a: Tapu Fini|Tapu Fini|100/100
|-damage|p1a: Tapu Fini|88/100|[from] Stealth Rock
|-fieldstart|move: Misty Terrain|[from] ability: Misty Surge|[of] p1a: Tapu Fini
|
|upkeep
|turn|7
|
|t:|1662637809
|move|p2a: Urshifu|U-turn|p1a: Tapu Fini
|-resisted|p1a: Tapu Fini
|-damage|p1a: Tapu Fini|74/100
|
|t:|1662637812
|switch|p2a: Blissey|Blissey, F|65/100|[from]move: U-turn
|move|p1a: Tapu Fini|Trick|p2a: Blissey
|-activate|p1a: Tapu Fini|move: Trick|[of] p2a: Blissey
|-item|p2a: Blissey|Choice Scarf|[from] move: Trick
|-item|p1a: Tapu Fini|Heavy-Duty Boots|[from] move: Trick
|
|upkeep
|turn|8
|
|t:|1662637816
|move|p1a: Tapu Fini|Defog|p2a: Blissey
|-unboost|p2a: Blissey|evasion|1
|-sideend|p1: golden grafter|Stealth Rock|[from] move: Defog|[of] p1a: Tapu Fini
|-fieldend|Misty Terrain
|move|p2a: Blissey|Teleport|p2a: Blissey
|
|t:|1662637833
|switch|p2a: Urshifu|Urshifu-Rapid-Strike, F|100/100|[from]move: Teleport
|
|upkeep
|turn|9
|inactive|golden grafter has 120 seconds left.
|
|t:|1662637869
|move|p2a: Urshifu|U-turn|p1a: Tapu Fini
|-resisted|p1a: Tapu Fini
|-damage|p1a: Tapu Fini|60/100
|j| wuminKenken
|
|t:|1662637899
|switch|p2a: Blissey|Blissey, F|65/100|[from]move: U-turn
|move|p1a: Tapu Fini|Moonblast|p2a: Blissey
|-damage|p2a: Blissey|50/100
|
|upkeep
|turn|10
|inactive|golden grafter has 120 seconds left.
|j| wistwind
|
|t:|1662637919
|switch|p1a: Ferrothorn|Ferrothorn, F|100/100
|move|p2a: Blissey|Soft-Boiled|p2a: Blissey
|-heal|p2a: Blissey|99/100
|
|upkeep
|turn|11
|
|t:|1662637922
|switch|p2a: Landorus|Landorus-Therian, M|88/100
|-ability|p2a: Landorus|Intimidate|boost
|-unboost|p1a: Ferrothorn|atk|1
|move|p1a: Ferrothorn|Spikes|p2a: Landorus
|-sidestart|p2: JooshP|Spikes
|
|-heal|p2a: Landorus|94/100|[from] item: Leftovers
|upkeep
|turn|12
|
|t:|1662637933
|move|p2a: Landorus|Stealth Rock|p1a: Ferrothorn
|-sidestart|p1: golden grafter|move: Stealth Rock
|move|p1a: Ferrothorn|Spikes|p2a: Landorus
|-sidestart|p2: JooshP|Spikes
|
|-heal|p2a: Landorus|99/100|[from] item: Leftovers
|upkeep
|turn|13
|j| 2022y06m30d 2
|inactive|golden grafter has 120 seconds left.
|inactive|golden grafter has 90 seconds left.
|
|t:|1662637985
|move|p2a: Landorus|Knock Off|p1a: Ferrothorn
|-damage|p1a: Ferrothorn|76/100
|-damage|p2a: Landorus|88/100|[from] ability: Iron Barbs|[of] p1a: Ferrothorn
|-damage|p2a: Landorus|71/100|[from] item: Rocky Helmet|[of] p1a: Ferrothorn
|-enditem|p1a: Ferrothorn|Rocky Helmet|[from] move: Knock Off|[of] p2a: Landorus
|move|p1a: Ferrothorn|Spikes|p2a: Landorus
|-sidestart|p2: JooshP|Spikes
|
|-heal|p2a: Landorus|77/100|[from] item: Leftovers
|upkeep
|turn|14
|j| union boss
|
|t:|1662637993
|move|p2a: Landorus|Earthquake|p1a: Ferrothorn
|-damage|p1a: Ferrothorn|44/100
|move|p1a: Ferrothorn|Leech Seed|p2a: Landorus
|-start|p2a: Landorus|move: Leech Seed
|
|-heal|p2a: Landorus|83/100|[from] item: Leftovers
|-damage|p2a: Landorus|71/100|[from] Leech Seed|[of] p1a: Ferrothorn
|-heal|p1a: Ferrothorn|57/100|[silent]
|upkeep
|turn|15
|
|t:|1662637998
|switch|p2a: Skarmory|Skarmory, F|100/100
|move|p1a: Ferrothorn|Leech Seed|p2a: Skarmory
|-start|p2a: Skarmory|move: Leech Seed
|
|-damage|p2a: Skarmory|88/100|[from] Leech Seed|[of] p1a: Ferrothorn
|-heal|p1a: Ferrothorn|69/100|[silent]
|upkeep
|turn|16
|
|t:|1662638003
|switch|p2a: Landorus|Landorus-Therian, M|71/100
|-ability|p2a: Landorus|Intimidate|boost
|-unboost|p1a: Ferrothorn|atk|1
|switch|p1a: Garchomp|Garchomp, M|100/100
|-damage|p1a: Garchomp|94/100|[from] Stealth Rock
|
|-heal|p2a: Landorus|77/100|[from] item: Leftovers
|upkeep
|turn|17
|
|t:|1662638006
|move|p1a: Garchomp|Draco Meteor|p2a: Landorus
|-damage|p2a: Landorus|4/100
|-unboost|p1a: Garchomp|spa|2
|-damage|p1a: Garchomp|85/100|[from] item: Life Orb
|move|p2a: Landorus|Knock Off|p1a: Garchomp
|-crit|p1a: Garchomp
|-damage|p1a: Garchomp|36/100
|-damage|p2a: Landorus|0 fnt|[from] ability: Rough Skin|[of] p1a: Garchomp
|faint|p2a: Landorus
|
|upkeep
|
|t:|1662638012
|switch|p2a: Dragonite|Dragonite, M|100/100
|turn|18
|
|t:|1662638015
|switch|p1a: Celesteela|Celesteela|100/100
|-damage|p1a: Celesteela|88/100|[from] Stealth Rock
|switch|p2a: Skarmory|Skarmory, F|88/100
|
|upkeep
|turn|19
|
|t:|1662638018
|move|p2a: Skarmory|Spikes|p1a: Celesteela
|-sidestart|p1: golden grafter|Spikes
|move|p1a: Celesteela|Flamethrower|p2a: Skarmory
|-supereffective|p2a: Skarmory
|-damage|p2a: Skarmory|31/100
|
|upkeep
|turn|20
|
|t:|1662638023
|switch|p2a: Blissey|Blissey, F|99/100
|-damage|p2a: Blissey|75/100|[from] Spikes
|move|p1a: Celesteela|Flamethrower|p2a: Blissey
|-damage|p2a: Blissey|66/100
|
|upkeep
|turn|21
|
|t:|1662638026
|move|p2a: Blissey|Seismic Toss|p1a: Celesteela
|-damage|p1a: Celesteela|63/100
|move|p1a: Celesteela|Heavy Slam|p2a: Blissey
|-damage|p2a: Blissey|29/100
|
|upkeep
|turn|22
|
|t:|1662638030
|move|p2a: Blissey|Seismic Toss|p1a: Celesteela
|-damage|p1a: Celesteela|38/100
|move|p1a: Celesteela|Leech Seed|p2a: Blissey
|-start|p2a: Blissey|move: Leech Seed
|
|-damage|p2a: Blissey|17/100|[from] Leech Seed|[of] p1a: Celesteela
|-heal|p1a: Celesteela|60/100|[silent]
|upkeep
|turn|23
|
|t:|1662638033
|switch|p2a: Skarmory|Skarmory, F|31/100
|move|p1a: Celesteela|Protect||[still]
|-fail|p1a: Celesteela
|
|upkeep
|turn|24
|
|t:|1662638035
|switch|p2a: Blissey|Blissey, F|17/100
|-damage|p2a: Blissey|0 fnt|[from] Spikes
|faint|p2a: Blissey
|move|p1a: Celesteela|Flamethrower|p2: Blissey|[notarget]
|-fail|p1a: Celesteela
|
|upkeep
|
|t:|1662638039
|switch|p2a: Blacephalon|Blacephalon|100/100
|-damage|p2a: Blacephalon|76/100|[from] Spikes
|turn|25
|
|t:|1662638041
|move|p1a: Celesteela|Protect|p1a: Celesteela
|-singleturn|p1a: Celesteela|Protect
|move|p2a: Blacephalon|Shadow Ball|p1a: Celesteela
|-activate|p1a: Celesteela|move: Protect
|
|upkeep
|turn|26
|
|t:|1662638050
|switch|p1a: Garchomp|Garchomp, M|36/100
|-damage|p1a: Garchomp|30/100|[from] Stealth Rock
|-damage|p1a: Garchomp|17/100|[from] Spikes
|move|p2a: Blacephalon|Shadow Ball|p1a: Garchomp
|-damage|p1a: Garchomp|0 fnt
|faint|p1a: Garchomp
|-ability|p2a: Blacephalon|Beast Boost|boost
|-boost|p2a: Blacephalon|spa|1
|
|upkeep
|
|t:|1662638054
|switch|p1a: Weavile|Weavile, F|100/100
|-damage|p1a: Weavile|76/100|[from] Stealth Rock
|-damage|p1a: Weavile|63/100|[from] Spikes
|-ability|p1a: Weavile|Pressure
|turn|27
|
|t:|1662638057
|switch|p2a: Skarmory|Skarmory, F|31/100
|move|p1a: Weavile|Knock Off|p2a: Skarmory
|-damage|p2a: Skarmory|0 fnt
|-damage|p1a: Weavile|47/100|[from] item: Rocky Helmet|[of] p2a: Skarmory
|-enditem|p2a: Skarmory|Rocky Helmet|[from] move: Knock Off|[of] p1a: Weavile
|faint|p2a: Skarmory
|-damage|p1a: Weavile|37/100|[from] item: Life Orb
|
|upkeep
|
|t:|1662638063
|switch|p2a: Urshifu|Urshifu-Rapid-Strike, F|100/100
|-damage|p2a: Urshifu|76/100|[from] Spikes
|turn|28
|
|t:|1662638066
|switch|p1a: Ferrothorn|Ferrothorn, F|69/100
|-damage|p1a: Ferrothorn|63/100|[from] Stealth Rock
|-damage|p1a: Ferrothorn|51/100|[from] Spikes
|move|p2a: Urshifu|Close Combat|p1a: Ferrothorn
|-supereffective|p1a: Ferrothorn
|-damage|p1a: Ferrothorn|0 fnt
|-unboost|p2a: Urshifu|def|1
|-unboost|p2a: Urshifu|spd|1
|-damage|p2a: Urshifu|63/100|[from] ability: Iron Barbs|[of] p1a: Ferrothorn
|faint|p1a: Ferrothorn
|
|upkeep
|
|t:|1662638069
|switch|p1a: Slowking|Slowking-Galar, F|100/100
|-damage|p1a: Slowking|88/100|[from] Stealth Rock
|-damage|p1a: Slowking|76/100|[from] Spikes
|turn|29
|
|t:|1662638081
|move|p2a: Urshifu|Close Combat|p1a: Slowking
|-resisted|p1a: Slowking
|-damage|p1a: Slowking|59/100
|-unboost|p2a: Urshifu|def|1
|-unboost|p2a: Urshifu|spd|1
|move|p1a: Slowking|Sludge Bomb|p2a: Urshifu
|-damage|p2a: Urshifu|0 fnt
|faint|p2a: Urshifu
|
|upkeep
|
|t:|1662638083
|switch|p2a: Blacephalon|Blacephalon|76/100
|-damage|p2a: Blacephalon|51/100|[from] Spikes
|turn|30
|
|t:|1662638086
|move|p2a: Blacephalon|Shadow Ball|p1a: Slowking
|-supereffective|p1a: Slowking
|-damage|p1a: Slowking|0 fnt
|faint|p1a: Slowking
|-ability|p2a: Blacephalon|Beast Boost|boost
|-boost|p2a: Blacephalon|spa|1
|
|upkeep
|
|t:|1662638090
|switch|p1a: Weavile|Weavile, F|37/100
|-damage|p1a: Weavile|12/100|[from] Stealth Rock
|-damage|p1a: Weavile|0 fnt|[from] Spikes
|faint|p1a: Weavile
|-message|golden grafter forfeited.
|
|win|JooshP
|raw|golden grafter's rating: 1781 &rarr; <strong>1761</strong><br />(-20 for losing)
|raw|JooshP's rating: 1779 &rarr; <strong>1799</strong><br />(+20 for winning)
|l|‽golden grafter
|l|☆JooshP
|l| union boss
