|j|☆Piesdeaguilasxd
|j|☆wsdfg
|t:|1605307480
|player|p1|Piesdeaguilasxd|pokemonbreeder-gen4|1830
|player|p2|wsdfg|169|1865
|teamsize|p1|6
|teamsize|p2|6
|gametype|singles
|gen|8
|tier|[Gen 8] OU
|rated|
|clearpoke
|poke|p1|Urshifu-*, F|
|poke|p1|Moltres|
|poke|p1|Zygarde|
|poke|p1|Melmetal|
|poke|p1|Spectrier|
|poke|p1|Nidoking, M|
|poke|p2|Kyurem|
|poke|p2|Moltres|
|poke|p2|Blissey, F|
|poke|p2|Slowbro, M|
|poke|p2|Tyranitar, M|
|poke|p2|Zygarde|
|rule|Sleep Clause Mod: Limit one foe put to sleep
|rule|Species Clause: Limit one of each Pokémon
|rule|OHKO Clause: OHKO moves are banned
|rule|Evasion Moves Clause: Evasion moves are banned
|rule|Endless Battle Clause: Forcing endless battles is banned
|rule|HP Percentage Mod: HP is shown in percentages
|rule|Dynamax Clause: You cannot dynamax
|teampreview
|j| Ople_2002
|
|t:|1605307494
|start
|switch|p1a: Urshifu|Urshifu-Rapid-Strike, F|100/100
|switch|p2a: Zygarde|Zygarde|100/100
|-ability|p2a: Zygarde|Aura Break
|turn|1
|j| kjlnkn
|
|t:|1605307505
|move|p1a: Urshifu|Surging Strikes|p2a: Zygarde
|-crit|p2a: Zygarde
|-damage|p2a: Zygarde|76/100
|-crit|p2a: Zygarde
|-damage|p2a: Zygarde|52/100
|-crit|p2a: Zygarde
|-damage|p2a: Zygarde|27/100
|-hitcount|p2a: Zygarde|3
|move|p2a: Zygarde|Thousand Arrows|p1a: Urshifu
|-damage|p1a: Urshifu|31/100
|
|upkeep
|turn|2
|
|t:|1605307515
|switch|p2a: Slowbro|Slowbro, M|100/100
|move|p1a: Urshifu|Surging Strikes|p2a: Slowbro
|-resisted|p2a: Slowbro
|-crit|p2a: Slowbro
|-damage|p2a: Slowbro|92/100
|-resisted|p2a: Slowbro
|-crit|p2a: Slowbro
|-damage|p2a: Slowbro|83/100
|-resisted|p2a: Slowbro
|-crit|p2a: Slowbro
|-damage|p2a: Slowbro|74/100
|-hitcount|p2a: Slowbro|3
|
|upkeep
|turn|3
|
|t:|1605307526
|switch|p1a: Nidoking|Nidoking, M|100/100
|move|p2a: Slowbro|Teleport|p2a: Slowbro
|
|t:|1605307528
|switch|p2a: Zygarde|Zygarde|27/100|[from]move: Teleport
|-ability|p2a: Zygarde|Aura Break
|
|upkeep
|turn|4
|j| cope von cope
|j| spinseebeck
|j| Zrnv
|j| GWShark101
|
|t:|1605307564
|move|p1a: Nidoking|Ice Beam|p2a: Zygarde
|-supereffective|p2a: Zygarde
|-damage|p2a: Zygarde|0 fnt
|faint|p2a: Zygarde
|
|upkeep
|j| Wiso5
|
|t:|1605307574
|switch|p2a: Blissey|Blissey, F|100/100
|turn|5
|
|t:|1605307606
|switch|p1a: Melmetal|Melmetal|100/100
|move|p2a: Blissey|Teleport|p2a: Blissey
|j| el cinderaceo
|j| Mendinos
|
|t:|1605307621
|switch|p2a: Moltres|Moltres|100/100|[from]move: Teleport
|
|upkeep
|turn|6
|
|t:|1605307632
|switch|p1a: Moltres|Moltres|100/100
|move|p2a: Moltres|Scorching Sands|p1a: Moltres
|-immune|p1a: Moltres
|
|upkeep
|turn|7
|j| MammothMoxieMence
|
|t:|1605307638
|switch|p2a: Tyranitar|Tyranitar, M|100/100
|-weather|Sandstorm|[from] ability: Sand Stream|[of] p2a: Tyranitar
|move|p1a: Moltres|Flamethrower|p2a: Tyranitar
|-resisted|p2a: Tyranitar
|-damage|p2a: Tyranitar|91/100
|
|-weather|Sandstorm|[upkeep]
|-damage|p1a: Moltres|94/100|[from] Sandstorm
|upkeep
|turn|8
|
|t:|1605307645
|switch|p1a: Urshifu|Urshifu-Rapid-Strike, F|31/100
|move|p2a: Tyranitar|Stealth Rock|p1a: Urshifu
|-sidestart|p1: Piesdeaguilasxd|move: Stealth Rock
|
|-weather|Sandstorm|[upkeep]
|-damage|p1a: Urshifu|25/100|[from] Sandstorm
|upkeep
|turn|9
|j| Going4Gold
|
|t:|1605307651
|switch|p2a: Slowbro|Slowbro, M|100/100
|move|p1a: Urshifu|Thunder Punch|p2a: Slowbro
|-supereffective|p2a: Slowbro
|-damage|p2a: Slowbro|57/100
|-status|p2a: Slowbro|par
|
|-weather|Sandstorm|[upkeep]
|-damage|p1a: Urshifu|18/100|[from] Sandstorm
|-damage|p2a: Slowbro|51/100 par|[from] Sandstorm
|upkeep
|turn|10
|
|t:|1605307658
|switch|p2a: Kyurem|Kyurem|100/100
|-ability|p2a: Kyurem|Pressure
|move|p1a: Urshifu|Thunder Punch|p2a: Kyurem
|-resisted|p2a: Kyurem
|-damage|p2a: Kyurem|86/100
|
|-weather|Sandstorm|[upkeep]
|-damage|p1a: Urshifu|12/100|[from] Sandstorm
|-damage|p2a: Kyurem|80/100|[from] Sandstorm
|-heal|p2a: Kyurem|86/100|[from] item: Leftovers
|upkeep
|turn|11
|
|t:|1605307669
|move|p1a: Urshifu|Thunder Punch|p2a: Kyurem
|-resisted|p2a: Kyurem
|-damage|p2a: Kyurem|69/100
|move|p2a: Kyurem|Substitute|p2a: Kyurem
|-start|p2a: Kyurem|Substitute
|-damage|p2a: Kyurem|44/100
|
|-weather|none
|-heal|p2a: Kyurem|50/100|[from] item: Leftovers
|upkeep
|turn|12
|
|t:|1605307677
|move|p1a: Urshifu|Thunder Punch|p2a: Kyurem
|-resisted|p2a: Kyurem
|-activate|p2a: Kyurem|move: Substitute|[damage]
|move|p2a: Kyurem|Roost|p2a: Kyurem
|-heal|p2a: Kyurem|99/100
|-singleturn|p2a: Kyurem|move: Roost
|
|-heal|p2a: Kyurem|100/100|[from] item: Leftovers
|upkeep
|turn|13
|
|t:|1605307682
|move|p1a: Urshifu|Thunder Punch|p2a: Kyurem
|-resisted|p2a: Kyurem
|-end|p2a: Kyurem|Substitute
|move|p2a: Kyurem|Substitute|p2a: Kyurem
|-start|p2a: Kyurem|Substitute
|-damage|p2a: Kyurem|76/100
|
|-heal|p2a: Kyurem|82/100|[from] item: Leftovers
|upkeep
|turn|14
|
|t:|1605307688
|move|p1a: Urshifu|Thunder Punch|p2a: Kyurem
|-resisted|p2a: Kyurem
|-activate|p2a: Kyurem|move: Substitute|[damage]
|move|p2a: Kyurem|Freeze-Dry|p1a: Urshifu
|-supereffective|p1a: Urshifu
|-damage|p1a: Urshifu|0 fnt
|faint|p1a: Urshifu
|
|-heal|p2a: Kyurem|88/100|[from] item: Leftovers
|upkeep
|
|t:|1605307697
|switch|p1a: Melmetal|Melmetal|100/100
|-damage|p1a: Melmetal|94/100|[from] Stealth Rock
|turn|15
|j| JustPickATopTier
|j| roltr
|
|t:|1605307736
|switch|p2a: Moltres|Moltres|100/100
|move|p1a: Melmetal|Double Iron Bash|p2a: Moltres
|-resisted|p2a: Moltres
|-damage|p2a: Moltres|79/100
|-resisted|p2a: Moltres
|-damage|p2a: Moltres|57/100
|-hitcount|p2a: Moltres|2
|
|upkeep
|turn|16
|
|t:|1605307747
|switch|p1a: Moltres|Moltres|94/100
|move|p2a: Moltres|Roost|p2a: Moltres
|-heal|p2a: Moltres|100/100
|-singleturn|p2a: Moltres|move: Roost
|
|upkeep
|turn|17
|
|t:|1605307753
|switch|p2a: Tyranitar|Tyranitar, M|91/100
|-weather|Sandstorm|[from] ability: Sand Stream|[of] p2a: Tyranitar
|move|p1a: Moltres|Roar|p2a: Tyranitar
|drag|p2a: Blissey|Blissey, F|100/100
|
|-weather|Sandstorm|[upkeep]
|-damage|p1a: Moltres|88/100|[from] Sandstorm
|-damage|p2a: Blissey|94/100|[from] Sandstorm
|upkeep
|turn|18
|
|t:|1605307759
|move|p1a: Moltres|Roar|p2a: Blissey
|drag|p2a: Slowbro|Slowbro, M|84/100 par
|
|-weather|Sandstorm|[upkeep]
|-damage|p1a: Moltres|82/100|[from] Sandstorm
|-damage|p2a: Slowbro|78/100 par|[from] Sandstorm
|upkeep
|turn|19
|j| isabela❤200
|
|t:|1605307766
|move|p1a: Moltres|Roar|p2a: Slowbro
|drag|p2a: Tyranitar|Tyranitar, M|91/100
|
|-weather|Sandstorm|[upkeep]
|-damage|p1a: Moltres|76/100|[from] Sandstorm
|upkeep
|turn|20
|
|t:|1605307776
|switch|p2a: Kyurem|Kyurem|88/100
|-ability|p2a: Kyurem|Pressure
|move|p1a: Moltres|Scorching Sands|p2a: Kyurem
|-damage|p2a: Kyurem|66/100
|-status|p2a: Kyurem|brn
|
|-weather|Sandstorm|[upkeep]
|-damage|p2a: Kyurem|60/100 brn|[from] Sandstorm
|-damage|p1a: Moltres|70/100|[from] Sandstorm
|-heal|p2a: Kyurem|66/100 brn|[from] item: Leftovers
|-damage|p2a: Kyurem|60/100 brn|[from] brn
|upkeep
|turn|21
|
|t:|1605307786
|move|p2a: Kyurem|Freeze-Dry|p1a: Moltres
|-damage|p1a: Moltres|32/100
|move|p1a: Moltres|Flamethrower|p2a: Kyurem
|-damage|p2a: Kyurem|20/100 brn
|
|-weather|none
|-heal|p2a: Kyurem|26/100 brn|[from] item: Leftovers
|-damage|p2a: Kyurem|20/100 brn|[from] brn
|upkeep
|turn|22
|
|t:|1605307792
|move|p2a: Kyurem|Freeze-Dry|p1a: Moltres
|-damage|p1a: Moltres|0 fnt
|faint|p1a: Moltres
|
|-heal|p2a: Kyurem|26/100 brn|[from] item: Leftovers
|-damage|p2a: Kyurem|20/100 brn|[from] brn
|upkeep
|j| DevilishGreg
|j| El Pogo Loco
|
|t:|1605307807
|switch|p1a: Zygarde|Zygarde|100/100
|-damage|p1a: Zygarde|94/100|[from] Stealth Rock
|-ability|p1a: Zygarde|Aura Break
|turn|23
|
|t:|1605307812
|move|p1a: Zygarde|Extreme Speed|p2a: Kyurem
|-damage|p2a: Kyurem|0 fnt
|faint|p2a: Kyurem
|
|-heal|p1a: Zygarde|100/100|[from] item: Leftovers
|upkeep
|
|t:|1605307818
|switch|p2a: Moltres|Moltres|100/100
|turn|24
|
|t:|1605307843
|switch|p1a: Nidoking|Nidoking, M|100/100
|-damage|p1a: Nidoking|95/100|[from] Stealth Rock
|move|p2a: Moltres|Scorching Sands|p1a: Nidoking
|-supereffective|p1a: Nidoking
|-damage|p1a: Nidoking|43/100
|-status|p1a: Nidoking|brn
|
|-damage|p1a: Nidoking|37/100 brn|[from] brn
|upkeep
|turn|25
|
|t:|1605307854
|switch|p2a: Blissey|Blissey, F|94/100
|move|p1a: Nidoking|Thunderbolt|p2a: Blissey
|-crit|p2a: Blissey
|-damage|p2a: Blissey|72/100
|
|-damage|p1a: Nidoking|31/100 brn|[from] brn
|upkeep
|turn|26
|
|t:|1605307887
|move|p1a: Nidoking|Earth Power|p2a: Blissey
|-damage|p2a: Blissey|49/100
|move|p2a: Blissey|Teleport|p2a: Blissey
|
|t:|1605307892
|switch|p2a: Moltres|Moltres|100/100|[from]move: Teleport
|
|-damage|p1a: Nidoking|25/100 brn|[from] brn
|upkeep
|turn|27
|
|t:|1605307897
|switch|p2a: Blissey|Blissey, F|49/100
|move|p1a: Nidoking|Thunderbolt|p2a: Blissey
|-damage|p2a: Blissey|34/100
|
|-damage|p1a: Nidoking|19/100 brn|[from] brn
|upkeep
|turn|28
|
|t:|1605307900
|move|p1a: Nidoking|Earth Power|p2a: Blissey
|-damage|p2a: Blissey|9/100
|move|p2a: Blissey|Soft-Boiled|p2a: Blissey
|-heal|p2a: Blissey|59/100
|
|-damage|p1a: Nidoking|13/100 brn|[from] brn
|upkeep
|turn|29
|
|t:|1605307905
|switch|p1a: Melmetal|Melmetal|94/100
|-damage|p1a: Melmetal|88/100|[from] Stealth Rock
|move|p2a: Blissey|Soft-Boiled|p2a: Blissey
|-heal|p2a: Blissey|100/100
|
|upkeep
|turn|30
|j| Goldenhero22
|
|t:|1605307912
|move|p1a: Melmetal|Thunder Punch|p2a: Blissey
|-damage|p2a: Blissey|49/100
|move|p2a: Blissey|Teleport|p2a: Blissey
|
|t:|1605307916
|switch|p2a: Moltres|Moltres|100/100|[from]move: Teleport
|
|upkeep
|turn|31
|
|t:|1605307925
|switch|p1a: Nidoking|Nidoking, M|13/100 brn
|-damage|p1a: Nidoking|7/100 brn|[from] Stealth Rock
|move|p2a: Moltres|Scorching Sands|p1a: Nidoking
|-supereffective|p1a: Nidoking
|-damage|p1a: Nidoking|0 fnt
|faint|p1a: Nidoking
|
|upkeep
|
|t:|1605307930
|switch|p1a: Zygarde|Zygarde|100/100
|-damage|p1a: Zygarde|94/100|[from] Stealth Rock
|-ability|p1a: Zygarde|Aura Break
|turn|32
|
|t:|1605307937
|move|p1a: Zygarde|Substitute|p1a: Zygarde
|-start|p1a: Zygarde|Substitute
|-damage|p1a: Zygarde|69/100
|move|p2a: Moltres|Scorching Sands|p1a: Zygarde
|-activate|p1a: Zygarde|move: Substitute|[damage]
|
|-heal|p1a: Zygarde|76/100|[from] item: Leftovers
|upkeep
|turn|33
|
|t:|1605307944
|move|p1a: Zygarde|Coil|p1a: Zygarde
|-boost|p1a: Zygarde|atk|1
|-boost|p1a: Zygarde|def|1
|-boost|p1a: Zygarde|accuracy|1
|move|p2a: Moltres|Scorching Sands|p1a: Zygarde
|-end|p1a: Zygarde|Substitute
|
|-heal|p1a: Zygarde|82/100|[from] item: Leftovers
|upkeep
|turn|34
|
|t:|1605307951
|switch|p2a: Slowbro|Slowbro, M|100/100 par
|move|p1a: Zygarde|Substitute|p1a: Zygarde
|-start|p1a: Zygarde|Substitute
|-damage|p1a: Zygarde|57/100
|
|-heal|p1a: Zygarde|63/100|[from] item: Leftovers
|upkeep
|turn|35
|
|t:|1605307955
|move|p1a: Zygarde|Coil|p1a: Zygarde
|-boost|p1a: Zygarde|atk|1
|-boost|p1a: Zygarde|def|1
|-boost|p1a: Zygarde|accuracy|1
|cant|p2a: Slowbro|par
|
|-heal|p1a: Zygarde|69/100|[from] item: Leftovers
|upkeep
|turn|36
|j| Stall Sucks Bro✞
|
|t:|1605307964
|move|p1a: Zygarde|Thousand Arrows|p2a: Slowbro
|-damage|p2a: Slowbro|52/100 par
|cant|p2a: Slowbro|par
|
|-heal|p1a: Zygarde|76/100|[from] item: Leftovers
|upkeep
|turn|37
|
|t:|1605307971
|move|p1a: Zygarde|Coil|p1a: Zygarde
|-boost|p1a: Zygarde|atk|1
|-boost|p1a: Zygarde|def|1
|-boost|p1a: Zygarde|accuracy|1
|cant|p2a: Slowbro|par
|
|-heal|p1a: Zygarde|82/100|[from] item: Leftovers
|upkeep
|turn|38
|
|t:|1605307974
|move|p1a: Zygarde|Thousand Arrows|p2a: Slowbro
|-damage|p2a: Slowbro|0 fnt
|faint|p2a: Slowbro
|
|-heal|p1a: Zygarde|88/100|[from] item: Leftovers
|upkeep
|-message|wsdfg forfeited.
|
|win|Piesdeaguilasxd
|l|☆wsdfg
|l| JustPickATopTier
|l| cope von cope
||Ladder (probably) updated, but score could not be retrieved (Request timeout).
|l| isabela❤200
|l| MammothMoxieMence
|l| Stall Sucks Bro✞
|l| El Pogo Loco
|l| Goldenhero22
|l| DevilishGreg
|l| Wiso5
