|html|<div class="broadcast-blue"><strong>[Gen 8] OU is currently suspecting Zamazenta-Crowned! For information on how to participate check out the <a href="https://www.smogon.com/forums/threads/np-ss-ou-suspect-process-round-10-royals.3681787/">suspect thread</a>.</strong></div>
|j|☆Mutako Z
|j|☆howsitdoin
|t:|1618608825
|gametype|singles
|player|p1|Mutako Z|28|1355
|player|p2|howsitdoin|pokemonranger-gen4|1316
|teamsize|p1|6
|teamsize|p2|6
|gen|8
|tier|[Gen 8] OU
|rated|
|clearpoke
|poke|p1|Zapdos-Galar|
|poke|p1|Ferrothorn, M|
|poke|p1|Latias, F|
|poke|p1|Landorus-Therian, M|
|poke|p1|Rillaboom, F|
|poke|p1|Heatran, F|
|poke|p2|Garchomp, M|
|poke|p2|Corviknight, F|
|poke|p2|Slowking, M|
|poke|p2|Rillaboom, M|
|poke|p2|Tapu Koko|
|poke|p2|Blissey, F|
|rule|Sleep Clause Mod: Limit one foe put to sleep
|rule|Species Clause: Limit one of each Pokémon
|rule|OHKO Clause: OHKO moves are banned
|rule|Evasion Moves Clause: Evasion moves are banned
|rule|Endless Battle Clause: Forcing endless battles is banned
|rule|HP Percentage Mod: HP is shown in percentages
|rule|Dynamax Clause: You cannot dynamax
|teampreview
|inactive|Battle timer is ON: inactive players will automatically lose when time's up. (requested by howsitdoin)
|j| Ethanlyle14
|
|t:|1618608846
|start
|switch|p1a: Latias|Latias, F|100/100
|switch|p2a: Slowking|Slowking, M|100/100
|turn|1
|
|t:|1618608858
|switch|p1a: Zapdos|Zapdos-Galar|100/100
|move|p2a: Slowking|Future Sight|p1a: Zapdos
|-start|p2a: Slowking|move: Future Sight
|
|upkeep
|turn|2
|
|t:|1618608882
|switch|p2a: Tapu Koko|Tapu Koko|100/100
|-fieldstart|move: Electric Terrain|[from] ability: Electric Surge|[of] p2a: Tapu Koko
|move|p1a: Zapdos|U-turn|p2a: Tapu Koko
|-resisted|p2a: Tapu Koko
|-damage|p2a: Tapu Koko|85/100
|
|t:|1618608889
|switch|p1a: Rillaboom|Rillaboom, F|100/100|[from]move: U-turn
|-fieldstart|move: Grassy Terrain|[from] ability: Grassy Surge|[of] p1a: Rillaboom
|
|-heal|p2a: Tapu Koko|91/100|[from] Grassy Terrain
|upkeep
|turn|3
|
|t:|1618608895
|switch|p2a: Corviknight|Corviknight, F, shiny|100/100
|-ability|p2a: Corviknight|Pressure
|move|p1a: Rillaboom|U-turn|p2a: Corviknight
|-resisted|p2a: Corviknight
|-damage|p2a: Corviknight|96/100
|-damage|p1a: Rillaboom|84/100|[from] item: Rocky Helmet|[of] p2a: Corviknight
|-damage|p1a: Rillaboom|74/100|[from] item: Life Orb
|
|t:|1618608903
|switch|p1a: Heatran|Heatran, F|100/100|[from]move: U-turn
|
|-end|p1a: Heatran|move: Future Sight
|-resisted|p1a: Heatran
|-damage|p1a: Heatran|83/100
|-heal|p1a: Heatran|90/100|[from] Grassy Terrain
|-heal|p1a: Heatran|96/100|[from] item: Leftovers
|upkeep
|turn|4
|
|t:|1618608911
|switch|p2a: Garchomp|Garchomp, M|100/100
|move|p1a: Heatran|Magma Storm|p2a: Garchomp|[miss]
|-miss|p1a: Heatran|p2a: Garchomp
|
|-heal|p1a: Heatran|100/100|[from] Grassy Terrain
|upkeep
|turn|5
|
|t:|1618608920
|switch|p1a: Ferrothorn|Ferrothorn, M|100/100
|move|p2a: Garchomp|Scale Shot|p1a: Ferrothorn
|-resisted|p1a: Ferrothorn
|-damage|p1a: Ferrothorn|94/100
|-resisted|p1a: Ferrothorn
|-damage|p1a: Ferrothorn|88/100
|-resisted|p1a: Ferrothorn
|-damage|p1a: Ferrothorn|81/100
|-resisted|p1a: Ferrothorn
|-damage|p1a: Ferrothorn|74/100
|-resisted|p1a: Ferrothorn
|-damage|p1a: Ferrothorn|68/100
|-hitcount|p1a: Ferrothorn|5
|-unboost|p2a: Garchomp|def|1
|-boost|p2a: Garchomp|spe|1
|-damage|p2a: Garchomp|91/100|[from] item: Life Orb
|
|-heal|p2a: Garchomp|97/100|[from] Grassy Terrain
|-heal|p1a: Ferrothorn|74/100|[from] Grassy Terrain
|upkeep
|turn|6
|
|t:|1618608937
|move|p2a: Garchomp|Swords Dance|p2a: Garchomp
|-boost|p2a: Garchomp|atk|2
|move|p1a: Ferrothorn|Leech Seed|p2a: Garchomp|[miss]
|-miss|p1a: Ferrothorn|p2a: Garchomp
|
|-heal|p2a: Garchomp|100/100|[from] Grassy Terrain
|-heal|p1a: Ferrothorn|80/100|[from] Grassy Terrain
|-fieldend|move: Grassy Terrain
|upkeep
|turn|7
|
|t:|1618608945
|move|p2a: Garchomp|Earthquake|p1a: Ferrothorn
|-damage|p1a: Ferrothorn|0 fnt
|-damage|p2a: Garchomp|91/100|[from] item: Life Orb
|faint|p1a: Ferrothorn
|
|upkeep
|l| Ethanlyle14
|
|t:|1618608952
|switch|p1a: Rillaboom|Rillaboom, F|74/100
|-fieldstart|move: Grassy Terrain|[from] ability: Grassy Surge|[of] p1a: Rillaboom
|turn|8
|
|t:|1618608956
|switch|p2a: Corviknight|Corviknight, F, shiny|96/100
|-ability|p2a: Corviknight|Pressure
|move|p1a: Rillaboom|Grassy Glide|p2a: Corviknight
|-resisted|p2a: Corviknight
|-damage|p2a: Corviknight|87/100
|-damage|p1a: Rillaboom|58/100|[from] item: Rocky Helmet|[of] p2a: Corviknight
|-damage|p1a: Rillaboom|48/100|[from] item: Life Orb
|
|-heal|p1a: Rillaboom|54/100|[from] Grassy Terrain
|upkeep
|turn|9
|
|t:|1618608968
|move|p1a: Rillaboom|Knock Off|p2a: Corviknight
|-damage|p2a: Corviknight|60/100
|-damage|p1a: Rillaboom|37/100|[from] item: Rocky Helmet|[of] p2a: Corviknight
|-enditem|p2a: Corviknight|Rocky Helmet|[from] move: Knock Off|[of] p1a: Rillaboom
|-damage|p1a: Rillaboom|27/100|[from] item: Life Orb
|move|p2a: Corviknight|Body Press|p1a: Rillaboom
|-damage|p1a: Rillaboom|0 fnt
|faint|p1a: Rillaboom
|
|upkeep
|
|t:|1618608979
|switch|p1a: Heatran|Heatran, F|100/100
|turn|10
|
|t:|1618608985
|switch|p2a: Slowking|Slowking, M|100/100
|move|p1a: Heatran|Magma Storm|p2a: Slowking
|-resisted|p2a: Slowking
|-damage|p2a: Slowking|84/100
|-activate|p2a: Slowking|move: Magma Storm|[of] p1a: Heatran
|
|-heal|p2a: Slowking|90/100|[from] Grassy Terrain
|-heal|p2a: Slowking|96/100|[from] item: Leftovers
|-damage|p2a: Slowking|84/100|[from] move: Magma Storm|[partiallytrapped]
|upkeep
|turn|11
|
|t:|1618608997
|switch|p1a: Latias|Latias, F|100/100
|move|p2a: Slowking|Future Sight|p1a: Latias
|-start|p2a: Slowking|move: Future Sight
|
|-heal|p2a: Slowking|90/100|[from] Grassy Terrain
|-heal|p2a: Slowking|96/100|[from] item: Leftovers
|-end|p2a: Slowking|Magma Storm|[partiallytrapped]|[silent]
|upkeep
|turn|12
|
|t:|1618609006
|move|p1a: Latias|Mystical Fire|p2a: Slowking
|-resisted|p2a: Slowking
|-damage|p2a: Slowking|89/100
|-unboost|p2a: Slowking|spa|1
|move|p2a: Slowking|Teleport|p2a: Slowking
|
|t:|1618609033
|switch|p2a: Tapu Koko|Tapu Koko|91/100|[from]move: Teleport
|-fieldstart|move: Electric Terrain|[from] ability: Electric Surge|[of] p2a: Tapu Koko
|
|upkeep
|turn|13
|
|t:|1618609044
|move|p2a: Tapu Koko|U-turn|p1a: Latias
|-supereffective|p1a: Latias
|-damage|p1a: Latias|60/100
|
|t:|1618609057
|switch|p2a: Slowking|Slowking, M|100/100|[from]move: U-turn
|move|p1a: Latias|Psyshock|p2a: Slowking
|-resisted|p2a: Slowking
|-damage|p2a: Slowking|83/100
|
|-end|p1a: Latias|move: Future Sight
|-resisted|p1a: Latias
|-damage|p1a: Latias|48/100
|-heal|p2a: Slowking|89/100|[from] item: Leftovers
|upkeep
|turn|14
|
|t:|1618609067
|move|p1a: Latias|Draco Meteor|p2a: Slowking
|-damage|p2a: Slowking|52/100
|-unboost|p1a: Latias|spa|2
|move|p2a: Slowking|Future Sight|p1a: Latias
|-start|p2a: Slowking|move: Future Sight
|
|-heal|p2a: Slowking|58/100|[from] item: Leftovers
|upkeep
|turn|15
|
|t:|1618609074
|switch|p1a: Zapdos|Zapdos-Galar|100/100
|move|p2a: Slowking|Teleport|p2a: Slowking
|
|t:|1618609079
|switch|p2a: Tapu Koko|Tapu Koko|91/100|[from]move: Teleport
|
|upkeep
|turn|16
|
|t:|1618609083
|move|p1a: Zapdos|Stomping Tantrum|p2a: Tapu Koko
|-supereffective|p2a: Tapu Koko
|-damage|p2a: Tapu Koko|23/100
|move|p2a: Tapu Koko|Dazzling Gleam|p1a: Zapdos
|-supereffective|p1a: Zapdos
|-damage|p1a: Zapdos|29/100
|
|-end|p1a: Zapdos|move: Future Sight
|-supereffective|p1a: Zapdos
|-damage|p1a: Zapdos|0 fnt
|-fieldend|move: Electric Terrain
|upkeep
|faint|p1a: Zapdos
|
|t:|1618609093
|switch|p1a: Landorus|Landorus-Therian, M|100/100
|-ability|p1a: Landorus|Intimidate|boost
|-unboost|p2a: Tapu Koko|atk|1
|turn|17
|
|t:|1618609097
|switch|p2a: Corviknight|Corviknight, F, shiny|60/100
|-ability|p2a: Corviknight|Pressure
|move|p1a: Landorus|Stone Edge|p2a: Corviknight
|-damage|p2a: Corviknight|38/100
|
|upkeep
|turn|18
|
|t:|1618609104
|move|p1a: Landorus|Stone Edge|p2a: Corviknight
|-damage|p2a: Corviknight|15/100
|move|p2a: Corviknight|Roost|p2a: Corviknight
|-heal|p2a: Corviknight|66/100
|-singleturn|p2a: Corviknight|move: Roost
|
|upkeep
|turn|19
|
|t:|1618609112
|switch|p1a: Heatran|Heatran, F|100/100
|move|p2a: Corviknight|Roost|p2a: Corviknight
|-heal|p2a: Corviknight|100/100
|-singleturn|p2a: Corviknight|move: Roost
|
|upkeep
|turn|20
|
|t:|1618609120
|switch|p2a: Garchomp|Garchomp, M|91/100
|move|p1a: Heatran|Magma Storm|p2a: Garchomp
|-resisted|p2a: Garchomp
|-damage|p2a: Garchomp|61/100
|-activate|p2a: Garchomp|move: Magma Storm|[of] p1a: Heatran
|
|-damage|p2a: Garchomp|49/100|[from] move: Magma Storm|[partiallytrapped]
|upkeep
|turn|21
|
|t:|1618609129
|switch|p1a: Landorus|Landorus-Therian, M|100/100
|-ability|p1a: Landorus|Intimidate|boost
|-unboost|p2a: Garchomp|atk|1
|move|p2a: Garchomp|Scale Shot|p1a: Landorus
|-damage|p1a: Landorus|87/100
|-damage|p1a: Landorus|72/100
|-hitcount|p1a: Landorus|2
|-unboost|p2a: Garchomp|def|1
|-boost|p2a: Garchomp|spe|1
|-damage|p2a: Garchomp|39/100|[from] item: Life Orb
|
|-end|p2a: Garchomp|Magma Storm|[partiallytrapped]|[silent]
|upkeep
|turn|22
|
|t:|1618609144
|switch|p2a: Corviknight|Corviknight, F, shiny|100/100
|-ability|p2a: Corviknight|Pressure
|move|p1a: Landorus|Knock Off|p2a: Corviknight
|-damage|p2a: Corviknight|84/100
|
|upkeep
|turn|23
|
|t:|1618609151
|move|p1a: Landorus|Knock Off|p2a: Corviknight
|-damage|p2a: Corviknight|69/100
|move|p2a: Corviknight|Body Press|p1a: Landorus
|-resisted|p1a: Landorus
|-damage|p1a: Landorus|56/100
|
|upkeep
|turn|24
|
|t:|1618609157
|switch|p1a: Latias|Latias, F|48/100
|move|p2a: Corviknight|Brave Bird|p1a: Latias
|-damage|p1a: Latias|1/100
|-damage|p2a: Corviknight|57/100|[from] Recoil
|
|upkeep
|turn|25
|
|t:|1618609165
|switch|p2a: Slowking|Slowking, M|91/100
|move|p1a: Latias|Mystical Fire|p2a: Slowking
|-resisted|p2a: Slowking
|-damage|p2a: Slowking|85/100
|-unboost|p2a: Slowking|spa|1
|
|-heal|p2a: Slowking|91/100|[from] item: Leftovers
|upkeep
|turn|26
|-message|Mutako Z forfeited.
|
|win|howsitdoin
|raw|Mutako Z's rating: 1355 &rarr; <strong>1333</strong><br />(-22 for losing)
|raw|howsitdoin's rating: 1316 &rarr; <strong>1338</strong><br />(+22 for winning)
|l|☆Mutako Z
||Ladder isn't responding, score probably updated but might not have (Request timeout).
