|j|☆Makuryu
|j|☆jptoroglass
|t:|1653658762
|gametype|singles
|player|p1|Makuryu|koga|1799
|player|p2|jptoroglass|marley|1762
|teamsize|p1|6
|teamsize|p2|6
|gen|8
|tier|[Gen 8] OU
|rated|
|rule|Sleep Clause Mod: Limit one foe put to sleep
|rule|Species Clause: Limit one of each Pokémon
|rule|OHKO Clause: OHKO moves are banned
|rule|Evasion Moves Clause: Evasion moves are banned
|rule|Endless Battle Clause: Forcing endless battles is banned
|rule|HP Percentage Mod: HP is shown in percentages
|rule|Dynamax Clause: You cannot dynamax
|clearpoke
|poke|p1|Blacephalon|
|poke|p1|Melmetal|
|poke|p1|Landorus-Therian, M|
|poke|p1|Toxapex, M|
|poke|p1|Zapdos|
|poke|p1|Dragapult, F|
|poke|p2|Mew|
|poke|p2|Cloyster, F|
|poke|p2|Gengar, F|
|poke|p2|Bisharp, F|
|poke|p2|Rillaboom, M|
|poke|p2|Hawlucha, F|
|teampreview
|inactive|Battle timer is ON: inactive players will automatically lose when time's up. (requested by Makuryu)
|
|t:|1653658774
|start
|switch|p1a: Dragapult|Dragapult, F|100/100
|switch|p2a: Mew|Mew, shiny|100/100
|turn|1
|
|t:|1653658782
|move|p1a: Dragapult|U-turn|p2a: Mew
|-supereffective|p2a: Mew
|-damage|p2a: Mew|74/100
|-enditem|p2a: Mew|Red Card|[of] p1a: Dragapult
|drag|p1a: Toxapex|Toxapex, M|100/100
|move|p2a: Mew|Stealth Rock|p1a: Toxapex
|-sidestart|p1: Makuryu|move: Stealth Rock
|
|upkeep
|turn|2
|
|t:|1653658801
|switch|p1a: Melmetal|Melmetal|100/100
|-damage|p1a: Melmetal|94/100|[from] Stealth Rock
|move|p2a: Mew|Taunt|p1a: Melmetal
|-start|p1a: Melmetal|move: Taunt
|
|-heal|p1a: Melmetal|100/100|[from] item: Leftovers
|upkeep
|turn|3
|j| Stads
|
|t:|1653658820
|move|p2a: Mew|Spikes|p1a: Melmetal
|-sidestart|p1: Makuryu|Spikes
|move|p1a: Melmetal|Double Iron Bash|p2a: Mew
|-damage|p2a: Mew|36/100
|-damage|p2a: Mew|0 fnt
|faint|p2a: Mew
|-hitcount|p2: Mew|2
|
|upkeep
|
|t:|1653658847
|switch|p2a: Okage|Gengar, F|100/100
|turn|4
|
|t:|1653658850
|move|p2a: Okage|Focus Blast|p1a: Melmetal
|-supereffective|p1a: Melmetal
|-damage|p1a: Melmetal|28/100
|move|p1a: Melmetal|Double Iron Bash|p2a: Okage
|-crit|p2a: Okage
|-enditem|p2a: Okage|Focus Sash
|-damage|p2a: Okage|1/100
|-damage|p2a: Okage|0 fnt
|faint|p2a: Okage
|-hitcount|p2: Okage|2
|
|-heal|p1a: Melmetal|34/100|[from] item: Leftovers
|-end|p1a: Melmetal|move: Taunt
|upkeep
|
|t:|1653658866
|switch|p2a: Zero|Bisharp, F|100/100
|turn|5
|
|t:|1653658871
|move|p2a: Zero|Knock Off|p1a: Melmetal
|-damage|p1a: Melmetal|0 fnt
|-enditem|p1a: Melmetal|Leftovers|[from] move: Knock Off|[of] p2a: Zero
|faint|p1a: Melmetal
|
|upkeep
|
|t:|1653658884
|switch|p1a: Zapdos|Zapdos|100/100
|turn|6
|j| minlkwy
|j| LT_Alt1
|j| goatseemen
|l| goatseemen
|
|t:|1653658900
|move|p1a: Zapdos|Heat Wave|p2a: Zero
|-supereffective|p2a: Zero
|-damage|p2a: Zero|16/100
|move|p2a: Zero|Swords Dance|p2a: Zero
|-boost|p2a: Zero|atk|2
|
|upkeep
|turn|7
|j| Bug-T
|
|t:|1653658917
|move|p2a: Zero|Sucker Punch|p1a: Zapdos
|-damage|p1a: Zapdos|23/100
|move|p1a: Zapdos|Heat Wave|p2a: Zero
|-supereffective|p2a: Zero
|-damage|p2a: Zero|0 fnt
|faint|p2a: Zero
|
|upkeep
|
|t:|1653658925
|switch|p2a: MagicConch|Cloyster, F|100/100
|turn|8
|
|t:|1653658938
|move|p2a: MagicConch|Ice Shard|p1a: Zapdos
|-supereffective|p1a: Zapdos
|-damage|p1a: Zapdos|0 fnt
|faint|p1a: Zapdos
|
|upkeep
|l| minlkwy
|inactive|Makuryu has 120 seconds left.
|j| Nature_K
|
|t:|1653658968
|switch|p1a: Blacephalon|Blacephalon|100/100
|-damage|p1a: Blacephalon|76/100|[from] Stealth Rock
|-damage|p1a: Blacephalon|64/100|[from] Spikes
|turn|9
|
|t:|1653658978
|move|p1a: Blacephalon|Flamethrower|p2a: MagicConch
|-enditem|p2a: MagicConch|Focus Sash
|-damage|p2a: MagicConch|1/100
|-status|p2a: MagicConch|brn
|move|p2a: MagicConch|Shell Smash|p2a: MagicConch
|-unboost|p2a: MagicConch|def|1
|-unboost|p2a: MagicConch|spd|1
|-boost|p2a: MagicConch|atk|2
|-boost|p2a: MagicConch|spa|2
|-boost|p2a: MagicConch|spe|2
|
|-damage|p2a: MagicConch|0 fnt|[from] brn
|faint|p2a: MagicConch
|upkeep
|
|t:|1653658984
|switch|p2a: DK did it first|Rillaboom, M|100/100
|-fieldstart|move: Grassy Terrain|[from] ability: Grassy Surge|[of] p2a: DK did it first
|turn|10
|
|t:|1653658993
|move|p2a: DK did it first|Grassy Glide|p1a: Blacephalon
|-resisted|p1a: Blacephalon
|-damage|p1a: Blacephalon|0 fnt
|faint|p1a: Blacephalon
|-damage|p2a: DK did it first|91/100|[from] item: Life Orb
|
|-heal|p2a: DK did it first|97/100|[from] Grassy Terrain
|upkeep
|j| El Pogo Loco
|
|t:|1653659005
|switch|p1a: Landorus|Landorus-Therian, M|100/100
|-damage|p1a: Landorus|88/100|[from] Stealth Rock
|-ability|p1a: Landorus|Intimidate|boost
|-unboost|p2a: DK did it first|atk|1
|turn|11
|
|t:|1653659010
|switch|p2a: Adam West|Hawlucha, F|100/100
|-enditem|p2a: Adam West|Grassy Seed
|-boost|p2a: Adam West|def|1|[from] item: Grassy Seed
|move|p1a: Landorus|U-turn|p2a: Adam West
|-resisted|p2a: Adam West
|-damage|p2a: Adam West|96/100
|j| t-yeu
|
|t:|1653659016
|switch|p1a: Dragapult|Dragapult, F|100/100|[from]move: U-turn
|
|upkeep
|turn|12
|l| El Pogo Loco
|
|t:|1653659023
|move|p2a: Adam West|Swords Dance|p2a: Adam West
|-boost|p2a: Adam West|atk|2
|move|p1a: Dragapult|Thunder Wave|p2a: Adam West
|-status|p2a: Adam West|par
|
|upkeep
|turn|13
|
|t:|1653659030
|move|p1a: Dragapult|Hex|p2a: Adam West
|-damage|p2a: Adam West|7/100 par
|move|p2a: Adam West|Acrobatics|p1a: Dragapult
|-damage|p1a: Dragapult|0 fnt
|faint|p1a: Dragapult
|
|upkeep
|inactive|Makuryu has 120 seconds left.
|
|t:|1653659073
|switch|p1a: Toxapex|Toxapex, M|100/100
|-damage|p1a: Toxapex|88/100|[from] Stealth Rock
|-damage|p1a: Toxapex|75/100|[from] Spikes
|turn|14
|
|t:|1653659085
|move|p2a: Adam West|Acrobatics|p1a: Toxapex
|-damage|p1a: Toxapex|13/100
|move|p1a: Toxapex|Haze|p1a: Toxapex
|-clearallboost
|
|-heal|p1a: Toxapex|19/100|[from] Grassy Terrain
|-fieldend|move: Grassy Terrain
|upkeep
|turn|15
|
|t:|1653659113
|move|p2a: Adam West|Acrobatics|p1a: Toxapex
|-damage|p1a: Toxapex|0 fnt
|faint|p1a: Toxapex
|
|upkeep
|
|t:|1653659117
|switch|p1a: Landorus|Landorus-Therian, M|88/100
|-damage|p1a: Landorus|76/100|[from] Stealth Rock
|-ability|p1a: Landorus|Intimidate|boost
|-unboost|p2a: Adam West|atk|1
|turn|16
|
|t:|1653659123
|cant|p2a: Adam West|par
|move|p1a: Landorus|U-turn|p2a: Adam West
|-resisted|p2a: Adam West
|-damage|p2a: Adam West|0 fnt
|faint|p2a: Adam West
|
|-heal|p1a: Landorus|82/100|[from] item: Leftovers
|upkeep
|
|t:|1653659127
|switch|p2a: DK did it first|Rillaboom, M|97/100
|-fieldstart|move: Grassy Terrain|[from] ability: Grassy Surge|[of] p2a: DK did it first
|turn|17
|
|t:|1653659132
|move|p2a: DK did it first|Swords Dance|p2a: DK did it first
|-boost|p2a: DK did it first|atk|2
|move|p1a: Landorus|U-turn|p2a: DK did it first
|-supereffective|p2a: DK did it first
|-damage|p2a: DK did it first|46/100
|
|-heal|p2a: DK did it first|52/100|[from] Grassy Terrain
|-heal|p1a: Landorus|88/100|[from] item: Leftovers
|upkeep
|turn|18
|inactive|Makuryu has 120 seconds left.
|
|t:|1653659142
|move|p2a: DK did it first|Grassy Glide|p1a: Landorus
|-damage|p1a: Landorus|0 fnt
|faint|p1a: Landorus
|-damage|p2a: DK did it first|42/100|[from] item: Life Orb
|
|win|jptoroglass
|raw|Makuryu's rating: 1799 &rarr; <strong>1777</strong><br />(-22 for losing)
|raw|jptoroglass's rating: 1762 &rarr; <strong>1784</strong><br />(+22 for winning)
|l| Bug-T
|l| Nature_K
|l|☆Makuryu
|l| Stads
||Ladder isn't responding, score probably updated but might not have (Request timeout).
