|j|☆Batataplays
|j|☆Fastbreak 3
|t:|1659365673
|gametype|singles
|player|p1|Batataplays|peonia|1579
|player|p2|Fastbreak 3|hoopster|1638
|teamsize|p1|6
|teamsize|p2|6
|gen|8
|tier|[Gen 8] OU
|rated|
|rule|Sleep Clause Mod: Limit one foe put to sleep
|rule|Species Clause: Limit one of each Pokémon
|rule|OHKO Clause: OHKO moves are banned
|rule|Evasion Moves Clause: Evasion moves are banned
|rule|Endless Battle Clause: Forcing endless battles is banned
|rule|HP Percentage Mod: HP is shown in percentages
|rule|Dynamax Clause: You cannot dynamax
|clearpoke
|poke|p1|Nihilego|
|poke|p1|Zapdos-Galar|
|poke|p1|Kartana|
|poke|p1|Magnezone|
|poke|p1|Garchomp, F|
|poke|p1|Tapu Fini|
|poke|p2|Kartana|
|poke|p2|Landorus-Therian, M|
|poke|p2|Blissey, F|
|poke|p2|Tapu Koko|
|poke|p2|Azumarill, M|
|poke|p2|Blaziken, M|
|teampreview
|j| DaBung
|
|t:|1659365690
|start
|switch|p1a: Zapdos|Zapdos-Galar|100/100
|switch|p2a: Tapu Koko|Tapu Koko|100/100
|-fieldstart|move: Electric Terrain|[from] ability: Electric Surge|[of] p2a: Tapu Koko
|turn|1
|
|t:|1659365710
|switch|p1a: Magnezone|Magnezone|100/100
|-item|p1a: Magnezone|Air Balloon
|move|p2a: Tapu Koko|Reflect|p2a: Tapu Koko
|-sidestart|p2: Fastbreak 3|Reflect
|
|upkeep
|turn|2
|
|t:|1659365716
|move|p2a: Tapu Koko|Light Screen|p2a: Tapu Koko
|-sidestart|p2: Fastbreak 3|move: Light Screen
|move|p1a: Magnezone|Toxic|p2a: Tapu Koko
|-status|p2a: Tapu Koko|tox
|
|-damage|p2a: Tapu Koko|94/100 tox|[from] psn
|upkeep
|turn|3
|
|t:|1659365725
|switch|p1a: Garchomp|Garchomp, F|100/100
|move|p2a: Tapu Koko|Volt Switch|p1a: Garchomp
|-immune|p1a: Garchomp
|
|-damage|p2a: Tapu Koko|82/100 tox|[from] psn
|upkeep
|turn|4
|
|t:|1659365732
|move|p2a: Tapu Koko|Taunt|p1a: Garchomp
|-start|p1a: Garchomp|move: Taunt
|move|p1a: Garchomp|Earthquake|p2a: Tapu Koko
|-supereffective|p2a: Tapu Koko
|-damage|p2a: Tapu Koko|35/100 tox
|
|-damage|p2a: Tapu Koko|17/100 tox|[from] psn
|upkeep
|turn|5
|
|t:|1659365741
|switch|p2a: Blaziken|Blaziken, M|100/100
|-item|p2a: Blaziken|Air Balloon
|switch|p1a: Zapdos|Zapdos-Galar|100/100
|
|-fieldend|move: Electric Terrain
|upkeep
|turn|6
|
|t:|1659365754
|switch|p2a: Tapu Koko|Tapu Koko|17/100 tox
|-fieldstart|move: Electric Terrain|[from] ability: Electric Surge|[of] p2a: Tapu Koko
|move|p1a: Zapdos|Brave Bird|p2a: Tapu Koko
|-resisted|p2a: Tapu Koko
|-damage|p2a: Tapu Koko|0 fnt
|faint|p2a: Tapu Koko
|-damage|p1a: Zapdos|95/100|[from] Recoil
|
|upkeep
|
|t:|1659365768
|switch|p2a: Kartana|Kartana|100/100
|turn|7
|
|t:|1659365773
|move|p2a: Kartana|Swords Dance|p2a: Kartana
|-boost|p2a: Kartana|atk|2
|move|p1a: Zapdos|Brave Bird|p2a: Kartana
|-damage|p2a: Kartana|60/100
|-damage|p1a: Zapdos|81/100|[from] Recoil
|
|-heal|p2a: Kartana|66/100|[from] item: Leftovers
|upkeep
|turn|8
|
|t:|1659365787
|move|p2a: Kartana|Knock Off|p1a: Zapdos
|-resisted|p1a: Zapdos
|-damage|p1a: Zapdos|42/100
|-enditem|p1a: Zapdos|Choice Band|[from] move: Knock Off|[of] p2a: Kartana
|move|p1a: Zapdos|Brave Bird|p2a: Kartana
|-damage|p2a: Kartana|39/100
|-damage|p1a: Zapdos|33/100|[from] Recoil
|
|-heal|p2a: Kartana|45/100|[from] item: Leftovers
|-sideend|p2: Fastbreak 3|Reflect
|upkeep
|turn|9
|
|t:|1659365798
|move|p2a: Kartana|Leaf Blade|p1a: Zapdos
|-resisted|p1a: Zapdos
|-damage|p1a: Zapdos|0 fnt
|faint|p1a: Zapdos
|-ability|p2a: Kartana|Beast Boost|boost
|-boost|p2a: Kartana|spe|1
|
|-heal|p2a: Kartana|51/100|[from] item: Leftovers
|-sideend|p2: Fastbreak 3|move: Light Screen
|upkeep
|
|t:|1659365805
|switch|p1a: Garchomp|Garchomp, F|100/100
|turn|10
|
|t:|1659365809
|move|p2a: Kartana|Leaf Blade|p1a: Garchomp
|-crit|p1a: Garchomp
|-damage|p1a: Garchomp|0 fnt
|-damage|p2a: Kartana|39/100|[from] ability: Rough Skin|[of] p1a: Garchomp
|-damage|p2a: Kartana|22/100|[from] item: Rocky Helmet|[of] p1a: Garchomp
|faint|p1a: Garchomp
|-ability|p2a: Kartana|Beast Boost|boost
|-boost|p2a: Kartana|spe|1
|
|-heal|p2a: Kartana|28/100|[from] item: Leftovers
|-fieldend|move: Electric Terrain
|upkeep
|
|t:|1659365823
|switch|p1a: Magnezone|Magnezone|100/100
|-item|p1a: Magnezone|Air Balloon
|turn|11
|
|t:|1659365827
|move|p2a: Kartana|Sacred Sword|p1a: Magnezone
|-supereffective|p1a: Magnezone
|-damage|p1a: Magnezone|0 fnt
|-enditem|p1a: Magnezone|Air Balloon
|faint|p1a: Magnezone
|-ability|p2a: Kartana|Beast Boost|boost
|-boost|p2a: Kartana|spe|1
|
|-heal|p2a: Kartana|35/100|[from] item: Leftovers
|upkeep
|
|t:|1659365842
|switch|p1a: Kartana|Kartana|100/100
|turn|12
|
|t:|1659365845
|move|p2a: Kartana|Sacred Sword|p1a: Kartana
|-supereffective|p1a: Kartana
|-damage|p1a: Kartana|0 fnt
|faint|p1a: Kartana
|-ability|p2a: Kartana|Beast Boost|boost
|-boost|p2a: Kartana|spe|1
|
|-heal|p2a: Kartana|41/100|[from] item: Leftovers
|upkeep
|-message|Batataplays forfeited.
|
|win|Fastbreak 3
|raw|Batataplays's rating: 1579 &rarr; <strong>1562</strong><br />(-17 for losing)
|raw|Fastbreak 3's rating: 1638 &rarr; <strong>1655</strong><br />(+17 for winning)
|l|☆Batataplays
|l| DaBung
||Ladder isn't responding, score probably updated but might not have (Request timeout).
