|raw|<div class="broadcast-blue"><strong>This battle is required to be public due to a player having a name prefixed by 'LT72MS'.</div>
|j|☆LT72MS Lio
|j|☆isheavydead
|t:|1597428707
|player|p1|LT72MS Lio|266|1765
|player|p2|isheavydead|265|1615
|teamsize|p1|6
|teamsize|p2|6
|gametype|singles
|gen|8
|tier|[Gen 8] OU
|rated|
|clearpoke
|poke|p1|Conkeldurr, F|
|poke|p1|Zeraora|
|poke|p1|Dragapult, F|
|poke|p1|Clefable, F|
|poke|p1|Tangrowth, F|
|poke|p1|Blissey, F|
|poke|p2|Haxorus, M|
|poke|p2|Volcarona, M|
|poke|p2|Ninetales-Alola, F|
|poke|p2|Excadrill, F|
|poke|p2|Urshifu-*, F|
|poke|p2|Azumarill, F|
|rule|Sleep Clause Mod: Limit one foe put to sleep
|rule|Species Clause: Limit one of each Pokémon
|rule|OHKO Clause: OHKO moves are banned
|rule|Evasion Moves Clause: Evasion moves are banned
|rule|Endless Battle Clause: Forcing endless battles is banned
|rule|HP Percentage Mod: HP is shown in percentages
|rule|Dynamax Clause: You cannot dynamax
|teampreview
|
|t:|1597428726
|start
|switch|p1a: Dragapult|Dragapult, F|100/100
|switch|p2a: Excadrill|Excadrill, F, shiny|100/100
|-ability|p2a: Excadrill|Mold Breaker
|turn|1
|
|t:|1597428737
|move|p1a: Dragapult|Will-O-Wisp|p2a: Excadrill
|-status|p2a: Excadrill|brn
|move|p2a: Excadrill|Stealth Rock|p1a: Dragapult
|-sidestart|p1: LT72MS Lio|move: Stealth Rock
|
|-damage|p2a: Excadrill|94/100 brn|[from] brn
|upkeep
|turn|2
|
|t:|1597428740
|move|p1a: Dragapult|Hex|p2a: Excadrill
|-damage|p2a: Excadrill|15/100 brn
|move|p2a: Excadrill|Steel Beam|p1a: Dragapult
|-damage|p1a: Dragapult|66/100
|-damage|p2a: Excadrill|0 fnt|[from] mindblown
|faint|p2a: Excadrill
|
|upkeep
|
|t:|1597428745
|switch|p2a: Azumarill|Azumarill, F|100/100
|turn|3
|
|t:|1597428750
|move|p1a: Dragapult|Will-O-Wisp|p2a: Azumarill
|-status|p2a: Azumarill|brn
|move|p2a: Azumarill|Belly Drum|p2a: Azumarill
|-damage|p2a: Azumarill|50/100 brn
|-setboost|p2a: Azumarill|atk|6|[from] move: Belly Drum
|-enditem|p2a: Azumarill|Sitrus Berry|[eat]
|-heal|p2a: Azumarill|75/100 brn|[from] item: Sitrus Berry
|
|-damage|p2a: Azumarill|69/100 brn|[from] brn
|upkeep
|turn|4
|
|t:|1597428754
|move|p2a: Azumarill|Aqua Jet|p1a: Dragapult
|-resisted|p1a: Dragapult
|-damage|p1a: Dragapult|31/100
|move|p1a: Dragapult|Hex|p2a: Azumarill
|-damage|p2a: Azumarill|0 fnt
|faint|p2a: Azumarill
|
|upkeep
|
|t:|1597428760
|switch|p2a: Ninetales|Ninetales-Alola, F, shiny|100/100
|-weather|Hail|[from] ability: Snow Warning|[of] p2a: Ninetales
|turn|5
|
|t:|1597428762
|move|p1a: Dragapult|Thunder Wave|p2a: Ninetales
|-status|p2a: Ninetales|par
|move|p2a: Ninetales|Aurora Veil|p2a: Ninetales
|-sidestart|p2: isheavydead|move: Aurora Veil
|
|-weather|Hail|[upkeep]
|-damage|p1a: Dragapult|25/100|[from] Hail
|upkeep
|turn|6
|
|t:|1597428765
|move|p1a: Dragapult|Hex|p2a: Ninetales
|-damage|p2a: Ninetales|44/100 par
|move|p2a: Ninetales|Freeze-Dry|p1a: Dragapult
|-supereffective|p1a: Dragapult
|-damage|p1a: Dragapult|0 fnt
|faint|p1a: Dragapult
|
|-weather|Hail|[upkeep]
|upkeep
|inactive|Battle timer is ON: inactive players will automatically lose when time's up. (requested by isheavydead)
|
|t:|1597428774
|switch|p1a: Blissey|Blissey, F|100/100
|turn|7
|
|t:|1597428776
|move|p2a: Ninetales|Moonblast|p1a: Blissey
|-damage|p1a: Blissey|91/100
|-unboost|p1a: Blissey|spa|1
|move|p1a: Blissey|Stealth Rock|p2a: Ninetales
|-sidestart|p2: isheavydead|move: Stealth Rock
|
|-weather|Hail|[upkeep]
|-damage|p1a: Blissey|85/100|[from] Hail
|upkeep
|turn|8
|
|t:|1597428779
|move|p2a: Ninetales|Encore|p1a: Blissey
|-start|p1a: Blissey|Encore
|move|p1a: Blissey|Stealth Rock||[still]
|-fail|p1a: Blissey
|
|-weather|Hail|[upkeep]
|-damage|p1a: Blissey|79/100|[from] Hail
|upkeep
|turn|9
|
|t:|1597428784
|switch|p2a: Haxorus|Haxorus, M, shiny|100/100
|-damage|p2a: Haxorus|88/100|[from] Stealth Rock
|-ability|p2a: Haxorus|Mold Breaker
|switch|p1a: Clefable|Clefable, F|100/100
|
|-weather|none
|upkeep
|turn|10
|c|☆isheavydead|f
|
|t:|1597428795
|move|p2a: Haxorus|Swords Dance|p2a: Haxorus
|-boost|p2a: Haxorus|atk|2
|move|p1a: Clefable|Moonblast|p2a: Haxorus
|-supereffective|p2a: Haxorus
|-damage|p2a: Haxorus|41/100
|
|upkeep
|turn|11
|c|☆isheavydead|gg
|
|t:|1597428803
|switch|p1a: Tangrowth|Tangrowth, F|100/100
|-damage|p1a: Tangrowth|88/100|[from] Stealth Rock
|move|p2a: Haxorus|Poison Jab|p1a: Tangrowth
|-supereffective|p1a: Tangrowth
|-damage|p1a: Tangrowth|26/100
|-damage|p2a: Haxorus|25/100|[from] item: Rocky Helmet|[of] p1a: Tangrowth
|
|upkeep
|turn|12
|c|☆isheavydead|bro even with screens
|
|t:|1597428810
|move|p2a: Haxorus|Poison Jab|p1a: Tangrowth
|-supereffective|p1a: Tangrowth
|-damage|p1a: Tangrowth|0 fnt
|-damage|p2a: Haxorus|8/100|[from] item: Rocky Helmet|[of] p1a: Tangrowth
|faint|p1a: Tangrowth
|
|-sideend|p2: isheavydead|move: Aurora Veil
|upkeep
|
|t:|1597428812
|switch|p1a: Conkeldurr|Conkeldurr, F|100/100
|-damage|p1a: Conkeldurr|95/100|[from] Stealth Rock
|turn|13
|
|t:|1597428815
|move|p1a: Conkeldurr|Mach Punch|p2a: Haxorus
|-damage|p2a: Haxorus|0 fnt
|faint|p2a: Haxorus
|
|-status|p1a: Conkeldurr|brn|[from] item: Flame Orb
|upkeep
|
|t:|1597428817
|switch|p2a: Ninetales|Ninetales-Alola, F, shiny|44/100 par
|-damage|p2a: Ninetales|19/100 par|[from] Stealth Rock
|-weather|Hail|[from] ability: Snow Warning|[of] p2a: Ninetales
|turn|14
|
|t:|1597428819
|move|p1a: Conkeldurr|Mach Punch|p2a: Ninetales
|-damage|p2a: Ninetales|0 fnt
|faint|p2a: Ninetales
|
|-weather|Hail|[upkeep]
|-damage|p1a: Conkeldurr|89/100 brn|[from] Hail
|-damage|p1a: Conkeldurr|83/100 brn|[from] brn
|upkeep
|
|t:|1597428821
|switch|p2a: Volcarona|Volcarona, M|100/100
|turn|15
|c|☆LT72MS Lio|gg
|
|t:|1597428829
|switch|p2a: Urshifu|Urshifu, F|100/100
|-damage|p2a: Urshifu|94/100|[from] Stealth Rock
|move|p1a: Conkeldurr|Facade|p2a: Urshifu
|-damage|p2a: Urshifu|15/100
|
|-weather|Hail|[upkeep]
|-damage|p2a: Urshifu|9/100|[from] Hail
|-damage|p1a: Conkeldurr|77/100 brn|[from] Hail
|-damage|p1a: Conkeldurr|71/100 brn|[from] brn
|upkeep
|turn|16
|-message|isheavydead forfeited.
|
|win|LT72MS Lio
|l|☆isheavydead
|l|☆LT72MS Lio
