|j|☆eromangagaki
|j|☆Darkortex
|t:|1650348671
|gametype|singles
|player|p1|eromangagaki|101|1590
|player|p2|Darkortex|hilbert|1612
|teamsize|p1|6
|teamsize|p2|6
|gen|8
|tier|[Gen 8] OU
|rated|
|rule|Sleep Clause Mod: Limit one foe put to sleep
|rule|Species Clause: Limit one of each Pokémon
|rule|OHKO Clause: OHKO moves are banned
|rule|Evasion Moves Clause: Evasion moves are banned
|rule|Endless Battle Clause: Forcing endless battles is banned
|rule|HP Percentage Mod: HP is shown in percentages
|rule|Dynamax Clause: You cannot dynamax
|clearpoke
|poke|p1|Cresselia, F|
|poke|p1|Slowbro, M|
|poke|p1|Cursola, M|
|poke|p1|Nidoqueen, F|
|poke|p1|Pangoro, F|
|poke|p1|Melmetal|
|poke|p2|Landorus-Therian, M|
|poke|p2|Ferrothorn, M|
|poke|p2|Tapu Koko|
|poke|p2|Tyranitar, F|
|poke|p2|Zapdos-Galar|
|poke|p2|Excadrill, F|
|teampreview
|inactive|Battle timer is ON: inactive players will automatically lose when time's up. (requested by Darkortex)
|
|t:|1650348682
|start
|switch|p1a: Nidoqueen|Nidoqueen, F|100/100
|switch|p2a: Zapdos|Zapdos-Galar|100/100
|turn|1
|
|t:|1650348687
|move|p2a: Zapdos|U-turn|p1a: Nidoqueen
|-resisted|p1a: Nidoqueen
|-damage|p1a: Nidoqueen|83/100
|
|t:|1650348692
|switch|p2a: Tyranitar|Tyranitar, F|100/100|[from]move: U-turn
|-weather|Sandstorm|[from] ability: Sand Stream|[of] p2a: Tyranitar
|move|p1a: Nidoqueen|Ice Beam|p2a: Tyranitar
|-damage|p2a: Tyranitar|84/100
|
|-weather|Sandstorm|[upkeep]
|-heal|p2a: Tyranitar|90/100|[from] item: Leftovers
|upkeep
|turn|2
|
|t:|1650348699
|move|p1a: Nidoqueen|Earth Power|p2a: Tyranitar
|-supereffective|p2a: Tyranitar
|-damage|p2a: Tyranitar|40/100
|move|p2a: Tyranitar|Earthquake|p1a: Nidoqueen
|-supereffective|p1a: Nidoqueen
|-damage|p1a: Nidoqueen|24/100
|
|-weather|Sandstorm|[upkeep]
|-heal|p2a: Tyranitar|46/100|[from] item: Leftovers
|upkeep
|turn|3
|
|t:|1650348706
|switch|p2a: Zapdos|Zapdos-Galar|100/100
|move|p1a: Nidoqueen|Stealth Rock|p2a: Zapdos
|-sidestart|p2: Darkortex|move: Stealth Rock
|
|-weather|Sandstorm|[upkeep]
|-damage|p2a: Zapdos|94/100|[from] Sandstorm
|upkeep
|turn|4
|
|t:|1650348713
|move|p2a: Zapdos|Brave Bird|p1a: Nidoqueen
|-damage|p1a: Nidoqueen|0 fnt
|faint|p1a: Nidoqueen
|-damage|p2a: Zapdos|85/100|[from] Recoil
|
|-weather|Sandstorm|[upkeep]
|-damage|p2a: Zapdos|79/100|[from] Sandstorm
|upkeep
|
|t:|1650348717
|switch|p1a: Slowbro|Slowbro, M|100/100
|turn|5
|
|t:|1650348721
|switch|p2a: Ferrothorn|Ferrothorn, M|100/100
|-damage|p2a: Ferrothorn|94/100|[from] Stealth Rock
|move|p1a: Slowbro|Trick Room|p1a: Slowbro
|-fieldstart|move: Trick Room|[of] p1a: Slowbro
|
|-weather|none
|-heal|p2a: Ferrothorn|100/100|[from] item: Leftovers
|upkeep
|turn|6
|j| 50 at max
|
|t:|1650348725
|move|p2a: Ferrothorn|Spikes|p1a: Slowbro
|-sidestart|p1: eromangagaki|Spikes
|move|p1a: Slowbro|Flamethrower|p2a: Ferrothorn
|-supereffective|p2a: Ferrothorn
|-damage|p2a: Ferrothorn|38/100
|
|-heal|p2a: Ferrothorn|44/100|[from] item: Leftovers
|upkeep
|turn|7
|
|t:|1650348733
|move|p2a: Ferrothorn|Knock Off|p1a: Slowbro
|-supereffective|p1a: Slowbro
|-damage|p1a: Slowbro|74/100
|-enditem|p1a: Slowbro|Rindo Berry|[from] move: Knock Off|[of] p2a: Ferrothorn
|move|p1a: Slowbro|Teleport|p1a: Slowbro
|
|t:|1650348739
|switch|p1a: Doomslayer|Melmetal|100/100|[from]move: Teleport
|-damage|p1a: Doomslayer|88/100|[from] Spikes
|
|-heal|p2a: Ferrothorn|50/100|[from] item: Leftovers
|upkeep
|turn|8
|
|t:|1650348747
|switch|p2a: Landorus|Landorus-Therian, M|100/100
|-damage|p2a: Landorus|88/100|[from] Stealth Rock
|-ability|p2a: Landorus|Intimidate|boost
|-unboost|p1a: Doomslayer|atk|1
|move|p1a: Doomslayer|Double Iron Bash|p2a: Landorus
|-damage|p2a: Landorus|57/100
|-damage|p2a: Landorus|26/100
|-hitcount|p2a: Landorus|2
|
|-heal|p2a: Landorus|32/100|[from] item: Leftovers
|upkeep
|turn|9
|
|t:|1650348751
|switch|p2a: Ferrothorn|Ferrothorn, M|50/100
|-damage|p2a: Ferrothorn|44/100|[from] Stealth Rock
|move|p1a: Doomslayer|Double Iron Bash|p2a: Ferrothorn
|-resisted|p2a: Ferrothorn
|-damage|p2a: Ferrothorn|30/100
|-damage|p1a: Doomslayer|76/100|[from] ability: Iron Barbs|[of] p2a: Ferrothorn
|-resisted|p2a: Ferrothorn
|-damage|p2a: Ferrothorn|16/100
|-damage|p1a: Doomslayer|63/100|[from] ability: Iron Barbs|[of] p2a: Ferrothorn
|-hitcount|p2a: Ferrothorn|2
|
|-heal|p2a: Ferrothorn|22/100|[from] item: Leftovers
|-fieldend|move: Trick Room
|upkeep
|turn|10
|
|t:|1650348760
|switch|p1a: Slowbro|Slowbro, M|100/100
|-damage|p1a: Slowbro|88/100|[from] Spikes
|move|p2a: Ferrothorn|Leech Seed|p1a: Slowbro
|-start|p1a: Slowbro|move: Leech Seed
|
|-heal|p2a: Ferrothorn|29/100|[from] item: Leftovers
|-damage|p1a: Slowbro|76/100|[from] Leech Seed|[of] p2a: Ferrothorn
|-heal|p2a: Ferrothorn|43/100|[silent]
|upkeep
|turn|11
|
|t:|1650348770
|move|p2a: Ferrothorn|Spikes|p1a: Slowbro
|-sidestart|p1: eromangagaki|Spikes
|move|p1a: Slowbro|Trick Room|p1a: Slowbro
|-fieldstart|move: Trick Room|[of] p1a: Slowbro
|
|-heal|p2a: Ferrothorn|49/100|[from] item: Leftovers
|-damage|p1a: Slowbro|63/100|[from] Leech Seed|[of] p2a: Ferrothorn
|-heal|p2a: Ferrothorn|63/100|[silent]
|upkeep
|turn|12
|
|t:|1650348777
|switch|p2a: Tyranitar|Tyranitar, F|46/100
|-damage|p2a: Tyranitar|34/100|[from] Stealth Rock
|-weather|Sandstorm|[from] ability: Sand Stream|[of] p2a: Tyranitar
|move|p1a: Slowbro|Flamethrower|p2a: Tyranitar
|-resisted|p2a: Tyranitar
|-damage|p2a: Tyranitar|29/100
|
|-weather|Sandstorm|[upkeep]
|-damage|p1a: Slowbro|57/100|[from] Sandstorm
|-heal|p2a: Tyranitar|36/100|[from] item: Leftovers
|-damage|p1a: Slowbro|45/100|[from] Leech Seed|[of] p2a: Tyranitar
|-heal|p2a: Tyranitar|48/100|[silent]
|upkeep
|turn|13
|
|t:|1650348787
|switch|p1a: Doomslayer|Melmetal|63/100
|-damage|p1a: Doomslayer|46/100|[from] Spikes
|move|p2a: Tyranitar|Rock Blast|p1a: Doomslayer
|-resisted|p1a: Doomslayer
|-damage|p1a: Doomslayer|43/100
|-resisted|p1a: Doomslayer
|-damage|p1a: Doomslayer|40/100
|-hitcount|p1a: Doomslayer|2
|
|-weather|Sandstorm|[upkeep]
|-heal|p2a: Tyranitar|54/100|[from] item: Leftovers
|upkeep
|turn|14
|
|t:|1650348791
|switch|p2a: Ferrothorn|Ferrothorn, M|63/100
|-damage|p2a: Ferrothorn|56/100|[from] Stealth Rock
|move|p1a: Doomslayer|Superpower|p2a: Ferrothorn
|-supereffective|p2a: Ferrothorn
|-damage|p2a: Ferrothorn|0 fnt
|-unboost|p1a: Doomslayer|atk|1
|-unboost|p1a: Doomslayer|def|1
|-damage|p1a: Doomslayer|28/100|[from] ability: Iron Barbs|[of] p2a: Ferrothorn
|faint|p2a: Ferrothorn
|
|-weather|Sandstorm|[upkeep]
|upkeep
|
|t:|1650348797
|switch|p2a: Landorus|Landorus-Therian, M|32/100
|-damage|p2a: Landorus|20/100|[from] Stealth Rock
|-ability|p2a: Landorus|Intimidate|boost
|-unboost|p1a: Doomslayer|atk|1
|turn|15
|
|t:|1650348801
|switch|p1a: Cresselia|Cresselia, F|100/100
|move|p2a: Landorus|Stealth Rock|p1a: Cresselia
|-sidestart|p1: eromangagaki|move: Stealth Rock
|
|-weather|Sandstorm|[upkeep]
|-damage|p1a: Cresselia|94/100|[from] Sandstorm
|-heal|p2a: Landorus|26/100|[from] item: Leftovers
|-fieldend|move: Trick Room
|upkeep
|turn|16
|
|t:|1650348805
|move|p2a: Landorus|U-turn|p1a: Cresselia
|-supereffective|p1a: Cresselia
|-damage|p1a: Cresselia|66/100
|
|t:|1650348807
|switch|p2a: Excadrill|Excadrill, F|100/100|[from]move: U-turn
|-damage|p2a: Excadrill|97/100|[from] Stealth Rock
|move|p1a: Cresselia|Ice Beam|p2a: Excadrill
|-damage|p2a: Excadrill|77/100
|
|-weather|none
|-heal|p2a: Excadrill|83/100|[from] item: Leftovers
|upkeep
|turn|17
|
|t:|1650348811
|move|p2a: Excadrill|Swords Dance|p2a: Excadrill
|-boost|p2a: Excadrill|atk|2
|move|p1a: Cresselia|Trick Room|p1a: Cresselia
|-fieldstart|move: Trick Room|[of] p1a: Cresselia
|
|-heal|p2a: Excadrill|89/100|[from] item: Leftovers
|upkeep
|turn|18
|
|t:|1650348814
|move|p1a: Cresselia|Lunar Dance|p1a: Cresselia
|faint|p1a: Cresselia
|move|p2a: Excadrill|Iron Head|p1: Cresselia|[notarget]
|-fail|p2a: Excadrill
|
|-heal|p2a: Excadrill|96/100|[from] item: Leftovers
|upkeep
|
|t:|1650348815
|switch|p1a: Doomslayer|Melmetal|28/100
|-heal|p1a: Doomslayer|100/100|[from] move: Lunar Dance
|-damage|p1a: Doomslayer|94/100|[from] Stealth Rock
|-damage|p1a: Doomslayer|78/100|[from] Spikes
|turn|19
|
|t:|1650348826
|switch|p2a: Landorus|Landorus-Therian, M|26/100
|-damage|p2a: Landorus|14/100|[from] Stealth Rock
|-ability|p2a: Landorus|Intimidate|boost
|-unboost|p1a: Doomslayer|atk|1
|move|p1a: Doomslayer|Double Iron Bash|p2a: Landorus
|-damage|p2a: Landorus|0 fnt
|faint|p2a: Landorus
|-hitcount|p2: Landorus|1
|
|upkeep
|
|t:|1650348829
|switch|p2a: Excadrill|Excadrill, F|96/100
|-damage|p2a: Excadrill|92/100|[from] Stealth Rock
|turn|20
|
|t:|1650348831
|move|p1a: Doomslayer|Double Iron Bash|p2a: Excadrill
|-resisted|p2a: Excadrill
|-damage|p2a: Excadrill|63/100
|-resisted|p2a: Excadrill
|-crit|p2a: Excadrill
|-damage|p2a: Excadrill|0 fnt
|faint|p2a: Excadrill
|-hitcount|p2: Excadrill|2
|
|upkeep
|
|t:|1650348847
|switch|p2a: Tyranitar|Tyranitar, F|54/100
|-damage|p2a: Tyranitar|42/100|[from] Stealth Rock
|-weather|Sandstorm|[from] ability: Sand Stream|[of] p2a: Tyranitar
|turn|21
|
|t:|1650348853
|move|p1a: Doomslayer|Double Iron Bash|p2a: Tyranitar
|-supereffective|p2a: Tyranitar
|-damage|p2a: Tyranitar|0 fnt
|faint|p2a: Tyranitar
|-hitcount|p2: Tyranitar|1
|
|-weather|Sandstorm|[upkeep]
|-fieldend|move: Trick Room
|upkeep
|
|t:|1650348855
|switch|p2a: Zapdos|Zapdos-Galar|79/100
|-damage|p2a: Zapdos|67/100|[from] Stealth Rock
|turn|22
|
|t:|1650348862
|move|p2a: Zapdos|U-turn|p1a: Doomslayer
|-resisted|p1a: Doomslayer
|-damage|p1a: Doomslayer|69/100
|
|t:|1650348864
|switch|p2a: Tapu Koko|Tapu Koko|100/100|[from]move: U-turn
|-fieldstart|move: Electric Terrain|[from] ability: Electric Surge|[of] p2a: Tapu Koko
|move|p1a: Doomslayer|Double Iron Bash|p2a: Tapu Koko
|-damage|p2a: Tapu Koko|42/100
|-damage|p2a: Tapu Koko|0 fnt
|faint|p2a: Tapu Koko
|-hitcount|p2: Tapu Koko|2
|
|-weather|Sandstorm|[upkeep]
|upkeep
|-message|Darkortex forfeited.
|
|win|eromangagaki
|raw|eromangagaki's rating: 1590 &rarr; <strong>1611</strong><br />(+21 for winning)
|raw|Darkortex's rating: 1612 &rarr; <strong>1591</strong><br />(-21 for losing)
|l|☆Darkortex
|l|☆eromangagaki
|j|☆Darkortex
|player|p2|Darkortex|hilbert
