|j|☆Eclipse77
|j|‽Guest 5890168
|t:|1664745633
|gametype|singles
|player|p1|Eclipse77|kahili|1514
|player|p2|Guest 5890168|170|1532
|teamsize|p1|6
|teamsize|p2|6
|gen|8
|tier|[Gen 8] OU
|rated|
|rule|Sleep Clause Mod: Limit one foe put to sleep
|rule|Species Clause: Limit one of each Pokémon
|rule|OHKO Clause: OHKO moves are banned
|rule|Evasion Items Clause: Evasion items are banned
|rule|Evasion Moves Clause: Evasion moves are banned
|rule|Endless Battle Clause: Forcing endless battles is banned
|rule|HP Percentage Mod: HP is shown in percentages
|rule|Dynamax Clause: You cannot dynamax
|clearpoke
|poke|p1|Urshifu-*, M|
|poke|p1|Tyranitar, F|
|poke|p1|Excadrill, F|
|poke|p1|Zapdos|
|poke|p1|Ferrothorn, M|
|poke|p1|Tapu Lele|
|poke|p2|Rotom-Wash|
|poke|p2|Weavile, M|
|poke|p2|Landorus-Therian, M|
|poke|p2|Heatran, M|
|poke|p2|Tangrowth, F|
|poke|p2|Melmetal|
|teampreview
|inactive|Battle timer is ON: inactive players will automatically lose when time's up. (requested by Guest 5890168)
|
|t:|1664745646
|start
|switch|p1a: Urshifu|Urshifu-Rapid-Strike, M|100/100
|switch|p2a: Landorus|Landorus-Therian, M|100/100
|-ability|p2a: Landorus|Intimidate|boost
|-unboost|p1a: Urshifu|atk|1
|turn|1
|
|t:|1664745656
|switch|p2a: Tangrowth|Tangrowth, F|100/100
|move|p1a: Urshifu|Taunt|p2a: Tangrowth
|-start|p2a: Tangrowth|move: Taunt
|
|upkeep
|turn|2
|
|t:|1664745660
|move|p1a: Urshifu|U-turn|p2a: Tangrowth
|-supereffective|p2a: Tangrowth
|-damage|p2a: Tangrowth|84/100
|
|t:|1664745664
|switch|p1a: Zapdos|Zapdos|100/100|[from]move: U-turn
|move|p2a: Tangrowth|Giga Drain|p1a: Zapdos
|-resisted|p1a: Zapdos
|-damage|p1a: Zapdos|87/100
|-heal|p2a: Tangrowth|91/100|[from] drain|[of] p1a: Zapdos
|
|upkeep
|turn|3
|
|t:|1664745671
|switch|p1a: Urshifu|Urshifu-Rapid-Strike, M|100/100
|switch|p2a: Landorus|Landorus-Therian, M|100/100
|-ability|p2a: Landorus|Intimidate|boost
|-unboost|p1a: Urshifu|atk|1
|
|upkeep
|turn|4
|
|t:|1664745677
|switch|p2a: Tangrowth|Tangrowth, F|100/100
|move|p1a: Urshifu|U-turn|p2a: Tangrowth
|-supereffective|p2a: Tangrowth
|-damage|p2a: Tangrowth|82/100
|
|t:|1664745685
|switch|p1a: Ferrothorn|Ferrothorn, M|100/100|[from]move: U-turn
|
|upkeep
|turn|5
|
|t:|1664745704
|switch|p2a: Landorus|Landorus-Therian, M|100/100
|-ability|p2a: Landorus|Intimidate|boost
|-unboost|p1a: Ferrothorn|atk|1
|move|p1a: Ferrothorn|Stealth Rock|p2a: Landorus
|-sidestart|p2: Guest 5890168|move: Stealth Rock
|
|upkeep
|turn|6
|
|t:|1664745707
|move|p2a: Landorus|Earthquake|p1a: Ferrothorn
|-damage|p1a: Ferrothorn|69/100
|move|p1a: Ferrothorn|Knock Off|p2a: Landorus
|-damage|p2a: Landorus|87/100
|-enditem|p2a: Landorus|Leftovers|[from] move: Knock Off|[of] p1a: Ferrothorn
|
|-heal|p1a: Ferrothorn|75/100|[from] item: Leftovers
|upkeep
|turn|7
|
|t:|1664745714
|move|p2a: Landorus|Defog|p1a: Ferrothorn
|-unboost|p1a: Ferrothorn|evasion|1
|-sideend|p2: Guest 5890168|Stealth Rock|[from] move: Defog|[of] p2a: Landorus
|move|p1a: Ferrothorn|Leech Seed|p2a: Landorus|[miss]
|-miss|p1a: Ferrothorn|p2a: Landorus
|
|-heal|p1a: Ferrothorn|81/100|[from] item: Leftovers
|upkeep
|turn|8
|
|t:|1664745719
|move|p2a: Landorus|Earthquake|p1a: Ferrothorn
|-damage|p1a: Ferrothorn|48/100
|move|p1a: Ferrothorn|Stealth Rock|p2a: Landorus
|-sidestart|p2: Guest 5890168|move: Stealth Rock
|
|-heal|p1a: Ferrothorn|54/100|[from] item: Leftovers
|upkeep
|turn|9
|
|t:|1664745723
|move|p2a: Landorus|Defog|p1a: Ferrothorn
|-unboost|p1a: Ferrothorn|evasion|1
|-sideend|p2: Guest 5890168|Stealth Rock|[from] move: Defog|[of] p2a: Landorus
|move|p1a: Ferrothorn|Leech Seed|p2a: Landorus
|-start|p2a: Landorus|move: Leech Seed
|
|-heal|p1a: Ferrothorn|60/100|[from] item: Leftovers
|-damage|p2a: Landorus|75/100|[from] Leech Seed|[of] p1a: Ferrothorn
|-heal|p1a: Ferrothorn|73/100|[silent]
|upkeep
|turn|10
|j| Kyurem
|
|t:|1664745728
|move|p2a: Landorus|U-turn|p1a: Ferrothorn
|-damage|p1a: Ferrothorn|57/100
|-damage|p2a: Landorus|63/100|[from] ability: Iron Barbs|[of] p1a: Ferrothorn
|
|t:|1664745729
|switch|p2a: Tangrowth|Tangrowth, F|100/100|[from]move: U-turn
|move|p1a: Ferrothorn|Stealth Rock|p2a: Tangrowth
|-sidestart|p2: Guest 5890168|move: Stealth Rock
|
|-heal|p1a: Ferrothorn|63/100|[from] item: Leftovers
|upkeep
|turn|11
|
|t:|1664745735
|move|p2a: Tangrowth|Sleep Powder|p1a: Ferrothorn
|-immune|p1a: Ferrothorn
|move|p1a: Ferrothorn|Knock Off|p2a: Tangrowth
|-damage|p2a: Tangrowth|93/100
|-damage|p1a: Ferrothorn|47/100|[from] item: Rocky Helmet|[of] p2a: Tangrowth
|-enditem|p2a: Tangrowth|Rocky Helmet|[from] move: Knock Off|[of] p1a: Ferrothorn
|
|-heal|p1a: Ferrothorn|53/100|[from] item: Leftovers
|upkeep
|turn|12
|
|t:|1664745750
|switch|p1a: Zapdos|Zapdos|87/100
|move|p2a: Tangrowth|Sleep Powder|p1a: Zapdos
|-status|p1a: Zapdos|slp|[from] move: Sleep Powder
|
|upkeep
|turn|13
|
|t:|1664745757
|switch|p2a: Landorus|Landorus-Therian, M|63/100
|-damage|p2a: Landorus|50/100|[from] Stealth Rock
|-ability|p2a: Landorus|Intimidate|boost
|-unboost|p1a: Zapdos|atk|1
|cant|p1a: Zapdos|slp
|
|upkeep
|turn|14
|
|t:|1664745762
|cant|p1a: Zapdos|slp
|move|p2a: Landorus|Earthquake|p1a: Zapdos
|-immune|p1a: Zapdos
|
|upkeep
|turn|15
|
|t:|1664745766
|-curestatus|p1a: Zapdos|slp|[msg]
|move|p1a: Zapdos|Hurricane|p2a: Landorus|[miss]
|-miss|p1a: Zapdos|p2a: Landorus
|move|p2a: Landorus|Earthquake|p1a: Zapdos
|-immune|p1a: Zapdos
|
|upkeep
|turn|16
|
|t:|1664745772
|move|p1a: Zapdos|Volt Switch|p2a: Landorus
|-immune|p2a: Landorus
|move|p2a: Landorus|Defog|p1a: Zapdos
|-unboost|p1a: Zapdos|evasion|1
|-sideend|p2: Guest 5890168|Stealth Rock|[from] move: Defog|[of] p2a: Landorus
|
|upkeep
|turn|17
|
|t:|1664745774
|move|p1a: Zapdos|Hurricane|p2a: Landorus|[miss]
|-miss|p1a: Zapdos|p2a: Landorus
|move|p2a: Landorus|U-turn|p1a: Zapdos
|-resisted|p1a: Zapdos
|-damage|p1a: Zapdos|80/100
|
|t:|1664745774
|switch|p2a: Weavile|Weavile, M|100/100|[from]move: U-turn
|-ability|p2a: Weavile|Pressure
|
|upkeep
|turn|18
|
|t:|1664745784
|switch|p1a: Urshifu|Urshifu-Rapid-Strike, M|100/100
|move|p2a: Weavile|Triple Axel|p1a: Urshifu
|-resisted|p1a: Urshifu
|-damage|p1a: Urshifu|93/100
|-resisted|p1a: Urshifu
|-damage|p1a: Urshifu|78/100
|-resisted|p1a: Urshifu
|-damage|p1a: Urshifu|56/100
|-hitcount|p1a: Urshifu|3
|
|upkeep
|turn|19
|
|t:|1664745789
|switch|p2a: Tangrowth|Tangrowth, F|100/100
|move|p1a: Urshifu|U-turn|p2a: Tangrowth
|-supereffective|p2a: Tangrowth
|-damage|p2a: Tangrowth|76/100
|
|t:|1664745792
|switch|p1a: Zapdos|Zapdos|80/100|[from]move: U-turn
|
|upkeep
|turn|20
|
|t:|1664745796
|switch|p2a: Melmetal|Melmetal|100/100
|move|p1a: Zapdos|Volt Switch|p2a: Melmetal
|-damage|p2a: Melmetal|86/100
|
|t:|1664745800
|switch|p1a: Urshifu|Urshifu-Rapid-Strike, M|56/100|[from]move: Volt Switch
|
|upkeep
|turn|21
|
|t:|1664745804
|move|p1a: Urshifu|U-turn|p2a: Melmetal
|-resisted|p2a: Melmetal
|-damage|p2a: Melmetal|78/100
|
|t:|1664745808
|switch|p1a: Zapdos|Zapdos|80/100|[from]move: U-turn
|move|p2a: Melmetal|Double Iron Bash|p1a: Zapdos
|-resisted|p1a: Zapdos
|-damage|p1a: Zapdos|64/100
|-resisted|p1a: Zapdos
|-damage|p1a: Zapdos|49/100
|-hitcount|p1a: Zapdos|2
|
|upkeep
|turn|22
|
|t:|1664745811
|move|p1a: Zapdos|Roost|p1a: Zapdos
|-heal|p1a: Zapdos|99/100
|-singleturn|p1a: Zapdos|move: Roost
|move|p2a: Melmetal|Earthquake|p1a: Zapdos
|-supereffective|p1a: Zapdos
|-damage|p1a: Zapdos|44/100
|
|upkeep
|turn|23
|
|t:|1664745815
|move|p1a: Zapdos|Roost|p1a: Zapdos
|-heal|p1a: Zapdos|94/100
|-singleturn|p1a: Zapdos|move: Roost
|move|p2a: Melmetal|Earthquake|p1a: Zapdos
|-supereffective|p1a: Zapdos
|-damage|p1a: Zapdos|35/100
|
|upkeep
|turn|24
|
|t:|1664745818
|move|p1a: Zapdos|Volt Switch|p2a: Melmetal
|-damage|p2a: Melmetal|63/100
|
|t:|1664745822
|switch|p1a: Ferrothorn|Ferrothorn, M|53/100|[from]move: Volt Switch
|move|p2a: Melmetal|Earthquake|p1a: Ferrothorn
|-damage|p1a: Ferrothorn|27/100
|
|-heal|p1a: Ferrothorn|33/100|[from] item: Leftovers
|upkeep
|turn|25
|
|t:|1664745826
|switch|p1a: Zapdos|Zapdos|35/100
|move|p2a: Melmetal|Double Iron Bash|p1a: Zapdos
|-resisted|p1a: Zapdos
|-damage|p1a: Zapdos|19/100
|-resisted|p1a: Zapdos
|-damage|p1a: Zapdos|5/100
|-hitcount|p1a: Zapdos|2
|
|upkeep
|turn|26
|
|t:|1664745828
|move|p1a: Zapdos|Heat Wave|p2a: Melmetal
|-supereffective|p2a: Melmetal
|-damage|p2a: Melmetal|37/100
|move|p2a: Melmetal|Earthquake|p1a: Zapdos
|-immune|p1a: Zapdos
|
|upkeep
|turn|27
|
|t:|1664745837
|move|p1a: Zapdos|Heat Wave|p2a: Melmetal
|-supereffective|p2a: Melmetal
|-damage|p2a: Melmetal|8/100
|-status|p2a: Melmetal|brn
|move|p2a: Melmetal|Ice Punch|p1a: Zapdos
|-supereffective|p1a: Zapdos
|-damage|p1a: Zapdos|0 fnt
|faint|p1a: Zapdos
|
|-damage|p2a: Melmetal|1/100 brn|[from] brn
|upkeep
|
|t:|1664745842
|switch|p1a: Ferrothorn|Ferrothorn, M|33/100
|turn|28
|
|t:|1664745847
|move|p2a: Melmetal|Double Iron Bash|p1a: Ferrothorn
|-resisted|p1a: Ferrothorn
|-damage|p1a: Ferrothorn|25/100
|-damage|p2a: Melmetal|0 fnt|[from] ability: Iron Barbs|[of] p1a: Ferrothorn
|faint|p2a: Melmetal
|-hitcount|p1a: Ferrothorn|1
|cant|p1a: Ferrothorn|flinch
|
|-heal|p1a: Ferrothorn|31/100|[from] item: Leftovers
|upkeep
|
|t:|1664745847
|switch|p2a: Landorus|Landorus-Therian, M|50/100
|-ability|p2a: Landorus|Intimidate|boost
|-unboost|p1a: Ferrothorn|atk|1
|turn|29
|
|t:|1664745850
|move|p2a: Landorus|Earthquake|p1a: Ferrothorn
|-damage|p1a: Ferrothorn|0 fnt
|faint|p1a: Ferrothorn
|
|upkeep
|
|t:|1664745853
|switch|p1a: Urshifu|Urshifu-Rapid-Strike, M|56/100
|turn|30
|
|t:|1664745857
|switch|p2a: Tangrowth|Tangrowth, F|100/100
|move|p1a: Urshifu|U-turn|p2a: Tangrowth
|-supereffective|p2a: Tangrowth
|-damage|p2a: Tangrowth|75/100
|
|t:|1664745859
|switch|p1a: Tapu Lele|Tapu Lele, shiny|100/100|[from]move: U-turn
|-fieldstart|move: Psychic Terrain|[from] ability: Psychic Surge|[of] p1a: Tapu Lele
|
|upkeep
|turn|31
|
|t:|1664745863
|switch|p2a: Landorus|Landorus-Therian, M|50/100
|-ability|p2a: Landorus|Intimidate|boost
|-unboost|p1a: Tapu Lele|atk|1
|move|p1a: Tapu Lele|Focus Blast|p2a: Landorus
|-resisted|p2a: Landorus
|-damage|p2a: Landorus|35/100
|-unboost|p2a: Landorus|spd|1
|
|upkeep
|turn|32
|
|t:|1664745878
|switch|p1a: Urshifu|Urshifu-Rapid-Strike, M|56/100
|move|p2a: Landorus|Earthquake|p1a: Urshifu
|-damage|p1a: Urshifu|10/100
|
|upkeep
|turn|33
|
|t:|1664745882
|switch|p2a: Tangrowth|Tangrowth, F|100/100
|move|p1a: Urshifu|U-turn|p2a: Tangrowth
|-supereffective|p2a: Tangrowth
|-damage|p2a: Tangrowth|76/100
|
|t:|1664745884
|switch|p1a: Tapu Lele|Tapu Lele, shiny|100/100|[from]move: U-turn
|
|upkeep
|turn|34
|
|t:|1664745885
|switch|p2a: Heatran|Heatran, M|100/100
|-item|p2a: Heatran|Air Balloon
|move|p1a: Tapu Lele|Focus Blast|p2a: Heatran
|-supereffective|p2a: Heatran
|-damage|p2a: Heatran|16/100
|-enditem|p2a: Heatran|Air Balloon
|
|-fieldend|move: Psychic Terrain
|upkeep
|turn|35
|
|t:|1664745888
|switch|p2a: Tangrowth|Tangrowth, F|100/100
|move|p1a: Tapu Lele|Focus Blast|p2a: Tangrowth
|-damage|p2a: Tangrowth|37/100
|
|upkeep
|turn|36
|
|t:|1664745891
|switch|p2a: Landorus|Landorus-Therian, M|35/100
|-ability|p2a: Landorus|Intimidate|boost
|-unboost|p1a: Tapu Lele|atk|1
|move|p1a: Tapu Lele|Focus Blast|p2a: Landorus|[miss]
|-miss|p1a: Tapu Lele|p2a: Landorus
|
|upkeep
|turn|37
|
|t:|1664745895
|switch|p1a: Urshifu|Urshifu-Rapid-Strike, M|10/100
|move|p2a: Landorus|Earthquake|p1a: Urshifu
|-damage|p1a: Urshifu|0 fnt
|faint|p1a: Urshifu
|
|upkeep
|
|t:|1664745897
|switch|p1a: Tapu Lele|Tapu Lele, shiny|100/100
|-fieldstart|move: Psychic Terrain|[from] ability: Psychic Surge|[of] p1a: Tapu Lele
|turn|38
|
|t:|1664745899
|switch|p2a: Rotom|Rotom-Wash|100/100
|move|p1a: Tapu Lele|Moonblast|p2a: Rotom
|-damage|p2a: Rotom|44/100
|
|-heal|p2a: Rotom|50/100|[from] item: Leftovers
|upkeep
|turn|39
|
|t:|1664745901
|switch|p2a: Heatran|Heatran, M|16/100
|move|p1a: Tapu Lele|Moonblast|p2a: Heatran
|-resisted|p2a: Heatran
|-damage|p2a: Heatran|3/100
|
|upkeep
|turn|40
|
|t:|1664745903
|move|p1a: Tapu Lele|Moonblast|p2a: Heatran
|-resisted|p2a: Heatran
|-damage|p2a: Heatran|0 fnt
|faint|p2a: Heatran
|
|upkeep
|
|t:|1664745903
|switch|p2a: Tangrowth|Tangrowth, F|70/100
|turn|41
|
|t:|1664745905
|switch|p2a: Landorus|Landorus-Therian, M|35/100
|-ability|p2a: Landorus|Intimidate|boost
|-unboost|p1a: Tapu Lele|atk|1
|move|p1a: Tapu Lele|Moonblast|p2a: Landorus
|-damage|p2a: Landorus|0 fnt
|faint|p2a: Landorus
|
|upkeep
|
|t:|1664745905
|switch|p2a: Tangrowth|Tangrowth, F|100/100
|turn|42
|
|t:|1664745910
|switch|p1a: Tyranitar|Tyranitar, F|100/100
|-weather|Sandstorm|[from] ability: Sand Stream|[of] p1a: Tyranitar
|move|p2a: Tangrowth|Sleep Powder|p1a: Tyranitar
|-status|p1a: Tyranitar|slp|[from] move: Sleep Powder
|
|-weather|Sandstorm|[upkeep]
|-damage|p2a: Tangrowth|94/100|[from] Sandstorm
|-fieldend|move: Psychic Terrain
|upkeep
|turn|43
|
|t:|1664745916
|switch|p1a: Tapu Lele|Tapu Lele, shiny|100/100
|-fieldstart|move: Psychic Terrain|[from] ability: Psychic Surge|[of] p1a: Tapu Lele
|move|p2a: Tangrowth|Giga Drain|p1a: Tapu Lele
|-damage|p1a: Tapu Lele|71/100
|-heal|p2a: Tangrowth|100/100|[from] drain|[of] p1a: Tapu Lele
|
|-weather|Sandstorm|[upkeep]
|-damage|p1a: Tapu Lele|65/100|[from] Sandstorm
|-damage|p2a: Tangrowth|94/100|[from] Sandstorm
|upkeep
|turn|44
|
|t:|1664745920
|switch|p2a: Rotom|Rotom-Wash|50/100
|move|p1a: Tapu Lele|Moonblast|p2a: Rotom
|-damage|p2a: Rotom|0 fnt
|faint|p2a: Rotom
|
|-weather|Sandstorm|[upkeep]
|-damage|p1a: Tapu Lele|59/100|[from] Sandstorm
|upkeep
|
|t:|1664745920
|switch|p2a: Tangrowth|Tangrowth, F|100/100
|turn|45
|
|t:|1664745923
|move|p1a: Tapu Lele|Moonblast|p2a: Tangrowth
|-damage|p2a: Tangrowth|26/100
|move|p2a: Tangrowth|Knock Off|p1a: Tapu Lele
|-damage|p1a: Tapu Lele|23/100
|-enditem|p1a: Tapu Lele|Choice Scarf|[from] move: Knock Off|[of] p2a: Tangrowth
|
|-weather|Sandstorm|[upkeep]
|-damage|p1a: Tapu Lele|17/100|[from] Sandstorm
|-damage|p2a: Tangrowth|20/100|[from] Sandstorm
|upkeep
|turn|46
|
|t:|1664745926
|move|p1a: Tapu Lele|Moonblast|p2a: Tangrowth
|-crit|p2a: Tangrowth
|-damage|p2a: Tangrowth|0 fnt
|faint|p2a: Tangrowth
|
|-weather|none
|upkeep
|
|t:|1664745926
|switch|p2a: Weavile|Weavile, M|100/100
|-ability|p2a: Weavile|Pressure
|turn|47
|
|t:|1664745934
|switch|p1a: Tyranitar|Tyranitar, F|100/100 slp
|-weather|Sandstorm|[from] ability: Sand Stream|[of] p1a: Tyranitar
|move|p2a: Weavile|Triple Axel|p1a: Tyranitar
|-damage|p1a: Tyranitar|87/100 slp
|-damage|p1a: Tyranitar|61/100 slp
|-hitcount|p1a: Tyranitar|2
|
|-weather|Sandstorm|[upkeep]
|-damage|p2a: Weavile|94/100|[from] Sandstorm
|-fieldend|move: Psychic Terrain
|upkeep
|turn|48
|
|t:|1664745936
|switch|p1a: Tapu Lele|Tapu Lele, shiny|17/100
|-fieldstart|move: Psychic Terrain|[from] ability: Psychic Surge|[of] p1a: Tapu Lele
|move|p2a: Weavile|Triple Axel|p1a: Tapu Lele
|-damage|p1a: Tapu Lele|0 fnt
|faint|p1a: Tapu Lele
|-hitcount|p1: Tapu Lele|1
|
|-weather|Sandstorm|[upkeep]
|-damage|p2a: Weavile|88/100|[from] Sandstorm
|upkeep
|
|t:|1664745938
|switch|p1a: Excadrill|Excadrill, F|100/100
|turn|49
|
|t:|1664745939
|move|p1a: Excadrill|Iron Head|p2a: Weavile
|-supereffective|p2a: Weavile
|-damage|p2a: Weavile|0 fnt
|faint|p2a: Weavile
|
|win|Eclipse77
|raw|Eclipse77's rating: 1514 &rarr; <strong>1535</strong><br />(+21 for winning)
|raw|Guest 5890168's rating: 1532 &rarr; <strong>1511</strong><br />(-21 for losing)
