|j|☆dddzdddq
|j|☆Kikoobuster
|t:|1662861523
|gametype|singles
|player|p1|dddzdddq|shadowtriad|1453
|player|p2|Kikoobuster|1|1527
|teamsize|p1|6
|teamsize|p2|6
|gen|8
|tier|[Gen 8] OU
|rated|
|rule|Sleep Clause Mod: Limit one foe put to sleep
|rule|Species Clause: Limit one of each Pokémon
|rule|OHKO Clause: OHKO moves are banned
|rule|Evasion Items Clause: Evasion items are banned
|rule|Evasion Moves Clause: Evasion moves are banned
|rule|Endless Battle Clause: Forcing endless battles is banned
|rule|HP Percentage Mod: HP is shown in percentages
|rule|Dynamax Clause: You cannot dynamax
|clearpoke
|poke|p1|Hatterene, F|
|poke|p1|Marowak-Alola, M|
|poke|p1|Melmetal|
|poke|p1|Crawdaunt, M|
|poke|p1|Porygon2|
|poke|p1|Cresselia, F|
|poke|p2|Lycanroc-Dusk, M|
|poke|p2|Excadrill, M|
|poke|p2|Hawlucha, F|
|poke|p2|Azumarill, M|
|poke|p2|Zeraora|
|poke|p2|Rillaboom, F|
|teampreview
|inactive|Battle timer is ON: inactive players will automatically lose when time's up. (requested by Kikoobuster)
|
|t:|1662861527
|start
|switch|p1a: Hatterene|Hatterene, F, shiny|100/100
|switch|p2a: Lycanroc|Lycanroc-Dusk, M|100/100
|turn|1
|
|t:|1662861536
|move|p2a: Lycanroc|Accelerock|p1a: Hatterene
|-damage|p1a: Hatterene|73/100
|move|p1a: Hatterene|Psychic|p2a: Lycanroc
|-crit|p2a: Lycanroc
|-enditem|p2a: Lycanroc|Focus Sash
|-damage|p2a: Lycanroc|1/100
|
|upkeep
|turn|2
|j| DrakeRamoray94
|
|t:|1662861550
|move|p2a: Lycanroc|Endeavor|p1a: Hatterene
|-damage|p1a: Hatterene|1/100
|move|p1a: Hatterene|Trick Room|p1a: Hatterene
|-fieldstart|move: Trick Room|[of] p1a: Hatterene
|
|upkeep
|turn|3
|
|t:|1662861557
|switch|p1a: Melmetal|Melmetal|100/100
|move|p2a: Lycanroc|Accelerock|p1a: Melmetal
|-resisted|p1a: Melmetal
|-damage|p1a: Melmetal|94/100
|
|upkeep
|turn|4
|
|t:|1662861566
|switch|p2a: Excadrill|Excadrill, M|100/100
|-ability|p2a: Excadrill|Mold Breaker
|move|p1a: Melmetal|Double Iron Bash|p2a: Excadrill
|-resisted|p2a: Excadrill
|-damage|p2a: Excadrill|56/100
|-resisted|p2a: Excadrill
|-damage|p2a: Excadrill|10/100
|-hitcount|p2a: Excadrill|2
|
|upkeep
|turn|5
|
|t:|1662861575
|move|p1a: Melmetal|Double Iron Bash|p2a: Excadrill
|-resisted|p2a: Excadrill
|-damage|p2a: Excadrill|0 fnt
|faint|p2a: Excadrill
|-hitcount|p2: Excadrill|1
|
|upkeep
|l| DrakeRamoray94
|
|t:|1662861583
|switch|p2a: Rillaboom|Rillaboom, F|100/100
|-fieldstart|move: Grassy Terrain|[from] ability: Grassy Surge|[of] p2a: Rillaboom
|turn|6
|
|t:|1662861589
|switch|p2a: Zeraora|Zeraora|100/100
|move|p1a: Melmetal|Double Iron Bash|p2a: Zeraora
|-resisted|p2a: Zeraora
|-damage|p2a: Zeraora|53/100
|-resisted|p2a: Zeraora
|-damage|p2a: Zeraora|4/100
|-hitcount|p2a: Zeraora|2
|
|-heal|p1a: Melmetal|99/100|[from] Grassy Terrain
|-heal|p2a: Zeraora|10/100|[from] Grassy Terrain
|-heal|p2a: Zeraora|16/100|[from] item: Leftovers
|-fieldend|move: Trick Room
|upkeep
|turn|7
|
|t:|1662861598
|switch|p1a: Cresselia|Cresselia, F, shiny|100/100
|move|p2a: Zeraora|Blaze Kick|p1a: Cresselia
|-damage|p1a: Cresselia|88/100
|-status|p1a: Cresselia|brn
|
|-heal|p2a: Zeraora|22/100|[from] Grassy Terrain
|-heal|p2a: Zeraora|28/100|[from] item: Leftovers
|-damage|p1a: Cresselia|82/100 brn|[from] brn
|upkeep
|turn|8
|
|t:|1662861603
|move|p2a: Zeraora|Taunt|p1a: Cresselia
|-start|p1a: Cresselia|move: Taunt
|-enditem|p1a: Cresselia|Mental Herb
|-end|p1a: Cresselia|move: Taunt
|move|p1a: Cresselia|Trick Room|p1a: Cresselia
|-fieldstart|move: Trick Room|[of] p1a: Cresselia
|
|-heal|p2a: Zeraora|34/100|[from] Grassy Terrain
|-heal|p2a: Zeraora|40/100|[from] item: Leftovers
|-damage|p1a: Cresselia|76/100 brn|[from] brn
|upkeep
|turn|9
|
|t:|1662861627
|move|p1a: Cresselia|Lunar Dance|p1a: Cresselia
|faint|p1a: Cresselia
|move|p2a: Zeraora|Plasma Fists|p1: Cresselia|[notarget]
|-fail|p2a: Zeraora
|
|-heal|p2a: Zeraora|46/100|[from] Grassy Terrain
|-heal|p2a: Zeraora|52/100|[from] item: Leftovers
|upkeep
|
|t:|1662861632
|switch|p1a: Melmetal|Melmetal|99/100
|-heal|p1a: Melmetal|100/100|[from] move: Lunar Dance
|turn|10
|
|t:|1662861642
|move|p1a: Melmetal|Double Iron Bash|p2a: Zeraora
|-resisted|p2a: Zeraora
|-damage|p2a: Zeraora|5/100
|-resisted|p2a: Zeraora
|-damage|p2a: Zeraora|0 fnt
|faint|p2a: Zeraora
|-hitcount|p2: Zeraora|2
|
|-fieldend|move: Grassy Terrain
|upkeep
|
|t:|1662861650
|switch|p2a: Rillaboom|Rillaboom, F|100/100
|-fieldstart|move: Grassy Terrain|[from] ability: Grassy Surge|[of] p2a: Rillaboom
|turn|11
|
|t:|1662861658
|move|p2a: Rillaboom|Grassy Glide|p1a: Melmetal
|-resisted|p1a: Melmetal
|-damage|p1a: Melmetal|82/100
|move|p1a: Melmetal|Double Iron Bash|p2a: Rillaboom
|-damage|p2a: Rillaboom|32/100
|-damage|p2a: Rillaboom|0 fnt
|faint|p2a: Rillaboom
|-hitcount|p2: Rillaboom|2
|
|-heal|p1a: Melmetal|88/100|[from] Grassy Terrain
|upkeep
|
|t:|1662861661
|switch|p2a: Hawlucha|Hawlucha, F|100/100
|-enditem|p2a: Hawlucha|Grassy Seed
|-boost|p2a: Hawlucha|def|1|[from] item: Grassy Seed
|turn|12
|
|t:|1662861670
|move|p1a: Melmetal|Double Iron Bash|p2a: Hawlucha
|-damage|p2a: Hawlucha|33/100
|-damage|p2a: Hawlucha|0 fnt
|faint|p2a: Hawlucha
|-hitcount|p2: Hawlucha|2
|
|-heal|p1a: Melmetal|94/100|[from] Grassy Terrain
|-fieldend|move: Trick Room
|upkeep
|
|t:|1662861678
|switch|p2a: Lycanroc|Lycanroc-Dusk, M|1/100
|turn|13
|
|t:|1662861681
|switch|p1a: Hatterene|Hatterene, F, shiny|1/100
|move|p2a: Lycanroc|Endeavor|p1a: Hatterene
|-immune|p1a: Hatterene
|
|-heal|p2a: Lycanroc|7/100|[from] Grassy Terrain
|-heal|p1a: Hatterene|7/100|[from] Grassy Terrain
|upkeep
|turn|14
|
|t:|1662861691
|move|p2a: Lycanroc|Accelerock|p1a: Hatterene
|-damage|p1a: Hatterene|0 fnt
|faint|p1a: Hatterene
|
|-heal|p2a: Lycanroc|13/100|[from] Grassy Terrain
|upkeep
|
|t:|1662861694
|switch|p1a: Crawdaunt|Crawdaunt, M, shiny|100/100
|turn|15
|
|t:|1662861706
|move|p1a: Crawdaunt|Aqua Jet|p2a: Lycanroc
|-supereffective|p2a: Lycanroc
|-damage|p2a: Lycanroc|0 fnt
|faint|p2a: Lycanroc
|-damage|p1a: Crawdaunt|90/100|[from] item: Life Orb
|
|-heal|p1a: Crawdaunt|97/100|[from] Grassy Terrain
|-fieldend|move: Grassy Terrain
|upkeep
|
|t:|1662861708
|switch|p2a: Azumarill|Azumarill, M|100/100
|turn|16
|
|t:|1662861710
|move|p2a: Azumarill|Belly Drum|p2a: Azumarill
|-damage|p2a: Azumarill|50/100
|-setboost|p2a: Azumarill|atk|6|[from] move: Belly Drum
|-enditem|p2a: Azumarill|Sitrus Berry|[eat]
|-heal|p2a: Azumarill|75/100|[from] item: Sitrus Berry
|move|p1a: Crawdaunt|Knock Off|p2a: Azumarill
|-resisted|p2a: Azumarill
|-damage|p2a: Azumarill|40/100
|-damage|p1a: Crawdaunt|87/100|[from] item: Life Orb
|
|upkeep
|turn|17
|
|t:|1662861724
|move|p2a: Azumarill|Aqua Jet|p1a: Crawdaunt
|-resisted|p1a: Crawdaunt
|-damage|p1a: Crawdaunt|31/100
|move|p1a: Crawdaunt|Aqua Jet|p2a: Azumarill
|-resisted|p2a: Azumarill
|-damage|p2a: Azumarill|17/100
|-damage|p1a: Crawdaunt|21/100|[from] item: Life Orb
|
|upkeep
|turn|18
|
|t:|1662861730
|move|p2a: Azumarill|Aqua Jet|p1a: Crawdaunt
|-resisted|p1a: Crawdaunt
|-damage|p1a: Crawdaunt|0 fnt
|faint|p1a: Crawdaunt
|
|upkeep
|
|t:|1662861736
|switch|p1a: Porygon2|Porygon2, shiny|100/100
|-ability|p1a: Porygon2|Huge Power|[from] ability: Trace|[of] p2a: Azumarill
|turn|19
|
|t:|1662861741
|move|p2a: Azumarill|Knock Off|p1a: Porygon2
|-damage|p1a: Porygon2|0 fnt
|-enditem|p1a: Porygon2|Eviolite|[from] move: Knock Off|[of] p2a: Azumarill
|faint|p1a: Porygon2
|
|upkeep
|
|t:|1662861744
|switch|p1a: Melmetal|Melmetal|94/100
|turn|20
|
|t:|1662861747
|move|p2a: Azumarill|Knock Off|p1a: Melmetal
|-damage|p1a: Melmetal|5/100
|-enditem|p1a: Melmetal|Choice Band|[from] move: Knock Off|[of] p2a: Azumarill
|move|p1a: Melmetal|Double Iron Bash|p2a: Azumarill
|-damage|p2a: Azumarill|0 fnt
|faint|p2a: Azumarill
|-hitcount|p2: Azumarill|1
|
|win|dddzdddq
|raw|dddzdddq's rating: 1453 &rarr; <strong>1477</strong><br />(+24 for winning)
|raw|Kikoobuster's rating: 1527 &rarr; <strong>1503</strong><br />(-24 for losing)
|c|☆Kikoobuster|gg
||Ladder isn't responding, score probably updated but might not have (Request timeout).
