|raw|<div class="broadcast-blue"><strong>This battle is required to be public due to a player having a name starting with 'lt93oq'.</div>
|j|☆greengamer12
|j|☆LT93OQ Funk Flexx
|t:|1660609375
|gametype|singles
|player|p1|greengamer12|1|1507
|player|p2|LT93OQ Funk Flexx|hugh|1510
|teamsize|p1|6
|teamsize|p2|6
|gen|8
|tier|[Gen 8] OU
|rated|
|rule|Sleep Clause Mod: Limit one foe put to sleep
|rule|Species Clause: Limit one of each Pokémon
|rule|OHKO Clause: OHKO moves are banned
|rule|Evasion Items Clause: Evasion items are banned
|rule|Evasion Moves Clause: Evasion moves are banned
|rule|Endless Battle Clause: Forcing endless battles is banned
|rule|HP Percentage Mod: HP is shown in percentages
|rule|Dynamax Clause: You cannot dynamax
|clearpoke
|poke|p1|Clawitzer, F|
|poke|p1|Tapu Koko|
|poke|p1|Ferrothorn, M|
|poke|p1|Landorus-Therian, M|
|poke|p1|Toxapex, F|
|poke|p1|Weavile, M|
|poke|p2|Barraskewda, F|
|poke|p2|Crawdaunt, M|
|poke|p2|Ferrothorn, F|
|poke|p2|Thundurus-Therian, M|
|poke|p2|Tornadus-Therian, M|
|poke|p2|Pelipper, F|
|teampreview
|inactive|Battle timer is ON: inactive players will automatically lose when time's up. (requested by LT93OQ Funk Flexx)
|inactive|greengamer12 has 120 seconds left.
|
|t:|1660609421
|start
|switch|p1a: Tapu Koko|Tapu Koko|100/100
|switch|p2a: Pelipper|Pelipper, F|100/100
|-fieldstart|move: Electric Terrain|[from] ability: Electric Surge|[of] p1a: Tapu Koko
|-weather|RainDance|[from] ability: Drizzle|[of] p2a: Pelipper
|turn|1
|
|t:|1660609424
|switch|p2a: Ferrothorn|Ferrothorn, F|100/100
|move|p1a: Tapu Koko|U-turn|p2a: Ferrothorn
|-damage|p2a: Ferrothorn|91/100
|-damage|p1a: Tapu Koko|88/100|[from] ability: Iron Barbs|[of] p2a: Ferrothorn
|-enditem|p2a: Ferrothorn|Eject Button
|
|t:|1660609428
|switch|p2a: Barraskewda|Barraskewda, F|100/100
|
|-weather|RainDance|[upkeep]
|upkeep
|turn|2
|
|t:|1660609435
|switch|p1a: Ferrothorn|Ferrothorn, M|100/100
|move|p2a: Barraskewda|Flip Turn|p1a: Ferrothorn
|-resisted|p1a: Ferrothorn
|-damage|p1a: Ferrothorn|73/100
|-damage|p2a: Barraskewda|88/100|[from] ability: Iron Barbs|[of] p1a: Ferrothorn
|
|t:|1660609439
|switch|p2a: Thundurus|Thundurus-Therian, M|100/100|[from]move: Flip Turn
|
|-weather|RainDance|[upkeep]
|-heal|p1a: Ferrothorn|79/100|[from] item: Leftovers
|upkeep
|turn|3
|
|t:|1660609449
|switch|p1a: Toxapex|Toxapex, F|100/100
|move|p2a: Thundurus|Focus Blast|p1a: Toxapex
|-resisted|p1a: Toxapex
|-damage|p1a: Toxapex|81/100
|-enditem|p1a: Toxapex|Eject Button
|
|t:|1660609453
|switch|p1a: Weavile|Weavile, M|100/100
|-ability|p1a: Weavile|Pressure
|
|-weather|RainDance|[upkeep]
|upkeep
|turn|4
|
|t:|1660609457
|switch|p1a: Clawitzer|Clawitzer, F|100/100
|switch|p2a: Ferrothorn|Ferrothorn, F|91/100
|
|-weather|RainDance|[upkeep]
|upkeep
|turn|5
|
|t:|1660609466
|switch|p2a: Thundurus|Thundurus-Therian, M|100/100
|move|p1a: Clawitzer|Aura Sphere|p2a: Thundurus
|-resisted|p2a: Thundurus
|-damage|p2a: Thundurus|63/100
|
|-weather|RainDance|[upkeep]
|-fieldend|move: Electric Terrain
|upkeep
|turn|6
|
|t:|1660609492
|switch|p1a: Landorus|Landorus-Therian, M|100/100
|-ability|p1a: Landorus|Intimidate|boost
|-unboost|p2a: Thundurus|atk|1
|move|p2a: Thundurus|Thunder|p1a: Landorus
|-immune|p1a: Landorus
|
|-weather|RainDance|[upkeep]
|upkeep
|turn|7
|
|t:|1660609505
|switch|p1a: Toxapex|Toxapex, F|100/100
|move|p2a: Thundurus|Nasty Plot|p2a: Thundurus
|-boost|p2a: Thundurus|spa|2
|
|-weather|RainDance|[upkeep]
|upkeep
|turn|8
|
|t:|1660609512
|switch|p1a: Landorus|Landorus-Therian, M|100/100
|-ability|p1a: Landorus|Intimidate|boost
|-unboost|p2a: Thundurus|atk|1
|move|p2a: Thundurus|Thunder|p1a: Landorus
|-immune|p1a: Landorus
|
|-weather|none
|upkeep
|turn|9
|
|t:|1660609524
|switch|p2a: Pelipper|Pelipper, F|100/100
|-weather|RainDance|[from] ability: Drizzle|[of] p2a: Pelipper
|move|p1a: Landorus|U-turn|p2a: Pelipper
|-resisted|p2a: Pelipper
|-damage|p2a: Pelipper|91/100
|
|t:|1660609526
|switch|p1a: Tapu Koko|Tapu Koko|88/100|[from]move: U-turn
|-fieldstart|move: Electric Terrain|[from] ability: Electric Surge|[of] p1a: Tapu Koko
|
|-weather|RainDance|[upkeep]
|upkeep
|turn|10
|
|t:|1660609531
|switch|p2a: Thundurus|Thundurus-Therian, M|63/100
|move|p1a: Tapu Koko|U-turn|p2a: Thundurus
|-resisted|p2a: Thundurus
|-damage|p2a: Thundurus|50/100
|
|t:|1660609535
|switch|p1a: Weavile|Weavile, M|100/100|[from]move: U-turn
|-ability|p1a: Weavile|Pressure
|
|-weather|RainDance|[upkeep]
|upkeep
|turn|11
|
|t:|1660609541
|switch|p2a: Ferrothorn|Ferrothorn, F|91/100
|move|p1a: Weavile|Triple Axel|p2a: Ferrothorn
|-damage|p2a: Ferrothorn|84/100
|-damage|p1a: Weavile|88/100|[from] ability: Iron Barbs|[of] p2a: Ferrothorn
|-damage|p2a: Ferrothorn|73/100
|-damage|p1a: Weavile|76/100|[from] ability: Iron Barbs|[of] p2a: Ferrothorn
|-damage|p2a: Ferrothorn|56/100
|-damage|p1a: Weavile|63/100|[from] ability: Iron Barbs|[of] p2a: Ferrothorn
|-hitcount|p2a: Ferrothorn|3
|
|-weather|RainDance|[upkeep]
|upkeep
|turn|12
|
|t:|1660609550
|switch|p1a: Ferrothorn|Ferrothorn, M|79/100
|move|p2a: Ferrothorn|Stealth Rock|p1a: Ferrothorn
|-sidestart|p1: greengamer12|move: Stealth Rock
|
|-weather|RainDance|[upkeep]
|-heal|p1a: Ferrothorn|86/100|[from] item: Leftovers
|upkeep
|turn|13
|
|t:|1660609555
|move|p2a: Ferrothorn|Knock Off|p1a: Ferrothorn
|-damage|p1a: Ferrothorn|70/100
|-damage|p2a: Ferrothorn|44/100|[from] ability: Iron Barbs|[of] p1a: Ferrothorn
|-enditem|p1a: Ferrothorn|Leftovers|[from] move: Knock Off|[of] p2a: Ferrothorn
|move|p1a: Ferrothorn|Stealth Rock|p2a: Ferrothorn
|-sidestart|p2: LT93OQ Funk Flexx|move: Stealth Rock
|
|-weather|RainDance|[upkeep]
|-fieldend|move: Electric Terrain
|upkeep
|turn|14
|
|t:|1660609562
|switch|p1a: Clawitzer|Clawitzer, F|100/100
|-damage|p1a: Clawitzer|88/100|[from] Stealth Rock
|move|p2a: Ferrothorn|Spikes|p1a: Clawitzer
|-sidestart|p1: greengamer12|Spikes
|
|-weather|RainDance|[upkeep]
|upkeep
|turn|15
|
|t:|1660609568
|move|p1a: Clawitzer|Aura Sphere|p2a: Ferrothorn
|-supereffective|p2a: Ferrothorn
|-damage|p2a: Ferrothorn|0 fnt
|faint|p2a: Ferrothorn
|
|-weather|RainDance|[upkeep]
|upkeep
|
|t:|1660609571
|switch|p2a: Thundurus|Thundurus-Therian, M|50/100
|turn|16
|
|t:|1660609576
|move|p2a: Thundurus|Weather Ball|p1a: Clawitzer
|-resisted|p1a: Clawitzer
|-damage|p1a: Clawitzer|54/100
|move|p1a: Clawitzer|Aura Sphere|p2a: Thundurus
|-resisted|p2a: Thundurus
|-damage|p2a: Thundurus|12/100
|
|-weather|none
|upkeep
|turn|17
|
|t:|1660609583
|switch|p2a: Barraskewda|Barraskewda, F|88/100
|-damage|p2a: Barraskewda|76/100|[from] Stealth Rock
|move|p1a: Clawitzer|Aura Sphere|p2a: Barraskewda
|-damage|p2a: Barraskewda|0 fnt
|faint|p2a: Barraskewda
|
|upkeep
|-message|LT93OQ Funk Flexx forfeited.
|
|win|greengamer12
|raw|greengamer12's rating: 1507 &rarr; <strong>1527</strong><br />(+20 for winning)
|raw|LT93OQ Funk Flexx's rating: 1510 &rarr; <strong>1490</strong><br />(-20 for losing)
|l|☆LT93OQ Funk Flexx
||Ladder isn't responding, score probably updated but might not have (Request timeout).
