|j|☆Mickey m
|j|☆OverdoseSymphonies
|t:|1608575510
|player|p1|Mickey m|hilbert-dueldisk|1434
|player|p2|OverdoseSymphonies|caitlin|1482
|teamsize|p1|6
|teamsize|p2|6
|gametype|singles
|gen|8
|tier|[Gen 8] OU
|rated|
|clearpoke
|poke|p1|Dragonite, M|
|poke|p1|Zapdos|
|poke|p1|Urshifu-*, F|
|poke|p1|Cinderace, F|
|poke|p1|Garchomp, M|
|poke|p1|Dragapult, M|
|poke|p2|Cinderace, M|
|poke|p2|Urshifu-*, M|
|poke|p2|Landorus-Therian, M|
|poke|p2|Tapu Fini|
|poke|p2|Magearna|
|poke|p2|Kartana|
|rule|Sleep Clause Mod: Limit one foe put to sleep
|rule|Species Clause: Limit one of each Pokémon
|rule|OHKO Clause: OHKO moves are banned
|rule|Evasion Moves Clause: Evasion moves are banned
|rule|Endless Battle Clause: Forcing endless battles is banned
|rule|HP Percentage Mod: HP is shown in percentages
|rule|Dynamax Clause: You cannot dynamax
|teampreview
|inactive|Battle timer is ON: inactive players will automatically lose when time's up. (requested by Mickey m)
|
|t:|1608575515
|start
|switch|p1a: Garchomp|Garchomp, M|100/100
|switch|p2a: Tapu Fini|Tapu Fini|100/100
|-fieldstart|move: Misty Terrain|[from] ability: Misty Surge|[of] p2a: Tapu Fini
|turn|1
|
|t:|1608575521
|move|p2a: Tapu Fini|Moonblast|p1a: Garchomp
|-supereffective|p1a: Garchomp
|-damage|p1a: Garchomp|6/100
|-unboost|p1a: Garchomp|spa|1
|move|p1a: Garchomp|Stealth Rock|p2a: Tapu Fini
|-sidestart|p2: OverdoseSymphonies|move: Stealth Rock
|
|upkeep
|turn|2
|
|t:|1608575530
|move|p2a: Tapu Fini|Moonblast|p1a: Garchomp
|-supereffective|p1a: Garchomp
|-damage|p1a: Garchomp|0 fnt
|faint|p1a: Garchomp
|
|upkeep
|
|t:|1608575540
|switch|p1a: Zapdos|Zapdos|100/100
|turn|3
|
|t:|1608575555
|move|p2a: Tapu Fini|Moonblast|p1a: Zapdos
|-damage|p1a: Zapdos|59/100
|move|p1a: Zapdos|Heat Wave|p2a: Tapu Fini
|-resisted|p2a: Tapu Fini
|-damage|p2a: Tapu Fini|85/100
|
|upkeep
|turn|4
|
|t:|1608575563
|switch|p2a: Landorus|Landorus-Therian, M|100/100
|-damage|p2a: Landorus|88/100|[from] Stealth Rock
|-ability|p2a: Landorus|Intimidate|boost
|-unboost|p1a: Zapdos|atk|1
|move|p1a: Zapdos|Roost|p1a: Zapdos
|-heal|p1a: Zapdos|100/100
|-singleturn|p1a: Zapdos|move: Roost
|
|upkeep
|turn|5
|
|t:|1608575585
|move|p2a: Landorus|Stealth Rock|p1a: Zapdos
|-sidestart|p1: Mickey m|move: Stealth Rock
|move|p1a: Zapdos|Heat Wave|p2a: Landorus|[miss]
|-miss|p1a: Zapdos|p2a: Landorus
|
|-fieldend|Misty Terrain
|upkeep
|turn|6
|
|t:|1608575593
|move|p2a: Landorus|Swords Dance|p2a: Landorus
|-boost|p2a: Landorus|atk|2
|move|p1a: Zapdos|Defog|p2a: Landorus
|-unboost|p2a: Landorus|evasion|1
|-sideend|p2: OverdoseSymphonies|Stealth Rock|[from] move: Defog|[of] p1a: Zapdos
|-sideend|p1: Mickey m|Stealth Rock|[from] move: Defog|[of] p1a: Zapdos
|
|upkeep
|turn|7
|
|t:|1608575599
|move|p2a: Landorus|Stealth Rock|p1a: Zapdos
|-sidestart|p1: Mickey m|move: Stealth Rock
|move|p1a: Zapdos|Heat Wave|p2a: Landorus
|-damage|p2a: Landorus|42/100
|
|upkeep
|turn|8
|
|t:|1608575605
|move|p2a: Landorus|Explosion|p1a: Zapdos
|-damage|p1a: Zapdos|0 fnt
|faint|p2a: Landorus
|faint|p1a: Zapdos
|
|upkeep
|
|t:|1608575616
|switch|p2a: Tapu Fini|Tapu Fini|85/100
|switch|p1a: Dragonite|Dragonite, M|100/100
|-fieldstart|move: Misty Terrain|[from] ability: Misty Surge|[of] p2a: Tapu Fini
|-damage|p1a: Dragonite|76/100|[from] Stealth Rock
|turn|9
|
|t:|1608575625
|move|p1a: Dragonite|Extreme Speed|p2a: Tapu Fini
|-crit|p2a: Tapu Fini
|-damage|p2a: Tapu Fini|33/100
|move|p2a: Tapu Fini|Moonblast|p1a: Dragonite
|-supereffective|p1a: Dragonite
|-damage|p1a: Dragonite|0 fnt
|faint|p1a: Dragonite
|
|upkeep
|
|t:|1608575638
|switch|p1a: Cinderace|Cinderace, F|100/100
|-damage|p1a: Cinderace|76/100|[from] Stealth Rock
|turn|10
|
|t:|1608575657
|switch|p2a: Kartana|Kartana|100/100
|move|p1a: Cinderace|Pyro Ball|p2a: Kartana
|-supereffective|p2a: Kartana
|-damage|p2a: Kartana|0 fnt
|-damage|p1a: Cinderace|66/100|[from] item: Life Orb
|faint|p2a: Kartana
|
|upkeep
|
|t:|1608575673
|switch|p2a: Tapu Fini|Tapu Fini|33/100
|turn|11
|
|t:|1608575685
|switch|p1a: Dragapult|Dragapult, M|100/100
|-damage|p1a: Dragapult|88/100|[from] Stealth Rock
|move|p2a: Tapu Fini|Moonblast|p1a: Dragapult
|-supereffective|p1a: Dragapult
|-damage|p1a: Dragapult|0 fnt
|faint|p1a: Dragapult
|
|upkeep
|
|t:|1608575693
|switch|p1a: Cinderace|Cinderace, F|66/100
|-damage|p1a: Cinderace|41/100|[from] Stealth Rock
|turn|12
|
|t:|1608575716
|switch|p2a: Magearna|Magearna|100/100
|move|p1a: Cinderace|Pyro Ball|p2a: Magearna
|-supereffective|p2a: Magearna
|-damage|p2a: Magearna|0 fnt
|-damage|p1a: Cinderace|31/100|[from] item: Life Orb
|faint|p2a: Magearna
|
|upkeep
|
|t:|1608575720
|switch|p2a: Tapu Fini|Tapu Fini|33/100
|turn|13
|inactive|Mickey m has 120 seconds left.
|inactive|Mickey m has 90 seconds left.
|
|t:|1608575784
|move|p2a: Tapu Fini|Moonblast|p1a: Cinderace
|-resisted|p1a: Cinderace
|-damage|p1a: Cinderace|0 fnt
|faint|p1a: Cinderace
|
|-fieldend|Misty Terrain
|upkeep
|inactive|Mickey m has 90 seconds left.
|
|t:|1608575791
|switch|p1a: Urshifu|Urshifu, F|100/100
|-damage|p1a: Urshifu|94/100|[from] Stealth Rock
|turn|14
|-message|Mickey m forfeited.
|
|win|OverdoseSymphonies
|l|☆Mickey m
|c|☆OverdoseSymphonies|gg
