|j|☆Wyketaure2
|j|☆Huskothy
|t:|1665487046
|gametype|singles
|player|p1|Wyketaure2|170|1527
|player|p2|Huskothy|lucas|1751
|teamsize|p1|6
|teamsize|p2|6
|gen|8
|tier|[Gen 8] OU
|rated|
|rule|Sleep Clause Mod: Limit one foe put to sleep
|rule|Species Clause: Limit one of each Pokémon
|rule|OHKO Clause: OHKO moves are banned
|rule|Evasion Items Clause: Evasion items are banned
|rule|Evasion Moves Clause: Evasion moves are banned
|rule|Endless Battle Clause: Forcing endless battles is banned
|rule|HP Percentage Mod: HP is shown in percentages
|rule|Dynamax Clause: You cannot dynamax
|clearpoke
|poke|p1|Nidoking, M|
|poke|p1|Hydreigon, F|
|poke|p1|Melmetal|
|poke|p1|Volcarona, M|
|poke|p1|Urshifu-*, M|
|poke|p1|Dragapult, F|
|poke|p2|Regidrago|
|poke|p2|Nidoking, M|
|poke|p2|Urshifu-*, M|
|poke|p2|Landorus-Therian, M|
|poke|p2|Melmetal|
|poke|p2|Dragapult, F|
|teampreview
|
|t:|1665487062
|start
|switch|p1a: Dragapult|Dragapult, F|100/100
|switch|p2a: Georgiethefirst|Urshifu-Rapid-Strike, M|100/100
|turn|1
|
|t:|1665487067
|switch|p2a: Mimi|Melmetal|100/100
|move|p1a: Dragapult|Draco Meteor|p2a: Mimi
|-resisted|p2a: Mimi
|-damage|p2a: Mimi|74/100
|-unboost|p1a: Dragapult|spa|2
|
|upkeep
|turn|2
|j| Kyurem
|
|t:|1665487080
|switch|p1a: Melmetal|Melmetal|100/100
|move|p2a: Mimi|Earthquake|p1a: Melmetal
|-supereffective|p1a: Melmetal
|-damage|p1a: Melmetal|59/100
|
|upkeep
|turn|3
|
|t:|1665487095
|switch|p1a: Hydreigon|Hydreigon, F|100/100
|switch|p2a: Vertex|Landorus-Therian, M|100/100
|-ability|p2a: Vertex|Intimidate|boost
|-unboost|p1a: Hydreigon|atk|1
|
|upkeep
|turn|4
|
|t:|1665487098
|move|p1a: Hydreigon|Draco Meteor|p2a: Vertex
|-damage|p2a: Vertex|52/100
|-unboost|p1a: Hydreigon|spa|2
|move|p2a: Vertex|U-turn|p1a: Hydreigon
|-supereffective|p1a: Hydreigon
|-damage|p1a: Hydreigon|53/100
|
|t:|1665487109
|switch|p2a: Georgiethefirst|Urshifu-Rapid-Strike, M|100/100|[from]move: U-turn
|
|upkeep
|turn|5
|
|t:|1665487114
|switch|p1a: Dragapult|Dragapult, F|100/100
|move|p2a: Georgiethefirst|U-turn|p1a: Dragapult
|-resisted|p1a: Dragapult
|-damage|p1a: Dragapult|84/100
|
|t:|1665487118
|switch|p2a: Mimi|Melmetal|74/100|[from]move: U-turn
|
|upkeep
|turn|6
|
|t:|1665487127
|move|p1a: Dragapult|Fire Blast|p2a: Mimi
|-supereffective|p2a: Mimi
|-damage|p2a: Mimi|16/100
|move|p2a: Mimi|Double Iron Bash|p1a: Dragapult
|-damage|p1a: Dragapult|24/100
|-damage|p1a: Dragapult|0 fnt
|faint|p1a: Dragapult
|-hitcount|p1: Dragapult|2
|
|upkeep
|
|t:|1665487136
|switch|p1a: Urshifu|Urshifu-Rapid-Strike, M|100/100
|turn|7
|
|t:|1665487140
|move|p1a: Urshifu|Surging Strikes|p2a: Mimi
|-crit|p2a: Mimi
|-damage|p2a: Mimi|0 fnt
|faint|p2a: Mimi
|-hitcount|p2: Mimi|1
|
|upkeep
|
|t:|1665487144
|switch|p2a: GOAT|Regidrago|100/100
|turn|8
|
|t:|1665487148
|switch|p1a: Melmetal|Melmetal|59/100
|move|p2a: GOAT|Dragon Pulse|p1a: Melmetal
|-resisted|p1a: Melmetal
|-damage|p1a: Melmetal|6/100
|
|upkeep
|turn|9
|
|t:|1665487151
|move|p2a: GOAT|Dragon Pulse|p1a: Melmetal
|-resisted|p1a: Melmetal
|-damage|p1a: Melmetal|0 fnt
|faint|p1a: Melmetal
|
|upkeep
|
|t:|1665487153
|switch|p1a: Hydreigon|Hydreigon, F|53/100
|turn|10
|
|t:|1665487156
|switch|p2a: Phoenix Wright|Nidoking, M|100/100
|move|p1a: Hydreigon|Draco Meteor|p2a: Phoenix Wright
|-damage|p2a: Phoenix Wright|5/100
|-unboost|p1a: Hydreigon|spa|2
|
|upkeep
|turn|11
|
|t:|1665487162
|switch|p2a: Vertex|Landorus-Therian, M|52/100
|-ability|p2a: Vertex|Intimidate|boost
|-unboost|p1a: Hydreigon|atk|1
|move|p1a: Hydreigon|Draco Meteor|p2a: Vertex
|-damage|p2a: Vertex|29/100
|-unboost|p1a: Hydreigon|spa|2
|
|-heal|p2a: Vertex|35/100|[from] item: Leftovers
|upkeep
|turn|12
|
|t:|1665487174
|switch|p1a: Urshifu|Urshifu-Rapid-Strike, M|100/100
|move|p2a: Vertex|U-turn|p1a: Urshifu
|-resisted|p1a: Urshifu
|-damage|p1a: Urshifu|89/100
|
|t:|1665487182
|switch|p2a: Dragapult|Dragapult, F|100/100|[from]move: U-turn
|
|upkeep
|turn|13
|
|t:|1665487186
|move|p2a: Dragapult|Shadow Ball|p1a: Urshifu
|-damage|p1a: Urshifu|0 fnt
|faint|p1a: Urshifu
|
|upkeep
|
|t:|1665487189
|switch|p1a: Hydreigon|Hydreigon, F|53/100
|turn|14
|
|t:|1665487191
|switch|p2a: Phoenix Wright|Nidoking, M|5/100
|move|p1a: Hydreigon|Draco Meteor|p2a: Phoenix Wright
|-damage|p2a: Phoenix Wright|0 fnt
|-unboost|p1a: Hydreigon|spa|2
|faint|p2a: Phoenix Wright
|
|upkeep
|
|t:|1665487195
|switch|p2a: Vertex|Landorus-Therian, M|35/100
|-ability|p2a: Vertex|Intimidate|boost
|-unboost|p1a: Hydreigon|atk|1
|turn|15
|
|t:|1665487199
|move|p1a: Hydreigon|Draco Meteor|p2a: Vertex
|-damage|p2a: Vertex|11/100
|-unboost|p1a: Hydreigon|spa|2
|move|p2a: Vertex|U-turn|p1a: Hydreigon
|-supereffective|p1a: Hydreigon
|-damage|p1a: Hydreigon|2/100
|
|t:|1665487203
|switch|p2a: Georgiethefirst|Urshifu-Rapid-Strike, M|100/100|[from]move: U-turn
|
|upkeep
|turn|16
|
|t:|1665487205
|move|p1a: Hydreigon|Draco Meteor|p2a: Georgiethefirst
|-damage|p2a: Georgiethefirst|69/100
|-unboost|p1a: Hydreigon|spa|2
|move|p2a: Georgiethefirst|Surging Strikes|p1a: Hydreigon
|-resisted|p1a: Hydreigon
|-crit|p1a: Hydreigon
|-damage|p1a: Hydreigon|0 fnt
|faint|p1a: Hydreigon
|-hitcount|p1: Hydreigon|1
|
|upkeep
|
|t:|1665487207
|switch|p1a: Nidoking|Nidoking, M|100/100
|turn|17
|
|t:|1665487213
|move|p2a: Georgiethefirst|Surging Strikes|p1a: Nidoking
|-supereffective|p1a: Nidoking
|-crit|p1a: Nidoking
|-damage|p1a: Nidoking|44/100
|-supereffective|p1a: Nidoking
|-crit|p1a: Nidoking
|-damage|p1a: Nidoking|0 fnt
|faint|p1a: Nidoking
|-hitcount|p1: Nidoking|2
|
|upkeep
|
|t:|1665487215
|switch|p1a: Volcarona|Volcarona, M|100/100
|turn|18
|
|t:|1665487217
|move|p2a: Georgiethefirst|Surging Strikes|p1a: Volcarona
|-supereffective|p1a: Volcarona
|-crit|p1a: Volcarona
|-damage|p1a: Volcarona|36/100
|-supereffective|p1a: Volcarona
|-crit|p1a: Volcarona
|-damage|p1a: Volcarona|0 fnt
|-status|p2a: Georgiethefirst|brn|[from] ability: Flame Body|[of] p1a: Volcarona
|faint|p1a: Volcarona
|-hitcount|p1: Volcarona|2
|
|win|Huskothy
|raw|Wyketaure2's rating: 1527 &rarr; <strong>1518</strong><br />(-9 for losing)
|raw|Huskothy's rating: 1751 &rarr; <strong>1760</strong><br />(+9 for winning)
|l|☆Wyketaure2
|c|☆Huskothy|gg
||Ladder isn't responding, score probably updated but might not have (Request timeout).
