|raw|<div class="broadcast-blue"><strong>This battle is required to be public due to a player having a name starting with 'LT73IU'.</div>
|j|☆ezwz
|j|☆LT73IU True Love
|t:|1598460028
|player|p1|ezwz|youngster-gen4|1898
|player|p2|LT73IU True Love|silver-gen2|1913
|teamsize|p1|6
|teamsize|p2|6
|gametype|singles
|gen|8
|tier|[Gen 8] OU
|rated|
|clearpoke
|poke|p1|Excadrill, F|
|poke|p1|Ferrothorn, F|
|poke|p1|Volcarona, M|
|poke|p1|Primarina, M|
|poke|p1|Clefable, F|
|poke|p1|Hydreigon, M|
|poke|p2|Hatterene, F|
|poke|p2|Blissey, F|
|poke|p2|Stunfisk, F|
|poke|p2|Toxapex, M|
|poke|p2|Corviknight, M|
|poke|p2|Ditto|
|rule|Sleep Clause Mod: Limit one foe put to sleep
|rule|Species Clause: Limit one of each Pokémon
|rule|OHKO Clause: OHKO moves are banned
|rule|Evasion Moves Clause: Evasion moves are banned
|rule|Endless Battle Clause: Forcing endless battles is banned
|rule|HP Percentage Mod: HP is shown in percentages
|rule|Dynamax Clause: You cannot dynamax
|teampreview
|c|☆LT73IU True Love|Good luck & have fun.
|j| large owl
|c|☆ezwz|yeye
|
|t:|1598460052
|start
|switch|p1a: Hydreigon|Hydreigon, M|100/100
|switch|p2a: Toxapex|Toxapex, M|100/100
|turn|1
|inactive|Battle timer is ON: inactive players will automatically lose when time's up. (requested by LT73IU True Love)
|
|t:|1598460058
|switch|p1a: Ferrothorn|Ferrothorn, F|100/100
|switch|p2a: Blissey|Blissey, F|100/100
|
|upkeep
|turn|2
|j| LT73IU HAXX
|
|t:|1598460061
|switch|p2a: Toxapex|Toxapex, M|100/100
|move|p1a: Ferrothorn|Knock Off|p2a: Toxapex
|-damage|p2a: Toxapex|87/100
|-damage|p1a: Ferrothorn|84/100|[from] item: Rocky Helmet|[of] p2a: Toxapex
|-enditem|p2a: Toxapex|Rocky Helmet|[from] move: Knock Off|[of] p1a: Ferrothorn
|
|-heal|p1a: Ferrothorn|90/100|[from] item: Leftovers
|upkeep
|turn|3
|
|t:|1598460067
|move|p2a: Toxapex|Knock Off|p1a: Ferrothorn
|-damage|p1a: Ferrothorn|83/100
|-damage|p2a: Toxapex|75/100|[from] ability: Iron Barbs|[of] p1a: Ferrothorn
|-enditem|p1a: Ferrothorn|Leftovers|[from] move: Knock Off|[of] p2a: Toxapex
|move|p1a: Ferrothorn|Leech Seed|p2a: Toxapex
|-start|p2a: Toxapex|move: Leech Seed
|
|-damage|p2a: Toxapex|62/100|[from] Leech Seed|[of] p1a: Ferrothorn
|-heal|p1a: Ferrothorn|93/100|[silent]
|upkeep
|turn|4
|j| egalvanc
|
|t:|1598460072
|switch|p2a: Hatterene|Hatterene, F|100/100
|move|p1a: Ferrothorn|Knock Off|p2a: Hatterene
|-damage|p2a: Hatterene|81/100
|-enditem|p2a: Hatterene|Leftovers|[from] move: Knock Off|[of] p1a: Ferrothorn
|
|upkeep
|turn|5
|j| HLT1B TUCUNANA
|
|t:|1598460078
|switch|p1a: Excadrill|Excadrill, F|100/100
|-ability|p1a: Excadrill|Mold Breaker
|move|p2a: Hatterene|Draining Kiss|p1a: Excadrill
|-resisted|p1a: Excadrill
|-damage|p1a: Excadrill|90/100
|-heal|p2a: Hatterene|90/100|[from] drain|[of] p1a: Excadrill
|
|-heal|p1a: Excadrill|96/100|[from] item: Leftovers
|upkeep
|turn|6
|j| GTOsprey
|
|t:|1598460081
|switch|p2a: Corviknight|Corviknight, M|100/100
|-ability|p2a: Corviknight|Pressure
|move|p1a: Excadrill|Stealth Rock|p2a: Corviknight
|-sidestart|p2: LT73IU True Love|move: Stealth Rock
|
|-heal|p1a: Excadrill|100/100|[from] item: Leftovers
|upkeep
|turn|7
|
|t:|1598460089
|switch|p1a: Hydreigon|Hydreigon, M|100/100
|move|p2a: Corviknight|Defog|p1a: Hydreigon
|-unboost|p1a: Hydreigon|evasion|1
|-sideend|p2: LT73IU True Love|Stealth Rock|[from] move: Defog|[of] p2a: Corviknight
|
|upkeep
|turn|8
|
|t:|1598460093
|switch|p2a: Stunfisk|Stunfisk, F|100/100
|move|p1a: Hydreigon|Nasty Plot|p1a: Hydreigon
|-boost|p1a: Hydreigon|spa|2
|
|upkeep
|turn|9
|j| Wiimicks
|
|t:|1598460096
|switch|p2a: Blissey|Blissey, F|100/100
|move|p1a: Hydreigon|Draco Meteor|p2a: Blissey|[miss]
|-miss|p1a: Hydreigon|p2a: Blissey
|
|upkeep
|turn|10
|
|t:|1598460102
|move|p1a: Hydreigon|Nasty Plot|p1a: Hydreigon
|-boost|p1a: Hydreigon|spa|2
|move|p2a: Blissey|Toxic|p1a: Hydreigon
|-status|p1a: Hydreigon|tox
|
|-damage|p1a: Hydreigon|94/100 tox|[from] psn
|upkeep
|turn|11
|
|t:|1598460109
|move|p1a: Hydreigon|Nasty Plot|p1a: Hydreigon
|-boost|p1a: Hydreigon|spa|2
|move|p2a: Blissey|Teleport|p2a: Blissey
|
|t:|1598460111
|switch|p2a: Ditto|Ditto|100/100|[from]move: Teleport
|-transform|p2a: Ditto|p1a: Hydreigon|[from] ability: Imposter
|
|-damage|p1a: Hydreigon|82/100 tox|[from] psn
|upkeep
|turn|12
|j| pokeaimfan96
|j| reje
|inactive|LT73IU True Love has 120 seconds left.
|j| Livio ElTito
|
|t:|1598460151
|move|p2a: Ditto|Flash Cannon|p1a: Hydreigon
|-damage|p1a: Hydreigon|0 fnt
|faint|p1a: Hydreigon
|
|upkeep
|j| Eepsilon
|
|t:|1598460164
|switch|p1a: Volcarona|Volcarona, M|100/100
|turn|13
|inactive|LT73IU True Love has 120 seconds left.
|j| laevin ㋛
|l| GTOsprey
|j| LT73IU dTM
|
|t:|1598460188
|switch|p2a: Blissey|Blissey, F|100/100
|move|p1a: Volcarona|Quiver Dance|p1a: Volcarona
|-boost|p1a: Volcarona|spa|1
|-boost|p1a: Volcarona|spd|1
|-boost|p1a: Volcarona|spe|1
|
|upkeep
|turn|14
|j| PokeKiller44
|j| isheavydead
|j| I'm at my LIMIT!
|j| IAmPupper
|
|t:|1598460195
|switch|p1a: Excadrill|Excadrill, F|100/100
|-ability|p1a: Excadrill|Mold Breaker
|move|p2a: Blissey|Seismic Toss|p1a: Excadrill
|-damage|p1a: Excadrill|73/100
|
|-heal|p1a: Excadrill|79/100|[from] item: Leftovers
|upkeep
|turn|15
|
|t:|1598460197
|switch|p2a: Corviknight|Corviknight, M|100/100
|-ability|p2a: Corviknight|Pressure
|move|p1a: Excadrill|Stealth Rock|p2a: Corviknight
|-sidestart|p2: LT73IU True Love|move: Stealth Rock
|
|-heal|p1a: Excadrill|85/100|[from] item: Leftovers
|upkeep
|turn|16
|j| Jorge28055
|j| hjgfdzsfghs
|
|t:|1598460199
|switch|p1a: Primarina|Primarina, M|100/100
|move|p2a: Corviknight|Defog|p1a: Primarina
|-unboost|p1a: Primarina|evasion|1
|-sideend|p2: LT73IU True Love|Stealth Rock|[from] move: Defog|[of] p2a: Corviknight
|
|upkeep
|turn|17
|j| JuztJcBTW
|
|t:|1598460203
|switch|p2a: Blissey|Blissey, F|100/100
|move|p1a: Primarina|Calm Mind|p1a: Primarina
|-boost|p1a: Primarina|spa|1
|-boost|p1a: Primarina|spd|1
|
|upkeep
|turn|18
|c| I'm at my LIMIT!|Stunfisk hot
|
|t:|1598460206
|move|p1a: Primarina|Substitute|p1a: Primarina
|-start|p1a: Primarina|Substitute
|-damage|p1a: Primarina|75/100
|move|p2a: Blissey|Seismic Toss|p1a: Primarina
|-end|p1a: Primarina|Substitute
|
|-heal|p1a: Primarina|82/100|[from] item: Leftovers
|upkeep
|turn|19
|l| PokeKiller44
|
|t:|1598460209
|move|p1a: Primarina|Calm Mind|p1a: Primarina
|-boost|p1a: Primarina|spa|1
|-boost|p1a: Primarina|spd|1
|move|p2a: Blissey|Seismic Toss|p1a: Primarina
|-damage|p1a: Primarina|54/100
|
|-heal|p1a: Primarina|60/100|[from] item: Leftovers
|upkeep
|turn|20
|j| LT73IU Cora
|
|t:|1598460213
|move|p1a: Primarina|Draining Kiss|p2a: Blissey
|-damage|p2a: Blissey|83/100
|-heal|p1a: Primarina|85/100|[from] drain|[of] p2a: Blissey
|move|p2a: Blissey|Seismic Toss|p1a: Primarina
|-damage|p1a: Primarina|58/100
|
|-heal|p1a: Primarina|64/100|[from] item: Leftovers
|upkeep
|turn|21
|l| LT73IU HAXX
|
|t:|1598460216
|move|p1a: Primarina|Substitute|p1a: Primarina
|-start|p1a: Primarina|Substitute
|-damage|p1a: Primarina|39/100
|move|p2a: Blissey|Toxic||[still]
|-fail|p2a: Blissey
|
|-heal|p1a: Primarina|45/100|[from] item: Leftovers
|upkeep
|turn|22
|j| htcl
|j| datshinylatios
|
|t:|1598460220
|move|p1a: Primarina|Scald|p2a: Blissey
|-damage|p2a: Blissey|58/100
|move|p2a: Blissey|Seismic Toss|p1a: Primarina
|-end|p1a: Primarina|Substitute
|
|-heal|p1a: Primarina|51/100|[from] item: Leftovers
|upkeep
|turn|23
|j| Armageddonsspike
|l| htcl
|
|t:|1598460223
|move|p1a: Primarina|Calm Mind|p1a: Primarina
|-boost|p1a: Primarina|spa|1
|-boost|p1a: Primarina|spd|1
|move|p2a: Blissey|Soft-Boiled|p2a: Blissey
|-heal|p2a: Blissey|100/100
|
|-heal|p1a: Primarina|57/100|[from] item: Leftovers
|upkeep
|turn|24
|
|t:|1598460226
|move|p1a: Primarina|Substitute|p1a: Primarina
|-start|p1a: Primarina|Substitute
|-damage|p1a: Primarina|32/100
|move|p2a: Blissey|Seismic Toss|p1a: Primarina
|-end|p1a: Primarina|Substitute
|
|-heal|p1a: Primarina|38/100|[from] item: Leftovers
|upkeep
|turn|25
|l| Wiimicks
|
|t:|1598460229
|move|p1a: Primarina|Draining Kiss|p2a: Blissey
|-damage|p2a: Blissey|78/100
|-heal|p1a: Primarina|70/100|[from] drain|[of] p2a: Blissey
|move|p2a: Blissey|Seismic Toss|p1a: Primarina
|-damage|p1a: Primarina|43/100
|
|-heal|p1a: Primarina|49/100|[from] item: Leftovers
|upkeep
|turn|26
|c| JuztJcBTW|gotteem
|
|t:|1598460232
|move|p1a: Primarina|Substitute|p1a: Primarina
|-start|p1a: Primarina|Substitute
|-damage|p1a: Primarina|24/100
|move|p2a: Blissey|Seismic Toss|p1a: Primarina
|-end|p1a: Primarina|Substitute
|
|-heal|p1a: Primarina|30/100|[from] item: Leftovers
|upkeep
|turn|27
|c| IAmPupper|clean sub
|
|t:|1598460236
|move|p1a: Primarina|Substitute|p1a: Primarina
|-start|p1a: Primarina|Substitute
|-damage|p1a: Primarina|5/100
|move|p2a: Blissey|Toxic||[still]
|-fail|p2a: Blissey
|
|-heal|p1a: Primarina|11/100|[from] item: Leftovers
|upkeep
|turn|28
|
|t:|1598460239
|move|p1a: Primarina|Scald|p2a: Blissey
|-damage|p2a: Blissey|25/100
|-status|p2a: Blissey|brn
|move|p2a: Blissey|Seismic Toss|p1a: Primarina
|-end|p1a: Primarina|Substitute
|
|-heal|p1a: Primarina|17/100|[from] item: Leftovers
|-damage|p2a: Blissey|19/100 brn|[from] brn
|upkeep
|turn|29
|c| isheavydead|LOL
|c| IAmPupper|This primarina goin crazy
|c| laevin ㋛|that obliterated
|c| isheavydead|watch it die to ditto
|
|t:|1598460260
|switch|p2a: Ditto|Ditto|100/100
|-transform|p2a: Ditto|p1a: Primarina|[from] ability: Imposter
|move|p1a: Primarina|Draining Kiss|p2a: Ditto
|-damage|p2a: Ditto|76/100
|-heal|p1a: Primarina|32/100|[from] drain|[of] p2a: Ditto
|
|-heal|p1a: Primarina|38/100|[from] item: Leftovers
|upkeep
|turn|30
|c| JuztJcBTW|oh god
|c| I'm at my LIMIT!|Ditto dummy head
|
|t:|1598460264
|switch|p1a: Ferrothorn|Ferrothorn, F|93/100
|move|p2a: Ditto|Draining Kiss|p1a: Ferrothorn
|-resisted|p1a: Ferrothorn
|-damage|p1a: Ferrothorn|70/100
|-heal|p2a: Ditto|97/100|[from] drain|[of] p1a: Ferrothorn
|-damage|p2a: Ditto|85/100|[from] ability: Iron Barbs|[of] p1a: Ferrothorn
|
|upkeep
|turn|31
|c| JuztJcBTW|fair and balanced mon
|
|t:|1598460273
|switch|p2a: Hatterene|Hatterene, F|90/100
|switch|p1a: Excadrill|Excadrill, F|85/100
|-ability|p1a: Excadrill|Mold Breaker
|
|-heal|p1a: Excadrill|91/100|[from] item: Leftovers
|upkeep
|turn|32
|c| isheavydead|nice
|
|t:|1598460277
|switch|p2a: Corviknight|Corviknight, M|100/100
|-ability|p2a: Corviknight|Pressure
|move|p1a: Excadrill|Stealth Rock|p2a: Corviknight
|-sidestart|p2: LT73IU True Love|move: Stealth Rock
|
|-heal|p1a: Excadrill|97/100|[from] item: Leftovers
|upkeep
|turn|33
|
|t:|1598460279
|switch|p1a: Primarina|Primarina, M|38/100
|move|p2a: Corviknight|Defog|p1a: Primarina
|-unboost|p1a: Primarina|evasion|1
|-sideend|p2: LT73IU True Love|Stealth Rock|[from] move: Defog|[of] p2a: Corviknight
|
|-heal|p1a: Primarina|44/100|[from] item: Leftovers
|upkeep
|turn|34
|
|t:|1598460287
|switch|p2a: Toxapex|Toxapex, M|96/100
|move|p1a: Primarina|Scald|p2a: Toxapex
|-resisted|p2a: Toxapex
|-damage|p2a: Toxapex|82/100
|
|-heal|p1a: Primarina|50/100|[from] item: Leftovers
|upkeep
|turn|35
|j|+Cdumas
|
|t:|1598460292
|switch|p2a: Blissey|Blissey, F|19/100
|move|p1a: Primarina|Substitute|p1a: Primarina
|-start|p1a: Primarina|Substitute
|-damage|p1a: Primarina|25/100
|
|-heal|p1a: Primarina|31/100|[from] item: Leftovers
|upkeep
|turn|36
|l|+Cdumas
|c| IAmPupper|crit
|j| faunazon
|
|t:|1598460299
|move|p1a: Primarina|Calm Mind|p1a: Primarina
|-boost|p1a: Primarina|spa|1
|-boost|p1a: Primarina|spd|1
|move|p2a: Blissey|Soft-Boiled|p2a: Blissey
|-heal|p2a: Blissey|69/100
|
|-heal|p1a: Primarina|37/100|[from] item: Leftovers
|upkeep
|turn|37
|c| I'm at my LIMIT!|Watch it not kill
|c| I'm at my LIMIT!|Nr
|
|t:|1598460303
|move|p1a: Primarina|Calm Mind|p1a: Primarina
|-boost|p1a: Primarina|spa|1
|-boost|p1a: Primarina|spd|1
|move|p2a: Blissey|Seismic Toss|p1a: Primarina
|-end|p1a: Primarina|Substitute
|
|-heal|p1a: Primarina|43/100|[from] item: Leftovers
|upkeep
|turn|38
|c| IAmPupper|CRIT
|
|t:|1598460307
|move|p1a: Primarina|Substitute|p1a: Primarina
|-start|p1a: Primarina|Substitute
|-damage|p1a: Primarina|18/100
|move|p2a: Blissey|Seismic Toss|p1a: Primarina
|-end|p1a: Primarina|Substitute
|
|-heal|p1a: Primarina|24/100|[from] item: Leftovers
|upkeep
|turn|39
|
|t:|1598460311
|move|p1a: Primarina|Scald|p2a: Blissey
|-damage|p2a: Blissey|31/100
|move|p2a: Blissey|Toxic|p1a: Primarina
|-status|p1a: Primarina|tox
|
|-heal|p1a: Primarina|30/100 tox|[from] item: Leftovers
|-damage|p1a: Primarina|24/100 tox|[from] psn
|upkeep
|turn|40
|
|t:|1598460317
|switch|p2a: Toxapex|Toxapex, M|100/100
|move|p1a: Primarina|Scald|p2a: Toxapex
|-resisted|p2a: Toxapex
|-damage|p2a: Toxapex|57/100
|
|-heal|p1a: Primarina|30/100 tox|[from] item: Leftovers
|-damage|p1a: Primarina|18/100 tox|[from] psn
|upkeep
|turn|41
|c| IAmPupper|damn
|
|t:|1598460322
|move|p1a: Primarina|Scald|p2a: Toxapex
|-resisted|p2a: Toxapex
|-damage|p2a: Toxapex|14/100
|move|p2a: Toxapex|Recover|p2a: Toxapex
|-heal|p2a: Toxapex|64/100
|
|-heal|p1a: Primarina|24/100 tox|[from] item: Leftovers
|-damage|p1a: Primarina|6/100 tox|[from] psn
|upkeep
|turn|42
|c| I'm at my LIMIT!|Demoslished
|c| isheavydead|thats a rip
|
|t:|1598460334
|move|p1a: Primarina|Scald|p2a: Toxapex
|-resisted|p2a: Toxapex
|-damage|p2a: Toxapex|21/100
|move|p2a: Toxapex|Recover|p2a: Toxapex
|-heal|p2a: Toxapex|71/100
|
|-heal|p1a: Primarina|12/100 tox|[from] item: Leftovers
|-damage|p1a: Primarina|0 fnt|[from] psn
|faint|p1a: Primarina
|upkeep
|l| Armageddonsspike
|c| IAmPupper|no justice
|
|t:|1598460343
|switch|p1a: Clefable|Clefable, F|100/100
|turn|43
|c| isheavydead|whats the point of liquid voice
|c| isheavydead|on prim
|c| JuztJcBTW|probably doubles
|c| JuztJcBTW|w/ round or w/e
|
|t:|1598460371
|move|p1a: Clefable|Calm Mind|p1a: Clefable
|-boost|p1a: Clefable|spa|1
|-boost|p1a: Clefable|spd|1
|move|p2a: Toxapex|Knock Off|p1a: Clefable
|-resisted|p1a: Clefable
|-damage|p1a: Clefable|96/100
|
|-damage|p2a: Toxapex|58/100|[from] item: Sticky Barb
|upkeep
|turn|44
|c| isheavydead|o true
|c| isheavydead|for vgc
|c| JuztJcBTW|yeah
|
|t:|1598460378
|move|p1a: Clefable|Calm Mind|p1a: Clefable
|-boost|p1a: Clefable|spa|1
|-boost|p1a: Clefable|spd|1
|move|p2a: Toxapex|Recover|p2a: Toxapex
|-heal|p2a: Toxapex|100/100
|
|-damage|p2a: Toxapex|88/100|[from] item: Sticky Barb
|upkeep
|turn|45
|c| isheavydead|folk
|
|t:|1598460381
|move|p1a: Clefable|Moonblast|p2a: Toxapex
|-resisted|p2a: Toxapex
|-damage|p2a: Toxapex|63/100
|move|p2a: Toxapex|Haze|p2a: Toxapex
|-clearallboost
|
|-damage|p2a: Toxapex|51/100|[from] item: Sticky Barb
|upkeep
|turn|46
|c| JuztJcBTW|gamefreak only cares about vgc lets be real
|c| isheavydead|this is why u run thunder
|c| isheavydead|ye
|c| IAmPupper|factual
|c| I'm at my LIMIT!|Fr
|c| isheavydead|which is why they yoted pursuit
|j| Gavle
|
|t:|1598460404
|switch|p1a: Excadrill|Excadrill, F|97/100
|-ability|p1a: Excadrill|Mold Breaker
|switch|p2a: Blissey|Blissey, F|31/100
|
|-heal|p1a: Excadrill|100/100|[from] item: Leftovers
|upkeep
|turn|47
|
|t:|1598460407
|switch|p2a: Corviknight|Corviknight, M|100/100
|-ability|p2a: Corviknight|Pressure
|move|p1a: Excadrill|Iron Head|p2a: Corviknight
|-resisted|p2a: Corviknight
|-damage|p2a: Corviknight|90/100
|
|upkeep
|turn|48
|
|t:|1598460412
|move|p1a: Excadrill|Stealth Rock|p2a: Corviknight
|-sidestart|p2: LT73IU True Love|move: Stealth Rock
|move|p2a: Corviknight|Iron Defense|p2a: Corviknight
|-boost|p2a: Corviknight|def|2
|
|upkeep
|turn|49
|
|t:|1598460416
|switch|p1a: Volcarona|Volcarona, M|100/100
|move|p2a: Corviknight|Defog|p1a: Volcarona
|-unboost|p1a: Volcarona|evasion|1
|-sideend|p2: LT73IU True Love|Stealth Rock|[from] move: Defog|[of] p2a: Corviknight
|
|upkeep
|turn|50
|
|t:|1598460420
|switch|p2a: Stunfisk|Stunfisk, F|100/100
|move|p1a: Volcarona|Fiery Dance|p2a: Stunfisk
|-damage|p2a: Stunfisk|75/100
|-boost|p1a: Volcarona|spa|1
|
|-heal|p2a: Stunfisk|81/100|[from] item: Leftovers
|upkeep
|turn|51
|c| isheavydead|thats game right there
|c| IAmPupper|drill needs vcreate
|
|t:|1598460432
|switch|p1a: Excadrill|Excadrill, F|100/100
|-ability|p1a: Excadrill|Mold Breaker
|move|p2a: Stunfisk|Toxic|p1a: Excadrill|[miss]
|-miss|p2a: Stunfisk|p1a: Excadrill
|
|-heal|p2a: Stunfisk|87/100|[from] item: Leftovers
|upkeep
|turn|52
|j| youssef4871
|
|t:|1598460437
|switch|p1a: Volcarona|Volcarona, M|100/100
|switch|p2a: Corviknight|Corviknight, M|90/100
|-ability|p2a: Corviknight|Pressure
|
|upkeep
|turn|53
|
|t:|1598460444
|switch|p2a: Toxapex|Toxapex, M|84/100
|move|p1a: Volcarona|Fiery Dance|p2a: Toxapex
|-resisted|p2a: Toxapex
|-damage|p2a: Toxapex|65/100
|-boost|p1a: Volcarona|spa|1
|
|-damage|p2a: Toxapex|52/100|[from] item: Sticky Barb
|upkeep
|turn|54
|
|t:|1598460447
|move|p1a: Volcarona|Psychic|p2a: Toxapex
|-supereffective|p2a: Toxapex
|-damage|p2a: Toxapex|0 fnt
|faint|p2a: Toxapex
|
|upkeep
|j|+Sacri'
|c| isheavydead|crit this man
|c| isheavydead|rn
|c| IAmPupper|gone
|c| isheavydead|run hat over prim
|
|t:|1598460475
|switch|p2a: Blissey|Blissey, F|31/100
|turn|55
|
|t:|1598460477
|move|p1a: Volcarona|Fiery Dance|p2a: Blissey
|-damage|p2a: Blissey|4/100
|-boost|p1a: Volcarona|spa|1
|move|p2a: Blissey|Soft-Boiled|p2a: Blissey
|-heal|p2a: Blissey|55/100
|
|upkeep
|turn|56
|c| isheavydead|thats a rippity
|c| I'm at my LIMIT!|Blissey a trooper now 😳
|
|t:|1598460490
|switch|p1a: Excadrill|Excadrill, F|100/100
|-ability|p1a: Excadrill|Mold Breaker
|move|p2a: Blissey|Soft-Boiled|p2a: Blissey
|-heal|p2a: Blissey|100/100
|
|upkeep
|turn|57
|
|t:|1598460492
|switch|p2a: Corviknight|Corviknight, M|90/100
|-ability|p2a: Corviknight|Pressure
|move|p1a: Excadrill|Stealth Rock|p2a: Corviknight
|-sidestart|p2: LT73IU True Love|move: Stealth Rock
|
|upkeep
|turn|58
|l| isheavydead
|c|☆ezwz|g g
|-message|ezwz forfeited.
|
|win|LT73IU True Love
|l|☆ezwz
|c| IAmPupper|:(
|l|+Sacri'
|c|☆LT73IU True Love|Good game.
|c| JuztJcBTW|crazy
|l| pokeaimfan96
|l| Gavle
|l| IAmPupper
|l| LT73IU Cora
|l|☆LT73IU True Love
|c| JuztJcBTW|fatmons >>>
|l| datshinylatios
|l| Jorge28055
|l| laevin ㋛
|l| JuztJcBTW
||Ladder (probably) updated, but score could not be retrieved (Request timeout).
|l| faunazon
|l| hjgfdzsfghs
|j| Jorge28055
|l| Jorge28055
|l| egalvanc
|l| reje
|l| I'm at my LIMIT!
|l| LT73IU dTM
