|j|‽minimax_ai
|j|☆GGeorgie◕‿◕
|t:|1668140312
|gametype|singles
|player|p1|minimax_ai|265|1640
|player|p2|GGeorgie◕‿◕|hiker-gen2|1724
|teamsize|p1|6
|teamsize|p2|6
|gen|8
|tier|[Gen 8] OU
|rated|
|rule|Sleep Clause Mod: Limit one foe put to sleep
|rule|Species Clause: Limit one of each Pokémon
|rule|OHKO Clause: OHKO moves are banned
|rule|Evasion Items Clause: Evasion items are banned
|rule|Evasion Moves Clause: Evasion moves are banned
|rule|Endless Battle Clause: Forcing endless battles is banned
|rule|HP Percentage Mod: HP is shown in percentages
|rule|Dynamax Clause: You cannot dynamax
|clearpoke
|poke|p1|Rotom-Wash|
|poke|p1|Weavile, M|
|poke|p1|Landorus-Therian, M|
|poke|p1|Heatran, M|
|poke|p1|Tangrowth, M|
|poke|p1|Melmetal|
|poke|p2|Noctowl, M|
|poke|p2|Pelipper, M|
|poke|p2|Swampert, M|
|poke|p2|Ferrothorn, F|
|poke|p2|Tapu Koko|
|poke|p2|Hawlucha, M|
|teampreview
|inactive|Battle timer is ON: inactive players will automatically lose when time's up. (requested by minimax_ai)
|j| purplearray
|j| Relic Stone
|
|t:|1668140326
|start
|switch|p1a: Landorus|Landorus-Therian, M|100/100
|switch|p2a: Big Daddy😳|Swampert, M|100/100
|-ability|p1a: Landorus|Intimidate|boost
|-unboost|p2a: Big Daddy😳|atk|1
|turn|1
|
|t:|1668140328
|move|p2a: Big Daddy😳|Flip Turn|p1a: Landorus
|-supereffective|p1a: Landorus
|-damage|p1a: Landorus|45/100
|
|t:|1668140331
|switch|p2a: Heisenberg|Ferrothorn, F|100/100|[from]move: Flip Turn
|move|p1a: Landorus|Earthquake|p2a: Heisenberg
|-damage|p2a: Heisenberg|69/100
|-enditem|p2a: Heisenberg|Eject Button
|
|t:|1668140336
|switch|p2a: Big Daddy😳|Swampert, M|100/100
|
|-heal|p1a: Landorus|51/100|[from] item: Leftovers
|upkeep
|turn|2
|
|t:|1668140339
|move|p2a: Big Daddy😳|Hammer Arm|p1a: Landorus
|-resisted|p1a: Landorus
|-damage|p1a: Landorus|28/100
|-unboost|p2a: Big Daddy😳|spe|1
|move|p1a: Landorus|U-turn|p2a: Big Daddy😳
|-damage|p2a: Big Daddy😳|74/100
|
|t:|1668140339
|switch|p1a: Heatran|Heatran, M|100/100|[from]move: U-turn
|-item|p1a: Heatran|Air Balloon
|
|upkeep
|turn|3
|
|t:|1668140343
|move|p1a: Heatran|Magma Storm|p2a: Big Daddy😳
|-resisted|p2a: Big Daddy😳
|-damage|p2a: Big Daddy😳|44/100
|-activate|p2a: Big Daddy😳|move: Magma Storm|[of] p1a: Heatran
|move|p2a: Big Daddy😳|Hammer Arm|p1a: Heatran
|-supereffective|p1a: Heatran
|-damage|p1a: Heatran|0 fnt
|-unboost|p2a: Big Daddy😳|spe|1
|-enditem|p1a: Heatran|Air Balloon
|faint|p1a: Heatran
|
|-end|p2a: Big Daddy😳|Magma Storm|[partiallytrapped]|[silent]
|upkeep
|
|t:|1668140343
|switch|p1a: Weavile|Weavile, M|100/100
|-ability|p1a: Weavile|Pressure
|turn|4
|j| Sol3N3ro 太陽
|
|t:|1668140351
|move|p1a: Weavile|Triple Axel|p2a: Big Daddy😳
|-damage|p2a: Big Daddy😳|28/100
|-damage|p2a: Big Daddy😳|0 fnt
|faint|p2a: Big Daddy😳
|-hitcount|p2: Big Daddy😳|2
|
|upkeep
|j| Xsage93
|
|t:|1668140357
|switch|p2a: Heisenberg|Ferrothorn, F|69/100
|turn|5
|
|t:|1668140359
|switch|p1a: Tangrowth|Tangrowth, M|100/100
|move|p2a: Heisenberg|Power Whip|p1a: Tangrowth
|-resisted|p1a: Tangrowth
|-damage|p1a: Tangrowth|90/100
|-damage|p2a: Heisenberg|52/100|[from] item: Rocky Helmet|[of] p1a: Tangrowth
|
|upkeep
|turn|6
|
|t:|1668140367
|switch|p2a: POTTY HOTTY|Pelipper, M|100/100
|-weather|RainDance|[from] ability: Drizzle|[of] p2a: POTTY HOTTY
|move|p1a: Tangrowth|Focus Blast|p2a: POTTY HOTTY
|-resisted|p2a: POTTY HOTTY
|-damage|p2a: POTTY HOTTY|73/100
|
|-weather|RainDance|[upkeep]
|upkeep
|turn|7
|
|t:|1668140370
|switch|p1a: Rotom|Rotom-Wash|100/100
|move|p2a: POTTY HOTTY|Hurricane|p1a: Rotom
|-resisted|p1a: Rotom
|-damage|p1a: Rotom|61/100
|
|-weather|RainDance|[upkeep]
|-heal|p1a: Rotom|67/100|[from] item: Leftovers
|upkeep
|turn|8
|
|t:|1668140373
|switch|p2a: Heisenberg|Ferrothorn, F|52/100
|move|p1a: Rotom|Hydro Pump|p2a: Heisenberg|[miss]
|-miss|p1a: Rotom|p2a: Heisenberg
|
|-weather|RainDance|[upkeep]
|-heal|p1a: Rotom|74/100|[from] item: Leftovers
|upkeep
|turn|9
|
|t:|1668140377
|switch|p1a: Landorus|Landorus-Therian, M|28/100
|-ability|p1a: Landorus|Intimidate|boost
|-unboost|p2a: Heisenberg|atk|1
|move|p2a: Heisenberg|Knock Off|p1a: Landorus
|-damage|p1a: Landorus|14/100
|-enditem|p1a: Landorus|Leftovers|[from] move: Knock Off|[of] p2a: Heisenberg
|
|-weather|RainDance|[upkeep]
|upkeep
|turn|10
|
|t:|1668140380
|switch|p2a: POTTY HOTTY|Pelipper, M|73/100
|move|p1a: Landorus|U-turn|p2a: POTTY HOTTY
|-resisted|p2a: POTTY HOTTY
|-damage|p2a: POTTY HOTTY|60/100
|
|t:|1668140380
|switch|p1a: Weavile|Weavile, M|100/100|[from]move: U-turn
|-ability|p1a: Weavile|Pressure
|
|-weather|none
|upkeep
|turn|11
|
|t:|1668140383
|switch|p2a: Heisenberg|Ferrothorn, F|52/100
|move|p1a: Weavile|Triple Axel|p2a: Heisenberg
|-damage|p2a: Heisenberg|43/100
|-damage|p1a: Weavile|88/100|[from] ability: Iron Barbs|[of] p2a: Heisenberg
|-damage|p2a: Heisenberg|22/100
|-damage|p1a: Weavile|76/100|[from] ability: Iron Barbs|[of] p2a: Heisenberg
|-damage|p2a: Heisenberg|0 fnt
|-damage|p1a: Weavile|63/100|[from] ability: Iron Barbs|[of] p2a: Heisenberg
|faint|p2a: Heisenberg
|-hitcount|p2: Heisenberg|3
|
|upkeep
|
|t:|1668140387
|switch|p2a: Tapu KOCK|Tapu Koko|100/100
|-fieldstart|move: Electric Terrain|[from] ability: Electric Surge|[of] p2a: Tapu KOCK
|turn|12
|
|t:|1668140388
|switch|p1a: Melmetal|Melmetal|100/100
|move|p2a: Tapu KOCK|Calm Mind|p2a: Tapu KOCK
|-boost|p2a: Tapu KOCK|spa|1
|-boost|p2a: Tapu KOCK|spd|1
|
|upkeep
|turn|13
|
|t:|1668140395
|switch|p2a: POTTY HOTTY|Pelipper, M|60/100
|-weather|RainDance|[from] ability: Drizzle|[of] p2a: POTTY HOTTY
|move|p1a: Melmetal|Double Iron Bash|p2a: POTTY HOTTY
|-resisted|p2a: POTTY HOTTY
|-damage|p2a: POTTY HOTTY|35/100
|-resisted|p2a: POTTY HOTTY
|-damage|p2a: POTTY HOTTY|7/100
|-hitcount|p2a: POTTY HOTTY|2
|
|-weather|RainDance|[upkeep]
|upkeep
|turn|14
|
|t:|1668140397
|move|p2a: POTTY HOTTY|Weather Ball|p1a: Melmetal
|-crit|p1a: Melmetal
|-damage|p1a: Melmetal|24/100
|move|p1a: Melmetal|Double Iron Bash|p2a: POTTY HOTTY
|-resisted|p2a: POTTY HOTTY
|-crit|p2a: POTTY HOTTY
|-damage|p2a: POTTY HOTTY|0 fnt
|faint|p2a: POTTY HOTTY
|-hitcount|p2: POTTY HOTTY|1
|
|-weather|RainDance|[upkeep]
|upkeep
|
|t:|1668140400
|switch|p2a: Tapu KOCK|Tapu Koko|100/100
|turn|15
|j| Fusien
|
|t:|1668140401
|switch|p1a: Tangrowth|Tangrowth, M|100/100
|move|p2a: Tapu KOCK|Thunderbolt|p1a: Tangrowth
|-resisted|p1a: Tangrowth
|-damage|p1a: Tangrowth|67/100
|
|-weather|RainDance|[upkeep]
|upkeep
|turn|16
|
|t:|1668140404
|switch|p2a: dem Hooters|Noctowl, M|100/100
|move|p1a: Tangrowth|Giga Drain|p2a: dem Hooters
|-resisted|p2a: dem Hooters
|-damage|p2a: dem Hooters|87/100
|-heal|p1a: Tangrowth|74/100|[from] drain|[of] p2a: dem Hooters
|
|-weather|RainDance|[upkeep]
|-fieldend|move: Electric Terrain
|upkeep
|turn|17
|
|t:|1668140410
|switch|p1a: Rotom|Rotom-Wash|74/100
|move|p2a: dem Hooters|Echoed Voice|p1a: Rotom
|-damage|p1a: Rotom|60/100
|
|-weather|none
|-heal|p1a: Rotom|66/100|[from] item: Leftovers
|upkeep
|turn|18
|
|t:|1668140412
|move|p1a: Rotom|Nasty Plot|p1a: Rotom
|-boost|p1a: Rotom|spa|2
|move|p2a: dem Hooters|Echoed Voice|p1a: Rotom
|-damage|p1a: Rotom|35/100
|
|-heal|p1a: Rotom|41/100|[from] item: Leftovers
|upkeep
|turn|19
|
|t:|1668140415
|move|p1a: Rotom|Hydro Pump|p2a: dem Hooters
|-damage|p2a: dem Hooters|13/100
|move|p2a: dem Hooters|Echoed Voice|p1a: Rotom
|-damage|p1a: Rotom|0 fnt
|faint|p1a: Rotom
|
|upkeep
|
|t:|1668140415
|switch|p1a: Weavile|Weavile, M|63/100
|-ability|p1a: Weavile|Pressure
|turn|20
|
|t:|1668140418
|move|p1a: Weavile|Triple Axel|p2a: dem Hooters
|-supereffective|p2a: dem Hooters
|-damage|p2a: dem Hooters|0 fnt
|faint|p2a: dem Hooters
|-hitcount|p2: dem Hooters|1
|
|upkeep
|j| BigRob54
|
|t:|1668140419
|switch|p2a: Tapu KOCK|Tapu Koko|100/100
|-fieldstart|move: Electric Terrain|[from] ability: Electric Surge|[of] p2a: Tapu KOCK
|turn|21
|j| lowelofunn
|
|t:|1668140422
|switch|p1a: Tangrowth|Tangrowth, M|100/100
|move|p2a: Tapu KOCK|Dazzling Gleam|p1a: Tangrowth
|-damage|p1a: Tangrowth|51/100
|
|upkeep
|turn|22
|j| im ❤ coral
|
|t:|1668140424
|move|p2a: Tapu KOCK|Calm Mind|p2a: Tapu KOCK
|-boost|p2a: Tapu KOCK|spa|1
|-boost|p2a: Tapu KOCK|spd|1
|move|p1a: Tangrowth|Giga Drain|p2a: Tapu KOCK
|-damage|p2a: Tapu KOCK|70/100
|-heal|p1a: Tangrowth|62/100|[from] drain|[of] p2a: Tapu KOCK
|
|upkeep
|turn|23
|
|t:|1668140428
|switch|p1a: Melmetal|Melmetal|24/100
|move|p2a: Tapu KOCK|Dazzling Gleam|p1a: Melmetal
|-resisted|p1a: Melmetal
|-damage|p1a: Melmetal|12/100
|
|upkeep
|turn|24
|
|t:|1668140432
|move|p2a: Tapu KOCK|Thunderbolt|p1a: Melmetal
|-damage|p1a: Melmetal|0 fnt
|faint|p1a: Melmetal
|
|upkeep
|
|t:|1668140432
|switch|p1a: Tangrowth|Tangrowth, M|95/100
|turn|25
|
|t:|1668140434
|move|p2a: Tapu KOCK|Dazzling Gleam|p1a: Tangrowth
|-damage|p1a: Tangrowth|22/100
|move|p1a: Tangrowth|Giga Drain|p2a: Tapu KOCK
|-damage|p2a: Tapu KOCK|39/100
|-heal|p1a: Tangrowth|32/100|[from] drain|[of] p2a: Tapu KOCK
|
|-fieldend|move: Electric Terrain
|upkeep
|turn|26
|
|t:|1668140439
|switch|p1a: Weavile|Weavile, M|63/100
|-ability|p1a: Weavile|Pressure
|move|p2a: Tapu KOCK|Roost|p2a: Tapu KOCK
|-heal|p2a: Tapu KOCK|89/100
|-singleturn|p2a: Tapu KOCK|move: Roost
|
|upkeep
|turn|27
|j| A
|
|t:|1668140440
|move|p1a: Weavile|Ice Shard|p2a: Tapu KOCK
|-damage|p2a: Tapu KOCK|49/100
|move|p2a: Tapu KOCK|Dazzling Gleam|p1a: Weavile
|-supereffective|p1a: Weavile
|-crit|p1a: Weavile
|-damage|p1a: Weavile|0 fnt
|faint|p1a: Weavile
|
|upkeep
|
|t:|1668140440
|switch|p1a: Tangrowth|Tangrowth, M|66/100
|turn|28
|
|t:|1668140442
|switch|p1a: Landorus|Landorus-Therian, M|14/100
|-ability|p1a: Landorus|Intimidate|boost
|-unboost|p2a: Tapu KOCK|atk|1
|move|p2a: Tapu KOCK|Dazzling Gleam|p1a: Landorus
|-damage|p1a: Landorus|0 fnt
|faint|p1a: Landorus
|
|upkeep
|
|t:|1668140442
|switch|p1a: Tangrowth|Tangrowth, M|99/100
|turn|29
|
|t:|1668140446
|move|p2a: Tapu KOCK|Dazzling Gleam|p1a: Tangrowth
|-damage|p1a: Tangrowth|30/100
|move|p1a: Tangrowth|Sleep Powder|p2a: Tapu KOCK
|-status|p2a: Tapu KOCK|slp|[from] move: Sleep Powder
|
|upkeep
|turn|30
|
|t:|1668140449
|cant|p2a: Tapu KOCK|slp
|move|p1a: Tangrowth|Giga Drain|p2a: Tapu KOCK
|-damage|p2a: Tapu KOCK|21/100 slp
|-heal|p1a: Tangrowth|39/100|[from] drain|[of] p2a: Tapu KOCK
|
|upkeep
|turn|31
|
|t:|1668140451
|switch|p2a: Seamen|Hawlucha, M|100/100
|move|p1a: Tangrowth|Giga Drain|p2a: Seamen
|-resisted|p2a: Seamen
|-damage|p2a: Seamen|82/100
|-heal|p1a: Tangrowth|46/100|[from] drain|[of] p2a: Seamen
|
|upkeep
|turn|32
|
|t:|1668140453
|move|p2a: Seamen|Swords Dance|p2a: Seamen
|-boost|p2a: Seamen|atk|2
|move|p1a: Tangrowth|Giga Drain|p2a: Seamen
|-resisted|p2a: Seamen
|-damage|p2a: Seamen|62/100
|-heal|p1a: Tangrowth|53/100|[from] drain|[of] p2a: Seamen
|
|upkeep
|turn|33
|
|t:|1668140455
|move|p2a: Seamen|Acrobatics|p1a: Tangrowth
|-supereffective|p1a: Tangrowth
|-crit|p1a: Tangrowth
|-damage|p1a: Tangrowth|0 fnt
|-damage|p2a: Seamen|46/100|[from] item: Rocky Helmet|[of] p1a: Tangrowth
|faint|p1a: Tangrowth
|
|win|GGeorgie◕‿◕
|raw|minimax_ai's rating: 1640 &rarr; <strong>1625</strong><br />(-15 for losing)
|raw|GGeorgie◕‿◕'s rating: 1724 &rarr; <strong>1739</strong><br />(+15 for winning)
