|j|☆jly8
|j|☆Pricejvl
|t:|1662077442
|gametype|singles
|player|p1|jly8|volkner|1357
|player|p2|Pricejvl|emmet|1324
|teamsize|p1|6
|teamsize|p2|6
|gen|8
|tier|[Gen 8] OU
|rated|
|rule|Sleep Clause Mod: Limit one foe put to sleep
|rule|Species Clause: Limit one of each Pokémon
|rule|OHKO Clause: OHKO moves are banned
|rule|Evasion Items Clause: Evasion items are banned
|rule|Evasion Moves Clause: Evasion moves are banned
|rule|Endless Battle Clause: Forcing endless battles is banned
|rule|HP Percentage Mod: HP is shown in percentages
|rule|Dynamax Clause: You cannot dynamax
|clearpoke
|poke|p1|Nidoking, M|
|poke|p1|Zapdos|
|poke|p1|Pelipper, F|
|poke|p1|Ferrothorn, F|
|poke|p1|Kingdra, F|
|poke|p1|Barraskewda, M|
|poke|p2|Necrozma|
|poke|p2|Landorus-Therian, M|
|poke|p2|Tapu Lele|
|poke|p2|Heatran, F|
|poke|p2|Urshifu-*, F|
|poke|p2|Sharpedo, F|
|teampreview
|
|t:|1662077467
|start
|switch|p1a: Pelipper|Pelipper, F|100/100
|switch|p2a: Urshifu|Urshifu-Rapid-Strike, F|100/100
|-weather|RainDance|[from] ability: Drizzle|[of] p1a: Pelipper
|turn|1
|inactive|Battle timer is ON: inactive players will automatically lose when time's up. (requested by jly8)
|j| AWPtarget
|
|t:|1662077478
|move|p2a: Urshifu|Surging Strikes|p1a: Pelipper
|-resisted|p1a: Pelipper
|-crit|p1a: Pelipper
|-damage|p1a: Pelipper|87/100
|-resisted|p1a: Pelipper
|-crit|p1a: Pelipper
|-damage|p1a: Pelipper|75/100
|-resisted|p1a: Pelipper
|-crit|p1a: Pelipper
|-damage|p1a: Pelipper|61/100
|-hitcount|p1a: Pelipper|3
|move|p1a: Pelipper|Hurricane|p2a: Urshifu
|-supereffective|p2a: Urshifu
|-damage|p2a: Urshifu|0 fnt
|faint|p2a: Urshifu
|
|-weather|RainDance|[upkeep]
|upkeep
|
|t:|1662077488
|switch|p2a: Sharpedo|Sharpedo, F|100/100
|turn|2
|
|t:|1662077511
|move|p2a: Sharpedo|Protect|p2a: Sharpedo
|-singleturn|p2a: Sharpedo|Protect
|move|p1a: Pelipper|U-turn|p2a: Sharpedo
|-activate|p2a: Sharpedo|move: Protect
|
|-weather|RainDance|[upkeep]
|-ability|p2a: Sharpedo|Speed Boost|boost
|-boost|p2a: Sharpedo|spe|1
|upkeep
|turn|3
|
|t:|1662077523
|switch|p1a: Zapdos|Zapdos|100/100
|move|p2a: Sharpedo|Poison Jab|p1a: Zapdos
|-damage|p1a: Zapdos|62/100
|-damage|p2a: Sharpedo|91/100|[from] item: Life Orb
|
|-weather|RainDance|[upkeep]
|-ability|p2a: Sharpedo|Speed Boost|boost
|-boost|p2a: Sharpedo|spe|1
|upkeep
|turn|4
|
|t:|1662077533
|switch|p1a: Ferrothorn|Ferrothorn, F|100/100
|move|p2a: Sharpedo|Liquidation|p1a: Ferrothorn
|-resisted|p1a: Ferrothorn
|-damage|p1a: Ferrothorn|74/100
|-damage|p2a: Sharpedo|78/100|[from] ability: Iron Barbs|[of] p1a: Ferrothorn
|-damage|p2a: Sharpedo|68/100|[from] item: Life Orb
|
|-weather|RainDance|[upkeep]
|-heal|p1a: Ferrothorn|81/100|[from] item: Leftovers
|-ability|p2a: Sharpedo|Speed Boost|boost
|-boost|p2a: Sharpedo|spe|1
|upkeep
|turn|5
|
|t:|1662077544
|move|p2a: Sharpedo|Close Combat|p1a: Ferrothorn
|-supereffective|p1a: Ferrothorn
|-damage|p1a: Ferrothorn|16/100
|-unboost|p2a: Sharpedo|def|1
|-unboost|p2a: Sharpedo|spd|1
|-damage|p2a: Sharpedo|56/100|[from] ability: Iron Barbs|[of] p1a: Ferrothorn
|-damage|p2a: Sharpedo|46/100|[from] item: Life Orb
|move|p1a: Ferrothorn|Leech Seed|p2a: Sharpedo
|-start|p2a: Sharpedo|move: Leech Seed
|
|-weather|RainDance|[upkeep]
|-heal|p1a: Ferrothorn|23/100|[from] item: Leftovers
|-damage|p2a: Sharpedo|33/100|[from] Leech Seed|[of] p1a: Ferrothorn
|-heal|p1a: Ferrothorn|33/100|[silent]
|-ability|p2a: Sharpedo|Speed Boost|boost
|-boost|p2a: Sharpedo|spe|1
|upkeep
|turn|6
|
|t:|1662077560
|switch|p1a: Zapdos|Zapdos|62/100
|move|p2a: Sharpedo|Liquidation|p1a: Zapdos
|-crit|p1a: Zapdos
|-damage|p1a: Zapdos|0 fnt
|faint|p1a: Zapdos
|-damage|p2a: Sharpedo|24/100|[from] item: Life Orb
|
|-weather|RainDance|[upkeep]
|-ability|p2a: Sharpedo|Speed Boost|boost
|-boost|p2a: Sharpedo|spe|1
|upkeep
|
|t:|1662077577
|switch|p1a: Ferrothorn|Ferrothorn, F|33/100
|turn|7
|
|t:|1662077586
|move|p2a: Sharpedo|Close Combat|p1a: Ferrothorn
|-supereffective|p1a: Ferrothorn
|-crit|p1a: Ferrothorn
|-damage|p1a: Ferrothorn|0 fnt
|-unboost|p2a: Sharpedo|def|1
|-unboost|p2a: Sharpedo|spd|1
|-damage|p2a: Sharpedo|11/100|[from] ability: Iron Barbs|[of] p1a: Ferrothorn
|faint|p1a: Ferrothorn
|-damage|p2a: Sharpedo|1/100|[from] item: Life Orb
|
|-weather|RainDance|[upkeep]
|-ability|p2a: Sharpedo|Speed Boost|boost
|-boost|p2a: Sharpedo|spe|1
|upkeep
|inactive|jly8 has 120 seconds left.
|
|t:|1662077604
|switch|p1a: Kingdra|Kingdra, F|100/100
|turn|8
|
|t:|1662077611
|move|p2a: Sharpedo|Close Combat|p1a: Kingdra
|-damage|p1a: Kingdra|32/100
|-unboost|p2a: Sharpedo|def|1
|-unboost|p2a: Sharpedo|spd|1
|-damage|p2a: Sharpedo|0 fnt|[from] item: Life Orb
|faint|p2a: Sharpedo
|move|p1a: Kingdra|Surf|p2: Sharpedo|[notarget]
|-fail|p1a: Kingdra
|
|-weather|none
|upkeep
|
|t:|1662077620
|switch|p2a: Necrozma|Necrozma, shiny|100/100
|turn|9
|
|t:|1662077625
|switch|p1a: Pelipper|Pelipper, F|61/100
|-weather|RainDance|[from] ability: Drizzle|[of] p1a: Pelipper
|move|p2a: Necrozma|Rock Polish|p2a: Necrozma
|-boost|p2a: Necrozma|spe|2
|
|-weather|RainDance|[upkeep]
|upkeep
|turn|10
|
|t:|1662077634
|move|p2a: Necrozma|Rock Polish|p2a: Necrozma
|-boost|p2a: Necrozma|spe|2
|move|p1a: Pelipper|U-turn|p2a: Necrozma
|-supereffective|p2a: Necrozma
|-damage|p2a: Necrozma|88/100
|
|t:|1662077643
|switch|p1a: Barraskewda|Barraskewda, M|100/100|[from]move: U-turn
|
|-weather|RainDance|[upkeep]
|upkeep
|turn|11
|
|t:|1662077649
|move|p2a: Necrozma|Meteor Beam||[still]
|-prepare|p2a: Necrozma|Meteor Beam
|-boost|p2a: Necrozma|spa|1
|-enditem|p2a: Necrozma|Power Herb
|-anim|p2a: Necrozma|Meteor Beam|p1a: Barraskewda
|-damage|p1a: Barraskewda|0 fnt
|faint|p1a: Barraskewda
|
|-weather|RainDance|[upkeep]
|upkeep
|
|t:|1662077658
|switch|p1a: Nidoking|Nidoking, M|100/100
|turn|12
|
|t:|1662077662
|move|p2a: Necrozma|Earth Power|p1a: Nidoking
|-supereffective|p1a: Nidoking
|-damage|p1a: Nidoking|0 fnt
|faint|p1a: Nidoking
|
|-weather|RainDance|[upkeep]
|upkeep
|-message|jly8 forfeited.
|
|win|Pricejvl
|raw|jly8's rating: 1357 &rarr; <strong>1335</strong><br />(-22 for losing)
|raw|Pricejvl's rating: 1324 &rarr; <strong>1346</strong><br />(+22 for winning)
|l|☆jly8
|c|☆Pricejvl|Gg
