|j|☆winter lanterns
|j|☆Geb Gamer
|player|p1|winter lanterns|1|1740
|player|p2|Geb Gamer|169|1764
|teamsize|p1|6
|teamsize|p2|6
|gametype|singles
|gen|8
|tier|[Gen 8] OU
|rated|
|clearpoke
|poke|p1|Araquanid, M|
|poke|p1|Alakazam, F|
|poke|p1|Cinderace, F|
|poke|p1|Ninetales, F|
|poke|p1|Venusaur, F|
|poke|p1|Urshifu-*, M|
|poke|p2|Zeraora|
|poke|p2|Amoonguss, F|
|poke|p2|Clefable, M|
|poke|p2|Urshifu-*, F|
|poke|p2|Excadrill, F|
|poke|p2|Mantine, M|
|rule|Sleep Clause Mod: Limit one foe put to sleep
|rule|Species Clause: Limit one of each Pokémon
|rule|OHKO Clause: OHKO moves are banned
|rule|Evasion Moves Clause: Evasion moves are banned
|rule|Endless Battle Clause: Forcing endless battles is banned
|rule|HP Percentage Mod: HP is shown in percentages
|rule|Dynamax Clause: You cannot dynamax
|teampreview
|j| Broduen
|inactive|Battle timer is ON: inactive players will automatically lose when time's up. (requested by winter lanterns)
|j| Mitchhhhhh
|j| AgentJojo
|l| Mitchhhhhh
|
|start
|switch|p1a: Araquanid|Araquanid, M|100/100
|switch|p2a: Zeraora|Zeraora|100/100
|turn|1
|
|move|p2a: Zeraora|Volt Switch|p1a: Araquanid
|-supereffective|p1a: Araquanid
|-damage|p1a: Araquanid|46/100
|
|switch|p2a: Mantine|Mantine, M|100/100|[from]move: Volt Switch
|move|p1a: Araquanid|Sticky Web|p2a: Mantine
|-sidestart|p2: Geb Gamer|move: Sticky Web
|
|upkeep
|turn|2
|
|move|p2a: Mantine|Air Slash|p1a: Araquanid
|-supereffective|p1a: Araquanid
|-damage|p1a: Araquanid|7/100
|move|p1a: Araquanid|Toxic|p2a: Mantine|[miss]
|-miss|p1a: Araquanid|p2a: Mantine
|
|upkeep
|turn|3
|
|move|p2a: Mantine|Air Slash|p1a: Araquanid
|-supereffective|p1a: Araquanid
|-damage|p1a: Araquanid|0 fnt
|faint|p1a: Araquanid
|
|upkeep
|l| AgentJojo
|
|switch|p1a: Urshifu|Urshifu, M|100/100
|turn|4
|j| Luna Rox ❤
|
|switch|p2a: Clefable|Clefable, M|100/100
|-activate|p2a: Clefable|move: Sticky Web
|-unboost|p2a: Clefable|spe|1
|move|p1a: Urshifu|Bulk Up|p1a: Urshifu
|-boost|p1a: Urshifu|atk|1
|-boost|p1a: Urshifu|def|1
|
|upkeep
|turn|5
|
|switch|p1a: Ninetales|Ninetales, F|100/100
|-weather|SunnyDay|[from] ability: Drought|[of] p1a: Ninetales
|move|p2a: Clefable|Wish|p2a: Clefable
|
|-weather|SunnyDay|[upkeep]
|upkeep
|turn|6
|inactive|Geb Gamer has 120 seconds left.
|j| eleve3
|inactive|Geb Gamer has 90 seconds left.
|j| ok992969296942969
|l| ok992969296942969
|
|switch|p1a: Cinderace|Cinderace, F|100/100
|switch|p2a: Urshifu|Urshifu, F|100/100
|-activate|p2a: Urshifu|move: Sticky Web
|-unboost|p2a: Urshifu|spe|1
|
|-weather|SunnyDay|[upkeep]
|upkeep
|turn|7
|inactive|Geb Gamer has 90 seconds left.
|
|move|p1a: Cinderace|Pyro Ball|p2a: Urshifu
|-damage|p2a: Urshifu|0 fnt
|faint|p2a: Urshifu
|
|-weather|SunnyDay|[upkeep]
|upkeep
|j| Stall Sucks Bro✝
|
|switch|p2a: Mantine|Mantine, M|100/100
|turn|8
|
|move|p1a: Cinderace|Bulk Up|p1a: Cinderace
|-start|p1a: Cinderace|typechange|Fighting|[from] ability: Libero
|-boost|p1a: Cinderace|atk|1
|-boost|p1a: Cinderace|def|1
|move|p2a: Mantine|Toxic|p1a: Cinderace
|-status|p1a: Cinderace|tox
|
|-weather|SunnyDay|[upkeep]
|-damage|p1a: Cinderace|95/100 tox|[from] psn
|upkeep
|turn|9
|j| Caramella666
|
|move|p1a: Cinderace|Pyro Ball|p2a: Mantine|[miss]
|-start|p1a: Cinderace|typechange|Fire|[from] ability: Libero
|-miss|p1a: Cinderace|p2a: Mantine
|move|p2a: Mantine|Roost||[still]
|-fail|p2a: Mantine|heal
|
|-weather|SunnyDay|[upkeep]
|-damage|p1a: Cinderace|83/100 tox|[from] psn
|upkeep
|turn|10
|inactive|Geb Gamer has 90 seconds left.
|l| Stall Sucks Bro✝
|
|switch|p1a: Alakazam|Alakazam, F|100/100
|move|p2a: Mantine|Roost||[still]
|-fail|p2a: Mantine|heal
|
|-weather|SunnyDay|[upkeep]
|upkeep
|turn|11
|l| Luna Rox ❤
|j| Dickooooo
|j| Scumgaang
|
|switch|p2a: Excadrill|Excadrill, F|100/100
|-activate|p2a: Excadrill|move: Sticky Web
|-unboost|p2a: Excadrill|spe|1
|-ability|p2a: Excadrill|Mold Breaker
|move|p1a: Alakazam|Nasty Plot|p1a: Alakazam
|-boost|p1a: Alakazam|spa|2
|
|-weather|SunnyDay|[upkeep]
|upkeep
|turn|12
|j| Youngster Maxance
|inactive|Geb Gamer has 90 seconds left.
|
|move|p1a: Alakazam|Focus Blast|p2a: Excadrill
|-supereffective|p2a: Excadrill
|-damage|p2a: Excadrill|0 fnt
|faint|p2a: Excadrill
|
|-weather|none
|upkeep
|
|switch|p2a: Clefable|Clefable, M|100/100
|-activate|p2a: Clefable|move: Sticky Web
|-unboost|p2a: Clefable|spe|1
|turn|13
|l| Youngster Maxance
|
|move|p1a: Alakazam|Psyshock|p2a: Clefable
|-crit|p2a: Clefable
|-damage|p2a: Clefable|52/100
|move|p2a: Clefable|Wish|p2a: Clefable
|
|-heal|p2a: Clefable|59/100|[from] item: Leftovers
|upkeep
|turn|14
|
|switch|p1a: Ninetales|Ninetales, F|100/100
|-weather|SunnyDay|[from] ability: Drought|[of] p1a: Ninetales
|move|p2a: Clefable|Moonblast|p1a: Ninetales
|-resisted|p1a: Ninetales
|-damage|p1a: Ninetales|83/100
|
|-weather|SunnyDay|[upkeep]
|-heal|p2a: Clefable|100/100|[from] move: Wish|[wisher] Clefable
|upkeep
|turn|15
|inactive|Geb Gamer has 120 seconds left.
|
|move|p2a: Clefable|Protect|p2a: Clefable
|-singleturn|p2a: Clefable|Protect
|move|p1a: Ninetales|Toxic|p2a: Clefable
|-activate|p2a: Clefable|move: Protect
|
|-weather|SunnyDay|[upkeep]
|upkeep
|turn|16
|
|move|p1a: Ninetales|Nasty Plot|p1a: Ninetales
|-boost|p1a: Ninetales|spa|2
|move|p2a: Clefable|Heal Bell||[still]
|-activate|p2a: Clefable|move: Heal Bell
|-fail|p2a: Clefable
|
|-weather|SunnyDay|[upkeep]
|upkeep
|turn|17
|
|move|p2a: Clefable|Protect|p2a: Clefable
|-singleturn|p2a: Clefable|Protect
|move|p1a: Ninetales|Toxic|p2a: Clefable
|-activate|p2a: Clefable|move: Protect
|
|-weather|SunnyDay|[upkeep]
|upkeep
|turn|18
|
|move|p1a: Ninetales|Flamethrower|p2a: Clefable
|-damage|p2a: Clefable|57/100
|move|p2a: Clefable|Wish|p2a: Clefable
|
|-weather|SunnyDay|[upkeep]
|-heal|p2a: Clefable|64/100|[from] item: Leftovers
|upkeep
|turn|19
|
|move|p1a: Ninetales|Toxic|p2a: Clefable
|-status|p2a: Clefable|tox
|move|p2a: Clefable|Moonblast|p1a: Ninetales
|-resisted|p1a: Ninetales
|-damage|p1a: Ninetales|66/100
|-unboost|p1a: Ninetales|spa|1
|
|-weather|SunnyDay|[upkeep]
|-heal|p2a: Clefable|100/100 tox|[from] move: Wish|[wisher] Clefable
|-damage|p2a: Clefable|94/100 tox|[from] psn
|upkeep
|turn|20
|
|move|p1a: Ninetales|Flamethrower|p2a: Clefable
|-damage|p2a: Clefable|48/100 tox
|move|p2a: Clefable|Wish|p2a: Clefable
|
|-weather|SunnyDay|[upkeep]
|-heal|p2a: Clefable|54/100 tox|[from] item: Leftovers
|-damage|p2a: Clefable|42/100 tox|[from] psn
|upkeep
|turn|21
|l| Dickooooo
|
|move|p2a: Clefable|Protect|p2a: Clefable
|-singleturn|p2a: Clefable|Protect
|move|p1a: Ninetales|Flamethrower|p2a: Clefable
|-activate|p2a: Clefable|move: Protect
|
|-weather|none
|-heal|p2a: Clefable|92/100 tox|[from] move: Wish|[wisher] Clefable
|-heal|p2a: Clefable|98/100 tox|[from] item: Leftovers
|-damage|p2a: Clefable|79/100 tox|[from] psn
|upkeep
|turn|22
|
|switch|p1a: Venusaur|Venusaur, F|100/100
|move|p2a: Clefable|Heal Bell|p2a: Clefable
|-activate|p2a: Clefable|move: Heal Bell
|-curestatus|p2a: Clefable|tox|[msg]
|
|-heal|p2a: Clefable|85/100|[from] item: Leftovers
|upkeep
|turn|23
|
|switch|p2a: Mantine|Mantine, M|100/100
|move|p1a: Venusaur|Sludge Bomb|p2a: Mantine
|-damage|p2a: Mantine|64/100
|-status|p2a: Mantine|psn
|-damage|p1a: Venusaur|91/100|[from] item: Life Orb
|
|-damage|p2a: Mantine|51/100 psn|[from] psn
|upkeep
|turn|24
|
|switch|p1a: Ninetales|Ninetales, F|66/100
|-weather|SunnyDay|[from] ability: Drought|[of] p1a: Ninetales
|move|p2a: Mantine|Air Slash|p1a: Ninetales
|-damage|p1a: Ninetales|41/100
|
|-weather|SunnyDay|[upkeep]
|-damage|p2a: Mantine|39/100 psn|[from] psn
|upkeep
|turn|25
|
|move|p1a: Ninetales|Nasty Plot|p1a: Ninetales
|-boost|p1a: Ninetales|spa|2
|move|p2a: Mantine|Toxic|p1a: Ninetales
|-status|p1a: Ninetales|tox
|
|-weather|SunnyDay|[upkeep]
|-damage|p1a: Ninetales|35/100 tox|[from] psn
|-damage|p2a: Mantine|27/100 psn|[from] psn
|upkeep
|turn|26
|
|switch|p2a: Clefable|Clefable, M|85/100
|-activate|p2a: Clefable|move: Sticky Web
|-unboost|p2a: Clefable|spe|1
|move|p1a: Ninetales|Flamethrower|p2a: Clefable
|-crit|p2a: Clefable
|-damage|p2a: Clefable|18/100
|
|-weather|SunnyDay|[upkeep]
|-heal|p2a: Clefable|24/100|[from] item: Leftovers
|-damage|p1a: Ninetales|23/100 tox|[from] psn
|upkeep
|turn|27
|
|move|p2a: Clefable|Protect|p2a: Clefable
|-singleturn|p2a: Clefable|Protect
|move|p1a: Ninetales|Flamethrower|p2a: Clefable
|-activate|p2a: Clefable|move: Protect
|
|-weather|SunnyDay|[upkeep]
|-heal|p2a: Clefable|30/100|[from] item: Leftovers
|-damage|p1a: Ninetales|5/100 tox|[from] psn
|upkeep
|turn|28
|
|move|p2a: Clefable|Protect||[still]
|-fail|p2a: Clefable
|move|p1a: Ninetales|Flamethrower|p2a: Clefable
|-damage|p2a: Clefable|0 fnt
|faint|p2a: Clefable
|
|-weather|SunnyDay|[upkeep]
|-damage|p1a: Ninetales|0 fnt|[from] psn
|faint|p1a: Ninetales
|upkeep
|-message|Geb Gamer forfeited.
|
|win|winter lanterns
|l|☆Geb Gamer
