|raw|<div class="broadcast-blue"><strong>This battle is required to be public due to a player having a name prefixed by 'LT72MS'.</div>
|j|☆LT72MS Lyster
|j|☆relic stone
|t:|1597983781
|player|p1|LT72MS Lyster|flannery|1922
|player|p2|relic stone|lusamine-nihilego|1961
|teamsize|p1|6
|teamsize|p2|6
|gametype|singles
|gen|8
|tier|[Gen 8] OU
|rated|
|clearpoke
|poke|p1|Hydreigon, F|
|poke|p1|Toxapex, M|
|poke|p1|Volcarona, M|
|poke|p1|Clefable, F|
|poke|p1|Hippowdon, M|
|poke|p1|Dragapult, F|
|poke|p2|Torkoal, M|
|poke|p2|Venusaur, M|
|poke|p2|Urshifu-*, M|
|poke|p2|Charizard, M|
|poke|p2|Excadrill, M|
|poke|p2|Clefable, M|
|rule|Sleep Clause Mod: Limit one foe put to sleep
|rule|Species Clause: Limit one of each Pokémon
|rule|OHKO Clause: OHKO moves are banned
|rule|Evasion Moves Clause: Evasion moves are banned
|rule|Endless Battle Clause: Forcing endless battles is banned
|rule|HP Percentage Mod: HP is shown in percentages
|rule|Dynamax Clause: You cannot dynamax
|teampreview
|j| Esterfly
|c|☆relic stone|hf
|c|☆LT72MS Lyster|Hf
|j| bbeeaa
|j| LT72MS Ruby
|
|t:|1597983804
|start
|switch|p1a: Clefable|Clefable, F|100/100
|switch|p2a: Impaler|Excadrill, M, shiny|100/100
|-ability|p2a: Impaler|Mold Breaker
|turn|1
|l| Esterfly
|j| Esterfly
|j| cursedstar
|
|t:|1597983846
|switch|p1a: Hippowdon|Hippowdon, M|100/100
|-weather|Sandstorm|[from] ability: Sand Stream|[of] p1a: Hippowdon
|move|p2a: Impaler|Stealth Rock|p1a: Hippowdon
|-sidestart|p1: LT72MS Lyster|move: Stealth Rock
|
|-weather|Sandstorm|[upkeep]
|upkeep
|turn|2
|
|t:|1597983855
|move|p2a: Impaler|Toxic|p1a: Hippowdon
|-status|p1a: Hippowdon|tox
|move|p1a: Hippowdon|Stealth Rock|p2a: Impaler
|-sidestart|p2: relic stone|move: Stealth Rock
|
|-weather|Sandstorm|[upkeep]
|-damage|p1a: Hippowdon|94/100 tox|[from] psn
|upkeep
|turn|3
|l| LT72MS Ruby
|j| FVP Goat
|
|t:|1597983861
|move|p2a: Impaler|Rapid Spin|p1a: Hippowdon
|-damage|p1a: Hippowdon|86/100 tox
|-boost|p2a: Impaler|spe|1
|-sideend|p2: relic stone|Stealth Rock|[from] move: Rapid Spin|[of] p2a: Impaler
|move|p1a: Hippowdon|Rock Slide|p2a: Impaler
|-resisted|p2a: Impaler
|-damage|p2a: Impaler|96/100
|
|-weather|Sandstorm|[upkeep]
|-heal|p2a: Impaler|100/100|[from] item: Leftovers
|-heal|p1a: Hippowdon|92/100 tox|[from] item: Leftovers
|-damage|p1a: Hippowdon|80/100 tox|[from] psn
|upkeep
|turn|4
|
|t:|1597983870
|move|p2a: Impaler|Earthquake|p1a: Hippowdon
|-damage|p1a: Hippowdon|56/100 tox
|move|p1a: Hippowdon|Earthquake|p2a: Impaler
|-supereffective|p2a: Impaler
|-damage|p2a: Impaler|19/100
|
|-weather|Sandstorm|[upkeep]
|-heal|p2a: Impaler|25/100|[from] item: Leftovers
|-heal|p1a: Hippowdon|62/100 tox|[from] item: Leftovers
|-damage|p1a: Hippowdon|43/100 tox|[from] psn
|upkeep
|turn|5
|
|t:|1597983883
|move|p2a: Impaler|Earthquake|p1a: Hippowdon
|-damage|p1a: Hippowdon|22/100 tox
|move|p1a: Hippowdon|Slack Off|p1a: Hippowdon
|-heal|p1a: Hippowdon|72/100 tox
|
|-weather|none
|-heal|p2a: Impaler|32/100|[from] item: Leftovers
|-heal|p1a: Hippowdon|78/100 tox|[from] item: Leftovers
|-damage|p1a: Hippowdon|53/100 tox|[from] psn
|upkeep
|turn|6
|
|t:|1597983888
|switch|p1a: Hydreigon|Hydreigon, F|100/100
|-damage|p1a: Hydreigon|88/100|[from] Stealth Rock
|move|p2a: Impaler|Earthquake|p1a: Hydreigon
|-damage|p1a: Hydreigon|38/100
|
|-heal|p2a: Impaler|38/100|[from] item: Leftovers
|upkeep
|turn|7
|
|t:|1597983914
|switch|p1a: Toxapex|Toxapex, M|100/100
|-damage|p1a: Toxapex|88/100|[from] Stealth Rock
|move|p2a: Impaler|Earthquake|p1a: Toxapex
|-supereffective|p1a: Toxapex
|-damage|p1a: Toxapex|31/100
|
|-heal|p2a: Impaler|44/100|[from] item: Leftovers
|-heal|p1a: Toxapex|37/100|[from] item: Black Sludge
|upkeep
|turn|8
|
|t:|1597983918
|move|p2a: Impaler|Earthquake|p1a: Toxapex
|-supereffective|p1a: Toxapex
|-damage|p1a: Toxapex|0 fnt
|faint|p1a: Toxapex
|
|-heal|p2a: Impaler|50/100|[from] item: Leftovers
|upkeep
|
|t:|1597983923
|switch|p1a: Dragapult|Dragapult, F|100/100
|-damage|p1a: Dragapult|88/100|[from] Stealth Rock
|turn|9
|
|t:|1597983927
|move|p1a: Dragapult|Shadow Ball|p2a: Impaler
|-damage|p2a: Impaler|4/100
|move|p2a: Impaler|Earthquake|p1a: Dragapult
|-damage|p1a: Dragapult|31/100
|
|-heal|p2a: Impaler|10/100|[from] item: Leftovers
|upkeep
|turn|10
|
|t:|1597983934
|move|p1a: Dragapult|Shadow Ball|p2a: Impaler
|-damage|p2a: Impaler|0 fnt
|faint|p2a: Impaler
|
|upkeep
|
|t:|1597983937
|switch|p2a: Chuck Norris|Urshifu, M|100/100
|turn|11
|
|t:|1597983943
|switch|p1a: Clefable|Clefable, F|100/100
|move|p2a: Chuck Norris|Poison Jab|p1a: Clefable
|-supereffective|p1a: Clefable
|-damage|p1a: Clefable|35/100
|-damage|p2a: Chuck Norris|91/100|[from] item: Life Orb
|
|upkeep
|turn|12
|
|t:|1597983949
|move|p2a: Chuck Norris|Wicked Blow|p1a: Clefable
|-resisted|p1a: Clefable
|-crit|p1a: Clefable
|-damage|p1a: Clefable|0 fnt
|-damage|p2a: Chuck Norris|81/100|[from] item: Life Orb
|faint|p1a: Clefable
|
|upkeep
|
|t:|1597983957
|switch|p1a: Hippowdon|Hippowdon, M|53/100 tox
|-damage|p1a: Hippowdon|47/100 tox|[from] Stealth Rock
|-weather|Sandstorm|[from] ability: Sand Stream|[of] p1a: Hippowdon
|turn|13
|
|t:|1597983963
|move|p2a: Chuck Norris|Wicked Blow|p1a: Hippowdon
|-crit|p1a: Hippowdon
|-damage|p1a: Hippowdon|1/100 tox
|-damage|p2a: Chuck Norris|71/100|[from] item: Life Orb
|move|p1a: Hippowdon|Earthquake|p2a: Chuck Norris
|-damage|p2a: Chuck Norris|33/100
|
|-weather|Sandstorm|[upkeep]
|-damage|p2a: Chuck Norris|27/100|[from] Sandstorm
|-heal|p1a: Hippowdon|8/100 tox|[from] item: Leftovers
|-damage|p1a: Hippowdon|1/100 tox|[from] psn
|upkeep
|turn|14
|
|t:|1597983969
|move|p2a: Chuck Norris|Wicked Blow|p1a: Hippowdon
|-crit|p1a: Hippowdon
|-damage|p1a: Hippowdon|0 fnt
|-damage|p2a: Chuck Norris|17/100|[from] item: Life Orb
|faint|p1a: Hippowdon
|
|-weather|Sandstorm|[upkeep]
|-damage|p2a: Chuck Norris|10/100|[from] Sandstorm
|upkeep
|
|t:|1597983975
|switch|p1a: Hydreigon|Hydreigon, F|38/100
|-damage|p1a: Hydreigon|26/100|[from] Stealth Rock
|turn|15
|
|t:|1597983977
|move|p1a: Hydreigon|Flash Cannon|p2a: Chuck Norris
|-damage|p2a: Chuck Norris|0 fnt
|-damage|p1a: Hydreigon|16/100|[from] item: Life Orb
|faint|p2a: Chuck Norris
|
|-weather|Sandstorm|[upkeep]
|-damage|p1a: Hydreigon|10/100|[from] Sandstorm
|upkeep
|
|t:|1597983982
|switch|p2a: Sage|Charizard, M|100/100
|turn|16
|
|t:|1597983986
|move|p2a: Sage|Weather Ball|p1a: Hydreigon
|-damage|p1a: Hydreigon|0 fnt
|faint|p1a: Hydreigon
|
|-weather|Sandstorm|[upkeep]
|-damage|p2a: Sage|94/100|[from] Sandstorm
|upkeep
|
|t:|1597983989
|switch|p1a: Dragapult|Dragapult, F|31/100
|-damage|p1a: Dragapult|19/100|[from] Stealth Rock
|turn|17
|
|t:|1597983993
|move|p2a: Sage|Weather Ball|p1a: Dragapult
|-damage|p1a: Dragapult|0 fnt
|faint|p1a: Dragapult
|
|-weather|none
|upkeep
|
|t:|1597983995
|switch|p1a: Volcarona|Volcarona, M, shiny|100/100
|turn|18
|
|t:|1597983998
|switch|p2a: Crescent|Clefable, M, shiny|100/100
|move|p1a: Volcarona|Quiver Dance|p1a: Volcarona
|-boost|p1a: Volcarona|spa|1
|-boost|p1a: Volcarona|spd|1
|-boost|p1a: Volcarona|spe|1
|
|upkeep
|turn|19
|
|t:|1597984002
|move|p1a: Volcarona|Safeguard|p1a: Volcarona
|-sidestart|p1: LT72MS Lyster|Safeguard
|move|p2a: Crescent|Calm Mind|p2a: Crescent
|-boost|p2a: Crescent|spa|1
|-boost|p2a: Crescent|spd|1
|
|upkeep
|turn|20
|
|t:|1597984005
|move|p1a: Volcarona|Quiver Dance|p1a: Volcarona
|-boost|p1a: Volcarona|spa|1
|-boost|p1a: Volcarona|spd|1
|-boost|p1a: Volcarona|spe|1
|move|p2a: Crescent|Calm Mind|p2a: Crescent
|-boost|p2a: Crescent|spa|1
|-boost|p2a: Crescent|spd|1
|
|upkeep
|turn|21
|
|t:|1597984006
|move|p1a: Volcarona|Quiver Dance|p1a: Volcarona
|-boost|p1a: Volcarona|spa|1
|-boost|p1a: Volcarona|spd|1
|-boost|p1a: Volcarona|spe|1
|move|p2a: Crescent|Calm Mind|p2a: Crescent
|-boost|p2a: Crescent|spa|1
|-boost|p2a: Crescent|spd|1
|
|upkeep
|turn|22
|
|t:|1597984009
|move|p1a: Volcarona|Quiver Dance|p1a: Volcarona
|-boost|p1a: Volcarona|spa|1
|-boost|p1a: Volcarona|spd|1
|-boost|p1a: Volcarona|spe|1
|move|p2a: Crescent|Calm Mind|p2a: Crescent
|-boost|p2a: Crescent|spa|1
|-boost|p2a: Crescent|spd|1
|
|upkeep
|turn|23
|
|t:|1597984012
|move|p1a: Volcarona|Quiver Dance|p1a: Volcarona
|-boost|p1a: Volcarona|spa|1
|-boost|p1a: Volcarona|spd|1
|-boost|p1a: Volcarona|spe|1
|move|p2a: Crescent|Calm Mind|p2a: Crescent
|-boost|p2a: Crescent|spa|1
|-boost|p2a: Crescent|spd|1
|
|-sideend|p1: LT72MS Lyster|Safeguard
|upkeep
|turn|24
|
|t:|1597984014
|move|p1a: Volcarona|Quiver Dance|p1a: Volcarona
|-boost|p1a: Volcarona|spa|1
|-boost|p1a: Volcarona|spd|1
|-boost|p1a: Volcarona|spe|1
|move|p2a: Crescent|Flamethrower|p1a: Volcarona
|-damage|p1a: Volcarona|45/100
|
|upkeep
|turn|25
|c|☆relic stone|gg
|
|t:|1597984019
|move|p1a: Volcarona|Roost|p1a: Volcarona
|-heal|p1a: Volcarona|95/100
|-singleturn|p1a: Volcarona|move: Roost
|move|p2a: Crescent|Flamethrower|p1a: Volcarona
|-damage|p1a: Volcarona|43/100
|
|upkeep
|turn|26
|
|t:|1597984022
|move|p1a: Volcarona|Roost|p1a: Volcarona
|-heal|p1a: Volcarona|93/100
|-singleturn|p1a: Volcarona|move: Roost
|move|p2a: Crescent|Calm Mind|p2a: Crescent
|-boost|p2a: Crescent|spa|1
|-boost|p2a: Crescent|spd|1
|
|upkeep
|turn|27
|
|t:|1597984026
|move|p1a: Volcarona|Flamethrower|p2a: Crescent
|-damage|p2a: Crescent|92/100
|move|p2a: Crescent|Flamethrower|p1a: Volcarona
|-damage|p1a: Volcarona|32/100
|
|-heal|p2a: Crescent|98/100|[from] item: Leftovers
|upkeep
|turn|28
|c|☆LT72MS Lyster|Gg
|
|t:|1597984033
|move|p1a: Volcarona|Flamethrower|p2a: Crescent
|-damage|p2a: Crescent|89/100
|move|p2a: Crescent|Flamethrower|p1a: Volcarona
|-crit|p1a: Volcarona
|-damage|p1a: Volcarona|0 fnt
|faint|p1a: Volcarona
|
|win|relic stone
|raw|LT72MS Lyster's rating: 1922 &rarr; <strong>1903</strong><br />(-19 for losing)
|raw|relic stone's rating: 1939 &rarr; <strong>1958</strong><br />(+19 for winning)
