|raw|<div class="broadcast-blue"><strong>This battle is required to be public due to a player having a name starting with 'lt92pf'.</div>
|j|☆tolstoy
|j|☆LT92PF Fakyewww
|t:|1660147964
|gametype|singles
|player|p1|tolstoy|#lax|1790
|player|p2|LT92PF Fakyewww|169|1792
|teamsize|p1|6
|teamsize|p2|6
|gen|8
|tier|[Gen 8] OU
|rated|
|rule|Sleep Clause Mod: Limit one foe put to sleep
|rule|Species Clause: Limit one of each Pokémon
|rule|OHKO Clause: OHKO moves are banned
|rule|Evasion Items Clause: Evasion items are banned
|rule|Evasion Moves Clause: Evasion moves are banned
|rule|Endless Battle Clause: Forcing endless battles is banned
|rule|HP Percentage Mod: HP is shown in percentages
|rule|Dynamax Clause: You cannot dynamax
|clearpoke
|poke|p1|Gyarados, M|
|poke|p1|Heatran, M|
|poke|p1|Garchomp, F|
|poke|p1|Kommo-o, F|
|poke|p1|Zapdos|
|poke|p1|Weavile, M|
|poke|p2|Weavile, F|
|poke|p2|Tapu Lele|
|poke|p2|Hawlucha, M|
|poke|p2|Ferrothorn, M|
|poke|p2|Rotom-Heat|
|poke|p2|Swampert, F|
|teampreview
|inactive|Battle timer is ON: inactive players will automatically lose when time's up. (requested by tolstoy)
|j| yop on the flux
|
|t:|1660147984
|start
|switch|p1a: Gyarados|Gyarados, M|100/100
|switch|p2a: Weavile|Weavile, F|100/100
|-ability|p2a: Weavile|Pressure
|turn|1
|
|t:|1660147992
|switch|p1a: Heatran|Heatran, M|100/100
|-item|p1a: Heatran|Air Balloon
|move|p2a: Weavile|Triple Axel|p1a: Heatran
|-resisted|p1a: Heatran
|-damage|p1a: Heatran|97/100
|-status|p2a: Weavile|brn|[from] ability: Flame Body|[of] p1a: Heatran
|-enditem|p1a: Heatran|Air Balloon
|-resisted|p1a: Heatran
|-damage|p1a: Heatran|94/100
|-resisted|p1a: Heatran
|-damage|p1a: Heatran|88/100
|-hitcount|p1a: Heatran|3
|
|-damage|p2a: Weavile|94/100 brn|[from] brn
|upkeep
|turn|2
|
|t:|1660148006
|switch|p2a: Swampert|Swampert, F|100/100
|move|p1a: Heatran|Stealth Rock|p2a: Swampert
|-sidestart|p2: LT92PF Fakyewww|move: Stealth Rock
|
|upkeep
|turn|3
|
|t:|1660148011
|switch|p1a: Gyarados|Gyarados, M|100/100
|move|p2a: Swampert|Stealth Rock|p1a: Gyarados
|-sidestart|p1: tolstoy|move: Stealth Rock
|
|upkeep
|turn|4
|
|t:|1660148016
|move|p1a: Gyarados|Substitute|p1a: Gyarados
|-start|p1a: Gyarados|Substitute
|-damage|p1a: Gyarados|76/100
|move|p2a: Swampert|Yawn||[still]
|-fail|p2a: Swampert
|
|-heal|p1a: Gyarados|82/100|[from] item: Leftovers
|upkeep
|turn|5
|
|t:|1660148026
|move|p1a: Gyarados|Dragon Dance|p1a: Gyarados
|-boost|p1a: Gyarados|atk|1
|-boost|p1a: Gyarados|spe|1
|move|p2a: Swampert|Flip Turn|p1a: Gyarados
|-resisted|p1a: Gyarados
|-activate|p1a: Gyarados|move: Substitute|[damage]
|
|t:|1660148037
|switch|p2a: Rotom|Rotom-Heat|100/100|[from]move: Flip Turn
|
|-heal|p1a: Gyarados|88/100|[from] item: Leftovers
|upkeep
|turn|6
|
|t:|1660148041
|switch|p2a: Ferrothorn|Ferrothorn, M|100/100
|-damage|p2a: Ferrothorn|95/100|[from] Stealth Rock
|move|p1a: Gyarados|Dragon Dance|p1a: Gyarados
|-boost|p1a: Gyarados|atk|1
|-boost|p1a: Gyarados|spe|1
|
|-heal|p1a: Gyarados|94/100|[from] item: Leftovers
|upkeep
|turn|7
|
|t:|1660148050
|move|p1a: Gyarados|Dragon Dance|p1a: Gyarados
|-boost|p1a: Gyarados|atk|1
|-boost|p1a: Gyarados|spe|1
|move|p2a: Ferrothorn|Knock Off|p1a: Gyarados
|-end|p1a: Gyarados|Substitute
|
|-heal|p1a: Gyarados|100/100|[from] item: Leftovers
|upkeep
|turn|8
|
|t:|1660148057
|move|p1a: Gyarados|Substitute|p1a: Gyarados
|-start|p1a: Gyarados|Substitute
|-damage|p1a: Gyarados|76/100
|move|p2a: Ferrothorn|Knock Off|p1a: Gyarados
|-activate|p1a: Gyarados|move: Substitute|[damage]
|
|-heal|p1a: Gyarados|82/100|[from] item: Leftovers
|upkeep
|turn|9
|-message|LT92PF Fakyewww forfeited.
|
|win|tolstoy
|raw|tolstoy's rating: 1790 &rarr; <strong>1810</strong><br />(+20 for winning)
|raw|LT92PF Fakyewww's rating: 1792 &rarr; <strong>1772</strong><br />(-20 for losing)
|l|☆LT92PF Fakyewww
|l|☆tolstoy
