|html|<div class="broadcast-blue"><strong>[Gen 8] OU is currently suspecting Melmetal! For information on how to participate check out the <a href="https://www.smogon.com/forums/threads/np-ss-ou-suspect-process-round-12-monster-mash.3709234/">suspect thread</a>.</strong></div>
|j|☆TheCodGod
|j|☆HQSNonsense
|t:|1666341303
|gametype|singles
|player|p1|TheCodGod|1|1504
|player|p2|HQSNonsense|veteranf|1548
|teamsize|p1|6
|teamsize|p2|6
|gen|8
|tier|[Gen 8] OU
|rated|
|rule|Sleep Clause Mod: Limit one foe put to sleep
|rule|Species Clause: Limit one of each Pokémon
|rule|OHKO Clause: OHKO moves are banned
|rule|Evasion Items Clause: Evasion items are banned
|rule|Evasion Moves Clause: Evasion moves are banned
|rule|Endless Battle Clause: Forcing endless battles is banned
|rule|HP Percentage Mod: HP is shown in percentages
|rule|Dynamax Clause: You cannot dynamax
|clearpoke
|poke|p1|Rotom-Wash|
|poke|p1|Weavile, M|
|poke|p1|Landorus-Therian, M|
|poke|p1|Heatran, M|
|poke|p1|Tangrowth, F|
|poke|p1|Melmetal|
|poke|p2|Dragapult, F|
|poke|p2|Weavile, M|
|poke|p2|Rillaboom, M|
|poke|p2|Nihilego|
|poke|p2|Garchomp, F|
|poke|p2|Celesteela|
|teampreview
|inactive|Battle timer is ON: inactive players will automatically lose when time's up. (requested by HQSNonsense)
|
|t:|1666341323
|start
|switch|p1a: Melmetal|Melmetal|100/100
|switch|p2a: Garchomp|Garchomp, F|100/100
|turn|1
|
|t:|1666341330
|switch|p1a: Tangrowth|Tangrowth, F|100/100
|move|p2a: Garchomp|Earthquake|p1a: Tangrowth
|-resisted|p1a: Tangrowth
|-damage|p1a: Tangrowth|86/100
|
|upkeep
|turn|2
|
|t:|1666341333
|move|p2a: Garchomp|Stealth Rock|p1a: Tangrowth
|-sidestart|p1: TheCodGod|move: Stealth Rock
|move|p1a: Tangrowth|Knock Off|p2a: Garchomp
|-damage|p2a: Garchomp|77/100
|-damage|p1a: Tangrowth|74/100|[from] ability: Rough Skin|[of] p2a: Garchomp
|-enditem|p2a: Garchomp|Leftovers|[from] move: Knock Off|[of] p1a: Tangrowth
|
|upkeep
|turn|3
|
|t:|1666341349
|move|p2a: Garchomp|Swords Dance|p2a: Garchomp
|-boost|p2a: Garchomp|atk|2
|move|p1a: Tangrowth|Sleep Powder|p2a: Garchomp
|-status|p2a: Garchomp|slp|[from] move: Sleep Powder
|
|upkeep
|turn|4
|
|t:|1666341368
|switch|p1a: Weavile|Weavile, M|100/100
|-damage|p1a: Weavile|76/100|[from] Stealth Rock
|-ability|p1a: Weavile|Pressure
|cant|p2a: Garchomp|slp
|
|upkeep
|turn|5
|
|t:|1666341377
|move|p1a: Weavile|Triple Axel|p2a: Garchomp
|-supereffective|p2a: Garchomp
|-damage|p2a: Garchomp|12/100 slp
|-damage|p1a: Weavile|63/100|[from] ability: Rough Skin|[of] p2a: Garchomp
|-supereffective|p2a: Garchomp
|-damage|p2a: Garchomp|0 fnt
|-damage|p1a: Weavile|51/100|[from] ability: Rough Skin|[of] p2a: Garchomp
|faint|p2a: Garchomp
|-hitcount|p2: Garchomp|2
|
|upkeep
|
|t:|1666341385
|switch|p2a: Weavile|Weavile, M|100/100
|-ability|p2a: Weavile|Pressure
|turn|6
|
|t:|1666341412
|switch|p1a: Rotom|Rotom-Wash|100/100
|-damage|p1a: Rotom|88/100|[from] Stealth Rock
|move|p2a: Weavile|Swords Dance|p2a: Weavile
|-boost|p2a: Weavile|atk|2
|
|-heal|p1a: Rotom|94/100|[from] item: Leftovers
|upkeep
|turn|7
|
|t:|1666341421
|move|p2a: Weavile|Knock Off|p1a: Rotom
|-damage|p1a: Rotom|0 fnt
|-enditem|p1a: Rotom|Leftovers|[from] move: Knock Off|[of] p2a: Weavile
|faint|p1a: Rotom
|-damage|p2a: Weavile|91/100|[from] item: Life Orb
|
|upkeep
|inactive|TheCodGod has 120 seconds left.
|
|t:|1666341440
|switch|p1a: Landorus|Landorus-Therian, M|100/100
|-damage|p1a: Landorus|88/100|[from] Stealth Rock
|-ability|p1a: Landorus|Intimidate|boost
|-unboost|p2a: Weavile|atk|1
|turn|8
|
|t:|1666341443
|switch|p1a: Melmetal|Melmetal|100/100
|-damage|p1a: Melmetal|94/100|[from] Stealth Rock
|move|p2a: Weavile|Ice Shard|p1a: Melmetal
|-resisted|p1a: Melmetal
|-damage|p1a: Melmetal|82/100
|-damage|p2a: Weavile|81/100|[from] item: Life Orb
|
|upkeep
|turn|9
|inactive|TheCodGod has 120 seconds left.
|
|t:|1666341472
|switch|p1a: Tangrowth|Tangrowth, F|100/100
|-damage|p1a: Tangrowth|88/100|[from] Stealth Rock
|move|p2a: Weavile|Low Kick|p1a: Tangrowth
|-damage|p1a: Tangrowth|50/100
|-damage|p2a: Weavile|64/100|[from] item: Rocky Helmet|[of] p1a: Tangrowth
|-damage|p2a: Weavile|54/100|[from] item: Life Orb
|
|upkeep
|turn|10
|inactive|TheCodGod has 120 seconds left.
|
|t:|1666341483
|switch|p1a: Melmetal|Melmetal|82/100
|-damage|p1a: Melmetal|76/100|[from] Stealth Rock
|move|p2a: Weavile|Knock Off|p1a: Melmetal
|-damage|p1a: Melmetal|20/100
|-enditem|p1a: Melmetal|Assault Vest|[from] move: Knock Off|[of] p2a: Weavile
|-damage|p2a: Weavile|44/100|[from] item: Life Orb
|
|upkeep
|turn|11
|inactive|TheCodGod has 120 seconds left.
|
|t:|1666341491
|move|p2a: Weavile|Knock Off|p1a: Melmetal
|-damage|p1a: Melmetal|0 fnt
|faint|p1a: Melmetal
|-damage|p2a: Weavile|34/100|[from] item: Life Orb
|
|upkeep
|
|t:|1666341495
|switch|p1a: Landorus|Landorus-Therian, M|88/100
|-damage|p1a: Landorus|76/100|[from] Stealth Rock
|-ability|p1a: Landorus|Intimidate|boost
|-unboost|p2a: Weavile|atk|1
|turn|12
|
|t:|1666341503
|move|p2a: Weavile|Ice Shard|p1a: Landorus
|-supereffective|p1a: Landorus
|-damage|p1a: Landorus|0 fnt
|faint|p1a: Landorus
|-damage|p2a: Weavile|24/100|[from] item: Life Orb
|
|upkeep
|
|t:|1666341516
|switch|p1a: Tangrowth|Tangrowth, F|83/100
|-damage|p1a: Tangrowth|71/100|[from] Stealth Rock
|turn|13
|
|t:|1666341522
|move|p2a: Weavile|Knock Off|p1a: Tangrowth
|-damage|p1a: Tangrowth|33/100
|-damage|p2a: Weavile|8/100|[from] item: Rocky Helmet|[of] p1a: Tangrowth
|-enditem|p1a: Tangrowth|Rocky Helmet|[from] move: Knock Off|[of] p2a: Weavile
|-damage|p2a: Weavile|0 fnt|[from] item: Life Orb
|faint|p2a: Weavile
|move|p1a: Tangrowth|Giga Drain|p2: Weavile|[notarget]
|-fail|p1a: Tangrowth
|
|upkeep
|
|t:|1666341530
|switch|p2a: Nihilego|Nihilego|100/100
|turn|14
|
|t:|1666341536
|switch|p1a: Heatran|Heatran, M|100/100
|-damage|p1a: Heatran|88/100|[from] Stealth Rock
|-item|p1a: Heatran|Air Balloon
|move|p2a: Nihilego|Meteor Beam||[still]
|-prepare|p2a: Nihilego|Meteor Beam
|-boost|p2a: Nihilego|spa|1
|-enditem|p2a: Nihilego|Power Herb
|-anim|p2a: Nihilego|Meteor Beam|p1a: Heatran
|-damage|p1a: Heatran|6/100
|-enditem|p1a: Heatran|Air Balloon
|
|upkeep
|turn|15
|
|t:|1666341546
|move|p2a: Nihilego|Power Gem|p1a: Heatran
|-damage|p1a: Heatran|0 fnt
|faint|p1a: Heatran
|-ability|p2a: Nihilego|Beast Boost|boost
|-boost|p2a: Nihilego|spe|1
|
|upkeep
|-message|TheCodGod forfeited.
|
|win|HQSNonsense
|raw|TheCodGod's rating: 1504 &rarr; <strong>1487</strong><br />(-17 for losing)
|raw|HQSNonsense's rating: 1548 &rarr; <strong>1565</strong><br />(+17 for winning)
|l|☆TheCodGod
