|raw|<div class="broadcast-blue"><strong>This battle is required to be public due to a player having a name starting with 'lt91bb'.</div>
|j|☆Hostile Takeovers
|j|☆LT91BB Wano
|t:|1659591230
|gametype|singles
|player|p1|Hostile Takeovers|giovanni-gen3|1736
|player|p2|LT91BB Wano|cynthia|1793
|teamsize|p1|6
|teamsize|p2|6
|gen|8
|tier|[Gen 8] OU
|rated|
|rule|Sleep Clause Mod: Limit one foe put to sleep
|rule|Species Clause: Limit one of each Pokémon
|rule|OHKO Clause: OHKO moves are banned
|rule|Evasion Items Clause: Evasion items are banned
|rule|Evasion Moves Clause: Evasion moves are banned
|rule|Endless Battle Clause: Forcing endless battles is banned
|rule|HP Percentage Mod: HP is shown in percentages
|rule|Dynamax Clause: You cannot dynamax
|clearpoke
|poke|p1|Dragonite, F|
|poke|p1|Ferrothorn, M|
|poke|p1|Azumarill, F|
|poke|p1|Heatran, F|
|poke|p1|Rillaboom, M|
|poke|p1|Zapdos|
|poke|p2|Tapu Koko|
|poke|p2|Weavile, M|
|poke|p2|Keldeo-Resolute|
|poke|p2|Landorus-Therian, M|
|poke|p2|Heatran, F|
|poke|p2|Volcanion|
|teampreview
|inactive|Battle timer is ON: inactive players will automatically lose when time's up. (requested by Hostile Takeovers)
|
|t:|1659591250
|start
|switch|p1a: Rillaboom|Rillaboom, M|100/100
|switch|p2a: Volcanion|Volcanion|100/100
|-fieldstart|move: Grassy Terrain|[from] ability: Grassy Surge|[of] p1a: Rillaboom
|turn|1
|
|t:|1659591262
|move|p1a: Rillaboom|U-turn|p2a: Volcanion
|-resisted|p2a: Volcanion
|-damage|p2a: Volcanion|86/100
|
|t:|1659591265
|switch|p1a: Dragonite|Dragonite, F|100/100|[from]move: U-turn
|move|p2a: Volcanion|Steam Eruption|p1a: Dragonite
|-resisted|p1a: Dragonite
|-damage|p1a: Dragonite|79/100
|
|-heal|p2a: Volcanion|92/100|[from] Grassy Terrain
|upkeep
|turn|2
|
|t:|1659591288
|move|p1a: Dragonite|Roost|p1a: Dragonite
|-heal|p1a: Dragonite|100/100
|-singleturn|p1a: Dragonite|move: Roost
|move|p2a: Volcanion|Steam Eruption|p1a: Dragonite
|-resisted|p1a: Dragonite
|-damage|p1a: Dragonite|80/100
|
|-heal|p1a: Dragonite|86/100|[from] Grassy Terrain
|-heal|p2a: Volcanion|98/100|[from] Grassy Terrain
|upkeep
|turn|3
|
|t:|1659591296
|move|p1a: Dragonite|Roost|p1a: Dragonite
|-heal|p1a: Dragonite|100/100
|-singleturn|p1a: Dragonite|move: Roost
|move|p2a: Volcanion|Steam Eruption|p1a: Dragonite
|-resisted|p1a: Dragonite
|-damage|p1a: Dragonite|81/100
|
|-heal|p1a: Dragonite|87/100|[from] Grassy Terrain
|-heal|p2a: Volcanion|100/100|[from] Grassy Terrain
|upkeep
|turn|4
|
|t:|1659591303
|move|p1a: Dragonite|Roost|p1a: Dragonite
|-heal|p1a: Dragonite|100/100
|-singleturn|p1a: Dragonite|move: Roost
|move|p2a: Volcanion|Steam Eruption|p1a: Dragonite
|-resisted|p1a: Dragonite
|-damage|p1a: Dragonite|78/100
|
|-heal|p1a: Dragonite|85/100|[from] Grassy Terrain
|upkeep
|turn|5
|
|t:|1659591309
|switch|p2a: Weavile|Weavile, M|100/100
|-ability|p2a: Weavile|Pressure
|move|p1a: Dragonite|Roost|p1a: Dragonite
|-heal|p1a: Dragonite|100/100
|-singleturn|p1a: Dragonite|move: Roost
|
|-fieldend|move: Grassy Terrain
|upkeep
|turn|6
|
|t:|1659591314
|switch|p1a: Ferrothorn|Ferrothorn, M|100/100
|move|p2a: Weavile|Knock Off|p1a: Ferrothorn
|-damage|p1a: Ferrothorn|60/100
|-damage|p2a: Weavile|88/100|[from] ability: Iron Barbs|[of] p1a: Ferrothorn
|-damage|p2a: Weavile|72/100|[from] item: Rocky Helmet|[of] p1a: Ferrothorn
|-enditem|p1a: Ferrothorn|Rocky Helmet|[from] move: Knock Off|[of] p2a: Weavile
|
|upkeep
|turn|7
|
|t:|1659591332
|switch|p2a: Volcanion|Volcanion|100/100
|move|p1a: Ferrothorn|Spikes|p2a: Volcanion
|-sidestart|p2: LT91BB Wano|Spikes
|
|upkeep
|turn|8
|
|t:|1659591338
|switch|p1a: Dragonite|Dragonite, F|100/100
|move|p2a: Volcanion|Steam Eruption|p1a: Dragonite
|-resisted|p1a: Dragonite
|-damage|p1a: Dragonite|79/100
|-status|p1a: Dragonite|brn
|
|-damage|p1a: Dragonite|72/100 brn|[from] brn
|upkeep
|turn|9
|
|t:|1659591354
|switch|p2a: Landorus|Landorus-Therian, M|100/100
|-ability|p2a: Landorus|Intimidate|boost
|-unboost|p1a: Dragonite|atk|1
|move|p1a: Dragonite|Roost|p1a: Dragonite
|-heal|p1a: Dragonite|100/100 brn
|-singleturn|p1a: Dragonite|move: Roost
|
|-damage|p1a: Dragonite|94/100 brn|[from] brn
|upkeep
|turn|10
|
|t:|1659591372
|switch|p1a: Rillaboom|Rillaboom, M|100/100
|-fieldstart|move: Grassy Terrain|[from] ability: Grassy Surge|[of] p1a: Rillaboom
|move|p2a: Landorus|Defog|p1a: Rillaboom
|-unboost|p1a: Rillaboom|evasion|1
|-sideend|p2: LT91BB Wano|Spikes|[from] move: Defog|[of] p2a: Landorus
|-fieldend|move: Grassy Terrain
|
|upkeep
|turn|11
|
|t:|1659591380
|move|p2a: Landorus|Stealth Rock|p1a: Rillaboom
|-sidestart|p1: Hostile Takeovers|move: Stealth Rock
|move|p1a: Rillaboom|Knock Off|p2a: Landorus
|-damage|p2a: Landorus|49/100
|-enditem|p2a: Landorus|Leftovers|[from] move: Knock Off|[of] p1a: Rillaboom
|
|upkeep
|turn|12
|
|t:|1659591390
|move|p2a: Landorus|U-turn|p1a: Rillaboom
|-supereffective|p1a: Rillaboom
|-damage|p1a: Rillaboom|52/100
|
|t:|1659591403
|switch|p2a: Heatran|Heatran, F|100/100|[from]move: U-turn
|move|p1a: Rillaboom|Knock Off|p2a: Heatran
|-damage|p2a: Heatran|50/100
|-enditem|p2a: Heatran|Power Herb|[from] move: Knock Off|[of] p1a: Rillaboom
|
|upkeep
|turn|13
|
|t:|1659591420
|switch|p1a: Dragonite|Dragonite, F|94/100 brn
|switch|p2a: Weavile|Weavile, M|72/100
|-ability|p2a: Weavile|Pressure
|
|-damage|p1a: Dragonite|88/100 brn|[from] brn
|upkeep
|turn|14
|
|t:|1659591428
|switch|p1a: Ferrothorn|Ferrothorn, M|60/100
|-damage|p1a: Ferrothorn|54/100|[from] Stealth Rock
|move|p2a: Weavile|Icicle Crash|p1a: Ferrothorn
|-damage|p1a: Ferrothorn|17/100
|
|upkeep
|turn|15
|
|t:|1659591435
|switch|p1a: Heatran|Heatran, F|100/100
|-damage|p1a: Heatran|88/100|[from] Stealth Rock
|move|p2a: Weavile|Icicle Crash|p1a: Heatran
|-resisted|p1a: Heatran
|-damage|p1a: Heatran|74/100
|
|-heal|p1a: Heatran|81/100|[from] item: Leftovers
|upkeep
|turn|16
|
|t:|1659591444
|switch|p2a: Landorus|Landorus-Therian, M|49/100
|-ability|p2a: Landorus|Intimidate|boost
|-unboost|p1a: Heatran|atk|1
|move|p1a: Heatran|Stealth Rock|p2a: Landorus
|-sidestart|p2: LT91BB Wano|move: Stealth Rock
|
|-heal|p1a: Heatran|87/100|[from] item: Leftovers
|upkeep
|turn|17
|
|t:|1659591459
|switch|p1a: Zapdos|Zapdos|100/100
|-ability|p1a: Zapdos|Pressure
|move|p2a: Landorus|Defog|p1a: Zapdos
|-unboost|p1a: Zapdos|evasion|1
|-sideend|p1: Hostile Takeovers|Stealth Rock|[from] move: Defog|[of] p2a: Landorus
|-sideend|p2: LT91BB Wano|Stealth Rock|[from] move: Defog|[of] p2a: Landorus
|
|upkeep
|turn|18
|
|t:|1659591467
|move|p1a: Zapdos|Hurricane|p2a: Landorus
|-damage|p2a: Landorus|0 fnt
|faint|p2a: Landorus
|
|upkeep
|
|t:|1659591470
|switch|p2a: Weavile|Weavile, M|72/100
|-ability|p2a: Weavile|Pressure
|turn|19
|
|t:|1659591484
|switch|p1a: Azumarill|Azumarill, F|100/100
|move|p2a: Weavile|Knock Off|p1a: Azumarill
|-resisted|p1a: Azumarill
|-damage|p1a: Azumarill|58/100
|-enditem|p1a: Azumarill|Sitrus Berry|[from] move: Knock Off|[of] p2a: Weavile
|
|upkeep
|turn|20
|
|t:|1659591501
|switch|p2a: Heatran|Heatran, F|50/100
|move|p1a: Azumarill|Knock Off|p2a: Heatran
|-damage|p2a: Heatran|20/100
|
|upkeep
|turn|21
|
|t:|1659591508
|move|p1a: Azumarill|Aqua Jet|p2a: Heatran
|-supereffective|p2a: Heatran
|-damage|p2a: Heatran|0 fnt
|faint|p2a: Heatran
|
|upkeep
|
|t:|1659591511
|switch|p2a: Tapu Koko|Tapu Koko|100/100
|-fieldstart|move: Electric Terrain|[from] ability: Electric Surge|[of] p2a: Tapu Koko
|turn|22
|
|t:|1659591521
|switch|p1a: Rillaboom|Rillaboom, M|52/100
|-fieldstart|move: Grassy Terrain|[from] ability: Grassy Surge|[of] p1a: Rillaboom
|move|p2a: Tapu Koko|Volt Switch|p1a: Rillaboom
|-resisted|p1a: Rillaboom
|-damage|p1a: Rillaboom|24/100
|
|t:|1659591525
|switch|p2a: Volcanion|Volcanion|100/100|[from]move: Volt Switch
|
|-heal|p1a: Rillaboom|30/100|[from] Grassy Terrain
|upkeep
|turn|23
|
|t:|1659591535
|switch|p1a: Dragonite|Dragonite, F|88/100 brn
|move|p2a: Volcanion|Steam Eruption|p1a: Dragonite
|-resisted|p1a: Dragonite
|-damage|p1a: Dragonite|48/100 brn
|
|-damage|p1a: Dragonite|42/100 brn|[from] brn
|upkeep
|turn|24
|
|t:|1659591541
|switch|p2a: Weavile|Weavile, M|72/100
|-ability|p2a: Weavile|Pressure
|move|p1a: Dragonite|Roost|p1a: Dragonite
|-heal|p1a: Dragonite|92/100 brn
|-singleturn|p1a: Dragonite|move: Roost
|
|-heal|p2a: Weavile|78/100|[from] Grassy Terrain
|-heal|p1a: Dragonite|98/100 brn|[from] Grassy Terrain
|-damage|p1a: Dragonite|92/100 brn|[from] brn
|upkeep
|turn|25
|
|t:|1659591552
|switch|p1a: Azumarill|Azumarill, F|58/100
|move|p2a: Weavile|Knock Off|p1a: Azumarill
|-resisted|p1a: Azumarill
|-damage|p1a: Azumarill|31/100
|
|-heal|p2a: Weavile|84/100|[from] Grassy Terrain
|-heal|p1a: Azumarill|37/100|[from] Grassy Terrain
|upkeep
|turn|26
|
|t:|1659591567
|switch|p2a: Volcanion|Volcanion|100/100
|move|p1a: Azumarill|Play Rough|p2a: Volcanion
|-resisted|p2a: Volcanion
|-damage|p2a: Volcanion|78/100
|
|-heal|p1a: Azumarill|43/100|[from] Grassy Terrain
|-heal|p2a: Volcanion|85/100|[from] Grassy Terrain
|-fieldend|move: Grassy Terrain
|upkeep
|turn|27
|
|t:|1659591586
|move|p1a: Azumarill|Play Rough|p2a: Volcanion|[miss]
|-miss|p1a: Azumarill|p2a: Volcanion
|move|p2a: Volcanion|Steam Eruption|p1a: Azumarill
|-resisted|p1a: Azumarill
|-damage|p1a: Azumarill|0 fnt
|faint|p1a: Azumarill
|
|upkeep
|inactive|Hostile Takeovers has 120 seconds left.
|
|t:|1659591612
|switch|p1a: Zapdos|Zapdos|100/100
|-ability|p1a: Zapdos|Pressure
|turn|28
|inactive|Hostile Takeovers has 120 seconds left.
|
|t:|1659591618
|switch|p2a: Tapu Koko|Tapu Koko|100/100
|-fieldstart|move: Electric Terrain|[from] ability: Electric Surge|[of] p2a: Tapu Koko
|move|p1a: Zapdos|Thunderbolt|p2a: Tapu Koko
|-resisted|p2a: Tapu Koko
|-damage|p2a: Tapu Koko|65/100
|
|upkeep
|turn|29
|
|t:|1659591623
|move|p2a: Tapu Koko|Thunderbolt|p1a: Zapdos
|-damage|p1a: Zapdos|22/100
|move|p1a: Zapdos|Toxic|p2a: Tapu Koko
|-status|p2a: Tapu Koko|tox
|
|-damage|p2a: Tapu Koko|59/100 tox|[from] psn
|upkeep
|turn|30
|
|t:|1659591634
|switch|p1a: Ferrothorn|Ferrothorn, M|17/100
|move|p2a: Tapu Koko|Thunderbolt|p1a: Ferrothorn
|-resisted|p1a: Ferrothorn
|-damage|p1a: Ferrothorn|0 fnt
|faint|p1a: Ferrothorn
|
|-damage|p2a: Tapu Koko|47/100 tox|[from] psn
|upkeep
|
|t:|1659591643
|switch|p1a: Heatran|Heatran, F|87/100
|turn|31
|
|t:|1659591646
|switch|p2a: Keldeo|Keldeo-Resolute|100/100
|move|p1a: Heatran|Stealth Rock|p2a: Keldeo
|-sidestart|p2: LT91BB Wano|move: Stealth Rock
|
|-heal|p1a: Heatran|93/100|[from] item: Leftovers
|upkeep
|turn|32
|
|t:|1659591663
|switch|p1a: Dragonite|Dragonite, F|92/100 brn
|move|p2a: Keldeo|Hydro Pump|p1a: Dragonite
|-resisted|p1a: Dragonite
|-damage|p1a: Dragonite|52/100 brn
|
|-damage|p1a: Dragonite|46/100 brn|[from] brn
|-fieldend|move: Electric Terrain
|upkeep
|turn|33
|
|t:|1659591671
|switch|p2a: Weavile|Weavile, M|84/100
|-damage|p2a: Weavile|59/100|[from] Stealth Rock
|-ability|p2a: Weavile|Pressure
|move|p1a: Dragonite|Roost|p1a: Dragonite
|-heal|p1a: Dragonite|96/100 brn
|-singleturn|p1a: Dragonite|move: Roost
|
|-damage|p1a: Dragonite|90/100 brn|[from] brn
|upkeep
|turn|34
|inactive|Hostile Takeovers has 120 seconds left.
|
|t:|1659591715
|switch|p1a: Zapdos|Zapdos|22/100
|-ability|p1a: Zapdos|Pressure
|move|p2a: Weavile|Knock Off|p1a: Zapdos
|-damage|p1a: Zapdos|0 fnt
|-enditem|p1a: Zapdos|Heavy-Duty Boots|[from] move: Knock Off|[of] p2a: Weavile
|faint|p1a: Zapdos
|
|upkeep
|
|t:|1659591732
|switch|p1a: Rillaboom|Rillaboom, M|30/100
|-fieldstart|move: Grassy Terrain|[from] ability: Grassy Surge|[of] p1a: Rillaboom
|turn|35
|
|t:|1659591742
|switch|p2a: Volcanion|Volcanion|85/100
|-damage|p2a: Volcanion|60/100|[from] Stealth Rock
|move|p1a: Rillaboom|Grassy Glide|p2a: Volcanion
|-damage|p2a: Volcanion|0 fnt
|faint|p2a: Volcanion
|
|-heal|p1a: Rillaboom|37/100|[from] Grassy Terrain
|upkeep
|
|t:|1659591744
|switch|p2a: Tapu Koko|Tapu Koko|47/100 tox
|-damage|p2a: Tapu Koko|34/100 tox|[from] Stealth Rock
|-fieldstart|move: Electric Terrain|[from] ability: Electric Surge|[of] p2a: Tapu Koko
|turn|36
|inactive|Hostile Takeovers has 120 seconds left.
|
|t:|1659591751
|switch|p1a: Heatran|Heatran, F|93/100
|move|p2a: Tapu Koko|Volt Switch|p1a: Heatran
|-damage|p1a: Heatran|55/100
|
|t:|1659591753
|switch|p2a: Keldeo|Keldeo-Resolute|100/100|[from]move: Volt Switch
|-damage|p2a: Keldeo|94/100|[from] Stealth Rock
|
|-heal|p1a: Heatran|61/100|[from] item: Leftovers
|upkeep
|turn|37
|
|t:|1659591765
|switch|p2a: Weavile|Weavile, M|59/100
|-damage|p2a: Weavile|34/100|[from] Stealth Rock
|-ability|p2a: Weavile|Pressure
|switch|p1a: Dragonite|Dragonite, F|90/100 brn
|
|-damage|p1a: Dragonite|84/100 brn|[from] brn
|upkeep
|turn|38
|inactive|Hostile Takeovers has 120 seconds left.
|inactive|Hostile Takeovers has 90 seconds left.
|
|t:|1659591834
|switch|p1a: Rillaboom|Rillaboom, M|37/100
|-fieldstart|move: Grassy Terrain|[from] ability: Grassy Surge|[of] p1a: Rillaboom
|move|p2a: Weavile|Knock Off|p1a: Rillaboom
|-damage|p1a: Rillaboom|0 fnt
|-enditem|p1a: Rillaboom|Choice Band|[from] move: Knock Off|[of] p2a: Weavile
|faint|p1a: Rillaboom
|
|-heal|p2a: Weavile|40/100|[from] Grassy Terrain
|upkeep
|
|t:|1659591839
|switch|p1a: Dragonite|Dragonite, F|84/100 brn
|turn|39
|inactive|Hostile Takeovers has 60 seconds left.
|
|t:|1659591866
|move|p2a: Weavile|Knock Off|p1a: Dragonite
|-damage|p1a: Dragonite|26/100 brn
|-enditem|p1a: Dragonite|Heavy-Duty Boots|[from] move: Knock Off|[of] p2a: Weavile
|move|p1a: Dragonite|Dragon Dance|p1a: Dragonite
|-boost|p1a: Dragonite|atk|1
|-boost|p1a: Dragonite|spe|1
|
|-heal|p2a: Weavile|46/100|[from] Grassy Terrain
|-damage|p1a: Dragonite|19/100 brn|[from] brn
|upkeep
|turn|40
|inactive|Hostile Takeovers has 60 seconds left.
|
|t:|1659591873
|move|p2a: Weavile|Knock Off|p1a: Dragonite
|-damage|p1a: Dragonite|0 fnt
|faint|p1a: Dragonite
|
|-heal|p2a: Weavile|52/100|[from] Grassy Terrain
|upkeep
|-message|Hostile Takeovers forfeited.
|
|win|LT91BB Wano
|raw|Hostile Takeovers's rating: 1736 &rarr; <strong>1719</strong><br />(-17 for losing)
|raw|LT91BB Wano's rating: 1793 &rarr; <strong>1810</strong><br />(+17 for winning)
|l|☆Hostile Takeovers
