|j|☆Bushido Black
|j|‽BLOODCLAT
|t:|1661468418
|gametype|singles
|player|p1|Bushido Black|roxie|
|player|p2|BLOODCLAT|hoopster|
|teamsize|p1|6
|teamsize|p2|6
|gen|8
|tier|[Gen 8] OU
|rule|Sleep Clause Mod: Limit one foe put to sleep
|rule|Species Clause: Limit one of each Pokémon
|rule|OHKO Clause: OHKO moves are banned
|rule|Evasion Items Clause: Evasion items are banned
|rule|Evasion Moves Clause: Evasion moves are banned
|rule|Endless Battle Clause: Forcing endless battles is banned
|rule|HP Percentage Mod: HP is shown in percentages
|rule|Dynamax Clause: You cannot dynamax
|clearpoke
|poke|p1|Klefki, F|
|poke|p1|Tornadus-Therian, M|
|poke|p1|Zeraora|
|poke|p1|Landorus-Therian, M|
|poke|p1|Melmetal|
|poke|p1|Toxapex, F|
|poke|p2|Magnezone|
|poke|p2|Garchomp, F|
|poke|p2|Tornadus-Therian, M|
|poke|p2|Clefable, F|
|poke|p2|Slowbro, M|
|poke|p2|Melmetal|
|teampreview
|
|t:|1661468442
|start
|switch|p1a: Landorus|Landorus-Therian, M|100/100
|switch|p2a: Tornadus|Tornadus-Therian, M|100/100
|-ability|p1a: Landorus|Intimidate|boost
|-unboost|p2a: Tornadus|atk|1
|turn|1
|
|t:|1661468449
|switch|p1a: Toxapex|Toxapex, F|100/100
|move|p2a: Tornadus|Knock Off|p1a: Toxapex
|-damage|p1a: Toxapex|92/100
|-enditem|p1a: Toxapex|Shed Shell|[from] move: Knock Off|[of] p2a: Tornadus
|
|upkeep
|turn|2
|
|t:|1661468456
|move|p2a: Tornadus|U-turn|p1a: Toxapex
|-resisted|p1a: Toxapex
|-damage|p1a: Toxapex|89/100
|
|t:|1661468459
|switch|p2a: Slowbro|Slowbro, M|100/100|[from]move: U-turn
|move|p1a: Toxapex|Scald|p2a: Slowbro
|-resisted|p2a: Slowbro
|-damage|p2a: Slowbro|94/100
|
|upkeep
|turn|3
|
|t:|1661468467
|move|p1a: Toxapex|Poison Jab|p2a: Slowbro
|-damage|p2a: Slowbro|83/100
|move|p2a: Slowbro|Scald|p1a: Toxapex
|-resisted|p1a: Toxapex
|-damage|p1a: Toxapex|78/100
|
|upkeep
|turn|4
|
|t:|1661468471
|move|p1a: Toxapex|Poison Jab|p2a: Slowbro
|-damage|p2a: Slowbro|71/100
|-status|p2a: Slowbro|psn
|move|p2a: Slowbro|Scald|p1a: Toxapex
|-resisted|p1a: Toxapex
|-damage|p1a: Toxapex|69/100
|
|-damage|p2a: Slowbro|59/100 psn|[from] psn
|upkeep
|turn|5
|
|t:|1661468483
|move|p1a: Toxapex|Scald|p2a: Slowbro
|-resisted|p2a: Slowbro
|-damage|p2a: Slowbro|51/100 psn
|move|p2a: Slowbro|Scald|p1a: Toxapex
|-resisted|p1a: Toxapex
|-damage|p1a: Toxapex|59/100
|
|-damage|p2a: Slowbro|39/100 psn|[from] psn
|upkeep
|turn|6
|
|t:|1661468492
|switch|p1a: Tornadus|Tornadus-Therian, M|100/100
|move|p2a: Slowbro|Teleport|p2a: Slowbro
|
|t:|1661468500
|switch|p2a: Tornadus|Tornadus-Therian, M|100/100|[from]move: Teleport
|
|upkeep
|turn|7
|
|t:|1661468512
|move|p2a: Tornadus|Knock Off|p1a: Tornadus
|-damage|p1a: Tornadus|77/100
|-enditem|p1a: Tornadus|Heavy-Duty Boots|[from] move: Knock Off|[of] p2a: Tornadus
|move|p1a: Tornadus|U-turn|p2a: Tornadus
|-resisted|p2a: Tornadus
|-damage|p2a: Tornadus|93/100
|
|t:|1661468520
|switch|p1a: Toxapex|Toxapex, F|92/100|[from]move: U-turn
|
|upkeep
|turn|8
|
|t:|1661468529
|move|p2a: Tornadus|U-turn|p1a: Toxapex
|-resisted|p1a: Toxapex
|-damage|p1a: Toxapex|87/100
|
|t:|1661468530
|switch|p2a: Slowbro|Slowbro, M|72/100 psn|[from]move: U-turn
|move|p1a: Toxapex|Scald|p2a: Slowbro
|-resisted|p2a: Slowbro
|-damage|p2a: Slowbro|65/100 psn
|
|-damage|p2a: Slowbro|53/100 psn|[from] psn
|upkeep
|turn|9
|
|t:|1661468539
|switch|p1a: Tornadus|Tornadus-Therian, M|100/100
|move|p2a: Slowbro|Teleport|p2a: Slowbro
|
|t:|1661468555
|switch|p2a: Melmetal|Melmetal|100/100|[from]move: Teleport
|
|upkeep
|turn|10
|
|t:|1661468562
|move|p1a: Tornadus|U-turn|p2a: Melmetal
|-resisted|p2a: Melmetal
|-damage|p2a: Melmetal|96/100
|
|t:|1661468568
|switch|p1a: Toxapex|Toxapex, F|100/100|[from]move: U-turn
|move|p2a: Melmetal|Double Iron Bash|p1a: Toxapex
|-resisted|p1a: Toxapex
|-damage|p1a: Toxapex|85/100
|-resisted|p1a: Toxapex
|-damage|p1a: Toxapex|70/100
|-hitcount|p1a: Toxapex|2
|
|-heal|p2a: Melmetal|100/100|[from] item: Leftovers
|upkeep
|turn|11
|
|t:|1661468580
|switch|p2a: Slowbro|Slowbro, M|86/100 psn
|move|p1a: Toxapex|Scald|p2a: Slowbro
|-resisted|p2a: Slowbro
|-damage|p2a: Slowbro|79/100 psn
|
|-damage|p2a: Slowbro|66/100 psn|[from] psn
|upkeep
|turn|12
|
|t:|1661468589
|move|p1a: Toxapex|Scald|p2a: Slowbro
|-resisted|p2a: Slowbro
|-damage|p2a: Slowbro|58/100 psn
|move|p2a: Slowbro|Scald|p1a: Toxapex
|-resisted|p1a: Toxapex
|-damage|p1a: Toxapex|60/100
|-status|p1a: Toxapex|brn
|
|-damage|p2a: Slowbro|46/100 psn|[from] psn
|-damage|p1a: Toxapex|54/100 brn|[from] brn
|upkeep
|turn|13
|
|t:|1661468606
|move|p1a: Toxapex|Poison Jab|p2a: Slowbro
|-damage|p2a: Slowbro|41/100 psn
|move|p2a: Slowbro|Slack Off|p2a: Slowbro
|-heal|p2a: Slowbro|91/100 psn
|
|-damage|p2a: Slowbro|78/100 psn|[from] psn
|-damage|p1a: Toxapex|48/100 brn|[from] brn
|upkeep
|turn|14
|
|t:|1661468615
|move|p1a: Toxapex|Recover|p1a: Toxapex
|-heal|p1a: Toxapex|98/100 brn
|move|p2a: Slowbro|Teleport|p2a: Slowbro
|
|t:|1661468618
|switch|p2a: Garchomp|Garchomp, F|100/100|[from]move: Teleport
|
|-damage|p1a: Toxapex|91/100 brn|[from] brn
|upkeep
|turn|15
|
|t:|1661468633
|switch|p2a: Clefable|Clefable, F|100/100
|switch|p1a: Klefki|Klefki, F, shiny|100/100
|
|upkeep
|turn|16
|
|t:|1661468648
|switch|p1a: Landorus|Landorus-Therian, M|100/100
|-ability|p1a: Landorus|Intimidate|boost
|-unboost|p2a: Clefable|atk|1
|move|p2a: Clefable|Stealth Rock|p1a: Landorus
|-sidestart|p1: Bushido Black|move: Stealth Rock
|
|upkeep
|turn|17
|
|t:|1661468654
|move|p1a: Landorus|Stealth Rock|p2a: Clefable
|-sidestart|p2: BLOODCLAT|move: Stealth Rock
|move|p2a: Clefable|Knock Off|p1a: Landorus
|-damage|p1a: Landorus|90/100
|-enditem|p1a: Landorus|Leftovers|[from] move: Knock Off|[of] p2a: Clefable
|
|upkeep
|turn|18
|
|t:|1661468664
|move|p1a: Landorus|Earthquake|p2a: Clefable
|-damage|p2a: Clefable|61/100
|move|p2a: Clefable|Moonblast|p1a: Landorus
|-damage|p1a: Landorus|55/100
|-unboost|p1a: Landorus|spa|1
|
|upkeep
|turn|19
|
|t:|1661468671
|switch|p1a: Toxapex|Toxapex, F|100/100 brn
|-damage|p1a: Toxapex|88/100 brn|[from] Stealth Rock
|move|p2a: Clefable|Soft-Boiled|p2a: Clefable
|-heal|p2a: Clefable|100/100
|
|-damage|p1a: Toxapex|82/100 brn|[from] brn
|upkeep
|turn|20
|
|t:|1661468679
|switch|p2a: Slowbro|Slowbro, M|100/100 psn
|move|p1a: Toxapex|Scald|p2a: Slowbro
|-resisted|p2a: Slowbro
|-damage|p2a: Slowbro|94/100 psn
|
|-damage|p2a: Slowbro|81/100 psn|[from] psn
|-damage|p1a: Toxapex|75/100 brn|[from] brn
|upkeep
|turn|21
|
|t:|1661468730
|move|p1a: Toxapex|Scald|p2a: Slowbro
|-resisted|p2a: Slowbro
|-damage|p2a: Slowbro|75/100 psn
|move|p2a: Slowbro|Scald|p1a: Toxapex
|-resisted|p1a: Toxapex
|-damage|p1a: Toxapex|66/100 brn
|
|-damage|p2a: Slowbro|62/100 psn|[from] psn
|-damage|p1a: Toxapex|60/100 brn|[from] brn
|upkeep
|turn|22
|
|t:|1661468741
|move|p1a: Toxapex|Recover|p1a: Toxapex
|-heal|p1a: Toxapex|100/100 brn
|move|p2a: Slowbro|Scald|p1a: Toxapex
|-resisted|p1a: Toxapex
|-damage|p1a: Toxapex|90/100 brn
|
|-damage|p2a: Slowbro|50/100 psn|[from] psn
|-damage|p1a: Toxapex|83/100 brn|[from] brn
|upkeep
|turn|23
|
|t:|1661468761
|switch|p1a: Zeraora|Zeraora, shiny|100/100
|move|p2a: Slowbro|Teleport|p2a: Slowbro
|
|t:|1661468765
|switch|p2a: Garchomp|Garchomp, F|100/100|[from]move: Teleport
|-damage|p2a: Garchomp|94/100|[from] Stealth Rock
|
|-heal|p2a: Garchomp|100/100|[from] item: Leftovers
|upkeep
|turn|24
|
|t:|1661468772
|switch|p1a: Klefki|Klefki, F, shiny|100/100
|-damage|p1a: Klefki|95/100|[from] Stealth Rock
|move|p2a: Garchomp|Earthquake|p1a: Klefki
|-supereffective|p1a: Klefki
|-damage|p1a: Klefki|7/100
|
|upkeep
|turn|25
|
|t:|1661468781
|switch|p2a: Tornadus|Tornadus-Therian, M|100/100
|move|p1a: Klefki|Magnet Rise|p1a: Klefki
|-start|p1a: Klefki|Magnet Rise
|
|upkeep
|turn|26
|
|t:|1661468787
|switch|p2a: Slowbro|Slowbro, M|83/100 psn
|move|p1a: Klefki|Thunder Wave||[still]
|-fail|p1a: Klefki
|
|-damage|p2a: Slowbro|71/100 psn|[from] psn
|upkeep
|turn|27
|
|t:|1661468796
|move|p1a: Klefki|Spikes|p2a: Slowbro
|-sidestart|p2: BLOODCLAT|Spikes
|move|p2a: Slowbro|Scald|p1a: Klefki
|-damage|p1a: Klefki|0 fnt
|faint|p1a: Klefki
|
|-damage|p2a: Slowbro|58/100 psn|[from] psn
|upkeep
|
|t:|1661468798
|switch|p1a: Zeraora|Zeraora, shiny|100/100
|turn|28
|
|t:|1661468809
|switch|p2a: Magnezone|Magnezone|100/100
|-damage|p2a: Magnezone|94/100|[from] Stealth Rock
|-damage|p2a: Magnezone|82/100|[from] Spikes
|move|p1a: Zeraora|Knock Off|p2a: Magnezone
|-damage|p2a: Magnezone|55/100
|-enditem|p2a: Magnezone|Leftovers|[from] move: Knock Off|[of] p1a: Zeraora
|
|upkeep
|turn|29
|
|t:|1661468816
|move|p1a: Zeraora|Knock Off|p2a: Magnezone
|-damage|p2a: Magnezone|34/100
|move|p2a: Magnezone|Toxic|p1a: Zeraora
|-status|p1a: Zeraora|tox
|
|-damage|p1a: Zeraora|95/100 tox|[from] psn
|upkeep
|turn|30
|
|t:|1661468821
|move|p1a: Zeraora|Blaze Kick|p2a: Magnezone
|-supereffective|p2a: Magnezone
|-crit|p2a: Magnezone
|-damage|p2a: Magnezone|0 fnt
|faint|p2a: Magnezone
|
|-damage|p1a: Zeraora|83/100 tox|[from] psn
|upkeep
|
|t:|1661468828
|switch|p2a: Garchomp|Garchomp, F|100/100
|-damage|p2a: Garchomp|94/100|[from] Stealth Rock
|-damage|p2a: Garchomp|82/100|[from] Spikes
|turn|31
|
|t:|1661468860
|move|p1a: Zeraora|Toxic|p2a: Garchomp
|-status|p2a: Garchomp|tox
|move|p2a: Garchomp|Scale Shot|p1a: Zeraora
|-damage|p1a: Zeraora|65/100 tox
|-damage|p1a: Zeraora|46/100 tox
|-hitcount|p1a: Zeraora|2
|-unboost|p2a: Garchomp|def|1
|-boost|p2a: Garchomp|spe|1
|
|-heal|p2a: Garchomp|88/100 tox|[from] item: Leftovers
|-damage|p2a: Garchomp|82/100 tox|[from] psn
|-damage|p1a: Zeraora|28/100 tox|[from] psn
|upkeep
|turn|32
|
|t:|1661468900
|move|p2a: Garchomp|Scale Shot|p1a: Zeraora
|-damage|p1a: Zeraora|10/100 tox
|-damage|p1a: Zeraora|0 fnt
|faint|p1a: Zeraora
|-hitcount|p1: Zeraora|2
|-unboost|p2a: Garchomp|def|1
|-boost|p2a: Garchomp|spe|1
|
|-heal|p2a: Garchomp|88/100 tox|[from] item: Leftovers
|-damage|p2a: Garchomp|76/100 tox|[from] psn
|upkeep
|
|t:|1661468910
|switch|p1a: Tornadus|Tornadus-Therian, M|100/100
|-damage|p1a: Tornadus|76/100|[from] Stealth Rock
|turn|33
|
|t:|1661468935
|move|p2a: Garchomp|Swords Dance|p2a: Garchomp
|-boost|p2a: Garchomp|atk|2
|move|p1a: Tornadus|Hurricane|p2a: Garchomp
|-damage|p2a: Garchomp|30/100 tox
|
|-heal|p2a: Garchomp|36/100 tox|[from] item: Leftovers
|-damage|p2a: Garchomp|18/100 tox|[from] psn
|upkeep
|turn|34
|
|t:|1661468989
|switch|p1a: Landorus|Landorus-Therian, M|55/100
|-damage|p1a: Landorus|42/100|[from] Stealth Rock
|-ability|p1a: Landorus|Intimidate|boost
|-unboost|p2a: Garchomp|atk|1
|move|p2a: Garchomp|Scale Shot|p1a: Landorus|[miss]
|-miss|p2a: Garchomp|p1a: Landorus
|
|-heal|p2a: Garchomp|24/100 tox|[from] item: Leftovers
|-damage|p2a: Garchomp|0 fnt|[from] psn
|faint|p2a: Garchomp
|upkeep
|
|t:|1661469000
|switch|p2a: Clefable|Clefable, F|100/100
|turn|35
|
|t:|1661469025
|switch|p1a: Toxapex|Toxapex, F|100/100 brn
|-damage|p1a: Toxapex|88/100 brn|[from] Stealth Rock
|move|p2a: Clefable|Knock Off|p1a: Toxapex
|-damage|p1a: Toxapex|81/100 brn
|
|-damage|p1a: Toxapex|75/100 brn|[from] brn
|upkeep
|turn|36
|
|t:|1661469036
|switch|p2a: Slowbro|Slowbro, M|91/100 psn
|move|p1a: Toxapex|Scald|p2a: Slowbro
|-resisted|p2a: Slowbro
|-damage|p2a: Slowbro|84/100 psn
|
|-damage|p2a: Slowbro|72/100 psn|[from] psn
|-damage|p1a: Toxapex|68/100 brn|[from] brn
|upkeep
|turn|37
|
|t:|1661469048
|switch|p1a: Tornadus|Tornadus-Therian, M|100/100
|-damage|p1a: Tornadus|76/100|[from] Stealth Rock
|move|p2a: Slowbro|Teleport|p2a: Slowbro
|
|t:|1661469051
|switch|p2a: Tornadus|Tornadus-Therian, M|100/100|[from]move: Teleport
|
|upkeep
|turn|38
|
|t:|1661469058
|move|p2a: Tornadus|Defog|p1a: Tornadus
|-unboost|p1a: Tornadus|evasion|1
|-sideend|p1: Bushido Black|Stealth Rock|[from] move: Defog|[of] p2a: Tornadus
|-sideend|p2: BLOODCLAT|Spikes|[from] move: Defog|[of] p2a: Tornadus
|-sideend|p2: BLOODCLAT|Stealth Rock|[from] move: Defog|[of] p2a: Tornadus
|move|p1a: Tornadus|Hurricane|p2a: Tornadus|[miss]
|-miss|p1a: Tornadus|p2a: Tornadus
|
|upkeep
|turn|39
|
|t:|1661469075
|move|p2a: Tornadus|Knock Off|p1a: Tornadus
|-damage|p1a: Tornadus|60/100
|move|p1a: Tornadus|Hurricane|p2a: Tornadus|[miss]
|-miss|p1a: Tornadus|p2a: Tornadus
|
|upkeep
|turn|40
|
|t:|1661469082
|move|p2a: Tornadus|Knock Off|p1a: Tornadus
|-damage|p1a: Tornadus|46/100
|move|p1a: Tornadus|U-turn|p2a: Tornadus
|-resisted|p2a: Tornadus
|-damage|p2a: Tornadus|94/100
|
|t:|1661469089
|switch|p1a: Melmetal|Melmetal|100/100|[from]move: U-turn
|
|upkeep
|turn|41
|
|t:|1661469099
|move|p2a: Tornadus|U-turn|p1a: Melmetal
|-resisted|p1a: Melmetal
|-damage|p1a: Melmetal|96/100
|
|t:|1661469101
|switch|p2a: Slowbro|Slowbro, M|100/100 psn|[from]move: U-turn
|move|p1a: Melmetal|Double Iron Bash|p2a: Slowbro
|-resisted|p2a: Slowbro
|-damage|p2a: Slowbro|86/100 psn
|-resisted|p2a: Slowbro
|-damage|p2a: Slowbro|71/100 psn
|-hitcount|p2a: Slowbro|2
|
|-heal|p1a: Melmetal|100/100|[from] item: Leftovers
|-damage|p2a: Slowbro|58/100 psn|[from] psn
|upkeep
|turn|42
|
|t:|1661469123
|move|p1a: Melmetal|Double Iron Bash|p2a: Slowbro
|-resisted|p2a: Slowbro
|-damage|p2a: Slowbro|44/100 psn
|-resisted|p2a: Slowbro
|-damage|p2a: Slowbro|28/100 psn
|-hitcount|p2a: Slowbro|2
|cant|p2a: Slowbro|flinch
|
|-damage|p2a: Slowbro|16/100 psn|[from] psn
|upkeep
|turn|43
|
|t:|1661469134
|switch|p2a: Melmetal|Melmetal|100/100
|move|p1a: Melmetal|Earthquake|p2a: Melmetal
|-supereffective|p2a: Melmetal
|-damage|p2a: Melmetal|47/100
|
|-heal|p2a: Melmetal|53/100|[from] item: Leftovers
|upkeep
|turn|44
|
|t:|1661469140
|move|p2a: Melmetal|Protect|p2a: Melmetal
|-singleturn|p2a: Melmetal|Protect
|move|p1a: Melmetal|Earthquake|p2a: Melmetal
|-activate|p2a: Melmetal|move: Protect
|
|-heal|p2a: Melmetal|59/100|[from] item: Leftovers
|upkeep
|turn|45
|
|t:|1661469147
|switch|p2a: Tornadus|Tornadus-Therian, M|100/100
|move|p1a: Melmetal|Earthquake|p2a: Tornadus
|-immune|p2a: Tornadus
|
|upkeep
|turn|46
|
|t:|1661469153
|move|p2a: Tornadus|Knock Off|p1a: Melmetal
|-damage|p1a: Melmetal|89/100
|-enditem|p1a: Melmetal|Leftovers|[from] move: Knock Off|[of] p2a: Tornadus
|move|p1a: Melmetal|Double Iron Bash|p2a: Tornadus
|-damage|p2a: Tornadus|57/100
|-damage|p2a: Tornadus|8/100
|-hitcount|p2a: Tornadus|2
|
|upkeep
|turn|47
|
|t:|1661469167
|move|p2a: Tornadus|U-turn|p1a: Melmetal
|-resisted|p1a: Melmetal
|-damage|p1a: Melmetal|84/100
|
|t:|1661469168
|switch|p2a: Slowbro|Slowbro, M|49/100 psn|[from]move: U-turn
|move|p1a: Melmetal|Earthquake|p2a: Slowbro
|-damage|p2a: Slowbro|22/100 psn
|
|-damage|p2a: Slowbro|10/100 psn|[from] psn
|upkeep
|turn|48
|
|t:|1661469177
|switch|p2a: Melmetal|Melmetal|59/100
|move|p1a: Melmetal|Earthquake|p2a: Melmetal
|-supereffective|p2a: Melmetal
|-damage|p2a: Melmetal|6/100
|
|-heal|p2a: Melmetal|13/100|[from] item: Leftovers
|upkeep
|turn|49
|
|t:|1661469185
|move|p2a: Melmetal|Earthquake|p1a: Melmetal
|-supereffective|p1a: Melmetal
|-damage|p1a: Melmetal|32/100
|move|p1a: Melmetal|Double Iron Bash|p2a: Melmetal
|-resisted|p2a: Melmetal
|-damage|p2a: Melmetal|0 fnt
|faint|p2a: Melmetal
|-hitcount|p2: Melmetal|1
|
|upkeep
|
|t:|1661469187
|switch|p2a: Tornadus|Tornadus-Therian, M|41/100
|turn|50
|
|t:|1661469196
|switch|p1a: Toxapex|Toxapex, F|100/100 brn
|move|p2a: Tornadus|Heat Wave|p1a: Toxapex
|-resisted|p1a: Toxapex
|-damage|p1a: Toxapex|92/100 brn
|
|-damage|p1a: Toxapex|86/100 brn|[from] brn
|upkeep
|turn|51
|
|t:|1661469220
|switch|p1a: Tornadus|Tornadus-Therian, M|79/100
|move|p2a: Tornadus|U-turn|p1a: Tornadus
|-resisted|p1a: Tornadus
|-damage|p1a: Tornadus|71/100
|
|t:|1661469223
|switch|p2a: Clefable|Clefable, F|100/100|[from]move: U-turn
|
|upkeep
|turn|52
|
|t:|1661469232
|move|p1a: Tornadus|Taunt|p2a: Clefable
|-start|p2a: Clefable|move: Taunt
|cant|p2a: Clefable|move: Taunt|Stealth Rock
|
|upkeep
|turn|53
|
|t:|1661469237
|switch|p2a: Tornadus|Tornadus-Therian, M|75/100
|move|p1a: Tornadus|Hurricane|p2a: Tornadus|[miss]
|-miss|p1a: Tornadus|p2a: Tornadus
|
|upkeep
|turn|54
|
|t:|1661469247
|move|p2a: Tornadus|Heat Wave|p1a: Tornadus
|-damage|p1a: Tornadus|49/100
|move|p1a: Tornadus|Hurricane|p2a: Tornadus
|-damage|p2a: Tornadus|30/100
|-start|p2a: Tornadus|confusion
|
|upkeep
|turn|55
|
|t:|1661469258
|switch|p2a: Clefable|Clefable, F|100/100
|move|p1a: Tornadus|Hurricane|p2a: Clefable
|-damage|p2a: Clefable|61/100
|
|upkeep
|turn|56
|
|t:|1661469263
|move|p1a: Tornadus|Taunt|p2a: Clefable
|-start|p2a: Clefable|move: Taunt
|move|p2a: Clefable|Moonblast|p1a: Tornadus
|-damage|p1a: Tornadus|21/100
|
|upkeep
|turn|57
|
|t:|1661469268
|move|p1a: Tornadus|U-turn|p2a: Clefable
|-resisted|p2a: Clefable
|-damage|p2a: Clefable|55/100
|-damage|p1a: Tornadus|4/100|[from] item: Rocky Helmet|[of] p2a: Clefable
|
|t:|1661469273
|switch|p1a: Toxapex|Toxapex, F|100/100 brn|[from]move: U-turn
|move|p2a: Clefable|Moonblast|p1a: Toxapex
|-resisted|p1a: Toxapex
|-damage|p1a: Toxapex|89/100 brn
|
|-damage|p1a: Toxapex|82/100 brn|[from] brn
|upkeep
|turn|58
|
|t:|1661469279
|move|p2a: Clefable|Moonblast|p1a: Toxapex
|-resisted|p1a: Toxapex
|-damage|p1a: Toxapex|71/100 brn
|move|p1a: Toxapex|Poison Jab|p2a: Clefable
|-supereffective|p2a: Clefable
|-crit|p2a: Clefable
|-damage|p2a: Clefable|35/100
|-damage|p1a: Toxapex|54/100 brn|[from] item: Rocky Helmet|[of] p2a: Clefable
|
|-damage|p1a: Toxapex|48/100 brn|[from] brn
|-end|p2a: Clefable|move: Taunt
|upkeep
|turn|59
|
|t:|1661469286
|switch|p1a: Melmetal|Melmetal|32/100
|move|p2a: Clefable|Soft-Boiled|p2a: Clefable
|-heal|p2a: Clefable|85/100
|
|upkeep
|turn|60
|
|t:|1661469292
|move|p2a: Clefable|Stealth Rock|p1a: Melmetal
|-sidestart|p1: Bushido Black|move: Stealth Rock
|move|p1a: Melmetal|Double Iron Bash|p2a: Clefable
|-supereffective|p2a: Clefable
|-crit|p2a: Clefable
|-damage|p2a: Clefable|0 fnt
|-damage|p1a: Melmetal|15/100|[from] item: Rocky Helmet|[of] p2a: Clefable
|faint|p2a: Clefable
|-hitcount|p2: Clefable|1
|
|upkeep
|
|t:|1661469297
|switch|p2a: Tornadus|Tornadus-Therian, M|63/100
|turn|61
|
|t:|1661469311
|switch|p1a: Toxapex|Toxapex, F|81/100 brn
|-damage|p1a: Toxapex|69/100 brn|[from] Stealth Rock
|move|p2a: Tornadus|Heat Wave|p1a: Toxapex
|-resisted|p1a: Toxapex
|-damage|p1a: Toxapex|60/100 brn
|
|-damage|p1a: Toxapex|53/100 brn|[from] brn
|upkeep
|turn|62
|
|t:|1661469320
|move|p2a: Tornadus|U-turn|p1a: Toxapex
|-resisted|p1a: Toxapex
|-damage|p1a: Toxapex|49/100 brn
|
|t:|1661469322
|switch|p2a: Slowbro|Slowbro, M|43/100 psn|[from]move: U-turn
|move|p1a: Toxapex|Recover|p1a: Toxapex
|-heal|p1a: Toxapex|99/100 brn
|
|-damage|p2a: Slowbro|30/100 psn|[from] psn
|-damage|p1a: Toxapex|92/100 brn|[from] brn
|upkeep
|turn|63
|
|t:|1661469333
|move|p1a: Toxapex|Scald|p2a: Slowbro
|-resisted|p2a: Slowbro
|-damage|p2a: Slowbro|23/100 psn
|move|p2a: Slowbro|Teleport|p2a: Slowbro
|
|t:|1661469335
|switch|p2a: Tornadus|Tornadus-Therian, M|96/100|[from]move: Teleport
|
|-damage|p1a: Toxapex|86/100 brn|[from] brn
|upkeep
|turn|64
|
|t:|1661469341
|move|p2a: Tornadus|U-turn|p1a: Toxapex
|-resisted|p1a: Toxapex
|-damage|p1a: Toxapex|81/100 brn
|
|t:|1661469344
|switch|p2a: Slowbro|Slowbro, M|56/100 psn|[from]move: U-turn
|move|p1a: Toxapex|Poison Jab|p2a: Slowbro
|-damage|p2a: Slowbro|50/100 psn
|
|-damage|p2a: Slowbro|38/100 psn|[from] psn
|-damage|p1a: Toxapex|75/100 brn|[from] brn
|upkeep
|turn|65
|
|t:|1661469408
|move|p1a: Toxapex|Scald|p2a: Slowbro
|-resisted|p2a: Slowbro
|-crit|p2a: Slowbro
|-damage|p2a: Slowbro|26/100 psn
|move|p2a: Slowbro|Teleport|p2a: Slowbro
|
|t:|1661469411
|switch|p2a: Tornadus|Tornadus-Therian, M|100/100|[from]move: Teleport
|
|-damage|p1a: Toxapex|69/100 brn|[from] brn
|upkeep
|turn|66
|
|t:|1661469415
|move|p2a: Tornadus|Heat Wave|p1a: Toxapex
|-resisted|p1a: Toxapex
|-damage|p1a: Toxapex|61/100 brn
|move|p1a: Toxapex|Poison Jab|p2a: Tornadus
|-damage|p2a: Tornadus|91/100
|
|-damage|p1a: Toxapex|55/100 brn|[from] brn
|upkeep
|turn|67
|
|t:|1661469419
|move|p2a: Tornadus|Knock Off|p1a: Toxapex
|-damage|p1a: Toxapex|45/100 brn
|move|p1a: Toxapex|Poison Jab|p2a: Tornadus
|-damage|p2a: Tornadus|83/100
|
|-damage|p1a: Toxapex|39/100 brn|[from] brn
|upkeep
|turn|68
|
|t:|1661469422
|move|p2a: Tornadus|U-turn|p1a: Toxapex
|-resisted|p1a: Toxapex
|-damage|p1a: Toxapex|34/100 brn
|
|t:|1661469424
|switch|p2a: Slowbro|Slowbro, M|59/100 psn|[from]move: U-turn
|move|p1a: Toxapex|Recover|p1a: Toxapex
|-heal|p1a: Toxapex|84/100 brn
|
|-damage|p2a: Slowbro|47/100 psn|[from] psn
|-damage|p1a: Toxapex|77/100 brn|[from] brn
|upkeep
|turn|69
|
|t:|1661469432
|move|p1a: Toxapex|Scald|p2a: Slowbro
|-resisted|p2a: Slowbro
|-damage|p2a: Slowbro|39/100 psn
|move|p2a: Slowbro|Slack Off|p2a: Slowbro
|-heal|p2a: Slowbro|89/100 psn
|
|-damage|p2a: Slowbro|77/100 psn|[from] psn
|-damage|p1a: Toxapex|71/100 brn|[from] brn
|upkeep
|turn|70
|
|t:|1661469446
|switch|p2a: Tornadus|Tornadus-Therian, M|100/100
|move|p1a: Toxapex|Poison Jab|p2a: Tornadus
|-damage|p2a: Tornadus|92/100
|
|-damage|p1a: Toxapex|65/100 brn|[from] brn
|upkeep
|turn|71
|
|t:|1661469451
|move|p2a: Tornadus|U-turn|p1a: Toxapex
|-resisted|p1a: Toxapex
|-damage|p1a: Toxapex|60/100 brn
|
|t:|1661469452
|switch|p2a: Slowbro|Slowbro, M|100/100 psn|[from]move: U-turn
|move|p1a: Toxapex|Poison Jab|p2a: Slowbro
|-damage|p2a: Slowbro|95/100 psn
|
|-damage|p2a: Slowbro|82/100 psn|[from] psn
|-damage|p1a: Toxapex|53/100 brn|[from] brn
|upkeep
|turn|72
|
|t:|1661469460
|move|p1a: Toxapex|Recover|p1a: Toxapex
|-heal|p1a: Toxapex|100/100 brn
|move|p2a: Slowbro|Scald|p1a: Toxapex
|-resisted|p1a: Toxapex
|-damage|p1a: Toxapex|90/100 brn
|
|-damage|p2a: Slowbro|70/100 psn|[from] psn
|-damage|p1a: Toxapex|83/100 brn|[from] brn
|upkeep
|turn|73
|
|t:|1661469468
|move|p1a: Toxapex|Scald|p2a: Slowbro
|-resisted|p2a: Slowbro
|-damage|p2a: Slowbro|63/100 psn
|move|p2a: Slowbro|Thunder Wave||[still]
|-fail|p2a: Slowbro
|
|-damage|p2a: Slowbro|51/100 psn|[from] psn
|-damage|p1a: Toxapex|77/100 brn|[from] brn
|upkeep
|turn|74
|
|t:|1661469484
|switch|p1a: Landorus|Landorus-Therian, M|42/100
|-damage|p1a: Landorus|30/100|[from] Stealth Rock
|-ability|p1a: Landorus|Intimidate|boost
|-unboost|p2a: Slowbro|atk|1
|move|p2a: Slowbro|Teleport|p2a: Slowbro
|
|t:|1661469486
|switch|p2a: Tornadus|Tornadus-Therian, M|100/100|[from]move: Teleport
|
|upkeep
|turn|75
|
|t:|1661469491
|move|p2a: Tornadus|Heat Wave|p1a: Landorus
|-damage|p1a: Landorus|6/100
|move|p1a: Landorus|Smack Down|p2a: Tornadus
|-supereffective|p2a: Tornadus
|-damage|p2a: Tornadus|70/100
|-start|p2a: Tornadus|Smack Down
|
|upkeep
|turn|76
|
|t:|1661469499
|move|p2a: Tornadus|Knock Off|p1a: Landorus
|-damage|p1a: Landorus|0 fnt
|faint|p1a: Landorus
|
|upkeep
|
|t:|1661469507
|switch|p1a: Toxapex|Toxapex, F|100/100 brn
|-damage|p1a: Toxapex|88/100 brn|[from] Stealth Rock
|turn|77
|
|t:|1661469519
|move|p2a: Tornadus|U-turn|p1a: Toxapex
|-resisted|p1a: Toxapex
|-damage|p1a: Toxapex|83/100 brn
|
|t:|1661469521
|switch|p2a: Slowbro|Slowbro, M|84/100 psn|[from]move: U-turn
|move|p1a: Toxapex|Scald|p2a: Slowbro
|-resisted|p2a: Slowbro
|-damage|p2a: Slowbro|77/100 psn
|
|-damage|p2a: Slowbro|65/100 psn|[from] psn
|-damage|p1a: Toxapex|77/100 brn|[from] brn
|upkeep
|turn|78
|
|t:|1661469555
|move|p1a: Toxapex|Poison Jab|p2a: Slowbro
|-damage|p2a: Slowbro|59/100 psn
|move|p2a: Slowbro|Teleport|p2a: Slowbro
|
|t:|1661469558
|switch|p2a: Tornadus|Tornadus-Therian, M|100/100|[from]move: Teleport
|
|-damage|p1a: Toxapex|71/100 brn|[from] brn
|upkeep
|turn|79
|
|t:|1661469565
|switch|p1a: Tornadus|Tornadus-Therian, M|38/100
|-damage|p1a: Tornadus|13/100|[from] Stealth Rock
|move|p2a: Tornadus|U-turn|p1a: Tornadus
|-resisted|p1a: Tornadus
|-damage|p1a: Tornadus|5/100
|
|t:|1661469567
|switch|p2a: Slowbro|Slowbro, M|93/100 psn|[from]move: U-turn
|
|-damage|p2a: Slowbro|80/100 psn|[from] psn
|upkeep
|turn|80
|
|t:|1661469572
|move|p1a: Tornadus|U-turn|p2a: Slowbro
|-supereffective|p2a: Slowbro
|-damage|p2a: Slowbro|60/100 psn
|
|t:|1661469575
|switch|p1a: Toxapex|Toxapex, F|100/100 brn|[from]move: U-turn
|-damage|p1a: Toxapex|88/100 brn|[from] Stealth Rock
|move|p2a: Slowbro|Scald|p1a: Toxapex
|-resisted|p1a: Toxapex
|-damage|p1a: Toxapex|79/100 brn
|
|-damage|p2a: Slowbro|48/100 psn|[from] psn
|-damage|p1a: Toxapex|73/100 brn|[from] brn
|upkeep
|turn|81
|
|t:|1661469596
|switch|p1a: Tornadus|Tornadus-Therian, M|38/100
|-damage|p1a: Tornadus|13/100|[from] Stealth Rock
|move|p2a: Slowbro|Scald|p1a: Tornadus
|-damage|p1a: Tornadus|0 fnt
|faint|p1a: Tornadus
|
|-damage|p2a: Slowbro|36/100 psn|[from] psn
|upkeep
|
|t:|1661469601
|switch|p1a: Melmetal|Melmetal|15/100
|-damage|p1a: Melmetal|9/100|[from] Stealth Rock
|turn|82
|
|t:|1661469606
|switch|p2a: Tornadus|Tornadus-Therian, M|100/100
|move|p1a: Melmetal|Double Iron Bash|p2a: Tornadus
|-damage|p2a: Tornadus|57/100
|-damage|p2a: Tornadus|13/100
|-hitcount|p2a: Tornadus|2
|
|upkeep
|turn|83
|
|t:|1661469665
|move|p2a: Tornadus|Heat Wave|p1a: Melmetal
|-supereffective|p1a: Melmetal
|-damage|p1a: Melmetal|0 fnt
|faint|p1a: Melmetal
|
|upkeep
|
|t:|1661469668
|switch|p1a: Toxapex|Toxapex, F|100/100 brn
|-damage|p1a: Toxapex|88/100 brn|[from] Stealth Rock
|turn|84
|
|t:|1661469673
|switch|p2a: Slowbro|Slowbro, M|69/100 psn
|move|p1a: Toxapex|Scald|p2a: Slowbro
|-resisted|p2a: Slowbro
|-damage|p2a: Slowbro|62/100 psn
|
|-damage|p2a: Slowbro|49/100 psn|[from] psn
|-damage|p1a: Toxapex|82/100 brn|[from] brn
|upkeep
|turn|85
|-message|BLOODCLAT forfeited.
|
|win|Bushido Black
|l|‽BLOODCLAT
|l|☆Bushido Black
|j|☆Bushido Black
|player|p1|Bushido Black|roxie
