|j|☆Colston
|j|☆Sombra Diurna
|t:|1655402496
|gametype|singles
|player|p1|Colston|unknown|1733
|player|p2|Sombra Diurna|blue|1793
|teamsize|p1|6
|teamsize|p2|6
|gen|8
|tier|[Gen 8] OU
|rated|
|rule|Sleep Clause Mod: Limit one foe put to sleep
|rule|Species Clause: Limit one of each Pokémon
|rule|OHKO Clause: OHKO moves are banned
|rule|Evasion Moves Clause: Evasion moves are banned
|rule|Endless Battle Clause: Forcing endless battles is banned
|rule|HP Percentage Mod: HP is shown in percentages
|rule|Dynamax Clause: You cannot dynamax
|clearpoke
|poke|p1|Tapu Fini|
|poke|p1|Tyranitar, M|
|poke|p1|Landorus-Therian, M|
|poke|p1|Excadrill, F|
|poke|p1|Scizor, M|
|poke|p1|Magnezone|
|poke|p2|Slowbro, M|
|poke|p2|Hatterene, F|
|poke|p2|Marowak-Alola, M|
|poke|p2|Ferrothorn, M|
|poke|p2|Garchomp, M|
|poke|p2|Drampa, M|
|teampreview
|inactive|Battle timer is ON: inactive players will automatically lose when time's up. (requested by Colston)
|inactive|Colston has 120 seconds left.
|
|t:|1655402542
|start
|switch|p1a: Scizor|Scizor, M|100/100
|switch|p2a: Sonso|Slowbro, M|100/100
|turn|1
|j| Maiko622
|
|t:|1655402559
|move|p1a: Scizor|U-turn|p2a: Sonso
|-supereffective|p2a: Sonso
|-damage|p2a: Sonso|27/100
|
|t:|1655402562
|switch|p1a: Tyranitar|Tyranitar, M|100/100|[from]move: U-turn
|-weather|Sandstorm|[from] ability: Sand Stream|[of] p1a: Tyranitar
|move|p2a: Sonso|Scald|p1a: Tyranitar
|-supereffective|p1a: Tyranitar
|-damage|p1a: Tyranitar|64/100
|
|-weather|Sandstorm|[upkeep]
|-damage|p2a: Sonso|21/100|[from] Sandstorm
|upkeep
|turn|2
|
|t:|1655402571
|switch|p2a: Thorns|Ferrothorn, M|100/100
|move|p1a: Tyranitar|Crunch|p2a: Thorns
|-damage|p2a: Thorns|65/100
|-damage|p1a: Tyranitar|51/100|[from] ability: Iron Barbs|[of] p2a: Thorns
|
|-weather|Sandstorm|[upkeep]
|-heal|p2a: Thorns|72/100|[from] item: Leftovers
|upkeep
|turn|3
|
|t:|1655402580
|switch|p1a: Magnezone|Magnezone|100/100
|switch|p2a: Sharpo|Garchomp, M|100/100
|
|-weather|Sandstorm|[upkeep]
|upkeep
|turn|4
|
|t:|1655402590
|switch|p1a: Landorus|Landorus-Therian, M|100/100
|-ability|p1a: Landorus|Intimidate|boost
|-unboost|p2a: Sharpo|atk|1
|move|p2a: Sharpo|Swords Dance|p2a: Sharpo
|-boost|p2a: Sharpo|atk|2
|
|-weather|Sandstorm|[upkeep]
|upkeep
|turn|5
|
|t:|1655402597
|move|p2a: Sharpo|Stone Edge|p1a: Landorus
|-damage|p1a: Landorus|38/100
|move|p1a: Landorus|Earthquake|p2a: Sharpo
|-damage|p2a: Sharpo|48/100
|
|-weather|Sandstorm|[upkeep]
|-heal|p2a: Sharpo|55/100|[from] item: Leftovers
|upkeep
|turn|6
|
|t:|1655402607
|move|p2a: Sharpo|Scale Shot|p1a: Landorus
|-damage|p1a: Landorus|17/100
|-damage|p1a: Landorus|0 fnt
|faint|p1a: Landorus
|-hitcount|p1: Landorus|2
|-unboost|p2a: Sharpo|def|1
|-boost|p2a: Sharpo|spe|1
|
|-weather|Sandstorm|[upkeep]
|-heal|p2a: Sharpo|61/100|[from] item: Leftovers
|upkeep
|
|t:|1655402609
|switch|p1a: Scizor|Scizor, M|100/100
|turn|7
|
|t:|1655402625
|switch|p2a: Sonso|Slowbro, M|55/100
|move|p1a: Scizor|Bullet Punch|p2a: Sonso
|-resisted|p2a: Sonso
|-damage|p2a: Sonso|40/100
|
|-weather|Sandstorm|[upkeep]
|-damage|p2a: Sonso|34/100|[from] Sandstorm
|upkeep
|turn|8
|
|t:|1655402633
|switch|p1a: Tyranitar|Tyranitar, M|51/100
|move|p2a: Sonso|Trick Room|p2a: Sonso
|-fieldstart|move: Trick Room|[of] p2a: Sonso
|
|-weather|none
|upkeep
|turn|9
|
|t:|1655402645
|move|p2a: Sonso|Body Press|p1a: Tyranitar
|-supereffective|p1a: Tyranitar
|-damage|p1a: Tyranitar|0 fnt
|faint|p1a: Tyranitar
|
|upkeep
|
|t:|1655402651
|switch|p1a: Scizor|Scizor, M|100/100
|turn|10
|
|t:|1655402661
|switch|p2a: Falko|Drampa, M|100/100
|move|p1a: Scizor|U-turn|p2a: Falko
|-damage|p2a: Falko|39/100
|-ability|p2a: Falko|Berserk|boost
|-boost|p2a: Falko|spa|1
|
|t:|1655402668
|switch|p1a: Tapu Fini|Tapu Fini|100/100|[from]move: U-turn
|-fieldstart|move: Misty Terrain|[from] ability: Misty Surge|[of] p1a: Tapu Fini
|
|upkeep
|turn|11
|
|t:|1655402673
|move|p2a: Falko|Thunderbolt|p1a: Tapu Fini
|-supereffective|p1a: Tapu Fini
|-damage|p1a: Tapu Fini|20/100
|move|p1a: Tapu Fini|Moonblast|p2a: Falko
|-supereffective|p2a: Falko
|-damage|p2a: Falko|0 fnt
|faint|p2a: Falko
|
|-heal|p1a: Tapu Fini|26/100|[from] item: Leftovers
|upkeep
|
|t:|1655402686
|switch|p2a: Billy B.|Marowak-Alola, M|100/100
|turn|12
|j| MatisXYZ
|l| MatisXYZ
|
|t:|1655402704
|move|p2a: Billy B.|Flare Blitz|p1a: Tapu Fini
|-resisted|p1a: Tapu Fini
|-damage|p1a: Tapu Fini|0 fnt
|faint|p1a: Tapu Fini
|
|-fieldend|move: Trick Room
|upkeep
|
|t:|1655402709
|switch|p1a: Excadrill|Excadrill, F|100/100
|-item|p1a: Excadrill|Air Balloon
|turn|13
|
|t:|1655402733
|switch|p2a: Sharpo|Garchomp, M|61/100
|move|p1a: Excadrill|Earthquake|p2a: Sharpo
|-damage|p2a: Sharpo|6/100
|
|-heal|p2a: Sharpo|12/100|[from] item: Leftovers
|upkeep
|turn|14
|
|t:|1655402751
|move|p2a: Sharpo|Scale Shot|p1a: Excadrill
|-resisted|p1a: Excadrill
|-damage|p1a: Excadrill|92/100
|-enditem|p1a: Excadrill|Air Balloon
|-resisted|p1a: Excadrill
|-damage|p1a: Excadrill|87/100
|-resisted|p1a: Excadrill
|-damage|p1a: Excadrill|83/100
|-hitcount|p1a: Excadrill|3
|-unboost|p2a: Sharpo|def|1
|-boost|p2a: Sharpo|spe|1
|move|p1a: Excadrill|Earthquake|p2a: Sharpo
|-damage|p2a: Sharpo|0 fnt
|faint|p2a: Sharpo
|
|-fieldend|Misty Terrain
|upkeep
|
|t:|1655402764
|switch|p2a: Sonso|Slowbro, M|67/100
|turn|15
|
|t:|1655402772
|switch|p1a: Magnezone|Magnezone|100/100
|move|p2a: Sonso|Trick Room|p2a: Sonso
|-fieldstart|move: Trick Room|[of] p2a: Sonso
|
|upkeep
|turn|16
|
|t:|1655402777
|switch|p2a: Billy B.|Marowak-Alola, M|100/100
|move|p1a: Magnezone|Thunderbolt|p2a: Billy B.
|-damage|p2a: Billy B.|35/100
|
|upkeep
|turn|17
|
|t:|1655402788
|switch|p1a: Excadrill|Excadrill, F|83/100
|move|p2a: Billy B.|Flare Blitz|p1a: Excadrill
|-supereffective|p1a: Excadrill
|-damage|p1a: Excadrill|0 fnt
|faint|p1a: Excadrill
|
|upkeep
|
|t:|1655402789
|switch|p1a: Scizor|Scizor, M|100/100
|turn|18
|
|t:|1655402796
|move|p1a: Scizor|Bullet Punch|p2a: Billy B.
|-resisted|p2a: Billy B.
|-damage|p2a: Billy B.|9/100
|move|p2a: Billy B.|Flare Blitz|p1a: Scizor
|-supereffective|p1a: Scizor
|-damage|p1a: Scizor|0 fnt
|faint|p1a: Scizor
|
|upkeep
|
|t:|1655402800
|switch|p1a: Magnezone|Magnezone|100/100
|turn|19
|
|t:|1655402804
|move|p2a: Billy B.|Flare Blitz|p1a: Magnezone
|-supereffective|p1a: Magnezone
|-damage|p1a: Magnezone|0 fnt
|faint|p1a: Magnezone
|
|win|Sombra Diurna
|raw|Colston's rating: 1733 &rarr; <strong>1716</strong><br />(-17 for losing)
|raw|Sombra Diurna's rating: 1793 &rarr; <strong>1810</strong><br />(+17 for winning)
|l|☆Colston
|l| Maiko622
||Ladder isn't responding, score probably updated but might not have (Request timeout).
