|j|☆brettfavreguilty
|j|☆berrisamantha
|t:|1667458560
|gametype|singles
|player|p1|brettfavreguilty|harlequin|1715
|player|p2|berrisamantha|swimmer-gen4dp|1736
|teamsize|p1|6
|teamsize|p2|6
|gen|8
|tier|[Gen 8] OU
|rated|
|rule|Sleep Clause Mod: Limit one foe put to sleep
|rule|Species Clause: Limit one of each Pokémon
|rule|OHKO Clause: OHKO moves are banned
|rule|Evasion Items Clause: Evasion items are banned
|rule|Evasion Moves Clause: Evasion moves are banned
|rule|Endless Battle Clause: Forcing endless battles is banned
|rule|HP Percentage Mod: HP is shown in percentages
|rule|Dynamax Clause: You cannot dynamax
|clearpoke
|poke|p1|Pelipper, F|
|poke|p1|Melmetal|
|poke|p1|Inteleon, F|
|poke|p1|Ferrothorn, M|
|poke|p1|Barraskewda, M|
|poke|p1|Seismitoad, M|
|poke|p2|Frosmoth, M|
|poke|p2|Volcanion|
|poke|p2|Corviknight, M|
|poke|p2|Garchomp, F|
|poke|p2|Tapu Lele|
|poke|p2|Hawlucha, F|
|teampreview
|inactive|Battle timer is ON: inactive players will automatically lose when time's up. (requested by brettfavreguilty)
|j| PertPertMD
|
|t:|1667458573
|start
|switch|p1a: Pelipper|Pelipper, F|100/100
|switch|p2a: Tapu Lele|Tapu Lele|100/100
|-fieldstart|move: Psychic Terrain|[from] ability: Psychic Surge|[of] p2a: Tapu Lele
|-weather|RainDance|[from] ability: Drizzle|[of] p1a: Pelipper
|turn|1
|
|t:|1667458583
|switch|p1a: Melmetal|Melmetal|100/100
|move|p2a: Tapu Lele|Psychic|p1a: Melmetal
|-resisted|p1a: Melmetal
|-damage|p1a: Melmetal|45/100
|
|-weather|RainDance|[upkeep]
|upkeep
|turn|2
|
|t:|1667458589
|move|p2a: Tapu Lele|Psychic|p1a: Melmetal
|-resisted|p1a: Melmetal
|-damage|p1a: Melmetal|0 fnt
|faint|p1a: Melmetal
|
|-weather|RainDance|[upkeep]
|upkeep
|
|t:|1667458597
|switch|p1a: Ferrothorn|Ferrothorn, M|100/100
|turn|3
|j| cypherstest
|
|t:|1667458602
|switch|p2a: Volcanion|Volcanion|100/100
|move|p1a: Ferrothorn|Stealth Rock|p2a: Volcanion
|-sidestart|p2: berrisamantha|move: Stealth Rock
|
|-weather|RainDance|[upkeep]
|upkeep
|turn|4
|
|t:|1667458608
|move|p2a: Volcanion|Flamethrower|p1a: Ferrothorn
|-supereffective|p1a: Ferrothorn
|-damage|p1a: Ferrothorn|32/100
|move|p1a: Ferrothorn|Leech Seed|p2a: Volcanion
|-start|p2a: Volcanion|move: Leech Seed
|
|-weather|RainDance|[upkeep]
|-heal|p1a: Ferrothorn|38/100|[from] item: Leftovers
|-damage|p2a: Volcanion|88/100|[from] Leech Seed|[of] p1a: Ferrothorn
|-heal|p1a: Ferrothorn|51/100|[silent]
|upkeep
|turn|5
|
|t:|1667458619
|switch|p2a: Corviknight|Corviknight, M|100/100
|-damage|p2a: Corviknight|88/100|[from] Stealth Rock
|-ability|p2a: Corviknight|Pressure
|switch|p1a: Seismitoad|Seismitoad, M|100/100
|
|-weather|RainDance|[upkeep]
|-fieldend|move: Psychic Terrain
|upkeep
|turn|6
|
|t:|1667458629
|switch|p2a: Volcanion|Volcanion|88/100
|move|p1a: Seismitoad|Weather Ball|p2a: Volcanion
|-heal|p2a: Volcanion|100/100|[from] ability: Water Absorb|[of] p1a: Seismitoad
|
|-weather|RainDance|[upkeep]
|upkeep
|turn|7
|
|t:|1667458636
|move|p1a: Seismitoad|Earth Power|p2a: Volcanion
|-supereffective|p2a: Volcanion
|-damage|p2a: Volcanion|4/100
|-damage|p1a: Seismitoad|91/100|[from] item: Life Orb
|move|p2a: Volcanion|Steam Eruption|p1a: Seismitoad
|-damage|p1a: Seismitoad|0 fnt
|faint|p1a: Seismitoad
|
|-weather|RainDance|[upkeep]
|upkeep
|
|t:|1667458644
|switch|p1a: Barraskewda|Barraskewda, M|100/100
|turn|8
|
|t:|1667458650
|switch|p2a: Tapu Lele|Tapu Lele|100/100
|-damage|p2a: Tapu Lele|88/100|[from] Stealth Rock
|-fieldstart|move: Psychic Terrain|[from] ability: Psychic Surge|[of] p2a: Tapu Lele
|move|p1a: Barraskewda|Close Combat|p2a: Tapu Lele
|-resisted|p2a: Tapu Lele
|-damage|p2a: Tapu Lele|62/100
|-unboost|p1a: Barraskewda|def|1
|-unboost|p1a: Barraskewda|spd|1
|
|-weather|none
|upkeep
|turn|9
|
|t:|1667458659
|switch|p1a: Ferrothorn|Ferrothorn, M|51/100
|move|p2a: Tapu Lele|Psychic|p1a: Ferrothorn
|-resisted|p1a: Ferrothorn
|-damage|p1a: Ferrothorn|22/100
|
|-heal|p1a: Ferrothorn|28/100|[from] item: Leftovers
|upkeep
|turn|10
|
|t:|1667458666
|move|p2a: Tapu Lele|Psychic|p1a: Ferrothorn
|-resisted|p1a: Ferrothorn
|-damage|p1a: Ferrothorn|0 fnt
|faint|p1a: Ferrothorn
|
|upkeep
|j| LT_Alt1
|
|t:|1667458676
|switch|p1a: Barraskewda|Barraskewda, M|100/100
|turn|11
|
|t:|1667458681
|switch|p2a: Volcanion|Volcanion|4/100
|move|p1a: Barraskewda|Ice Fang|p2a: Volcanion
|-resisted|p2a: Volcanion
|-damage|p2a: Volcanion|0 fnt
|faint|p2a: Volcanion
|
|upkeep
|
|t:|1667458689
|switch|p2a: Corviknight|Corviknight, M|88/100
|-damage|p2a: Corviknight|75/100|[from] Stealth Rock
|-ability|p2a: Corviknight|Pressure
|turn|12
|
|t:|1667458691
|move|p1a: Barraskewda|Ice Fang|p2a: Corviknight
|-damage|p2a: Corviknight|55/100
|-damage|p1a: Barraskewda|84/100|[from] item: Rocky Helmet|[of] p2a: Corviknight
|move|p2a: Corviknight|Defog|p1a: Barraskewda
|-unboost|p1a: Barraskewda|evasion|1
|-sideend|p2: berrisamantha|Stealth Rock|[from] move: Defog|[of] p2a: Corviknight
|-fieldend|move: Psychic Terrain
|
|upkeep
|turn|13
|
|t:|1667458696
|switch|p1a: Pelipper|Pelipper, F|100/100
|-weather|RainDance|[from] ability: Drizzle|[of] p1a: Pelipper
|move|p2a: Corviknight|U-turn|p1a: Pelipper
|-resisted|p1a: Pelipper
|-damage|p1a: Pelipper|95/100
|
|t:|1667458699
|switch|p2a: Tapu Lele|Tapu Lele|62/100|[from]move: U-turn
|-fieldstart|move: Psychic Terrain|[from] ability: Psychic Surge|[of] p2a: Tapu Lele
|
|-weather|RainDance|[upkeep]
|upkeep
|turn|14
|
|t:|1667458702
|switch|p1a: GALARIAN SNIPER|Inteleon, F|100/100
|move|p2a: Tapu Lele|Psychic|p1a: GALARIAN SNIPER
|-damage|p1a: GALARIAN SNIPER|0 fnt
|faint|p1a: GALARIAN SNIPER
|
|-weather|RainDance|[upkeep]
|upkeep
|
|t:|1667458704
|switch|p1a: Barraskewda|Barraskewda, M|84/100
|turn|15
|
|t:|1667458716
|switch|p2a: Corviknight|Corviknight, M|55/100
|-ability|p2a: Corviknight|Pressure
|move|p1a: Barraskewda|Liquidation|p2a: Corviknight
|-damage|p2a: Corviknight|0 fnt
|-damage|p1a: Barraskewda|68/100|[from] item: Rocky Helmet|[of] p2a: Corviknight
|faint|p2a: Corviknight
|
|-weather|RainDance|[upkeep]
|upkeep
|
|t:|1667458727
|switch|p2a: Hawlucha|Hawlucha, F|100/100
|-enditem|p2a: Hawlucha|Psychic Seed
|-boost|p2a: Hawlucha|spd|1|[from] item: Psychic Seed
|turn|16
|
|t:|1667458732
|move|p1a: Barraskewda|Liquidation|p2a: Hawlucha
|-damage|p2a: Hawlucha|0 fnt
|faint|p2a: Hawlucha
|
|-weather|RainDance|[upkeep]
|upkeep
|
|t:|1667458737
|switch|p2a: Garchomp|Garchomp, F|100/100
|turn|17
|l| cypherstest
|
|t:|1667458761
|move|p1a: Barraskewda|Liquidation|p2a: Garchomp
|-damage|p2a: Garchomp|6/100
|-damage|p1a: Barraskewda|56/100|[from] ability: Rough Skin|[of] p2a: Garchomp
|-damage|p1a: Barraskewda|39/100|[from] item: Rocky Helmet|[of] p2a: Garchomp
|move|p2a: Garchomp|Earthquake|p1a: Barraskewda
|-damage|p1a: Barraskewda|0 fnt
|faint|p1a: Barraskewda
|
|-weather|RainDance|[upkeep]
|-fieldend|move: Psychic Terrain
|upkeep
|-message|brettfavreguilty forfeited.
|
|win|berrisamantha
|raw|brettfavreguilty's rating: 1715 &rarr; <strong>1696</strong><br />(-19 for losing)
|raw|berrisamantha's rating: 1736 &rarr; <strong>1755</strong><br />(+19 for winning)
|l|☆brettfavreguilty
|l|☆berrisamantha
|l| PertPertMD
