|j|☆fuxiddd
|j|☆Mel2345
|t:|1635672523
|gametype|singles
|player|p1|fuxiddd|cowgirl|1439
|player|p2|Mel2345|cheren-gen5bw2|1516
|teamsize|p1|6
|teamsize|p2|6
|gen|8
|tier|[Gen 8] OU
|rated|
|rule|Sleep Clause Mod: Limit one foe put to sleep
|rule|Species Clause: Limit one of each Pokémon
|rule|OHKO Clause: OHKO moves are banned
|rule|Evasion Moves Clause: Evasion moves are banned
|rule|Endless Battle Clause: Forcing endless battles is banned
|rule|HP Percentage Mod: HP is shown in percentages
|rule|Dynamax Clause: You cannot dynamax
|clearpoke
|poke|p1|Pelipper, M|
|poke|p1|Barraskewda, M|
|poke|p1|Regieleki|
|poke|p1|Tapu Lele|
|poke|p1|Landorus-Therian, M|
|poke|p1|Ferrothorn, M|
|poke|p2|Volcarona, F|
|poke|p2|Aegislash, M|
|poke|p2|Dragapult, F|
|poke|p2|Blissey, F|
|poke|p2|Toxapex, M|
|poke|p2|Corviknight, M|
|teampreview
|inactive|Battle timer is ON: inactive players will automatically lose when time's up. (requested by Mel2345)
|
|t:|1635672532
|start
|switch|p1a: Tapu Lele|Tapu Lele|100/100
|switch|p2a: Blissey|Blissey, F|100/100
|-fieldstart|move: Psychic Terrain|[from] ability: Psychic Surge|[of] p1a: Tapu Lele
|turn|1
|
|t:|1635672536
|move|p1a: Tapu Lele|Psyshock|p2a: Blissey
|-damage|p2a: Blissey|51/100
|move|p2a: Blissey|Soft-Boiled|p2a: Blissey
|-heal|p2a: Blissey|100/100
|
|upkeep
|turn|2
|
|t:|1635672543
|switch|p1a: Landorus|Landorus-Therian, M, shiny|100/100
|-ability|p1a: Landorus|Intimidate|boost
|-unboost|p2a: Blissey|atk|1
|switch|p2a: Aegislash|Aegislash, M|100/100
|
|upkeep
|turn|3
|
|t:|1635672549
|switch|p2a: Corviknight|Corviknight, M|100/100
|-ability|p2a: Corviknight|Pressure
|move|p1a: Landorus|Stealth Rock|p2a: Corviknight
|-sidestart|p2: Mel2345|move: Stealth Rock
|
|upkeep
|turn|4
|
|t:|1635672554
|switch|p1a: Pelipper|Pelipper, M, shiny|100/100
|-weather|RainDance|[from] ability: Drizzle|[of] p1a: Pelipper
|move|p2a: Corviknight|Defog|p1a: Pelipper
|-unboost|p1a: Pelipper|evasion|1
|-sideend|p2: Mel2345|Stealth Rock|[from] move: Defog|[of] p2a: Corviknight
|-fieldend|move: Psychic Terrain
|
|-weather|RainDance|[upkeep]
|upkeep
|turn|5
|
|t:|1635672560
|move|p1a: Pelipper|Weather Ball|p2a: Corviknight
|-damage|p2a: Corviknight|14/100
|move|p2a: Corviknight|U-turn|p1a: Pelipper
|-resisted|p1a: Pelipper
|-damage|p1a: Pelipper|92/100
|
|t:|1635672566
|switch|p2a: Dragapult|Dragapult, F|100/100|[from]move: U-turn
|
|-weather|RainDance|[upkeep]
|upkeep
|turn|6
|
|t:|1635672572
|switch|p1a: Ferrothorn|Ferrothorn, M, shiny|100/100
|move|p2a: Dragapult|Draco Meteor|p1a: Ferrothorn
|-resisted|p1a: Ferrothorn
|-damage|p1a: Ferrothorn|75/100
|-unboost|p2a: Dragapult|spa|2
|
|-weather|RainDance|[upkeep]
|-heal|p1a: Ferrothorn|81/100|[from] item: Leftovers
|upkeep
|turn|7
|
|t:|1635672582
|switch|p2a: Corviknight|Corviknight, M|14/100
|-ability|p2a: Corviknight|Pressure
|switch|p1a: Tapu Lele|Tapu Lele|100/100
|-fieldstart|move: Psychic Terrain|[from] ability: Psychic Surge|[of] p1a: Tapu Lele
|
|-weather|RainDance|[upkeep]
|-heal|p2a: Corviknight|20/100|[from] item: Leftovers
|upkeep
|turn|8
|
|t:|1635672592
|switch|p2a: Aegislash|Aegislash, M|100/100
|move|p1a: Tapu Lele|Thunder|p2a: Aegislash
|-damage|p2a: Aegislash|55/100
|-status|p2a: Aegislash|par
|
|-weather|none
|upkeep
|turn|9
|
|t:|1635672599
|switch|p1a: Landorus|Landorus-Therian, M, shiny|100/100
|-ability|p1a: Landorus|Intimidate|boost
|-unboost|p2a: Aegislash|atk|1
|-formechange|p2a: Aegislash|Aegislash-Blade||[from] ability: Stance Change
|move|p2a: Aegislash|Shadow Ball|p1a: Landorus
|-damage|p1a: Landorus|51/100
|
|-heal|p1a: Landorus|57/100|[from] item: Leftovers
|upkeep
|turn|10
|
|t:|1635672605
|switch|p2a: Corviknight|Corviknight, M|20/100
|-ability|p2a: Corviknight|Pressure
|move|p1a: Landorus|U-turn|p2a: Corviknight
|-resisted|p2a: Corviknight
|-damage|p2a: Corviknight|17/100
|
|t:|1635672609
|switch|p1a: Pelipper|Pelipper, M, shiny|92/100|[from]move: U-turn
|-weather|RainDance|[from] ability: Drizzle|[of] p1a: Pelipper
|
|-weather|RainDance|[upkeep]
|-heal|p2a: Corviknight|23/100|[from] item: Leftovers
|upkeep
|turn|11
|
|t:|1635672613
|switch|p2a: Blissey|Blissey, F|100/100
|move|p1a: Pelipper|Weather Ball|p2a: Blissey
|-damage|p2a: Blissey|65/100
|
|-weather|RainDance|[upkeep]
|-fieldend|move: Psychic Terrain
|upkeep
|turn|12
|
|t:|1635672618
|switch|p1a: Landorus|Landorus-Therian, M, shiny|57/100
|-ability|p1a: Landorus|Intimidate|boost
|-unboost|p2a: Blissey|atk|1
|move|p2a: Blissey|Soft-Boiled|p2a: Blissey
|-heal|p2a: Blissey|100/100
|
|-weather|RainDance|[upkeep]
|-heal|p1a: Landorus|63/100|[from] item: Leftovers
|upkeep
|turn|13
|
|t:|1635672625
|move|p1a: Landorus|U-turn|p2a: Blissey
|-damage|p2a: Blissey|82/100
|
|t:|1635672627
|switch|p1a: Ferrothorn|Ferrothorn, M, shiny|81/100|[from]move: U-turn
|move|p2a: Blissey|Stealth Rock|p1a: Ferrothorn
|-sidestart|p1: fuxiddd|move: Stealth Rock
|
|-weather|RainDance|[upkeep]
|-heal|p1a: Ferrothorn|87/100|[from] item: Leftovers
|upkeep
|turn|14
|
|t:|1635672640
|switch|p2a: Corviknight|Corviknight, M|23/100
|-ability|p2a: Corviknight|Pressure
|switch|p1a: Regieleki|Regieleki, shiny|100/100
|
|-weather|none
|-heal|p2a: Corviknight|30/100|[from] item: Leftovers
|upkeep
|turn|15
|
|t:|1635672648
|switch|p2a: Blissey|Blissey, F|82/100
|move|p1a: Regieleki|Electro Ball|p2a: Blissey
|-damage|p2a: Blissey|54/100
|
|upkeep
|turn|16
|
|t:|1635672652
|move|p1a: Regieleki|Rapid Spin|p2a: Blissey
|-damage|p2a: Blissey|44/100
|-boost|p1a: Regieleki|spe|1
|-sideend|p1: fuxiddd|Stealth Rock|[from] move: Rapid Spin|[of] p1a: Regieleki
|move|p2a: Blissey|Soft-Boiled|p2a: Blissey
|-heal|p2a: Blissey|94/100
|
|upkeep
|turn|17
|
|t:|1635672655
|move|p1a: Regieleki|Volt Switch|p2a: Blissey
|-crit|p2a: Blissey
|-damage|p2a: Blissey|68/100
|
|t:|1635672659
|switch|p1a: Landorus|Landorus-Therian, M, shiny|63/100|[from]move: Volt Switch
|-ability|p1a: Landorus|Intimidate|boost
|-unboost|p2a: Blissey|atk|1
|move|p2a: Blissey|Toxic|p1a: Landorus
|-status|p1a: Landorus|tox
|
|-heal|p1a: Landorus|70/100 tox|[from] item: Leftovers
|-damage|p1a: Landorus|63/100 tox|[from] psn
|upkeep
|turn|18
|
|t:|1635672663
|move|p1a: Landorus|Stealth Rock|p2a: Blissey
|-sidestart|p2: Mel2345|move: Stealth Rock
|move|p2a: Blissey|Soft-Boiled|p2a: Blissey
|-heal|p2a: Blissey|100/100
|
|-heal|p1a: Landorus|70/100 tox|[from] item: Leftovers
|-damage|p1a: Landorus|57/100 tox|[from] psn
|upkeep
|turn|19
|
|t:|1635672665
|move|p1a: Landorus|U-turn|p2a: Blissey
|-damage|p2a: Blissey|81/100
|
|t:|1635672669
|switch|p1a: Ferrothorn|Ferrothorn, M, shiny|87/100|[from]move: U-turn
|move|p2a: Blissey|Stealth Rock|p1a: Ferrothorn
|-sidestart|p1: fuxiddd|move: Stealth Rock
|
|-heal|p1a: Ferrothorn|93/100|[from] item: Leftovers
|upkeep
|turn|20
|
|t:|1635672674
|switch|p1a: Pelipper|Pelipper, M, shiny|92/100
|-damage|p1a: Pelipper|67/100|[from] Stealth Rock
|-weather|RainDance|[from] ability: Drizzle|[of] p1a: Pelipper
|move|p2a: Blissey|Teleport|p2a: Blissey
|
|t:|1635672681
|switch|p2a: Dragapult|Dragapult, F|100/100|[from]move: Teleport
|-damage|p2a: Dragapult|88/100|[from] Stealth Rock
|
|-weather|RainDance|[upkeep]
|upkeep
|turn|21
|
|t:|1635672687
|switch|p1a: Ferrothorn|Ferrothorn, M, shiny|93/100
|-damage|p1a: Ferrothorn|87/100|[from] Stealth Rock
|move|p2a: Dragapult|U-turn|p1a: Ferrothorn
|-damage|p1a: Ferrothorn|73/100
|-damage|p2a: Dragapult|76/100|[from] ability: Iron Barbs|[of] p1a: Ferrothorn
|
|t:|1635672694
|switch|p2a: Volcarona|Volcarona, F|100/100|[from]move: U-turn
|
|-weather|RainDance|[upkeep]
|-heal|p1a: Ferrothorn|79/100|[from] item: Leftovers
|upkeep
|turn|22
|
|t:|1635672703
|switch|p1a: Landorus|Landorus-Therian, M, shiny|57/100 tox
|-damage|p1a: Landorus|45/100 tox|[from] Stealth Rock
|-ability|p1a: Landorus|Intimidate|boost
|-unboost|p2a: Volcarona|atk|1
|move|p2a: Volcarona|Flamethrower|p1a: Landorus
|-damage|p1a: Landorus|29/100 tox
|
|-weather|RainDance|[upkeep]
|-heal|p1a: Landorus|35/100 tox|[from] item: Leftovers
|-damage|p1a: Landorus|29/100 tox|[from] psn
|upkeep
|turn|23
|
|t:|1635672710
|switch|p2a: Corviknight|Corviknight, M|30/100
|-damage|p2a: Corviknight|17/100|[from] Stealth Rock
|-ability|p2a: Corviknight|Pressure
|move|p1a: Landorus|U-turn|p2a: Corviknight
|-resisted|p2a: Corviknight
|-damage|p2a: Corviknight|14/100
|
|t:|1635672714
|switch|p1a: Regieleki|Regieleki, shiny|100/100|[from]move: U-turn
|
|-weather|RainDance|[upkeep]
|-heal|p2a: Corviknight|20/100|[from] item: Leftovers
|upkeep
|turn|24
|
|t:|1635672721
|move|p1a: Regieleki|Rapid Spin|p2a: Corviknight
|-resisted|p2a: Corviknight
|-damage|p2a: Corviknight|17/100
|-boost|p1a: Regieleki|spe|1
|-sideend|p1: fuxiddd|Stealth Rock|[from] move: Rapid Spin|[of] p1a: Regieleki
|move|p2a: Corviknight|Roost|p2a: Corviknight
|-heal|p2a: Corviknight|67/100
|-singleturn|p2a: Corviknight|move: Roost
|
|-weather|none
|-heal|p2a: Corviknight|73/100|[from] item: Leftovers
|upkeep
|turn|25
|
|t:|1635672724
|switch|p2a: Blissey|Blissey, F|81/100
|move|p1a: Regieleki|Electro Ball|p2a: Blissey
|-damage|p2a: Blissey|45/100
|
|upkeep
|turn|26
|
|t:|1635672732
|move|p1a: Regieleki|Electro Ball|p2a: Blissey
|-damage|p2a: Blissey|10/100
|move|p2a: Blissey|Soft-Boiled|p2a: Blissey
|-heal|p2a: Blissey|60/100
|
|upkeep
|turn|27
|
|t:|1635672737
|move|p1a: Regieleki|Volt Switch|p2a: Blissey
|-damage|p2a: Blissey|43/100
|
|t:|1635672740
|switch|p1a: Landorus|Landorus-Therian, M, shiny|29/100 tox|[from]move: Volt Switch
|-ability|p1a: Landorus|Intimidate|boost
|-unboost|p2a: Blissey|atk|1
|move|p2a: Blissey|Soft-Boiled|p2a: Blissey
|-heal|p2a: Blissey|93/100
|
|-heal|p1a: Landorus|35/100 tox|[from] item: Leftovers
|-damage|p1a: Landorus|29/100 tox|[from] psn
|upkeep
|turn|28
|
|t:|1635672743
|move|p1a: Landorus|Stealth Rock||[still]
|-fail|p1a: Landorus
|move|p2a: Blissey|Stealth Rock|p1a: Landorus
|-sidestart|p1: fuxiddd|move: Stealth Rock
|
|-heal|p1a: Landorus|35/100 tox|[from] item: Leftovers
|-damage|p1a: Landorus|23/100 tox|[from] psn
|upkeep
|turn|29
|
|t:|1635672748
|move|p1a: Landorus|U-turn|p2a: Blissey
|-damage|p2a: Blissey|75/100
|
|t:|1635672756
|switch|p1a: Regieleki|Regieleki, shiny|100/100|[from]move: U-turn
|move|p2a: Blissey|Teleport|p2a: Blissey
|
|t:|1635672770
|switch|p2a: Dragapult|Dragapult, F|76/100|[from]move: Teleport
|-damage|p2a: Dragapult|64/100|[from] Stealth Rock
|
|upkeep
|turn|30
|
|t:|1635672786
|move|p1a: Regieleki|Volt Switch|p2a: Dragapult
|-resisted|p2a: Dragapult
|-damage|p2a: Dragapult|32/100
|
|t:|1635672798
|switch|p1a: Ferrothorn|Ferrothorn, M, shiny|79/100|[from]move: Volt Switch
|-damage|p1a: Ferrothorn|73/100|[from] Stealth Rock
|move|p2a: Dragapult|Shadow Ball|p1a: Ferrothorn
|-damage|p1a: Ferrothorn|40/100
|
|-heal|p1a: Ferrothorn|46/100|[from] item: Leftovers
|upkeep
|turn|31
|
|t:|1635672806
|switch|p2a: Volcarona|Volcarona, F|100/100
|move|p1a: Ferrothorn|Knock Off|p2a: Volcarona
|-crit|p2a: Volcarona
|-damage|p2a: Volcarona|64/100
|-status|p1a: Ferrothorn|brn|[from] ability: Flame Body|[of] p2a: Volcarona
|-enditem|p2a: Volcarona|Heavy-Duty Boots|[from] move: Knock Off|[of] p1a: Ferrothorn
|
|-heal|p1a: Ferrothorn|52/100 brn|[from] item: Leftovers
|-damage|p1a: Ferrothorn|46/100 brn|[from] brn
|upkeep
|turn|32
|
|t:|1635672819
|switch|p1a: Pelipper|Pelipper, M, shiny|67/100
|-damage|p1a: Pelipper|42/100|[from] Stealth Rock
|-weather|RainDance|[from] ability: Drizzle|[of] p1a: Pelipper
|move|p2a: Volcarona|Roost|p2a: Volcarona
|-heal|p2a: Volcarona|100/100
|-singleturn|p2a: Volcarona|move: Roost
|
|-weather|RainDance|[upkeep]
|upkeep
|turn|33
|
|t:|1635672824
|switch|p2a: Blissey|Blissey, F|75/100
|switch|p1a: Landorus|Landorus-Therian, M, shiny|23/100 tox
|-damage|p1a: Landorus|10/100 tox|[from] Stealth Rock
|-ability|p1a: Landorus|Intimidate|boost
|-unboost|p2a: Blissey|atk|1
|
|-weather|RainDance|[upkeep]
|-heal|p1a: Landorus|16/100 tox|[from] item: Leftovers
|-damage|p1a: Landorus|10/100 tox|[from] psn
|upkeep
|turn|34
|
|t:|1635672830
|move|p1a: Landorus|Earthquake|p2a: Blissey
|-damage|p2a: Blissey|32/100
|move|p2a: Blissey|Soft-Boiled|p2a: Blissey
|-heal|p2a: Blissey|82/100
|
|-weather|RainDance|[upkeep]
|-heal|p1a: Landorus|16/100 tox|[from] item: Leftovers
|-damage|p1a: Landorus|4/100 tox|[from] psn
|upkeep
|turn|35
|
|t:|1635672834
|move|p1a: Landorus|U-turn|p2a: Blissey
|-damage|p2a: Blissey|62/100
|
|t:|1635672836
|switch|p1a: Ferrothorn|Ferrothorn, M, shiny|46/100 brn|[from]move: U-turn
|-damage|p1a: Ferrothorn|40/100 brn|[from] Stealth Rock
|move|p2a: Blissey|Soft-Boiled|p2a: Blissey
|-heal|p2a: Blissey|100/100
|
|-weather|RainDance|[upkeep]
|-heal|p1a: Ferrothorn|46/100 brn|[from] item: Leftovers
|-damage|p1a: Ferrothorn|40/100 brn|[from] brn
|upkeep
|turn|36
|
|t:|1635672844
|switch|p2a: Corviknight|Corviknight, M|73/100
|-damage|p2a: Corviknight|60/100|[from] Stealth Rock
|-ability|p2a: Corviknight|Pressure
|move|p1a: Ferrothorn|Leech Seed|p2a: Corviknight
|-start|p2a: Corviknight|move: Leech Seed
|
|-weather|none
|-heal|p2a: Corviknight|67/100|[from] item: Leftovers
|-heal|p1a: Ferrothorn|46/100 brn|[from] item: Leftovers
|-damage|p2a: Corviknight|54/100|[from] Leech Seed|[of] p1a: Ferrothorn
|-heal|p1a: Ferrothorn|60/100 brn|[silent]
|-damage|p1a: Ferrothorn|54/100 brn|[from] brn
|upkeep
|turn|37
|
|t:|1635672848
|move|p2a: Corviknight|Roost|p2a: Corviknight
|-heal|p2a: Corviknight|100/100
|-singleturn|p2a: Corviknight|move: Roost
|move|p1a: Ferrothorn|Spikes|p2a: Corviknight
|-sidestart|p2: Mel2345|Spikes
|
|-heal|p1a: Ferrothorn|60/100 brn|[from] item: Leftovers
|-damage|p2a: Corviknight|88/100|[from] Leech Seed|[of] p1a: Ferrothorn
|-heal|p1a: Ferrothorn|74/100 brn|[silent]
|-damage|p1a: Ferrothorn|68/100 brn|[from] brn
|upkeep
|turn|38
|
|t:|1635672851
|move|p2a: Corviknight|U-turn|p1a: Ferrothorn
|-damage|p1a: Ferrothorn|58/100 brn
|-damage|p2a: Corviknight|75/100|[from] ability: Iron Barbs|[of] p1a: Ferrothorn
|
|t:|1635672861
|switch|p2a: Aegislash|Aegislash, M|55/100 par|[from]move: U-turn
|-damage|p2a: Aegislash|43/100 par|[from] Spikes
|-damage|p2a: Aegislash|37/100 par|[from] Stealth Rock
|move|p1a: Ferrothorn|Spikes|p2a: Aegislash
|-sidestart|p2: Mel2345|Spikes
|
|-heal|p1a: Ferrothorn|64/100 brn|[from] item: Leftovers
|-damage|p1a: Ferrothorn|58/100 brn|[from] brn
|upkeep
|turn|39
|
|t:|1635672870
|switch|p1a: Landorus|Landorus-Therian, M, shiny|4/100 tox
|-damage|p1a: Landorus|0 fnt|[from] Stealth Rock
|faint|p1a: Landorus
|-formechange|p2a: Aegislash|Aegislash-Blade||[from] ability: Stance Change
|move|p2a: Aegislash|Shadow Ball|p1: Landorus|[notarget]
|-fail|p2a: Aegislash
|
|upkeep
|
|t:|1635672882
|switch|p1a: Regieleki|Regieleki, shiny|100/100
|turn|40
|
|t:|1635672886
|switch|p2a: Blissey|Blissey, F|100/100
|move|p1a: Regieleki|Volt Switch|p2a: Blissey
|-damage|p2a: Blissey|82/100
|
|t:|1635672897
|switch|p1a: Barraskewda|Barraskewda, M, shiny|100/100|[from]move: Volt Switch
|-damage|p1a: Barraskewda|88/100|[from] Stealth Rock
|
|upkeep
|turn|41
|
|t:|1635672900
|switch|p2a: Toxapex|Toxapex, M|100/100
|-damage|p2a: Toxapex|84/100|[from] Spikes
|-damage|p2a: Toxapex|72/100|[from] Stealth Rock
|move|p1a: Barraskewda|Close Combat|p2a: Toxapex
|-resisted|p2a: Toxapex
|-damage|p2a: Toxapex|52/100
|-unboost|p1a: Barraskewda|def|1
|-unboost|p1a: Barraskewda|spd|1
|
|upkeep
|turn|42
|
|t:|1635672907
|switch|p1a: Ferrothorn|Ferrothorn, M, shiny|58/100 brn
|-damage|p1a: Ferrothorn|52/100 brn|[from] Stealth Rock
|move|p2a: Toxapex|Knock Off|p1a: Ferrothorn
|-damage|p1a: Ferrothorn|41/100 brn
|-damage|p2a: Toxapex|40/100|[from] ability: Iron Barbs|[of] p1a: Ferrothorn
|-enditem|p1a: Ferrothorn|Leftovers|[from] move: Knock Off|[of] p2a: Toxapex
|
|-damage|p1a: Ferrothorn|35/100 brn|[from] brn
|upkeep
|turn|43
|
|t:|1635672917
|switch|p2a: Corviknight|Corviknight, M|75/100
|-damage|p2a: Corviknight|63/100|[from] Stealth Rock
|-ability|p2a: Corviknight|Pressure
|switch|p1a: Regieleki|Regieleki, shiny|100/100
|
|-heal|p2a: Corviknight|69/100|[from] item: Leftovers
|upkeep
|turn|44
|
|t:|1635672923
|switch|p2a: Blissey|Blissey, F|82/100
|move|p1a: Regieleki|Electro Ball|p2a: Blissey
|-damage|p2a: Blissey|54/100
|
|upkeep
|turn|45
|
|t:|1635672926
|move|p1a: Regieleki|Rapid Spin|p2a: Blissey
|-damage|p2a: Blissey|46/100
|-boost|p1a: Regieleki|spe|1
|-sideend|p1: fuxiddd|Stealth Rock|[from] move: Rapid Spin|[of] p1a: Regieleki
|move|p2a: Blissey|Soft-Boiled|p2a: Blissey
|-heal|p2a: Blissey|96/100
|
|upkeep
|turn|46
|
|t:|1635672930
|move|p1a: Regieleki|Volt Switch|p2a: Blissey
|-damage|p2a: Blissey|79/100
|
|t:|1635672934
|switch|p1a: Ferrothorn|Ferrothorn, M, shiny|35/100 brn|[from]move: Volt Switch
|move|p2a: Blissey|Teleport|p2a: Blissey
|
|t:|1635672936
|switch|p2a: Corviknight|Corviknight, M|69/100|[from]move: Teleport
|-damage|p2a: Corviknight|57/100|[from] Stealth Rock
|-ability|p2a: Corviknight|Pressure
|
|-heal|p2a: Corviknight|63/100|[from] item: Leftovers
|-damage|p1a: Ferrothorn|29/100 brn|[from] brn
|upkeep
|turn|47
|
|t:|1635672939
|move|p2a: Corviknight|Defog|p1a: Ferrothorn
|-unboost|p1a: Ferrothorn|evasion|1
|-sideend|p2: Mel2345|Spikes|[from] move: Defog|[of] p2a: Corviknight
|-sideend|p2: Mel2345|Stealth Rock|[from] move: Defog|[of] p2a: Corviknight
|move|p1a: Ferrothorn|Leech Seed|p2a: Corviknight
|-start|p2a: Corviknight|move: Leech Seed
|
|-heal|p2a: Corviknight|69/100|[from] item: Leftovers
|-damage|p2a: Corviknight|57/100|[from] Leech Seed|[of] p1a: Ferrothorn
|-heal|p1a: Ferrothorn|43/100 brn|[silent]
|-damage|p1a: Ferrothorn|37/100 brn|[from] brn
|upkeep
|turn|48
|
|t:|1635672946
|switch|p1a: Pelipper|Pelipper, M, shiny|42/100
|-weather|RainDance|[from] ability: Drizzle|[of] p1a: Pelipper
|move|p2a: Corviknight|Roost|p2a: Corviknight
|-heal|p2a: Corviknight|100/100
|-singleturn|p2a: Corviknight|move: Roost
|
|-weather|RainDance|[upkeep]
|-damage|p2a: Corviknight|88/100|[from] Leech Seed|[of] p1a: Pelipper
|-heal|p1a: Pelipper|60/100|[silent]
|upkeep
|turn|49
|
|t:|1635672953
|switch|p2a: Blissey|Blissey, F|79/100
|move|p1a: Pelipper|Weather Ball|p2a: Blissey
|-damage|p2a: Blissey|43/100
|
|-weather|RainDance|[upkeep]
|upkeep
|turn|50
|
|t:|1635672962
|switch|p1a: Ferrothorn|Ferrothorn, M, shiny|37/100 brn
|move|p2a: Blissey|Soft-Boiled|p2a: Blissey
|-heal|p2a: Blissey|93/100
|
|-weather|RainDance|[upkeep]
|-damage|p1a: Ferrothorn|31/100 brn|[from] brn
|upkeep
|turn|51
|
|t:|1635672968
|move|p1a: Ferrothorn|Leech Seed|p2a: Blissey
|-start|p2a: Blissey|move: Leech Seed
|move|p2a: Blissey|Teleport|p2a: Blissey
|
|t:|1635672972
|switch|p2a: Dragapult|Dragapult, F|32/100|[from]move: Teleport
|
|-weather|RainDance|[upkeep]
|-damage|p1a: Ferrothorn|25/100 brn|[from] brn
|upkeep
|turn|52
|
|t:|1635672977
|move|p2a: Dragapult|Shadow Ball|p1a: Ferrothorn
|-damage|p1a: Ferrothorn|0 fnt
|faint|p1a: Ferrothorn
|
|-weather|none
|upkeep
|
|t:|1635672981
|switch|p1a: Barraskewda|Barraskewda, M, shiny|88/100
|turn|53
|
|t:|1635672984
|switch|p2a: Toxapex|Toxapex, M|73/100
|move|p1a: Barraskewda|Liquidation|p2a: Toxapex
|-resisted|p2a: Toxapex
|-damage|p2a: Toxapex|52/100
|
|upkeep
|turn|54
|
|t:|1635672993
|switch|p1a: Pelipper|Pelipper, M, shiny|60/100
|-weather|RainDance|[from] ability: Drizzle|[of] p1a: Pelipper
|move|p2a: Toxapex|Knock Off|p1a: Pelipper
|-damage|p1a: Pelipper|42/100
|-enditem|p1a: Pelipper|Choice Specs|[from] move: Knock Off|[of] p2a: Toxapex
|
|-weather|RainDance|[upkeep]
|upkeep
|turn|55
|
|t:|1635673000
|switch|p2a: Blissey|Blissey, F|93/100
|move|p1a: Pelipper|U-turn|p2a: Blissey
|-damage|p2a: Blissey|85/100
|
|t:|1635673003
|switch|p1a: Barraskewda|Barraskewda, M, shiny|88/100|[from]move: U-turn
|
|-weather|RainDance|[upkeep]
|upkeep
|turn|56
|
|t:|1635673006
|switch|p2a: Toxapex|Toxapex, M|86/100
|move|p1a: Barraskewda|Liquidation|p2a: Toxapex
|-resisted|p2a: Toxapex
|-damage|p2a: Toxapex|52/100
|
|-weather|RainDance|[upkeep]
|upkeep
|turn|57
|
|t:|1635673009
|move|p1a: Barraskewda|Liquidation|p2a: Toxapex
|-resisted|p2a: Toxapex
|-damage|p2a: Toxapex|20/100
|move|p2a: Toxapex|Recover|p2a: Toxapex
|-heal|p2a: Toxapex|70/100
|
|-weather|RainDance|[upkeep]
|upkeep
|turn|58
|
|t:|1635673018
|switch|p1a: Tapu Lele|Tapu Lele|100/100
|-fieldstart|move: Psychic Terrain|[from] ability: Psychic Surge|[of] p1a: Tapu Lele
|move|p2a: Toxapex|Recover|p2a: Toxapex
|-heal|p2a: Toxapex|100/100
|
|-weather|none
|upkeep
|turn|59
|
|t:|1635673025
|switch|p2a: Blissey|Blissey, F|85/100
|move|p1a: Tapu Lele|Psyshock|p2a: Blissey
|-damage|p2a: Blissey|34/100
|
|upkeep
|turn|60
|
|t:|1635673029
|switch|p2a: Corviknight|Corviknight, M|88/100
|-ability|p2a: Corviknight|Pressure
|move|p1a: Tapu Lele|Psyshock|p2a: Corviknight
|-resisted|p2a: Corviknight
|-damage|p2a: Corviknight|69/100
|
|-heal|p2a: Corviknight|75/100|[from] item: Leftovers
|upkeep
|turn|61
|
|t:|1635673033
|move|p1a: Tapu Lele|Psyshock|p2a: Corviknight
|-resisted|p2a: Corviknight
|-damage|p2a: Corviknight|57/100
|move|p2a: Corviknight|U-turn|p1a: Tapu Lele
|-damage|p1a: Tapu Lele|77/100
|
|t:|1635673062
|switch|p2a: Aegislash|Aegislash, M|37/100 par|[from]move: U-turn
|
|upkeep
|turn|62
|
|t:|1635673066
|move|p1a: Tapu Lele|Psyshock|p2a: Aegislash
|-resisted|p2a: Aegislash
|-damage|p2a: Aegislash|5/100 par
|cant|p2a: Aegislash|par
|
|-fieldend|move: Psychic Terrain
|upkeep
|turn|63
|
|t:|1635673070
|-formechange|p2a: Aegislash|Aegislash-Blade||[from] ability: Stance Change
|move|p2a: Aegislash|Shadow Sneak|p1a: Tapu Lele
|-supereffective|p1a: Tapu Lele
|-damage|p1a: Tapu Lele|12/100
|move|p1a: Tapu Lele|Psyshock|p2a: Aegislash
|-resisted|p2a: Aegislash
|-damage|p2a: Aegislash|0 fnt
|faint|p2a: Aegislash
|
|upkeep
|
|t:|1635673076
|switch|p2a: Corviknight|Corviknight, M|57/100
|-ability|p2a: Corviknight|Pressure
|turn|64
|
|t:|1635673083
|switch|p1a: Pelipper|Pelipper, M, shiny|42/100
|-weather|RainDance|[from] ability: Drizzle|[of] p1a: Pelipper
|move|p2a: Corviknight|Roost|p2a: Corviknight
|-heal|p2a: Corviknight|100/100
|-singleturn|p2a: Corviknight|move: Roost
|
|-weather|RainDance|[upkeep]
|upkeep
|turn|65
|
|t:|1635673088
|move|p1a: Pelipper|Weather Ball|p2a: Corviknight
|-damage|p2a: Corviknight|40/100
|move|p2a: Corviknight|Roost|p2a: Corviknight
|-heal|p2a: Corviknight|90/100
|-singleturn|p2a: Corviknight|move: Roost
|
|-weather|RainDance|[upkeep]
|-heal|p2a: Corviknight|96/100|[from] item: Leftovers
|upkeep
|turn|66
|
|t:|1635673096
|switch|p2a: Toxapex|Toxapex, M|100/100
|move|p1a: Pelipper|Weather Ball|p2a: Toxapex
|-resisted|p2a: Toxapex
|-damage|p2a: Toxapex|73/100
|
|-weather|RainDance|[upkeep]
|upkeep
|turn|67
|
|t:|1635673110
|move|p1a: Pelipper|U-turn|p2a: Toxapex
|-resisted|p2a: Toxapex
|-damage|p2a: Toxapex|70/100
|
|t:|1635673111
|switch|p1a: Regieleki|Regieleki, shiny|100/100|[from]move: U-turn
|move|p2a: Toxapex|Toxic|p1a: Regieleki
|-status|p1a: Regieleki|tox
|
|-weather|RainDance|[upkeep]
|-damage|p1a: Regieleki|94/100 tox|[from] psn
|upkeep
|turn|68
|
|t:|1635673139
|switch|p2a: Volcarona|Volcarona, F|100/100
|move|p1a: Regieleki|Electro Ball|p2a: Volcarona
|-damage|p2a: Volcarona|69/100
|
|-weather|none
|-damage|p1a: Regieleki|82/100 tox|[from] psn
|upkeep
|turn|69
|
|t:|1635673145
|move|p1a: Regieleki|Volt Switch|p2a: Volcarona
|-damage|p2a: Volcarona|29/100
|
|t:|1635673147
|switch|p1a: Pelipper|Pelipper, M, shiny|42/100|[from]move: Volt Switch
|-weather|RainDance|[from] ability: Drizzle|[of] p1a: Pelipper
|move|p2a: Volcarona|Quiver Dance|p2a: Volcarona
|-boost|p2a: Volcarona|spa|1
|-boost|p2a: Volcarona|spd|1
|-boost|p2a: Volcarona|spe|1
|
|-weather|RainDance|[upkeep]
|upkeep
|turn|70
|
|t:|1635673153
|move|p2a: Volcarona|Psychic|p1a: Pelipper
|-damage|p1a: Pelipper|0 fnt
|faint|p1a: Pelipper
|
|-weather|RainDance|[upkeep]
|upkeep
|
|t:|1635673155
|switch|p1a: Barraskewda|Barraskewda, M, shiny|88/100
|turn|71
|
|t:|1635673161
|switch|p2a: Toxapex|Toxapex, M|100/100
|move|p1a: Barraskewda|Flip Turn|p2a: Toxapex
|-resisted|p2a: Toxapex
|-damage|p2a: Toxapex|77/100
|
|t:|1635673176
|switch|p1a: Regieleki|Regieleki, shiny|82/100 tox|[from]move: Flip Turn
|
|-weather|RainDance|[upkeep]
|-damage|p1a: Regieleki|76/100 tox|[from] psn
|upkeep
|turn|72
|
|t:|1635673180
|switch|p2a: Volcarona|Volcarona, F|29/100
|move|p1a: Regieleki|Electro Ball|p2a: Volcarona
|-damage|p2a: Volcarona|0 fnt
|faint|p2a: Volcarona
|
|-weather|RainDance|[upkeep]
|-damage|p1a: Regieleki|63/100 tox|[from] psn
|upkeep
|
|t:|1635673184
|switch|p2a: Blissey|Blissey, F|34/100
|turn|73
|
|t:|1635673187
|move|p1a: Regieleki|Electro Ball|p2a: Blissey
|-damage|p2a: Blissey|3/100
|move|p2a: Blissey|Soft-Boiled|p2a: Blissey
|-heal|p2a: Blissey|53/100
|
|-weather|none
|-damage|p1a: Regieleki|44/100 tox|[from] psn
|upkeep
|turn|74
|
|t:|1635673191
|move|p1a: Regieleki|Volt Switch|p2a: Blissey
|-damage|p2a: Blissey|36/100
|
|t:|1635673193
|switch|p1a: Barraskewda|Barraskewda, M, shiny|88/100|[from]move: Volt Switch
|move|p2a: Blissey|Soft-Boiled|p2a: Blissey
|-heal|p2a: Blissey|86/100
|
|upkeep
|turn|75
|
|t:|1635673196
|switch|p2a: Toxapex|Toxapex, M|100/100
|move|p1a: Barraskewda|Liquidation|p2a: Toxapex
|-resisted|p2a: Toxapex
|-damage|p2a: Toxapex|81/100
|
|upkeep
|turn|76
|
|t:|1635673201
|move|p1a: Barraskewda|Liquidation|p2a: Toxapex
|-resisted|p2a: Toxapex
|-damage|p2a: Toxapex|60/100
|move|p2a: Toxapex|Knock Off|p1a: Barraskewda
|-damage|p1a: Barraskewda|63/100
|-enditem|p1a: Barraskewda|Choice Band|[from] move: Knock Off|[of] p2a: Toxapex
|
|upkeep
|turn|77
|
|t:|1635673205
|move|p1a: Barraskewda|Liquidation|p2a: Toxapex
|-resisted|p2a: Toxapex
|-damage|p2a: Toxapex|45/100
|move|p2a: Toxapex|Recover|p2a: Toxapex
|-heal|p2a: Toxapex|95/100
|
|upkeep
|turn|78
|
|t:|1635673207
|move|p1a: Barraskewda|Liquidation|p2a: Toxapex
|-resisted|p2a: Toxapex
|-damage|p2a: Toxapex|80/100
|move|p2a: Toxapex|Toxic|p1a: Barraskewda
|-status|p1a: Barraskewda|tox
|
|-damage|p1a: Barraskewda|57/100 tox|[from] psn
|upkeep
|turn|79
|
|t:|1635673211
|move|p1a: Barraskewda|Liquidation|p2a: Toxapex
|-resisted|p2a: Toxapex
|-damage|p2a: Toxapex|67/100
|move|p2a: Toxapex|Knock Off|p1a: Barraskewda
|-damage|p1a: Barraskewda|37/100 tox
|
|-damage|p1a: Barraskewda|25/100 tox|[from] psn
|upkeep
|turn|80
|
|t:|1635673216
|move|p1a: Barraskewda|Flip Turn|p2a: Toxapex
|-resisted|p2a: Toxapex
|-damage|p2a: Toxapex|57/100
|
|t:|1635673225
|switch|p1a: Regieleki|Regieleki, shiny|44/100 tox|[from]move: Flip Turn
|move|p2a: Toxapex|Recover|p2a: Toxapex
|-heal|p2a: Toxapex|100/100
|
|-damage|p1a: Regieleki|38/100 tox|[from] psn
|upkeep
|turn|81
|
|t:|1635673229
|switch|p2a: Blissey|Blissey, F|86/100
|move|p1a: Regieleki|Rapid Spin|p2a: Blissey
|-damage|p2a: Blissey|78/100
|-boost|p1a: Regieleki|spe|1
|
|-damage|p1a: Regieleki|26/100 tox|[from] psn
|upkeep
|turn|82
|
|t:|1635673234
|move|p1a: Regieleki|Volt Switch|p2a: Blissey
|-damage|p2a: Blissey|62/100
|
|t:|1635673236
|switch|p1a: Tapu Lele|Tapu Lele|12/100|[from]move: Volt Switch
|-fieldstart|move: Psychic Terrain|[from] ability: Psychic Surge|[of] p1a: Tapu Lele
|move|p2a: Blissey|Soft-Boiled|p2a: Blissey
|-heal|p2a: Blissey|100/100
|
|upkeep
|turn|83
|
|t:|1635673241
|move|p1a: Tapu Lele|Psyshock|p2a: Blissey
|-damage|p2a: Blissey|53/100
|move|p2a: Blissey|Soft-Boiled|p2a: Blissey
|-heal|p2a: Blissey|100/100
|
|upkeep
|turn|84
|
|t:|1635673244
|switch|p2a: Corviknight|Corviknight, M|96/100
|-ability|p2a: Corviknight|Pressure
|move|p1a: Tapu Lele|Psyshock|p2a: Corviknight
|-resisted|p2a: Corviknight
|-damage|p2a: Corviknight|78/100
|
|-heal|p2a: Corviknight|84/100|[from] item: Leftovers
|upkeep
|turn|85
|-message|fuxiddd forfeited.
|
|win|Mel2345
|raw|fuxiddd's rating: 1439 &rarr; <strong>1423</strong><br />(-16 for losing)
|raw|Mel2345's rating: 1516 &rarr; <strong>1532</strong><br />(+16 for winning)
|l|☆fuxiddd
