|j|☆jawabarat
|j|☆Zemmour & Rick
|t:|1664823142
|gametype|singles
|player|p1|jawabarat|artist-gen4|1732
|player|p2|Zemmour & Rick|backers|1748
|teamsize|p1|6
|teamsize|p2|6
|gen|8
|tier|[Gen 8] OU
|rated|
|rule|Sleep Clause Mod: Limit one foe put to sleep
|rule|Species Clause: Limit one of each Pokémon
|rule|OHKO Clause: OHKO moves are banned
|rule|Evasion Items Clause: Evasion items are banned
|rule|Evasion Moves Clause: Evasion moves are banned
|rule|Endless Battle Clause: Forcing endless battles is banned
|rule|HP Percentage Mod: HP is shown in percentages
|rule|Dynamax Clause: You cannot dynamax
|clearpoke
|poke|p1|Ferrothorn, M|
|poke|p1|Rotom-Wash|
|poke|p1|Tyranitar, M|
|poke|p1|Excadrill, F|
|poke|p1|Clefable, M|
|poke|p1|Dragapult, M|
|poke|p2|Hatterene, F|
|poke|p2|Cresselia, F|
|poke|p2|Porygon2|
|poke|p2|Torkoal, F|
|poke|p2|Marowak-Alola, M|
|poke|p2|Melmetal|
|teampreview
|
|t:|1664823159
|start
|switch|p1a: Excadrill|Excadrill, F|100/100
|switch|p2a: Melmetal|Melmetal|100/100
|turn|1
|
|t:|1664823172
|switch|p1a: Ferrothorn|Ferrothorn, M|100/100
|move|p2a: Melmetal|Superpower|p1a: Ferrothorn
|-supereffective|p1a: Ferrothorn
|-damage|p1a: Ferrothorn|12/100
|-unboost|p2a: Melmetal|atk|1
|-unboost|p2a: Melmetal|def|1
|-damage|p2a: Melmetal|88/100|[from] ability: Iron Barbs|[of] p1a: Ferrothorn
|
|-heal|p1a: Ferrothorn|19/100|[from] item: Leftovers
|upkeep
|turn|2
|
|t:|1664823183
|switch|p1a: Dragapult|Dragapult, M|100/100
|move|p2a: Melmetal|Superpower|p1a: Dragapult
|-immune|p1a: Dragapult
|
|upkeep
|turn|3
|
|t:|1664823189
|switch|p2a: Porygon2|Porygon2|100/100
|-ability|p2a: Porygon2|Infiltrator|[from] ability: Trace|[of] p1a: Dragapult
|move|p1a: Dragapult|U-turn|p2a: Porygon2
|-damage|p2a: Porygon2|89/100
|j| Lapalissyar
|c| Lapalissyar|weather vs meme room
|
|t:|1664823203
|switch|p1a: Tyranitar|Tyranitar, M|100/100|[from]move: U-turn
|-weather|Sandstorm|[from] ability: Sand Stream|[of] p1a: Tyranitar
|
|-weather|Sandstorm|[upkeep]
|-damage|p2a: Porygon2|83/100|[from] Sandstorm
|upkeep
|turn|4
|
|t:|1664823211
|switch|p2a: Melmetal|Melmetal|88/100
|move|p1a: Tyranitar|Crunch|p2a: Melmetal
|-damage|p2a: Melmetal|49/100
|
|-weather|Sandstorm|[upkeep]
|upkeep
|turn|5
|c| Lapalissyar|is it too much to ask for some fair BO, HO or Balanced teams?
|c|☆jawabarat|did anybody ask
|c| Lapalissyar|I did
|c|☆jawabarat|for your opinion
|c| Lapalissyar|I still did
|c|☆Zemmour & Rick|no one care of you
|c|☆jawabarat|if you want a certain team build it yourself and ladder up here
|c|☆jawabarat|also my team literally is balance. get a grip
|
|t:|1664823269
|switch|p1a: Ferrothorn|Ferrothorn, M|19/100
|move|p2a: Melmetal|Double Iron Bash|p1a: Ferrothorn
|-resisted|p1a: Ferrothorn
|-damage|p1a: Ferrothorn|0 fnt
|-damage|p2a: Melmetal|36/100|[from] ability: Iron Barbs|[of] p1a: Ferrothorn
|faint|p1a: Ferrothorn
|-hitcount|p1: Ferrothorn|1
|
|-weather|Sandstorm|[upkeep]
|upkeep
|
|t:|1664823276
|switch|p1a: Tyranitar|Tyranitar, M|100/100
|turn|6
|c| Lapalissyar|your team is weather
|c|☆jawabarat|...sand balance
|c| Lapalissyar|it's weather
|c| Lapalissyar|you have a broken sand excadrill
|
|t:|1664823293
|move|p1a: Tyranitar|Crunch|p2a: Melmetal
|-damage|p2a: Melmetal|0 fnt
|faint|p2a: Melmetal
|
|-weather|Sandstorm|[upkeep]
|upkeep
|c|☆jawabarat|broken my ass its barely even used in this tier
|
|t:|1664823301
|switch|p2a: Torkoal|Torkoal, F|100/100
|-weather|SunnyDay|[from] ability: Drought|[of] p2a: Torkoal
|turn|7
|
|t:|1664823310
|switch|p1a: Clefable|Clefable, M|100/100
|move|p2a: Torkoal|Earth Power|p1a: Clefable
|-damage|p1a: Clefable|66/100
|
|-weather|SunnyDay|[upkeep]
|upkeep
|turn|8
|
|t:|1664823325
|switch|p1a: Excadrill|Excadrill, F|100/100
|switch|p2a: Porygon2|Porygon2|83/100
|-ability|p2a: Porygon2|Sand Rush|[from] ability: Trace|[of] p1a: Excadrill
|
|-weather|SunnyDay|[upkeep]
|upkeep
|turn|9
|c| Lapalissyar|exca with doubled speed means people are pressured to the point they have to either prepare for it (and lose spots against other threats) or lose badly
|c|☆jawabarat|dude im 1700 I understand this shit
|c| Lapalissyar|if you don't see how cheap of an advantage this is, I'm afraid we're not talkig the same language
|c| Lapalissyar|lol, 1700 isn't bad
|j| RazorForce21
|c|☆jawabarat|you however are bad
|
|t:|1664823379
|move|p1a: Excadrill|Swords Dance|p1a: Excadrill
|-boost|p1a: Excadrill|atk|2
|move|p2a: Porygon2|Trick Room|p2a: Porygon2
|-fieldstart|move: Trick Room|[of] p2a: Porygon2
|
|-weather|SunnyDay|[upkeep]
|upkeep
|turn|10
|c|☆Zemmour & Rick|^
|
|t:|1664823387
|move|p1a: Excadrill|Earthquake|p2a: Porygon2
|-damage|p2a: Porygon2|6/100
|move|p2a: Porygon2|Teleport|p2a: Porygon2
|
|t:|1664823392
|switch|p2a: Marowak|Marowak-Alola, M|100/100|[from]move: Teleport
|
|-weather|SunnyDay|[upkeep]
|upkeep
|turn|11
|
|t:|1664823409
|switch|p1a: Clefable|Clefable, M|66/100
|move|p2a: Marowak|Swords Dance|p2a: Marowak
|-boost|p2a: Marowak|atk|2
|
|-weather|none
|upkeep
|turn|12
|
|t:|1664823417
|move|p2a: Marowak|Flare Blitz|p1a: Clefable
|-crit|p1a: Clefable
|-damage|p1a: Clefable|0 fnt
|-damage|p2a: Marowak|84/100|[from] item: Rocky Helmet|[of] p1a: Clefable
|faint|p1a: Clefable
|
|upkeep
|
|t:|1664823422
|switch|p1a: Tyranitar|Tyranitar, M|100/100
|-weather|Sandstorm|[from] ability: Sand Stream|[of] p1a: Tyranitar
|turn|13
|c| Lapalissyar|I'm bad for saying weather is a cheap way of winning? Dw, same goes for TR: marowak alola isn't broken just because he's slow, if you suddenly make him faster than anything that thing is just clicking buttons and winning
|c|☆jawabarat|didnt ask
|
|t:|1664823442
|switch|p1a: Rotom|Rotom-Wash|100/100
|move|p2a: Marowak|Poltergeist|p1a: Rotom
|-activate|p1a: Rotom|move: Poltergeist|Leftovers
|-damage|p1a: Rotom|0 fnt
|faint|p1a: Rotom
|
|-weather|Sandstorm|[upkeep]
|-damage|p2a: Marowak|78/100|[from] Sandstorm
|-fieldend|move: Trick Room
|upkeep
|c| Lapalissyar|and once again, no one should prepare for such an abysmal threat
|
|t:|1664823447
|switch|p1a: Tyranitar|Tyranitar, M|100/100
|turn|14
|
|t:|1664823460
|switch|p2a: Porygon2|Porygon2|6/100
|-ability|p2a: Porygon2|Sand Stream|[from] ability: Trace|[of] p1a: Tyranitar
|move|p1a: Tyranitar|Crunch|p2a: Porygon2
|-damage|p2a: Porygon2|0 fnt
|faint|p2a: Porygon2
|
|-weather|Sandstorm|[upkeep]
|upkeep
|
|t:|1664823463
|switch|p2a: Hatterene|Hatterene, F|100/100
|turn|15
|
|t:|1664823467
|move|p1a: Tyranitar|Crunch|p2a: Hatterene
|-damage|p2a: Hatterene|27/100
|move|p2a: Hatterene|Trick Room|p2a: Hatterene
|-fieldstart|move: Trick Room|[of] p2a: Hatterene
|
|-weather|Sandstorm|[upkeep]
|-damage|p2a: Hatterene|21/100|[from] Sandstorm
|upkeep
|turn|16
|
|t:|1664823475
|switch|p1a: Excadrill|Excadrill, F|100/100
|move|p2a: Hatterene|Healing Wish|p2a: Hatterene
|faint|p2a: Hatterene
|
|-weather|Sandstorm|[upkeep]
|upkeep
|
|t:|1664823483
|switch|p2a: Torkoal|Torkoal, F|100/100
|-weather|SunnyDay|[from] ability: Drought|[of] p2a: Torkoal
|turn|17
|
|t:|1664823489
|switch|p1a: Dragapult|Dragapult, M|100/100
|move|p2a: Torkoal|Earth Power|p1a: Dragapult
|-damage|p1a: Dragapult|50/100
|
|-weather|SunnyDay|[upkeep]
|upkeep
|turn|18
|
|t:|1664823505
|move|p2a: Torkoal|Earth Power|p1a: Dragapult
|-crit|p1a: Dragapult
|-damage|p1a: Dragapult|0 fnt
|faint|p1a: Dragapult
|
|-weather|SunnyDay|[upkeep]
|upkeep
|
|t:|1664823509
|switch|p1a: Tyranitar|Tyranitar, M|100/100
|-weather|Sandstorm|[from] ability: Sand Stream|[of] p1a: Tyranitar
|turn|19
|
|t:|1664823513
|move|p2a: Torkoal|Earth Power|p1a: Tyranitar
|-supereffective|p1a: Tyranitar
|-damage|p1a: Tyranitar|52/100
|move|p1a: Tyranitar|Crunch|p2a: Torkoal
|-damage|p2a: Torkoal|51/100
|
|-weather|Sandstorm|[upkeep]
|-damage|p2a: Torkoal|45/100|[from] Sandstorm
|-fieldend|move: Trick Room
|upkeep
|turn|20
|
|t:|1664823521
|move|p1a: Tyranitar|Crunch|p2a: Torkoal
|-damage|p2a: Torkoal|0 fnt
|faint|p2a: Torkoal
|
|-weather|Sandstorm|[upkeep]
|upkeep
|
|t:|1664823525
|switch|p2a: Cresselia|Cresselia, F|100/100
|turn|21
|
|t:|1664823528
|move|p1a: Tyranitar|Crunch|p2a: Cresselia
|-supereffective|p2a: Cresselia
|-damage|p2a: Cresselia|34/100
|-unboost|p2a: Cresselia|def|1
|move|p2a: Cresselia|Trick Room|p2a: Cresselia
|-fieldstart|move: Trick Room|[of] p2a: Cresselia
|
|-weather|Sandstorm|[upkeep]
|-damage|p2a: Cresselia|28/100|[from] Sandstorm
|upkeep
|turn|22
|j| pelotonian
|c|☆jawabarat|fuck me cress is a fat guy
|c|☆jawabarat|gg
|
|t:|1664823539
|move|p2a: Cresselia|Lunar Dance|p2a: Cresselia
|faint|p2a: Cresselia
|move|p1a: Tyranitar|Crunch|p2: Cresselia|[notarget]
|-fail|p1a: Tyranitar
|
|-weather|Sandstorm|[upkeep]
|upkeep
|c|☆Zemmour & Rick|gg wp :)
|c| Lapalissyar|this wasn't a gg
|c| Lapalissyar|nor it was wp
|
|t:|1664823549
|switch|p2a: Marowak|Marowak-Alola, M|78/100
|-heal|p2a: Marowak|100/100|[from] move: Lunar Dance
|turn|23
|c| Lapalissyar|it was a terrible game by people spamming broken cheap strats
|c|☆jawabarat|ladder up here play one of us then talk
|
|t:|1664823561
|move|p2a: Marowak|Earthquake|p1a: Tyranitar
|-supereffective|p1a: Tyranitar
|-damage|p1a: Tyranitar|0 fnt
|faint|p1a: Tyranitar
|
|-weather|none
|upkeep
|
|t:|1664823563
|switch|p1a: Excadrill|Excadrill, F|100/100
|turn|24
|
|t:|1664823569
|move|p2a: Marowak|Flare Blitz|p1a: Excadrill
|-supereffective|p1a: Excadrill
|-damage|p1a: Excadrill|0 fnt
|faint|p1a: Excadrill
|
|win|Zemmour & Rick
|raw|jawabarat's rating: 1732 &rarr; <strong>1713</strong><br />(-19 for losing)
|raw|Zemmour &amp; Rick's rating: 1748 &rarr; <strong>1767</strong><br />(+19 for winning)
|l|☆jawabarat
|c| Lapalissyar|I d0n't ladder using cheap strats, I play fairly, besides I didn't play any gen past 6
|l| pelotonian
||Ladder isn't responding, score probably updated but might not have (Request timeout).
|l| RazorForce21
|j| Chose Truc
|j| tf
|l| Chose Truc
