|raw|<div class="broadcast-blue"><strong>This battle is required to be public due to a player having a name starting with 'LT73IU'.</div>
|j|☆blue chen
|j|☆LT73IU Hime
|t:|1598531300
|player|p1|blue chen|karen|1707
|player|p2|LT73IU Hime|lass|1725
|teamsize|p1|6
|teamsize|p2|6
|gametype|singles
|gen|8
|tier|[Gen 8] OU
|rated|
|clearpoke
|poke|p1|Accelgor, M|
|poke|p1|Urshifu-*, M|
|poke|p1|Volcarona, M|
|poke|p1|Dragapult, M|
|poke|p1|Jirachi|
|poke|p1|Kyurem|
|poke|p2|Kyurem|
|poke|p2|Kommo-o, M|
|poke|p2|Zeraora|
|poke|p2|Aegislash, F|
|poke|p2|Clefable, F|
|poke|p2|Mantine, M|
|rule|Sleep Clause Mod: Limit one foe put to sleep
|rule|Species Clause: Limit one of each Pokémon
|rule|OHKO Clause: OHKO moves are banned
|rule|Evasion Moves Clause: Evasion moves are banned
|rule|Endless Battle Clause: Forcing endless battles is banned
|rule|HP Percentage Mod: HP is shown in percentages
|rule|Dynamax Clause: You cannot dynamax
|teampreview
|
|t:|1598531366
|start
|switch|p1a: Urshifu|Urshifu, M|100/100
|switch|p2a: Zeraora|Zeraora|100/100
|turn|1
|inactive|Battle timer is ON: inactive players will automatically lose when time's up. (requested by LT73IU Hime)
|
|t:|1598531382
|move|p2a: Zeraora|Volt Switch|p1a: Urshifu
|-crit|p1a: Urshifu
|-damage|p1a: Urshifu|20/100
|
|t:|1598531411
|switch|p2a: Kommo-o|Kommo-o, M|100/100|[from]move: Volt Switch
|move|p1a: Urshifu|Wicked Blow|p2a: Kommo-o
|-resisted|p2a: Kommo-o
|-crit|p2a: Kommo-o
|-damage|p2a: Kommo-o|75/100
|-damage|p1a: Urshifu|10/100|[from] item: Life Orb
|
|-heal|p2a: Kommo-o|81/100|[from] item: Leftovers
|upkeep
|turn|2
|inactive|LT73IU Hime has 120 seconds left.
|inactive|blue chen has 120 seconds left.
|j| Windows 98 SE
|inactive|LT73IU Hime has 90 seconds left.
|
|t:|1598531471
|move|p1a: Urshifu|Close Combat|p2a: Kommo-o
|-damage|p2a: Kommo-o|31/100
|-unboost|p1a: Urshifu|def|1
|-unboost|p1a: Urshifu|spd|1
|-damage|p1a: Urshifu|0 fnt|[from] item: Life Orb
|faint|p1a: Urshifu
|move|p2a: Kommo-o|Stealth Rock|p1: Urshifu
|-sidestart|p1: blue chen|move: Stealth Rock
|
|-heal|p2a: Kommo-o|38/100|[from] item: Leftovers
|upkeep
|inactive|blue chen has 90 seconds left.
|
|t:|1598531510
|switch|p1a: Dragapult|Dragapult, M|100/100
|-damage|p1a: Dragapult|88/100|[from] Stealth Rock
|turn|3
|inactive|blue chen has 90 seconds left.
|inactive|LT73IU Hime has 60 seconds left.
|
|t:|1598531544
|switch|p2a: Clefable|Clefable, F|100/100
|move|p1a: Dragapult|Substitute|p1a: Dragapult
|-start|p1a: Dragapult|Substitute
|-damage|p1a: Dragapult|63/100
|
|-heal|p1a: Dragapult|69/100|[from] item: Leftovers
|upkeep
|turn|4
|inactive|blue chen has 90 seconds left.
|j| chenchujia
|inactive|blue chen has 60 seconds left.
|
|t:|1598531590
|move|p1a: Dragapult|Phantom Force||[still]
|-prepare|p1a: Dragapult|Phantom Force
|move|p2a: Clefable|Moonblast|p1a: Dragapult|[miss]
|-miss|p2a: Clefable|p1a: Dragapult
|
|-heal|p1a: Dragapult|75/100|[from] item: Leftovers
|upkeep
|turn|5
|inactive|blue chen has 60 seconds left.
|
|t:|1598531615
|move|p1a: Dragapult|Phantom Force|p2a: Clefable|[from]lockedmove
|-damage|p2a: Clefable|67/100
|move|p2a: Clefable|Moonblast|p1a: Dragapult
|-supereffective|p1a: Dragapult
|-end|p1a: Dragapult|Substitute
|
|-heal|p1a: Dragapult|81/100|[from] item: Leftovers
|-heal|p2a: Clefable|73/100|[from] item: Leftovers
|upkeep
|turn|6
|
|t:|1598531626
|switch|p1a: Accelgor|Accelgor, M|100/100
|-damage|p1a: Accelgor|76/100|[from] Stealth Rock
|move|p2a: Clefable|Wish|p2a: Clefable
|
|-heal|p2a: Clefable|79/100|[from] item: Leftovers
|upkeep
|turn|7
|
|t:|1598531641
|switch|p2a: Aegislash|Aegislash, F|100/100
|move|p1a: Accelgor|Spikes|p2a: Aegislash
|-sidestart|p2: LT73IU Hime|Spikes
|
|upkeep
|turn|8
|
|t:|1598531648
|move|p1a: Accelgor|Knock Off|p2a: Aegislash
|-supereffective|p2a: Aegislash
|-damage|p2a: Aegislash|60/100
|-enditem|p2a: Aegislash|Spell Tag|[from] move: Knock Off|[of] p1a: Accelgor
|-formechange|p2a: Aegislash|Aegislash-Blade||[from] ability: Stance Change
|move|p2a: Aegislash|Shadow Ball|p1a: Accelgor
|-damage|p1a: Accelgor|0 fnt
|faint|p1a: Accelgor
|
|upkeep
|
|t:|1598531663
|switch|p1a: Kyurem|Kyurem|100/100
|-damage|p1a: Kyurem|76/100|[from] Stealth Rock
|-ability|p1a: Kyurem|Pressure
|turn|9
|
|t:|1598531675
|move|p1a: Kyurem|Substitute|p1a: Kyurem
|-start|p1a: Kyurem|Substitute
|-damage|p1a: Kyurem|51/100
|move|p2a: Aegislash|Flash Cannon|p1a: Kyurem
|-supereffective|p1a: Kyurem
|-end|p1a: Kyurem|Substitute
|
|-heal|p1a: Kyurem|57/100|[from] item: Leftovers
|upkeep
|turn|10
|inactive|blue chen has 60 seconds left.
|
|t:|1598531692
|move|p1a: Kyurem|Outrage|p2a: Aegislash
|-resisted|p2a: Aegislash
|-damage|p2a: Aegislash|0 fnt
|faint|p2a: Aegislash
|
|-heal|p1a: Kyurem|63/100|[from] item: Leftovers
|upkeep
|
|t:|1598531700
|switch|p2a: Clefable|Clefable, F|79/100
|turn|11
|
|t:|1598531706
|move|p1a: Kyurem|Outrage|p2a: Clefable|[from]lockedmove
|-immune|p2a: Clefable
|-start|p1a: Kyurem|confusion|[fatigue]
|move|p2a: Clefable|Moonblast|p1a: Kyurem
|-supereffective|p1a: Kyurem
|-damage|p1a: Kyurem|0 fnt
|faint|p1a: Kyurem
|
|-heal|p2a: Clefable|85/100|[from] item: Leftovers
|upkeep
|inactive|blue chen has 60 seconds left.
|
|t:|1598531735
|switch|p1a: Jirachi|Jirachi|100/100
|-damage|p1a: Jirachi|94/100|[from] Stealth Rock
|turn|12
|
|t:|1598531741
|switch|p2a: Zeraora|Zeraora|100/100
|move|p1a: Jirachi|Psychic|p2a: Zeraora
|-damage|p2a: Zeraora|48/100
|
|-heal|p1a: Jirachi|100/100|[from] item: Leftovers
|upkeep
|turn|13
|inactive|blue chen has 60 seconds left.
|
|t:|1598531753
|move|p2a: Zeraora|Volt Switch|p1a: Jirachi
|-damage|p1a: Jirachi|69/100
|
|t:|1598531757
|switch|p2a: Kommo-o|Kommo-o, M|38/100|[from]move: Volt Switch
|-damage|p2a: Kommo-o|25/100|[from] Spikes
|move|p1a: Jirachi|Psychic|p2a: Kommo-o
|-supereffective|p2a: Kommo-o
|-damage|p2a: Kommo-o|0 fnt
|faint|p2a: Kommo-o
|
|-heal|p1a: Jirachi|75/100|[from] item: Leftovers
|upkeep
|
|t:|1598531760
|switch|p2a: Zeraora|Zeraora|48/100
|turn|14
|inactive|blue chen has 60 seconds left.
|
|t:|1598531789
|move|p2a: Zeraora|Volt Switch|p1a: Jirachi
|-damage|p1a: Jirachi|39/100
|
|t:|1598531793
|switch|p2a: Mantine|Mantine, M|100/100|[from]move: Volt Switch
|move|p1a: Jirachi|Psychic|p2a: Mantine
|-damage|p2a: Mantine|77/100
|
|-heal|p1a: Jirachi|45/100|[from] item: Leftovers
|upkeep
|turn|15
|
|t:|1598531801
|switch|p2a: Zeraora|Zeraora|48/100
|move|p1a: Jirachi|Ancient Power|p2a: Zeraora
|-damage|p2a: Zeraora|24/100
|
|-heal|p1a: Jirachi|51/100|[from] item: Leftovers
|upkeep
|turn|16
|
|t:|1598531815
|move|p2a: Zeraora|Volt Switch|p1a: Jirachi
|-damage|p1a: Jirachi|20/100
|inactive|LT73IU Hime has 120 seconds left.
|
|t:|1598531858
|switch|p2a: Kyurem|Kyurem|100/100|[from]move: Volt Switch
|-damage|p2a: Kyurem|88/100|[from] Spikes
|-ability|p2a: Kyurem|Pressure
|move|p1a: Jirachi|Ancient Power|p2a: Kyurem
|-supereffective|p2a: Kyurem
|-damage|p2a: Kyurem|52/100
|
|-heal|p1a: Jirachi|26/100|[from] item: Leftovers
|upkeep
|turn|17
|
|t:|1598531874
|move|p1a: Jirachi|Iron Head|p2a: Kyurem
|-supereffective|p2a: Kyurem
|-damage|p2a: Kyurem|0 fnt
|faint|p2a: Kyurem
|
|-heal|p1a: Jirachi|32/100|[from] item: Leftovers
|upkeep
|
|t:|1598531877
|switch|p2a: Zeraora|Zeraora|24/100
|turn|18
|inactive|blue chen has 60 seconds left.
|
|t:|1598531903
|move|p2a: Zeraora|Thunderbolt|p1a: Jirachi
|-damage|p1a: Jirachi|0 fnt
|faint|p1a: Jirachi
|
|upkeep
|
|t:|1598531907
|switch|p1a: Dragapult|Dragapult, M|81/100
|-damage|p1a: Dragapult|69/100|[from] Stealth Rock
|turn|19
|inactive|LT73IU Hime has 120 seconds left.
|
|t:|1598531930
|move|p1a: Dragapult|Dragon Dance|p1a: Dragapult
|-boost|p1a: Dragapult|atk|1
|-boost|p1a: Dragapult|spe|1
|move|p2a: Zeraora|Volt Switch|p1a: Dragapult
|-resisted|p1a: Dragapult
|-damage|p1a: Dragapult|46/100
|
|t:|1598531936
|switch|p2a: Clefable|Clefable, F|85/100|[from]move: Volt Switch
|
|-heal|p1a: Dragapult|52/100|[from] item: Leftovers
|-heal|p2a: Clefable|91/100|[from] item: Leftovers
|upkeep
|turn|20
|
|t:|1598531951
|move|p1a: Dragapult|Phantom Force||[still]
|-prepare|p1a: Dragapult|Phantom Force
|move|p2a: Clefable|Moonblast|p1a: Dragapult|[miss]
|-miss|p2a: Clefable|p1a: Dragapult
|
|-heal|p1a: Dragapult|58/100|[from] item: Leftovers
|-heal|p2a: Clefable|97/100|[from] item: Leftovers
|upkeep
|turn|21
|
|t:|1598531969
|move|p1a: Dragapult|Phantom Force|p2a: Clefable|[from]lockedmove
|-damage|p2a: Clefable|46/100
|move|p2a: Clefable|Moonblast|p1a: Dragapult
|-supereffective|p1a: Dragapult
|-damage|p1a: Dragapult|0 fnt
|faint|p1a: Dragapult
|
|-heal|p2a: Clefable|52/100|[from] item: Leftovers
|upkeep
|-message|blue chen forfeited.
|
|win|LT73IU Hime
|l|☆blue chen
|raw|blue chen's rating: 1752 &rarr; <strong>1731</strong><br />(-21 for losing)
|raw|LT73IU Hime's rating: 1725 &rarr; <strong>1747</strong><br />(+22 for winning)
