|html|<div class="broadcast-blue"><strong>[Gen 8] OU is currently suspecting Melmetal! For information on how to participate check out the <a href="https://www.smogon.com/forums/threads/np-ss-ou-suspect-process-round-12-monster-mash.3709234/">suspect thread</a>.</strong></div>
|j|☆gotsnsd
|j|☆minimax_ai
|t:|1666202110
|gametype|singles
|player|p1|gotsnsd|beauty-gen2jp|1553
|player|p2|minimax_ai|lusamine-nihilego|1586
|teamsize|p1|6
|teamsize|p2|6
|gen|8
|tier|[Gen 8] OU
|rated|
|rule|Sleep Clause Mod: Limit one foe put to sleep
|rule|Species Clause: Limit one of each Pokémon
|rule|OHKO Clause: OHKO moves are banned
|rule|Evasion Items Clause: Evasion items are banned
|rule|Evasion Moves Clause: Evasion moves are banned
|rule|Endless Battle Clause: Forcing endless battles is banned
|rule|HP Percentage Mod: HP is shown in percentages
|rule|Dynamax Clause: You cannot dynamax
|clearpoke
|poke|p1|Nidoking, M|
|poke|p1|Rillaboom, F|
|poke|p1|Heatran, M|
|poke|p1|Rotom-Wash|
|poke|p1|Tornadus-Therian, M|
|poke|p1|Melmetal|
|poke|p2|Rotom-Wash|
|poke|p2|Weavile, M|
|poke|p2|Landorus-Therian, M|
|poke|p2|Heatran, M|
|poke|p2|Tangrowth, M|
|poke|p2|Melmetal|
|teampreview
|c|☆minimax_ai|hf
|inactive|Battle timer is ON: inactive players will automatically lose when time's up. (requested by minimax_ai)
|
|t:|1666202114
|start
|switch|p1a: Rillaboom|Rillaboom, F|100/100
|switch|p2a: Heatran|Heatran, M|100/100
|-item|p2a: Heatran|Air Balloon
|-fieldstart|move: Grassy Terrain|[from] ability: Grassy Surge|[of] p1a: Rillaboom
|turn|1
|
|t:|1666202128
|switch|p2a: Tangrowth|Tangrowth, M|100/100
|move|p1a: Rillaboom|Drain Punch|p2a: Tangrowth
|-damage|p2a: Tangrowth|86/100
|-damage|p1a: Rillaboom|84/100|[from] item: Rocky Helmet|[of] p2a: Tangrowth
|
|-heal|p1a: Rillaboom|90/100|[from] Grassy Terrain
|-heal|p1a: Rillaboom|96/100|[from] item: Leftovers
|-heal|p2a: Tangrowth|92/100|[from] Grassy Terrain
|upkeep
|turn|2
|
|t:|1666202133
|switch|p1a: Heatran|Heatran, M|100/100
|move|p2a: Tangrowth|Knock Off|p1a: Heatran
|-damage|p1a: Heatran|83/100
|-enditem|p1a: Heatran|Leftovers|[from] move: Knock Off|[of] p2a: Tangrowth
|
|-heal|p1a: Heatran|89/100|[from] Grassy Terrain
|-heal|p2a: Tangrowth|99/100|[from] Grassy Terrain
|upkeep
|turn|3
|
|t:|1666202136
|switch|p2a: rotomwash|Rotom-Wash|100/100
|move|p1a: Heatran|Stealth Rock|p2a: rotomwash
|-sidestart|p2: minimax_ai|move: Stealth Rock
|
|-heal|p1a: Heatran|95/100|[from] Grassy Terrain
|upkeep
|turn|4
|
|t:|1666202145
|switch|p1a: Tornadus|Tornadus-Therian, M|100/100
|move|p2a: rotomwash|Thunderbolt|p1a: Tornadus
|-supereffective|p1a: Tornadus
|-damage|p1a: Tornadus|34/100
|
|upkeep
|turn|5
|
|t:|1666202149
|switch|p1a: Nidoking|Nidoking, M|100/100
|move|p2a: rotomwash|Thunderbolt|p1a: Nidoking
|-immune|p1a: Nidoking
|
|-fieldend|move: Grassy Terrain
|upkeep
|turn|6
|
|t:|1666202152
|move|p2a: rotomwash|Hydro Pump|p1a: Nidoking
|-supereffective|p1a: Nidoking
|-damage|p1a: Nidoking|0 fnt
|faint|p1a: Nidoking
|
|upkeep
|
|t:|1666202156
|switch|p1a: Rillaboom|Rillaboom, F|96/100
|-fieldstart|move: Grassy Terrain|[from] ability: Grassy Surge|[of] p1a: Rillaboom
|turn|7
|
|t:|1666202157
|switch|p2a: Melmetal|Melmetal|100/100
|-damage|p2a: Melmetal|94/100|[from] Stealth Rock
|move|p1a: Rillaboom|Swords Dance|p1a: Rillaboom
|-boost|p1a: Rillaboom|atk|2
|
|-heal|p1a: Rillaboom|100/100|[from] Grassy Terrain
|-heal|p2a: Melmetal|100/100|[from] Grassy Terrain
|upkeep
|turn|8
|
|t:|1666202163
|move|p1a: Rillaboom|Drain Punch|p2a: Melmetal
|-supereffective|p2a: Melmetal
|-damage|p2a: Melmetal|38/100
|move|p2a: Melmetal|Double Iron Bash|p1a: Rillaboom
|-damage|p1a: Rillaboom|60/100
|-damage|p1a: Rillaboom|16/100
|-hitcount|p1a: Rillaboom|2
|
|-heal|p1a: Rillaboom|22/100|[from] Grassy Terrain
|-heal|p1a: Rillaboom|28/100|[from] item: Leftovers
|-heal|p2a: Melmetal|44/100|[from] Grassy Terrain
|upkeep
|turn|9
|
|t:|1666202174
|switch|p1a: Heatran|Heatran, M|95/100
|switch|p2a: Tangrowth|Tangrowth, M|100/100
|-damage|p2a: Tangrowth|88/100|[from] Stealth Rock
|
|-heal|p1a: Heatran|100/100|[from] Grassy Terrain
|-heal|p2a: Tangrowth|94/100|[from] Grassy Terrain
|upkeep
|turn|10
|
|t:|1666202180
|switch|p1a: Tornadus|Tornadus-Therian, M|67/100
|switch|p2a: landorustherian|Landorus-Therian, M|100/100
|-damage|p2a: landorustherian|88/100|[from] Stealth Rock
|-ability|p2a: landorustherian|Intimidate|boost
|-unboost|p1a: Tornadus|atk|1
|
|-heal|p2a: landorustherian|94/100|[from] item: Leftovers
|upkeep
|turn|11
|
|t:|1666202182
|move|p1a: Tornadus|Knock Off|p2a: landorustherian
|-damage|p2a: landorustherian|81/100
|-enditem|p2a: landorustherian|Leftovers|[from] move: Knock Off|[of] p1a: Tornadus
|move|p2a: landorustherian|Defog|p1a: Tornadus
|-unboost|p1a: Tornadus|evasion|1
|-sideend|p2: minimax_ai|Stealth Rock|[from] move: Defog|[of] p2a: landorustherian
|-fieldend|move: Grassy Terrain
|
|upkeep
|turn|12
|
|t:|1666202187
|move|p1a: Tornadus|Hurricane|p2a: landorustherian
|-damage|p2a: landorustherian|51/100
|-start|p2a: landorustherian|confusion
|-activate|p2a: landorustherian|confusion
|-damage|p2a: landorustherian|38/100|[from] confusion
|
|upkeep
|turn|13
|
|t:|1666202192
|switch|p2a: Heatran|Heatran, M|100/100
|-item|p2a: Heatran|Air Balloon
|move|p1a: Tornadus|Hurricane|p2a: Heatran
|-resisted|p2a: Heatran
|-damage|p2a: Heatran|79/100
|-enditem|p2a: Heatran|Air Balloon
|
|upkeep
|turn|14
|
|t:|1666202196
|switch|p1a: Rotom|Rotom-Wash|100/100
|move|p2a: Heatran|Stealth Rock|p1a: Rotom
|-sidestart|p1: gotsnsd|move: Stealth Rock
|
|upkeep
|turn|15
|
|t:|1666202199
|switch|p2a: rotomwash|Rotom-Wash|100/100
|move|p1a: Rotom|Trick|p2a: rotomwash
|-activate|p1a: Rotom|move: Trick|[of] p2a: rotomwash
|-item|p2a: rotomwash|Choice Scarf|[from] move: Trick
|-item|p1a: Rotom|Leftovers|[from] move: Trick
|
|upkeep
|turn|16
|
|t:|1666202203
|move|p2a: rotomwash|Thunderbolt|p1a: Rotom
|-damage|p1a: Rotom|62/100
|move|p1a: Rotom|Hydro Pump|p2a: rotomwash
|-resisted|p2a: rotomwash
|-damage|p2a: rotomwash|78/100
|
|-heal|p1a: Rotom|68/100|[from] item: Leftovers
|upkeep
|turn|17
|
|t:|1666202206
|move|p2a: rotomwash|Thunderbolt|p1a: Rotom
|-damage|p1a: Rotom|28/100
|move|p1a: Rotom|Pain Split|p2a: rotomwash
|-sethp|p2a: rotomwash|53/100|[from] move: Pain Split|[silent]
|-sethp|p1a: Rotom|53/100|[from] move: Pain Split
|
|-heal|p1a: Rotom|59/100|[from] item: Leftovers
|upkeep
|turn|18
|
|t:|1666202216
|move|p2a: rotomwash|Thunderbolt|p1a: Rotom
|-damage|p1a: Rotom|23/100
|move|p1a: Rotom|Pain Split|p2a: rotomwash
|-sethp|p2a: rotomwash|38/100|[from] move: Pain Split|[silent]
|-sethp|p1a: Rotom|38/100|[from] move: Pain Split
|
|-heal|p1a: Rotom|44/100|[from] item: Leftovers
|upkeep
|turn|19
|
|t:|1666202222
|move|p2a: rotomwash|Thunderbolt|p1a: Rotom
|-damage|p1a: Rotom|4/100
|move|p1a: Rotom|Thunderbolt|p2a: rotomwash
|-crit|p2a: rotomwash
|-damage|p2a: rotomwash|0 fnt
|faint|p2a: rotomwash
|
|-heal|p1a: Rotom|10/100|[from] item: Leftovers
|upkeep
|
|t:|1666202222
|switch|p2a: Weavile|Weavile, M|100/100
|-ability|p2a: Weavile|Pressure
|turn|20
|
|t:|1666202235
|move|p2a: Weavile|Low Kick|p1a: Rotom
|-damage|p1a: Rotom|0 fnt
|faint|p1a: Rotom
|
|upkeep
|
|t:|1666202238
|switch|p1a: Tornadus|Tornadus-Therian, M|99/100
|turn|21
|
|t:|1666202242
|switch|p2a: landorustherian|Landorus-Therian, M|38/100
|-ability|p2a: landorustherian|Intimidate|boost
|-unboost|p1a: Tornadus|atk|1
|move|p1a: Tornadus|Knock Off|p2a: landorustherian
|-damage|p2a: landorustherian|30/100
|
|upkeep
|turn|22
|
|t:|1666202245
|move|p1a: Tornadus|Taunt|p2a: landorustherian
|-start|p2a: landorustherian|move: Taunt
|cant|p2a: landorustherian|move: Taunt|Toxic
|
|upkeep
|turn|23
|
|t:|1666202247
|move|p1a: Tornadus|Defog|p2a: landorustherian
|-unboost|p2a: landorustherian|evasion|1
|-sideend|p1: gotsnsd|Stealth Rock|[from] move: Defog|[of] p1a: Tornadus
|move|p2a: landorustherian|Earthquake|p1a: Tornadus
|-immune|p1a: Tornadus
|
|upkeep
|turn|24
|
|t:|1666202250
|move|p1a: Tornadus|Hurricane|p2a: landorustherian
|-damage|p2a: landorustherian|0 fnt
|faint|p2a: landorustherian
|
|upkeep
|
|t:|1666202250
|switch|p2a: Weavile|Weavile, M|100/100
|-ability|p2a: Weavile|Pressure
|turn|25
|
|t:|1666202258
|switch|p1a: Heatran|Heatran, M|100/100
|move|p2a: Weavile|Low Kick|p1a: Heatran
|-supereffective|p1a: Heatran
|-damage|p1a: Heatran|5/100
|
|upkeep
|turn|26
|
|t:|1666202260
|switch|p1a: Tornadus|Tornadus-Therian, M|100/100
|move|p2a: Weavile|Low Kick|p1a: Tornadus
|-resisted|p1a: Tornadus
|-damage|p1a: Tornadus|80/100
|
|upkeep
|turn|27
|
|t:|1666202263
|move|p2a: Weavile|Low Kick|p1a: Tornadus
|-resisted|p1a: Tornadus
|-damage|p1a: Tornadus|55/100
|move|p1a: Tornadus|Knock Off|p2a: Weavile
|-resisted|p2a: Weavile
|-damage|p2a: Weavile|83/100
|-enditem|p2a: Weavile|Choice Band|[from] move: Knock Off|[of] p1a: Tornadus
|
|upkeep
|turn|28
|
|t:|1666202271
|switch|p1a: Heatran|Heatran, M|5/100
|move|p2a: Weavile|Low Kick|p1a: Heatran
|-supereffective|p1a: Heatran
|-damage|p1a: Heatran|0 fnt
|faint|p1a: Heatran
|
|upkeep
|
|t:|1666202277
|switch|p1a: Tornadus|Tornadus-Therian, M|89/100
|turn|29
|
|t:|1666202279
|move|p2a: Weavile|Low Kick|p1a: Tornadus
|-resisted|p1a: Tornadus
|-damage|p1a: Tornadus|74/100
|move|p1a: Tornadus|Hurricane|p2a: Weavile
|-damage|p2a: Weavile|24/100
|-start|p2a: Weavile|confusion
|
|upkeep
|turn|30
|
|t:|1666202282
|-activate|p2a: Weavile|confusion
|move|p2a: Weavile|Knock Off|p1a: Tornadus
|-damage|p1a: Tornadus|24/100
|-enditem|p1a: Tornadus|Heavy-Duty Boots|[from] move: Knock Off|[of] p2a: Weavile
|move|p1a: Tornadus|Hurricane|p2a: Weavile
|-damage|p2a: Weavile|0 fnt
|faint|p2a: Weavile
|
|upkeep
|
|t:|1666202282
|switch|p2a: Heatran|Heatran, M|79/100
|turn|31
|
|t:|1666202288
|move|p1a: Tornadus|Taunt|p2a: Heatran
|-start|p2a: Heatran|move: Taunt
|move|p2a: Heatran|Eruption|p1a: Tornadus
|-damage|p1a: Tornadus|0 fnt
|faint|p1a: Tornadus
|
|upkeep
|
|t:|1666202291
|switch|p1a: Rillaboom|Rillaboom, F|28/100
|-fieldstart|move: Grassy Terrain|[from] ability: Grassy Surge|[of] p1a: Rillaboom
|turn|32
|
|t:|1666202293
|switch|p1a: Melmetal|Melmetal|100/100
|move|p2a: Heatran|Eruption|p1a: Melmetal
|-supereffective|p1a: Melmetal
|-damage|p1a: Melmetal|0 fnt
|faint|p1a: Melmetal
|
|-heal|p2a: Heatran|85/100|[from] Grassy Terrain
|upkeep
|
|t:|1666202296
|switch|p1a: Rillaboom|Rillaboom, F|28/100
|turn|33
|
|t:|1666202299
|move|p2a: Heatran|Eruption|p1a: Rillaboom
|-supereffective|p1a: Rillaboom
|-damage|p1a: Rillaboom|0 fnt
|faint|p1a: Rillaboom
|
|win|minimax_ai
|raw|gotsnsd's rating: 1553 &rarr; <strong>1535</strong><br />(-18 for losing)
|raw|minimax_ai's rating: 1586 &rarr; <strong>1604</strong><br />(+18 for winning)
|c|☆minimax_ai|gg
