|j|☆OULC MichiderBeste
|j|☆Mamaw31180
|player|p1|OULC MichiderBeste|steven|1492
|player|p2|Mamaw31180|265|1535
|teamsize|p1|6
|teamsize|p2|6
|gametype|singles
|gen|8
|tier|[Gen 8] OU
|rated|
|clearpoke
|poke|p1|Grimmsnarl, M|
|poke|p1|Weavile, F|
|poke|p1|Gardevoir, M|
|poke|p1|Gengar, F|
|poke|p1|Terrakion|
|poke|p1|Zeraora|
|poke|p2|Bisharp, F|
|poke|p2|Zeraora|
|poke|p2|Dracovish|
|poke|p2|Kyurem|
|poke|p2|Conkeldurr, M|
|poke|p2|Cloyster, M|
|rule|Sleep Clause Mod: Limit one foe put to sleep
|rule|Species Clause: Limit one of each Pokémon
|rule|OHKO Clause: OHKO moves are banned
|rule|Evasion Moves Clause: Evasion moves are banned
|rule|Endless Battle Clause: Forcing endless battles is banned
|rule|HP Percentage Mod: HP is shown in percentages
|rule|Dynamax Clause: You cannot dynamax
|teampreview
|inactive|Battle timer is ON: inactive players will automatically lose when time's up. (requested by Mamaw31180)
|inactive|OULC MichiderBeste has 120 seconds left.
|
|start
|switch|p1a: Weavile|Weavile, F|100/100
|switch|p2a: Bisharp|Bisharp, F|100/100
|turn|1
|
|move|p1a: Weavile|Fake Out|p2a: Bisharp
|-enditem|p1a: Weavile|Normal Gem|[from] gem
|-resisted|p2a: Bisharp
|-damage|p2a: Bisharp|89/100
|cant|p2a: Bisharp|flinch
|
|upkeep
|turn|2
|
|switch|p1a: Zeraora|Zeraora|100/100
|move|p2a: Bisharp|Iron Head|p1a: Zeraora
|-resisted|p1a: Zeraora
|-damage|p1a: Zeraora|69/100
|
|-heal|p1a: Zeraora|75/100|[from] item: Leftovers
|upkeep
|turn|3
|
|switch|p1a: Weavile|Weavile, F|100/100
|move|p2a: Bisharp|Stealth Rock|p1a: Weavile
|-sidestart|p1: OULC MichiderBeste|move: Stealth Rock
|
|upkeep
|turn|4
|
|switch|p1a: Zeraora|Zeraora|75/100
|-damage|p1a: Zeraora|63/100|[from] Stealth Rock
|move|p2a: Bisharp|Iron Head|p1a: Zeraora
|-resisted|p1a: Zeraora
|-damage|p1a: Zeraora|35/100
|
|-heal|p1a: Zeraora|41/100|[from] item: Leftovers
|upkeep
|turn|5
|
|switch|p1a: Weavile|Weavile, F|100/100
|-damage|p1a: Weavile|76/100|[from] Stealth Rock
|move|p2a: Bisharp|Knock Off|p1a: Weavile
|-resisted|p1a: Weavile
|-damage|p1a: Weavile|44/100
|-enditem|p2a: Bisharp|Focus Sash|[silent]|[from] ability: Pickpocket|[of] p2a: Bisharp
|-item|p1a: Weavile|Focus Sash|[from] ability: Pickpocket|[of] p2a: Bisharp
|
|upkeep
|turn|6
|
|move|p1a: Weavile|Icicle Crash|p2a: Bisharp
|-resisted|p2a: Bisharp
|-damage|p2a: Bisharp|64/100
|move|p2a: Bisharp|Iron Head|p1a: Weavile
|-supereffective|p1a: Weavile
|-damage|p1a: Weavile|0 fnt
|faint|p1a: Weavile
|
|upkeep
|
|switch|p1a: Terrakion|Terrakion|100/100
|-damage|p1a: Terrakion|94/100|[from] Stealth Rock
|turn|7
|
|move|p1a: Terrakion|Earthquake|p2a: Bisharp
|-supereffective|p2a: Bisharp
|-damage|p2a: Bisharp|0 fnt
|-damage|p1a: Terrakion|84/100|[from] item: Life Orb
|faint|p2a: Bisharp
|
|upkeep
|
|switch|p2a: Conkeldurr|Conkeldurr, M|100/100
|turn|8
|
|switch|p1a: Grimmsnarl|Grimmsnarl, M|100/100
|-damage|p1a: Grimmsnarl|88/100|[from] Stealth Rock
|move|p2a: Conkeldurr|Knock Off|p1a: Grimmsnarl
|-resisted|p1a: Grimmsnarl
|-damage|p1a: Grimmsnarl|79/100
|-enditem|p1a: Grimmsnarl|Kee Berry|[from] move: Knock Off|[of] p2a: Conkeldurr
|-enditem|p2a: Conkeldurr|Flame Orb|[silent]|[from] ability: Pickpocket|[of] p2a: Conkeldurr
|-item|p1a: Grimmsnarl|Flame Orb|[from] ability: Pickpocket|[of] p2a: Conkeldurr
|
|-status|p1a: Grimmsnarl|brn|[from] item: Flame Orb
|upkeep
|turn|9
|
|switch|p2a: Zeraora|Zeraora|100/100
|move|p1a: Grimmsnarl|Reflect|p1a: Grimmsnarl
|-sidestart|p1: OULC MichiderBeste|Reflect
|
|-damage|p1a: Grimmsnarl|73/100 brn|[from] brn
|upkeep
|turn|10
|
|move|p2a: Zeraora|Bulk Up|p2a: Zeraora
|-boost|p2a: Zeraora|atk|1
|-boost|p2a: Zeraora|def|1
|move|p1a: Grimmsnarl|Taunt|p2a: Zeraora
|-start|p2a: Zeraora|move: Taunt
|
|-damage|p1a: Grimmsnarl|67/100 brn|[from] brn
|upkeep
|turn|11
|
|switch|p1a: Gardevoir|Gardevoir, M|100/100
|-damage|p1a: Gardevoir|88/100|[from] Stealth Rock
|-ability|p1a: Gardevoir|Volt Absorb|[from] ability: Trace|[of] p2a: Zeraora
|move|p2a: Zeraora|Plasma Fists|p1a: Gardevoir
|-heal|p1a: Gardevoir|100/100|[from] ability: Volt Absorb|[of] p2a: Zeraora
|
|upkeep
|turn|12
|
|switch|p2a: Conkeldurr|Conkeldurr, M|100/100
|move|p1a: Gardevoir|Moonblast|p2a: Conkeldurr
|-supereffective|p2a: Conkeldurr
|-damage|p2a: Conkeldurr|0 fnt
|faint|p2a: Conkeldurr
|
|upkeep
|
|switch|p2a: Dracovish|Dracovish|100/100
|turn|13
|
|move|p2a: Dracovish|Fishious Rend|p1a: Gardevoir
|-damage|p1a: Gardevoir|25/100
|move|p1a: Gardevoir|Disable|p2a: Dracovish
|-start|p2a: Dracovish|Disable|Fishious Rend
|
|-sideend|p1: OULC MichiderBeste|Reflect
|upkeep
|turn|14
|
|switch|p2a: Zeraora|Zeraora|100/100
|move|p1a: Gardevoir|Healing Wish|p1a: Gardevoir
|faint|p1a: Gardevoir
|
|upkeep
|
|switch|p1a: Zeraora|Zeraora|41/100
|-heal|p1a: Zeraora|100/100|[from] move: Healing Wish
|-damage|p1a: Zeraora|88/100|[from] Stealth Rock
|turn|15
|
|move|p1a: Zeraora|Bulk Up|p1a: Zeraora
|-boost|p1a: Zeraora|atk|1
|-boost|p1a: Zeraora|def|1
|move|p2a: Zeraora|Bulk Up|p2a: Zeraora
|-boost|p2a: Zeraora|atk|1
|-boost|p2a: Zeraora|def|1
|
|-heal|p1a: Zeraora|94/100|[from] item: Leftovers
|upkeep
|turn|16
|
|move|p1a: Zeraora|Bulk Up|p1a: Zeraora
|-boost|p1a: Zeraora|atk|1
|-boost|p1a: Zeraora|def|1
|move|p2a: Zeraora|Bulk Up|p2a: Zeraora
|-boost|p2a: Zeraora|atk|1
|-boost|p2a: Zeraora|def|1
|
|-heal|p1a: Zeraora|99/100|[from] item: Leftovers
|upkeep
|turn|17
|
|move|p2a: Zeraora|Bulk Up|p2a: Zeraora
|-boost|p2a: Zeraora|atk|1
|-boost|p2a: Zeraora|def|1
|move|p1a: Zeraora|Bulk Up|p1a: Zeraora
|-boost|p1a: Zeraora|atk|1
|-boost|p1a: Zeraora|def|1
|
|-heal|p1a: Zeraora|100/100|[from] item: Leftovers
|upkeep
|turn|18
|
|move|p1a: Zeraora|Bulk Up|p1a: Zeraora
|-boost|p1a: Zeraora|atk|1
|-boost|p1a: Zeraora|def|1
|move|p2a: Zeraora|Bulk Up|p2a: Zeraora
|-boost|p2a: Zeraora|atk|1
|-boost|p2a: Zeraora|def|1
|
|upkeep
|turn|19
|
|move|p1a: Zeraora|Bulk Up|p1a: Zeraora
|-boost|p1a: Zeraora|atk|1
|-boost|p1a: Zeraora|def|1
|move|p2a: Zeraora|Bulk Up|p2a: Zeraora
|-boost|p2a: Zeraora|atk|1
|-boost|p2a: Zeraora|def|1
|
|upkeep
|turn|20
|
|move|p2a: Zeraora|Bulk Up|p2a: Zeraora
|-boost|p2a: Zeraora|atk|1
|-boost|p2a: Zeraora|def|1
|move|p1a: Zeraora|Bulk Up|p1a: Zeraora
|-boost|p1a: Zeraora|atk|1
|-boost|p1a: Zeraora|def|1
|
|upkeep
|turn|21
|
|move|p1a: Zeraora|Knock Off|p2a: Zeraora
|-crit|p2a: Zeraora
|-damage|p2a: Zeraora|0 fnt
|-enditem|p2a: Zeraora|Leftovers|[from] move: Knock Off|[of] p1a: Zeraora
|faint|p2a: Zeraora
|
|upkeep
|
|switch|p2a: Kyurem|Kyurem|100/100
|-ability|p2a: Kyurem|Pressure
|turn|22
|
|move|p1a: Zeraora|Close Combat|p2a: Kyurem
|-supereffective|p2a: Kyurem
|-damage|p2a: Kyurem|0 fnt
|-unboost|p1a: Zeraora|def|1
|-unboost|p1a: Zeraora|spd|1
|faint|p2a: Kyurem
|
|upkeep
|
|switch|p2a: Dracovish|Dracovish|100/100
|turn|23
|
|move|p1a: Zeraora|Plasma Fists|p2a: Dracovish
|-damage|p2a: Dracovish|0 fnt
|-fieldactivate|move: Ion Deluge
|faint|p2a: Dracovish
|
|upkeep
|
|switch|p2a: Cloyster|Cloyster, M|100/100
|turn|24
|
|move|p2a: Cloyster|Ice Shard|p1a: Zeraora
|-damage|p1a: Zeraora|94/100
|move|p1a: Zeraora|Plasma Fists|p2a: Cloyster
|-supereffective|p2a: Cloyster
|-damage|p2a: Cloyster|0 fnt
|-fieldactivate|move: Ion Deluge
|faint|p2a: Cloyster
|
|win|OULC MichiderBeste
|l|☆Mamaw31180
||Ladder (probably) updated, but score could not be retrieved (Response not received).
