|html|<div class="broadcast-blue"><strong>[Gen 8] OU is currently suspecting Melmetal! For information on how to participate check out the <a href="https://www.smogon.com/forums/threads/np-ss-ou-suspect-process-round-12-monster-mash.3709234/">suspect thread</a>.</strong></div>
|j|☆gotsnsd
|j|☆minimax_ai
|t:|1666299468
|gametype|singles
|player|p1|gotsnsd|beauty-gen2jp|1626
|player|p2|minimax_ai|lusamine-nihilego|1580
|teamsize|p1|6
|teamsize|p2|6
|gen|8
|tier|[Gen 8] OU
|rated|
|rule|Sleep Clause Mod: Limit one foe put to sleep
|rule|Species Clause: Limit one of each Pokémon
|rule|OHKO Clause: OHKO moves are banned
|rule|Evasion Items Clause: Evasion items are banned
|rule|Evasion Moves Clause: Evasion moves are banned
|rule|Endless Battle Clause: Forcing endless battles is banned
|rule|HP Percentage Mod: HP is shown in percentages
|rule|Dynamax Clause: You cannot dynamax
|clearpoke
|poke|p1|Landorus-Therian, M|
|poke|p1|Darmanitan, M|
|poke|p1|Ferrothorn, M|
|poke|p1|Mandibuzz, F|
|poke|p1|Dragapult, F|
|poke|p1|Slowbro, M|
|poke|p2|Rotom-Wash|
|poke|p2|Weavile, F|
|poke|p2|Landorus-Therian, M|
|poke|p2|Heatran, M|
|poke|p2|Tangrowth, F|
|poke|p2|Melmetal|
|teampreview
|c|☆minimax_ai|hf
|
|t:|1666299472
|start
|switch|p1a: Dragapult|Dragapult, F|100/100
|switch|p2a: Heatran|Heatran, M|100/100
|-item|p2a: Heatran|Air Balloon
|turn|1
|inactive|Battle timer is ON: inactive players will automatically lose when time's up. (requested by minimax_ai)
|
|t:|1666299477
|move|p1a: Dragapult|Hydro Pump|p2a: Heatran
|-supereffective|p2a: Heatran
|-damage|p2a: Heatran|7/100
|-enditem|p2a: Heatran|Air Balloon
|move|p2a: Heatran|Stealth Rock|p1a: Dragapult
|-sidestart|p1: gotsnsd|move: Stealth Rock
|
|upkeep
|turn|2
|
|t:|1666299483
|switch|p1a: Slowbro|Slowbro, M|100/100
|-damage|p1a: Slowbro|88/100|[from] Stealth Rock
|switch|p2a: rotomwash|Rotom-Wash|100/100
|
|upkeep
|turn|3
|
|t:|1666299487
|move|p2a: rotomwash|Nasty Plot|p2a: rotomwash
|-boost|p2a: rotomwash|spa|2
|move|p1a: Slowbro|Future Sight|p2a: rotomwash
|-start|p1a: Slowbro|move: Future Sight
|
|upkeep
|turn|4
|j| InoclasDrak
|l| InoclasDrak
|
|t:|1666299492
|switch|p1a: Dragapult|Dragapult, F|100/100
|-damage|p1a: Dragapult|88/100|[from] Stealth Rock
|move|p2a: rotomwash|Nasty Plot|p2a: rotomwash
|-boost|p2a: rotomwash|spa|2
|
|upkeep
|turn|5
|
|t:|1666299495
|move|p1a: Dragapult|Draco Meteor|p2a: rotomwash|[miss]
|-miss|p1a: Dragapult|p2a: rotomwash
|move|p2a: rotomwash|Thunderbolt|p1a: Dragapult
|-resisted|p1a: Dragapult
|-damage|p1a: Dragapult|17/100
|
|-end|p2a: rotomwash|move: Future Sight
|-damage|p2a: rotomwash|58/100
|-heal|p2a: rotomwash|64/100|[from] item: Leftovers
|upkeep
|turn|6
|
|t:|1666299498
|switch|p2a: Melmetal|Melmetal|100/100
|move|p1a: Dragapult|Draco Meteor|p2a: Melmetal
|-resisted|p2a: Melmetal
|-damage|p2a: Melmetal|79/100
|-unboost|p1a: Dragapult|spa|2
|
|upkeep
|turn|7
|
|t:|1666299503
|switch|p1a: Ferrothorn|Ferrothorn, M|100/100
|-damage|p1a: Ferrothorn|94/100|[from] Stealth Rock
|move|p2a: Melmetal|Ice Punch|p1a: Ferrothorn
|-damage|p1a: Ferrothorn|69/100
|-damage|p2a: Melmetal|66/100|[from] ability: Iron Barbs|[of] p1a: Ferrothorn
|
|-heal|p1a: Ferrothorn|75/100|[from] item: Leftovers
|upkeep
|turn|8
|
|t:|1666299509
|switch|p2a: Tangrowth|Tangrowth, F|100/100
|switch|p1a: Landorus|Landorus-Therian, M|100/100
|-damage|p1a: Landorus|88/100|[from] Stealth Rock
|-ability|p1a: Landorus|Intimidate|boost
|-unboost|p2a: Tangrowth|atk|1
|
|-heal|p1a: Landorus|94/100|[from] item: Leftovers
|upkeep
|turn|9
|
|t:|1666299516
|switch|p1a: Mandibuzz|Mandibuzz, F|100/100
|move|p2a: Tangrowth|Sleep Powder|p1a: Mandibuzz
|-immune|p1a: Mandibuzz|[from] ability: Overcoat
|
|upkeep
|turn|10
|
|t:|1666299519
|switch|p2a: rotomwash|Rotom-Wash|64/100
|move|p1a: Mandibuzz|Defog|p2a: rotomwash
|-unboost|p2a: rotomwash|evasion|1
|-sideend|p1: gotsnsd|Stealth Rock|[from] move: Defog|[of] p1a: Mandibuzz
|
|-heal|p2a: rotomwash|70/100|[from] item: Leftovers
|upkeep
|turn|11
|
|t:|1666299522
|move|p2a: rotomwash|Nasty Plot|p2a: rotomwash
|-boost|p2a: rotomwash|spa|2
|move|p1a: Mandibuzz|U-turn|p2a: rotomwash
|-damage|p2a: rotomwash|59/100
|
|t:|1666299528
|switch|p1a: Dragapult|Dragapult, F|17/100|[from]move: U-turn
|
|-heal|p2a: rotomwash|65/100|[from] item: Leftovers
|upkeep
|turn|12
|
|t:|1666299531
|switch|p2a: Melmetal|Melmetal|66/100
|move|p1a: Dragapult|Draco Meteor|p2a: Melmetal
|-resisted|p2a: Melmetal
|-damage|p2a: Melmetal|45/100
|-unboost|p1a: Dragapult|spa|2
|
|upkeep
|turn|13
|
|t:|1666299536
|switch|p1a: Slowbro|Slowbro, M|100/100
|move|p2a: Melmetal|Ice Punch|p1a: Slowbro
|-resisted|p1a: Slowbro
|-damage|p1a: Slowbro|91/100
|
|upkeep
|turn|14
|
|t:|1666299538
|switch|p2a: Tangrowth|Tangrowth, F|100/100
|move|p1a: Slowbro|Future Sight|p2a: Tangrowth
|-start|p1a: Slowbro|move: Future Sight
|
|upkeep
|turn|15
|
|t:|1666299542
|switch|p1a: Mandibuzz|Mandibuzz, F|100/100
|move|p2a: Tangrowth|Knock Off|p1a: Mandibuzz
|-resisted|p1a: Mandibuzz
|-damage|p1a: Mandibuzz|94/100
|-enditem|p1a: Mandibuzz|Heavy-Duty Boots|[from] move: Knock Off|[of] p2a: Tangrowth
|
|upkeep
|turn|16
|
|t:|1666299544
|move|p1a: Mandibuzz|U-turn|p2a: Tangrowth
|-supereffective|p2a: Tangrowth
|-damage|p2a: Tangrowth|88/100
|-damage|p1a: Mandibuzz|78/100|[from] item: Rocky Helmet|[of] p2a: Tangrowth
|
|t:|1666299547
|switch|p1a: Ferrothorn|Ferrothorn, M|75/100|[from]move: U-turn
|move|p2a: Tangrowth|Focus Blast|p1a: Ferrothorn
|-supereffective|p1a: Ferrothorn
|-damage|p1a: Ferrothorn|35/100
|-unboost|p1a: Ferrothorn|spd|1
|
|-end|p2a: Tangrowth|move: Future Sight
|-damage|p2a: Tangrowth|31/100
|-heal|p1a: Ferrothorn|41/100|[from] item: Leftovers
|upkeep
|turn|17
|
|t:|1666299554
|move|p2a: Tangrowth|Focus Blast|p1a: Ferrothorn
|-supereffective|p1a: Ferrothorn
|-damage|p1a: Ferrothorn|0 fnt
|faint|p1a: Ferrothorn
|
|upkeep
|
|t:|1666299564
|switch|p1a: Dragapult|Dragapult, F|17/100
|turn|18
|
|t:|1666299565
|switch|p2a: Melmetal|Melmetal|45/100
|move|p1a: Dragapult|Shadow Ball|p2a: Melmetal
|-damage|p2a: Melmetal|16/100
|
|upkeep
|turn|19
|
|t:|1666299569
|switch|p2a: Weavile|Weavile, F|100/100
|-ability|p2a: Weavile|Pressure
|move|p1a: Dragapult|Shadow Ball|p2a: Weavile
|-resisted|p2a: Weavile
|-damage|p2a: Weavile|66/100
|
|upkeep
|turn|20
|
|t:|1666299575
|switch|p1a: Slowbro|Slowbro, M|100/100
|move|p2a: Weavile|Knock Off|p1a: Slowbro
|-supereffective|p1a: Slowbro
|-enditem|p1a: Slowbro|Colbur Berry|[eat]
|-enditem|p1a: Slowbro|Colbur Berry|[weaken]
|-damage|p1a: Slowbro|58/100
|
|upkeep
|turn|21
|
|t:|1666299578
|switch|p2a: Tangrowth|Tangrowth, F|64/100
|move|p1a: Slowbro|Slack Off|p1a: Slowbro
|-heal|p1a: Slowbro|100/100
|
|upkeep
|turn|22
|
|t:|1666299581
|switch|p1a: Mandibuzz|Mandibuzz, F|78/100
|move|p2a: Tangrowth|Giga Drain|p1a: Mandibuzz
|-resisted|p1a: Mandibuzz
|-damage|p1a: Mandibuzz|66/100
|-heal|p2a: Tangrowth|70/100|[from] drain|[of] p1a: Mandibuzz
|
|upkeep
|turn|23
|
|t:|1666299584
|move|p1a: Mandibuzz|U-turn|p2a: Tangrowth
|-supereffective|p2a: Tangrowth
|-damage|p2a: Tangrowth|58/100
|-damage|p1a: Mandibuzz|49/100|[from] item: Rocky Helmet|[of] p2a: Tangrowth
|
|t:|1666299589
|switch|p1a: Darmanitan|Darmanitan, M|100/100|[from]move: U-turn
|move|p2a: Tangrowth|Giga Drain|p1a: Darmanitan
|-resisted|p1a: Darmanitan
|-damage|p1a: Darmanitan|77/100
|-heal|p2a: Tangrowth|69/100|[from] drain|[of] p1a: Darmanitan
|
|upkeep
|turn|24
|
|t:|1666299594
|switch|p2a: landorustherian|Landorus-Therian, M|100/100
|-ability|p2a: landorustherian|Intimidate|boost
|-unboost|p1a: Darmanitan|atk|1
|move|p1a: Darmanitan|Flare Blitz|p2a: landorustherian
|-damage|p2a: landorustherian|17/100
|-damage|p1a: Darmanitan|47/100|[from] Recoil
|
|-heal|p2a: landorustherian|23/100|[from] item: Leftovers
|upkeep
|turn|25
|
|t:|1666299598
|move|p1a: Darmanitan|Flare Blitz|p2a: landorustherian
|-damage|p2a: landorustherian|0 fnt
|faint|p2a: landorustherian
|-damage|p1a: Darmanitan|39/100|[from] Recoil
|
|upkeep
|
|t:|1666299598
|switch|p2a: Weavile|Weavile, F|66/100
|-ability|p2a: Weavile|Pressure
|turn|26
|
|t:|1666299608
|move|p2a: Weavile|Triple Axel|p1a: Darmanitan
|-resisted|p1a: Darmanitan
|-damage|p1a: Darmanitan|28/100
|-resisted|p1a: Darmanitan
|-damage|p1a: Darmanitan|4/100
|-resisted|p1a: Darmanitan
|-damage|p1a: Darmanitan|0 fnt
|faint|p1a: Darmanitan
|-hitcount|p1: Darmanitan|3
|
|upkeep
|
|t:|1666299612
|switch|p1a: Slowbro|Slowbro, M|100/100
|turn|27
|
|t:|1666299617
|move|p2a: Weavile|Triple Axel|p1a: Slowbro
|-resisted|p1a: Slowbro
|-damage|p1a: Slowbro|96/100
|-resisted|p1a: Slowbro
|-crit|p1a: Slowbro
|-damage|p1a: Slowbro|83/100
|-resisted|p1a: Slowbro
|-damage|p1a: Slowbro|69/100
|-hitcount|p1a: Slowbro|3
|move|p1a: Slowbro|Future Sight|p2a: Weavile
|-start|p1a: Slowbro|move: Future Sight
|
|upkeep
|turn|28
|
|t:|1666299621
|move|p2a: Weavile|Triple Axel|p1a: Slowbro
|-resisted|p1a: Slowbro
|-damage|p1a: Slowbro|65/100
|-resisted|p1a: Slowbro
|-damage|p1a: Slowbro|56/100
|-resisted|p1a: Slowbro
|-damage|p1a: Slowbro|43/100
|-hitcount|p1a: Slowbro|3
|move|p1a: Slowbro|Body Press|p2a: Weavile
|-supereffective|p2a: Weavile
|-damage|p2a: Weavile|0 fnt
|faint|p2a: Weavile
|
|upkeep
|
|t:|1666299621
|switch|p2a: rotomwash|Rotom-Wash|65/100
|turn|29
|
|t:|1666299628
|switch|p1a: Landorus|Landorus-Therian, M|94/100
|-ability|p1a: Landorus|Intimidate|boost
|-unboost|p2a: rotomwash|atk|1
|move|p2a: rotomwash|Thunderbolt|p1a: Landorus
|-immune|p1a: Landorus
|
|-end|p2a: rotomwash|move: Future Sight
|-damage|p2a: rotomwash|22/100
|-heal|p1a: Landorus|99/100|[from] item: Leftovers
|-heal|p2a: rotomwash|28/100|[from] item: Leftovers
|upkeep
|turn|30
|
|t:|1666299630
|switch|p2a: Heatran|Heatran, M|7/100
|move|p1a: Landorus|Stone Edge|p2a: Heatran
|-damage|p2a: Heatran|0 fnt
|faint|p2a: Heatran
|
|-heal|p1a: Landorus|100/100|[from] item: Leftovers
|upkeep
|
|t:|1666299631
|switch|p2a: Tangrowth|Tangrowth, F|100/100
|turn|31
|
|t:|1666299640
|switch|p1a: Mandibuzz|Mandibuzz, F|49/100
|move|p2a: Tangrowth|Giga Drain|p1a: Mandibuzz
|-resisted|p1a: Mandibuzz
|-damage|p1a: Mandibuzz|37/100
|
|upkeep
|turn|32
|
|t:|1666299643
|move|p1a: Mandibuzz|Roost|p1a: Mandibuzz
|-heal|p1a: Mandibuzz|87/100
|-singleturn|p1a: Mandibuzz|move: Roost
|move|p2a: Tangrowth|Giga Drain|p1a: Mandibuzz
|-damage|p1a: Mandibuzz|62/100
|
|upkeep
|turn|33
|
|t:|1666299650
|move|p1a: Mandibuzz|U-turn|p2a: Tangrowth
|-supereffective|p2a: Tangrowth
|-damage|p2a: Tangrowth|88/100
|-damage|p1a: Mandibuzz|46/100|[from] item: Rocky Helmet|[of] p2a: Tangrowth
|
|t:|1666299657
|switch|p1a: Slowbro|Slowbro, M|77/100|[from]move: U-turn
|move|p2a: Tangrowth|Giga Drain|p1a: Slowbro
|-supereffective|p1a: Slowbro
|-damage|p1a: Slowbro|16/100
|-heal|p2a: Tangrowth|100/100|[from] drain|[of] p1a: Slowbro
|
|upkeep
|turn|34
|
|t:|1666299665
|switch|p1a: Mandibuzz|Mandibuzz, F|46/100
|move|p2a: Tangrowth|Giga Drain|p1a: Mandibuzz
|-resisted|p1a: Mandibuzz
|-damage|p1a: Mandibuzz|33/100
|
|upkeep
|turn|35
|
|t:|1666299668
|move|p1a: Mandibuzz|Roost|p1a: Mandibuzz
|-heal|p1a: Mandibuzz|83/100
|-singleturn|p1a: Mandibuzz|move: Roost
|move|p2a: Tangrowth|Giga Drain|p1a: Mandibuzz
|-damage|p1a: Mandibuzz|61/100
|
|upkeep
|turn|36
|
|t:|1666299673
|move|p1a: Mandibuzz|Roost|p1a: Mandibuzz
|-heal|p1a: Mandibuzz|100/100
|-singleturn|p1a: Mandibuzz|move: Roost
|move|p2a: Tangrowth|Giga Drain|p1a: Mandibuzz
|-crit|p1a: Mandibuzz
|-damage|p1a: Mandibuzz|65/100
|
|upkeep
|turn|37
|
|t:|1666299676
|move|p1a: Mandibuzz|Roost|p1a: Mandibuzz
|-heal|p1a: Mandibuzz|100/100
|-singleturn|p1a: Mandibuzz|move: Roost
|move|p2a: Tangrowth|Giga Drain|p1a: Mandibuzz
|-damage|p1a: Mandibuzz|77/100
|
|upkeep
|turn|38
|
|t:|1666299682
|move|p1a: Mandibuzz|Foul Play|p2a: Tangrowth
|-damage|p2a: Tangrowth|82/100
|-damage|p1a: Mandibuzz|60/100|[from] item: Rocky Helmet|[of] p2a: Tangrowth
|move|p2a: Tangrowth|Giga Drain|p1a: Mandibuzz
|-resisted|p1a: Mandibuzz
|-damage|p1a: Mandibuzz|48/100
|-heal|p2a: Tangrowth|89/100|[from] drain|[of] p1a: Mandibuzz
|
|upkeep
|turn|39
|
|t:|1666299684
|move|p1a: Mandibuzz|Roost|p1a: Mandibuzz
|-heal|p1a: Mandibuzz|99/100
|-singleturn|p1a: Mandibuzz|move: Roost
|move|p2a: Tangrowth|Giga Drain|p1a: Mandibuzz
|-damage|p1a: Mandibuzz|76/100
|-heal|p2a: Tangrowth|100/100|[from] drain|[of] p1a: Mandibuzz
|
|upkeep
|turn|40
|
|t:|1666299687
|move|p1a: Mandibuzz|Roost|p1a: Mandibuzz
|-heal|p1a: Mandibuzz|100/100
|-singleturn|p1a: Mandibuzz|move: Roost
|move|p2a: Tangrowth|Giga Drain|p1a: Mandibuzz
|-damage|p1a: Mandibuzz|76/100
|
|upkeep
|turn|41
|
|t:|1666299692
|move|p1a: Mandibuzz|Roost|p1a: Mandibuzz
|-heal|p1a: Mandibuzz|100/100
|-singleturn|p1a: Mandibuzz|move: Roost
|move|p2a: Tangrowth|Giga Drain|p1a: Mandibuzz
|-damage|p1a: Mandibuzz|76/100
|
|upkeep
|turn|42
|
|t:|1666299694
|move|p1a: Mandibuzz|Roost|p1a: Mandibuzz
|-heal|p1a: Mandibuzz|100/100
|-singleturn|p1a: Mandibuzz|move: Roost
|move|p2a: Tangrowth|Giga Drain|p1a: Mandibuzz
|-damage|p1a: Mandibuzz|76/100
|
|upkeep
|turn|43
|
|t:|1666299696
|move|p1a: Mandibuzz|Roost|p1a: Mandibuzz
|-heal|p1a: Mandibuzz|100/100
|-singleturn|p1a: Mandibuzz|move: Roost
|move|p2a: Tangrowth|Giga Drain|p1a: Mandibuzz
|-damage|p1a: Mandibuzz|79/100
|
|upkeep
|turn|44
|
|t:|1666299697
|move|p1a: Mandibuzz|Roost|p1a: Mandibuzz
|-heal|p1a: Mandibuzz|100/100
|-singleturn|p1a: Mandibuzz|move: Roost
|move|p2a: Tangrowth|Giga Drain|p1a: Mandibuzz
|-damage|p1a: Mandibuzz|78/100
|
|upkeep
|turn|45
|
|t:|1666299701
|move|p1a: Mandibuzz|Foul Play|p2a: Tangrowth
|-damage|p2a: Tangrowth|84/100
|-damage|p1a: Mandibuzz|62/100|[from] item: Rocky Helmet|[of] p2a: Tangrowth
|move|p2a: Tangrowth|Knock Off|p1a: Mandibuzz
|-resisted|p1a: Mandibuzz
|-damage|p1a: Mandibuzz|58/100
|
|upkeep
|turn|46
|
|t:|1666299704
|move|p1a: Mandibuzz|Foul Play|p2a: Tangrowth
|-damage|p2a: Tangrowth|67/100
|-damage|p1a: Mandibuzz|41/100|[from] item: Rocky Helmet|[of] p2a: Tangrowth
|move|p2a: Tangrowth|Knock Off|p1a: Mandibuzz
|-resisted|p1a: Mandibuzz
|-damage|p1a: Mandibuzz|37/100
|
|upkeep
|turn|47
|
|t:|1666299706
|move|p1a: Mandibuzz|Roost|p1a: Mandibuzz
|-heal|p1a: Mandibuzz|87/100
|-singleturn|p1a: Mandibuzz|move: Roost
|move|p2a: Tangrowth|Knock Off|p1a: Mandibuzz
|-resisted|p1a: Mandibuzz
|-crit|p1a: Mandibuzz
|-damage|p1a: Mandibuzz|81/100
|
|upkeep
|turn|48
|
|t:|1666299709
|move|p1a: Mandibuzz|U-turn|p2a: Tangrowth
|-supereffective|p2a: Tangrowth
|-damage|p2a: Tangrowth|56/100
|-damage|p1a: Mandibuzz|65/100|[from] item: Rocky Helmet|[of] p2a: Tangrowth
|
|t:|1666299712
|switch|p1a: Landorus|Landorus-Therian, M|100/100|[from]move: U-turn
|-ability|p1a: Landorus|Intimidate|boost
|-unboost|p2a: Tangrowth|atk|1
|move|p2a: Tangrowth|Knock Off|p1a: Landorus
|-damage|p1a: Landorus|84/100
|-enditem|p1a: Landorus|Leftovers|[from] move: Knock Off|[of] p2a: Tangrowth
|
|upkeep
|turn|49
|
|t:|1666299716
|switch|p1a: Mandibuzz|Mandibuzz, F|65/100
|move|p2a: Tangrowth|Sleep Powder|p1a: Mandibuzz
|-immune|p1a: Mandibuzz|[from] ability: Overcoat
|
|upkeep
|turn|50
|
|t:|1666299720
|move|p1a: Mandibuzz|Roost|p1a: Mandibuzz
|-heal|p1a: Mandibuzz|100/100
|-singleturn|p1a: Mandibuzz|move: Roost
|move|p2a: Tangrowth|Sleep Powder|p1a: Mandibuzz
|-immune|p1a: Mandibuzz|[from] ability: Overcoat
|
|upkeep
|turn|51
|
|t:|1666299723
|move|p1a: Mandibuzz|Foul Play|p2a: Tangrowth
|-damage|p2a: Tangrowth|45/100
|-damage|p1a: Mandibuzz|84/100|[from] item: Rocky Helmet|[of] p2a: Tangrowth
|move|p2a: Tangrowth|Sleep Powder|p1a: Mandibuzz
|-immune|p1a: Mandibuzz|[from] ability: Overcoat
|
|upkeep
|turn|52
|
|t:|1666299726
|move|p1a: Mandibuzz|Foul Play|p2a: Tangrowth
|-damage|p2a: Tangrowth|33/100
|-damage|p1a: Mandibuzz|67/100|[from] item: Rocky Helmet|[of] p2a: Tangrowth
|move|p2a: Tangrowth|Sleep Powder|p1a: Mandibuzz
|-immune|p1a: Mandibuzz|[from] ability: Overcoat
|
|upkeep
|turn|53
|
|t:|1666299729
|move|p1a: Mandibuzz|Foul Play|p2a: Tangrowth
|-damage|p2a: Tangrowth|22/100
|-damage|p1a: Mandibuzz|51/100|[from] item: Rocky Helmet|[of] p2a: Tangrowth
|move|p2a: Tangrowth|Sleep Powder|p1a: Mandibuzz
|-immune|p1a: Mandibuzz|[from] ability: Overcoat
|
|upkeep
|turn|54
|
|t:|1666299732
|move|p1a: Mandibuzz|Roost|p1a: Mandibuzz
|-heal|p1a: Mandibuzz|100/100
|-singleturn|p1a: Mandibuzz|move: Roost
|move|p2a: Tangrowth|Sleep Powder|p1a: Mandibuzz
|-immune|p1a: Mandibuzz|[from] ability: Overcoat
|
|upkeep
|turn|55
|
|t:|1666299735
|move|p1a: Mandibuzz|Foul Play|p2a: Tangrowth
|-damage|p2a: Tangrowth|11/100
|-damage|p1a: Mandibuzz|84/100|[from] item: Rocky Helmet|[of] p2a: Tangrowth
|move|p2a: Tangrowth|Sleep Powder|p1a: Mandibuzz
|-immune|p1a: Mandibuzz|[from] ability: Overcoat
|
|upkeep
|turn|56
|
|t:|1666299737
|switch|p2a: Melmetal|Melmetal|16/100
|move|p1a: Mandibuzz|Foul Play|p2a: Melmetal
|-damage|p2a: Melmetal|0 fnt
|faint|p2a: Melmetal
|
|upkeep
|
|t:|1666299737
|switch|p2a: Tangrowth|Tangrowth, F|44/100
|turn|57
|
|t:|1666299743
|move|p1a: Mandibuzz|Foul Play|p2a: Tangrowth
|-damage|p2a: Tangrowth|28/100
|-damage|p1a: Mandibuzz|67/100|[from] item: Rocky Helmet|[of] p2a: Tangrowth
|move|p2a: Tangrowth|Sleep Powder|p1a: Mandibuzz
|-immune|p1a: Mandibuzz|[from] ability: Overcoat
|
|upkeep
|turn|58
|
|t:|1666299746
|move|p1a: Mandibuzz|Foul Play|p2a: Tangrowth
|-damage|p2a: Tangrowth|11/100
|-damage|p1a: Mandibuzz|51/100|[from] item: Rocky Helmet|[of] p2a: Tangrowth
|move|p2a: Tangrowth|Sleep Powder|p1a: Mandibuzz
|-immune|p1a: Mandibuzz|[from] ability: Overcoat
|
|upkeep
|turn|59
|
|t:|1666299748
|move|p1a: Mandibuzz|Foul Play|p2a: Tangrowth
|-damage|p2a: Tangrowth|0 fnt
|-damage|p1a: Mandibuzz|34/100|[from] item: Rocky Helmet|[of] p2a: Tangrowth
|faint|p2a: Tangrowth
|
|upkeep
|
|t:|1666299748
|switch|p2a: rotomwash|Rotom-Wash|28/100
|turn|60
|
|t:|1666299751
|move|p2a: rotomwash|Hydro Pump|p1a: Mandibuzz
|-damage|p1a: Mandibuzz|0 fnt
|faint|p1a: Mandibuzz
|
|-heal|p2a: rotomwash|34/100|[from] item: Leftovers
|upkeep
|
|t:|1666299754
|switch|p1a: Dragapult|Dragapult, F|17/100
|turn|61
|
|t:|1666299755
|move|p1a: Dragapult|Shadow Ball|p2a: rotomwash
|-damage|p2a: rotomwash|0 fnt
|faint|p2a: rotomwash
|
|win|gotsnsd
|raw|gotsnsd's rating: 1626 &rarr; <strong>1643</strong><br />(+17 for winning)
|raw|minimax_ai's rating: 1580 &rarr; <strong>1563</strong><br />(-17 for losing)
|c|☆minimax_ai|gg
