|raw|<div class="broadcast-blue"><strong>This battle is required to be public due to a player having a name starting with 'lt94je'.</div>
|j|☆wish kisser
|j|☆LT94JE Herv
|t:|1661557338
|gametype|singles
|player|p1|wish kisser|ethan|1927
|player|p2|LT94JE Herv|morty-gen2|1840
|teamsize|p1|6
|teamsize|p2|6
|gen|8
|tier|[Gen 8] OU
|rated|
|rule|Sleep Clause Mod: Limit one foe put to sleep
|rule|Species Clause: Limit one of each Pokémon
|rule|OHKO Clause: OHKO moves are banned
|rule|Evasion Items Clause: Evasion items are banned
|rule|Evasion Moves Clause: Evasion moves are banned
|rule|Endless Battle Clause: Forcing endless battles is banned
|rule|HP Percentage Mod: HP is shown in percentages
|rule|Dynamax Clause: You cannot dynamax
|clearpoke
|poke|p1|Tapu Lele|
|poke|p1|Heatran, F|
|poke|p1|Urshifu-*, M|
|poke|p1|Landorus-Therian, M|
|poke|p1|Kartana|
|poke|p1|Rotom-Wash|
|poke|p2|Buzzwole|
|poke|p2|Rotom-Wash|
|poke|p2|Ferrothorn, M|
|poke|p2|Slowking-Galar, M|
|poke|p2|Weavile, M|
|poke|p2|Garchomp, M|
|teampreview
|c|☆wish kisser|hf
|inactive|Battle timer is ON: inactive players will automatically lose when time's up. (requested by wish kisser)
|c|☆wish kisser|t la
|j| preserver of sacks
|j| ThapuXT
|j| 199O
|c|☆LT94JE Herv|Hf
|c|☆LT94JE Herv|Déso ouais
|inactive|wish kisser has 120 seconds left.
|inactive|LT94JE Herv has 120 seconds left.
|c|☆LT94JE Herv|Jai mal a la tete
|j| tolstoy
|
|t:|1661557416
|start
|switch|p1a: Heatran|Heatran, F|100/100
|switch|p2a: Phantom|Rotom-Wash, shiny|100/100
|-item|p1a: Heatran|Air Balloon
|turn|1
|
|t:|1661557420
|switch|p1a: Rotom|Rotom-Wash|100/100
|move|p2a: Phantom|Volt Switch|p1a: Rotom
|-damage|p1a: Rotom|82/100
|l| tolstoy
|
|t:|1661557433
|switch|p2a: Vilgax|Buzzwole, shiny|100/100|[from]move: Volt Switch
|
|-heal|p1a: Rotom|89/100|[from] item: Leftovers
|upkeep
|turn|2
|c|☆wish kisser|c pg ca arrive a tt le monde d'avoir mal a la tete
|
|t:|1661557441
|move|p2a: Vilgax|Close Combat|p1a: Rotom
|-damage|p1a: Rotom|0 fnt
|-unboost|p2a: Vilgax|def|1
|-unboost|p2a: Vilgax|spd|1
|faint|p1a: Rotom
|-ability|p2a: Vilgax|Beast Boost|boost
|-boost|p2a: Vilgax|atk|1
|
|upkeep
|j| 70to90gxe
|
|t:|1661557445
|switch|p1a: Tapu Lele|Tapu Lele|100/100
|-fieldstart|move: Psychic Terrain|[from] ability: Psychic Surge|[of] p1a: Tapu Lele
|turn|3
|
|t:|1661557448
|switch|p1a: Heatran|Heatran, F|100/100
|-item|p1a: Heatran|Air Balloon
|switch|p2a: Temple|Ferrothorn, M, shiny|100/100
|
|upkeep
|turn|4
|
|t:|1661557454
|switch|p2a: Phantom|Rotom-Wash, shiny|100/100
|move|p1a: Heatran|Stealth Rock|p2a: Phantom
|-sidestart|p2: LT94JE Herv|move: Stealth Rock
|
|upkeep
|turn|5
|j| Kenoken
|j| Oily man
|
|t:|1661557458
|switch|p1a: Urshifu|Urshifu-Rapid-Strike, M|100/100
|move|p2a: Phantom|Defog|p1a: Urshifu
|-unboost|p1a: Urshifu|evasion|1
|-sideend|p2: LT94JE Herv|Stealth Rock|[from] move: Defog|[of] p2a: Phantom
|-fieldend|move: Psychic Terrain
|
|upkeep
|turn|6
|j| Lunala
|j| CJQ1990
|
|t:|1661557462
|move|p1a: Urshifu|U-turn|p2a: Phantom
|-damage|p2a: Phantom|74/100
|-damage|p1a: Urshifu|84/100|[from] item: Rocky Helmet|[of] p2a: Phantom
|
|t:|1661557464
|switch|p1a: Landorus|Landorus-Therian, M|100/100|[from]move: U-turn
|-ability|p1a: Landorus|Intimidate|boost
|-unboost|p2a: Phantom|atk|1
|move|p2a: Phantom|Volt Switch|p1a: Landorus
|-immune|p1a: Landorus
|
|upkeep
|turn|7
|
|t:|1661557468
|move|p2a: Phantom|Will-O-Wisp|p1a: Landorus
|-status|p1a: Landorus|brn
|move|p1a: Landorus|Knock Off|p2a: Phantom
|-damage|p2a: Phantom|62/100
|-damage|p1a: Landorus|84/100 brn|[from] item: Rocky Helmet|[of] p2a: Phantom
|-enditem|p2a: Phantom|Rocky Helmet|[from] move: Knock Off|[of] p1a: Landorus
|
|-heal|p1a: Landorus|90/100 brn|[from] item: Leftovers
|-damage|p1a: Landorus|84/100 brn|[from] brn
|upkeep
|turn|8
|l| CJQ1990
|
|t:|1661557475
|move|p2a: Phantom|Volt Switch|p1a: Landorus
|-immune|p1a: Landorus
|move|p1a: Landorus|U-turn|p2a: Phantom
|-damage|p2a: Phantom|54/100
|j| CJQ1990
|
|t:|1661557479
|switch|p1a: Kartana|Kartana|100/100|[from]move: U-turn
|
|upkeep
|turn|9
|l| CJQ1990
|
|t:|1661557484
|switch|p2a: Vilgax|Buzzwole, shiny|100/100
|move|p1a: Kartana|Swords Dance|p1a: Kartana
|-boost|p1a: Kartana|atk|2
|
|upkeep
|turn|10
|
|t:|1661557490
|switch|p2a: Temple|Ferrothorn, M, shiny|100/100
|move|p1a: Kartana|Aerial Ace|p2a: Temple
|-damage|p2a: Temple|52/100
|-damage|p1a: Kartana|88/100|[from] ability: Iron Barbs|[of] p2a: Temple
|
|-heal|p2a: Temple|58/100|[from] item: Leftovers
|upkeep
|turn|11
|j| Rubiaa
|
|t:|1661557511
|move|p1a: Kartana|Knock Off|p2a: Temple
|-damage|p2a: Temple|0 fnt
|-damage|p1a: Kartana|76/100|[from] ability: Iron Barbs|[of] p2a: Temple
|-enditem|p2a: Temple|Leftovers|[from] move: Knock Off|[of] p1a: Kartana
|faint|p2a: Temple
|-ability|p1a: Kartana|Beast Boost|boost
|-boost|p1a: Kartana|atk|1
|
|upkeep
|
|t:|1661557515
|switch|p2a: Vilgax|Buzzwole, shiny|100/100
|turn|12
|
|t:|1661557519
|switch|p2a: Zangetsu|Garchomp, M, shiny|100/100
|move|p1a: Kartana|Aerial Ace|p2a: Zangetsu
|-damage|p2a: Zangetsu|37/100
|-damage|p1a: Kartana|63/100|[from] ability: Rough Skin|[of] p2a: Zangetsu
|
|-heal|p2a: Zangetsu|44/100|[from] item: Leftovers
|upkeep
|turn|13
|c|☆wish kisser|le gameplan
|
|t:|1661557527
|move|p2a: Zangetsu|Protect|p2a: Zangetsu
|-singleturn|p2a: Zangetsu|Protect
|move|p1a: Kartana|Aerial Ace|p2a: Zangetsu
|-activate|p2a: Zangetsu|move: Protect
|
|-heal|p2a: Zangetsu|50/100|[from] item: Leftovers
|upkeep
|turn|14
|c|☆wish kisser|est desastreux
|
|t:|1661557537
|move|p1a: Kartana|Aerial Ace|p2a: Zangetsu
|-damage|p2a: Zangetsu|0 fnt
|-damage|p1a: Kartana|51/100|[from] ability: Rough Skin|[of] p2a: Zangetsu
|faint|p2a: Zangetsu
|-ability|p1a: Kartana|Beast Boost|boost
|-boost|p1a: Kartana|atk|1
|
|upkeep
|
|t:|1661557540
|switch|p2a: Bandit|Weavile, M, shiny|100/100
|-ability|p2a: Bandit|Pressure
|turn|15
|
|t:|1661557541
|switch|p1a: Heatran|Heatran, F|100/100
|-item|p1a: Heatran|Air Balloon
|move|p2a: Bandit|Triple Axel|p1a: Heatran
|-resisted|p1a: Heatran
|-damage|p1a: Heatran|98/100
|-status|p2a: Bandit|brn|[from] ability: Flame Body|[of] p1a: Heatran
|-enditem|p1a: Heatran|Air Balloon
|-hitcount|p1a: Heatran|1
|
|-damage|p2a: Bandit|94/100 brn|[from] brn
|upkeep
|turn|16
|
|t:|1661557550
|switch|p2a: Phantom|Rotom-Wash, shiny|54/100
|switch|p1a: Kartana|Kartana|51/100
|
|upkeep
|turn|17
|
|t:|1661557554
|move|p1a: Kartana|Leaf Blade|p2a: Phantom
|-supereffective|p2a: Phantom
|-damage|p2a: Phantom|0 fnt
|faint|p2a: Phantom
|-ability|p1a: Kartana|Beast Boost|boost
|-boost|p1a: Kartana|atk|1
|
|upkeep
|c|☆wish kisser|gg
|
|t:|1661557558
|switch|p2a: Mantra|Slowking-Galar, M, shiny|100/100
|turn|18
|
|t:|1661557561
|move|p1a: Kartana|Knock Off|p2a: Mantra
|-supereffective|p2a: Mantra
|-damage|p2a: Mantra|0 fnt
|-enditem|p2a: Mantra|Assault Vest|[from] move: Knock Off|[of] p1a: Kartana
|faint|p2a: Mantra
|-ability|p1a: Kartana|Beast Boost|boost
|-boost|p1a: Kartana|atk|1
|
|upkeep
|l| Lunala
|c|☆LT94JE Herv|Gg
|-message|LT94JE Herv forfeited.
|
|win|wish kisser
|raw|wish kisser's rating: 1927 &rarr; <strong>1942</strong><br />(+15 for winning)
|raw|LT94JE Herv's rating: 1840 &rarr; <strong>1825</strong><br />(-15 for losing)
|l|☆LT94JE Herv
|l| ThapuXT
|l| Rubiaa
|l| preserver of sacks
||Ladder isn't responding, score probably updated but might not have (Request timeout).
