|j|☆noudle soop
|j|☆dragonitenb
|t:|1633490594
|gametype|singles
|player|p1|noudle soop|sailor|1745
|player|p2|dragonitenb|169|1688
|teamsize|p1|6
|teamsize|p2|6
|gen|8
|tier|[Gen 8] OU
|rated|
|rule|Sleep Clause Mod: Limit one foe put to sleep
|rule|Species Clause: Limit one of each Pokémon
|rule|OHKO Clause: OHKO moves are banned
|rule|Evasion Moves Clause: Evasion moves are banned
|rule|Endless Battle Clause: Forcing endless battles is banned
|rule|HP Percentage Mod: HP is shown in percentages
|rule|Dynamax Clause: You cannot dynamax
|clearpoke
|poke|p1|Tapu Fini|
|poke|p1|Mamoswine, F|
|poke|p1|Magnezone|
|poke|p1|Dragonite, F|
|poke|p1|Heatran, F|
|poke|p1|Kartana|
|poke|p2|Tapu Lele|
|poke|p2|Skarmory, M|
|poke|p2|Rillaboom, F|
|poke|p2|Tyranitar, F|
|poke|p2|Zeraora|
|poke|p2|Dragapult, M|
|teampreview
|inactive|Battle timer is ON: inactive players will automatically lose when time's up. (requested by noudle soop)
|
|t:|1633490603
|start
|switch|p1a: donda|Tapu Fini|100/100
|switch|p2a: Tapu Lele|Tapu Lele|100/100
|-fieldstart|move: Psychic Terrain|[from] ability: Psychic Surge|[of] p2a: Tapu Lele
|-fieldstart|move: Misty Terrain|[from] ability: Misty Surge|[of] p1a: donda
|turn|1
|
|t:|1633490605
|switch|p1a: 808s|Heatran, F|100/100
|move|p2a: Tapu Lele|Thunderbolt|p1a: 808s
|-damage|p1a: 808s|71/100
|-damage|p2a: Tapu Lele|91/100|[from] item: Life Orb
|
|-heal|p1a: 808s|77/100|[from] item: Leftovers
|upkeep
|turn|2
|
|t:|1633490614
|move|p2a: Tapu Lele|Taunt|p1a: 808s
|-start|p1a: 808s|move: Taunt
|cant|p1a: 808s|move: Taunt|Stealth Rock
|
|-heal|p1a: 808s|83/100|[from] item: Leftovers
|upkeep
|turn|3
|
|t:|1633490634
|switch|p2a: Tyranitar|Tyranitar, F|100/100
|-weather|Sandstorm|[from] ability: Sand Stream|[of] p2a: Tyranitar
|move|p1a: 808s|Magma Storm|p2a: Tyranitar|[miss]
|-miss|p1a: 808s|p2a: Tyranitar
|
|-weather|Sandstorm|[upkeep]
|-heal|p1a: 808s|90/100|[from] item: Leftovers
|upkeep
|turn|4
|
|t:|1633490640
|switch|p1a: donda|Tapu Fini|100/100
|move|p2a: Tyranitar|Dragon Dance|p2a: Tyranitar
|-boost|p2a: Tyranitar|atk|1
|-boost|p2a: Tyranitar|spe|1
|
|-weather|Sandstorm|[upkeep]
|-damage|p1a: donda|94/100|[from] Sandstorm
|upkeep
|turn|5
|
|t:|1633490645
|move|p2a: Tyranitar|Rock Blast|p1a: donda|[miss]
|-miss|p2a: Tyranitar|p1a: donda
|move|p1a: donda|Knock Off|p2a: Tyranitar
|-resisted|p2a: Tyranitar
|-damage|p2a: Tyranitar|93/100
|-enditem|p2a: Tyranitar|Life Orb|[from] move: Knock Off|[of] p1a: donda
|
|-weather|Sandstorm|[upkeep]
|-damage|p1a: donda|88/100|[from] Sandstorm
|-fieldend|Misty Terrain
|upkeep
|turn|6
|
|t:|1633490648
|move|p2a: Tyranitar|Dragon Dance|p2a: Tyranitar
|-boost|p2a: Tyranitar|atk|1
|-boost|p2a: Tyranitar|spe|1
|move|p1a: donda|Hydro Pump|p2a: Tyranitar
|-supereffective|p2a: Tyranitar
|-damage|p2a: Tyranitar|6/100
|
|-weather|Sandstorm|[upkeep]
|-damage|p1a: donda|82/100|[from] Sandstorm
|upkeep
|turn|7
|
|t:|1633490654
|switch|p1a: pablo|Kartana|100/100
|move|p2a: Tyranitar|Rock Blast|p1a: pablo
|-resisted|p1a: pablo
|-damage|p1a: pablo|86/100
|-resisted|p1a: pablo
|-damage|p1a: pablo|71/100
|-resisted|p1a: pablo
|-damage|p1a: pablo|56/100
|-hitcount|p1a: pablo|3
|
|-weather|none
|upkeep
|turn|8
|
|t:|1633490657
|move|p1a: pablo|Leaf Blade|p2a: Tyranitar
|-supereffective|p2a: Tyranitar
|-damage|p2a: Tyranitar|0 fnt
|faint|p2a: Tyranitar
|-ability|p1a: pablo|Beast Boost|boost
|-boost|p1a: pablo|atk|1
|
|upkeep
|
|t:|1633490660
|switch|p2a: Skarmory|Skarmory, M|100/100
|turn|9
|
|t:|1633490662
|switch|p1a: 808s|Heatran, F|90/100
|move|p2a: Skarmory|Stealth Rock|p1a: 808s
|-sidestart|p1: noudle soop|move: Stealth Rock
|
|-heal|p1a: 808s|96/100|[from] item: Leftovers
|upkeep
|turn|10
|
|t:|1633490665
|move|p2a: Skarmory|Taunt|p1a: 808s
|-start|p1a: 808s|move: Taunt
|cant|p1a: 808s|move: Taunt|Stealth Rock
|
|-heal|p1a: 808s|100/100|[from] item: Leftovers
|upkeep
|turn|11
|j| DuGuo3
|
|t:|1633490667
|move|p2a: Skarmory|Spikes|p1a: 808s
|-sidestart|p1: noudle soop|Spikes
|move|p1a: 808s|Magma Storm|p2a: Skarmory
|-supereffective|p2a: Skarmory
|-ability|p2a: Skarmory|Sturdy
|-damage|p2a: Skarmory|1/100
|-activate|p2a: Skarmory|move: Magma Storm|[of] p1a: 808s
|
|-damage|p2a: Skarmory|0 fnt|[from] move: Magma Storm|[partiallytrapped]
|faint|p2a: Skarmory
|upkeep
|
|t:|1633490675
|switch|p2a: Zeraora|Zeraora|100/100
|turn|12
|
|t:|1633490678
|move|p2a: Zeraora|Bulk Up|p2a: Zeraora
|-boost|p2a: Zeraora|atk|1
|-boost|p2a: Zeraora|def|1
|move|p1a: 808s|Earth Power|p2a: Zeraora
|-supereffective|p2a: Zeraora
|-damage|p2a: Zeraora|33/100
|
|-end|p1a: 808s|move: Taunt
|upkeep
|turn|13
|j| tansincos
|
|t:|1633490684
|switch|p1a: donda|Tapu Fini|82/100
|-damage|p1a: donda|70/100|[from] Spikes
|-damage|p1a: donda|57/100|[from] Stealth Rock
|-fieldstart|move: Misty Terrain|[from] ability: Misty Surge|[of] p1a: donda
|move|p2a: Zeraora|Close Combat|p1a: donda
|-resisted|p1a: donda
|-damage|p1a: donda|21/100
|-unboost|p2a: Zeraora|def|1
|-unboost|p2a: Zeraora|spd|1
|-damage|p2a: Zeraora|23/100|[from] item: Life Orb
|
|upkeep
|turn|14
|
|t:|1633490688
|move|p2a: Zeraora|Close Combat|p1a: donda
|-resisted|p1a: donda
|-damage|p1a: donda|0 fnt
|-unboost|p2a: Zeraora|def|1
|-unboost|p2a: Zeraora|spd|1
|faint|p1a: donda
|-damage|p2a: Zeraora|13/100|[from] item: Life Orb
|
|upkeep
|
|t:|1633490690
|switch|p1a: pablo|Kartana|56/100
|-damage|p1a: pablo|50/100|[from] Stealth Rock
|-damage|p1a: pablo|38/100|[from] Spikes
|turn|15
|
|t:|1633490696
|move|p1a: pablo|Smart Strike|p2a: Zeraora
|-resisted|p2a: Zeraora
|-damage|p2a: Zeraora|0 fnt
|faint|p2a: Zeraora
|-ability|p1a: pablo|Beast Boost|boost
|-boost|p1a: pablo|atk|1
|
|upkeep
|
|t:|1633490702
|switch|p2a: Dragapult|Dragapult, M|100/100
|turn|16
|
|t:|1633490706
|move|p1a: pablo|Smart Strike|p2a: Dragapult
|-damage|p2a: Dragapult|18/100
|move|p2a: Dragapult|Dragon Dance|p2a: Dragapult
|-boost|p2a: Dragapult|atk|1
|-boost|p2a: Dragapult|spe|1
|
|upkeep
|turn|17
|j| I'm NG
|j| OU is free
|
|t:|1633490719
|switch|p1a: yeezus|Magnezone, shiny|100/100
|-damage|p1a: yeezus|94/100|[from] Stealth Rock
|-item|p1a: yeezus|Air Balloon
|move|p2a: Dragapult|Phantom Force||[still]
|-prepare|p2a: Dragapult|Phantom Force
|
|-fieldend|Misty Terrain
|upkeep
|turn|18
|
|t:|1633490723
|move|p2a: Dragapult|Phantom Force|p1a: yeezus|[from]lockedmove
|-damage|p1a: yeezus|36/100
|-enditem|p1a: yeezus|Air Balloon
|move|p1a: yeezus|Flash Cannon|p2a: Dragapult
|-damage|p2a: Dragapult|0 fnt
|faint|p2a: Dragapult
|
|upkeep
|
|t:|1633490730
|switch|p2a: Rillaboom|Rillaboom, F|100/100
|-fieldstart|move: Grassy Terrain|[from] ability: Grassy Surge|[of] p2a: Rillaboom
|turn|19
|
|t:|1633490734
|move|p2a: Rillaboom|Swords Dance|p2a: Rillaboom
|-boost|p2a: Rillaboom|atk|2
|move|p1a: yeezus|Iron Defense|p1a: yeezus
|-boost|p1a: yeezus|def|2
|
|-heal|p1a: yeezus|42/100|[from] Grassy Terrain
|upkeep
|turn|20
|
|t:|1633490738
|move|p2a: Rillaboom|Knock Off|p1a: yeezus
|-damage|p1a: yeezus|19/100
|-damage|p2a: Rillaboom|91/100|[from] item: Life Orb
|move|p1a: yeezus|Body Press|p2a: Rillaboom
|-damage|p2a: Rillaboom|28/100
|
|-heal|p2a: Rillaboom|35/100|[from] Grassy Terrain
|-heal|p1a: yeezus|25/100|[from] Grassy Terrain
|upkeep
|turn|21
|
|t:|1633490742
|move|p2a: Rillaboom|Drain Punch|p1a: yeezus
|-supereffective|p1a: yeezus
|-damage|p1a: yeezus|0 fnt
|-heal|p2a: Rillaboom|45/100|[from] drain|[of] p1a: yeezus
|faint|p1a: yeezus
|-damage|p2a: Rillaboom|35/100|[from] item: Life Orb
|
|-heal|p2a: Rillaboom|41/100|[from] Grassy Terrain
|upkeep
|
|t:|1633490748
|switch|p1a: college dropout|Dragonite, F|100/100
|turn|22
|
|t:|1633490750
|move|p2a: Rillaboom|Knock Off|p1a: college dropout
|-crit|p1a: college dropout
|-damage|p1a: college dropout|37/100
|-enditem|p1a: college dropout|Heavy-Duty Boots|[from] move: Knock Off|[of] p2a: Rillaboom
|-damage|p2a: Rillaboom|31/100|[from] item: Life Orb
|move|p1a: college dropout|Dragon Dance|p1a: college dropout
|-boost|p1a: college dropout|atk|1
|-boost|p1a: college dropout|spe|1
|
|-heal|p2a: Rillaboom|37/100|[from] Grassy Terrain
|upkeep
|turn|23
|
|t:|1633490753
|move|p2a: Rillaboom|Grassy Glide|p1a: college dropout
|-resisted|p1a: college dropout
|-damage|p1a: college dropout|7/100
|-damage|p2a: Rillaboom|27/100|[from] item: Life Orb
|move|p1a: college dropout|Ice Punch|p2a: Rillaboom
|-supereffective|p2a: Rillaboom
|-damage|p2a: Rillaboom|0 fnt
|faint|p2a: Rillaboom
|
|-fieldend|move: Grassy Terrain
|upkeep
|
|t:|1633490754
|switch|p2a: Tapu Lele|Tapu Lele|91/100
|-fieldstart|move: Psychic Terrain|[from] ability: Psychic Surge|[of] p2a: Tapu Lele
|turn|24
|-message|dragonitenb forfeited.
|
|win|noudle soop
|raw|noudle soop's rating: 1729 &rarr; <strong>1747</strong><br />(+18 for winning)
|raw|dragonitenb's rating: 1688 &rarr; <strong>1670</strong><br />(-18 for losing)
|l|☆dragonitenb
|l|☆noudle soop
