|raw|<div class="broadcast-blue"><strong>This battle is required to be public due to a player having a name starting with 'lt94je'.</div>
|j|☆Pinkacross
|j|☆LT94je Qrts
|t:|1661728776
|gametype|singles
|player|p1|Pinkacross|102|1847
|player|p2|LT94je Qrts|drayden|1866
|teamsize|p1|6
|teamsize|p2|6
|gen|8
|tier|[Gen 8] OU
|rated|
|rule|Sleep Clause Mod: Limit one foe put to sleep
|rule|Species Clause: Limit one of each Pokémon
|rule|OHKO Clause: OHKO moves are banned
|rule|Evasion Items Clause: Evasion items are banned
|rule|Evasion Moves Clause: Evasion moves are banned
|rule|Endless Battle Clause: Forcing endless battles is banned
|rule|HP Percentage Mod: HP is shown in percentages
|rule|Dynamax Clause: You cannot dynamax
|clearpoke
|poke|p1|Moltres-Galar|
|poke|p1|Bisharp, F|
|poke|p1|Volcarona, F|
|poke|p1|Volcanion|
|poke|p1|Ninetales-Alola, M|
|poke|p1|Landorus-Therian, M|
|poke|p2|Tyranitar, M|
|poke|p2|Excadrill, F|
|poke|p2|Pelipper, M|
|poke|p2|Urshifu-*, F|
|poke|p2|Zapdos|
|poke|p2|Ferrothorn, F|
|teampreview
|c|☆Pinkacross|hf
|inactive|Battle timer is ON: inactive players will automatically lose when time's up. (requested by Pinkacross)
|c|☆LT94je Qrts|hf
|j| eiscuepro
|
|t:|1661728803
|start
|switch|p1a: Ninetales|Ninetales-Alola, M|100/100
|switch|p2a: pangela perkel|Ferrothorn, F, shiny|100/100
|-weather|Hail|[from] ability: Snow Warning|[of] p1a: Ninetales
|turn|1
|
|t:|1661728807
|move|p1a: Ninetales|Aurora Veil|p1a: Ninetales
|-sidestart|p1: Pinkacross|move: Aurora Veil
|move|p2a: pangela perkel|Stealth Rock|p1a: Ninetales
|-sidestart|p1: Pinkacross|move: Stealth Rock
|
|-weather|Hail|[upkeep]
|-damage|p2a: pangela perkel|94/100|[from] Hail
|-heal|p2a: pangela perkel|100/100|[from] item: Leftovers
|upkeep
|turn|2
|
|t:|1661728810
|switch|p1a: Volcanion|Volcanion|100/100
|move|p2a: pangela perkel|Knock Off|p1a: Volcanion
|-damage|p1a: Volcanion|92/100
|-enditem|p1a: Volcanion|Heavy-Duty Boots|[from] move: Knock Off|[of] p2a: pangela perkel
|
|-weather|Hail|[upkeep]
|-damage|p1a: Volcanion|86/100|[from] Hail
|-damage|p2a: pangela perkel|94/100|[from] Hail
|-heal|p2a: pangela perkel|100/100|[from] item: Leftovers
|upkeep
|turn|3
|
|t:|1661728815
|switch|p2a: perz|Zapdos, shiny|100/100
|move|p1a: Volcanion|Defog|p2a: perz
|-unboost|p2a: perz|evasion|1
|-sideend|p1: Pinkacross|Stealth Rock|[from] move: Defog|[of] p1a: Volcanion
|
|-weather|Hail|[upkeep]
|-damage|p2a: perz|94/100|[from] Hail
|-damage|p1a: Volcanion|80/100|[from] Hail
|upkeep
|turn|4
|
|t:|1661728822
|switch|p1a: Landorus|Landorus-Therian, M|100/100
|-ability|p1a: Landorus|Intimidate|boost
|-unboost|p2a: perz|atk|1
|move|p2a: perz|Toxic|p1a: Landorus
|-status|p1a: Landorus|tox
|
|-weather|Hail|[upkeep]
|-damage|p1a: Landorus|95/100 tox|[from] Hail
|-damage|p2a: perz|88/100|[from] Hail
|-damage|p1a: Landorus|89/100 tox|[from] psn
|upkeep
|turn|5
|
|t:|1661728827
|switch|p2a: pangela perkel|Ferrothorn, F, shiny|100/100
|move|p1a: Landorus|Stone Edge|p2a: pangela perkel
|-resisted|p2a: pangela perkel
|-damage|p2a: pangela perkel|80/100
|
|-weather|none
|-heal|p2a: pangela perkel|87/100|[from] item: Leftovers
|-damage|p1a: Landorus|77/100 tox|[from] psn
|upkeep
|turn|6
|
|t:|1661728835
|switch|p1a: Volcarona|Volcarona, F|100/100
|move|p2a: pangela perkel|Stealth Rock|p1a: Volcarona
|-sidestart|p1: Pinkacross|move: Stealth Rock
|
|-heal|p2a: pangela perkel|93/100|[from] item: Leftovers
|upkeep
|turn|7
|
|t:|1661728840
|switch|p2a: johann liebert|Tyranitar, M, shiny|100/100
|-weather|Sandstorm|[from] ability: Sand Stream|[of] p2a: johann liebert
|move|p1a: Volcarona|Substitute|p1a: Volcarona
|-start|p1a: Volcarona|Substitute
|-damage|p1a: Volcarona|76/100
|
|-weather|Sandstorm|[upkeep]
|-damage|p1a: Volcarona|69/100|[from] Sandstorm
|-heal|p1a: Volcarona|76/100|[from] item: Leftovers
|upkeep
|turn|8
|
|t:|1661728848
|move|p1a: Volcarona|Quiver Dance|p1a: Volcarona
|-boost|p1a: Volcarona|spa|1
|-boost|p1a: Volcarona|spd|1
|-boost|p1a: Volcarona|spe|1
|move|p2a: johann liebert|Crunch|p1a: Volcarona
|-end|p1a: Volcarona|Substitute
|
|-weather|Sandstorm|[upkeep]
|-damage|p1a: Volcarona|69/100|[from] Sandstorm
|-heal|p1a: Volcarona|76/100|[from] item: Leftovers
|-sideend|p1: Pinkacross|move: Aurora Veil
|upkeep
|turn|9
|
|t:|1661728851
|move|p1a: Volcarona|Substitute|p1a: Volcarona
|-start|p1a: Volcarona|Substitute
|-damage|p1a: Volcarona|51/100
|move|p2a: johann liebert|Crunch|p1a: Volcarona
|-end|p1a: Volcarona|Substitute
|
|-weather|Sandstorm|[upkeep]
|-damage|p1a: Volcarona|44/100|[from] Sandstorm
|-heal|p1a: Volcarona|51/100|[from] item: Leftovers
|upkeep
|turn|10
|
|t:|1661728855
|move|p1a: Volcarona|Substitute|p1a: Volcarona
|-start|p1a: Volcarona|Substitute
|-damage|p1a: Volcarona|26/100
|move|p2a: johann liebert|Crunch|p1a: Volcarona
|-end|p1a: Volcarona|Substitute
|
|-weather|Sandstorm|[upkeep]
|-damage|p1a: Volcarona|20/100|[from] Sandstorm
|-heal|p1a: Volcarona|26/100|[from] item: Leftovers
|upkeep
|turn|11
|
|t:|1661728857
|move|p1a: Volcarona|Bug Buzz|p2a: johann liebert
|-supereffective|p2a: johann liebert
|-damage|p2a: johann liebert|0 fnt
|faint|p2a: johann liebert
|
|-weather|none
|-heal|p1a: Volcarona|32/100|[from] item: Leftovers
|upkeep
|
|t:|1661728861
|switch|p2a: Salut ayouko|Pelipper, M, shiny|100/100
|-weather|RainDance|[from] ability: Drizzle|[of] p2a: Salut ayouko
|turn|12
|
|t:|1661728870
|move|p1a: Volcarona|Bug Buzz|p2a: Salut ayouko
|-resisted|p2a: Salut ayouko
|-damage|p2a: Salut ayouko|11/100
|-unboost|p2a: Salut ayouko|spd|1
|move|p2a: Salut ayouko|Hurricane|p1a: Volcarona
|-supereffective|p1a: Volcarona
|-damage|p1a: Volcarona|0 fnt
|faint|p1a: Volcarona
|
|-weather|RainDance|[upkeep]
|upkeep
|
|t:|1661728873
|switch|p1a: Ninetales|Ninetales-Alola, M|100/100
|-damage|p1a: Ninetales|76/100|[from] Stealth Rock
|-weather|Hail|[from] ability: Snow Warning|[of] p1a: Ninetales
|turn|13
|j| Kyurem
|
|t:|1661728878
|switch|p2a: drill fr 5 hey hey|Excadrill, F, shiny|100/100
|move|p1a: Ninetales|Aurora Veil|p1a: Ninetales
|-sidestart|p1: Pinkacross|move: Aurora Veil
|
|-weather|Hail|[upkeep]
|-damage|p2a: drill fr 5 hey hey|94/100|[from] Hail
|-heal|p2a: drill fr 5 hey hey|100/100|[from] item: Leftovers
|upkeep
|turn|14
|
|t:|1661728882
|switch|p1a: Landorus|Landorus-Therian, M|77/100 tox
|-damage|p1a: Landorus|64/100 tox|[from] Stealth Rock
|-ability|p1a: Landorus|Intimidate|boost
|-unboost|p2a: drill fr 5 hey hey|atk|1
|move|p2a: drill fr 5 hey hey|Iron Head|p1a: Landorus
|-damage|p1a: Landorus|47/100 tox
|
|-weather|Hail|[upkeep]
|-damage|p2a: drill fr 5 hey hey|94/100|[from] Hail
|-damage|p1a: Landorus|41/100 tox|[from] Hail
|-heal|p2a: drill fr 5 hey hey|100/100|[from] item: Leftovers
|-damage|p1a: Landorus|35/100 tox|[from] psn
|upkeep
|turn|15
|j| Vive Immortale
|
|t:|1661728886
|switch|p2a: pangela perkel|Ferrothorn, F, shiny|93/100
|move|p1a: Landorus|Explosion|p2a: pangela perkel
|-resisted|p2a: pangela perkel
|-damage|p2a: pangela perkel|43/100
|faint|p1a: Landorus
|
|-weather|Hail|[upkeep]
|-damage|p2a: pangela perkel|36/100|[from] Hail
|-heal|p2a: pangela perkel|43/100|[from] item: Leftovers
|upkeep
|j| leona misa
|l| eiscuepro
|
|t:|1661728895
|switch|p1a: Volcanion|Volcanion|80/100
|-damage|p1a: Volcanion|55/100|[from] Stealth Rock
|turn|16
|
|t:|1661728907
|switch|p2a: Salut ayouko|Pelipper, M, shiny|11/100
|-weather|RainDance|[from] ability: Drizzle|[of] p2a: Salut ayouko
|move|p1a: Volcanion|Defog|p2a: Salut ayouko
|-unboost|p2a: Salut ayouko|evasion|1
|-sideend|p1: Pinkacross|Stealth Rock|[from] move: Defog|[of] p1a: Volcanion
|
|-weather|RainDance|[upkeep]
|upkeep
|turn|17
|j| lt94je Kaneki
|
|t:|1661728911
|move|p2a: Salut ayouko|Hurricane|p1a: Volcanion
|-damage|p1a: Volcanion|20/100
|move|p1a: Volcanion|Steam Eruption|p2a: Salut ayouko
|-resisted|p2a: Salut ayouko
|-damage|p2a: Salut ayouko|0 fnt
|faint|p2a: Salut ayouko
|
|-weather|RainDance|[upkeep]
|upkeep
|
|t:|1661728916
|switch|p2a: perz|Zapdos, shiny|88/100
|turn|18
|j| tryju7l
|
|t:|1661728921
|move|p2a: perz|Discharge|p1a: Volcanion
|-supereffective|p1a: Volcanion
|-damage|p1a: Volcanion|0 fnt
|faint|p1a: Volcanion
|
|-weather|RainDance|[upkeep]
|upkeep
|l| tryju7l
|
|t:|1661728924
|switch|p1a: Bisharp|Bisharp, F|100/100
|turn|19
|
|t:|1661728926
|switch|p2a: grenouille prague|Urshifu-Rapid-Strike, F|100/100
|move|p1a: Bisharp|Swords Dance|p1a: Bisharp
|-boost|p1a: Bisharp|atk|2
|
|-weather|RainDance|[upkeep]
|upkeep
|turn|20
|
|t:|1661728930
|move|p1a: Bisharp|Sucker Punch|p2a: grenouille prague
|-resisted|p2a: grenouille prague
|-damage|p2a: grenouille prague|54/100
|move|p2a: grenouille prague|Close Combat|p1a: Bisharp
|-supereffective|p1a: Bisharp
|-damage|p1a: Bisharp|0 fnt
|-unboost|p2a: grenouille prague|def|1
|-unboost|p2a: grenouille prague|spd|1
|faint|p1a: Bisharp
|
|-weather|none
|-sideend|p1: Pinkacross|move: Aurora Veil
|upkeep
|j| Skyrio
|
|t:|1661728932
|switch|p1a: Ninetales|Ninetales-Alola, M|76/100
|-weather|Hail|[from] ability: Snow Warning|[of] p1a: Ninetales
|turn|21
|
|t:|1661728936
|move|p2a: grenouille prague|Close Combat|p1a: Ninetales
|-damage|p1a: Ninetales|0 fnt
|-unboost|p2a: grenouille prague|def|1
|-unboost|p2a: grenouille prague|spd|1
|faint|p1a: Ninetales
|
|-weather|Hail|[upkeep]
|-damage|p2a: grenouille prague|48/100|[from] Hail
|upkeep
|j| tryju7l
|
|t:|1661728938
|switch|p1a: Moltres|Moltres-Galar|100/100
|turn|22
|
|t:|1661728942
|move|p2a: grenouille prague|Close Combat|p1a: Moltres
|-damage|p1a: Moltres|28/100
|-unboost|p2a: grenouille prague|def|1
|-unboost|p2a: grenouille prague|spd|1
|-ability|p1a: Moltres|Berserk|boost
|-boost|p1a: Moltres|spa|1
|move|p1a: Moltres|Agility|p1a: Moltres
|-boost|p1a: Moltres|spe|2
|
|-weather|Hail|[upkeep]
|-damage|p1a: Moltres|22/100|[from] Hail
|-damage|p2a: grenouille prague|42/100|[from] Hail
|upkeep
|turn|23
|l| tryju7l
|
|t:|1661728952
|switch|p2a: pangela perkel|Ferrothorn, F, shiny|43/100
|move|p1a: Moltres|Rest|p1a: Moltres
|-status|p1a: Moltres|slp|[from] move: Rest
|-heal|p1a: Moltres|100/100 slp|[silent]
|-enditem|p1a: Moltres|Chesto Berry|[eat]
|-curestatus|p1a: Moltres|slp|[msg]
|
|-weather|Hail|[upkeep]
|-damage|p1a: Moltres|94/100|[from] Hail
|-damage|p2a: pangela perkel|36/100|[from] Hail
|-heal|p2a: pangela perkel|43/100|[from] item: Leftovers
|upkeep
|turn|24
|
|t:|1661728958
|move|p1a: Moltres|Nasty Plot|p1a: Moltres
|-boost|p1a: Moltres|spa|2
|move|p2a: pangela perkel|Leech Seed|p1a: Moltres
|-start|p1a: Moltres|move: Leech Seed
|
|-weather|Hail|[upkeep]
|-damage|p1a: Moltres|88/100|[from] Hail
|-damage|p2a: pangela perkel|36/100|[from] Hail
|-heal|p2a: pangela perkel|43/100|[from] item: Leftovers
|-damage|p1a: Moltres|76/100|[from] Leech Seed|[of] p2a: pangela perkel
|-heal|p2a: pangela perkel|54/100|[silent]
|upkeep
|turn|25
|
|t:|1661728961
|move|p1a: Moltres|Fiery Wrath|p2a: pangela perkel
|-damage|p2a: pangela perkel|0 fnt
|faint|p2a: pangela perkel
|
|-weather|none
|upkeep
|
|t:|1661728963
|switch|p2a: grenouille prague|Urshifu-Rapid-Strike, F|42/100
|turn|26
|
|t:|1661728965
|move|p1a: Moltres|Fiery Wrath|p2a: grenouille prague
|-resisted|p2a: grenouille prague
|-damage|p2a: grenouille prague|0 fnt
|faint|p2a: grenouille prague
|
|upkeep
|
|t:|1661728966
|switch|p2a: perz|Zapdos, shiny|88/100
|turn|27
|
|t:|1661728967
|move|p1a: Moltres|Fiery Wrath|p2a: perz
|-damage|p2a: perz|0 fnt
|faint|p2a: perz
|
|upkeep
|c|☆Pinkacross|gg
|-message|LT94je Qrts forfeited.
|
|win|Pinkacross
|raw|Pinkacross's rating: 1847 &rarr; <strong>1868</strong><br />(+21 for winning)
|raw|LT94je Qrts's rating: 1866 &rarr; <strong>1845</strong><br />(-21 for losing)
|l|☆LT94je Qrts
|l| Skyrio
|l| leona misa
|j|☆LT94je Qrts
|player|p2|LT94je Qrts|drayden
|l|☆Pinkacross
|l|☆LT94je Qrts
|player|p2|
|j| bismarck sea
|j|☆LT94je Qrts
|player|p2|LT94je Qrts|drayden
|j| Creuzoo
|j| Skyrio
|l| bismarck sea
||Ladder isn't responding, score probably updated but might not have (Request timeout).
|l| Creuzoo
|l| Skyrio
|j| amsTan
|l| amsTan
|j| LT94JE Tace
|l| LT94JE Tace
|l| lt94je Kaneki
|j| n0 tengo nick
