|html|<div class="broadcast-blue"><strong>[Gen 8] OU is currently suspecting Melmetal! For information on how to participate check out the <a href="https://www.smogon.com/forums/threads/np-ss-ou-suspect-process-round-12-monster-mash.3709234/">suspect thread</a>.</strong></div>
|j|☆Ferrothornail草钢甲
|j|☆tapu_lucky
|t:|1666620297
|gametype|singles
|player|p1|Ferrothornail草钢甲|170|1599
|player|p2|tapu_lucky|dawn|1568
|teamsize|p1|6
|teamsize|p2|6
|gen|8
|tier|[Gen 8] OU
|rated|
|rule|Sleep Clause Mod: Limit one foe put to sleep
|rule|Species Clause: Limit one of each Pokémon
|rule|OHKO Clause: OHKO moves are banned
|rule|Evasion Items Clause: Evasion items are banned
|rule|Evasion Moves Clause: Evasion moves are banned
|rule|Endless Battle Clause: Forcing endless battles is banned
|rule|HP Percentage Mod: HP is shown in percentages
|rule|Dynamax Clause: You cannot dynamax
|clearpoke
|poke|p1|Pelipper, F|
|poke|p1|Barraskewda, F|
|poke|p1|Ferrothorn, F|
|poke|p1|Scizor, F|
|poke|p1|Weezing-Galar, F|
|poke|p1|Rhyperior, F|
|poke|p2|Tornadus-Therian, M|
|poke|p2|Mew|
|poke|p2|Gastrodon, F|
|poke|p2|Clefable, F|
|poke|p2|Slowking-Galar, M|
|poke|p2|Victini|
|teampreview
|inactive|Battle timer is ON: inactive players will automatically lose when time's up. (requested by tapu_lucky)
|
|t:|1666620373
|start
|switch|p1a: Pelipper|Pelipper, F|100/100
|switch|p2a: Slowking|Slowking-Galar, M|100/100
|-weather|RainDance|[from] ability: Drizzle|[of] p1a: Pelipper
|turn|1
|
|t:|1666620384
|move|p1a: Pelipper|U-turn|p2a: Slowking
|-damage|p2a: Slowking|91/100
|
|t:|1666620391
|switch|p1a: Rhyperior|Rhyperior, F|100/100|[from]move: U-turn
|move|p2a: Slowking|Future Sight|p1a: Rhyperior
|-start|p2a: Slowking|move: Future Sight
|
|-weather|RainDance|[upkeep]
|-heal|p2a: Slowking|97/100|[from] item: Black Sludge
|upkeep
|turn|2
|
|t:|1666620403
|switch|p2a: Clefable|Clefable, F|100/100
|move|p1a: Rhyperior|Stealth Rock|p2a: Clefable
|-sidestart|p2: tapu_lucky|move: Stealth Rock
|
|-weather|RainDance|[upkeep]
|upkeep
|turn|3
|
|t:|1666620414
|switch|p1a: Scizor|Scizor, F|100/100
|move|p2a: Clefable|Stealth Rock|p1a: Scizor
|-sidestart|p1: Ferrothornail草钢甲|move: Stealth Rock
|
|-weather|RainDance|[upkeep]
|-end|p1a: Scizor|move: Future Sight
|-resisted|p1a: Scizor
|-damage|p1a: Scizor|75/100
|upkeep
|turn|4
|
|t:|1666620420
|switch|p2a: Tornadus|Tornadus-Therian, M|100/100
|move|p1a: Scizor|Knock Off|p2a: Tornadus
|-damage|p2a: Tornadus|73/100
|-enditem|p2a: Tornadus|Heavy-Duty Boots|[from] move: Knock Off|[of] p1a: Scizor
|
|-weather|RainDance|[upkeep]
|upkeep
|turn|5
|
|t:|1666620427
|switch|p1a: Rhyperior|Rhyperior, F|100/100
|-damage|p1a: Rhyperior|94/100|[from] Stealth Rock
|move|p2a: Tornadus|Knock Off|p1a: Rhyperior
|-damage|p1a: Rhyperior|82/100
|-enditem|p1a: Rhyperior|Leftovers|[from] move: Knock Off|[of] p2a: Tornadus
|
|-weather|none
|upkeep
|turn|6
|
|t:|1666620434
|move|p2a: Tornadus|U-turn|p1a: Rhyperior
|-damage|p1a: Rhyperior|72/100
|
|t:|1666620441
|switch|p2a: Gastrodon|Gastrodon, F|100/100|[from]move: U-turn
|-damage|p2a: Gastrodon|94/100|[from] Stealth Rock
|move|p1a: Rhyperior|Rock Blast|p2a: Gastrodon
|-resisted|p2a: Gastrodon
|-damage|p2a: Gastrodon|90/100
|-resisted|p2a: Gastrodon
|-damage|p2a: Gastrodon|85/100
|-resisted|p2a: Gastrodon
|-damage|p2a: Gastrodon|80/100
|-hitcount|p2a: Gastrodon|3
|
|-heal|p2a: Gastrodon|86/100|[from] item: Leftovers
|upkeep
|turn|7
|
|t:|1666620449
|move|p1a: Rhyperior|Toxic|p2a: Gastrodon
|-status|p2a: Gastrodon|tox
|move|p2a: Gastrodon|Block|p1a: Rhyperior
|-activate|p1a: Rhyperior|trapped
|
|-heal|p2a: Gastrodon|92/100 tox|[from] item: Leftovers
|-damage|p2a: Gastrodon|86/100 tox|[from] psn
|upkeep
|turn|8
|
|t:|1666620458
|move|p1a: Rhyperior|Earthquake|p2a: Gastrodon
|-crit|p2a: Gastrodon
|-damage|p2a: Gastrodon|31/100 tox
|move|p2a: Gastrodon|Scald|p1a: Rhyperior
|-supereffective|p1a: Rhyperior
|-damage|p1a: Rhyperior|0 fnt
|faint|p1a: Rhyperior
|
|-heal|p2a: Gastrodon|37/100 tox|[from] item: Leftovers
|-damage|p2a: Gastrodon|25/100 tox|[from] psn
|upkeep
|
|t:|1666620461
|switch|p1a: Pelipper|Pelipper, F|100/100
|-damage|p1a: Pelipper|76/100|[from] Stealth Rock
|-weather|RainDance|[from] ability: Drizzle|[of] p1a: Pelipper
|turn|9
|
|t:|1666620469
|switch|p2a: Slowking|Slowking-Galar, M|100/100
|-damage|p2a: Slowking|88/100|[from] Stealth Rock
|move|p1a: Pelipper|Hurricane|p2a: Slowking
|-damage|p2a: Slowking|40/100
|
|-weather|RainDance|[upkeep]
|-heal|p2a: Slowking|47/100|[from] item: Black Sludge
|upkeep
|turn|10
|
|t:|1666620485
|move|p1a: Pelipper|Hurricane|p2a: Slowking
|-damage|p2a: Slowking|0 fnt
|faint|p2a: Slowking
|
|-weather|RainDance|[upkeep]
|upkeep
|
|t:|1666620487
|switch|p2a: Tornadus|Tornadus-Therian, M|100/100
|-damage|p2a: Tornadus|76/100|[from] Stealth Rock
|turn|11
|
|t:|1666620492
|move|p2a: Tornadus|Hurricane|p1a: Pelipper
|-damage|p1a: Pelipper|4/100
|move|p1a: Pelipper|Hurricane|p2a: Tornadus
|-damage|p2a: Tornadus|0 fnt
|faint|p2a: Tornadus
|
|-weather|RainDance|[upkeep]
|upkeep
|
|t:|1666620500
|switch|p2a: Victini|Victini|100/100
|turn|12
|
|t:|1666620505
|move|p2a: Victini|Searing Shot|p1a: Pelipper
|-resisted|p1a: Pelipper
|-damage|p1a: Pelipper|0 fnt
|faint|p1a: Pelipper
|
|-weather|RainDance|[upkeep]
|upkeep
|
|t:|1666620510
|switch|p1a: Barraskewda|Barraskewda, F|100/100
|-damage|p1a: Barraskewda|88/100|[from] Stealth Rock
|turn|13
|
|t:|1666620515
|switch|p2a: Gastrodon|Gastrodon, F|25/100 tox
|-damage|p2a: Gastrodon|19/100 tox|[from] Stealth Rock
|move|p1a: Barraskewda|Close Combat|p2a: Gastrodon
|-damage|p2a: Gastrodon|0 fnt
|-unboost|p1a: Barraskewda|def|1
|-unboost|p1a: Barraskewda|spd|1
|faint|p2a: Gastrodon
|
|-weather|none
|upkeep
|
|t:|1666620526
|switch|p2a: Mew|Mew|100/100
|-damage|p2a: Mew|88/100|[from] Stealth Rock
|turn|14
|
|t:|1666620530
|switch|p1a: Ferrothorn|Ferrothorn, F|100/100
|-damage|p1a: Ferrothorn|94/100|[from] Stealth Rock
|move|p2a: Mew|Block|p1a: Ferrothorn
|-activate|p1a: Ferrothorn|trapped
|
|-heal|p2a: Mew|94/100|[from] item: Leftovers
|-heal|p1a: Ferrothorn|100/100|[from] item: Leftovers
|upkeep
|turn|15
|
|t:|1666620543
|move|p2a: Mew|Imprison|p2a: Mew
|-start|p2a: Mew|move: Imprison
|move|p1a: Ferrothorn|Leech Seed|p2a: Mew
|-start|p2a: Mew|move: Leech Seed
|
|-heal|p2a: Mew|100/100|[from] item: Leftovers
|-damage|p2a: Mew|88/100|[from] Leech Seed|[of] p1a: Ferrothorn
|upkeep
|turn|16
|
|t:|1666620549
|move|p2a: Mew|Transform|p1a: Ferrothorn
|-transform|p2a: Mew|p1a: Ferrothorn
|cant|p1a: Ferrothorn|move: Imprison|Knock Off
|
|-heal|p2a: Mew|94/100|[from] item: Leftovers
|-damage|p2a: Mew|82/100|[from] Leech Seed|[of] p1a: Ferrothorn
|upkeep
|turn|17
|
|t:|1666620553
|-activate|p1a: Ferrothorn|move: Struggle
|move|p1a: Ferrothorn|Struggle|p2a: Mew
|-damage|p2a: Mew|76/100
|-damage|p1a: Ferrothorn|88/100|[from] ability: Iron Barbs|[of] p2a: Mew
|-damage|p1a: Ferrothorn|63/100|[from] recoil
|move|p2a: Mew|Spikes|p1a: Ferrothorn
|-sidestart|p1: Ferrothornail草钢甲|Spikes
|
|-heal|p2a: Mew|82/100|[from] item: Leftovers
|-heal|p1a: Ferrothorn|69/100|[from] item: Leftovers
|-damage|p2a: Mew|70/100|[from] Leech Seed|[of] p1a: Ferrothorn
|-heal|p1a: Ferrothorn|83/100|[silent]
|upkeep
|turn|18
|
|t:|1666620577
|move|p2a: Mew|Spikes|p1a: Ferrothorn
|-sidestart|p1: Ferrothornail草钢甲|Spikes
|-activate|p1a: Ferrothorn|move: Struggle
|move|p1a: Ferrothorn|Struggle|p2a: Mew
|-damage|p2a: Mew|64/100
|-damage|p1a: Ferrothorn|71/100|[from] ability: Iron Barbs|[of] p2a: Mew
|-damage|p1a: Ferrothorn|46/100|[from] recoil
|
|-heal|p2a: Mew|71/100|[from] item: Leftovers
|-heal|p1a: Ferrothorn|52/100|[from] item: Leftovers
|-damage|p2a: Mew|58/100|[from] Leech Seed|[of] p1a: Ferrothorn
|-heal|p1a: Ferrothorn|66/100|[silent]
|upkeep
|turn|19
|
|t:|1666620584
|move|p2a: Mew|Spikes|p1a: Ferrothorn
|-sidestart|p1: Ferrothornail草钢甲|Spikes
|-activate|p1a: Ferrothorn|move: Struggle
|move|p1a: Ferrothorn|Struggle|p2a: Mew
|-damage|p2a: Mew|53/100
|-damage|p1a: Ferrothorn|54/100|[from] ability: Iron Barbs|[of] p2a: Mew
|-damage|p1a: Ferrothorn|29/100|[from] recoil
|
|-heal|p2a: Mew|59/100|[from] item: Leftovers
|-heal|p1a: Ferrothorn|35/100|[from] item: Leftovers
|-damage|p2a: Mew|47/100|[from] Leech Seed|[of] p1a: Ferrothorn
|-heal|p1a: Ferrothorn|49/100|[silent]
|upkeep
|turn|20
|
|t:|1666620596
|switch|p2a: Victini|Victini|100/100
|-activate|p1a: Ferrothorn|move: Struggle
|move|p1a: Ferrothorn|Struggle|p2a: Victini
|-damage|p2a: Victini|89/100
|-damage|p1a: Ferrothorn|24/100|[from] recoil
|
|-heal|p1a: Ferrothorn|31/100|[from] item: Leftovers
|upkeep
|turn|21
|
|t:|1666620604
|move|p2a: Victini|Searing Shot|p1a: Ferrothorn
|-supereffective|p1a: Ferrothorn
|-damage|p1a: Ferrothorn|0 fnt
|faint|p1a: Ferrothorn
|
|upkeep
|
|t:|1666620606
|switch|p1a: Barraskewda|Barraskewda, F|88/100
|-damage|p1a: Barraskewda|76/100|[from] Stealth Rock
|-damage|p1a: Barraskewda|51/100|[from] Spikes
|turn|22
|
|t:|1666620611
|switch|p2a: Clefable|Clefable, F|100/100
|move|p1a: Barraskewda|Liquidation|p2a: Clefable
|-damage|p2a: Clefable|49/100
|
|-heal|p2a: Clefable|55/100|[from] item: Leftovers
|upkeep
|turn|23
|
|t:|1666620622
|move|p1a: Barraskewda|Liquidation|p2a: Clefable
|-damage|p2a: Clefable|2/100
|move|p2a: Clefable|Moonblast|p1a: Barraskewda
|-damage|p1a: Barraskewda|0 fnt
|faint|p1a: Barraskewda
|
|-heal|p2a: Clefable|8/100|[from] item: Leftovers
|upkeep
|
|t:|1666620624
|switch|p1a: Scizor|Scizor, F|75/100
|turn|24
|
|t:|1666620628
|switch|p2a: Victini|Victini|89/100
|move|p1a: Scizor|Bullet Punch|p2a: Victini
|-resisted|p2a: Victini
|-damage|p2a: Victini|76/100
|
|upkeep
|turn|25
|
|t:|1666620634
|move|p2a: Victini|Searing Shot|p1a: Scizor
|-supereffective|p1a: Scizor
|-crit|p1a: Scizor
|-damage|p1a: Scizor|0 fnt
|faint|p1a: Scizor
|
|upkeep
|-message|Ferrothornail草钢甲 forfeited.
|
|win|tapu_lucky
|raw|Ferrothornail草钢甲's rating: 1599 &rarr; <strong>1577</strong><br />(-22 for losing)
|raw|tapu_lucky's rating: 1568 &rarr; <strong>1590</strong><br />(+22 for winning)
|l|☆Ferrothornail草钢甲
