|j|‽hypervortexreturns
|j|☆49erz$
|t:|1661774233
|gametype|singles
|player|p1|hypervortexreturns|169|1674
|player|p2|49erz$|red|1648
|teamsize|p1|6
|teamsize|p2|6
|gen|8
|tier|[Gen 8] OU
|rated|
|rule|Sleep Clause Mod: Limit one foe put to sleep
|rule|Species Clause: Limit one of each Pokémon
|rule|OHKO Clause: OHKO moves are banned
|rule|Evasion Items Clause: Evasion items are banned
|rule|Evasion Moves Clause: Evasion moves are banned
|rule|Endless Battle Clause: Forcing endless battles is banned
|rule|HP Percentage Mod: HP is shown in percentages
|rule|Dynamax Clause: You cannot dynamax
|clearpoke
|poke|p1|Hydreigon, M|
|poke|p1|Zapdos|
|poke|p1|Tangrowth, F|
|poke|p1|Corviknight, F|
|poke|p1|Excadrill, F|
|poke|p1|Azumarill, F|
|poke|p2|Melmetal|
|poke|p2|Ninetales-Alola, F|
|poke|p2|Volcarona, M|
|poke|p2|Zeraora|
|poke|p2|Rillaboom, F|
|poke|p2|Volcanion|
|teampreview
|inactive|Battle timer is ON: inactive players will automatically lose when time's up. (requested by 49erz$)
|
|t:|1661774245
|start
|switch|p1a: Excadrill|Excadrill, F|100/100
|switch|p2a: Ninetales|Ninetales-Alola, F|100/100
|-weather|Hail|[from] ability: Snow Warning|[of] p2a: Ninetales
|-ability|p1a: Excadrill|Mold Breaker
|turn|1
|j| Luminus Valentine
|
|t:|1661774259
|move|p2a: Ninetales|Aurora Veil|p2a: Ninetales
|-sidestart|p2: 49erz$|move: Aurora Veil
|move|p1a: Excadrill|Stealth Rock|p2a: Ninetales
|-sidestart|p2: 49erz$|move: Stealth Rock
|
|-weather|Hail|[upkeep]
|-damage|p1a: Excadrill|94/100|[from] Hail
|-heal|p1a: Excadrill|100/100|[from] item: Leftovers
|upkeep
|turn|2
|j| Kokain Kevin
|
|t:|1661774267
|move|p2a: Ninetales|Hypnosis|p1a: Excadrill
|-status|p1a: Excadrill|slp|[from] move: Hypnosis
|cant|p1a: Excadrill|slp
|
|-weather|Hail|[upkeep]
|-damage|p1a: Excadrill|94/100 slp|[from] Hail
|-heal|p1a: Excadrill|100/100 slp|[from] item: Leftovers
|upkeep
|turn|3
|l|luminusvalentine
|
|t:|1661774281
|switch|p2a: Zeraora|Zeraora, shiny|100/100
|-damage|p2a: Zeraora|88/100|[from] Stealth Rock
|cant|p1a: Excadrill|slp
|
|-weather|Hail|[upkeep]
|-damage|p2a: Zeraora|82/100|[from] Hail
|-damage|p1a: Excadrill|94/100 slp|[from] Hail
|-heal|p1a: Excadrill|100/100 slp|[from] item: Leftovers
|upkeep
|turn|4
|j| Meth Michi
|
|t:|1661774294
|switch|p1a: Tangrowth|Tangrowth, F|100/100
|move|p2a: Zeraora|Bulk Up|p2a: Zeraora
|-boost|p2a: Zeraora|atk|1
|-boost|p2a: Zeraora|def|1
|
|-weather|Hail|[upkeep]
|-damage|p2a: Zeraora|76/100|[from] Hail
|-damage|p1a: Tangrowth|94/100|[from] Hail
|upkeep
|turn|5
|n| Meth Michi|methmichi
|
|t:|1661774306
|move|p2a: Zeraora|Knock Off|p1a: Tangrowth
|-damage|p1a: Tangrowth|71/100
|-damage|p2a: Zeraora|60/100|[from] item: Rocky Helmet|[of] p1a: Tangrowth
|-enditem|p1a: Tangrowth|Rocky Helmet|[from] move: Knock Off|[of] p2a: Zeraora
|move|p1a: Tangrowth|Knock Off|p2a: Zeraora
|-damage|p2a: Zeraora|50/100
|-enditem|p2a: Zeraora|Weakness Policy|[from] move: Knock Off|[of] p1a: Tangrowth
|
|-weather|none
|upkeep
|turn|6
|
|t:|1661774317
|move|p2a: Zeraora|Drain Punch|p1a: Tangrowth
|-damage|p1a: Tangrowth|52/100
|-heal|p2a: Zeraora|63/100|[from] drain|[of] p1a: Tangrowth
|move|p1a: Tangrowth|Sleep Powder|p2a: Zeraora
|-status|p2a: Zeraora|slp|[from] move: Sleep Powder
|
|upkeep
|turn|7
|
|t:|1661774332
|switch|p2a: Volcarona|Volcarona, M|100/100
|move|p1a: Tangrowth|Focus Blast|p2a: Volcarona
|-resisted|p2a: Volcarona
|-damage|p2a: Volcarona|93/100
|
|upkeep
|turn|8
|
|t:|1661774341
|switch|p1a: Zapdos|Zapdos|100/100
|move|p2a: Volcarona|Quiver Dance|p2a: Volcarona
|-boost|p2a: Volcarona|spa|1
|-boost|p2a: Volcarona|spd|1
|-boost|p2a: Volcarona|spe|1
|
|-sideend|p2: 49erz$|move: Aurora Veil
|upkeep
|turn|9
|
|t:|1661774351
|move|p2a: Volcarona|Fiery Dance|p1a: Zapdos
|-damage|p1a: Zapdos|43/100
|move|p1a: Zapdos|Toxic|p2a: Volcarona|[miss]
|-miss|p1a: Zapdos|p2a: Volcarona
|
|upkeep
|turn|10
|
|t:|1661774359
|switch|p1a: Hydreigon|Hydreigon, M|100/100
|move|p2a: Volcarona|Fiery Dance|p1a: Hydreigon
|-resisted|p1a: Hydreigon
|-damage|p1a: Hydreigon|71/100
|
|-heal|p1a: Hydreigon|77/100|[from] item: Leftovers
|upkeep
|turn|11
|
|t:|1661774370
|move|p2a: Volcarona|Bug Buzz|p1a: Hydreigon
|-supereffective|p1a: Hydreigon
|-damage|p1a: Hydreigon|0 fnt
|faint|p1a: Hydreigon
|
|upkeep
|
|t:|1661774378
|switch|p1a: Azumarill|Azumarill, F|100/100
|turn|12
|
|t:|1661774383
|switch|p2a: Volcanion|Volcanion|100/100
|-damage|p2a: Volcanion|76/100|[from] Stealth Rock
|move|p1a: Azumarill|Knock Off|p2a: Volcanion
|-damage|p2a: Volcanion|37/100
|-enditem|p2a: Volcanion|Expert Belt|[from] move: Knock Off|[of] p1a: Azumarill
|
|upkeep
|turn|13
|
|t:|1661774412
|switch|p1a: Excadrill|Excadrill, F|100/100 slp
|-ability|p1a: Excadrill|Mold Breaker
|move|p2a: Volcanion|Sludge Wave|p1a: Excadrill
|-immune|p1a: Excadrill
|
|upkeep
|turn|14
|
|t:|1661774420
|-curestatus|p1a: Excadrill|slp|[msg]
|move|p1a: Excadrill|Earthquake|p2a: Volcanion
|-supereffective|p2a: Volcanion
|-damage|p2a: Volcanion|0 fnt
|faint|p2a: Volcanion
|
|upkeep
|
|t:|1661774423
|switch|p2a: Ninetales|Ninetales-Alola, F|100/100
|-damage|p2a: Ninetales|76/100|[from] Stealth Rock
|-weather|Hail|[from] ability: Snow Warning|[of] p2a: Ninetales
|turn|15
|inactive|hypervortexreturns has 120 seconds left.
|
|t:|1661774450
|move|p2a: Ninetales|Aurora Veil|p2a: Ninetales
|-sidestart|p2: 49erz$|move: Aurora Veil
|move|p1a: Excadrill|Iron Head|p2a: Ninetales
|-supereffective|p2a: Ninetales
|-damage|p2a: Ninetales|0 fnt
|faint|p2a: Ninetales
|
|-weather|Hail|[upkeep]
|-damage|p1a: Excadrill|94/100|[from] Hail
|-heal|p1a: Excadrill|100/100|[from] item: Leftovers
|upkeep
|
|t:|1661774458
|switch|p2a: Zeraora|Zeraora, shiny|63/100 slp
|-damage|p2a: Zeraora|50/100 slp|[from] Stealth Rock
|turn|16
|
|t:|1661774467
|cant|p2a: Zeraora|slp
|move|p1a: Excadrill|Earthquake|p2a: Zeraora
|-supereffective|p2a: Zeraora
|-damage|p2a: Zeraora|0 fnt
|faint|p2a: Zeraora
|
|-weather|Hail|[upkeep]
|-damage|p1a: Excadrill|94/100|[from] Hail
|-heal|p1a: Excadrill|100/100|[from] item: Leftovers
|upkeep
|
|t:|1661774472
|switch|p2a: Rillaboom|Rillaboom, F|100/100
|-damage|p2a: Rillaboom|88/100|[from] Stealth Rock
|-fieldstart|move: Grassy Terrain|[from] ability: Grassy Surge|[of] p2a: Rillaboom
|turn|17
|
|t:|1661774487
|switch|p1a: Tangrowth|Tangrowth, F|85/100
|move|p2a: Rillaboom|Swords Dance|p2a: Rillaboom
|-boost|p2a: Rillaboom|atk|2
|
|-weather|Hail|[upkeep]
|-damage|p2a: Rillaboom|82/100|[from] Hail
|-damage|p1a: Tangrowth|79/100|[from] Hail
|-heal|p2a: Rillaboom|88/100|[from] Grassy Terrain
|-heal|p1a: Tangrowth|85/100|[from] Grassy Terrain
|upkeep
|turn|18
|l| Kokain Kevin
|
|t:|1661774499
|move|p2a: Rillaboom|Swords Dance|p2a: Rillaboom
|-boost|p2a: Rillaboom|atk|2
|move|p1a: Tangrowth|Knock Off|p2a: Rillaboom
|-damage|p2a: Rillaboom|76/100
|-enditem|p2a: Rillaboom|Life Orb|[from] move: Knock Off|[of] p1a: Tangrowth
|
|-weather|Hail|[upkeep]
|-damage|p2a: Rillaboom|70/100|[from] Hail
|-damage|p1a: Tangrowth|79/100|[from] Hail
|-heal|p2a: Rillaboom|76/100|[from] Grassy Terrain
|-heal|p1a: Tangrowth|85/100|[from] Grassy Terrain
|upkeep
|turn|19
|
|t:|1661774512
|move|p2a: Rillaboom|Drain Punch|p1a: Tangrowth
|-damage|p1a: Tangrowth|44/100
|-heal|p2a: Rillaboom|100/100|[from] drain|[of] p1a: Tangrowth
|move|p1a: Tangrowth|Focus Blast|p2a: Rillaboom|[miss]
|-miss|p1a: Tangrowth|p2a: Rillaboom
|
|-weather|none
|-heal|p1a: Tangrowth|50/100|[from] Grassy Terrain
|upkeep
|turn|20
|
|t:|1661774523
|move|p2a: Rillaboom|Knock Off|p1a: Tangrowth
|-damage|p1a: Tangrowth|17/100
|move|p1a: Tangrowth|Focus Blast|p2a: Rillaboom
|-damage|p2a: Rillaboom|82/100
|
|-heal|p2a: Rillaboom|88/100|[from] Grassy Terrain
|-heal|p1a: Tangrowth|23/100|[from] Grassy Terrain
|upkeep
|turn|21
|
|t:|1661774534
|move|p2a: Rillaboom|Drain Punch|p1a: Tangrowth
|-damage|p1a: Tangrowth|0 fnt
|-heal|p2a: Rillaboom|100/100|[from] drain|[of] p1a: Tangrowth
|faint|p1a: Tangrowth
|
|-fieldend|move: Grassy Terrain
|upkeep
|j| Kokain Kevin
|
|t:|1661774548
|switch|p1a: Excadrill|Excadrill, F|100/100
|-ability|p1a: Excadrill|Mold Breaker
|turn|22
|
|t:|1661774557
|switch|p2a: Volcarona|Volcarona, M|93/100
|move|p1a: Excadrill|Iron Head|p2a: Volcarona
|-resisted|p2a: Volcarona
|-damage|p2a: Volcarona|79/100
|
|-sideend|p2: 49erz$|move: Aurora Veil
|upkeep
|turn|23
|
|t:|1661774566
|move|p2a: Volcarona|Fiery Dance|p1a: Excadrill
|-supereffective|p1a: Excadrill
|-damage|p1a: Excadrill|0 fnt
|faint|p1a: Excadrill
|
|upkeep
|
|t:|1661774589
|switch|p1a: Azumarill|Azumarill, F|100/100
|turn|24
|
|t:|1661774594
|move|p2a: Volcarona|Psychic|p1a: Azumarill
|-damage|p1a: Azumarill|67/100
|move|p1a: Azumarill|Knock Off|p2a: Volcarona
|-damage|p2a: Volcarona|18/100
|-enditem|p2a: Volcarona|Heavy-Duty Boots|[from] move: Knock Off|[of] p1a: Azumarill
|
|upkeep
|turn|25
|
|t:|1661774603
|move|p1a: Azumarill|Aqua Jet|p2a: Volcarona
|-supereffective|p2a: Volcarona
|-damage|p2a: Volcarona|0 fnt
|faint|p2a: Volcarona
|
|upkeep
|
|t:|1661774606
|switch|p2a: Rillaboom|Rillaboom, F|100/100
|-damage|p2a: Rillaboom|88/100|[from] Stealth Rock
|-fieldstart|move: Grassy Terrain|[from] ability: Grassy Surge|[of] p2a: Rillaboom
|turn|26
|
|t:|1661774615
|move|p2a: Rillaboom|Swords Dance|p2a: Rillaboom
|-boost|p2a: Rillaboom|atk|2
|move|p1a: Azumarill|Play Rough|p2a: Rillaboom
|-crit|p2a: Rillaboom
|-damage|p2a: Rillaboom|0 fnt
|faint|p2a: Rillaboom
|
|-heal|p1a: Azumarill|73/100|[from] Grassy Terrain
|upkeep
|
|t:|1661774618
|switch|p2a: Melmetal|Melmetal|100/100
|-damage|p2a: Melmetal|94/100|[from] Stealth Rock
|turn|27
|
|t:|1661774629
|move|p1a: Azumarill|Knock Off|p2a: Melmetal
|-damage|p2a: Melmetal|70/100
|-enditem|p2a: Melmetal|Protective Pads|[from] move: Knock Off|[of] p1a: Azumarill
|move|p2a: Melmetal|Double Iron Bash|p1a: Azumarill
|-damage|p1a: Azumarill|23/100
|-enditem|p1a: Azumarill|Sitrus Berry|[eat]
|-heal|p1a: Azumarill|48/100|[from] item: Sitrus Berry
|-damage|p1a: Azumarill|0 fnt
|faint|p1a: Azumarill
|-hitcount|p1: Azumarill|2
|
|-heal|p2a: Melmetal|77/100|[from] Grassy Terrain
|upkeep
|
|t:|1661774643
|switch|p1a: Zapdos|Zapdos|43/100
|turn|28
|
|t:|1661774648
|move|p1a: Zapdos|Roost|p1a: Zapdos
|-heal|p1a: Zapdos|93/100
|-singleturn|p1a: Zapdos|move: Roost
|move|p2a: Melmetal|Double Iron Bash|p1a: Zapdos
|-resisted|p1a: Zapdos
|-damage|p1a: Zapdos|73/100
|-resisted|p1a: Zapdos
|-damage|p1a: Zapdos|50/100
|-hitcount|p1a: Zapdos|2
|
|-heal|p1a: Zapdos|56/100|[from] Grassy Terrain
|-heal|p2a: Melmetal|83/100|[from] Grassy Terrain
|upkeep
|turn|29
|
|t:|1661774661
|move|p1a: Zapdos|Roost|p1a: Zapdos
|-heal|p1a: Zapdos|100/100
|-singleturn|p1a: Zapdos|move: Roost
|move|p2a: Melmetal|Substitute|p2a: Melmetal
|-start|p2a: Melmetal|Substitute
|-damage|p2a: Melmetal|58/100
|
|-heal|p2a: Melmetal|64/100|[from] Grassy Terrain
|upkeep
|turn|30
|
|t:|1661774671
|move|p1a: Zapdos|Discharge|p2a: Melmetal
|-end|p2a: Melmetal|Substitute
|move|p2a: Melmetal|Thunder Punch|p1a: Zapdos
|-damage|p1a: Zapdos|62/100
|
|-heal|p2a: Melmetal|70/100|[from] Grassy Terrain
|-fieldend|move: Grassy Terrain
|upkeep
|turn|31
|
|t:|1661774680
|move|p1a: Zapdos|Discharge|p2a: Melmetal
|-damage|p2a: Melmetal|39/100
|move|p2a: Melmetal|Double Iron Bash|p1a: Zapdos
|-resisted|p1a: Zapdos
|-damage|p1a: Zapdos|39/100
|-resisted|p1a: Zapdos
|-damage|p1a: Zapdos|16/100
|-hitcount|p1a: Zapdos|2
|
|upkeep
|turn|32
|j| Misterioussaint
|l| Misterioussaint
|
|t:|1661774693
|move|p1a: Zapdos|Discharge|p2a: Melmetal
|-damage|p2a: Melmetal|7/100
|-status|p2a: Melmetal|par
|move|p2a: Melmetal|Double Iron Bash|p1a: Zapdos
|-resisted|p1a: Zapdos
|-damage|p1a: Zapdos|0 fnt
|faint|p1a: Zapdos
|-hitcount|p1: Zapdos|1
|
|upkeep
|
|t:|1661774703
|switch|p1a: Corviknight|Corviknight, F|100/100
|-ability|p1a: Corviknight|Pressure
|turn|33
|
|t:|1661774708
|move|p1a: Corviknight|Brave Bird|p2a: Melmetal
|-resisted|p2a: Melmetal
|-damage|p2a: Melmetal|0 fnt
|faint|p2a: Melmetal
|-damage|p1a: Corviknight|98/100|[from] Recoil
|
|win|hypervortexreturns
|raw|hypervortexreturns's rating: 1656 &rarr; <strong>1676</strong><br />(+20 for winning)
|raw|49erz$'s rating: 1648 &rarr; <strong>1628</strong><br />(-20 for losing)
|l|☆49erz$
|l|‽hypervortexreturns
||Ladder isn't responding, score probably updated but might not have (Request timeout).
|l| Kokain Kevin
