|j|☆user1_ou
|j|☆Le-Perpetrator
|t:|1596649948
|player|p1|user1_ou|eusine|1767
|player|p2|Le-Perpetrator|169|1740
|teamsize|p1|6
|teamsize|p2|6
|gametype|singles
|gen|8
|tier|[Gen 8] OU
|rated|
|html|<div class="broadcast-blue"><strong>OU is currently suspecting Magearna! For information on how to participate check out the <a href="https://www.smogon.com/forums/threads/3667669/">suspect thread</a>.</strong></div>
|clearpoke
|poke|p1|Pelipper, F|
|poke|p1|Barraskewda, F|
|poke|p1|Reuniclus, M|
|poke|p1|Ferrothorn, F|
|poke|p1|Togekiss, F|
|poke|p1|Toxicroak, M|
|poke|p2|Cinderace, M|
|poke|p2|Hatterene, F|
|poke|p2|Togekiss, F|
|poke|p2|Ferrothorn, F|
|poke|p2|Zeraora|
|poke|p2|Toxapex, F|
|rule|Sleep Clause Mod: Limit one foe put to sleep
|rule|Species Clause: Limit one of each Pokémon
|rule|OHKO Clause: OHKO moves are banned
|rule|Evasion Moves Clause: Evasion moves are banned
|rule|Endless Battle Clause: Forcing endless battles is banned
|rule|HP Percentage Mod: HP is shown in percentages
|rule|Dynamax Clause: You cannot dynamax
|teampreview
|
|t:|1596649967
|start
|switch|p1a: Pelipper|Pelipper, F|100/100
|switch|p2a: Zeraora|Zeraora|100/100
|-weather|RainDance|[from] ability: Drizzle|[of] p1a: Pelipper
|turn|1
|j| OyashirosamaTatari
|
|t:|1596649973
|switch|p1a: Ferrothorn|Ferrothorn, F|100/100
|move|p2a: Zeraora|Bulk Up|p2a: Zeraora
|-boost|p2a: Zeraora|atk|1
|-boost|p2a: Zeraora|def|1
|
|-weather|RainDance|[upkeep]
|upkeep
|turn|2
|j| youwhineyousuck
|
|t:|1596649979
|move|p2a: Zeraora|Drain Punch|p1a: Ferrothorn
|-supereffective|p1a: Ferrothorn
|-enditem|p1a: Ferrothorn|Chople Berry|[eat]
|-enditem|p1a: Ferrothorn|Chople Berry|[weaken]
|-damage|p1a: Ferrothorn|72/100
|-damage|p2a: Zeraora|88/100|[from] ability: Iron Barbs|[of] p1a: Ferrothorn
|-damage|p2a: Zeraora|78/100|[from] item: Life Orb
|move|p1a: Ferrothorn|Body Press|p2a: Zeraora
|-damage|p2a: Zeraora|49/100
|
|-weather|RainDance|[upkeep]
|upkeep
|turn|3
|j| fyuiloiih
|
|t:|1596649989
|move|p2a: Zeraora|Drain Punch|p1a: Ferrothorn
|-supereffective|p1a: Ferrothorn
|-damage|p1a: Ferrothorn|23/100
|-heal|p2a: Zeraora|76/100|[from] drain|[of] p1a: Ferrothorn
|-damage|p2a: Zeraora|64/100|[from] ability: Iron Barbs|[of] p1a: Ferrothorn
|-damage|p2a: Zeraora|54/100|[from] item: Life Orb
|move|p1a: Ferrothorn|Body Press|p2a: Zeraora
|-damage|p2a: Zeraora|23/100
|
|-weather|RainDance|[upkeep]
|upkeep
|turn|4
|j| The hax pokemon
|j| LT71LX Kyun
|j| Nacho Varga
|
|t:|1596650009
|move|p2a: Zeraora|Drain Punch|p1a: Ferrothorn
|-supereffective|p1a: Ferrothorn
|-damage|p1a: Ferrothorn|0 fnt
|-heal|p2a: Zeraora|36/100|[from] drain|[of] p1a: Ferrothorn
|-damage|p2a: Zeraora|24/100|[from] ability: Iron Barbs|[of] p1a: Ferrothorn
|-damage|p2a: Zeraora|14/100|[from] item: Life Orb
|faint|p1a: Ferrothorn
|
|-weather|RainDance|[upkeep]
|upkeep
|
|t:|1596650011
|switch|p1a: Barraskewda|Barraskewda, F|100/100
|turn|5
|
|t:|1596650020
|switch|p2a: Toxapex|Toxapex, F|100/100
|move|p1a: Barraskewda|Flip Turn|p2a: Toxapex
|-resisted|p2a: Toxapex
|-damage|p2a: Toxapex|73/100
|
|t:|1596650048
|switch|p1a: Reuniclus|Reuniclus, M|100/100|[from]move: Flip Turn
|
|-weather|RainDance|[upkeep]
|-heal|p2a: Toxapex|79/100|[from] item: Black Sludge
|upkeep
|turn|6
|
|t:|1596650053
|switch|p2a: Ferrothorn|Ferrothorn, F|100/100
|move|p1a: Reuniclus|Thunder|p2a: Ferrothorn
|-resisted|p2a: Ferrothorn
|-damage|p2a: Ferrothorn|90/100
|
|-weather|RainDance|[upkeep]
|upkeep
|turn|7
|
|t:|1596650060
|move|p1a: Reuniclus|Knock Off|p2a: Ferrothorn
|-damage|p2a: Ferrothorn|80/100
|-damage|p1a: Reuniclus|88/100|[from] ability: Iron Barbs|[of] p2a: Ferrothorn
|-damage|p1a: Reuniclus|72/100|[from] item: Rocky Helmet|[of] p2a: Ferrothorn
|-enditem|p2a: Ferrothorn|Rocky Helmet|[from] move: Knock Off|[of] p1a: Reuniclus
|move|p2a: Ferrothorn|Stealth Rock|p1a: Reuniclus
|-sidestart|p1: user1_ou|move: Stealth Rock
|
|-weather|RainDance|[upkeep]
|upkeep
|turn|8
|
|t:|1596650070
|move|p1a: Reuniclus|Future Sight|p2a: Ferrothorn
|-start|p1a: Reuniclus|move: Future Sight
|move|p2a: Ferrothorn|Leech Seed|p1a: Reuniclus
|-start|p1a: Reuniclus|move: Leech Seed
|
|-weather|none
|-damage|p1a: Reuniclus|59/100|[from] Leech Seed|[of] p2a: Ferrothorn
|-heal|p2a: Ferrothorn|95/100|[silent]
|upkeep
|turn|9
|l| fyuiloiih
|j| OUTU hdb
|l| OUTU hdb
|
|t:|1596650076
|switch|p1a: Toxicroak|Toxicroak, M|100/100
|-damage|p1a: Toxicroak|94/100|[from] Stealth Rock
|-item|p1a: Toxicroak|Air Balloon
|move|p2a: Ferrothorn|Leech Seed|p1a: Toxicroak|[miss]
|-miss|p2a: Ferrothorn|p1a: Toxicroak
|
|upkeep
|turn|10
|j| moneyowwnsthistown
|
|t:|1596650095
|move|p1a: Toxicroak|Swords Dance|p1a: Toxicroak
|-boost|p1a: Toxicroak|atk|2
|move|p2a: Ferrothorn|Gyro Ball|p1a: Toxicroak
|-damage|p1a: Toxicroak|16/100
|-enditem|p1a: Toxicroak|Air Balloon
|
|-end|p2a: Ferrothorn|move: Future Sight
|-resisted|p2a: Ferrothorn
|-damage|p2a: Ferrothorn|79/100
|upkeep
|turn|11
|l| LT71LX Kyun
|
|t:|1596650117
|switch|p2a: Togekiss|Togekiss, F|100/100
|move|p1a: Toxicroak|Drain Punch|p2a: Togekiss
|-resisted|p2a: Togekiss
|-damage|p2a: Togekiss|81/100
|-heal|p1a: Toxicroak|26/100|[from] drain|[of] p2a: Togekiss
|
|-heal|p2a: Togekiss|87/100|[from] item: Leftovers
|upkeep
|turn|12
|j| Xasah❤︎Bae
|
|t:|1596650127
|move|p1a: Toxicroak|Poison Jab|p2a: Togekiss
|-supereffective|p2a: Togekiss
|-damage|p2a: Togekiss|0 fnt
|faint|p2a: Togekiss
|
|upkeep
|
|t:|1596650133
|switch|p2a: Cinderace|Cinderace, M|100/100
|turn|13
|j| wyn
|
|t:|1596650180
|switch|p1a: Pelipper|Pelipper, F|100/100
|-damage|p1a: Pelipper|76/100|[from] Stealth Rock
|-weather|RainDance|[from] ability: Drizzle|[of] p1a: Pelipper
|move|p2a: Cinderace|U-turn|p1a: Pelipper
|-start|p2a: Cinderace|typechange|Bug|[from] ability: Libero
|-resisted|p1a: Pelipper
|-damage|p1a: Pelipper|56/100
|
|t:|1596650189
|switch|p2a: Zeraora|Zeraora|14/100|[from]move: U-turn
|
|-weather|RainDance|[upkeep]
|upkeep
|turn|14
|
|t:|1596650193
|switch|p1a: Reuniclus|Reuniclus, M|93/100
|-damage|p1a: Reuniclus|80/100|[from] Stealth Rock
|move|p2a: Zeraora|Plasma Fists|p1a: Reuniclus
|-crit|p1a: Reuniclus
|-damage|p1a: Reuniclus|0 fnt
|-fieldactivate|move: Ion Deluge
|-damage|p2a: Zeraora|4/100|[from] item: Life Orb
|faint|p1a: Reuniclus
|
|-weather|RainDance|[upkeep]
|upkeep
|
|t:|1596650195
|switch|p1a: Barraskewda|Barraskewda, F|100/100
|-damage|p1a: Barraskewda|88/100|[from] Stealth Rock
|turn|15
|l| moneyowwnsthistown
|
|t:|1596650206
|switch|p2a: Ferrothorn|Ferrothorn, F|79/100
|move|p1a: Barraskewda|Flip Turn|p2a: Ferrothorn
|-resisted|p2a: Ferrothorn
|-damage|p2a: Ferrothorn|53/100
|-damage|p1a: Barraskewda|76/100|[from] ability: Iron Barbs|[of] p2a: Ferrothorn
|
|t:|1596650211
|switch|p1a: Toxicroak|Toxicroak, M|26/100|[from]move: Flip Turn
|-damage|p1a: Toxicroak|20/100|[from] Stealth Rock
|
|-weather|RainDance|[upkeep]
|-heal|p1a: Toxicroak|32/100|[from] ability: Dry Skin
|upkeep
|turn|16
|
|t:|1596650218
|move|p1a: Toxicroak|Drain Punch|p2a: Ferrothorn
|-supereffective|p2a: Ferrothorn
|-damage|p2a: Ferrothorn|6/100
|-heal|p1a: Toxicroak|59/100|[from] drain|[of] p2a: Ferrothorn
|-damage|p1a: Toxicroak|47/100|[from] ability: Iron Barbs|[of] p2a: Ferrothorn
|move|p2a: Ferrothorn|Gyro Ball|p1a: Toxicroak
|-damage|p1a: Toxicroak|0 fnt
|faint|p1a: Toxicroak
|
|-weather|RainDance|[upkeep]
|upkeep
|
|t:|1596650222
|switch|p1a: Barraskewda|Barraskewda, F|76/100
|-damage|p1a: Barraskewda|64/100|[from] Stealth Rock
|turn|17
|
|t:|1596650230
|move|p1a: Barraskewda|Psychic Fangs|p2a: Ferrothorn
|-resisted|p2a: Ferrothorn
|-damage|p2a: Ferrothorn|0 fnt
|-damage|p1a: Barraskewda|52/100|[from] ability: Iron Barbs|[of] p2a: Ferrothorn
|faint|p2a: Ferrothorn
|
|-weather|RainDance|[upkeep]
|upkeep
|
|t:|1596650237
|switch|p2a: Hatterene|Hatterene, F|100/100
|turn|18
|
|t:|1596650257
|switch|p1a: Togekiss|Togekiss, F|100/100
|move|p2a: Hatterene|Psyshock|p1a: Togekiss
|-damage|p1a: Togekiss|35/100
|
|-weather|RainDance|[upkeep]
|upkeep
|turn|19
|
|t:|1596650263
|move|p1a: Togekiss|Air Slash|p2a: Hatterene
|-damage|p2a: Hatterene|67/100
|cant|p2a: Hatterene|flinch
|
|-weather|RainDance|[upkeep]
|upkeep
|turn|20
|
|t:|1596650271
|move|p1a: Togekiss|Air Slash|p2a: Hatterene
|-damage|p2a: Hatterene|35/100
|move|p2a: Hatterene|Psyshock|p1a: Togekiss
|-damage|p1a: Togekiss|0 fnt
|faint|p1a: Togekiss
|
|-weather|none
|upkeep
|
|t:|1596650275
|switch|p1a: Barraskewda|Barraskewda, F|52/100
|-damage|p1a: Barraskewda|40/100|[from] Stealth Rock
|turn|21
|
|t:|1596650284
|move|p1a: Barraskewda|Flip Turn|p2a: Hatterene
|-damage|p2a: Hatterene|0 fnt
|faint|p2a: Hatterene
|
|t:|1596650287
|switch|p1a: Pelipper|Pelipper, F|56/100|[from]move: Flip Turn
|-damage|p1a: Pelipper|31/100|[from] Stealth Rock
|-weather|RainDance|[from] ability: Drizzle|[of] p1a: Pelipper
|
|-weather|RainDance|[upkeep]
|upkeep
|j| fluffy cows
|
|t:|1596650294
|switch|p2a: Zeraora|Zeraora|4/100
|turn|22
|
|t:|1596650298
|move|p2a: Zeraora|Plasma Fists|p1a: Pelipper
|-supereffective|p1a: Pelipper
|-damage|p1a: Pelipper|0 fnt
|-fieldactivate|move: Ion Deluge
|-damage|p2a: Zeraora|0 fnt|[from] item: Life Orb
|faint|p1a: Pelipper
|faint|p2a: Zeraora
|
|-weather|RainDance|[upkeep]
|upkeep
|
|t:|1596650306
|switch|p2a: Toxapex|Toxapex, F|100/100
|switch|p1a: Barraskewda|Barraskewda, F|40/100
|-damage|p1a: Barraskewda|27/100|[from] Stealth Rock
|turn|23
|
|t:|1596650320
|move|p2a: Toxapex|Baneful Bunker|p2a: Toxapex
|-singleturn|p2a: Toxapex|move: Protect
|move|p1a: Barraskewda|Psychic Fangs|p2a: Toxapex
|-activate|p2a: Toxapex|move: Protect
|-status|p1a: Barraskewda|psn
|
|-weather|RainDance|[upkeep]
|-damage|p1a: Barraskewda|15/100 psn|[from] psn
|upkeep
|turn|24
|-message|user1_ou forfeited.
|
|win|Le-Perpetrator
|l|☆user1_ou
|l| Nacho Varga
|l| wyn
