|j|☆gyukumuku
|j|☆IMSOMALD
|t:|1668093541
|gametype|singles
|player|p1|gyukumuku|ethan|1741
|player|p2|IMSOMALD|ethan-masters|1763
|teamsize|p1|6
|teamsize|p2|6
|gen|8
|tier|[Gen 8] OU
|rated|
|rule|Sleep Clause Mod: Limit one foe put to sleep
|rule|Species Clause: Limit one of each Pokémon
|rule|OHKO Clause: OHKO moves are banned
|rule|Evasion Items Clause: Evasion items are banned
|rule|Evasion Moves Clause: Evasion moves are banned
|rule|Endless Battle Clause: Forcing endless battles is banned
|rule|HP Percentage Mod: HP is shown in percentages
|rule|Dynamax Clause: You cannot dynamax
|clearpoke
|poke|p1|Mew|
|poke|p1|Ninetales-Alola, F|
|poke|p1|Weavile, M|
|poke|p1|Garchomp, F|
|poke|p1|Volcarona, F|
|poke|p1|Cloyster, F|
|poke|p2|Rillaboom, M|
|poke|p2|Tornadus-Therian, M|
|poke|p2|Blaziken, M|
|poke|p2|Melmetal|
|poke|p2|Garchomp, F|
|poke|p2|Slowbro, M|
|teampreview
|inactive|Battle timer is ON: inactive players will automatically lose when time's up. (requested by IMSOMALD)
|inactive|IMSOMALD has 120 seconds left.
|
|t:|1668093598
|start
|switch|p1a: Mew|Mew|100/100
|switch|p2a: Rillaboom|Rillaboom, M|100/100
|-fieldstart|move: Grassy Terrain|[from] ability: Grassy Surge|[of] p2a: Rillaboom
|turn|1
|
|t:|1668093620
|move|p1a: Mew|Spikes|p2a: Rillaboom
|-sidestart|p2: IMSOMALD|Spikes
|move|p2a: Rillaboom|Swords Dance|p2a: Rillaboom
|-boost|p2a: Rillaboom|atk|2
|
|upkeep
|turn|2
|
|t:|1668093626
|move|p1a: Mew|Stealth Rock|p2a: Rillaboom
|-sidestart|p2: IMSOMALD|move: Stealth Rock
|move|p2a: Rillaboom|Knock Off|p1a: Mew
|-supereffective|p1a: Mew
|-crit|p1a: Mew
|-enditem|p1a: Mew|Colbur Berry|[eat]
|-enditem|p1a: Mew|Colbur Berry|[weaken]
|-damage|p1a: Mew|0 fnt
|faint|p1a: Mew
|
|upkeep
|
|t:|1668093634
|switch|p1a: Volcarona|Volcarona, F|100/100
|turn|3
|
|t:|1668093640
|switch|p2a: Tornadus|Tornadus-Therian, M|100/100
|move|p1a: Volcarona|Bug Buzz|p2a: Tornadus
|-resisted|p2a: Tornadus
|-damage|p2a: Tornadus|76/100
|
|upkeep
|turn|4
|
|t:|1668093647
|move|p2a: Tornadus|Defog|p1a: Volcarona
|-unboost|p1a: Volcarona|evasion|1
|-sideend|p2: IMSOMALD|Spikes|[from] move: Defog|[of] p2a: Tornadus
|-sideend|p2: IMSOMALD|Stealth Rock|[from] move: Defog|[of] p2a: Tornadus
|-fieldend|move: Grassy Terrain
|move|p1a: Volcarona|Quiver Dance|p1a: Volcarona
|-boost|p1a: Volcarona|spa|1
|-boost|p1a: Volcarona|spd|1
|-boost|p1a: Volcarona|spe|1
|
|upkeep
|turn|5
|j| jjnbb
|
|t:|1668093672
|switch|p2a: Garchomp|Garchomp, F|100/100
|move|p1a: Volcarona|Substitute|p1a: Volcarona
|-start|p1a: Volcarona|Substitute
|-damage|p1a: Volcarona|76/100
|
|-heal|p1a: Volcarona|82/100|[from] item: Leftovers
|upkeep
|turn|6
|
|t:|1668093676
|move|p1a: Volcarona|Bug Buzz|p2a: Garchomp
|-damage|p2a: Garchomp|55/100
|move|p2a: Garchomp|Earthquake|p1a: Volcarona
|-end|p1a: Volcarona|Substitute
|
|-heal|p1a: Volcarona|88/100|[from] item: Leftovers
|-heal|p2a: Garchomp|61/100|[from] item: Leftovers
|upkeep
|turn|7
|
|t:|1668093691
|move|p1a: Volcarona|Bug Buzz|p2a: Garchomp
|-damage|p2a: Garchomp|15/100
|move|p2a: Garchomp|Earthquake|p1a: Volcarona
|-damage|p1a: Volcarona|18/100
|
|-heal|p1a: Volcarona|24/100|[from] item: Leftovers
|-heal|p2a: Garchomp|21/100|[from] item: Leftovers
|upkeep
|turn|8
|
|t:|1668093702
|move|p1a: Volcarona|Bug Buzz|p2a: Garchomp
|-damage|p2a: Garchomp|0 fnt
|faint|p2a: Garchomp
|
|-heal|p1a: Volcarona|30/100|[from] item: Leftovers
|upkeep
|
|t:|1668093704
|switch|p2a: Blaziken|Blaziken, M|100/100
|turn|9
|
|t:|1668093726
|move|p1a: Volcarona|Bug Buzz|p2a: Blaziken
|-resisted|p2a: Blaziken
|-damage|p2a: Blaziken|65/100
|move|p2a: Blaziken|Flare Blitz|p1a: Volcarona
|-damage|p1a: Volcarona|0 fnt
|faint|p1a: Volcarona
|-damage|p2a: Blaziken|56/100|[from] Recoil
|
|-heal|p2a: Blaziken|63/100|[from] item: Leftovers
|-ability|p2a: Blaziken|Speed Boost|boost
|-boost|p2a: Blaziken|spe|1
|upkeep
|inactive|gyukumuku has 120 seconds left.
|
|t:|1668093767
|switch|p1a: Cloyster|Cloyster, F, shiny|100/100
|turn|10
|
|t:|1668093785
|move|p2a: Blaziken|Protect|p2a: Blaziken
|-singleturn|p2a: Blaziken|Protect
|move|p1a: Cloyster|Rock Blast|p2a: Blaziken
|-activate|p2a: Blaziken|move: Protect
|
|-heal|p2a: Blaziken|69/100|[from] item: Leftovers
|-ability|p2a: Blaziken|Speed Boost|boost
|-boost|p2a: Blaziken|spe|1
|upkeep
|turn|11
|
|t:|1668093793
|move|p2a: Blaziken|Protect||[still]
|-fail|p2a: Blaziken
|move|p1a: Cloyster|Rock Blast|p2a: Blaziken
|-damage|p2a: Blaziken|57/100
|-damage|p2a: Blaziken|45/100
|-damage|p2a: Blaziken|33/100
|-damage|p2a: Blaziken|21/100
|-damage|p2a: Blaziken|8/100
|-hitcount|p2a: Blaziken|5
|-damage|p1a: Cloyster|91/100|[from] item: Life Orb
|
|-heal|p2a: Blaziken|14/100|[from] item: Leftovers
|-ability|p2a: Blaziken|Speed Boost|boost
|-boost|p2a: Blaziken|spe|1
|upkeep
|turn|12
|
|t:|1668093807
|move|p2a: Blaziken|Close Combat|p1a: Cloyster
|-supereffective|p1a: Cloyster
|-damage|p1a: Cloyster|0 fnt
|-unboost|p2a: Blaziken|def|1
|-unboost|p2a: Blaziken|spd|1
|faint|p1a: Cloyster
|
|-heal|p2a: Blaziken|20/100|[from] item: Leftovers
|-ability|p2a: Blaziken|Speed Boost|boost
|-boost|p2a: Blaziken|spe|1
|upkeep
|
|t:|1668093820
|switch|p1a: Weavile|Weavile, M, shiny|100/100
|-ability|p1a: Weavile|Pressure
|turn|13
|
|t:|1668093825
|move|p1a: Weavile|Ice Shard|p2a: Blaziken
|-resisted|p2a: Blaziken
|-damage|p2a: Blaziken|0 fnt
|faint|p2a: Blaziken
|-damage|p1a: Weavile|91/100|[from] item: Life Orb
|
|upkeep
|
|t:|1668093833
|switch|p2a: Melmetal|Melmetal|100/100
|turn|14
|inactive|gyukumuku has 120 seconds left.
|
|t:|1668093847
|switch|p1a: Ninetales|Ninetales-Alola, F, shiny|100/100
|-weather|Hail|[from] ability: Snow Warning|[of] p1a: Ninetales
|move|p2a: Melmetal|Double Iron Bash|p1a: Ninetales
|-supereffective|p1a: Ninetales
|-damage|p1a: Ninetales|0 fnt
|faint|p1a: Ninetales
|-hitcount|p1: Ninetales|1
|
|-weather|Hail|[upkeep]
|-damage|p2a: Melmetal|94/100|[from] Hail
|-heal|p2a: Melmetal|100/100|[from] item: Leftovers
|upkeep
|inactive|gyukumuku has 120 seconds left.
|
|t:|1668093852
|switch|p1a: Garchomp|Garchomp, F|100/100
|turn|15
|inactive|gyukumuku has 120 seconds left.
|
|t:|1668093867
|switch|p2a: Slowbro|Slowbro, M|100/100
|move|p1a: Garchomp|Earthquake|p2a: Slowbro
|-damage|p2a: Slowbro|57/100
|-damage|p1a: Garchomp|91/100|[from] item: Life Orb
|
|-weather|Hail|[upkeep]
|-damage|p1a: Garchomp|85/100|[from] Hail
|-damage|p2a: Slowbro|51/100|[from] Hail
|upkeep
|turn|16
|inactive|gyukumuku has 120 seconds left.
|
|t:|1668093888
|move|p1a: Garchomp|Earthquake|p2a: Slowbro
|-damage|p2a: Slowbro|14/100
|-damage|p1a: Garchomp|75/100|[from] item: Life Orb
|move|p2a: Slowbro|Scald|p1a: Garchomp
|-damage|p1a: Garchomp|47/100
|
|-weather|Hail|[upkeep]
|-damage|p1a: Garchomp|41/100|[from] Hail
|-damage|p2a: Slowbro|8/100|[from] Hail
|upkeep
|turn|17
|
|t:|1668093899
|move|p1a: Garchomp|Scale Shot|p2a: Slowbro
|-damage|p2a: Slowbro|0 fnt
|faint|p2a: Slowbro
|-hitcount|p2: Slowbro|1
|-unboost|p1a: Garchomp|def|1
|-boost|p1a: Garchomp|spe|1
|-damage|p1a: Garchomp|31/100|[from] item: Life Orb
|
|-weather|Hail|[upkeep]
|-damage|p1a: Garchomp|25/100|[from] Hail
|upkeep
|
|t:|1668093902
|switch|p2a: Rillaboom|Rillaboom, M|100/100
|-fieldstart|move: Grassy Terrain|[from] ability: Grassy Surge|[of] p2a: Rillaboom
|turn|18
|inactive|gyukumuku has 120 seconds left.
|
|t:|1668093912
|move|p2a: Rillaboom|Grassy Glide|p1a: Garchomp
|-damage|p1a: Garchomp|0 fnt
|-damage|p2a: Rillaboom|88/100|[from] ability: Rough Skin|[of] p1a: Garchomp
|faint|p1a: Garchomp
|
|-weather|none
|-heal|p2a: Rillaboom|94/100|[from] Grassy Terrain
|-heal|p2a: Rillaboom|100/100|[from] item: Leftovers
|upkeep
|
|t:|1668093918
|switch|p1a: Weavile|Weavile, M, shiny|91/100
|-ability|p1a: Weavile|Pressure
|turn|19
|
|t:|1668093922
|move|p1a: Weavile|Triple Axel|p2a: Rillaboom|[miss]
|-miss|p1a: Weavile|p2a: Rillaboom
|move|p2a: Rillaboom|Drain Punch|p1a: Weavile
|-supereffective|p1a: Weavile
|-damage|p1a: Weavile|0 fnt
|faint|p1a: Weavile
|
|win|IMSOMALD
|raw|gyukumuku's rating: 1741 &rarr; <strong>1722</strong><br />(-19 for losing)
|raw|IMSOMALD's rating: 1763 &rarr; <strong>1782</strong><br />(+19 for winning)
|l|☆gyukumuku
