|html|<div class="broadcast-blue"><strong>[Gen 8] OU is currently suspecting Urshifu-S! For information on how to participate check out the <a href="https://www.smogon.com/forums/threads/np-ss-ou-suspect-process-round-8-aint-no-rest-for-the-wicked.3675310/">suspect thread</a>.</strong></div>
|j|☆Tirkys
|j|☆asiergt69
|t:|1610209880
|player|p1|Tirkys|hilda-dueldisk|1410
|player|p2|asiergt69|linebacker|1453
|teamsize|p1|6
|teamsize|p2|6
|gametype|singles
|gen|8
|tier|[Gen 8] OU
|rated|
|clearpoke
|poke|p1|Volcarona, F|
|poke|p1|Quagsire, F|
|poke|p1|Xatu, M|
|poke|p1|Skorupi, F|
|poke|p1|Bronzong|
|poke|p1|Ninetales-Alola, F|
|poke|p2|Dragonite, F|
|poke|p2|Heatran, F|
|poke|p2|Mandibuzz, F|
|poke|p2|Porygon-Z|
|poke|p2|Zeraora|
|poke|p2|Landorus-Therian, M|
|rule|Sleep Clause Mod: Limit one foe put to sleep
|rule|Species Clause: Limit one of each Pokémon
|rule|OHKO Clause: OHKO moves are banned
|rule|Evasion Moves Clause: Evasion moves are banned
|rule|Endless Battle Clause: Forcing endless battles is banned
|rule|HP Percentage Mod: HP is shown in percentages
|rule|Dynamax Clause: You cannot dynamax
|teampreview
|
|t:|1610209886
|start
|switch|p1a: WhiteAlbum|Ninetales-Alola, F|100/100
|switch|p2a: Heatran|Heatran, F|100/100
|-weather|Hail|[from] ability: Snow Warning|[of] p1a: WhiteAlbum
|turn|1
|inactive|Battle timer is ON: inactive players will automatically lose when time's up. (requested by Tirkys)
|
|t:|1610209892
|switch|p1a: ManInTheMirror|Xatu, M|100/100
|move|p2a: Heatran|Flash Cannon|p1a: ManInTheMirror
|-damage|p1a: ManInTheMirror|65/100
|-unboost|p1a: ManInTheMirror|spd|1
|
|-weather|Hail|[upkeep]
|-damage|p1a: ManInTheMirror|59/100|[from] Hail
|-damage|p2a: Heatran|94/100|[from] Hail
|-heal|p2a: Heatran|100/100|[from] item: Leftovers
|upkeep
|turn|2
|
|t:|1610209896
|move|p1a: ManInTheMirror|Cosmic Power|p1a: ManInTheMirror
|-boost|p1a: ManInTheMirror|def|1
|-boost|p1a: ManInTheMirror|spd|1
|move|p2a: Heatran|Stealth Rock|p1a: ManInTheMirror
|move|p1a: ManInTheMirror|Stealth Rock|p2a: Heatran|[from]ability: Magic Bounce
|-sidestart|p2: asiergt69|move: Stealth Rock
|
|-weather|Hail|[upkeep]
|-damage|p1a: ManInTheMirror|53/100|[from] Hail
|-damage|p2a: Heatran|94/100|[from] Hail
|-heal|p2a: Heatran|100/100|[from] item: Leftovers
|upkeep
|turn|3
|
|t:|1610209907
|move|p1a: ManInTheMirror|Roost|p1a: ManInTheMirror
|-heal|p1a: ManInTheMirror|100/100
|-singleturn|p1a: ManInTheMirror|move: Roost
|move|p2a: Heatran|Magma Storm|p1a: ManInTheMirror
|-damage|p1a: ManInTheMirror|57/100
|-activate|p1a: ManInTheMirror|move: Magma Storm|[of] p2a: Heatran
|
|-weather|Hail|[upkeep]
|-damage|p1a: ManInTheMirror|51/100|[from] Hail
|-damage|p2a: Heatran|94/100|[from] Hail
|-heal|p2a: Heatran|100/100|[from] item: Leftovers
|-damage|p1a: ManInTheMirror|39/100|[from] move: Magma Storm|[partiallytrapped]
|upkeep
|turn|4
|
|t:|1610209928
|move|p1a: ManInTheMirror|Roost|p1a: ManInTheMirror
|-heal|p1a: ManInTheMirror|89/100
|-singleturn|p1a: ManInTheMirror|move: Roost
|move|p2a: Heatran|Magma Storm|p1a: ManInTheMirror
|-damage|p1a: ManInTheMirror|44/100
|
|-weather|Hail|[upkeep]
|-damage|p1a: ManInTheMirror|38/100|[from] Hail
|-damage|p2a: Heatran|94/100|[from] Hail
|-heal|p2a: Heatran|100/100|[from] item: Leftovers
|-damage|p1a: ManInTheMirror|26/100|[from] move: Magma Storm|[partiallytrapped]
|upkeep
|turn|5
|
|t:|1610209941
|move|p1a: ManInTheMirror|Roost|p1a: ManInTheMirror
|-heal|p1a: ManInTheMirror|76/100
|-singleturn|p1a: ManInTheMirror|move: Roost
|move|p2a: Heatran|Flash Cannon|p1a: ManInTheMirror
|-damage|p1a: ManInTheMirror|45/100
|
|-weather|none
|-damage|p1a: ManInTheMirror|33/100|[from] move: Magma Storm|[partiallytrapped]
|upkeep
|turn|6
|
|t:|1610209960
|switch|p2a: Porygon-Z|Porygon-Z|100/100
|-damage|p2a: Porygon-Z|88/100|[from] Stealth Rock
|-ability|p2a: Porygon-Z|Download|boost
|-boost|p2a: Porygon-Z|spa|1
|move|p1a: ManInTheMirror|Roost|p1a: ManInTheMirror
|-heal|p1a: ManInTheMirror|83/100
|-singleturn|p1a: ManInTheMirror|move: Roost
|
|-end|p1a: ManInTheMirror|Magma Storm|[partiallytrapped]|[silent]
|upkeep
|turn|7
|inactive|Tirkys has 120 seconds left.
|
|t:|1610209992
|switch|p1a: Metallica|Bronzong|100/100
|move|p2a: Porygon-Z|Ice Beam|p1a: Metallica
|-resisted|p1a: Metallica
|-damage|p1a: Metallica|77/100
|
|upkeep
|turn|8
|
|t:|1610209998
|switch|p2a: Heatran|Heatran, F|100/100
|-damage|p2a: Heatran|88/100|[from] Stealth Rock
|move|p1a: Metallica|Light Screen|p1a: Metallica
|-sidestart|p1: Tirkys|move: Light Screen
|
|-heal|p2a: Heatran|94/100|[from] item: Leftovers
|upkeep
|turn|9
|
|t:|1610210001
|switch|p1a: ManInTheMirror|Xatu, M|83/100
|move|p2a: Heatran|Stealth Rock|p1a: ManInTheMirror
|move|p1a: ManInTheMirror|Stealth Rock||[from]ability: Magic Bounce|[still]
|-fail|p1a: ManInTheMirror
|
|-heal|p2a: Heatran|100/100|[from] item: Leftovers
|upkeep
|turn|10
|
|t:|1610210004
|move|p1a: ManInTheMirror|Cosmic Power|p1a: ManInTheMirror
|-boost|p1a: ManInTheMirror|def|1
|-boost|p1a: ManInTheMirror|spd|1
|move|p2a: Heatran|Magma Storm|p1a: ManInTheMirror
|-damage|p1a: ManInTheMirror|69/100
|-activate|p1a: ManInTheMirror|move: Magma Storm|[of] p2a: Heatran
|
|-damage|p1a: ManInTheMirror|56/100|[from] move: Magma Storm|[partiallytrapped]
|upkeep
|turn|11
|
|t:|1610210014
|switch|p2a: Zeraora|Zeraora|100/100
|-damage|p2a: Zeraora|88/100|[from] Stealth Rock
|move|p1a: ManInTheMirror|Roost|p1a: ManInTheMirror
|-heal|p1a: ManInTheMirror|100/100
|-singleturn|p1a: ManInTheMirror|move: Roost
|
|-end|p1a: ManInTheMirror|Magma Storm|[partiallytrapped]|[silent]
|upkeep
|turn|12
|
|t:|1610210023
|switch|p1a: StarPlatinum|Quagsire, F, shiny|100/100
|move|p2a: Zeraora|Plasma Fists|p1a: StarPlatinum
|-immune|p1a: StarPlatinum
|
|-sideend|p1: Tirkys|move: Light Screen
|upkeep
|turn|13
|
|t:|1610210034
|switch|p2a: Mandibuzz|Mandibuzz, F|100/100
|-damage|p2a: Mandibuzz|76/100|[from] Stealth Rock
|move|p1a: StarPlatinum|Scald|p2a: Mandibuzz
|-damage|p2a: Mandibuzz|61/100
|-status|p2a: Mandibuzz|brn
|
|-damage|p2a: Mandibuzz|55/100 brn|[from] brn
|upkeep
|turn|14
|
|t:|1610210045
|switch|p1a: TheTower|Skorupi, F|100/100
|move|p2a: Mandibuzz|Defog|p1a: TheTower
|-unboost|p1a: TheTower|evasion|1
|-sideend|p2: asiergt69|Stealth Rock|[from] move: Defog|[of] p2a: Mandibuzz
|
|-damage|p2a: Mandibuzz|49/100 brn|[from] brn
|upkeep
|turn|15
|
|t:|1610210051
|move|p2a: Mandibuzz|Roost|p2a: Mandibuzz
|-heal|p2a: Mandibuzz|99/100 brn
|-singleturn|p2a: Mandibuzz|move: Roost
|move|p1a: TheTower|Knock Off|p2a: Mandibuzz
|-resisted|p2a: Mandibuzz
|-damage|p2a: Mandibuzz|95/100 brn
|-damage|p1a: TheTower|84/100|[from] item: Rocky Helmet|[of] p2a: Mandibuzz
|-enditem|p2a: Mandibuzz|Rocky Helmet|[from] move: Knock Off|[of] p1a: TheTower
|
|-damage|p2a: Mandibuzz|89/100 brn|[from] brn
|upkeep
|turn|16
|
|t:|1610210063
|move|p2a: Mandibuzz|U-turn|p1a: TheTower
|-resisted|p1a: TheTower
|-damage|p1a: TheTower|82/100
|
|t:|1610210069
|switch|p2a: Landorus|Landorus-Therian, M|100/100|[from]move: U-turn
|-ability|p2a: Landorus|Intimidate|boost
|-unboost|p1a: TheTower|atk|1
|move|p1a: TheTower|Taunt|p2a: Landorus
|-start|p2a: Landorus|move: Taunt
|
|upkeep
|turn|17
|
|t:|1610210078
|move|p2a: Landorus|Knock Off|p1a: TheTower
|-damage|p1a: TheTower|59/100
|-enditem|p1a: TheTower|Eviolite|[from] move: Knock Off|[of] p2a: Landorus
|move|p1a: TheTower|Knock Off|p2a: Landorus
|-damage|p2a: Landorus|90/100
|-enditem|p2a: Landorus|Choice Scarf|[from] move: Knock Off|[of] p1a: TheTower
|
|upkeep
|turn|18
|
|t:|1610210090
|move|p2a: Landorus|Stone Edge|p1a: TheTower
|-supereffective|p1a: TheTower
|-damage|p1a: TheTower|0 fnt
|faint|p1a: TheTower
|
|-end|p2a: Landorus|move: Taunt
|upkeep
|
|t:|1610210097
|switch|p1a: StarPlatinum|Quagsire, F, shiny|100/100
|turn|19
|
|t:|1610210104
|move|p2a: Landorus|U-turn|p1a: StarPlatinum
|-damage|p1a: StarPlatinum|83/100
|
|t:|1610210111
|switch|p2a: Mandibuzz|Mandibuzz, F|89/100 brn|[from]move: U-turn
|move|p1a: StarPlatinum|Scald|p2a: Mandibuzz
|-damage|p2a: Mandibuzz|76/100 brn
|
|-heal|p1a: StarPlatinum|89/100|[from] item: Leftovers
|-damage|p2a: Mandibuzz|70/100 brn|[from] brn
|upkeep
|turn|20
|
|t:|1610210120
|switch|p1a: ManInTheMirror|Xatu, M|100/100
|move|p2a: Mandibuzz|U-turn|p1a: ManInTheMirror
|-damage|p1a: ManInTheMirror|94/100
|-damage|p2a: Mandibuzz|53/100 brn|[from] item: Rocky Helmet|[of] p1a: ManInTheMirror
|
|t:|1610210130
|switch|p2a: Zeraora|Zeraora|88/100|[from]move: U-turn
|
|upkeep
|turn|21
|
|t:|1610210135
|switch|p1a: StarPlatinum|Quagsire, F, shiny|89/100
|move|p2a: Zeraora|Knock Off|p1a: StarPlatinum
|-damage|p1a: StarPlatinum|57/100
|-enditem|p1a: StarPlatinum|Leftovers|[from] move: Knock Off|[of] p2a: Zeraora
|
|upkeep
|turn|22
|
|t:|1610210146
|switch|p2a: Dragonite|Dragonite, F|100/100
|move|p1a: StarPlatinum|Recover|p1a: StarPlatinum
|-heal|p1a: StarPlatinum|100/100
|
|upkeep
|turn|23
|
|t:|1610210151
|move|p2a: Dragonite|Air Slash|p1a: StarPlatinum
|-damage|p1a: StarPlatinum|69/100
|move|p1a: StarPlatinum|Scald|p2a: Dragonite
|-resisted|p2a: Dragonite
|-damage|p2a: Dragonite|96/100
|-status|p2a: Dragonite|brn
|
|-damage|p2a: Dragonite|90/100 brn|[from] brn
|upkeep
|turn|24
|
|t:|1610210157
|move|p2a: Dragonite|Air Slash|p1a: StarPlatinum
|-damage|p1a: StarPlatinum|38/100
|move|p1a: StarPlatinum|Recover|p1a: StarPlatinum
|-heal|p1a: StarPlatinum|88/100
|
|-damage|p2a: Dragonite|84/100 brn|[from] brn
|upkeep
|turn|25
|
|t:|1610210162
|move|p2a: Dragonite|Air Slash|p1a: StarPlatinum
|-damage|p1a: StarPlatinum|58/100
|move|p1a: StarPlatinum|Stockpile|p1a: StarPlatinum
|-start|p1a: StarPlatinum|stockpile1
|-boost|p1a: StarPlatinum|def|1
|-boost|p1a: StarPlatinum|spd|1
|
|-damage|p2a: Dragonite|78/100 brn|[from] brn
|upkeep
|turn|26
|
|t:|1610210171
|move|p2a: Dragonite|Air Slash|p1a: StarPlatinum
|-damage|p1a: StarPlatinum|35/100
|move|p1a: StarPlatinum|Recover|p1a: StarPlatinum
|-heal|p1a: StarPlatinum|85/100
|
|-damage|p2a: Dragonite|71/100 brn|[from] brn
|upkeep
|turn|27
|
|t:|1610210184
|move|p2a: Dragonite|Air Slash|p1a: StarPlatinum
|-damage|p1a: StarPlatinum|65/100
|move|p1a: StarPlatinum|Stockpile|p1a: StarPlatinum
|-start|p1a: StarPlatinum|stockpile2
|-boost|p1a: StarPlatinum|def|1
|-boost|p1a: StarPlatinum|spd|1
|
|-damage|p2a: Dragonite|65/100 brn|[from] brn
|upkeep
|turn|28
|
|t:|1610210207
|move|p2a: Dragonite|Ice Beam|p1a: StarPlatinum
|-damage|p1a: StarPlatinum|52/100
|move|p1a: StarPlatinum|Recover|p1a: StarPlatinum
|-heal|p1a: StarPlatinum|100/100
|
|-damage|p2a: Dragonite|59/100 brn|[from] brn
|upkeep
|turn|29
|
|t:|1610210212
|move|p2a: Dragonite|Earthquake|p1a: StarPlatinum
|-damage|p1a: StarPlatinum|96/100
|move|p1a: StarPlatinum|Stockpile|p1a: StarPlatinum
|-start|p1a: StarPlatinum|stockpile3
|-boost|p1a: StarPlatinum|def|1
|-boost|p1a: StarPlatinum|spd|1
|
|-damage|p2a: Dragonite|53/100 brn|[from] brn
|upkeep
|turn|30
|
|t:|1610210218
|move|p2a: Dragonite|Roost|p2a: Dragonite
|-heal|p2a: Dragonite|100/100 brn
|-singleturn|p2a: Dragonite|move: Roost
|move|p1a: StarPlatinum|Scald|p2a: Dragonite
|-resisted|p2a: Dragonite
|-damage|p2a: Dragonite|97/100 brn
|
|-damage|p2a: Dragonite|90/100 brn|[from] brn
|upkeep
|turn|31
|
|t:|1610210231
|move|p2a: Dragonite|Air Slash|p1a: StarPlatinum
|-damage|p1a: StarPlatinum|83/100
|cant|p1a: StarPlatinum|flinch
|
|-damage|p2a: Dragonite|84/100 brn|[from] brn
|upkeep
|turn|32
|
|t:|1610210242
|switch|p1a: WhiteAlbum|Ninetales-Alola, F|100/100
|-weather|Hail|[from] ability: Snow Warning|[of] p1a: WhiteAlbum
|move|p2a: Dragonite|Air Slash|p1a: WhiteAlbum
|-damage|p1a: WhiteAlbum|72/100
|
|-weather|Hail|[upkeep]
|-damage|p2a: Dragonite|78/100 brn|[from] Hail
|-damage|p2a: Dragonite|72/100 brn|[from] brn
|upkeep
|turn|33
|
|t:|1610210248
|switch|p2a: Heatran|Heatran, F|100/100
|move|p1a: WhiteAlbum|Blizzard|p2a: Heatran
|-resisted|p2a: Heatran
|-damage|p2a: Heatran|94/100
|
|-weather|Hail|[upkeep]
|-damage|p2a: Heatran|87/100|[from] Hail
|-heal|p2a: Heatran|94/100|[from] item: Leftovers
|upkeep
|turn|34
|
|t:|1610210258
|switch|p1a: ManInTheMirror|Xatu, M|94/100
|move|p2a: Heatran|Stealth Rock|p1a: ManInTheMirror
|move|p1a: ManInTheMirror|Stealth Rock|p2a: Heatran|[from]ability: Magic Bounce
|-sidestart|p2: asiergt69|move: Stealth Rock
|
|-weather|Hail|[upkeep]
|-damage|p1a: ManInTheMirror|88/100|[from] Hail
|-damage|p2a: Heatran|87/100|[from] Hail
|-heal|p2a: Heatran|94/100|[from] item: Leftovers
|upkeep
|turn|35
|
|t:|1610210262
|switch|p2a: Porygon-Z|Porygon-Z|88/100
|-damage|p2a: Porygon-Z|76/100|[from] Stealth Rock
|-ability|p2a: Porygon-Z|Download|boost
|-boost|p2a: Porygon-Z|atk|1
|move|p1a: ManInTheMirror|Cosmic Power|p1a: ManInTheMirror
|-boost|p1a: ManInTheMirror|def|1
|-boost|p1a: ManInTheMirror|spd|1
|
|-weather|Hail|[upkeep]
|-damage|p2a: Porygon-Z|70/100|[from] Hail
|-damage|p1a: ManInTheMirror|82/100|[from] Hail
|upkeep
|turn|36
|
|t:|1610210271
|switch|p1a: Metallica|Bronzong|77/100
|move|p2a: Porygon-Z|Ice Beam|p1a: Metallica
|-resisted|p1a: Metallica
|-damage|p1a: Metallica|62/100
|
|-weather|none
|upkeep
|turn|37
|
|t:|1610210274
|switch|p2a: Mandibuzz|Mandibuzz, F|53/100 brn
|-damage|p2a: Mandibuzz|28/100 brn|[from] Stealth Rock
|move|p1a: Metallica|Light Screen|p1a: Metallica
|-sidestart|p1: Tirkys|move: Light Screen
|
|-damage|p2a: Mandibuzz|22/100 brn|[from] brn
|upkeep
|turn|38
|
|t:|1610210279
|move|p2a: Mandibuzz|Roost|p2a: Mandibuzz
|-heal|p2a: Mandibuzz|72/100 brn
|-singleturn|p2a: Mandibuzz|move: Roost
|move|p1a: Metallica|Rest|p1a: Metallica
|-status|p1a: Metallica|slp|[from] move: Rest
|-heal|p1a: Metallica|100/100 slp|[silent]
|
|-damage|p2a: Mandibuzz|66/100 brn|[from] brn
|upkeep
|turn|39
|
|t:|1610210287
|switch|p1a: ManInTheMirror|Xatu, M|82/100
|move|p2a: Mandibuzz|Defog|p1a: ManInTheMirror
|move|p1a: ManInTheMirror|Defog|p2a: Mandibuzz|[from]ability: Magic Bounce
|-unboost|p2a: Mandibuzz|evasion|1
|-sideend|p2: asiergt69|Stealth Rock|[from] move: Defog|[of] p1a: ManInTheMirror
|
|-damage|p2a: Mandibuzz|60/100 brn|[from] brn
|upkeep
|turn|40
|
|t:|1610210292
|move|p1a: ManInTheMirror|Cosmic Power|p1a: ManInTheMirror
|-boost|p1a: ManInTheMirror|def|1
|-boost|p1a: ManInTheMirror|spd|1
|move|p2a: Mandibuzz|Foul Play|p1a: ManInTheMirror
|-supereffective|p1a: ManInTheMirror
|-damage|p1a: ManInTheMirror|64/100
|-damage|p2a: Mandibuzz|43/100 brn|[from] item: Rocky Helmet|[of] p1a: ManInTheMirror
|
|-damage|p2a: Mandibuzz|37/100 brn|[from] brn
|upkeep
|turn|41
|
|t:|1610210296
|move|p1a: ManInTheMirror|Cosmic Power|p1a: ManInTheMirror
|-boost|p1a: ManInTheMirror|def|1
|-boost|p1a: ManInTheMirror|spd|1
|move|p2a: Mandibuzz|Roost|p2a: Mandibuzz
|-heal|p2a: Mandibuzz|87/100 brn
|-singleturn|p2a: Mandibuzz|move: Roost
|
|-damage|p2a: Mandibuzz|81/100 brn|[from] brn
|-sideend|p1: Tirkys|move: Light Screen
|upkeep
|turn|42
|
|t:|1610210303
|switch|p2a: Porygon-Z|Porygon-Z|70/100
|-ability|p2a: Porygon-Z|Download|boost
|-boost|p2a: Porygon-Z|atk|1
|move|p1a: ManInTheMirror|Stored Power|p2a: Porygon-Z
|-damage|p2a: Porygon-Z|22/100
|
|upkeep
|turn|43
|
|t:|1610210314
|move|p2a: Porygon-Z|Ice Beam|p1a: ManInTheMirror
|-supereffective|p1a: ManInTheMirror
|-damage|p1a: ManInTheMirror|15/100
|move|p1a: ManInTheMirror|Roost|p1a: ManInTheMirror
|-heal|p1a: ManInTheMirror|65/100
|-singleturn|p1a: ManInTheMirror|move: Roost
|
|upkeep
|turn|44
|
|t:|1610210320
|switch|p1a: Magician'sRed|Volcarona, F|100/100
|move|p2a: Porygon-Z|Ice Beam|p1a: Magician'sRed
|-resisted|p1a: Magician'sRed
|-damage|p1a: Magician'sRed|83/100
|
|-heal|p1a: Magician'sRed|89/100|[from] item: Leftovers
|upkeep
|turn|45
|
|t:|1610210324
|switch|p2a: Heatran|Heatran, F|94/100
|move|p1a: Magician'sRed|Bug Buzz|p2a: Heatran
|-resisted|p2a: Heatran
|-damage|p2a: Heatran|88/100
|
|-heal|p1a: Magician'sRed|95/100|[from] item: Leftovers
|-heal|p2a: Heatran|94/100|[from] item: Leftovers
|upkeep
|turn|46
|
|t:|1610210328
|switch|p1a: ManInTheMirror|Xatu, M|65/100
|move|p2a: Heatran|Magma Storm|p1a: ManInTheMirror
|-damage|p1a: ManInTheMirror|24/100
|-activate|p1a: ManInTheMirror|move: Magma Storm|[of] p2a: Heatran
|
|-heal|p2a: Heatran|99/100|[from] item: Leftovers
|-damage|p1a: ManInTheMirror|12/100|[from] move: Magma Storm|[partiallytrapped]
|upkeep
|turn|47
|
|t:|1610210338
|move|p1a: ManInTheMirror|Roost|p1a: ManInTheMirror
|-heal|p1a: ManInTheMirror|62/100
|-singleturn|p1a: ManInTheMirror|move: Roost
|move|p2a: Heatran|Magma Storm|p1a: ManInTheMirror
|-damage|p1a: ManInTheMirror|22/100
|
|-heal|p2a: Heatran|100/100|[from] item: Leftovers
|-damage|p1a: ManInTheMirror|10/100|[from] move: Magma Storm|[partiallytrapped]
|upkeep
|turn|48
|
|t:|1610210350
|move|p1a: ManInTheMirror|Roost|p1a: ManInTheMirror
|-heal|p1a: ManInTheMirror|60/100
|-singleturn|p1a: ManInTheMirror|move: Roost
|move|p2a: Heatran|Flash Cannon|p1a: ManInTheMirror
|-damage|p1a: ManInTheMirror|24/100
|-unboost|p1a: ManInTheMirror|spd|1
|
|-damage|p1a: ManInTheMirror|12/100|[from] move: Magma Storm|[partiallytrapped]
|upkeep
|turn|49
|
|t:|1610210367
|move|p1a: ManInTheMirror|Roost|p1a: ManInTheMirror
|-heal|p1a: ManInTheMirror|62/100
|-singleturn|p1a: ManInTheMirror|move: Roost
|move|p2a: Heatran|Flash Cannon|p1a: ManInTheMirror
|-damage|p1a: ManInTheMirror|15/100
|
|-damage|p1a: ManInTheMirror|3/100|[from] move: Magma Storm|[partiallytrapped]
|upkeep
|turn|50
|
|t:|1610210375
|move|p1a: ManInTheMirror|Roost|p1a: ManInTheMirror
|-heal|p1a: ManInTheMirror|53/100
|-singleturn|p1a: ManInTheMirror|move: Roost
|move|p2a: Heatran|Flash Cannon|p1a: ManInTheMirror
|-damage|p1a: ManInTheMirror|6/100
|
|-damage|p1a: ManInTheMirror|0 fnt|[from] move: Magma Storm|[partiallytrapped]
|faint|p1a: ManInTheMirror
|upkeep
|
|t:|1610210378
|switch|p1a: StarPlatinum|Quagsire, F, shiny|83/100
|turn|51
|
|t:|1610210393
|move|p2a: Heatran|Stealth Rock|p1a: StarPlatinum
|-sidestart|p1: Tirkys|move: Stealth Rock
|move|p1a: StarPlatinum|Stockpile|p1a: StarPlatinum
|-start|p1a: StarPlatinum|stockpile1
|-boost|p1a: StarPlatinum|def|1
|-boost|p1a: StarPlatinum|spd|1
|
|upkeep
|turn|52
|
|t:|1610210405
|switch|p2a: Mandibuzz|Mandibuzz, F|81/100 brn
|move|p1a: StarPlatinum|Stockpile|p1a: StarPlatinum
|-start|p1a: StarPlatinum|stockpile2
|-boost|p1a: StarPlatinum|def|1
|-boost|p1a: StarPlatinum|spd|1
|
|-damage|p2a: Mandibuzz|75/100 brn|[from] brn
|upkeep
|turn|53
|
|t:|1610210412
|move|p2a: Mandibuzz|Foul Play|p1a: StarPlatinum
|-damage|p1a: StarPlatinum|79/100
|move|p1a: StarPlatinum|Stockpile|p1a: StarPlatinum
|-start|p1a: StarPlatinum|stockpile3
|-boost|p1a: StarPlatinum|def|1
|-boost|p1a: StarPlatinum|spd|1
|
|-damage|p2a: Mandibuzz|69/100 brn|[from] brn
|upkeep
|turn|54
|
|t:|1610210416
|move|p2a: Mandibuzz|Roost|p2a: Mandibuzz
|-heal|p2a: Mandibuzz|100/100 brn
|-singleturn|p2a: Mandibuzz|move: Roost
|move|p1a: StarPlatinum|Stockpile||[still]
|-fail|p1a: StarPlatinum
|
|-damage|p2a: Mandibuzz|94/100 brn|[from] brn
|upkeep
|turn|55
|
|t:|1610210420
|move|p2a: Mandibuzz|U-turn|p1a: StarPlatinum
|-damage|p1a: StarPlatinum|78/100
|
|t:|1610210423
|switch|p2a: Dragonite|Dragonite, F|72/100 brn|[from]move: U-turn
|move|p1a: StarPlatinum|Stockpile||[still]
|-fail|p1a: StarPlatinum
|
|-damage|p2a: Dragonite|66/100 brn|[from] brn
|upkeep
|turn|56
|
|t:|1610210434
|switch|p2a: Porygon-Z|Porygon-Z|22/100
|-ability|p2a: Porygon-Z|Download|boost
|-boost|p2a: Porygon-Z|spa|1
|move|p1a: StarPlatinum|Stockpile||[still]
|-fail|p1a: StarPlatinum
|
|upkeep
|turn|57
|
|t:|1610210444
|move|p2a: Porygon-Z|Tri Attack|p1a: StarPlatinum
|-damage|p1a: StarPlatinum|48/100
|move|p1a: StarPlatinum|Scald|p2a: Porygon-Z
|-damage|p2a: Porygon-Z|0 fnt
|faint|p2a: Porygon-Z
|
|upkeep
|
|t:|1610210465
|switch|p2a: Landorus|Landorus-Therian, M|90/100
|-ability|p2a: Landorus|Intimidate|boost
|-unboost|p1a: StarPlatinum|atk|1
|turn|58
|
|t:|1610210470
|move|p2a: Landorus|Earthquake|p1a: StarPlatinum
|-damage|p1a: StarPlatinum|32/100
|move|p1a: StarPlatinum|Recover|p1a: StarPlatinum
|-heal|p1a: StarPlatinum|82/100
|
|upkeep
|turn|59
|
|t:|1610210476
|move|p2a: Landorus|U-turn|p1a: StarPlatinum
|-damage|p1a: StarPlatinum|74/100
|
|t:|1610210479
|switch|p2a: Dragonite|Dragonite, F|66/100 brn|[from]move: U-turn
|move|p1a: StarPlatinum|Scald|p2a: Dragonite
|-resisted|p2a: Dragonite
|-damage|p2a: Dragonite|58/100 brn
|
|-damage|p2a: Dragonite|52/100 brn|[from] brn
|upkeep
|turn|60
|
|t:|1610210487
|move|p2a: Dragonite|Roost|p2a: Dragonite
|-heal|p2a: Dragonite|100/100 brn
|-singleturn|p2a: Dragonite|move: Roost
|move|p1a: StarPlatinum|Stockpile||[still]
|-fail|p1a: StarPlatinum
|
|-damage|p2a: Dragonite|94/100 brn|[from] brn
|upkeep
|turn|61
|
|t:|1610210494
|move|p2a: Dragonite|Air Slash|p1a: StarPlatinum
|-damage|p1a: StarPlatinum|63/100
|move|p1a: StarPlatinum|Stockpile||[still]
|-fail|p1a: StarPlatinum
|
|-damage|p2a: Dragonite|88/100 brn|[from] brn
|upkeep
|turn|62
|
|t:|1610210500
|move|p2a: Dragonite|Air Slash|p1a: StarPlatinum|[miss]
|-miss|p2a: Dragonite|p1a: StarPlatinum
|move|p1a: StarPlatinum|Stockpile||[still]
|-fail|p1a: StarPlatinum
|
|-damage|p2a: Dragonite|82/100 brn|[from] brn
|upkeep
|turn|63
|
|t:|1610210512
|move|p2a: Dragonite|Air Slash|p1a: StarPlatinum
|-damage|p1a: StarPlatinum|49/100
|cant|p1a: StarPlatinum|flinch
|
|-damage|p2a: Dragonite|76/100 brn|[from] brn
|upkeep
|turn|64
|
|t:|1610210522
|move|p2a: Dragonite|Air Slash|p1a: StarPlatinum
|-damage|p1a: StarPlatinum|36/100
|cant|p1a: StarPlatinum|flinch
|
|-damage|p2a: Dragonite|69/100 brn|[from] brn
|upkeep
|turn|65
|
|t:|1610210528
|move|p2a: Dragonite|Air Slash|p1a: StarPlatinum
|-damage|p1a: StarPlatinum|22/100
|move|p1a: StarPlatinum|Recover|p1a: StarPlatinum
|-heal|p1a: StarPlatinum|72/100
|
|-damage|p2a: Dragonite|63/100 brn|[from] brn
|upkeep
|turn|66
|
|t:|1610210535
|move|p2a: Dragonite|Air Slash|p1a: StarPlatinum
|-damage|p1a: StarPlatinum|60/100
|move|p1a: StarPlatinum|Stockpile||[still]
|-fail|p1a: StarPlatinum
|
|-damage|p2a: Dragonite|57/100 brn|[from] brn
|upkeep
|turn|67
|
|t:|1610210541
|move|p2a: Dragonite|Air Slash|p1a: StarPlatinum
|-damage|p1a: StarPlatinum|48/100
|move|p1a: StarPlatinum|Stockpile||[still]
|-fail|p1a: StarPlatinum
|
|-damage|p2a: Dragonite|51/100 brn|[from] brn
|upkeep
|turn|68
|
|t:|1610210547
|move|p2a: Dragonite|Air Slash|p1a: StarPlatinum
|-damage|p1a: StarPlatinum|35/100
|move|p1a: StarPlatinum|Recover|p1a: StarPlatinum
|-heal|p1a: StarPlatinum|85/100
|
|-damage|p2a: Dragonite|45/100 brn|[from] brn
|upkeep
|turn|69
|
|t:|1610210551
|move|p2a: Dragonite|Roost|p2a: Dragonite
|-heal|p2a: Dragonite|95/100 brn
|-singleturn|p2a: Dragonite|move: Roost
|move|p1a: StarPlatinum|Stockpile||[still]
|-fail|p1a: StarPlatinum
|
|-damage|p2a: Dragonite|88/100 brn|[from] brn
|upkeep
|turn|70
|
|t:|1610210559
|move|p2a: Dragonite|Air Slash|p1a: StarPlatinum
|-damage|p1a: StarPlatinum|72/100
|move|p1a: StarPlatinum|Stockpile||[still]
|-fail|p1a: StarPlatinum
|
|-damage|p2a: Dragonite|82/100 brn|[from] brn
|upkeep
|turn|71
|
|t:|1610210566
|move|p2a: Dragonite|Air Slash|p1a: StarPlatinum
|-damage|p1a: StarPlatinum|59/100
|move|p1a: StarPlatinum|Stockpile||[still]
|-fail|p1a: StarPlatinum
|
|-damage|p2a: Dragonite|76/100 brn|[from] brn
|upkeep
|turn|72
|
|t:|1610210572
|move|p2a: Dragonite|Air Slash|p1a: StarPlatinum
|-crit|p1a: StarPlatinum
|-damage|p1a: StarPlatinum|10/100
|move|p1a: StarPlatinum|Stockpile||[still]
|-fail|p1a: StarPlatinum
|
|-damage|p2a: Dragonite|70/100 brn|[from] brn
|upkeep
|turn|73
|
|t:|1610210580
|move|p2a: Dragonite|Air Slash|p1a: StarPlatinum
|-damage|p1a: StarPlatinum|0 fnt
|faint|p1a: StarPlatinum
|
|-damage|p2a: Dragonite|63/100 brn|[from] brn
|upkeep
|
|t:|1610210585
|switch|p1a: Magician'sRed|Volcarona, F|95/100
|-damage|p1a: Magician'sRed|45/100|[from] Stealth Rock
|turn|74
|
|t:|1610210589
|move|p1a: Magician'sRed|Quiver Dance|p1a: Magician'sRed
|-boost|p1a: Magician'sRed|spa|1
|-boost|p1a: Magician'sRed|spd|1
|-boost|p1a: Magician'sRed|spe|1
|move|p2a: Dragonite|Air Slash|p1a: Magician'sRed
|-supereffective|p1a: Magician'sRed
|-damage|p1a: Magician'sRed|19/100
|
|-heal|p1a: Magician'sRed|25/100|[from] item: Leftovers
|-damage|p2a: Dragonite|57/100 brn|[from] brn
|upkeep
|turn|75
|
|t:|1610210602
|switch|p2a: Heatran|Heatran, F|100/100
|move|p1a: Magician'sRed|Roost|p1a: Magician'sRed
|-heal|p1a: Magician'sRed|75/100
|-singleturn|p1a: Magician'sRed|move: Roost
|
|-heal|p1a: Magician'sRed|81/100|[from] item: Leftovers
|upkeep
|turn|76
|
|t:|1610210611
|move|p1a: Magician'sRed|Quiver Dance|p1a: Magician'sRed
|-boost|p1a: Magician'sRed|spa|1
|-boost|p1a: Magician'sRed|spd|1
|-boost|p1a: Magician'sRed|spe|1
|move|p2a: Heatran|Scorching Sands|p1a: Magician'sRed
|-damage|p1a: Magician'sRed|73/100
|
|-heal|p1a: Magician'sRed|80/100|[from] item: Leftovers
|upkeep
|turn|77
|
|t:|1610210620
|move|p1a: Magician'sRed|Quiver Dance|p1a: Magician'sRed
|-boost|p1a: Magician'sRed|spa|1
|-boost|p1a: Magician'sRed|spd|1
|-boost|p1a: Magician'sRed|spe|1
|move|p2a: Heatran|Scorching Sands|p1a: Magician'sRed
|-damage|p1a: Magician'sRed|73/100
|
|-heal|p1a: Magician'sRed|79/100|[from] item: Leftovers
|upkeep
|turn|78
|
|t:|1610210630
|move|p1a: Magician'sRed|Quiver Dance|p1a: Magician'sRed
|-boost|p1a: Magician'sRed|spa|1
|-boost|p1a: Magician'sRed|spd|1
|-boost|p1a: Magician'sRed|spe|1
|move|p2a: Heatran|Magma Storm|p1a: Magician'sRed
|-damage|p1a: Magician'sRed|66/100
|-activate|p1a: Magician'sRed|move: Magma Storm|[of] p2a: Heatran
|
|-heal|p1a: Magician'sRed|73/100|[from] item: Leftovers
|-damage|p1a: Magician'sRed|60/100|[from] move: Magma Storm|[partiallytrapped]
|upkeep
|turn|79
|
|t:|1610210639
|move|p1a: Magician'sRed|Quiver Dance|p1a: Magician'sRed
|-boost|p1a: Magician'sRed|spa|1
|-boost|p1a: Magician'sRed|spd|1
|-boost|p1a: Magician'sRed|spe|1
|move|p2a: Heatran|Flash Cannon|p1a: Magician'sRed
|-resisted|p1a: Magician'sRed
|-damage|p1a: Magician'sRed|56/100
|
|-heal|p1a: Magician'sRed|63/100|[from] item: Leftovers
|-damage|p1a: Magician'sRed|50/100|[from] move: Magma Storm|[partiallytrapped]
|upkeep
|turn|80
|
|t:|1610210648
|move|p1a: Magician'sRed|Quiver Dance|p1a: Magician'sRed
|-boost|p1a: Magician'sRed|spa|1
|-boost|p1a: Magician'sRed|spd|1
|-boost|p1a: Magician'sRed|spe|1
|move|p2a: Heatran|Flash Cannon|p1a: Magician'sRed
|-resisted|p1a: Magician'sRed
|-damage|p1a: Magician'sRed|46/100
|
|-heal|p1a: Magician'sRed|53/100|[from] item: Leftovers
|-damage|p1a: Magician'sRed|40/100|[from] move: Magma Storm|[partiallytrapped]
|upkeep
|turn|81
|
|t:|1610210657
|move|p1a: Magician'sRed|Roost|p1a: Magician'sRed
|-heal|p1a: Magician'sRed|90/100
|-singleturn|p1a: Magician'sRed|move: Roost
|move|p2a: Heatran|Flash Cannon|p1a: Magician'sRed
|-resisted|p1a: Magician'sRed
|-damage|p1a: Magician'sRed|87/100
|-unboost|p1a: Magician'sRed|spd|1
|
|-heal|p1a: Magician'sRed|93/100|[from] item: Leftovers
|-damage|p1a: Magician'sRed|80/100|[from] move: Magma Storm|[partiallytrapped]
|upkeep
|turn|82
|
|t:|1610210666
|move|p1a: Magician'sRed|Quiver Dance|p1a: Magician'sRed
|-boost|p1a: Magician'sRed|spa|0
|-boost|p1a: Magician'sRed|spd|1
|-boost|p1a: Magician'sRed|spe|0
|move|p2a: Heatran|Flash Cannon|p1a: Magician'sRed
|-resisted|p1a: Magician'sRed
|-damage|p1a: Magician'sRed|77/100
|
|-heal|p1a: Magician'sRed|83/100|[from] item: Leftovers
|-damage|p1a: Magician'sRed|70/100|[from] move: Magma Storm|[partiallytrapped]
|upkeep
|turn|83
|
|t:|1610210675
|move|p1a: Magician'sRed|Quiver Dance|p1a: Magician'sRed
|-boost|p1a: Magician'sRed|spa|0
|-boost|p1a: Magician'sRed|spd|0
|-boost|p1a: Magician'sRed|spe|0
|move|p2a: Heatran|Flash Cannon|p1a: Magician'sRed
|-resisted|p1a: Magician'sRed
|-damage|p1a: Magician'sRed|67/100
|
|-heal|p1a: Magician'sRed|73/100|[from] item: Leftovers
|-end|p1a: Magician'sRed|Magma Storm|[partiallytrapped]
|upkeep
|turn|84
|
|t:|1610210683
|move|p1a: Magician'sRed|Quiver Dance|p1a: Magician'sRed
|-boost|p1a: Magician'sRed|spa|0
|-boost|p1a: Magician'sRed|spd|0
|-boost|p1a: Magician'sRed|spe|0
|move|p2a: Heatran|Magma Storm|p1a: Magician'sRed
|-damage|p1a: Magician'sRed|64/100
|-activate|p1a: Magician'sRed|move: Magma Storm|[of] p2a: Heatran
|
|-heal|p1a: Magician'sRed|70/100|[from] item: Leftovers
|-damage|p1a: Magician'sRed|57/100|[from] move: Magma Storm|[partiallytrapped]
|upkeep
|turn|85
|
|t:|1610210700
|move|p1a: Magician'sRed|Quiver Dance|p1a: Magician'sRed
|-boost|p1a: Magician'sRed|spa|0
|-boost|p1a: Magician'sRed|spd|0
|-boost|p1a: Magician'sRed|spe|0
|move|p2a: Heatran|Scorching Sands|p1a: Magician'sRed
|-damage|p1a: Magician'sRed|53/100
|
|-heal|p1a: Magician'sRed|60/100|[from] item: Leftovers
|-damage|p1a: Magician'sRed|47/100|[from] move: Magma Storm|[partiallytrapped]
|upkeep
|turn|86
|c|☆asiergt69|why you fun whit this game
|c|☆asiergt69|you didnt atck mi
|inactive|asiergt69 has 120 seconds left.
|
|t:|1610210726
|move|p1a: Magician'sRed|Roost|p1a: Magician'sRed
|-heal|p1a: Magician'sRed|97/100
|-singleturn|p1a: Magician'sRed|move: Roost
|move|p2a: Heatran|Stealth Rock||[still]
|-fail|p2a: Heatran
|
|-heal|p1a: Magician'sRed|100/100|[from] item: Leftovers
|-damage|p1a: Magician'sRed|88/100|[from] move: Magma Storm|[partiallytrapped]
|upkeep
|turn|87
|
|t:|1610210734
|move|p1a: Magician'sRed|Quiver Dance|p1a: Magician'sRed
|-boost|p1a: Magician'sRed|spa|0
|-boost|p1a: Magician'sRed|spd|0
|-boost|p1a: Magician'sRed|spe|0
|move|p2a: Heatran|Stealth Rock||[still]
|-fail|p2a: Heatran
|
|-heal|p1a: Magician'sRed|94/100|[from] item: Leftovers
|-damage|p1a: Magician'sRed|82/100|[from] move: Magma Storm|[partiallytrapped]
|upkeep
|turn|88
|
|t:|1610210746
|move|p1a: Magician'sRed|Bug Buzz|p2a: Heatran
|-resisted|p2a: Heatran
|-damage|p2a: Heatran|77/100
|move|p2a: Heatran|Stealth Rock||[still]
|-fail|p2a: Heatran
|
|-heal|p1a: Magician'sRed|88/100|[from] item: Leftovers
|-heal|p2a: Heatran|83/100|[from] item: Leftovers
|-damage|p1a: Magician'sRed|76/100|[from] move: Magma Storm|[partiallytrapped]
|upkeep
|turn|89
|
|t:|1610210755
|move|p1a: Magician'sRed|Bug Buzz|p2a: Heatran
|-resisted|p2a: Heatran
|-damage|p2a: Heatran|59/100
|-unboost|p2a: Heatran|spd|1
|move|p2a: Heatran|Scorching Sands|p1a: Magician'sRed
|-damage|p1a: Magician'sRed|72/100
|
|-heal|p1a: Magician'sRed|78/100|[from] item: Leftovers
|-heal|p2a: Heatran|65/100|[from] item: Leftovers
|-end|p1a: Magician'sRed|Magma Storm|[partiallytrapped]
|upkeep
|turn|90
|
|t:|1610210765
|move|p1a: Magician'sRed|Bug Buzz|p2a: Heatran
|-resisted|p2a: Heatran
|-damage|p2a: Heatran|32/100
|move|p2a: Heatran|Magma Storm|p1a: Magician'sRed
|-damage|p1a: Magician'sRed|69/100
|-activate|p1a: Magician'sRed|move: Magma Storm|[of] p2a: Heatran
|
|-heal|p1a: Magician'sRed|75/100|[from] item: Leftovers
|-heal|p2a: Heatran|38/100|[from] item: Leftovers
|-damage|p1a: Magician'sRed|63/100|[from] move: Magma Storm|[partiallytrapped]
|upkeep
|turn|91
|
|t:|1610210783
|switch|p2a: Dragonite|Dragonite, F|57/100 brn
|move|p1a: Magician'sRed|Bug Buzz|p2a: Dragonite
|-resisted|p2a: Dragonite
|-damage|p2a: Dragonite|0 fnt
|faint|p2a: Dragonite
|
|-heal|p1a: Magician'sRed|69/100|[from] item: Leftovers
|-end|p1a: Magician'sRed|Magma Storm|[partiallytrapped]|[silent]
|upkeep
|
|t:|1610210789
|switch|p2a: Landorus|Landorus-Therian, M|90/100
|-ability|p2a: Landorus|Intimidate|boost
|-unboost|p1a: Magician'sRed|atk|1
|turn|92
|
|t:|1610210793
|move|p1a: Magician'sRed|Fiery Dance|p2a: Landorus
|-damage|p2a: Landorus|0 fnt
|faint|p2a: Landorus
|
|-heal|p1a: Magician'sRed|75/100|[from] item: Leftovers
|upkeep
|
|t:|1610210796
|switch|p2a: Mandibuzz|Mandibuzz, F|94/100 brn
|turn|93
|-message|asiergt69 forfeited.
|
|win|Tirkys
|l|☆asiergt69
