|j|☆lxbqwer
|j|☆HQSTest
|t:|1667915518
|gametype|singles
|player|p1|lxbqwer|266|1626
|player|p2|HQSTest|veteranf|1616
|teamsize|p1|6
|teamsize|p2|6
|gen|8
|tier|[Gen 8] OU
|rated|
|rule|Sleep Clause Mod: Limit one foe put to sleep
|rule|Species Clause: Limit one of each Pokémon
|rule|OHKO Clause: OHKO moves are banned
|rule|Evasion Items Clause: Evasion items are banned
|rule|Evasion Moves Clause: Evasion moves are banned
|rule|Endless Battle Clause: Forcing endless battles is banned
|rule|HP Percentage Mod: HP is shown in percentages
|rule|Dynamax Clause: You cannot dynamax
|clearpoke
|poke|p1|Tapu Koko|
|poke|p1|Cloyster, M|
|poke|p1|Registeel|
|poke|p1|Clefable, F|
|poke|p1|Blaziken, M|
|poke|p1|Hawlucha, F|
|poke|p2|Blaziken, M|
|poke|p2|Rillaboom, F|
|poke|p2|Landorus-Therian, M|
|poke|p2|Nihilego|
|poke|p2|Bisharp, F|
|poke|p2|Dragonite, F|
|teampreview
|inactive|Battle timer is ON: inactive players will automatically lose when time's up. (requested by lxbqwer)
|
|t:|1667915550
|start
|switch|p1a: Tapu Koko|Tapu Koko|100/100
|switch|p2a: Bisharp|Bisharp, F|100/100
|-fieldstart|move: Electric Terrain|[from] ability: Electric Surge|[of] p1a: Tapu Koko
|turn|1
|
|t:|1667915555
|move|p1a: Tapu Koko|Reflect|p1a: Tapu Koko
|-sidestart|p1: lxbqwer|Reflect
|move|p2a: Bisharp|Stealth Rock|p1a: Tapu Koko
|-sidestart|p1: lxbqwer|move: Stealth Rock
|
|upkeep
|turn|2
|
|t:|1667915560
|move|p1a: Tapu Koko|Taunt|p2a: Bisharp
|-start|p2a: Bisharp|move: Taunt
|move|p2a: Bisharp|Knock Off|p1a: Tapu Koko
|-resisted|p1a: Tapu Koko
|-damage|p1a: Tapu Koko|87/100
|-enditem|p1a: Tapu Koko|Light Clay|[from] move: Knock Off|[of] p2a: Bisharp
|
|upkeep
|turn|3
|
|t:|1667915566
|switch|p2a: Landorus|Landorus-Therian, M|100/100
|-ability|p2a: Landorus|Intimidate|boost
|-unboost|p1a: Tapu Koko|atk|1
|move|p1a: Tapu Koko|Light Screen|p1a: Tapu Koko
|-sidestart|p1: lxbqwer|move: Light Screen
|
|upkeep
|turn|4
|
|t:|1667915573
|move|p1a: Tapu Koko|Taunt|p2a: Landorus
|-start|p2a: Landorus|move: Taunt
|move|p2a: Landorus|Earthquake|p1a: Tapu Koko
|-supereffective|p1a: Tapu Koko
|-damage|p1a: Tapu Koko|22/100
|
|upkeep
|turn|5
|
|t:|1667915577
|switch|p2a: Rillaboom|Rillaboom, F|100/100
|-fieldstart|move: Grassy Terrain|[from] ability: Grassy Surge|[of] p2a: Rillaboom
|move|p1a: Tapu Koko|U-turn|p2a: Rillaboom
|-supereffective|p2a: Rillaboom
|-damage|p2a: Rillaboom|75/100
|
|t:|1667915584
|switch|p1a: Blaziken|Blaziken, M|100/100|[from]move: U-turn
|-damage|p1a: Blaziken|88/100|[from] Stealth Rock
|
|-heal|p2a: Rillaboom|81/100|[from] Grassy Terrain
|-heal|p1a: Blaziken|94/100|[from] Grassy Terrain
|upkeep
|turn|6
|
|t:|1667915589
|switch|p2a: Dragonite|Dragonite, F|100/100
|move|p1a: Blaziken|Swords Dance|p1a: Blaziken
|-boost|p1a: Blaziken|atk|2
|
|-heal|p1a: Blaziken|99/100|[from] Grassy Terrain
|-ability|p1a: Blaziken|Speed Boost|boost
|-boost|p1a: Blaziken|spe|1
|upkeep
|turn|7
|
|t:|1667915605
|switch|p1a: Tapu Koko|Tapu Koko|22/100
|-damage|p1a: Tapu Koko|10/100|[from] Stealth Rock
|-fieldstart|move: Electric Terrain|[from] ability: Electric Surge|[of] p1a: Tapu Koko
|move|p2a: Dragonite|Dual Wingbeat|p1a: Tapu Koko
|-resisted|p1a: Tapu Koko
|-damage|p1a: Tapu Koko|3/100
|-resisted|p1a: Tapu Koko
|-damage|p1a: Tapu Koko|0 fnt
|faint|p1a: Tapu Koko
|-hitcount|p1: Tapu Koko|2
|
|-sideend|p1: lxbqwer|move: Light Screen
|upkeep
|
|t:|1667915615
|switch|p1a: Cloyster|Cloyster, M|100/100
|turn|8
|
|t:|1667915627
|switch|p2a: Rillaboom|Rillaboom, F|81/100
|-fieldstart|move: Grassy Terrain|[from] ability: Grassy Surge|[of] p2a: Rillaboom
|move|p1a: Cloyster|Shell Smash|p1a: Cloyster
|-unboost|p1a: Cloyster|def|1
|-unboost|p1a: Cloyster|spd|1
|-boost|p1a: Cloyster|atk|2
|-boost|p1a: Cloyster|spa|2
|-boost|p1a: Cloyster|spe|2
|
|-heal|p2a: Rillaboom|88/100|[from] Grassy Terrain
|-sideend|p1: lxbqwer|Reflect
|upkeep
|turn|9
|
|t:|1667915633
|move|p2a: Rillaboom|Grassy Glide|p1a: Cloyster
|-supereffective|p1a: Cloyster
|-damage|p1a: Cloyster|0 fnt
|faint|p1a: Cloyster
|-damage|p2a: Rillaboom|78/100|[from] item: Life Orb
|
|-heal|p2a: Rillaboom|84/100|[from] Grassy Terrain
|upkeep
|
|t:|1667915640
|switch|p1a: Hawlucha|Hawlucha, F|100/100
|-damage|p1a: Hawlucha|88/100|[from] Stealth Rock
|turn|10
|-message|lxbqwer forfeited.
|
|win|HQSTest
|raw|lxbqwer's rating: 1626 &rarr; <strong>1605</strong><br />(-21 for losing)
|raw|HQSTest's rating: 1616 &rarr; <strong>1637</strong><br />(+21 for winning)
|l|☆lxbqwer
||Ladder isn't responding, score probably updated but might not have (Request timeout).
