|j|☆minimax_ai
|j|☆gurtrant
|t:|1662489056
|gametype|singles
|player|p1|minimax_ai|lusamine-nihilego|1594
|player|p2|gurtrant|veteran|1569
|teamsize|p1|6
|teamsize|p2|6
|gen|8
|tier|[Gen 8] OU
|rated|
|rule|Sleep Clause Mod: Limit one foe put to sleep
|rule|Species Clause: Limit one of each Pokémon
|rule|OHKO Clause: OHKO moves are banned
|rule|Evasion Items Clause: Evasion items are banned
|rule|Evasion Moves Clause: Evasion moves are banned
|rule|Endless Battle Clause: Forcing endless battles is banned
|rule|HP Percentage Mod: HP is shown in percentages
|rule|Dynamax Clause: You cannot dynamax
|clearpoke
|poke|p1|Rotom-Wash|
|poke|p1|Weavile, F|
|poke|p1|Landorus-Therian, M|
|poke|p1|Heatran, M|
|poke|p1|Tangrowth, F|
|poke|p1|Melmetal|
|poke|p2|Pelipper, F|
|poke|p2|Heliolisk, M|
|poke|p2|Seismitoad, M|
|poke|p2|Barraskewda, F|
|poke|p2|Ferrothorn, M|
|poke|p2|Zapdos|
|teampreview
|inactive|Battle timer is ON: inactive players will automatically lose when time's up. (requested by gurtrant)
|
|t:|1662489059
|start
|switch|p1a: Heatran|Heatran, M|100/100
|switch|p2a: Pelipper|Pelipper, F|100/100
|-item|p1a: Heatran|Air Balloon
|-weather|RainDance|[from] ability: Drizzle|[of] p2a: Pelipper
|turn|1
|c|☆minimax_ai|hf
|inactive|minimax_ai also wants the timer to be on.
|
|t:|1662489069
|switch|p1a: rotomwash|Rotom-Wash|100/100
|move|p2a: Pelipper|U-turn|p1a: rotomwash
|-damage|p1a: rotomwash|91/100
|
|t:|1662489075
|switch|p2a: Heliolisk|Heliolisk, M, shiny|100/100|[from]move: U-turn
|
|-weather|RainDance|[upkeep]
|-heal|p1a: rotomwash|97/100|[from] item: Leftovers
|upkeep
|turn|2
|
|t:|1662489077
|move|p2a: Heliolisk|Thunder|p1a: rotomwash
|-damage|p1a: rotomwash|32/100
|-damage|p2a: Heliolisk|91/100|[from] item: Life Orb
|move|p1a: rotomwash|Pain Split|p2a: Heliolisk
|-sethp|p2a: Heliolisk|64/100|[from] move: Pain Split|[silent]
|-sethp|p1a: rotomwash|55/100|[from] move: Pain Split
|
|-weather|RainDance|[upkeep]
|-heal|p2a: Heliolisk|76/100|[from] ability: Dry Skin
|-heal|p1a: rotomwash|62/100|[from] item: Leftovers
|upkeep
|turn|3
|
|t:|1662489081
|switch|p1a: Melmetal|Melmetal|100/100
|move|p2a: Heliolisk|Thunder|p1a: Melmetal
|-damage|p1a: Melmetal|64/100
|-damage|p2a: Heliolisk|66/100|[from] item: Life Orb
|
|-weather|RainDance|[upkeep]
|-heal|p2a: Heliolisk|79/100|[from] ability: Dry Skin
|upkeep
|turn|4
|
|t:|1662489089
|move|p2a: Heliolisk|Volt Switch|p1a: Melmetal
|-damage|p1a: Melmetal|39/100
|-damage|p2a: Heliolisk|69/100|[from] item: Life Orb
|
|t:|1662489092
|switch|p2a: Zapdos|Zapdos|100/100|[from]move: Volt Switch
|move|p1a: Melmetal|Earthquake|p2a: Zapdos
|-immune|p2a: Zapdos
|
|-weather|RainDance|[upkeep]
|upkeep
|turn|5
|
|t:|1662489097
|switch|p1a: landorustherian|Landorus-Therian, M|100/100
|-ability|p1a: landorustherian|Intimidate|boost
|-unboost|p2a: Zapdos|atk|1
|move|p2a: Zapdos|Thunder|p1a: landorustherian
|-immune|p1a: landorustherian
|
|-weather|RainDance|[upkeep]
|upkeep
|turn|6
|
|t:|1662489099
|move|p2a: Zapdos|U-turn|p1a: landorustherian
|-resisted|p1a: landorustherian
|-damage|p1a: landorustherian|96/100
|
|t:|1662489104
|switch|p2a: Seismitoad|Seismitoad, M|100/100|[from]move: U-turn
|move|p1a: landorustherian|Toxic|p2a: Seismitoad
|-status|p2a: Seismitoad|tox
|
|-weather|RainDance|[upkeep]
|-heal|p1a: landorustherian|100/100|[from] item: Leftovers
|-damage|p2a: Seismitoad|94/100 tox|[from] psn
|upkeep
|turn|7
|
|t:|1662489117
|switch|p1a: Melmetal|Melmetal|39/100
|move|p2a: Seismitoad|Stealth Rock|p1a: Melmetal
|-sidestart|p1: minimax_ai|move: Stealth Rock
|
|-weather|RainDance|[upkeep]
|-damage|p2a: Seismitoad|82/100 tox|[from] psn
|upkeep
|turn|8
|
|t:|1662489124
|move|p2a: Seismitoad|Weather Ball|p1a: Melmetal
|-damage|p1a: Melmetal|0 fnt
|faint|p1a: Melmetal
|-damage|p2a: Seismitoad|72/100 tox|[from] item: Life Orb
|
|-weather|none
|-damage|p2a: Seismitoad|53/100 tox|[from] psn
|upkeep
|
|t:|1662489124
|switch|p1a: landorustherian|Landorus-Therian, M|100/100
|-damage|p1a: landorustherian|88/100|[from] Stealth Rock
|-ability|p1a: landorustherian|Intimidate|boost
|-unboost|p2a: Seismitoad|atk|1
|turn|9
|
|t:|1662489128
|switch|p2a: Pelipper|Pelipper, F|100/100
|-weather|RainDance|[from] ability: Drizzle|[of] p2a: Pelipper
|move|p1a: landorustherian|Defog|p2a: Pelipper
|-unboost|p2a: Pelipper|evasion|1
|-sideend|p1: minimax_ai|Stealth Rock|[from] move: Defog|[of] p1a: landorustherian
|
|-weather|RainDance|[upkeep]
|-heal|p1a: landorustherian|94/100|[from] item: Leftovers
|upkeep
|turn|10
|
|t:|1662489136
|move|p1a: landorustherian|U-turn|p2a: Pelipper
|-resisted|p2a: Pelipper
|-damage|p2a: Pelipper|92/100
|
|t:|1662489136
|switch|p1a: rotomwash|Rotom-Wash|62/100|[from]move: U-turn
|move|p2a: Pelipper|Scald|p1a: rotomwash
|-resisted|p1a: rotomwash
|-damage|p1a: rotomwash|42/100
|-status|p1a: rotomwash|brn
|
|-weather|RainDance|[upkeep]
|-heal|p1a: rotomwash|48/100 brn|[from] item: Leftovers
|-damage|p1a: rotomwash|42/100 brn|[from] brn
|upkeep
|turn|11
|
|t:|1662489142
|switch|p1a: Tangrowth|Tangrowth, F|100/100
|switch|p2a: Heliolisk|Heliolisk, M, shiny|69/100
|
|-weather|RainDance|[upkeep]
|-heal|p2a: Heliolisk|81/100|[from] ability: Dry Skin
|upkeep
|turn|12
|
|t:|1662489149
|switch|p2a: Ferrothorn|Ferrothorn, M|100/100
|move|p1a: Tangrowth|Focus Blast|p2a: Ferrothorn|[miss]
|-miss|p1a: Tangrowth|p2a: Ferrothorn
|
|-weather|RainDance|[upkeep]
|upkeep
|turn|13
|
|t:|1662489152
|move|p1a: Tangrowth|Focus Blast|p2a: Ferrothorn
|-supereffective|p2a: Ferrothorn
|-damage|p2a: Ferrothorn|60/100
|move|p2a: Ferrothorn|Knock Off|p1a: Tangrowth
|-damage|p1a: Tangrowth|89/100
|-damage|p2a: Ferrothorn|43/100|[from] item: Rocky Helmet|[of] p1a: Tangrowth
|-enditem|p1a: Tangrowth|Rocky Helmet|[from] move: Knock Off|[of] p2a: Ferrothorn
|
|-weather|RainDance|[upkeep]
|-heal|p2a: Ferrothorn|49/100|[from] item: Leftovers
|upkeep
|turn|14
|
|t:|1662489158
|switch|p2a: Zapdos|Zapdos|100/100
|move|p1a: Tangrowth|Focus Blast|p2a: Zapdos|[miss]
|-miss|p1a: Tangrowth|p2a: Zapdos
|
|-weather|RainDance|[upkeep]
|upkeep
|turn|15
|
|t:|1662489164
|switch|p1a: landorustherian|Landorus-Therian, M|94/100
|-ability|p1a: landorustherian|Intimidate|boost
|-unboost|p2a: Zapdos|atk|1
|move|p2a: Zapdos|Thunder|p1a: landorustherian
|-immune|p1a: landorustherian
|
|-weather|RainDance|[upkeep]
|-heal|p1a: landorustherian|99/100|[from] item: Leftovers
|upkeep
|turn|16
|
|t:|1662489169
|move|p2a: Zapdos|U-turn|p1a: landorustherian
|-resisted|p1a: landorustherian
|-damage|p1a: landorustherian|96/100
|
|t:|1662489174
|switch|p2a: Ferrothorn|Ferrothorn, M|49/100|[from]move: U-turn
|move|p1a: landorustherian|U-turn|p2a: Ferrothorn
|-damage|p2a: Ferrothorn|32/100
|-damage|p1a: landorustherian|84/100|[from] ability: Iron Barbs|[of] p2a: Ferrothorn
|
|t:|1662489174
|switch|p1a: Weavile|Weavile, F|100/100|[from]move: U-turn
|-ability|p1a: Weavile|Pressure
|
|-weather|none
|-heal|p2a: Ferrothorn|39/100|[from] item: Leftovers
|upkeep
|turn|17
|
|t:|1662489193
|move|p1a: Weavile|Triple Axel|p2a: Ferrothorn
|-damage|p2a: Ferrothorn|27/100
|-damage|p1a: Weavile|88/100|[from] ability: Iron Barbs|[of] p2a: Ferrothorn
|-damage|p2a: Ferrothorn|3/100
|-damage|p1a: Weavile|76/100|[from] ability: Iron Barbs|[of] p2a: Ferrothorn
|-hitcount|p2a: Ferrothorn|2
|move|p2a: Ferrothorn|Gyro Ball|p1a: Weavile
|-supereffective|p1a: Weavile
|-damage|p1a: Weavile|0 fnt
|faint|p1a: Weavile
|
|-heal|p2a: Ferrothorn|9/100|[from] item: Leftovers
|upkeep
|
|t:|1662489193
|switch|p1a: Heatran|Heatran, M|100/100
|-item|p1a: Heatran|Air Balloon
|turn|18
|
|t:|1662489214
|switch|p2a: Pelipper|Pelipper, F|92/100
|-weather|RainDance|[from] ability: Drizzle|[of] p2a: Pelipper
|move|p1a: Heatran|Stealth Rock|p2a: Pelipper
|-sidestart|p2: gurtrant|move: Stealth Rock
|
|-weather|RainDance|[upkeep]
|upkeep
|turn|19
|
|t:|1662489221
|switch|p1a: Tangrowth|Tangrowth, F|100/100
|move|p2a: Pelipper|U-turn|p1a: Tangrowth
|-supereffective|p1a: Tangrowth
|-damage|p1a: Tangrowth|92/100
|inactive|gurtrant has 120 seconds left.
|
|t:|1662489244
|switch|p2a: Zapdos|Zapdos|100/100|[from]move: U-turn
|
|-weather|RainDance|[upkeep]
|upkeep
|turn|20
|
|t:|1662489248
|switch|p1a: landorustherian|Landorus-Therian, M|84/100
|-ability|p1a: landorustherian|Intimidate|boost
|-unboost|p2a: Zapdos|atk|1
|move|p2a: Zapdos|Defog|p1a: landorustherian
|-unboost|p1a: landorustherian|evasion|1
|-sideend|p2: gurtrant|Stealth Rock|[from] move: Defog|[of] p2a: Zapdos
|
|-weather|RainDance|[upkeep]
|-heal|p1a: landorustherian|90/100|[from] item: Leftovers
|upkeep
|turn|21
|
|t:|1662489251
|move|p2a: Zapdos|U-turn|p1a: landorustherian
|-resisted|p1a: landorustherian
|-damage|p1a: landorustherian|86/100
|
|t:|1662489253
|switch|p2a: Seismitoad|Seismitoad, M|53/100 tox|[from]move: U-turn
|move|p1a: landorustherian|Earthquake|p2a: Seismitoad
|-damage|p2a: Seismitoad|0 fnt
|faint|p2a: Seismitoad
|
|-weather|RainDance|[upkeep]
|-heal|p1a: landorustherian|92/100|[from] item: Leftovers
|upkeep
|
|t:|1662489260
|switch|p2a: Barraskewda|Barraskewda, F|100/100
|turn|22
|
|t:|1662489261
|switch|p1a: Tangrowth|Tangrowth, F|100/100
|move|p2a: Barraskewda|Flip Turn|p1a: Tangrowth
|-resisted|p1a: Tangrowth
|-damage|p1a: Tangrowth|81/100
|
|t:|1662489265
|switch|p2a: Pelipper|Pelipper, F|92/100|[from]move: Flip Turn
|
|-weather|RainDance|[upkeep]
|upkeep
|turn|23
|
|t:|1662489267
|move|p2a: Pelipper|Hurricane|p1a: Tangrowth
|-supereffective|p1a: Tangrowth
|-damage|p1a: Tangrowth|0 fnt
|faint|p1a: Tangrowth
|
|-weather|RainDance|[upkeep]
|upkeep
|
|t:|1662489267
|switch|p1a: landorustherian|Landorus-Therian, M|92/100
|-ability|p1a: landorustherian|Intimidate|boost
|-unboost|p2a: Pelipper|atk|1
|turn|24
|
|t:|1662489280
|move|p1a: landorustherian|Toxic|p2a: Pelipper
|-status|p2a: Pelipper|tox
|move|p2a: Pelipper|U-turn|p1a: landorustherian
|-resisted|p1a: landorustherian
|-damage|p1a: landorustherian|89/100
|
|t:|1662489283
|switch|p2a: Barraskewda|Barraskewda, F|100/100|[from]move: U-turn
|
|-weather|RainDance|[upkeep]
|-heal|p1a: landorustherian|95/100|[from] item: Leftovers
|upkeep
|turn|25
|
|t:|1662489287
|switch|p1a: rotomwash|Rotom-Wash|42/100 brn
|move|p2a: Barraskewda|Flip Turn|p1a: rotomwash
|-resisted|p1a: rotomwash
|-damage|p1a: rotomwash|6/100 brn
|
|t:|1662489291
|switch|p2a: Heliolisk|Heliolisk, M, shiny|81/100|[from]move: Flip Turn
|
|-weather|none
|-heal|p1a: rotomwash|12/100 brn|[from] item: Leftovers
|-damage|p1a: rotomwash|6/100 brn|[from] brn
|upkeep
|turn|26
|
|t:|1662489297
|switch|p1a: landorustherian|Landorus-Therian, M|95/100
|-ability|p1a: landorustherian|Intimidate|boost
|-unboost|p2a: Heliolisk|atk|1
|move|p2a: Heliolisk|Surf|p1a: landorustherian
|-supereffective|p1a: landorustherian
|-damage|p1a: landorustherian|40/100
|-damage|p2a: Heliolisk|71/100|[from] item: Life Orb
|
|-heal|p1a: landorustherian|46/100|[from] item: Leftovers
|upkeep
|turn|27
|
|t:|1662489301
|switch|p1a: rotomwash|Rotom-Wash|6/100 brn
|move|p2a: Heliolisk|Surf|p1a: rotomwash
|-resisted|p1a: rotomwash
|-damage|p1a: rotomwash|0 fnt
|faint|p1a: rotomwash
|-damage|p2a: Heliolisk|62/100|[from] item: Life Orb
|
|upkeep
|
|t:|1662489301
|switch|p1a: Heatran|Heatran, M|100/100
|-item|p1a: Heatran|Air Balloon
|turn|28
|
|t:|1662489306
|move|p2a: Heliolisk|Volt Switch|p1a: Heatran
|-damage|p1a: Heatran|58/100
|-enditem|p1a: Heatran|Air Balloon
|-damage|p2a: Heliolisk|52/100|[from] item: Life Orb
|
|t:|1662489308
|switch|p2a: Pelipper|Pelipper, F|92/100 tox|[from]move: Volt Switch
|-weather|RainDance|[from] ability: Drizzle|[of] p2a: Pelipper
|move|p1a: Heatran|Magma Storm|p2a: Pelipper
|-resisted|p2a: Pelipper
|-damage|p2a: Pelipper|75/100 tox
|-activate|p2a: Pelipper|move: Magma Storm|[of] p1a: Heatran
|
|-weather|RainDance|[upkeep]
|-damage|p2a: Pelipper|69/100 tox|[from] psn
|-damage|p2a: Pelipper|57/100 tox|[from] move: Magma Storm|[partiallytrapped]
|upkeep
|turn|29
|
|t:|1662489311
|move|p1a: Heatran|Stealth Rock|p2a: Pelipper
|-sidestart|p2: gurtrant|move: Stealth Rock
|move|p2a: Pelipper|U-turn|p1a: Heatran
|-resisted|p1a: Heatran
|-damage|p1a: Heatran|56/100
|
|t:|1662489314
|switch|p2a: Barraskewda|Barraskewda, F|100/100|[from]move: U-turn
|-damage|p2a: Barraskewda|88/100|[from] Stealth Rock
|
|-weather|RainDance|[upkeep]
|upkeep
|turn|30
|
|t:|1662489318
|switch|p1a: landorustherian|Landorus-Therian, M|46/100
|-ability|p1a: landorustherian|Intimidate|boost
|-unboost|p2a: Barraskewda|atk|1
|move|p2a: Barraskewda|Flip Turn|p1a: landorustherian
|-supereffective|p1a: landorustherian
|-damage|p1a: landorustherian|0 fnt
|faint|p1a: landorustherian
|
|t:|1662489321
|switch|p2a: Heliolisk|Heliolisk, M, shiny|52/100|[from]move: Flip Turn
|-damage|p2a: Heliolisk|39/100|[from] Stealth Rock
|
|-weather|RainDance|[upkeep]
|-heal|p2a: Heliolisk|52/100|[from] ability: Dry Skin
|upkeep
|
|t:|1662489321
|switch|p1a: Heatran|Heatran, M|56/100
|turn|31
|
|t:|1662489322
|move|p2a: Heliolisk|Surf|p1a: Heatran
|-supereffective|p1a: Heatran
|-damage|p1a: Heatran|0 fnt
|faint|p1a: Heatran
|-damage|p2a: Heliolisk|42/100|[from] item: Life Orb
|
|win|gurtrant
|raw|minimax_ai's rating: 1594 &rarr; <strong>1573</strong><br />(-21 for losing)
|raw|gurtrant's rating: 1569 &rarr; <strong>1590</strong><br />(+21 for winning)
|c|☆minimax_ai|gg
