|j|‽Isaac_Gam3r
|j|‽Greengamer12
|t:|1664292547
|gametype|singles
|player|p1|Isaac_Gam3r|acetrainer-gen4dp|1528
|player|p2|Greengamer12|265|1519
|teamsize|p1|6
|teamsize|p2|6
|gen|8
|tier|[Gen 8] OU
|rated|
|rule|Sleep Clause Mod: Limit one foe put to sleep
|rule|Species Clause: Limit one of each Pokémon
|rule|OHKO Clause: OHKO moves are banned
|rule|Evasion Items Clause: Evasion items are banned
|rule|Evasion Moves Clause: Evasion moves are banned
|rule|Endless Battle Clause: Forcing endless battles is banned
|rule|HP Percentage Mod: HP is shown in percentages
|rule|Dynamax Clause: You cannot dynamax
|clearpoke
|poke|p1|Skarmory, M|
|poke|p1|Latios, M|
|poke|p1|Garchomp, M|
|poke|p1|Tapu Fini|
|poke|p1|Heatran, M|
|poke|p1|Weavile, F|
|poke|p2|Nidoking, M|
|poke|p2|Ferrothorn, M|
|poke|p2|Slowbro, F|
|poke|p2|Landorus-Therian, M|
|poke|p2|Tapu Lele|
|poke|p2|Weavile, M|
|teampreview
|inactive|Battle timer is ON: inactive players will automatically lose when time's up. (requested by Isaac_Gam3r)
|
|t:|1664292557
|start
|switch|p1a: Latios|Latios, M|100/100
|switch|p2a: Weavile|Weavile, M|100/100
|-ability|p2a: Weavile|Pressure
|turn|1
|
|t:|1664292566
|switch|p2a: Slowbro|Slowbro, F|100/100
|move|p1a: Latios|Draco Meteor|p2a: Slowbro
|-damage|p2a: Slowbro|31/100
|-unboost|p1a: Latios|spa|2
|
|upkeep
|turn|2
|
|t:|1664292572
|switch|p2a: Tapu Lele|Tapu Lele|100/100
|-fieldstart|move: Psychic Terrain|[from] ability: Psychic Surge|[of] p2a: Tapu Lele
|move|p1a: Latios|Draco Meteor|p2a: Tapu Lele
|-immune|p2a: Tapu Lele
|
|upkeep
|turn|3
|
|t:|1664292580
|switch|p1a: Heatran|Heatran, M|100/100
|move|p2a: Tapu Lele|Psychic|p1a: Heatran
|-resisted|p1a: Heatran
|-damage|p1a: Heatran|82/100
|
|upkeep
|turn|4
|
|t:|1664292589
|switch|p2a: Landorus|Landorus-Therian, M|100/100
|-ability|p2a: Landorus|Intimidate|boost
|-unboost|p1a: Heatran|atk|1
|move|p1a: Heatran|Lava Plume|p2a: Landorus
|-damage|p2a: Landorus|66/100
|
|-heal|p2a: Landorus|72/100|[from] item: Leftovers
|upkeep
|turn|5
|
|t:|1664292595
|move|p2a: Landorus|U-turn|p1a: Heatran
|-resisted|p1a: Heatran
|-damage|p1a: Heatran|77/100
|
|t:|1664292598
|switch|p2a: Slowbro|Slowbro, F|64/100|[from]move: U-turn
|move|p1a: Heatran|Lava Plume|p2a: Slowbro
|-resisted|p2a: Slowbro
|-damage|p2a: Slowbro|47/100
|
|upkeep
|turn|6
|l|‽Isaac_Gam3r
|inactive|Isaac_Gam3r disconnected and has a minute to reconnect!
|player|p1|
|j|‽Isaac_Gam3r
|inactive|Isaac_Gam3r reconnected and has 130 seconds left.
|player|p1|Isaac_Gam3r|acetrainer-gen4dp
|n|‽Isaac_Gam3r|isaacgam3r
|
|t:|1664292623
|move|p1a: Heatran|Earth Power|p2a: Slowbro
|-damage|p2a: Slowbro|22/100
|move|p2a: Slowbro|Slack Off|p2a: Slowbro
|-heal|p2a: Slowbro|72/100
|
|-fieldend|move: Psychic Terrain
|upkeep
|turn|7
|
|t:|1664292637
|switch|p1a: Weavile|Weavile, F|100/100
|-ability|p1a: Weavile|Pressure
|move|p2a: Slowbro|Scald|p1a: Weavile
|-damage|p1a: Weavile|61/100
|
|upkeep
|turn|8
|
|t:|1664292641
|switch|p2a: Ferrothorn|Ferrothorn, M|100/100
|move|p1a: Weavile|Knock Off|p2a: Ferrothorn
|-damage|p2a: Ferrothorn|73/100
|-damage|p1a: Weavile|49/100|[from] ability: Iron Barbs|[of] p2a: Ferrothorn
|-enditem|p2a: Ferrothorn|Leftovers|[from] move: Knock Off|[of] p1a: Weavile
|
|upkeep
|turn|9
|
|t:|1664292650
|move|p1a: Weavile|Low Kick|p2a: Ferrothorn
|-supereffective|p2a: Ferrothorn
|-damage|p2a: Ferrothorn|38/100
|-damage|p1a: Weavile|36/100|[from] ability: Iron Barbs|[of] p2a: Ferrothorn
|move|p2a: Ferrothorn|Body Press|p1a: Weavile
|-supereffective|p1a: Weavile
|-damage|p1a: Weavile|0 fnt
|faint|p1a: Weavile
|
|upkeep
|
|t:|1664292654
|switch|p1a: Heatran|Heatran, M|77/100
|turn|10
|-message|Isaac_Gam3r forfeited.
|
|win|Greengamer12
|raw|Isaac_Gam3r's rating: 1528 &rarr; <strong>1507</strong><br />(-21 for losing)
|raw|Greengamer12's rating: 1519 &rarr; <strong>1540</strong><br />(+21 for winning)
|l|‽Isaac_Gam3r
||Ladder isn't responding, score probably updated but might not have (Request timeout).
|l|‽Greengamer12
|j|‽Greengamer12
|player|p2|Greengamer12|265
|n|‽Greengamer12|greengamer12
