|j|☆willcoxw
|j|☆x555
|player|p1|willcoxw|karen|1662
|player|p2|x555|265|1541
|teamsize|p1|6
|teamsize|p2|6
|gametype|singles
|gen|8
|tier|[Gen 8] OU
|rated|
|clearpoke
|poke|p1|Shuckle, M|
|poke|p1|Togekiss, M|
|poke|p1|Cinderace, M|
|poke|p1|Dragapult, M|
|poke|p1|Kyurem|
|poke|p1|Zeraora|
|poke|p2|Crawdaunt, M|
|poke|p2|Conkeldurr, F|
|poke|p2|Necrozma|
|poke|p2|Clefable, F|
|poke|p2|Zeraora|
|poke|p2|Grimmsnarl, M|
|rule|Sleep Clause Mod: Limit one foe put to sleep
|rule|Species Clause: Limit one of each Pokémon
|rule|OHKO Clause: OHKO moves are banned
|rule|Evasion Moves Clause: Evasion moves are banned
|rule|Endless Battle Clause: Forcing endless battles is banned
|rule|HP Percentage Mod: HP is shown in percentages
|rule|Dynamax Clause: You cannot dynamax
|teampreview
|
|start
|switch|p1a: Cinderace|Cinderace, M|100/100
|switch|p2a: Grimmsnarl|Grimmsnarl, M|100/100
|turn|1
|
|move|p1a: Cinderace|Sucker Punch||[still]
|-start|p1a: Cinderace|typechange|Dark|[from] ability: Libero
|-fail|p1a: Cinderace
|move|p2a: Grimmsnarl|Reflect|p2a: Grimmsnarl
|-sidestart|p2: x555|Reflect
|
|upkeep
|turn|2
|inactive|Battle timer is ON: inactive players will automatically lose when time's up. (requested by x555)
|
|move|p2a: Grimmsnarl|Light Screen|p2a: Grimmsnarl
|-sidestart|p2: x555|move: Light Screen
|move|p1a: Cinderace|Pyro Ball|p2a: Grimmsnarl
|-start|p1a: Cinderace|typechange|Fire|[from] ability: Libero
|-damage|p2a: Grimmsnarl|64/100
|
|upkeep
|turn|3
|
|move|p1a: Cinderace|Sucker Punch||[still]
|-start|p1a: Cinderace|typechange|Dark|[from] ability: Libero
|-fail|p1a: Cinderace
|move|p2a: Grimmsnarl|Taunt|p1a: Cinderace
|-hint|Since gen 7, Dark is immune to Prankster moves.
|-immune|p1a: Cinderace
|
|upkeep
|turn|4
|
|move|p1a: Cinderace|Pyro Ball|p2a: Grimmsnarl
|-start|p1a: Cinderace|typechange|Fire|[from] ability: Libero
|-damage|p2a: Grimmsnarl|31/100
|-status|p2a: Grimmsnarl|brn
|move|p2a: Grimmsnarl|Spirit Break|p1a: Cinderace
|-resisted|p1a: Cinderace
|-damage|p1a: Cinderace|89/100
|-unboost|p1a: Cinderace|spa|1
|
|-damage|p2a: Grimmsnarl|25/100 brn|[from] brn
|upkeep
|turn|5
|
|switch|p2a: Zeraora|Zeraora|100/100
|move|p1a: Cinderace|Sucker Punch||[still]
|-start|p1a: Cinderace|typechange|Dark|[from] ability: Libero
|-fail|p1a: Cinderace
|
|upkeep
|turn|6
|
|move|p2a: Zeraora|Bulk Up|p2a: Zeraora
|-boost|p2a: Zeraora|atk|1
|-boost|p2a: Zeraora|def|1
|move|p1a: Cinderace|Court Change|p1a: Cinderace
|-start|p1a: Cinderace|typechange|Normal|[from] ability: Libero
|-sideend|p2: x555|Light Screen|[silent]
|-sidestart|p1: willcoxw|Light Screen|[silent]
|-sideend|p2: x555|Reflect|[silent]
|-sidestart|p1: willcoxw|Reflect|[silent]
|-activate|p1a: Cinderace|move: Court Change
|
|upkeep
|turn|7
|
|switch|p1a: Shuckle|Shuckle, M|100/100
|move|p2a: Zeraora|Bulk Up|p2a: Zeraora
|-boost|p2a: Zeraora|atk|1
|-boost|p2a: Zeraora|def|1
|
|upkeep
|turn|8
|
|move|p2a: Zeraora|Plasma Fists|p1a: Shuckle
|-damage|p1a: Shuckle|75/100
|-fieldactivate|move: Ion Deluge
|-enditem|p1a: Shuckle|Red Card|[of] p2a: Zeraora
|drag|p2a: Grimmsnarl|Grimmsnarl, M|25/100 brn
|move|p1a: Shuckle|Sticky Web|p2a: Grimmsnarl
|-sidestart|p2: x555|move: Sticky Web
|
|-damage|p2a: Grimmsnarl|19/100 brn|[from] brn
|-sideend|p1: willcoxw|Reflect
|upkeep
|turn|9
|
|move|p2a: Grimmsnarl|Taunt|p1a: Shuckle
|-start|p1a: Shuckle|move: Taunt
|cant|p1a: Shuckle|move: Taunt|Stealth Rock
|
|-damage|p2a: Grimmsnarl|13/100 brn|[from] brn
|-sideend|p1: willcoxw|move: Light Screen
|upkeep
|turn|10
|
|move|p2a: Grimmsnarl|Reflect|p2a: Grimmsnarl
|-sidestart|p2: x555|Reflect
|move|p1a: Shuckle|Final Gambit|p2a: Grimmsnarl
|-damage|p2a: Grimmsnarl|0 fnt
|faint|p1a: Shuckle
|faint|p2a: Grimmsnarl
|
|upkeep
|
|switch|p2a: Clefable|Clefable, F|100/100
|switch|p1a: Zeraora|Zeraora|100/100
|-activate|p2a: Clefable|move: Sticky Web
|-unboost|p2a: Clefable|spe|1
|turn|11
|
|move|p1a: Zeraora|Knock Off|p2a: Clefable
|-resisted|p2a: Clefable
|-damage|p2a: Clefable|90/100
|-enditem|p2a: Clefable|Life Orb|[from] move: Knock Off|[of] p1a: Zeraora
|-damage|p1a: Zeraora|91/100|[from] item: Life Orb
|move|p2a: Clefable|Moonblast|p1a: Zeraora
|-damage|p1a: Zeraora|52/100
|
|upkeep
|turn|12
|
|switch|p1a: Cinderace|Cinderace, M|89/100
|move|p2a: Clefable|Moonblast|p1a: Cinderace
|-resisted|p1a: Cinderace
|-damage|p1a: Cinderace|68/100
|
|upkeep
|turn|13
|
|move|p1a: Cinderace|Pyro Ball|p2a: Clefable
|-damage|p2a: Clefable|57/100
|move|p2a: Clefable|Wish|p2a: Clefable
|
|upkeep
|turn|14
|
|move|p1a: Cinderace|Pyro Ball|p2a: Clefable|[miss]
|-miss|p1a: Cinderace|p2a: Clefable
|move|p2a: Clefable|Moonblast|p1a: Cinderace
|-resisted|p1a: Cinderace
|-damage|p1a: Cinderace|46/100
|
|-heal|p2a: Clefable|100/100|[from] move: Wish|[wisher] Clefable
|upkeep
|turn|15
|
|move|p1a: Cinderace|Pyro Ball|p2a: Clefable
|-damage|p2a: Clefable|66/100
|move|p2a: Clefable|Counter|p1a: Cinderace
|-damage|p1a: Cinderace|0 fnt
|faint|p1a: Cinderace
|
|upkeep
|
|switch|p1a: Togekiss|Togekiss, M|100/100
|turn|16
|
|move|p1a: Togekiss|Nasty Plot|p1a: Togekiss
|-boost|p1a: Togekiss|spa|2
|move|p2a: Clefable|Wish|p2a: Clefable
|
|upkeep
|turn|17
|
|move|p1a: Togekiss|Air Slash|p2a: Clefable
|-damage|p2a: Clefable|14/100
|move|p2a: Clefable|Moonblast|p1a: Togekiss
|-damage|p1a: Togekiss|71/100
|-unboost|p1a: Togekiss|spa|1
|
|-heal|p2a: Clefable|64/100|[from] move: Wish|[wisher] Clefable
|-heal|p1a: Togekiss|77/100|[from] item: Leftovers
|-sideend|p2: x555|Reflect
|upkeep
|turn|18
|
|move|p1a: Togekiss|Nasty Plot|p1a: Togekiss
|-boost|p1a: Togekiss|spa|2
|move|p2a: Clefable|Moonblast|p1a: Togekiss
|-damage|p1a: Togekiss|46/100
|-unboost|p1a: Togekiss|spa|1
|
|-heal|p1a: Togekiss|52/100|[from] item: Leftovers
|upkeep
|turn|19
|
|move|p1a: Togekiss|Air Slash|p2a: Clefable
|-damage|p2a: Clefable|11/100
|move|p2a: Clefable|Moonblast|p1a: Togekiss
|-damage|p1a: Togekiss|21/100
|-unboost|p1a: Togekiss|spa|1
|
|-heal|p1a: Togekiss|28/100|[from] item: Leftovers
|upkeep
|turn|20
|
|move|p1a: Togekiss|Flamethrower|p2a: Clefable
|-damage|p2a: Clefable|0 fnt
|faint|p2a: Clefable
|
|-heal|p1a: Togekiss|34/100|[from] item: Leftovers
|upkeep
|
|switch|p2a: Crawdaunt|Crawdaunt, M|100/100
|-activate|p2a: Crawdaunt|move: Sticky Web
|-unboost|p2a: Crawdaunt|spe|1
|turn|21
|
|move|p2a: Crawdaunt|Aqua Jet|p1a: Togekiss
|-damage|p1a: Togekiss|0 fnt
|-damage|p2a: Crawdaunt|91/100|[from] item: Life Orb
|faint|p1a: Togekiss
|
|upkeep
|
|switch|p1a: Kyurem|Kyurem|100/100
|-ability|p1a: Kyurem|Pressure
|turn|22
|
|move|p2a: Crawdaunt|Aqua Jet|p1a: Kyurem
|-resisted|p1a: Kyurem
|-damage|p1a: Kyurem|83/100
|-damage|p2a: Crawdaunt|81/100|[from] item: Life Orb
|move|p1a: Kyurem|Freeze-Dry|p2a: Crawdaunt
|-supereffective|p2a: Crawdaunt
|-crit|p2a: Crawdaunt
|-damage|p2a: Crawdaunt|0 fnt
|faint|p2a: Crawdaunt
|
|upkeep
|
|switch|p2a: Conkeldurr|Conkeldurr, F|100/100
|-activate|p2a: Conkeldurr|move: Sticky Web
|-unboost|p2a: Conkeldurr|spe|1
|turn|23
|
|switch|p1a: Dragapult|Dragapult, M|100/100
|move|p2a: Conkeldurr|Knock Off|p1a: Dragapult
|-supereffective|p1a: Dragapult
|-damage|p1a: Dragapult|0 fnt
|-enditem|p1a: Dragapult|Leftovers|[from] move: Knock Off|[of] p2a: Conkeldurr
|faint|p1a: Dragapult
|
|-status|p2a: Conkeldurr|brn|[from] item: Flame Orb
|upkeep
|
|switch|p1a: Zeraora|Zeraora|52/100
|turn|24
|
|move|p1a: Zeraora|Play Rough|p2a: Conkeldurr
|-supereffective|p2a: Conkeldurr
|-damage|p2a: Conkeldurr|38/100 brn
|-damage|p1a: Zeraora|42/100|[from] item: Life Orb
|move|p2a: Conkeldurr|Drain Punch|p1a: Zeraora
|-damage|p1a: Zeraora|0 fnt
|-heal|p2a: Conkeldurr|54/100 brn|[from] drain|[of] p1a: Zeraora
|faint|p1a: Zeraora
|
|-damage|p2a: Conkeldurr|48/100 brn|[from] brn
|upkeep
|
|switch|p1a: Kyurem|Kyurem|83/100
|-ability|p1a: Kyurem|Pressure
|turn|25
|
|move|p2a: Conkeldurr|Mach Punch|p1a: Kyurem
|-supereffective|p1a: Kyurem
|-damage|p1a: Kyurem|16/100
|move|p1a: Kyurem|Ice Beam|p2a: Conkeldurr
|-damage|p2a: Conkeldurr|0 fnt
|faint|p2a: Conkeldurr
|
|upkeep
|
|switch|p2a: Necrozma|Necrozma|100/100
|-activate|p2a: Necrozma|move: Sticky Web
|-unboost|p2a: Necrozma|spe|1
|turn|26
|
|move|p1a: Kyurem|Roost|p1a: Kyurem
|-heal|p1a: Kyurem|66/100
|-singleturn|p1a: Kyurem|move: Roost
|move|p2a: Necrozma|Heat Wave|p1a: Kyurem
|-damage|p1a: Kyurem|32/100
|
|upkeep
|turn|27
|
|move|p1a: Kyurem|Roost|p1a: Kyurem
|-heal|p1a: Kyurem|82/100
|-singleturn|p1a: Kyurem|move: Roost
|move|p2a: Necrozma|Cosmic Power|p2a: Necrozma
|-boost|p2a: Necrozma|def|1
|-boost|p2a: Necrozma|spd|1
|
|upkeep
|turn|28
|
|move|p1a: Kyurem|Substitute|p1a: Kyurem
|-start|p1a: Kyurem|Substitute
|-damage|p1a: Kyurem|57/100
|move|p2a: Necrozma|Cosmic Power|p2a: Necrozma
|-boost|p2a: Necrozma|def|1
|-boost|p2a: Necrozma|spd|1
|
|upkeep
|turn|29
|
|move|p1a: Kyurem|Ice Beam|p2a: Necrozma
|-damage|p2a: Necrozma|74/100
|move|p2a: Necrozma|Cosmic Power|p2a: Necrozma
|-boost|p2a: Necrozma|def|1
|-boost|p2a: Necrozma|spd|1
|
|upkeep
|turn|30
|
|move|p1a: Kyurem|Ice Beam|p2a: Necrozma
|-damage|p2a: Necrozma|50/100
|move|p2a: Necrozma|Cosmic Power|p2a: Necrozma
|-boost|p2a: Necrozma|def|1
|-boost|p2a: Necrozma|spd|1
|
|upkeep
|turn|31
|
|move|p1a: Kyurem|Ice Beam|p2a: Necrozma
|-damage|p2a: Necrozma|26/100
|move|p2a: Necrozma|Moonlight|p2a: Necrozma
|-heal|p2a: Necrozma|76/100
|
|upkeep
|turn|32
|
|move|p1a: Kyurem|Ice Beam|p2a: Necrozma
|-damage|p2a: Necrozma|49/100
|move|p2a: Necrozma|Moonlight|p2a: Necrozma
|-heal|p2a: Necrozma|98/100
|
|upkeep
|turn|33
|
|move|p1a: Kyurem|Ice Beam|p2a: Necrozma
|-damage|p2a: Necrozma|71/100
|move|p2a: Necrozma|Stored Power|p1a: Kyurem
|-end|p1a: Kyurem|Substitute
|
|upkeep
|turn|34
|
|move|p1a: Kyurem|Ice Beam|p2a: Necrozma
|-damage|p2a: Necrozma|36/100
|move|p2a: Necrozma|Heat Wave|p1a: Kyurem
|-damage|p1a: Kyurem|25/100
|
|upkeep
|turn|35
|c|☆x555|metronome
|inactive|x555 has 120 seconds left.
|c|☆x555|soooo old school
|
|move|p1a: Kyurem|Ice Beam|p2a: Necrozma
|-damage|p2a: Necrozma|0 fnt
|faint|p2a: Necrozma
|
|upkeep
|
|switch|p2a: Zeraora|Zeraora|100/100
|-activate|p2a: Zeraora|move: Sticky Web
|-unboost|p2a: Zeraora|spe|1
|turn|36
|
|move|p1a: Kyurem|Ice Beam|p2a: Zeraora
|-damage|p2a: Zeraora|0 fnt
|faint|p2a: Zeraora
|
|win|willcoxw
|c|☆x555|gg
|l|☆willcoxw
