|raw|<div class="broadcast-blue"><strong>This battle is required to be public due to a player having a name starting with 'LT73IU'.</div>
|j|☆lt73iua bro
|j|☆ezwz
|t:|1598628279
|player|p1|lt73iua bro|lucas|2018
|player|p2|ezwz|youngster-gen4|1997
|teamsize|p1|6
|teamsize|p2|6
|gametype|singles
|gen|8
|tier|[Gen 8] OU
|rated|
|clearpoke
|poke|p1|Ditto|
|poke|p1|Aegislash, M|
|poke|p1|Toxapex, M|
|poke|p1|Blissey, F|
|poke|p1|Corviknight, M|
|poke|p1|Amoonguss, M|
|poke|p2|Krookodile, M|
|poke|p2|Zarude|
|poke|p2|Primarina, F|
|poke|p2|Rotom-Heat|
|poke|p2|Gengar, F|
|poke|p2|Urshifu-*, M|
|rule|Sleep Clause Mod: Limit one foe put to sleep
|rule|Species Clause: Limit one of each Pokémon
|rule|OHKO Clause: OHKO moves are banned
|rule|Evasion Moves Clause: Evasion moves are banned
|rule|Endless Battle Clause: Forcing endless battles is banned
|rule|HP Percentage Mod: HP is shown in percentages
|rule|Dynamax Clause: You cannot dynamax
|teampreview
|j| sir guap
|j|@Eo
|j|+Sacri'
|j| Black Sun Tzu
|c|☆lt73iua bro|hf
|j| LT73IU NTAIZAI
|
|t:|1598628293
|start
|switch|p1a: Toxapex|Toxapex, M|100/100
|switch|p2a: Krookodile|Krookodile, M|100/100
|-ability|p2a: Krookodile|Intimidate|boost
|-unboost|p1a: Toxapex|atk|1
|turn|1
|j| LT73IU Ent
|c|☆ezwz|ngl i prolly wont but u2
|j| tapu moxo
|j| Tataite tataite
|l| tapu moxo
|
|t:|1598628310
|move|p2a: Krookodile|Knock Off|p1a: Toxapex
|-damage|p1a: Toxapex|77/100
|-damage|p2a: Krookodile|84/100|[from] item: Rocky Helmet|[of] p1a: Toxapex
|-enditem|p1a: Toxapex|Rocky Helmet|[from] move: Knock Off|[of] p2a: Krookodile
|move|p1a: Toxapex|Scald|p2a: Krookodile
|-supereffective|p2a: Krookodile
|-damage|p2a: Krookodile|44/100
|
|upkeep
|turn|2
|j| blackrabbit0303
|j| Damm u captcha
|
|t:|1598628315
|switch|p2a: Zarude|Zarude|100/100
|switch|p1a: Corviknight|Corviknight, M|100/100
|-ability|p1a: Corviknight|Pressure
|
|upkeep
|turn|3
|j| LT73IU Raiza
|
|t:|1598628324
|switch|p1a: Amoonguss|Amoonguss, M|100/100
|move|p2a: Zarude|Bulk Up|p2a: Zarude
|-boost|p2a: Zarude|atk|1
|-boost|p2a: Zarude|def|1
|
|upkeep
|turn|4
|
|t:|1598628337
|move|p2a: Zarude|Darkest Lariat|p1a: Amoonguss
|-damage|p1a: Amoonguss|63/100
|-damage|p2a: Zarude|84/100|[from] item: Rocky Helmet|[of] p1a: Amoonguss
|move|p1a: Amoonguss|Clear Smog|p2a: Zarude
|-supereffective|p2a: Zarude
|-damage|p2a: Zarude|56/100
|-clearboost|p2a: Zarude
|
|-heal|p2a: Zarude|62/100|[from] item: Leftovers
|upkeep
|turn|5
|
|t:|1598628340
|switch|p2a: Gengar|Gengar, F|100/100
|move|p1a: Amoonguss|Spore|p2a: Gengar
|-status|p2a: Gengar|slp|[from] move: Spore
|
|upkeep
|turn|6
|
|t:|1598628343
|switch|p1a: Ditto|Ditto|100/100
|-transform|p1a: Ditto|p2a: Gengar|[from] ability: Imposter
|cant|p2a: Gengar|slp
|
|upkeep
|turn|7
|j| abouttreefiddy350
|
|t:|1598628354
|move|p1a: Ditto|Shadow Ball|p2a: Gengar
|-supereffective|p2a: Gengar
|-damage|p2a: Gengar|0 fnt
|faint|p2a: Gengar
|
|upkeep
|
|t:|1598628361
|switch|p2a: Urshifu|Urshifu, M|100/100
|turn|8
|j| tapu moxo
|l| tapu moxo
|
|t:|1598628366
|switch|p1a: Toxapex|Toxapex, M|100/100
|move|p2a: Urshifu|Bulk Up|p2a: Urshifu
|-boost|p2a: Urshifu|atk|1
|-boost|p2a: Urshifu|def|1
|
|upkeep
|turn|9
|l| Tataite tataite
|j| outz u
|j| 7ennox
|c|☆ezwz|ye idk why i left gengar in but !
|j| Best Teambuilder
|
|t:|1598628389
|switch|p2a: Zarude|Zarude|62/100
|move|p1a: Toxapex|Scald|p2a: Zarude
|-resisted|p2a: Zarude
|-damage|p2a: Zarude|55/100
|
|-heal|p2a: Zarude|61/100|[from] item: Leftovers
|upkeep
|turn|10
|j| tanggy
|
|t:|1598628397
|switch|p2a: Krookodile|Krookodile, M|44/100
|-ability|p2a: Krookodile|Intimidate|boost
|-unboost|p1a: Toxapex|atk|1
|move|p1a: Toxapex|Knock Off|p2a: Krookodile
|-resisted|p2a: Krookodile
|-damage|p2a: Krookodile|41/100
|-damage|p1a: Toxapex|84/100|[from] item: Rocky Helmet|[of] p2a: Krookodile
|-enditem|p2a: Krookodile|Rocky Helmet|[from] move: Knock Off|[of] p1a: Toxapex
|
|upkeep
|turn|11
|
|t:|1598628402
|move|p2a: Krookodile|Stealth Rock|p1a: Toxapex
|-sidestart|p1: lt73iua bro|move: Stealth Rock
|move|p1a: Toxapex|Scald|p2a: Krookodile
|-supereffective|p2a: Krookodile
|-damage|p2a: Krookodile|1/100
|-status|p2a: Krookodile|brn
|
|-damage|p2a: Krookodile|0 fnt|[from] brn
|faint|p2a: Krookodile
|upkeep
|
|t:|1598628405
|switch|p2a: Primarina|Primarina, F|100/100
|turn|12
|
|t:|1598628407
|switch|p1a: Blissey|Blissey, F|100/100
|move|p2a: Primarina|Substitute|p2a: Primarina
|-start|p2a: Primarina|Substitute
|-damage|p2a: Primarina|75/100
|
|-heal|p2a: Primarina|82/100|[from] item: Leftovers
|upkeep
|turn|13
|
|t:|1598628411
|move|p2a: Primarina|Calm Mind|p2a: Primarina
|-boost|p2a: Primarina|spa|1
|-boost|p2a: Primarina|spd|1
|move|p1a: Blissey|Stealth Rock|p2a: Primarina
|-sidestart|p2: ezwz|move: Stealth Rock
|
|-heal|p2a: Primarina|88/100|[from] item: Leftovers
|upkeep
|turn|14
|j| LuanD
|j| LT73IU Stareal
|
|t:|1598628413
|move|p2a: Primarina|Calm Mind|p2a: Primarina
|-boost|p2a: Primarina|spa|1
|-boost|p2a: Primarina|spd|1
|move|p1a: Blissey|Seismic Toss|p2a: Primarina
|-end|p2a: Primarina|Substitute
|
|-heal|p2a: Primarina|94/100|[from] item: Leftovers
|upkeep
|turn|15
|
|t:|1598628417
|move|p2a: Primarina|Substitute|p2a: Primarina
|-start|p2a: Primarina|Substitute
|-damage|p2a: Primarina|69/100
|move|p1a: Blissey|Seismic Toss|p2a: Primarina
|-end|p2a: Primarina|Substitute
|
|-heal|p2a: Primarina|75/100|[from] item: Leftovers
|upkeep
|turn|16
|
|t:|1598628421
|move|p2a: Primarina|Scald|p1a: Blissey
|-damage|p1a: Blissey|73/100
|move|p1a: Blissey|Thunder Wave|p2a: Primarina
|-status|p2a: Primarina|par
|
|-heal|p2a: Primarina|81/100 par|[from] item: Leftovers
|upkeep
|turn|17
|
|t:|1598628423
|move|p1a: Blissey|Seismic Toss|p2a: Primarina
|-damage|p2a: Primarina|53/100 par
|move|p2a: Primarina|Scald|p1a: Blissey
|-damage|p1a: Blissey|48/100
|-status|p1a: Blissey|brn
|
|-heal|p2a: Primarina|59/100 par|[from] item: Leftovers
|-damage|p1a: Blissey|42/100 brn|[from] brn
|upkeep
|turn|18
|n| Typhlosion08|outzu
|
|t:|1598628425
|move|p1a: Blissey|Soft-Boiled|p1a: Blissey
|-heal|p1a: Blissey|92/100 brn
|move|p2a: Primarina|Draining Kiss|p1a: Blissey
|-damage|p1a: Blissey|77/100 brn
|-heal|p2a: Primarina|82/100 par|[from] drain|[of] p1a: Blissey
|
|-heal|p2a: Primarina|88/100 par|[from] item: Leftovers
|-damage|p1a: Blissey|71/100 brn|[from] brn
|upkeep
|turn|19
|j| egalvanc
|j| LT73IU Croo
|j| Pissog
|
|t:|1598628432
|switch|p1a: Toxapex|Toxapex, M|100/100
|-damage|p1a: Toxapex|88/100|[from] Stealth Rock
|move|p2a: Primarina|Calm Mind|p2a: Primarina
|-boost|p2a: Primarina|spa|1
|-boost|p2a: Primarina|spd|1
|
|-heal|p2a: Primarina|94/100 par|[from] item: Leftovers
|upkeep
|turn|20
|
|t:|1598628436
|move|p1a: Toxapex|Knock Off|p2a: Primarina
|-resisted|p2a: Primarina
|-damage|p2a: Primarina|88/100 par
|-enditem|p2a: Primarina|Leftovers|[from] move: Knock Off|[of] p1a: Toxapex
|move|p2a: Primarina|Scald|p1a: Toxapex
|-resisted|p1a: Toxapex
|-crit|p1a: Toxapex
|-damage|p1a: Toxapex|26/100
|
|upkeep
|turn|21
|
|t:|1598628438
|move|p1a: Toxapex|Haze|p1a: Toxapex
|-clearallboost
|cant|p2a: Primarina|par
|
|upkeep
|turn|22
|j| SLainey
|
|t:|1598628442
|move|p1a: Toxapex|Recover|p1a: Toxapex
|-heal|p1a: Toxapex|76/100
|move|p2a: Primarina|Calm Mind|p2a: Primarina
|-boost|p2a: Primarina|spa|1
|-boost|p2a: Primarina|spd|1
|
|upkeep
|turn|23
|l| LT73IU Ent
|
|t:|1598628449
|move|p1a: Toxapex|Haze|p1a: Toxapex
|-clearallboost
|move|p2a: Primarina|Scald|p1a: Toxapex
|-resisted|p1a: Toxapex
|-damage|p1a: Toxapex|62/100
|
|upkeep
|turn|24
|
|t:|1598628457
|switch|p1a: Blissey|Blissey, F|71/100
|cant|p2a: Primarina|par
|
|upkeep
|turn|25
|
|t:|1598628461
|switch|p2a: Rotom|Rotom-Heat|100/100
|move|p1a: Blissey|Seismic Toss|p2a: Rotom
|-damage|p2a: Rotom|67/100
|
|upkeep
|turn|26
|
|t:|1598628472
|move|p2a: Rotom|Nasty Plot|p2a: Rotom
|-boost|p2a: Rotom|spa|2
|move|p1a: Blissey|Seismic Toss|p2a: Rotom
|-damage|p2a: Rotom|34/100
|
|upkeep
|turn|27
|
|t:|1598628475
|move|p2a: Rotom|Pain Split|p1a: Blissey
|-sethp|p1a: Blissey|43/100|[from] move: Pain Split|[silent]
|-sethp|p2a: Rotom|99/100|[from] move: Pain Split
|move|p1a: Blissey|Soft-Boiled|p1a: Blissey
|-heal|p1a: Blissey|93/100
|
|upkeep
|turn|28
|j| fluffy cows
|
|t:|1598628481
|move|p2a: Rotom|Discharge|p1a: Blissey
|-damage|p1a: Blissey|70/100
|move|p1a: Blissey|Seismic Toss|p2a: Rotom
|-damage|p2a: Rotom|66/100
|
|upkeep
|turn|29
|
|t:|1598628485
|move|p2a: Rotom|Nasty Plot|p2a: Rotom
|-boost|p2a: Rotom|spa|2
|move|p1a: Blissey|Seismic Toss|p2a: Rotom
|-damage|p2a: Rotom|33/100
|
|upkeep
|turn|30
|j| quojova
|j| chineseTHEshit
|j| yorunoob
|c| blackrabbit0303|whats krookodile evs?
|
|t:|1598628498
|move|p2a: Rotom|Pain Split|p1a: Blissey
|-sethp|p1a: Blissey|42/100|[from] move: Pain Split|[silent]
|-sethp|p2a: Rotom|97/100|[from] move: Pain Split
|move|p1a: Blissey|Seismic Toss|p2a: Rotom
|-damage|p2a: Rotom|64/100
|
|upkeep
|turn|31
|
|t:|1598628502
|move|p2a: Rotom|Overheat|p1a: Blissey
|-damage|p1a: Blissey|0 fnt
|-unboost|p2a: Rotom|spa|2
|faint|p1a: Blissey
|
|upkeep
|
|t:|1598628505
|switch|p1a: Ditto|Ditto|100/100
|-damage|p1a: Ditto|88/100|[from] Stealth Rock
|-transform|p1a: Ditto|p2a: Rotom|[from] ability: Imposter
|turn|32
|
|t:|1598628510
|move|p1a: Ditto|Discharge|p2a: Rotom
|-resisted|p2a: Rotom
|-damage|p2a: Rotom|29/100
|move|p2a: Rotom|Pain Split|p1a: Ditto
|-sethp|p1a: Ditto|59/100|[from] move: Pain Split|[silent]
|-sethp|p2a: Rotom|58/100|[from] move: Pain Split
|
|upkeep
|turn|33
|
|t:|1598628519
|move|p1a: Ditto|Discharge|p2a: Rotom
|-resisted|p2a: Rotom
|-damage|p2a: Rotom|23/100
|move|p2a: Rotom|Overheat|p1a: Ditto|[miss]
|-miss|p2a: Rotom|p1a: Ditto
|
|upkeep
|turn|34
|j| File tes baskets
|c|☆lt73iua bro|mb
|c|☆ezwz|😹
|l| yorunoob
|
|t:|1598628533
|switch|p2a: Zarude|Zarude|61/100
|-damage|p2a: Zarude|49/100|[from] Stealth Rock
|move|p1a: Ditto|Discharge|p2a: Zarude
|-resisted|p2a: Zarude
|-damage|p2a: Zarude|19/100
|
|-heal|p2a: Zarude|25/100|[from] item: Leftovers
|upkeep
|turn|35
|j| yorunoob
|
|t:|1598628538
|move|p1a: Ditto|Discharge|p2a: Zarude
|-resisted|p2a: Zarude
|-damage|p2a: Zarude|0 fnt
|faint|p2a: Zarude
|
|upkeep
|
|t:|1598628542
|switch|p2a: Urshifu|Urshifu, M|100/100
|-damage|p2a: Urshifu|94/100|[from] Stealth Rock
|turn|36
|l| yorunoob
|
|t:|1598628548
|switch|p1a: Amoonguss|Amoonguss, M|96/100
|-damage|p1a: Amoonguss|84/100|[from] Stealth Rock
|move|p2a: Urshifu|Bulk Up|p2a: Urshifu
|-boost|p2a: Urshifu|atk|1
|-boost|p2a: Urshifu|def|1
|
|upkeep
|turn|37
|j| I GamingKing I
|l| 7ennox
|j| 6... Qxf2#
|
|t:|1598628558
|switch|p1a: Corviknight|Corviknight, M|100/100
|-damage|p1a: Corviknight|88/100|[from] Stealth Rock
|-ability|p1a: Corviknight|Pressure
|move|p2a: Urshifu|Wicked Blow|p1a: Corviknight
|-crit|p1a: Corviknight
|-damage|p1a: Corviknight|0 fnt
|-damage|p2a: Urshifu|84/100|[from] item: Life Orb
|faint|p1a: Corviknight
|
|upkeep
|j| Forresterr♣
|
|t:|1598628569
|switch|p1a: Toxapex|Toxapex, M|95/100
|-damage|p1a: Toxapex|83/100|[from] Stealth Rock
|turn|38
|
|t:|1598628572
|move|p2a: Urshifu|Wicked Blow|p1a: Toxapex
|-crit|p1a: Toxapex
|-damage|p1a: Toxapex|0 fnt
|-damage|p2a: Urshifu|74/100|[from] item: Life Orb
|faint|p1a: Toxapex
|
|upkeep
|j| jmelnick15
|
|t:|1598628580
|switch|p1a: Ditto|Ditto|59/100
|-damage|p1a: Ditto|46/100|[from] Stealth Rock
|-transform|p1a: Ditto|p2a: Urshifu|[from] ability: Imposter
|turn|39
|
|t:|1598628586
|move|p1a: Ditto|Poison Jab|p2a: Urshifu
|-damage|p2a: Urshifu|42/100
|move|p2a: Urshifu|Poison Jab|p1a: Ditto
|-damage|p1a: Ditto|0 fnt
|-damage|p2a: Urshifu|32/100|[from] item: Life Orb
|faint|p1a: Ditto
|
|upkeep
|
|t:|1598628593
|switch|p1a: Amoonguss|Amoonguss, M|100/100
|-damage|p1a: Amoonguss|88/100|[from] Stealth Rock
|turn|40
|
|t:|1598628597
|move|p2a: Urshifu|Wicked Blow|p1a: Amoonguss
|-crit|p1a: Amoonguss
|-damage|p1a: Amoonguss|0 fnt
|-damage|p2a: Urshifu|16/100|[from] item: Rocky Helmet|[of] p1a: Amoonguss
|-damage|p2a: Urshifu|6/100|[from] item: Life Orb
|faint|p1a: Amoonguss
|
|upkeep
|c| Damm u captcha|lol
|
|t:|1598628599
|switch|p1a: Aegislash|Aegislash, M|100/100
|-damage|p1a: Aegislash|94/100|[from] Stealth Rock
|turn|41
|j| relic stone
|c|☆lt73iua bro|gg
|
|t:|1598628612
|move|p2a: Urshifu|Wicked Blow|p1a: Aegislash
|-supereffective|p1a: Aegislash
|-crit|p1a: Aegislash
|-damage|p1a: Aegislash|0 fnt
|-damage|p2a: Urshifu|0 fnt|[from] item: Life Orb
|faint|p1a: Aegislash
|faint|p2a: Urshifu
|
|win|ezwz
|c|☆ezwz|gg
|l| SLainey
|c| Damm u captcha|gg
|l| tanggy
|l| LT73IU Croo
|l|+Sacri'
|l| File tes baskets
|l| Typhlosion08
|l| I GamingKing I
|l| LuanD
|l| Damm u captcha
|l|☆ezwz
|l| abouttreefiddy350
|l|☆lt73iua bro
|l| LT73IU Raiza
|l| Forresterr♣
