|j|☆uwudesudesune
|j|☆Kaleor
|t:|1650517188
|gametype|singles
|player|p1|uwudesudesune|preschoolerf|1416
|player|p2|Kaleor|swimmer-gen4dp|1464
|teamsize|p1|6
|teamsize|p2|6
|gen|8
|tier|[Gen 8] OU
|rated|
|rule|Sleep Clause Mod: Limit one foe put to sleep
|rule|Species Clause: Limit one of each Pokémon
|rule|OHKO Clause: OHKO moves are banned
|rule|Evasion Moves Clause: Evasion moves are banned
|rule|Endless Battle Clause: Forcing endless battles is banned
|rule|HP Percentage Mod: HP is shown in percentages
|rule|Dynamax Clause: You cannot dynamax
|clearpoke
|poke|p1|Tapu Fini|
|poke|p1|Volcarona, F|
|poke|p1|Ferrothorn, F|
|poke|p1|Weavile, M|
|poke|p1|Hydreigon, M|
|poke|p1|Thundurus, M|
|poke|p2|Victini|
|poke|p2|Ninetales-Alola, F|
|poke|p2|Volcarona, M|
|poke|p2|Corviknight, M|
|poke|p2|Tapu Fini|
|poke|p2|Garchomp, F|
|teampreview
|inactive|Battle timer is ON: inactive players will automatically lose when time's up. (requested by Kaleor)
|
|t:|1650517193
|start
|switch|p1a: Thundurus|Thundurus, M|100/100
|switch|p2a: Victini|Victini|100/100
|turn|1
|
|t:|1650517198
|switch|p1a: Tapu Fini|Tapu Fini|100/100
|-fieldstart|move: Misty Terrain|[from] ability: Misty Surge|[of] p1a: Tapu Fini
|move|p2a: Victini|Final Gambit|p1a: Tapu Fini
|-damage|p1a: Tapu Fini|0 fnt
|faint|p2a: Victini
|faint|p1a: Tapu Fini
|
|upkeep
|
|t:|1650517206
|switch|p2a: Ninetales|Ninetales-Alola, F|100/100
|switch|p1a: Thundurus|Thundurus, M|100/100
|-weather|Hail|[from] ability: Snow Warning|[of] p2a: Ninetales
|turn|2
|
|t:|1650517213
|move|p1a: Thundurus|Flash Cannon|p2a: Ninetales
|-supereffective|p2a: Ninetales
|-crit|p2a: Ninetales
|-damage|p2a: Ninetales|0 fnt
|faint|p2a: Ninetales
|-damage|p1a: Thundurus|91/100|[from] item: Life Orb
|
|-weather|Hail|[upkeep]
|-damage|p1a: Thundurus|85/100|[from] Hail
|upkeep
|
|t:|1650517219
|switch|p2a: Garchomp|Garchomp, F|100/100
|turn|3
|
|t:|1650517224
|switch|p1a: Ferrothorn|Ferrothorn, F|100/100
|move|p2a: Garchomp|Scale Shot|p1a: Ferrothorn
|-resisted|p1a: Ferrothorn
|-damage|p1a: Ferrothorn|98/100
|-resisted|p1a: Ferrothorn
|-damage|p1a: Ferrothorn|95/100
|-resisted|p1a: Ferrothorn
|-damage|p1a: Ferrothorn|93/100
|-hitcount|p1a: Ferrothorn|3
|-unboost|p2a: Garchomp|def|1
|-boost|p2a: Garchomp|spe|1
|-damage|p2a: Garchomp|91/100|[from] item: Life Orb
|
|-weather|Hail|[upkeep]
|-damage|p2a: Garchomp|85/100|[from] Hail
|-damage|p1a: Ferrothorn|87/100|[from] Hail
|upkeep
|turn|4
|
|t:|1650517237
|move|p2a: Garchomp|Swords Dance|p2a: Garchomp
|-boost|p2a: Garchomp|atk|2
|move|p1a: Ferrothorn|Body Press|p2a: Garchomp
|-damage|p2a: Garchomp|36/100
|-damage|p1a: Ferrothorn|75/100|[from] ability: Rough Skin|[of] p2a: Garchomp
|
|-weather|Hail|[upkeep]
|-damage|p2a: Garchomp|30/100|[from] Hail
|-damage|p1a: Ferrothorn|69/100|[from] Hail
|upkeep
|turn|5
|
|t:|1650517246
|move|p2a: Garchomp|Fire Fang|p1a: Ferrothorn
|-supereffective|p1a: Ferrothorn
|-damage|p1a: Ferrothorn|0 fnt
|-damage|p2a: Garchomp|18/100|[from] ability: Iron Barbs|[of] p1a: Ferrothorn
|-damage|p2a: Garchomp|1/100|[from] item: Rocky Helmet|[of] p1a: Ferrothorn
|faint|p1a: Ferrothorn
|-damage|p2a: Garchomp|0 fnt|[from] item: Life Orb
|faint|p2a: Garchomp
|
|-weather|Hail|[upkeep]
|-fieldend|Misty Terrain
|upkeep
|
|t:|1650517257
|switch|p2a: Tapu Fini|Tapu Fini|100/100
|switch|p1a: Thundurus|Thundurus, M|85/100
|-fieldstart|move: Misty Terrain|[from] ability: Misty Surge|[of] p2a: Tapu Fini
|turn|6
|
|t:|1650517262
|move|p2a: Tapu Fini|Ice Beam|p1a: Thundurus
|-supereffective|p1a: Thundurus
|-damage|p1a: Thundurus|10/100
|move|p1a: Thundurus|Thunderbolt|p2a: Tapu Fini
|-supereffective|p2a: Tapu Fini
|-damage|p2a: Tapu Fini|0 fnt
|faint|p2a: Tapu Fini
|-damage|p1a: Thundurus|0 fnt|[from] item: Life Orb
|faint|p1a: Thundurus
|
|-weather|none
|upkeep
|
|t:|1650517272
|switch|p1a: Volcarona|Volcarona, F|100/100
|switch|p2a: Volcarona|Volcarona, M|100/100
|turn|7
|
|t:|1650517275
|move|p2a: Volcarona|Quiver Dance|p2a: Volcarona
|-boost|p2a: Volcarona|spa|1
|-boost|p2a: Volcarona|spd|1
|-boost|p2a: Volcarona|spe|1
|move|p1a: Volcarona|Quiver Dance|p1a: Volcarona
|-boost|p1a: Volcarona|spa|1
|-boost|p1a: Volcarona|spd|1
|-boost|p1a: Volcarona|spe|1
|
|upkeep
|turn|8
|
|t:|1650517281
|move|p2a: Volcarona|Fiery Dance|p1a: Volcarona
|-damage|p1a: Volcarona|57/100
|-boost|p2a: Volcarona|spa|1
|move|p1a: Volcarona|Quiver Dance|p1a: Volcarona
|-boost|p1a: Volcarona|spa|1
|-boost|p1a: Volcarona|spd|1
|-boost|p1a: Volcarona|spe|1
|
|upkeep
|turn|9
|
|t:|1650517289
|move|p1a: Volcarona|Fiery Dance|p2a: Volcarona
|-damage|p2a: Volcarona|30/100
|move|p2a: Volcarona|Quiver Dance|p2a: Volcarona
|-boost|p2a: Volcarona|spa|1
|-boost|p2a: Volcarona|spd|1
|-boost|p2a: Volcarona|spe|1
|
|upkeep
|turn|10
|
|t:|1650517295
|move|p2a: Volcarona|Fiery Dance|p1a: Volcarona
|-damage|p1a: Volcarona|2/100
|move|p1a: Volcarona|Fiery Dance|p2a: Volcarona
|-damage|p2a: Volcarona|0 fnt
|faint|p2a: Volcarona
|
|-fieldend|Misty Terrain
|upkeep
|-message|Kaleor forfeited.
|
|win|uwudesudesune
|raw|uwudesudesune's rating: 1416 &rarr; <strong>1439</strong><br />(+23 for winning)
|raw|Kaleor's rating: 1464 &rarr; <strong>1441</strong><br />(-23 for losing)
|l|☆Kaleor
