|j|☆joint34
|j|☆Shootingwolf
|t:|1604987485
|player|p1|joint34|170|1856
|player|p2|Shootingwolf|erika|1781
|teamsize|p1|6
|teamsize|p2|6
|gametype|singles
|gen|8
|tier|[Gen 8] OU
|rated|
|clearpoke
|poke|p1|Clefable, M|
|poke|p1|Toxapex, M|
|poke|p1|Landorus-Therian, M|
|poke|p1|Melmetal|
|poke|p1|Aerodactyl, M|
|poke|p1|Zarude|
|poke|p2|Mandibuzz, F|
|poke|p2|Pheromosa|
|poke|p2|Tapu Fini|
|poke|p2|Kyurem-Black|
|poke|p2|Landorus-Therian, M|
|poke|p2|Spectrier|
|rule|Sleep Clause Mod: Limit one foe put to sleep
|rule|Species Clause: Limit one of each Pokémon
|rule|OHKO Clause: OHKO moves are banned
|rule|Evasion Moves Clause: Evasion moves are banned
|rule|Endless Battle Clause: Forcing endless battles is banned
|rule|HP Percentage Mod: HP is shown in percentages
|rule|Dynamax Clause: You cannot dynamax
|teampreview
|j| Pikapowa98
|j| TypeF91
|j| kerocola
|
|t:|1604987508
|start
|switch|p1a: Aerodactyl|Aerodactyl, M|100/100
|switch|p2a: Pheromosa|Pheromosa|100/100
|-ability|p1a: Aerodactyl|Pressure
|turn|1
|j| akysvert
|
|t:|1604987515
|switch|p1a: Toxapex|Toxapex, M|100/100
|move|p2a: Pheromosa|U-turn|p1a: Toxapex
|-resisted|p1a: Toxapex
|-damage|p1a: Toxapex|89/100
|-damage|p2a: Pheromosa|84/100|[from] item: Rocky Helmet|[of] p1a: Toxapex
|j| larrim
|
|t:|1604987521
|switch|p2a: Tapu Fini|Tapu Fini|100/100|[from]move: U-turn
|-fieldstart|move: Misty Terrain|[from] ability: Misty Surge|[of] p2a: Tapu Fini
|
|upkeep
|turn|2
|c| larrim|hi cuties :)
|c| akysvert|The elevation increases as the bullet is fired.
|j| HouseofStyx
|
|t:|1604987544
|switch|p1a: Melmetal|Melmetal|100/100
|move|p2a: Tapu Fini|Taunt|p1a: Melmetal
|-start|p1a: Melmetal|move: Taunt
|
|upkeep
|turn|3
|
|t:|1604987550
|switch|p2a: Landorus|Landorus-Therian, M|100/100
|-ability|p2a: Landorus|Intimidate|boost
|-unboost|p1a: Melmetal|atk|1
|move|p1a: Melmetal|Double Iron Bash|p2a: Landorus
|-damage|p2a: Landorus|81/100
|-damage|p1a: Melmetal|84/100|[from] item: Rocky Helmet|[of] p2a: Landorus
|-damage|p2a: Landorus|61/100
|-damage|p1a: Melmetal|67/100|[from] item: Rocky Helmet|[of] p2a: Landorus
|-hitcount|p2a: Landorus|2
|
|upkeep
|turn|4
|
|t:|1604987558
|move|p2a: Landorus|Stealth Rock|p1a: Melmetal
|-sidestart|p1: joint34|move: Stealth Rock
|move|p1a: Melmetal|Ice Punch|p2a: Landorus
|-supereffective|p2a: Landorus
|-damage|p2a: Landorus|0 fnt
|-damage|p1a: Melmetal|51/100|[from] item: Rocky Helmet|[of] p2a: Landorus
|faint|p2a: Landorus
|
|-end|p1a: Melmetal|move: Taunt
|upkeep
|
|t:|1604987563
|switch|p2a: Spectrier|Spectrier|100/100
|turn|5
|
|t:|1604987574
|move|p2a: Spectrier|Nasty Plot|p2a: Spectrier
|-boost|p2a: Spectrier|spa|2
|move|p1a: Melmetal|Double Iron Bash|p2a: Spectrier
|-damage|p2a: Spectrier|57/100
|-damage|p2a: Spectrier|11/100
|-hitcount|p2a: Spectrier|2
|
|-heal|p2a: Spectrier|17/100|[from] item: Leftovers
|-fieldend|Misty Terrain
|upkeep
|turn|6
|j| WealthKingJ
|c| larrim|hi
|j| DevilishGreg
|c| larrim|hi
|c| larrim|p
|c| larrim|p
|c| larrim|p
|c| larrim|p
|c| larrim|p
|j| K. Rokossovsky
|c| TypeF91|ur so devilish
|c| larrim|wana join my smash server?
|
|t:|1604987608
|switch|p1a: Landorus|Landorus-Therian, M|100/100
|-damage|p1a: Landorus|88/100|[from] Stealth Rock
|-ability|p1a: Landorus|Intimidate|boost
|-unboost|p2a: Spectrier|atk|1
|move|p2a: Spectrier|Shadow Ball|p1a: Landorus
|-damage|p1a: Landorus|0 fnt
|faint|p1a: Landorus
|-ability|p2a: Spectrier|Grim Neigh|boost
|-boost|p2a: Spectrier|spa|1
|
|-heal|p2a: Spectrier|23/100|[from] item: Leftovers
|upkeep
|j| PyroTeknical
|
|t:|1604987610
|switch|p1a: Zarude|Zarude|100/100
|-damage|p1a: Zarude|88/100|[from] Stealth Rock
|turn|7
|c| DevilishGreg|?
|j| yyds
|c| TypeF91|sup bro
|l| PyroTeknical
|
|t:|1604987625
|switch|p2a: Mandibuzz|Mandibuzz, F|100/100
|move|p1a: Zarude|Power Whip|p2a: Mandibuzz
|-resisted|p2a: Mandibuzz
|-damage|p2a: Mandibuzz|78/100
|
|upkeep
|turn|8
|j| Rookie55
|j| yiyue
|c| kerocola|mahha
|c| dreameality|By the rivers of Babylon, there we sat down, yea, we wept, when we remembered Zion.
|inactive|Battle timer is ON: inactive players will automatically lose when time's up. (requested by joint34)
|c| larrim|if i was u  i wooda play the pikachu guy
|c| dreameality|We hanged our harps upon the willows in the midst thereof. For there they that carried us away captive required of us a song; and they that wasted us required of us mirth, saying, Sing us one of the songs of Zion. How shall we sing the LORD'S song in a strange land?
|j| Punyakoko
|l| Punyakoko
|
|t:|1604987659
|switch|p2a: Tapu Fini|Tapu Fini|100/100
|-fieldstart|move: Misty Terrain|[from] ability: Misty Surge|[of] p2a: Tapu Fini
|move|p1a: Zarude|Bulk Up|p1a: Zarude
|-boost|p1a: Zarude|atk|1
|-boost|p1a: Zarude|def|1
|
|upkeep
|turn|9
|j| Calla cagada 777
|c| larrim|my nephew really like this pokemon game
|c| DevilishGreg|Voice+ maybe?
|j| Punyakoko
|
|t:|1604987671
|move|p1a: Zarude|Power Whip|p2a: Tapu Fini
|-supereffective|p2a: Tapu Fini
|-damage|p2a: Tapu Fini|0 fnt
|faint|p2a: Tapu Fini
|
|upkeep
|l| Punyakoko
|
|t:|1604987675
|switch|p2a: Pheromosa|Pheromosa|84/100
|turn|10
|
|t:|1604987681
|switch|p1a: Toxapex|Toxapex, M|100/100
|-damage|p1a: Toxapex|88/100|[from] Stealth Rock
|move|p2a: Pheromosa|U-turn|p1a: Toxapex
|-resisted|p1a: Toxapex
|-damage|p1a: Toxapex|76/100
|-damage|p2a: Pheromosa|67/100|[from] item: Rocky Helmet|[of] p1a: Toxapex
|c| larrim|his favourite is the one that sings da song
|
|t:|1604987686
|switch|p2a: Kyurem|Kyurem-Black|100/100|[from]move: U-turn
|-ability|p2a: Kyurem|Teravolt
|
|upkeep
|turn|11
|
|t:|1604987690
|move|p2a: Kyurem|Dragon Dance|p2a: Kyurem
|-boost|p2a: Kyurem|atk|1
|-boost|p2a: Kyurem|spe|1
|move|p1a: Toxapex|Haze|p1a: Toxapex
|-clearallboost
|
|upkeep
|turn|12
|
|t:|1604987699
|move|p2a: Kyurem|Fusion Bolt|p1a: Toxapex
|-supereffective|p1a: Toxapex
|-damage|p1a: Toxapex|7/100
|-damage|p2a: Kyurem|91/100|[from] item: Life Orb
|move|p1a: Toxapex|Haze|p1a: Toxapex
|-clearallboost
|
|-fieldend|Misty Terrain
|upkeep
|turn|13
|inactive|joint34 has 120 seconds left.
|
|t:|1604987735
|switch|p1a: Clefable|Clefable, M|100/100
|move|p2a: Kyurem|Fusion Bolt|p1a: Clefable
|-crit|p1a: Clefable
|-damage|p1a: Clefable|42/100
|-damage|p2a: Kyurem|81/100|[from] item: Life Orb
|
|-heal|p1a: Clefable|48/100|[from] item: Leftovers
|upkeep
|turn|14
|c| dreameality|any diaperfurs in the chat?
|
|t:|1604987742
|move|p2a: Kyurem|Icicle Spear|p1a: Clefable
|-damage|p1a: Clefable|34/100
|-damage|p1a: Clefable|18/100
|-damage|p1a: Clefable|1/100
|-damage|p1a: Clefable|0 fnt
|-hitcount|p1a: Clefable|4
|-damage|p2a: Kyurem|71/100|[from] item: Life Orb
|faint|p1a: Clefable
|
|upkeep
|
|t:|1604987748
|switch|p1a: Melmetal|Melmetal|51/100
|-damage|p1a: Melmetal|45/100|[from] Stealth Rock
|turn|15
|c| larrim|no
|j| CrazysConstruction
|
|t:|1604987773
|switch|p2a: Mandibuzz|Mandibuzz, F|78/100
|move|p1a: Melmetal|Double Iron Bash|p2a: Mandibuzz
|-damage|p2a: Mandibuzz|46/100
|-damage|p2a: Mandibuzz|11/100
|-hitcount|p2a: Mandibuzz|2
|
|upkeep
|turn|16
|
|t:|1604987781
|switch|p1a: Toxapex|Toxapex, M|40/100
|-damage|p1a: Toxapex|28/100|[from] Stealth Rock
|move|p2a: Mandibuzz|Foul Play|p1a: Toxapex
|-damage|p1a: Toxapex|16/100
|-damage|p2a: Mandibuzz|0 fnt|[from] item: Rocky Helmet|[of] p1a: Toxapex
|faint|p2a: Mandibuzz
|
|upkeep
|
|t:|1604987791
|switch|p2a: Spectrier|Spectrier|23/100
|turn|17
|
|t:|1604987793
|switch|p1a: Zarude|Zarude|88/100
|-damage|p1a: Zarude|76/100|[from] Stealth Rock
|move|p2a: Spectrier|Shadow Ball|p1a: Zarude
|-resisted|p1a: Zarude
|-damage|p1a: Zarude|54/100
|
|-heal|p2a: Spectrier|29/100|[from] item: Leftovers
|upkeep
|turn|18
|c| TypeF91|hoarse
|c| akysvert|hoers
|c| kerocola|hoarse
|j| Im gay but not gay
|
|t:|1604987804
|move|p2a: Spectrier|Shadow Ball|p1a: Zarude
|-resisted|p1a: Zarude
|-damage|p1a: Zarude|30/100
|move|p1a: Zarude|Acrobatics|p2a: Spectrier
|-damage|p2a: Spectrier|4/100
|
|-heal|p2a: Spectrier|10/100|[from] item: Leftovers
|upkeep
|turn|19
|c| dreameality|hroasr
|
|t:|1604987812
|move|p2a: Spectrier|Shadow Ball|p1a: Zarude
|-resisted|p1a: Zarude
|-damage|p1a: Zarude|6/100
|move|p1a: Zarude|Acrobatics|p2a: Spectrier
|-damage|p2a: Spectrier|0 fnt
|faint|p2a: Spectrier
|
|upkeep
|l| larrim
|j| LIVERBOYAMEO
|
|t:|1604987824
|switch|p2a: Kyurem|Kyurem-Black|71/100
|-ability|p2a: Kyurem|Teravolt
|turn|20
|c| dreameality|Everybody LEt's Go Out And Have Some FUN !!!
|l| TypeF91
|
|t:|1604987837
|move|p1a: Zarude|Close Combat|p2a: Kyurem
|-supereffective|p2a: Kyurem
|-damage|p2a: Kyurem|0 fnt
|-unboost|p1a: Zarude|def|1
|-unboost|p1a: Zarude|spd|1
|faint|p2a: Kyurem
|
|upkeep
|l| yyds
|
|t:|1604987842
|switch|p2a: Pheromosa|Pheromosa|67/100
|turn|21
|
|t:|1604987847
|move|p2a: Pheromosa|Close Combat|p1a: Zarude
|-supereffective|p1a: Zarude
|-damage|p1a: Zarude|0 fnt
|-unboost|p2a: Pheromosa|def|1
|-unboost|p2a: Pheromosa|spd|1
|faint|p1a: Zarude
|-ability|p2a: Pheromosa|Beast Boost|boost
|-boost|p2a: Pheromosa|atk|1
|
|upkeep
|
|t:|1604987854
|switch|p1a: Toxapex|Toxapex, M|49/100
|-damage|p1a: Toxapex|37/100|[from] Stealth Rock
|turn|22
|c| dreameality|ISnseated Of P:alsying Pokomon We Could Play Tag On The Sidewal k.
|
|t:|1604987860
|switch|p1a: Melmetal|Melmetal|45/100
|-damage|p1a: Melmetal|39/100|[from] Stealth Rock
|move|p2a: Pheromosa|Close Combat|p1a: Melmetal
|-supereffective|p1a: Melmetal
|-damage|p1a: Melmetal|0 fnt
|-unboost|p2a: Pheromosa|def|1
|-unboost|p2a: Pheromosa|spd|1
|faint|p1a: Melmetal
|-ability|p2a: Pheromosa|Beast Boost|boost
|-boost|p2a: Pheromosa|atk|1
|
|upkeep
|l| WealthKingJ
|j| WealthKingJ
|l| dreameality
|
|t:|1604987879
|switch|p1a: Toxapex|Toxapex, M|70/100
|-damage|p1a: Toxapex|58/100|[from] Stealth Rock
|turn|23
|
|t:|1604987885
|move|p2a: Pheromosa|Close Combat|p1a: Toxapex
|-resisted|p1a: Toxapex
|-crit|p1a: Toxapex
|-damage|p1a: Toxapex|0 fnt
|-unboost|p2a: Pheromosa|def|1
|-unboost|p2a: Pheromosa|spd|1
|-damage|p2a: Pheromosa|51/100|[from] item: Rocky Helmet|[of] p1a: Toxapex
|faint|p1a: Toxapex
|-ability|p2a: Pheromosa|Beast Boost|boost
|-boost|p2a: Pheromosa|atk|1
|
|upkeep
|j| yyds
|c| DevilishGreg|wow
|c| DevilishGreg|what a sac
|c|☆joint34|.-.
|c| akysvert|unforch
|c|☆Shootingwolf|ohhhhhhhhhhhhhhhh
|-message|joint34 forfeited.
|
|win|Shootingwolf
|l|☆joint34
|c| kerocola|da roach..
|l| yiyue
|l| kerocola
|l| akysvert
|raw|joint34's rating: 1834 &rarr; <strong>1811</strong><br />(-23 for losing)
|raw|Shootingwolf's rating: 1782 &rarr; <strong>1805</strong><br />(+23 for winning)
