|raw|<div class="broadcast-blue"><strong>This battle is required to be public due to a player having a name starting with 'lt84jm'.</div>
|j|☆LT84JM Lorenz
|j|☆Plasmeek
|t:|1627315748
|gametype|singles
|player|p1|LT84JM Lorenz|#lordenz|1740
|player|p2|Plasmeek|youngster-gen4dp|1789
|teamsize|p1|6
|teamsize|p2|6
|gen|8
|tier|[Gen 8] OU
|rated|
|rule|Sleep Clause Mod: Limit one foe put to sleep
|rule|Species Clause: Limit one of each Pokémon
|rule|OHKO Clause: OHKO moves are banned
|rule|Evasion Moves Clause: Evasion moves are banned
|rule|Endless Battle Clause: Forcing endless battles is banned
|rule|HP Percentage Mod: HP is shown in percentages
|rule|Dynamax Clause: You cannot dynamax
|clearpoke
|poke|p1|Kyurem|
|poke|p1|Tornadus-Therian, M|
|poke|p1|Toxapex, F|
|poke|p1|Corviknight, F|
|poke|p1|Gastrodon-East, M|
|poke|p1|Clefable, M|
|poke|p2|Slowking-Galar, M|
|poke|p2|Buzzwole|
|poke|p2|Ferrothorn, M|
|poke|p2|Hippowdon, F|
|poke|p2|Zeraora|
|poke|p2|Tornadus-Therian, M|
|teampreview
|j| LT84JM reje
|j| lt84jm raizen
|j| baldur77
|inactive|Battle timer is ON: inactive players will automatically lose when time's up. (requested by LT84JM Lorenz)
|j| LT84JM stareal
|
|t:|1627315794
|start
|switch|p1a: Tornadus|Tornadus-Therian, M|100/100
|switch|p2a: Slowking|Slowking-Galar, M|100/100
|turn|1
|
|t:|1627315810
|switch|p2a: Hippowdon|Hippowdon, F|100/100
|-weather|Sandstorm|[from] ability: Sand Stream|[of] p2a: Hippowdon
|move|p1a: Tornadus|Knock Off|p2a: Hippowdon
|-damage|p2a: Hippowdon|85/100
|-enditem|p2a: Hippowdon|Leftovers|[from] move: Knock Off|[of] p1a: Tornadus
|
|-weather|Sandstorm|[upkeep]
|-damage|p1a: Tornadus|94/100|[from] Sandstorm
|upkeep
|turn|2
|
|t:|1627315816
|move|p1a: Tornadus|Toxic|p2a: Hippowdon
|-status|p2a: Hippowdon|tox
|move|p2a: Hippowdon|Stealth Rock|p1a: Tornadus
|-sidestart|p1: LT84JM Lorenz|move: Stealth Rock
|
|-weather|Sandstorm|[upkeep]
|-damage|p1a: Tornadus|88/100|[from] Sandstorm
|-damage|p2a: Hippowdon|79/100 tox|[from] psn
|upkeep
|turn|3
|j| LT84JM spooky
|
|t:|1627315824
|move|p1a: Tornadus|Defog|p2a: Hippowdon
|-unboost|p2a: Hippowdon|evasion|1
|-sideend|p1: LT84JM Lorenz|Stealth Rock|[from] move: Defog|[of] p1a: Tornadus
|move|p2a: Hippowdon|Slack Off|p2a: Hippowdon
|-heal|p2a: Hippowdon|100/100 tox
|
|-weather|Sandstorm|[upkeep]
|-damage|p1a: Tornadus|82/100|[from] Sandstorm
|-damage|p2a: Hippowdon|88/100 tox|[from] psn
|upkeep
|turn|4
|
|t:|1627315829
|switch|p1a: Corviknight|Corviknight, F|100/100
|-ability|p1a: Corviknight|Pressure
|move|p2a: Hippowdon|Stealth Rock|p1a: Corviknight
|-sidestart|p1: LT84JM Lorenz|move: Stealth Rock
|
|-weather|Sandstorm|[upkeep]
|-damage|p2a: Hippowdon|70/100 tox|[from] psn
|upkeep
|turn|5
|
|t:|1627315835
|switch|p2a: Zeraora|Zeraora|100/100
|move|p1a: Corviknight|Defog|p2a: Zeraora
|-unboost|p2a: Zeraora|evasion|1
|-sideend|p1: LT84JM Lorenz|Stealth Rock|[from] move: Defog|[of] p1a: Corviknight
|
|-weather|none
|upkeep
|turn|6
|
|t:|1627315839
|switch|p1a: Toxapex|Toxapex, F|100/100
|move|p2a: Zeraora|Knock Off|p1a: Toxapex
|-damage|p1a: Toxapex|82/100
|-enditem|p1a: Toxapex|Shed Shell|[from] move: Knock Off|[of] p2a: Zeraora
|
|upkeep
|turn|7
|
|t:|1627315849
|switch|p2a: Hippowdon|Hippowdon, F|70/100 tox
|-weather|Sandstorm|[from] ability: Sand Stream|[of] p2a: Hippowdon
|move|p1a: Toxapex|Knock Off|p2a: Hippowdon
|-damage|p2a: Hippowdon|62/100 tox
|
|-weather|Sandstorm|[upkeep]
|-damage|p1a: Toxapex|76/100|[from] Sandstorm
|-damage|p2a: Hippowdon|56/100 tox|[from] psn
|upkeep
|turn|8
|
|t:|1627315853
|switch|p1a: Corviknight|Corviknight, F|100/100
|-ability|p1a: Corviknight|Pressure
|move|p2a: Hippowdon|Slack Off|p2a: Hippowdon
|-heal|p2a: Hippowdon|100/100 tox
|
|-weather|Sandstorm|[upkeep]
|-damage|p2a: Hippowdon|88/100 tox|[from] psn
|upkeep
|turn|9
|
|t:|1627315860
|switch|p2a: Slowking|Slowking-Galar, M|100/100
|move|p1a: Corviknight|Body Press|p2a: Slowking
|-resisted|p2a: Slowking
|-damage|p2a: Slowking|95/100
|
|-weather|Sandstorm|[upkeep]
|-damage|p2a: Slowking|89/100|[from] Sandstorm
|upkeep
|turn|10
|
|t:|1627315865
|move|p1a: Corviknight|U-turn|p2a: Slowking
|-damage|p2a: Slowking|74/100
|
|t:|1627315868
|switch|p1a: Kyurem|Kyurem|100/100|[from]move: U-turn
|-ability|p1a: Kyurem|Pressure
|move|p2a: Slowking|Future Sight|p1a: Kyurem
|-start|p2a: Slowking|move: Future Sight
|
|-weather|Sandstorm|[upkeep]
|-damage|p1a: Kyurem|94/100|[from] Sandstorm
|-damage|p2a: Slowking|68/100|[from] Sandstorm
|upkeep
|turn|11
|j| LT84JM Natsumi
|
|t:|1627315873
|move|p1a: Kyurem|Substitute|p1a: Kyurem
|-start|p1a: Kyurem|Substitute
|-damage|p1a: Kyurem|69/100
|move|p2a: Slowking|Sludge Bomb|p1a: Kyurem
|-activate|p1a: Kyurem|move: Substitute|[damage]
|
|-weather|none
|upkeep
|turn|12
|
|t:|1627315878
|move|p1a: Kyurem|Roost|p1a: Kyurem
|-heal|p1a: Kyurem|100/100
|-singleturn|p1a: Kyurem|move: Roost
|move|p2a: Slowking|Sludge Bomb|p1a: Kyurem
|-end|p1a: Kyurem|Substitute
|
|-end|p1a: Kyurem|move: Future Sight
|-damage|p1a: Kyurem|71/100
|upkeep
|turn|13
|
|t:|1627315883
|move|p1a: Kyurem|Substitute|p1a: Kyurem
|-start|p1a: Kyurem|Substitute
|-damage|p1a: Kyurem|46/100
|move|p2a: Slowking|Future Sight|p1a: Kyurem
|-start|p2a: Slowking|move: Future Sight
|
|upkeep
|turn|14
|
|t:|1627315886
|move|p1a: Kyurem|Roost|p1a: Kyurem
|-heal|p1a: Kyurem|96/100
|-singleturn|p1a: Kyurem|move: Roost
|move|p2a: Slowking|Sludge Bomb|p1a: Kyurem
|-activate|p1a: Kyurem|move: Substitute|[damage]
|
|upkeep
|turn|15
|
|t:|1627315892
|move|p1a: Kyurem|Icicle Spear|p2a: Slowking
|-damage|p2a: Slowking|56/100
|-damage|p2a: Slowking|44/100
|-damage|p2a: Slowking|34/100
|-damage|p2a: Slowking|23/100
|-damage|p2a: Slowking|12/100
|-hitcount|p2a: Slowking|5
|move|p2a: Slowking|Ice Beam|p1a: Kyurem
|-end|p1a: Kyurem|Substitute
|
|-end|p1a: Kyurem|move: Future Sight
|-damage|p1a: Kyurem|66/100
|upkeep
|turn|16
|
|t:|1627315904
|switch|p2a: Buzzwole|Buzzwole|100/100
|move|p1a: Kyurem|Substitute|p1a: Kyurem
|-start|p1a: Kyurem|Substitute
|-damage|p1a: Kyurem|42/100
|
|upkeep
|turn|17
|
|t:|1627315909
|move|p1a: Kyurem|Roost|p1a: Kyurem
|-heal|p1a: Kyurem|92/100
|-singleturn|p1a: Kyurem|move: Roost
|move|p2a: Buzzwole|Ice Punch|p1a: Kyurem
|-activate|p1a: Kyurem|move: Substitute|[damage]
|
|upkeep
|turn|18
|
|t:|1627315914
|move|p1a: Kyurem|Freeze-Dry|p2a: Buzzwole
|-damage|p2a: Buzzwole|57/100
|move|p2a: Buzzwole|Ice Punch|p1a: Kyurem
|-end|p1a: Kyurem|Substitute
|
|upkeep
|turn|19
|
|t:|1627315924
|move|p1a: Kyurem|Substitute|p1a: Kyurem
|-start|p1a: Kyurem|Substitute
|-damage|p1a: Kyurem|67/100
|move|p2a: Buzzwole|Roost|p2a: Buzzwole
|-heal|p2a: Buzzwole|100/100
|-singleturn|p2a: Buzzwole|move: Roost
|
|upkeep
|turn|20
|j| LT84JM Endless Sea
|
|t:|1627315935
|switch|p2a: Slowking|Slowking-Galar, M|46/100
|move|p1a: Kyurem|Freeze-Dry|p2a: Slowking
|-damage|p2a: Slowking|32/100
|
|upkeep
|turn|21
|
|t:|1627315941
|switch|p2a: Buzzwole|Buzzwole|100/100
|move|p1a: Kyurem|Freeze-Dry|p2a: Buzzwole
|-damage|p2a: Buzzwole|55/100
|
|upkeep
|turn|22
|
|t:|1627315946
|move|p1a: Kyurem|Freeze-Dry|p2a: Buzzwole
|-damage|p2a: Buzzwole|0 fnt
|faint|p2a: Buzzwole
|
|upkeep
|l| LT84JM Endless Sea
|-message|Plasmeek forfeited.
|
|win|LT84JM Lorenz
|raw|LT84JM Lorenz's rating: 1740 &rarr; <strong>1763</strong><br />(+23 for winning)
|raw|Plasmeek's rating: 1790 &rarr; <strong>1767</strong><br />(-23 for losing)
|l|☆Plasmeek
|l|☆LT84JM Lorenz
|l| lt84jm raizen
|j|☆LT84JM Lorenz
|player|p1|LT84JM Lorenz|#lordenz
|l|☆LT84JM Lorenz
|player|p1|
