|raw|<div class="broadcast-blue"><strong>This battle is required to be public due to a player having a name prefixed by 'LT71LX'.</div>
|j|☆LT71LX ewin
|j|☆willcoxw
|t:|1596643604
|player|p1|LT71LX ewin|waitress|1777
|player|p2|willcoxw|karen|1805
|teamsize|p1|6
|teamsize|p2|6
|gametype|singles
|gen|8
|tier|[Gen 8] OU
|rated|
|html|<div class="broadcast-blue"><strong>OU is currently suspecting Magearna! For information on how to participate check out the <a href="https://www.smogon.com/forums/threads/3667669/">suspect thread</a>.</strong></div>
|clearpoke
|poke|p1|Rillaboom, F|
|poke|p1|Reuniclus, F|
|poke|p1|Magearna|
|poke|p1|Krookodile, M|
|poke|p1|Urshifu-*, M|
|poke|p1|Dragapult, F|
|poke|p2|Accelgor, M|
|poke|p2|Rillaboom, M|
|poke|p2|Hawlucha, M|
|poke|p2|Kyurem|
|poke|p2|Urshifu-*, M|
|poke|p2|Volcarona, M|
|rule|Sleep Clause Mod: Limit one foe put to sleep
|rule|Species Clause: Limit one of each Pokémon
|rule|OHKO Clause: OHKO moves are banned
|rule|Evasion Moves Clause: Evasion moves are banned
|rule|Endless Battle Clause: Forcing endless battles is banned
|rule|HP Percentage Mod: HP is shown in percentages
|rule|Dynamax Clause: You cannot dynamax
|teampreview
|j| fastpoke galar
|j| SLainey
|j| LT71LX Tace
|j| LT71LX bike
|j| Nalorium
|j|+Sacri'
|j| yes i made this
|j| LT71LX Luthier
|j| Leo
|j|+moondazing
|
|t:|1596643632
|start
|switch|p1a: Magearna|Magearna|100/100
|switch|p2a: Urshifu|Urshifu, M|100/100
|turn|1
|j|+icemaster523
|j| forsendi £
|
|t:|1596643642
|switch|p2a: Accelgor|Accelgor, M|100/100
|move|p1a: Magearna|Focus Blast|p2a: Accelgor
|-resisted|p2a: Accelgor
|-damage|p2a: Accelgor|66/100
|
|upkeep
|turn|2
|j| qwolff
|j| Dahyouko
|j| Flygon1908
|
|t:|1596643650
|move|p2a: Accelgor|Toxic Spikes|p1a: Magearna
|-sidestart|p1: LT71LX ewin|move: Toxic Spikes
|move|p1a: Magearna|Shift Gear|p1a: Magearna
|-boost|p1a: Magearna|spe|2
|-boost|p1a: Magearna|atk|1
|
|upkeep
|turn|3
|j| LT71LX Ash
|
|t:|1596643655
|move|p1a: Magearna|Shift Gear|p1a: Magearna
|-boost|p1a: Magearna|spe|2
|-boost|p1a: Magearna|atk|1
|move|p2a: Accelgor|Final Gambit|p1a: Magearna
|-damage|p1a: Magearna|21/100
|faint|p2a: Accelgor
|-ability|p1a: Magearna|Soul-Heart|boost
|-boost|p1a: Magearna|spa|1
|
|upkeep
|j| Celtis
|j|+playerW17
|j| LT71LX EGC
|j| freshapplepie
|
|t:|1596643663
|switch|p2a: Urshifu|Urshifu, M|100/100
|turn|4
|c| forsendi £|jojo goon
|
|t:|1596643667
|move|p2a: Urshifu|Sucker Punch||[still]
|-fail|p2a: Urshifu
|move|p1a: Magearna|Shift Gear|p1a: Magearna
|-boost|p1a: Magearna|spe|2
|-boost|p1a: Magearna|atk|1
|
|upkeep
|turn|5
|
|t:|1596643672
|move|p2a: Urshifu|Sucker Punch||[still]
|-fail|p2a: Urshifu
|move|p1a: Magearna|Shift Gear|p1a: Magearna
|-boost|p1a: Magearna|spe|0
|-boost|p1a: Magearna|atk|1
|
|upkeep
|turn|6
|c| SLainey|oh my god
|j| watr sucks
|
|t:|1596643678
|move|p2a: Urshifu|Sucker Punch||[still]
|-fail|p2a: Urshifu
|move|p1a: Magearna|Shift Gear|p1a: Magearna
|-boost|p1a: Magearna|spe|0
|-boost|p1a: Magearna|atk|1
|
|upkeep
|turn|7
|
|t:|1596643684
|move|p2a: Urshifu|Sucker Punch||[still]
|-fail|p2a: Urshifu
|move|p1a: Magearna|Shift Gear|p1a: Magearna
|-boost|p1a: Magearna|spe|0
|-boost|p1a: Magearna|atk|1
|
|upkeep
|turn|8
|c| fastpoke galar|what?
|
|t:|1596643689
|move|p1a: Magearna|Shift Gear|p1a: Magearna
|-boost|p1a: Magearna|spe|0
|-boost|p1a: Magearna|atk|0
|move|p2a: Urshifu|Close Combat|p1a: Magearna
|-damage|p1a: Magearna|0 fnt
|-unboost|p2a: Urshifu|def|1
|-unboost|p2a: Urshifu|spd|1
|faint|p1a: Magearna
|
|upkeep
|j| The Resolute One
|
|t:|1596643694
|switch|p1a: Krookodile|Krookodile, M|100/100
|-status|p1a: Krookodile|psn
|-ability|p1a: Krookodile|Intimidate|boost
|-unboost|p2a: Urshifu|atk|1
|turn|9
|l| forsendi £
|
|t:|1596643703
|switch|p2a: Rillaboom|Rillaboom, M|100/100
|-fieldstart|move: Grassy Terrain|[from] ability: Grassy Surge|[of] p2a: Rillaboom
|move|p1a: Krookodile|Stealth Rock|p2a: Rillaboom
|-sidestart|p2: willcoxw|move: Stealth Rock
|
|-damage|p1a: Krookodile|88/100 psn|[from] psn
|upkeep
|turn|10
|
|t:|1596643710
|move|p1a: Krookodile|Knock Off|p2a: Rillaboom
|-damage|p2a: Rillaboom|47/100
|-enditem|p2a: Rillaboom|Life Orb|[from] move: Knock Off|[of] p1a: Krookodile
|move|p2a: Rillaboom|Swords Dance|p2a: Rillaboom
|-boost|p2a: Rillaboom|atk|2
|
|-heal|p1a: Krookodile|94/100 psn|[from] Grassy Terrain
|-heal|p2a: Rillaboom|53/100|[from] Grassy Terrain
|-damage|p1a: Krookodile|82/100 psn|[from] psn
|upkeep
|turn|11
|
|t:|1596643720
|move|p1a: Krookodile|Knock Off|p2a: Rillaboom
|-damage|p2a: Rillaboom|19/100
|move|p2a: Rillaboom|Drain Punch|p1a: Krookodile
|-supereffective|p1a: Krookodile
|-damage|p1a: Krookodile|0 fnt
|-heal|p2a: Rillaboom|59/100|[from] drain|[of] p1a: Krookodile
|faint|p1a: Krookodile
|
|-heal|p2a: Rillaboom|65/100|[from] Grassy Terrain
|upkeep
|j| Jet
|j| LT71LX king beto
|
|t:|1596643731
|switch|p1a: Dragapult|Dragapult, F|100/100
|-status|p1a: Dragapult|psn
|turn|12
|
|t:|1596643735
|move|p2a: Rillaboom|Grassy Glide|p1a: Dragapult
|-resisted|p1a: Dragapult
|-damage|p1a: Dragapult|31/100 psn
|move|p1a: Dragapult|Dragon Darts|p2a: Rillaboom
|-damage|p2a: Rillaboom|27/100
|-anim|p1a: Dragapult|Dragon Darts|p2a: Rillaboom
|-damage|p2a: Rillaboom|0 fnt
|-damage|p1a: Dragapult|22/100 psn|[from] item: Life Orb
|faint|p2a: Rillaboom
|
|-heal|p1a: Dragapult|28/100 psn|[from] Grassy Terrain
|-damage|p1a: Dragapult|15/100 psn|[from] psn
|upkeep
|j| Bdlc
|
|t:|1596643748
|switch|p2a: Hawlucha|Hawlucha, M|100/100
|-damage|p2a: Hawlucha|88/100|[from] Stealth Rock
|-enditem|p2a: Hawlucha|Grassy Seed
|-boost|p2a: Hawlucha|def|1|[from] item: Grassy Seed
|turn|13
|j| Plasmeek
|
|t:|1596643753
|switch|p1a: Reuniclus|Reuniclus, F|100/100
|-status|p1a: Reuniclus|psn
|-enditem|p1a: Reuniclus|Grassy Seed
|-boost|p1a: Reuniclus|def|1|[from] item: Grassy Seed
|move|p2a: Hawlucha|Acrobatics|p1a: Reuniclus
|-damage|p1a: Reuniclus|70/100 psn
|
|-heal|p1a: Reuniclus|76/100 psn|[from] Grassy Terrain
|-fieldend|move: Grassy Terrain
|upkeep
|turn|14
|j| Nightwish1
|
|t:|1596643762
|move|p2a: Hawlucha|Taunt|p1a: Reuniclus
|-start|p1a: Reuniclus|move: Taunt
|cant|p1a: Reuniclus|move: Taunt|Calm Mind
|
|upkeep
|turn|15
|
|t:|1596643767
|move|p2a: Hawlucha|Swords Dance|p2a: Hawlucha
|-boost|p2a: Hawlucha|atk|2
|move|p1a: Reuniclus|Focus Blast|p2a: Hawlucha
|-resisted|p2a: Hawlucha
|-damage|p2a: Hawlucha|59/100
|
|upkeep
|turn|16
|l| Nightwish1
|
|t:|1596643773
|move|p2a: Hawlucha|Acrobatics|p1a: Reuniclus
|-damage|p1a: Reuniclus|18/100 psn
|move|p1a: Reuniclus|Focus Blast|p2a: Hawlucha
|-resisted|p2a: Hawlucha
|-damage|p2a: Hawlucha|26/100
|
|-end|p1a: Reuniclus|move: Taunt
|upkeep
|turn|17
|
|t:|1596643781
|move|p2a: Hawlucha|Acrobatics|p1a: Reuniclus
|-damage|p1a: Reuniclus|0 fnt
|faint|p1a: Reuniclus
|
|upkeep
|
|t:|1596643784
|switch|p1a: Rillaboom|Rillaboom, F|100/100
|-status|p1a: Rillaboom|psn
|-fieldstart|move: Grassy Terrain|[from] ability: Grassy Surge|[of] p1a: Rillaboom
|turn|18
|j| filo hitman
|
|t:|1596643789
|move|p1a: Rillaboom|Grassy Glide|p2a: Hawlucha
|-resisted|p2a: Hawlucha
|-damage|p2a: Hawlucha|0 fnt
|-damage|p1a: Rillaboom|91/100 psn|[from] item: Life Orb
|faint|p2a: Hawlucha
|
|-heal|p1a: Rillaboom|97/100 psn|[from] Grassy Terrain
|-damage|p1a: Rillaboom|84/100 psn|[from] psn
|upkeep
|j| LT71LX Flow2Bro
|
|t:|1596643798
|switch|p2a: Volcarona|Volcarona, M|100/100
|turn|19
|j| Alexander
|
|t:|1596643803
|move|p2a: Volcarona|Fiery Dance|p1a: Rillaboom
|-supereffective|p1a: Rillaboom
|-damage|p1a: Rillaboom|0 fnt
|-boost|p2a: Volcarona|spa|1
|faint|p1a: Rillaboom
|
|upkeep
|
|t:|1596643805
|switch|p1a: Dragapult|Dragapult, F|15/100 psn
|turn|20
|j| AgressivEbolAidCOV
|
|t:|1596643816
|move|p1a: Dragapult|Dragon Darts|p2a: Volcarona
|-damage|p2a: Volcarona|44/100
|-anim|p1a: Dragapult|Dragon Darts|p2a: Volcarona
|-damage|p2a: Volcarona|0 fnt
|-damage|p1a: Dragapult|6/100 psn|[from] item: Life Orb
|faint|p2a: Volcarona
|
|-heal|p1a: Dragapult|12/100 psn|[from] Grassy Terrain
|-damage|p1a: Dragapult|0 fnt|[from] psn
|faint|p1a: Dragapult
|upkeep
|j| Mara Sattei
|l| fastpoke galar
|c| AgressivEbolAidCOV|you play ou too
|
|t:|1596643827
|switch|p1a: Urshifu|Urshifu, M|100/100
|switch|p2a: Urshifu|Urshifu, M|100/100
|-damage|p2a: Urshifu|94/100|[from] Stealth Rock
|-status|p1a: Urshifu|psn
|-enditem|p1a: Urshifu|Lum Berry|[eat]
|-curestatus|p1a: Urshifu|psn|[msg]
|turn|21
|l| Jet
|j| Rexus
|
|t:|1596643835
|move|p2a: Urshifu|Close Combat|p1a: Urshifu
|-supereffective|p1a: Urshifu
|-damage|p1a: Urshifu|0 fnt
|-unboost|p2a: Urshifu|def|1
|-unboost|p2a: Urshifu|spd|1
|faint|p1a: Urshifu
|
|win|willcoxw
|l|☆LT71LX ewin
|l| Mara Sattei
|l| LT71LX Luthier
|l| SLainey
|l|+icemaster523
|l| Flygon1908
|l| watr sucks
|l| qwolff
|l| LT71LX Ash
|l| filo hitman
|l| yes i made this
|l| Leo
|l| LT71LX bike
|l| Alexander
|l|+playerW17
|l| The Resolute One
|l| Celtis
|l| Dahyouko
|l| freshapplepie
|l|+Sacri'
|l| Bdlc
|l| LT71LX Flow2Bro
|l|+moondazing
|raw|LT71LX ewin's rating: 1799 &rarr; <strong>1778</strong><br />(-21 for losing)
|raw|willcoxw's rating: 1774 &rarr; <strong>1795</strong><br />(+21 for winning)
