|j|☆matteo2689
|j|‽Cowsrule247
|t:|1660312466
|gametype|singles
|player|p1|matteo2689|brycen|1361
|player|p2|Cowsrule247|skyla|1379
|teamsize|p1|6
|teamsize|p2|6
|gen|8
|tier|[Gen 8] OU
|rated|
|rule|Sleep Clause Mod: Limit one foe put to sleep
|rule|Species Clause: Limit one of each Pokémon
|rule|OHKO Clause: OHKO moves are banned
|rule|Evasion Items Clause: Evasion items are banned
|rule|Evasion Moves Clause: Evasion moves are banned
|rule|Endless Battle Clause: Forcing endless battles is banned
|rule|HP Percentage Mod: HP is shown in percentages
|rule|Dynamax Clause: You cannot dynamax
|clearpoke
|poke|p1|Zapdos|
|poke|p1|Nidoking, M|
|poke|p1|Tyranitar, F|
|poke|p1|Slowbro, F|
|poke|p1|Kartana|
|poke|p1|Tapu Lele|
|poke|p2|Corviknight, F|
|poke|p2|Gastrodon-East, M|
|poke|p2|Toxapex, M|
|poke|p2|Heatran, F|
|poke|p2|Clefable, F|
|poke|p2|Blissey, F|
|teampreview
|inactive|Battle timer is ON: inactive players will automatically lose when time's up. (requested by Cowsrule247)
|
|t:|1660312510
|start
|switch|p1a: Kartana|Kartana|100/100
|switch|p2a: Gastrodon|Gastrodon-East, M|100/100
|turn|1
|
|t:|1660312525
|switch|p2a: Corviknight|Corviknight, F|100/100
|-ability|p2a: Corviknight|Pressure
|move|p1a: Kartana|Swords Dance|p1a: Kartana
|-boost|p1a: Kartana|atk|2
|
|upkeep
|turn|2
|
|t:|1660312534
|move|p1a: Kartana|Knock Off|p2a: Corviknight
|-damage|p2a: Corviknight|24/100
|-enditem|p2a: Corviknight|Leftovers|[from] move: Knock Off|[of] p1a: Kartana
|-damage|p1a: Kartana|90/100|[from] item: Life Orb
|move|p2a: Corviknight|Iron Defense|p2a: Corviknight
|-boost|p2a: Corviknight|def|2
|
|upkeep
|turn|3
|
|t:|1660312551
|move|p1a: Kartana|Sacred Sword|p2a: Corviknight
|-damage|p2a: Corviknight|0 fnt
|faint|p2a: Corviknight
|-ability|p1a: Kartana|Beast Boost|boost
|-boost|p1a: Kartana|atk|1
|-damage|p1a: Kartana|80/100|[from] item: Life Orb
|
|upkeep
|
|t:|1660312561
|switch|p2a: Toxapex|Toxapex, M|100/100
|turn|4
|
|t:|1660312565
|move|p1a: Kartana|Knock Off|p2a: Toxapex
|-damage|p2a: Toxapex|15/100
|-enditem|p2a: Toxapex|Shed Shell|[from] move: Knock Off|[of] p1a: Kartana
|-damage|p1a: Kartana|70/100|[from] item: Life Orb
|move|p2a: Toxapex|Scald|p1a: Kartana
|-resisted|p1a: Kartana
|-damage|p1a: Kartana|43/100
|
|upkeep
|turn|5
|
|t:|1660312578
|switch|p2a: Clefable|Clefable, F|100/100
|move|p1a: Kartana|Leaf Blade|p2a: Clefable
|-crit|p2a: Clefable
|-damage|p2a: Clefable|0 fnt
|faint|p2a: Clefable
|-ability|p1a: Kartana|Beast Boost|boost
|-boost|p1a: Kartana|atk|1
|-damage|p1a: Kartana|33/100|[from] item: Life Orb
|
|upkeep
|
|t:|1660312586
|switch|p2a: Toxapex|Toxapex, M|48/100
|turn|6
|
|t:|1660312591
|switch|p2a: Gastrodon|Gastrodon-East, M|100/100
|move|p1a: Kartana|Leaf Blade|p2a: Gastrodon
|-supereffective|p2a: Gastrodon
|-damage|p2a: Gastrodon|0 fnt
|faint|p2a: Gastrodon
|-ability|p1a: Kartana|Beast Boost|boost
|-boost|p1a: Kartana|atk|1
|-damage|p1a: Kartana|23/100|[from] item: Life Orb
|
|upkeep
|
|t:|1660312593
|switch|p2a: Toxapex|Toxapex, M|81/100
|turn|7
|
|t:|1660312600
|move|p1a: Kartana|Leaf Blade|p2a: Toxapex
|-damage|p2a: Toxapex|0 fnt
|faint|p2a: Toxapex
|-ability|p1a: Kartana|Beast Boost|boost
|-boost|p1a: Kartana|atk|1
|-damage|p1a: Kartana|13/100|[from] item: Life Orb
|
|upkeep
|-message|Cowsrule247 forfeited.
|
|win|matteo2689
|raw|matteo2689's rating: 1361 &rarr; <strong>1382</strong><br />(+21 for winning)
|raw|Cowsrule247's rating: 1379 &rarr; <strong>1358</strong><br />(-21 for losing)
|l|‽Cowsrule247
