|j|☆Tyranical
|j|☆4funaccount
|player|p1|Tyranical|ltsurge|1619
|player|p2|4funaccount|volkner|1606
|teamsize|p1|6
|teamsize|p2|6
|gametype|singles
|gen|8
|tier|[Gen 8] OU
|rated|
|clearpoke
|poke|p1|Vaporeon, F|
|poke|p1|Cinderace, F|
|poke|p1|Zeraora|
|poke|p1|Mandibuzz, F|
|poke|p1|Corviknight, F|
|poke|p1|Conkeldurr, F|
|poke|p2|Lanturn, M|
|poke|p2|Steelix, M|
|poke|p2|Clefable, M|
|poke|p2|Corviknight, F|
|poke|p2|Hydreigon, F|
|poke|p2|Gengar, F|
|rule|Sleep Clause Mod: Limit one foe put to sleep
|rule|Species Clause: Limit one of each Pokémon
|rule|OHKO Clause: OHKO moves are banned
|rule|Evasion Moves Clause: Evasion moves are banned
|rule|Endless Battle Clause: Forcing endless battles is banned
|rule|HP Percentage Mod: HP is shown in percentages
|rule|Dynamax Clause: You cannot dynamax
|teampreview
|inactive|Battle timer is ON: inactive players will automatically lose when time's up. (requested by Tyranical)
|
|start
|switch|p1a: Cinderace|Cinderace, F|100/100
|switch|p2a: Steelix|Steelix, M|100/100
|turn|1
|
|move|p1a: Cinderace|U-turn|p2a: Steelix
|-resisted|p2a: Steelix
|-damage|p2a: Steelix|94/100
|
|switch|p1a: Vaporeon|Vaporeon, F|100/100|[from]move: U-turn
|move|p2a: Steelix|Earthquake|p1a: Vaporeon
|-damage|p1a: Vaporeon|79/100
|
|-heal|p1a: Vaporeon|85/100|[from] item: Leftovers
|-heal|p2a: Steelix|99/100|[from] item: Leftovers
|upkeep
|turn|2
|
|switch|p2a: Clefable|Clefable, M|100/100
|move|p1a: Vaporeon|Scald|p2a: Clefable
|-damage|p2a: Clefable|80/100
|
|-heal|p1a: Vaporeon|91/100|[from] item: Leftovers
|-heal|p2a: Clefable|86/100|[from] item: Leftovers
|upkeep
|turn|3
|
|move|p1a: Vaporeon|Wish|p1a: Vaporeon
|move|p2a: Clefable|Teleport|p2a: Clefable
|
|switch|p2a: Lanturn|Lanturn, M, shiny|100/100|[from]move: Teleport
|
|-heal|p1a: Vaporeon|97/100|[from] item: Leftovers
|upkeep
|turn|4
|
|switch|p1a: Conkeldurr|Conkeldurr, F|100/100
|move|p2a: Lanturn|Toxic|p1a: Conkeldurr
|-status|p1a: Conkeldurr|tox
|
|-damage|p1a: Conkeldurr|94/100 tox|[from] psn
|upkeep
|turn|5
|
|switch|p2a: Corviknight|Corviknight, F|100/100
|-ability|p2a: Corviknight|Pressure
|move|p1a: Conkeldurr|Bulk Up|p1a: Conkeldurr
|-boost|p1a: Conkeldurr|atk|1
|-boost|p1a: Conkeldurr|def|1
|
|-damage|p1a: Conkeldurr|82/100 tox|[from] psn
|upkeep
|turn|6
|
|move|p2a: Corviknight|Brave Bird|p1a: Conkeldurr
|-supereffective|p1a: Conkeldurr
|-damage|p1a: Conkeldurr|36/100 tox
|-damage|p2a: Corviknight|86/100|[from] Recoil
|move|p1a: Conkeldurr|Drain Punch|p2a: Corviknight
|-damage|p2a: Corviknight|30/100
|-heal|p1a: Conkeldurr|65/100 tox|[from] drain|[of] p2a: Corviknight
|
|-heal|p2a: Corviknight|37/100|[from] item: Leftovers
|-damage|p1a: Conkeldurr|47/100 tox|[from] psn
|upkeep
|turn|7
|
|switch|p1a: Vaporeon|Vaporeon, F|97/100
|move|p2a: Corviknight|Brave Bird|p1a: Vaporeon
|-crit|p1a: Vaporeon
|-damage|p1a: Vaporeon|57/100
|-damage|p2a: Corviknight|21/100|[from] Recoil
|
|-heal|p2a: Corviknight|27/100|[from] item: Leftovers
|-heal|p1a: Vaporeon|63/100|[from] item: Leftovers
|upkeep
|turn|8
|
|switch|p2a: Clefable|Clefable, M|86/100
|move|p1a: Vaporeon|Wish|p1a: Vaporeon
|
|-heal|p1a: Vaporeon|69/100|[from] item: Leftovers
|-heal|p2a: Clefable|92/100|[from] item: Leftovers
|upkeep
|turn|9
|
|switch|p1a: Cinderace|Cinderace, F|100/100
|move|p2a: Clefable|Wish|p2a: Clefable
|
|-heal|p2a: Clefable|98/100|[from] item: Leftovers
|upkeep
|turn|10
|
|switch|p2a: Lanturn|Lanturn, M, shiny|100/100
|move|p1a: Cinderace|Pyro Ball|p2a: Lanturn
|-resisted|p2a: Lanturn
|-damage|p2a: Lanturn|67/100
|
|-heal|p2a: Lanturn|100/100|[from] move: Wish|[wisher] Clefable
|upkeep
|turn|11
|
|switch|p1a: Conkeldurr|Conkeldurr, F|47/100 tox
|move|p2a: Lanturn|Toxic|p1a: Conkeldurr
|-fail|p1a: Conkeldurr|tox
|
|-damage|p1a: Conkeldurr|41/100 tox|[from] psn
|upkeep
|turn|12
|
|move|p2a: Lanturn|Volt Switch|p1a: Conkeldurr
|-damage|p1a: Conkeldurr|14/100 tox
|
|switch|p2a: Clefable|Clefable, M|98/100|[from]move: Volt Switch
|move|p1a: Conkeldurr|Earthquake|p2a: Clefable
|-damage|p2a: Clefable|31/100
|
|-heal|p2a: Clefable|37/100|[from] item: Leftovers
|-damage|p1a: Conkeldurr|2/100 tox|[from] psn
|upkeep
|turn|13
|
|move|p2a: Clefable|Protect|p2a: Clefable
|-singleturn|p2a: Clefable|Protect
|move|p1a: Conkeldurr|Drain Punch|p2a: Clefable
|-activate|p2a: Clefable|move: Protect
|
|-heal|p2a: Clefable|43/100|[from] item: Leftovers
|-damage|p1a: Conkeldurr|0 fnt|[from] psn
|faint|p1a: Conkeldurr
|upkeep
|
|switch|p1a: Zeraora|Zeraora|100/100
|turn|14
|
|switch|p2a: Steelix|Steelix, M|99/100
|move|p1a: Zeraora|Plasma Fists|p2a: Steelix
|-immune|p2a: Steelix
|
|-heal|p2a: Steelix|100/100|[from] item: Leftovers
|upkeep
|turn|15
|
|move|p1a: Zeraora|Grass Knot|p2a: Steelix
|-damage|p2a: Steelix|48/100
|-damage|p1a: Zeraora|91/100|[from] item: Life Orb
|move|p2a: Steelix|Stealth Rock|p1a: Zeraora
|-sidestart|p1: Tyranical|move: Stealth Rock
|
|-heal|p2a: Steelix|54/100|[from] item: Leftovers
|upkeep
|turn|16
|
|switch|p2a: Lanturn|Lanturn, M, shiny|100/100
|move|p1a: Zeraora|Grass Knot|p2a: Lanturn
|-supereffective|p2a: Lanturn
|-damage|p2a: Lanturn|77/100
|-damage|p1a: Zeraora|81/100|[from] item: Life Orb
|
|-heal|p2a: Lanturn|83/100|[from] item: Leftovers
|upkeep
|turn|17
|
|move|p1a: Zeraora|Knock Off|p2a: Lanturn
|-damage|p2a: Lanturn|54/100
|-enditem|p2a: Lanturn|Leftovers|[from] move: Knock Off|[of] p1a: Zeraora
|-damage|p1a: Zeraora|71/100|[from] item: Life Orb
|move|p2a: Lanturn|Toxic|p1a: Zeraora
|-status|p1a: Zeraora|tox
|
|-damage|p1a: Zeraora|65/100 tox|[from] psn
|upkeep
|turn|18
|
|switch|p2a: Steelix|Steelix, M|54/100
|move|p1a: Zeraora|Close Combat|p2a: Steelix
|-supereffective|p2a: Steelix
|-crit|p2a: Steelix
|-damage|p2a: Steelix|0 fnt
|-unboost|p1a: Zeraora|def|1
|-unboost|p1a: Zeraora|spd|1
|-damage|p1a: Zeraora|55/100 tox|[from] item: Life Orb
|faint|p2a: Steelix
|
|-damage|p1a: Zeraora|43/100 tox|[from] psn
|upkeep
|
|switch|p2a: Clefable|Clefable, M|43/100
|turn|19
|
|move|p2a: Clefable|Protect|p2a: Clefable
|-singleturn|p2a: Clefable|Protect
|move|p1a: Zeraora|Plasma Fists|p2a: Clefable
|-activate|p2a: Clefable|move: Protect
|
|-heal|p2a: Clefable|49/100|[from] item: Leftovers
|-damage|p1a: Zeraora|25/100 tox|[from] psn
|upkeep
|turn|20
|
|switch|p1a: Corviknight|Corviknight, F, shiny|100/100
|-damage|p1a: Corviknight|88/100|[from] Stealth Rock
|-ability|p1a: Corviknight|Pressure
|switch|p2a: Corviknight|Corviknight, F|27/100
|-ability|p2a: Corviknight|Pressure
|
|-heal|p1a: Corviknight|94/100|[from] item: Leftovers
|-heal|p2a: Corviknight|34/100|[from] item: Leftovers
|upkeep
|turn|21
|
|move|p2a: Corviknight|Roost|p2a: Corviknight
|-heal|p2a: Corviknight|84/100
|-singleturn|p2a: Corviknight|move: Roost
|move|p1a: Corviknight|Bulk Up|p1a: Corviknight
|-boost|p1a: Corviknight|atk|1
|-boost|p1a: Corviknight|def|1
|
|-heal|p1a: Corviknight|100/100|[from] item: Leftovers
|-heal|p2a: Corviknight|90/100|[from] item: Leftovers
|upkeep
|turn|22
|
|switch|p2a: Lanturn|Lanturn, M, shiny|54/100
|move|p1a: Corviknight|Taunt|p2a: Lanturn
|-start|p2a: Lanturn|move: Taunt
|
|upkeep
|turn|23
|
|move|p2a: Lanturn|Scald|p1a: Corviknight
|-damage|p1a: Corviknight|85/100
|-status|p1a: Corviknight|brn
|move|p1a: Corviknight|Bulk Up|p1a: Corviknight
|-boost|p1a: Corviknight|atk|1
|-boost|p1a: Corviknight|def|1
|
|-heal|p1a: Corviknight|92/100 brn|[from] item: Leftovers
|-damage|p1a: Corviknight|85/100 brn|[from] brn
|upkeep
|turn|24
|-message|Tyranical forfeited.
|
|win|4funaccount
|l|☆Tyranical
|raw|Tyranical's rating: 1619 &rarr; <strong>1598</strong><br />(-21 for losing)
|raw|4funaccount's rating: 1606 &rarr; <strong>1627</strong><br />(+21 for winning)
