|j|☆dender5
|j|☆Forwards
|t:|1663399695
|gametype|singles
|player|p1|dender5|266|1623
|player|p2|Forwards|rollerskater|1726
|teamsize|p1|6
|teamsize|p2|6
|gen|8
|tier|[Gen 8] OU
|rated|
|rule|Sleep Clause Mod: Limit one foe put to sleep
|rule|Species Clause: Limit one of each Pokémon
|rule|OHKO Clause: OHKO moves are banned
|rule|Evasion Items Clause: Evasion items are banned
|rule|Evasion Moves Clause: Evasion moves are banned
|rule|Endless Battle Clause: Forcing endless battles is banned
|rule|HP Percentage Mod: HP is shown in percentages
|rule|Dynamax Clause: You cannot dynamax
|clearpoke
|poke|p1|Toxapex, M|
|poke|p1|Blissey, F|
|poke|p1|Ferrothorn, F|
|poke|p1|Zeraora|
|poke|p1|Zapdos|
|poke|p1|Tapu Lele|
|poke|p2|Tapu Koko|
|poke|p2|Moltres-Galar|
|poke|p2|Registeel|
|poke|p2|Hawlucha, M|
|poke|p2|Mew|
|poke|p2|Landorus-Therian, M|
|teampreview
|j| 0WithdrawalSyndrom
|
|t:|1663399705
|start
|switch|p1a: Tapu Lele|Tapu Lele|100/100
|switch|p2a: Landorus|Landorus-Therian, M|100/100
|-fieldstart|move: Psychic Terrain|[from] ability: Psychic Surge|[of] p1a: Tapu Lele
|-ability|p2a: Landorus|Intimidate|boost
|-unboost|p1a: Tapu Lele|atk|1
|turn|1
|inactive|Battle timer is ON: inactive players will automatically lose when time's up. (requested by dender5)
|
|t:|1663399711
|move|p1a: Tapu Lele|Psychic|p2a: Landorus
|-enditem|p2a: Landorus|Focus Sash
|-damage|p2a: Landorus|1/100
|move|p2a: Landorus|Stealth Rock|p1a: Tapu Lele
|-sidestart|p1: dender5|move: Stealth Rock
|
|upkeep
|turn|2
|
|t:|1663399718
|switch|p2a: Moltres|Moltres-Galar|100/100
|move|p1a: Tapu Lele|Psychic|p2a: Moltres
|-immune|p2a: Moltres
|
|upkeep
|turn|3
|
|t:|1663399722
|switch|p1a: Blissey|Blissey, F|100/100
|-damage|p1a: Blissey|88/100|[from] Stealth Rock
|switch|p2a: Landorus|Landorus-Therian, M|1/100
|-ability|p2a: Landorus|Intimidate|boost
|-unboost|p1a: Blissey|atk|1
|
|-heal|p1a: Blissey|94/100|[from] item: Leftovers
|upkeep
|turn|4
|
|t:|1663399728
|switch|p1a: Ferrothorn|Ferrothorn, F|100/100
|-damage|p1a: Ferrothorn|94/100|[from] Stealth Rock
|move|p2a: Landorus|Explosion|p1a: Ferrothorn
|-resisted|p1a: Ferrothorn
|-damage|p1a: Ferrothorn|66/100
|faint|p2a: Landorus
|
|-heal|p1a: Ferrothorn|73/100|[from] item: Leftovers
|upkeep
|
|t:|1663399730
|switch|p2a: Tapu Koko|Tapu Koko|100/100
|-fieldstart|move: Electric Terrain|[from] ability: Electric Surge|[of] p2a: Tapu Koko
|turn|5
|
|t:|1663399742
|move|p2a: Tapu Koko|Taunt|p1a: Ferrothorn
|-start|p1a: Ferrothorn|move: Taunt
|cant|p1a: Ferrothorn|move: Taunt|Stealth Rock
|
|-heal|p1a: Ferrothorn|79/100|[from] item: Leftovers
|upkeep
|turn|6
|
|t:|1663399745
|move|p2a: Tapu Koko|Reflect|p2a: Tapu Koko
|-sidestart|p2: Forwards|Reflect
|move|p1a: Ferrothorn|Knock Off|p2a: Tapu Koko
|-resisted|p2a: Tapu Koko
|-damage|p2a: Tapu Koko|95/100
|-enditem|p2a: Tapu Koko|Light Clay|[from] move: Knock Off|[of] p1a: Ferrothorn
|
|-heal|p1a: Ferrothorn|85/100|[from] item: Leftovers
|upkeep
|turn|7
|
|t:|1663399755
|move|p2a: Tapu Koko|Light Screen|p2a: Tapu Koko
|-sidestart|p2: Forwards|move: Light Screen
|move|p1a: Ferrothorn|Body Press|p2a: Tapu Koko
|-resisted|p2a: Tapu Koko
|-crit|p2a: Tapu Koko
|-damage|p2a: Tapu Koko|70/100
|
|-heal|p1a: Ferrothorn|91/100|[from] item: Leftovers
|-end|p1a: Ferrothorn|move: Taunt
|upkeep
|turn|8
|
|t:|1663399772
|switch|p1a: Tapu Lele|Tapu Lele|100/100
|-damage|p1a: Tapu Lele|88/100|[from] Stealth Rock
|-fieldstart|move: Psychic Terrain|[from] ability: Psychic Surge|[of] p1a: Tapu Lele
|move|p2a: Tapu Koko|Taunt|p1a: Tapu Lele
|-start|p1a: Tapu Lele|move: Taunt
|
|upkeep
|turn|9
|
|t:|1663399778
|move|p2a: Tapu Koko|U-turn|p1a: Tapu Lele
|-damage|p1a: Tapu Lele|62/100
|
|t:|1663399783
|switch|p2a: Mew|Mew|100/100|[from]move: U-turn
|move|p1a: Tapu Lele|Moonblast|p2a: Mew
|-damage|p2a: Mew|70/100
|-unboost|p2a: Mew|spa|1
|
|upkeep
|turn|10
|
|t:|1663399791
|switch|p2a: Registeel|Registeel|100/100
|move|p1a: Tapu Lele|Moonblast|p2a: Registeel
|-resisted|p2a: Registeel
|-crit|p2a: Registeel
|-damage|p2a: Registeel|66/100
|
|-end|p1a: Tapu Lele|move: Taunt
|upkeep
|turn|11
|
|t:|1663399795
|switch|p1a: Ferrothorn|Ferrothorn, F|91/100
|-damage|p1a: Ferrothorn|85/100|[from] Stealth Rock
|move|p2a: Registeel|Amnesia|p2a: Registeel
|-boost|p2a: Registeel|spd|2
|
|-heal|p1a: Ferrothorn|91/100|[from] item: Leftovers
|-sideend|p2: Forwards|move: Light Screen
|upkeep
|turn|12
|
|t:|1663399804
|move|p2a: Registeel|Iron Defense|p2a: Registeel
|-boost|p2a: Registeel|def|2
|move|p1a: Ferrothorn|Body Press|p2a: Registeel
|-supereffective|p2a: Registeel
|-damage|p2a: Registeel|58/100
|
|-heal|p1a: Ferrothorn|98/100|[from] item: Leftovers
|-fieldend|move: Psychic Terrain
|upkeep
|turn|13
|
|t:|1663399810
|move|p2a: Registeel|Iron Defense|p2a: Registeel
|-boost|p2a: Registeel|def|2
|move|p1a: Ferrothorn|Knock Off|p2a: Registeel
|-damage|p2a: Registeel|56/100
|-enditem|p2a: Registeel|Chesto Berry|[from] move: Knock Off|[of] p1a: Ferrothorn
|
|-heal|p1a: Ferrothorn|100/100|[from] item: Leftovers
|-sideend|p2: Forwards|Reflect
|upkeep
|turn|14
|
|t:|1663399812
|move|p2a: Registeel|Body Press|p1a: Ferrothorn
|-supereffective|p1a: Ferrothorn
|-damage|p1a: Ferrothorn|0 fnt
|-damage|p2a: Registeel|44/100|[from] ability: Iron Barbs|[of] p1a: Ferrothorn
|faint|p1a: Ferrothorn
|
|upkeep
|
|t:|1663399822
|switch|p1a: Tapu Lele|Tapu Lele|62/100
|-damage|p1a: Tapu Lele|50/100|[from] Stealth Rock
|-fieldstart|move: Psychic Terrain|[from] ability: Psychic Surge|[of] p1a: Tapu Lele
|turn|15
|
|t:|1663399825
|move|p1a: Tapu Lele|Focus Blast|p2a: Registeel
|-supereffective|p2a: Registeel
|-damage|p2a: Registeel|3/100
|move|p2a: Registeel|Amnesia|p2a: Registeel
|-boost|p2a: Registeel|spd|2
|
|upkeep
|turn|16
|
|t:|1663399831
|move|p1a: Tapu Lele|Focus Blast|p2a: Registeel
|-supereffective|p2a: Registeel
|-damage|p2a: Registeel|0 fnt
|faint|p2a: Registeel
|
|upkeep
|
|t:|1663399834
|switch|p2a: Mew|Mew|70/100
|turn|17
|
|t:|1663399843
|switch|p1a: Toxapex|Toxapex, M|100/100
|-damage|p1a: Toxapex|88/100|[from] Stealth Rock
|move|p2a: Mew|Cosmic Power|p2a: Mew
|-boost|p2a: Mew|def|1
|-boost|p2a: Mew|spd|1
|
|-heal|p1a: Toxapex|94/100|[from] item: Black Sludge
|upkeep
|turn|18
|
|t:|1663399848
|move|p2a: Mew|Taunt|p1a: Toxapex
|-start|p1a: Toxapex|move: Taunt
|cant|p1a: Toxapex|move: Taunt|Haze
|
|-heal|p1a: Toxapex|99/100|[from] item: Black Sludge
|upkeep
|turn|19
|
|t:|1663399852
|switch|p1a: Zeraora|Zeraora|100/100
|-damage|p1a: Zeraora|88/100|[from] Stealth Rock
|move|p2a: Mew|Cosmic Power|p2a: Mew
|-boost|p2a: Mew|def|1
|-boost|p2a: Mew|spd|1
|
|-fieldend|move: Psychic Terrain
|upkeep
|turn|20
|
|t:|1663399856
|move|p1a: Zeraora|Bulk Up|p1a: Zeraora
|-boost|p1a: Zeraora|atk|1
|-boost|p1a: Zeraora|def|1
|move|p2a: Mew|Stored Power|p1a: Zeraora
|-damage|p1a: Zeraora|45/100
|
|upkeep
|turn|21
|
|t:|1663399863
|move|p1a: Zeraora|Knock Off|p2a: Mew
|-supereffective|p2a: Mew
|-damage|p2a: Mew|24/100
|-enditem|p2a: Mew|Weakness Policy
|-boost|p2a: Mew|atk|2|[from] item: Weakness Policy
|-boost|p2a: Mew|spa|2|[from] item: Weakness Policy
|-damage|p1a: Zeraora|36/100|[from] item: Life Orb
|move|p2a: Mew|Stored Power|p1a: Zeraora
|-damage|p1a: Zeraora|0 fnt
|faint|p1a: Zeraora
|
|upkeep
|
|t:|1663399876
|switch|p1a: Zapdos|Zapdos|100/100
|-damage|p1a: Zapdos|76/100|[from] Stealth Rock
|turn|22
|
|t:|1663399878
|move|p2a: Mew|Stored Power|p1a: Zapdos
|-damage|p1a: Zapdos|0 fnt
|faint|p1a: Zapdos
|
|upkeep
|
|t:|1663399888
|switch|p1a: Blissey|Blissey, F|94/100
|-damage|p1a: Blissey|82/100|[from] Stealth Rock
|turn|23
|
|t:|1663399891
|move|p2a: Mew|Soft-Boiled|p2a: Mew
|-heal|p2a: Mew|74/100
|move|p1a: Blissey|Seismic Toss|p2a: Mew
|-damage|p2a: Mew|49/100
|
|-heal|p1a: Blissey|88/100|[from] item: Leftovers
|upkeep
|turn|24
|
|t:|1663399896
|move|p2a: Mew|Taunt|p1a: Blissey
|-start|p1a: Blissey|move: Taunt
|move|p1a: Blissey|Seismic Toss|p2a: Mew
|-damage|p2a: Mew|24/100
|
|-heal|p1a: Blissey|94/100|[from] item: Leftovers
|upkeep
|turn|25
|
|t:|1663399898
|move|p2a: Mew|Soft-Boiled|p2a: Mew
|-heal|p2a: Mew|74/100
|move|p1a: Blissey|Seismic Toss|p2a: Mew
|-damage|p2a: Mew|49/100
|
|-heal|p1a: Blissey|99/100|[from] item: Leftovers
|upkeep
|turn|26
|
|t:|1663399901
|move|p2a: Mew|Soft-Boiled|p2a: Mew
|-heal|p2a: Mew|99/100
|move|p1a: Blissey|Seismic Toss|p2a: Mew
|-damage|p2a: Mew|75/100
|
|-heal|p1a: Blissey|100/100|[from] item: Leftovers
|-end|p1a: Blissey|move: Taunt
|upkeep
|turn|27
|
|t:|1663399909
|move|p2a: Mew|Taunt|p1a: Blissey
|-start|p1a: Blissey|move: Taunt
|move|p1a: Blissey|Seismic Toss|p2a: Mew
|-damage|p2a: Mew|50/100
|
|upkeep
|turn|28
|
|t:|1663399917
|move|p2a: Mew|Cosmic Power|p2a: Mew
|-boost|p2a: Mew|def|1
|-boost|p2a: Mew|spd|1
|move|p1a: Blissey|Seismic Toss|p2a: Mew
|-damage|p2a: Mew|25/100
|
|upkeep
|turn|29
|
|t:|1663399919
|move|p2a: Mew|Soft-Boiled|p2a: Mew
|-heal|p2a: Mew|75/100
|move|p1a: Blissey|Seismic Toss|p2a: Mew
|-damage|p2a: Mew|50/100
|
|-end|p1a: Blissey|move: Taunt
|upkeep
|turn|30
|
|t:|1663399922
|move|p2a: Mew|Taunt|p1a: Blissey
|-start|p1a: Blissey|move: Taunt
|cant|p1a: Blissey|move: Taunt|Toxic
|
|upkeep
|turn|31
|-message|dender5 forfeited.
|
|win|Forwards
|raw|dender5's rating: 1623 &rarr; <strong>1609</strong><br />(-14 for losing)
|raw|Forwards's rating: 1726 &rarr; <strong>1740</strong><br />(+14 for winning)
|l|☆dender5
|l|☆Forwards
