|j|☆blacksponge
|j|☆Sunnchips
|t:|1655088400
|gametype|singles
|player|p1|blacksponge|lucas|1355
|player|p2|Sunnchips|burglar|1353
|teamsize|p1|6
|teamsize|p2|6
|gen|8
|tier|[Gen 8] OU
|rated|
|rule|Sleep Clause Mod: Limit one foe put to sleep
|rule|Species Clause: Limit one of each Pokémon
|rule|OHKO Clause: OHKO moves are banned
|rule|Evasion Moves Clause: Evasion moves are banned
|rule|Endless Battle Clause: Forcing endless battles is banned
|rule|HP Percentage Mod: HP is shown in percentages
|rule|Dynamax Clause: You cannot dynamax
|clearpoke
|poke|p1|Dragapult, M|
|poke|p1|Nidoking, M|
|poke|p1|Shuckle, F|
|poke|p1|Bisharp, F|
|poke|p1|Salamence, M|
|poke|p1|Latias, F|
|poke|p2|Rillaboom, M|
|poke|p2|Urshifu-*, F|
|poke|p2|Weavile, M|
|poke|p2|Togekiss, F|
|poke|p2|Volcanion|
|poke|p2|Terrakion|
|teampreview
|inactive|Battle timer is ON: inactive players will automatically lose when time's up. (requested by blacksponge)
|
|t:|1655088413
|start
|switch|p1a: Shuckle|Shuckle, F|100/100
|switch|p2a: Togekiss|Togekiss, F|100/100
|turn|1
|
|t:|1655088420
|move|p2a: Togekiss|Air Slash|p1a: Shuckle
|-damage|p1a: Shuckle|80/100
|move|p1a: Shuckle|Sticky Web|p2a: Togekiss
|-sidestart|p2: Sunnchips|move: Sticky Web
|
|upkeep
|turn|2
|
|t:|1655088426
|move|p2a: Togekiss|Air Slash|p1a: Shuckle
|-damage|p1a: Shuckle|60/100
|move|p1a: Shuckle|Stealth Rock|p2a: Togekiss
|-sidestart|p2: Sunnchips|move: Stealth Rock
|
|upkeep
|turn|3
|
|t:|1655088432
|move|p2a: Togekiss|Reflect|p2a: Togekiss
|-sidestart|p2: Sunnchips|Reflect
|move|p1a: Shuckle|Final Gambit|p2a: Togekiss
|-damage|p2a: Togekiss|54/100
|faint|p1a: Shuckle
|
|-heal|p2a: Togekiss|60/100|[from] item: Leftovers
|upkeep
|
|t:|1655088447
|switch|p1a: Latias|Latias, F|100/100
|turn|4
|
|t:|1655088451
|move|p1a: Latias|Calm Mind|p1a: Latias
|-boost|p1a: Latias|spa|1
|-boost|p1a: Latias|spd|1
|move|p2a: Togekiss|Nasty Plot|p2a: Togekiss
|-boost|p2a: Togekiss|spa|2
|
|-heal|p2a: Togekiss|66/100|[from] item: Leftovers
|upkeep
|turn|5
|
|t:|1655088459
|move|p1a: Latias|Trick|p2a: Togekiss
|-activate|p1a: Latias|move: Trick|[of] p2a: Togekiss
|-item|p2a: Togekiss|Ring Target|[from] move: Trick
|-item|p1a: Latias|Leftovers|[from] move: Trick
|move|p2a: Togekiss|Air Slash|p1a: Latias
|-damage|p1a: Latias|66/100
|
|-heal|p1a: Latias|72/100|[from] item: Leftovers
|upkeep
|turn|6
|c|☆Sunnchips|!dt ring target
|raw|<ul class="utilichart"><li class="result"><span class="col itemiconcol"><psicon item="ringtarget"></span> <span class="col namecol"><a href="https://dex.pokemonshowdown.com/items/ringtarget">Ring Target</a></span> <span class="col itemdesccol">The holder's type immunities granted solely by its typing are negated.</span> </li><li style="clear:both"></li></ul>
|raw|<font size="1"><font color="#686868">Gen:</font> 5&nbsp;|&ThickSpace;<font color="#686868">Fling Base Power:</font> 10</font>

|
|t:|1655088488
|move|p1a: Latias|Calm Mind|p1a: Latias
|-boost|p1a: Latias|spa|1
|-boost|p1a: Latias|spd|1
|move|p2a: Togekiss|Air Slash|p1a: Latias
|-damage|p1a: Latias|44/100
|
|-heal|p1a: Latias|50/100|[from] item: Leftovers
|upkeep
|turn|7
|
|t:|1655088498
|switch|p2a: Rillaboom|Rillaboom, M|100/100
|-activate|p2a: Rillaboom|move: Sticky Web
|-unboost|p2a: Rillaboom|spe|1
|-damage|p2a: Rillaboom|88/100|[from] Stealth Rock
|-fieldstart|move: Grassy Terrain|[from] ability: Grassy Surge|[of] p2a: Rillaboom
|move|p1a: Latias|Roost|p1a: Latias
|-heal|p1a: Latias|99/100
|-singleturn|p1a: Latias|move: Roost
|
|-heal|p1a: Latias|100/100|[from] item: Leftovers
|-heal|p2a: Rillaboom|94/100|[from] Grassy Terrain
|-sideend|p2: Sunnchips|Reflect
|upkeep
|turn|8
|inactive|Sunnchips has 120 seconds left.
|
|t:|1655088515
|move|p1a: Latias|Dragon Pulse|p2a: Rillaboom
|-damage|p2a: Rillaboom|12/100
|move|p2a: Rillaboom|Darkest Lariat|p1a: Latias
|-supereffective|p1a: Latias
|-damage|p1a: Latias|0 fnt
|faint|p1a: Latias
|
|-heal|p2a: Rillaboom|18/100|[from] Grassy Terrain
|upkeep
|
|t:|1655088523
|switch|p1a: Dragapult|Dragapult, M|100/100
|turn|9
|inactive|Sunnchips has 120 seconds left.
|
|t:|1655088540
|switch|p2a: Togekiss|Togekiss, F|66/100
|-damage|p2a: Togekiss|41/100|[from] Stealth Rock
|move|p1a: Dragapult|Dragon Darts|p2a: Togekiss
|-damage|p2a: Togekiss|15/100
|-anim|p1a: Dragapult|Dragon Darts|p2a: Togekiss
|-damage|p2a: Togekiss|0 fnt
|faint|p2a: Togekiss
|
|upkeep
|inactive|Sunnchips has 120 seconds left.
|
|t:|1655088575
|switch|p2a: Volcanion|Volcanion|100/100
|-activate|p2a: Volcanion|move: Sticky Web
|-unboost|p2a: Volcanion|spe|1
|-damage|p2a: Volcanion|76/100|[from] Stealth Rock
|turn|10
|
|t:|1655088580
|move|p1a: Dragapult|Dragon Darts|p2a: Volcanion
|-damage|p2a: Volcanion|54/100
|-anim|p1a: Dragapult|Dragon Darts|p2a: Volcanion
|-damage|p2a: Volcanion|33/100
|move|p2a: Volcanion|Defog|p1a: Dragapult
|-fail|p1a: Dragapult|unboost|[from] ability: Clear Body|[of] p1a: Dragapult
|-sideend|p2: Sunnchips|Stealth Rock|[from] move: Defog|[of] p2a: Volcanion
|-sideend|p2: Sunnchips|Sticky Web|[from] move: Defog|[of] p2a: Volcanion
|-fieldend|move: Grassy Terrain
|
|-heal|p2a: Volcanion|39/100|[from] item: Leftovers
|upkeep
|turn|11
|
|t:|1655088593
|move|p1a: Dragapult|Dragon Darts|p2a: Volcanion
|-damage|p2a: Volcanion|12/100
|-anim|p1a: Dragapult|Dragon Darts|p2a: Volcanion
|-damage|p2a: Volcanion|0 fnt
|faint|p2a: Volcanion
|
|upkeep
|inactive|Sunnchips has 90 seconds left.
|
|t:|1655088616
|switch|p2a: Weavile|Weavile, M|100/100
|-ability|p2a: Weavile|Pressure
|turn|12
|inactive|Sunnchips has 90 seconds left.
|
|t:|1655088621
|move|p1a: Dragapult|Dragon Darts|p2a: Weavile
|-damage|p2a: Weavile|37/100
|-anim|p1a: Dragapult|Dragon Darts|p2a: Weavile
|-damage|p2a: Weavile|0 fnt
|faint|p2a: Weavile
|
|upkeep
|inactive|Sunnchips has 90 seconds left.
|
|t:|1655088638
|switch|p2a: Terrakion|Terrakion|100/100
|turn|13
|
|t:|1655088650
|move|p1a: Dragapult|Dragon Darts|p2a: Terrakion
|-damage|p2a: Terrakion|54/100
|-anim|p1a: Dragapult|Dragon Darts|p2a: Terrakion
|-damage|p2a: Terrakion|0 fnt
|faint|p2a: Terrakion
|
|upkeep
|
|t:|1655088657
|switch|p2a: Rillaboom|Rillaboom, M|18/100
|-fieldstart|move: Grassy Terrain|[from] ability: Grassy Surge|[of] p2a: Rillaboom
|turn|14
|
|t:|1655088662
|move|p2a: Rillaboom|Grassy Glide|p1a: Dragapult
|-resisted|p1a: Dragapult
|-damage|p1a: Dragapult|48/100
|move|p1a: Dragapult|Dragon Darts|p2a: Rillaboom
|-damage|p2a: Rillaboom|0 fnt
|faint|p2a: Rillaboom
|
|-heal|p1a: Dragapult|54/100|[from] Grassy Terrain
|upkeep
|
|t:|1655088672
|switch|p2a: Urshifu|Urshifu-Rapid-Strike, F|100/100
|turn|15
|
|t:|1655088675
|move|p1a: Dragapult|Dragon Darts|p2a: Urshifu
|-damage|p2a: Urshifu|49/100
|-anim|p1a: Dragapult|Dragon Darts|p2a: Urshifu
|-damage|p2a: Urshifu|0 fnt
|faint|p2a: Urshifu
|
|win|blacksponge
|raw|blacksponge's rating: 1355 &rarr; <strong>1375</strong><br />(+20 for winning)
|raw|Sunnchips's rating: 1353 &rarr; <strong>1333</strong><br />(-20 for losing)
|c|☆blacksponge|gg
