|html|<div class="broadcast-blue"><strong>[Gen 8] OU is currently suspecting Spectrier! For information on how to participate check out the <a href="https://www.smogon.com/forums/threads/np-ss-ou-suspect-process-round-9-old-town-road.3676744/">suspect thread</a>.</strong></div>
|j|☆I'M AT MY LIMIT
|j|☆RufflesPro
|t:|1611188500
|player|p1|I'M AT MY LIMIT|dawn|
|player|p2|RufflesPro|benga|
|teamsize|p1|6
|teamsize|p2|6
|gametype|singles
|gen|8
|tier|[Gen 8] OU
|clearpoke
|poke|p1|Tyranitar, F|
|poke|p1|Excadrill, M|
|poke|p1|Skarmory, M|
|poke|p1|Reuniclus, F|
|poke|p1|Toxapex, F|
|poke|p1|Blissey, F|
|poke|p2|Tapu Lele|
|poke|p2|Cinderace, M|
|poke|p2|Slowbro, F|
|poke|p2|Porygon2|
|poke|p2|Corviknight, F|
|poke|p2|Garchomp, F|
|rule|Sleep Clause Mod: Limit one foe put to sleep
|rule|Species Clause: Limit one of each Pokémon
|rule|OHKO Clause: OHKO moves are banned
|rule|Evasion Moves Clause: Evasion moves are banned
|rule|Endless Battle Clause: Forcing endless battles is banned
|rule|HP Percentage Mod: HP is shown in percentages
|rule|Dynamax Clause: You cannot dynamax
|teampreview
|inactive|Battle timer is ON: inactive players will automatically lose when time's up. (requested by I'M AT MY LIMIT)
|inactive|I'M AT MY LIMIT has 270 seconds left.
|inactive|RufflesPro has 270 seconds left.
|
|t:|1611188559
|start
|switch|p1a: 💃|Tyranitar, F|100/100
|switch|p2a: Slowbro|Slowbro, F|100/100
|-weather|Sandstorm|[from] ability: Sand Stream|[of] p1a: 💃
|turn|1
|
|t:|1611188564
|switch|p2a: Corviknight|Corviknight, F|100/100
|-ability|p2a: Corviknight|Pressure
|move|p1a: 💃|Toxic|p2a: Corviknight
|-immune|p2a: Corviknight
|
|-weather|Sandstorm|[upkeep]
|upkeep
|turn|2
|
|t:|1611188571
|switch|p1a: 🛢|Toxapex, F|100/100
|move|p2a: Corviknight|Body Press|p1a: 🛢
|-resisted|p1a: 🛢
|-damage|p1a: 🛢|93/100
|-damage|p2a: Corviknight|84/100|[from] item: Rocky Helmet|[of] p1a: 🛢
|
|-weather|Sandstorm|[upkeep]
|-damage|p1a: 🛢|87/100|[from] Sandstorm
|upkeep
|turn|3
|
|t:|1611188577
|switch|p2a: Slowbro|Slowbro, F|100/100
|switch|p1a: 💃|Tyranitar, F|100/100
|
|-weather|Sandstorm|[upkeep]
|-damage|p2a: Slowbro|94/100|[from] Sandstorm
|upkeep
|turn|4
|
|t:|1611188581
|switch|p2a: Corviknight|Corviknight, F|84/100
|-ability|p2a: Corviknight|Pressure
|move|p1a: 💃|Stealth Rock|p2a: Corviknight
|-sidestart|p2: RufflesPro|move: Stealth Rock
|
|-weather|Sandstorm|[upkeep]
|upkeep
|turn|5
|
|t:|1611188586
|switch|p1a: SKAWWWW|Skarmory, M|100/100
|move|p2a: Corviknight|Defog|p1a: SKAWWWW
|-unboost|p1a: SKAWWWW|evasion|1
|-sideend|p2: RufflesPro|Stealth Rock|[from] move: Defog|[of] p2a: Corviknight
|
|-weather|none
|upkeep
|turn|6
|
|t:|1611188594
|move|p1a: SKAWWWW|Body Press|p2a: Corviknight
|-damage|p2a: Corviknight|63/100
|-damage|p1a: SKAWWWW|84/100|[from] item: Rocky Helmet|[of] p2a: Corviknight
|move|p2a: Corviknight|U-turn|p1a: SKAWWWW
|-resisted|p1a: SKAWWWW
|-damage|p1a: SKAWWWW|82/100
|-damage|p2a: Corviknight|47/100|[from] item: Rocky Helmet|[of] p1a: SKAWWWW
|
|t:|1611188604
|switch|p2a: Cinderace|Cinderace, M|100/100|[from]move: U-turn
|
|upkeep
|turn|7
|
|t:|1611188610
|switch|p2a: Tapu Lele|Tapu Lele|100/100
|-fieldstart|move: Psychic Terrain|[from] ability: Psychic Surge|[of] p2a: Tapu Lele
|switch|p1a: 🛢|Toxapex, F|100/100
|
|upkeep
|turn|8
|
|t:|1611188615
|move|p1a: 🛢|Baneful Bunker|p1a: 🛢
|-singleturn|p1a: 🛢|move: Protect
|move|p2a: Tapu Lele|Moonblast|p1a: 🛢
|-activate|p1a: 🛢|move: Protect
|
|upkeep
|turn|9
|c|☆RufflesPro|bruh
|
|t:|1611188623
|switch|p2a: Slowbro|Slowbro, F|100/100
|move|p1a: 🛢|Scald|p2a: Slowbro
|-resisted|p2a: Slowbro
|-crit|p2a: Slowbro
|-damage|p2a: Slowbro|88/100
|
|upkeep
|turn|10
|c|☆I'M AT MY LIMIT|W
|
|t:|1611188627
|switch|p1a: DaBaby|Reuniclus, F|100/100
|move|p2a: Slowbro|Future Sight|p1a: DaBaby
|-start|p2a: Slowbro|move: Future Sight
|
|upkeep
|turn|11
|c|☆I'M AT MY LIMIT|Not W
|
|t:|1611188635
|move|p1a: DaBaby|Calm Mind|p1a: DaBaby
|-boost|p1a: DaBaby|spa|1
|-boost|p1a: DaBaby|spd|1
|move|p2a: Slowbro|Teleport|p2a: Slowbro
|
|t:|1611188644
|switch|p2a: Porygon2|Porygon2|100/100|[from]move: Teleport
|-ability|p2a: Porygon2|Magic Guard|[from] ability: Trace|[of] p1a: DaBaby
|
|-fieldend|move: Psychic Terrain
|upkeep
|turn|12
|
|t:|1611188647
|move|p2a: Porygon2|Thunder Wave|p1a: DaBaby|[miss]
|-miss|p2a: Porygon2|p1a: DaBaby
|move|p1a: DaBaby|Calm Mind|p1a: DaBaby
|-boost|p1a: DaBaby|spa|1
|-boost|p1a: DaBaby|spd|1
|
|-end|p1a: DaBaby|move: Future Sight
|-resisted|p1a: DaBaby
|-damage|p1a: DaBaby|91/100
|-heal|p1a: DaBaby|97/100|[from] item: Leftovers
|upkeep
|turn|13
|
|t:|1611188654
|move|p2a: Porygon2|Thunder Wave|p1a: DaBaby
|-status|p1a: DaBaby|par
|move|p1a: DaBaby|Psyshock|p2a: Porygon2
|-damage|p2a: Porygon2|53/100
|
|-heal|p1a: DaBaby|100/100 par|[from] item: Leftovers
|upkeep
|turn|14
|
|t:|1611188657
|move|p2a: Porygon2|Recover|p2a: Porygon2
|-heal|p2a: Porygon2|100/100
|move|p1a: DaBaby|Calm Mind|p1a: DaBaby
|-boost|p1a: DaBaby|spa|1
|-boost|p1a: DaBaby|spd|1
|
|upkeep
|turn|15
|
|t:|1611188660
|switch|p2a: Corviknight|Corviknight, F|47/100
|-ability|p2a: Corviknight|Pressure
|move|p1a: DaBaby|Calm Mind|p1a: DaBaby
|-boost|p1a: DaBaby|spa|1
|-boost|p1a: DaBaby|spd|1
|
|upkeep
|turn|16
|
|t:|1611188662
|move|p2a: Corviknight|Roost|p2a: Corviknight
|-heal|p2a: Corviknight|97/100
|-singleturn|p2a: Corviknight|move: Roost
|move|p1a: DaBaby|Focus Blast|p2a: Corviknight
|-supereffective|p2a: Corviknight
|-damage|p2a: Corviknight|0 fnt
|faint|p2a: Corviknight
|
|upkeep
|
|t:|1611188665
|switch|p2a: Cinderace|Cinderace, M|100/100
|turn|17
|
|t:|1611188668
|move|p2a: Cinderace|Pyro Ball|p1a: DaBaby
|-damage|p1a: DaBaby|58/100 par
|move|p1a: DaBaby|Psyshock|p2a: Cinderace
|-damage|p2a: Cinderace|0 fnt
|faint|p2a: Cinderace
|
|-heal|p1a: DaBaby|64/100 par|[from] item: Leftovers
|upkeep
|c|☆RufflesPro|how
|c|☆I'M AT MY LIMIT|DaBaby
|c|☆RufflesPro|how do you hit focus blast htrough para
|c|☆RufflesPro|lool
|c|☆I'M AT MY LIMIT|Im different
|c|☆I'M AT MY LIMIT|Immune to hax if you would
|c|☆RufflesPro|anyways if t-wave hit first turn would been different
|inactive|RufflesPro has 270 seconds left.
|c|☆I'M AT MY LIMIT|Basically
|c|☆RufflesPro|chall me again
|-message|RufflesPro forfeited.
|
|win|I'M AT MY LIMIT
|l|☆RufflesPro
|c|☆I'M AT MY LIMIT|Nooo
|player|p1|I'M AT MY LIMIT|dawn
|inactive|Battle timer is ON: inactive players will automatically lose when time's up. (requested by I'M AT MY LIMIT)
