|j|‽minimax_ai
|j|☆Aim on mai wei
|t:|1667353068
|gametype|singles
|player|p1|minimax_ai|266|1607
|player|p2|Aim on mai wei|265|1896
|teamsize|p1|6
|teamsize|p2|6
|gen|8
|tier|[Gen 8] OU
|rated|
|rule|Sleep Clause Mod: Limit one foe put to sleep
|rule|Species Clause: Limit one of each Pokémon
|rule|OHKO Clause: OHKO moves are banned
|rule|Evasion Items Clause: Evasion items are banned
|rule|Evasion Moves Clause: Evasion moves are banned
|rule|Endless Battle Clause: Forcing endless battles is banned
|rule|HP Percentage Mod: HP is shown in percentages
|rule|Dynamax Clause: You cannot dynamax
|clearpoke
|poke|p1|Rotom-Wash|
|poke|p1|Weavile, M|
|poke|p1|Landorus-Therian, M|
|poke|p1|Heatran, M|
|poke|p1|Tangrowth, F|
|poke|p1|Melmetal|
|poke|p2|Rillaboom, F|
|poke|p2|Tornadus-Therian, M|
|poke|p2|Blaziken, M|
|poke|p2|Melmetal|
|poke|p2|Garchomp, F|
|poke|p2|Slowbro, F|
|teampreview
|inactive|Battle timer is ON: inactive players will automatically lose when time's up. (requested by minimax_ai)
|
|t:|1667353075
|start
|switch|p1a: Landorus|Landorus-Therian, M|100/100
|switch|p2a: Slowbro|Slowbro, F|100/100
|-ability|p1a: Landorus|Intimidate|boost
|-unboost|p2a: Slowbro|atk|1
|turn|1
|
|t:|1667353082
|move|p1a: Landorus|Toxic|p2a: Slowbro
|-status|p2a: Slowbro|tox
|move|p2a: Slowbro|Toxic|p1a: Landorus
|-status|p1a: Landorus|tox
|
|-damage|p1a: Landorus|94/100 tox|[from] psn
|-damage|p2a: Slowbro|94/100 tox|[from] psn
|upkeep
|turn|2
|j| ultimategoogolplex
|
|t:|1667353089
|switch|p1a: Rotom|Rotom-Wash|100/100
|move|p2a: Slowbro|Teleport|p2a: Slowbro
|
|t:|1667353093
|switch|p2a: Garchomp|Garchomp, F|100/100|[from]move: Teleport
|
|upkeep
|turn|3
|
|t:|1667353095
|move|p1a: Rotom|Hydro Pump|p2a: Garchomp
|-damage|p2a: Garchomp|70/100
|move|p2a: Garchomp|Stealth Rock|p1a: Rotom
|-sidestart|p1: minimax_ai|move: Stealth Rock
|
|-heal|p2a: Garchomp|76/100|[from] item: Leftovers
|upkeep
|turn|4
|
|t:|1667353100
|move|p1a: Rotom|Hydro Pump|p2a: Garchomp
|-damage|p2a: Garchomp|48/100
|move|p2a: Garchomp|Toxic|p1a: Rotom
|-status|p1a: Rotom|tox
|
|-heal|p2a: Garchomp|54/100|[from] item: Leftovers
|-damage|p1a: Rotom|94/100 tox|[from] psn
|upkeep
|turn|5
|
|t:|1667353103
|move|p2a: Garchomp|Protect|p2a: Garchomp
|-singleturn|p2a: Garchomp|Protect
|move|p1a: Rotom|Thunderbolt|p2a: Garchomp
|-activate|p2a: Garchomp|move: Protect
|
|-heal|p1a: Rotom|100/100 tox|[from] item: Leftovers
|-heal|p2a: Garchomp|60/100|[from] item: Leftovers
|-damage|p1a: Rotom|88/100 tox|[from] psn
|upkeep
|turn|6
|
|t:|1667353108
|move|p2a: Garchomp|Protect||[still]
|-fail|p2a: Garchomp
|move|p1a: Rotom|Thunderbolt|p2a: Garchomp
|-immune|p2a: Garchomp
|
|-heal|p1a: Rotom|94/100 tox|[from] item: Leftovers
|-heal|p2a: Garchomp|66/100|[from] item: Leftovers
|-damage|p1a: Rotom|75/100 tox|[from] psn
|upkeep
|turn|7
|
|t:|1667353115
|move|p1a: Rotom|Hydro Pump|p2a: Garchomp
|-damage|p2a: Garchomp|37/100
|move|p2a: Garchomp|Toxic|p1a: Rotom|[miss]
|-miss|p2a: Garchomp|p1a: Rotom
|
|-heal|p1a: Rotom|82/100 tox|[from] item: Leftovers
|-heal|p2a: Garchomp|43/100|[from] item: Leftovers
|-damage|p1a: Rotom|57/100 tox|[from] psn
|upkeep
|turn|8
|l| ultimategoogolplex
|
|t:|1667353120
|move|p2a: Garchomp|Protect|p2a: Garchomp
|-singleturn|p2a: Garchomp|Protect
|move|p1a: Rotom|Hydro Pump|p2a: Garchomp
|-activate|p2a: Garchomp|move: Protect
|
|-heal|p1a: Rotom|63/100 tox|[from] item: Leftovers
|-heal|p2a: Garchomp|50/100|[from] item: Leftovers
|-damage|p1a: Rotom|32/100 tox|[from] psn
|upkeep
|turn|9
|
|t:|1667353127
|move|p2a: Garchomp|Protect||[still]
|-fail|p2a: Garchomp
|move|p1a: Rotom|Pain Split|p2a: Garchomp
|-sethp|p2a: Garchomp|36/100|[from] move: Pain Split|[silent]
|-sethp|p1a: Rotom|50/100 tox|[from] move: Pain Split
|
|-heal|p1a: Rotom|56/100 tox|[from] item: Leftovers
|-heal|p2a: Garchomp|43/100|[from] item: Leftovers
|-damage|p1a: Rotom|19/100 tox|[from] psn
|upkeep
|turn|10
|
|t:|1667353131
|move|p2a: Garchomp|Protect|p2a: Garchomp
|-singleturn|p2a: Garchomp|Protect
|move|p1a: Rotom|Hydro Pump|p2a: Garchomp
|-activate|p2a: Garchomp|move: Protect
|
|-heal|p1a: Rotom|25/100 tox|[from] item: Leftovers
|-heal|p2a: Garchomp|49/100|[from] item: Leftovers
|-damage|p1a: Rotom|0 fnt|[from] psn
|faint|p1a: Rotom
|upkeep
|
|t:|1667353131
|switch|p1a: Melmetal|Melmetal|100/100
|-damage|p1a: Melmetal|94/100|[from] Stealth Rock
|turn|11
|
|t:|1667353135
|switch|p2a: Slowbro|Slowbro, F|100/100 tox
|move|p1a: Melmetal|Double Iron Bash|p2a: Slowbro
|-resisted|p2a: Slowbro
|-damage|p2a: Slowbro|88/100 tox
|-damage|p1a: Melmetal|78/100|[from] item: Rocky Helmet|[of] p2a: Slowbro
|-resisted|p2a: Slowbro
|-damage|p2a: Slowbro|76/100 tox
|-damage|p1a: Melmetal|61/100|[from] item: Rocky Helmet|[of] p2a: Slowbro
|-hitcount|p2a: Slowbro|2
|
|-damage|p2a: Slowbro|70/100 tox|[from] psn
|upkeep
|turn|12
|
|t:|1667353144
|move|p1a: Melmetal|Double Iron Bash|p2a: Slowbro
|-resisted|p2a: Slowbro
|-damage|p2a: Slowbro|57/100 tox
|-damage|p1a: Melmetal|45/100|[from] item: Rocky Helmet|[of] p2a: Slowbro
|-resisted|p2a: Slowbro
|-damage|p2a: Slowbro|45/100 tox
|-damage|p1a: Melmetal|28/100|[from] item: Rocky Helmet|[of] p2a: Slowbro
|-hitcount|p2a: Slowbro|2
|move|p2a: Slowbro|Teleport|p2a: Slowbro
|
|t:|1667353155
|switch|p2a: Blaziken|Blaziken, M|100/100|[from]move: Teleport
|
|upkeep
|turn|13
|
|t:|1667353160
|move|p2a: Blaziken|Flare Blitz|p1a: Melmetal
|-supereffective|p1a: Melmetal
|-damage|p1a: Melmetal|0 fnt
|faint|p1a: Melmetal
|-damage|p2a: Blaziken|89/100|[from] Recoil
|
|-heal|p2a: Blaziken|95/100|[from] item: Leftovers
|-ability|p2a: Blaziken|Speed Boost|boost
|-boost|p2a: Blaziken|spe|1
|upkeep
|
|t:|1667353160
|switch|p1a: Landorus|Landorus-Therian, M|94/100 tox
|-damage|p1a: Landorus|82/100 tox|[from] Stealth Rock
|-ability|p1a: Landorus|Intimidate|boost
|-unboost|p2a: Blaziken|atk|1
|turn|14
|
|t:|1667353177
|switch|p2a: Tornadus|Tornadus-Therian, M|100/100
|move|p1a: Landorus|Earthquake|p2a: Tornadus
|-immune|p2a: Tornadus
|
|-heal|p1a: Landorus|88/100 tox|[from] item: Leftovers
|-damage|p1a: Landorus|82/100 tox|[from] psn
|upkeep
|turn|15
|
|t:|1667353181
|move|p2a: Tornadus|Knock Off|p1a: Landorus
|-damage|p1a: Landorus|62/100 tox
|-enditem|p1a: Landorus|Leftovers|[from] move: Knock Off|[of] p2a: Tornadus
|move|p1a: Landorus|Defog|p2a: Tornadus
|-unboost|p2a: Tornadus|evasion|1
|-sideend|p1: minimax_ai|Stealth Rock|[from] move: Defog|[of] p1a: Landorus
|
|-damage|p1a: Landorus|50/100 tox|[from] psn
|upkeep
|turn|16
|
|t:|1667353187
|move|p2a: Tornadus|U-turn|p1a: Landorus
|-resisted|p1a: Landorus
|-damage|p1a: Landorus|42/100 tox
|
|t:|1667353189
|switch|p2a: Slowbro|Slowbro, F|78/100 tox|[from]move: U-turn
|move|p1a: Landorus|Earthquake|p2a: Slowbro
|-damage|p2a: Slowbro|52/100 tox
|
|-damage|p1a: Landorus|24/100 tox|[from] psn
|-damage|p2a: Slowbro|46/100 tox|[from] psn
|upkeep
|turn|17
|
|t:|1667353193
|move|p1a: Landorus|Earthquake|p2a: Slowbro
|-damage|p2a: Slowbro|17/100 tox
|move|p2a: Slowbro|Teleport|p2a: Slowbro
|
|t:|1667353197
|switch|p2a: Garchomp|Garchomp, F|49/100|[from]move: Teleport
|
|-heal|p2a: Garchomp|55/100|[from] item: Leftovers
|-damage|p1a: Landorus|0 fnt|[from] psn
|faint|p1a: Landorus
|upkeep
|
|t:|1667353197
|switch|p1a: Weavile|Weavile, M|100/100
|-ability|p1a: Weavile|Pressure
|turn|18
|
|t:|1667353202
|move|p1a: Weavile|Knock Off|p2a: Garchomp
|-damage|p2a: Garchomp|0 fnt
|-damage|p1a: Weavile|88/100|[from] ability: Rough Skin|[of] p2a: Garchomp
|-enditem|p2a: Garchomp|Leftovers|[from] move: Knock Off|[of] p1a: Weavile
|faint|p2a: Garchomp
|
|upkeep
|
|t:|1667353216
|switch|p2a: Blaziken|Blaziken, M|95/100
|turn|19
|
|t:|1667353218
|move|p1a: Weavile|Knock Off|p2a: Blaziken
|-resisted|p2a: Blaziken
|-damage|p2a: Blaziken|45/100
|-enditem|p2a: Blaziken|Leftovers|[from] move: Knock Off|[of] p1a: Weavile
|move|p2a: Blaziken|Close Combat|p1a: Weavile
|-supereffective|p1a: Weavile
|-damage|p1a: Weavile|0 fnt
|-unboost|p2a: Blaziken|def|1
|-unboost|p2a: Blaziken|spd|1
|faint|p1a: Weavile
|
|-ability|p2a: Blaziken|Speed Boost|boost
|-boost|p2a: Blaziken|spe|1
|upkeep
|
|t:|1667353218
|switch|p1a: Tangrowth|Tangrowth, F|100/100
|turn|20
|
|t:|1667353228
|move|p2a: Blaziken|Flare Blitz|p1a: Tangrowth
|-supereffective|p1a: Tangrowth
|-damage|p1a: Tangrowth|29/100
|-damage|p2a: Blaziken|28/100|[from] item: Rocky Helmet|[of] p1a: Tangrowth
|-damage|p2a: Blaziken|0 fnt|[from] Recoil
|faint|p2a: Blaziken
|move|p1a: Tangrowth|Sleep Powder|p2: Blaziken|[notarget]
|-fail|p1a: Tangrowth
|
|upkeep
|
|t:|1667353241
|switch|p2a: Tornadus|Tornadus-Therian, M|100/100
|turn|21
|
|t:|1667353247
|switch|p1a: Heatran|Heatran, M|100/100
|-item|p1a: Heatran|Air Balloon
|move|p2a: Tornadus|Knock Off|p1a: Heatran
|-damage|p1a: Heatran|82/100
|-enditem|p1a: Heatran|Air Balloon
|
|upkeep
|turn|22
|
|t:|1667353250
|move|p2a: Tornadus|U-turn|p1a: Heatran
|-resisted|p1a: Heatran
|-damage|p1a: Heatran|78/100
|
|t:|1667353254
|switch|p2a: Slowbro|Slowbro, F|50/100 tox|[from]move: U-turn
|move|p1a: Heatran|Eruption|p2a: Slowbro
|-resisted|p2a: Slowbro
|-damage|p2a: Slowbro|19/100 tox
|
|-damage|p2a: Slowbro|13/100 tox|[from] psn
|upkeep
|turn|23
|
|t:|1667353258
|switch|p2a: Tornadus|Tornadus-Therian, M|100/100
|move|p1a: Heatran|Eruption|p2a: Tornadus
|-damage|p2a: Tornadus|45/100
|
|upkeep
|turn|24
|
|t:|1667353260
|move|p2a: Tornadus|U-turn|p1a: Heatran
|-resisted|p1a: Heatran
|-damage|p1a: Heatran|75/100
|
|t:|1667353262
|switch|p2a: Slowbro|Slowbro, F|46/100 tox|[from]move: U-turn
|move|p1a: Heatran|Eruption|p2a: Slowbro
|-resisted|p2a: Slowbro
|-damage|p2a: Slowbro|19/100 tox
|
|-damage|p2a: Slowbro|12/100 tox|[from] psn
|upkeep
|turn|25
|
|t:|1667353272
|switch|p2a: Tornadus|Tornadus-Therian, M|78/100
|move|p1a: Heatran|Eruption|p2a: Tornadus
|-damage|p2a: Tornadus|21/100
|
|upkeep
|turn|26
|
|t:|1667353278
|move|p2a: Tornadus|U-turn|p1a: Heatran
|-resisted|p1a: Heatran
|-damage|p1a: Heatran|71/100
|
|t:|1667353280
|switch|p2a: Slowbro|Slowbro, F|46/100 tox|[from]move: U-turn
|move|p1a: Heatran|Eruption|p2a: Slowbro
|-resisted|p2a: Slowbro
|-damage|p2a: Slowbro|19/100 tox
|
|-damage|p2a: Slowbro|13/100 tox|[from] psn
|upkeep
|turn|27
|
|t:|1667353284
|move|p1a: Heatran|Eruption|p2a: Slowbro
|-resisted|p2a: Slowbro
|-damage|p2a: Slowbro|0 fnt
|faint|p2a: Slowbro
|
|upkeep
|
|t:|1667353294
|switch|p2a: Melmetal|Melmetal|100/100
|turn|28
|
|t:|1667353295
|switch|p1a: Tangrowth|Tangrowth, F|62/100
|move|p2a: Melmetal|Protect||[still]
|-fail|p2a: Melmetal
|
|upkeep
|turn|29
|
|t:|1667353299
|switch|p2a: Tornadus|Tornadus-Therian, M|55/100
|move|p1a: Tangrowth|Focus Blast|p2a: Tornadus
|-resisted|p2a: Tornadus
|-damage|p2a: Tornadus|39/100
|
|upkeep
|turn|30
|
|t:|1667353308
|switch|p1a: Heatran|Heatran, M|71/100
|move|p2a: Tornadus|Heat Wave|p1a: Heatran
|-start|p1a: Heatran|ability: Flash Fire
|
|upkeep
|turn|31
|
|t:|1667353317
|move|p2a: Tornadus|U-turn|p1a: Heatran
|-resisted|p1a: Heatran
|-damage|p1a: Heatran|68/100
|
|t:|1667353323
|switch|p2a: Rillaboom|Rillaboom, F|100/100|[from]move: U-turn
|-fieldstart|move: Grassy Terrain|[from] ability: Grassy Surge|[of] p2a: Rillaboom
|move|p1a: Heatran|Magma Storm|p2a: Rillaboom|[miss]
|-miss|p1a: Heatran|p2a: Rillaboom
|
|-heal|p1a: Heatran|74/100|[from] Grassy Terrain
|upkeep
|turn|32
|
|t:|1667353329
|-end|p1a: Heatran|ability: Flash Fire|[silent]
|switch|p1a: Tangrowth|Tangrowth, F|95/100
|move|p2a: Rillaboom|Drain Punch|p1a: Tangrowth
|-damage|p1a: Tangrowth|81/100
|-damage|p2a: Rillaboom|84/100|[from] item: Rocky Helmet|[of] p1a: Tangrowth
|
|-heal|p2a: Rillaboom|90/100|[from] Grassy Terrain
|-heal|p2a: Rillaboom|96/100|[from] item: Leftovers
|-heal|p1a: Tangrowth|87/100|[from] Grassy Terrain
|upkeep
|turn|33
|
|t:|1667353342
|move|p2a: Rillaboom|Swords Dance|p2a: Rillaboom
|-boost|p2a: Rillaboom|atk|2
|move|p1a: Tangrowth|Knock Off|p2a: Rillaboom
|-damage|p2a: Rillaboom|75/100
|-enditem|p2a: Rillaboom|Leftovers|[from] move: Knock Off|[of] p1a: Tangrowth
|
|-heal|p2a: Rillaboom|82/100|[from] Grassy Terrain
|-heal|p1a: Tangrowth|93/100|[from] Grassy Terrain
|upkeep
|turn|34
|
|t:|1667353348
|move|p2a: Rillaboom|Knock Off|p1a: Tangrowth
|-damage|p1a: Tangrowth|55/100
|-damage|p2a: Rillaboom|65/100|[from] item: Rocky Helmet|[of] p1a: Tangrowth
|-enditem|p1a: Tangrowth|Rocky Helmet|[from] move: Knock Off|[of] p2a: Rillaboom
|move|p1a: Tangrowth|Giga Drain|p2a: Rillaboom
|-resisted|p2a: Rillaboom
|-damage|p2a: Rillaboom|43/100
|-heal|p1a: Tangrowth|66/100|[from] drain|[of] p2a: Rillaboom
|
|-heal|p2a: Rillaboom|50/100|[from] Grassy Terrain
|-heal|p1a: Tangrowth|72/100|[from] Grassy Terrain
|upkeep
|turn|35
|
|t:|1667353352
|move|p2a: Rillaboom|Drain Punch|p1a: Tangrowth
|-damage|p1a: Tangrowth|43/100
|-heal|p2a: Rillaboom|65/100|[from] drain|[of] p1a: Tangrowth
|move|p1a: Tangrowth|Giga Drain|p2a: Rillaboom
|-resisted|p2a: Rillaboom
|-damage|p2a: Rillaboom|44/100
|-heal|p1a: Tangrowth|53/100|[from] drain|[of] p2a: Rillaboom
|
|-heal|p2a: Rillaboom|50/100|[from] Grassy Terrain
|-heal|p1a: Tangrowth|59/100|[from] Grassy Terrain
|-fieldend|move: Grassy Terrain
|upkeep
|turn|36
|
|t:|1667353357
|move|p2a: Rillaboom|Swords Dance|p2a: Rillaboom
|-boost|p2a: Rillaboom|atk|2
|move|p1a: Tangrowth|Focus Blast|p2a: Rillaboom
|-damage|p2a: Rillaboom|19/100
|
|upkeep
|turn|37
|
|t:|1667353359
|move|p2a: Rillaboom|Drain Punch|p1a: Tangrowth
|-damage|p1a: Tangrowth|16/100
|-heal|p2a: Rillaboom|41/100|[from] drain|[of] p1a: Tangrowth
|move|p1a: Tangrowth|Focus Blast|p2a: Rillaboom
|-damage|p2a: Rillaboom|7/100
|-unboost|p2a: Rillaboom|spd|1
|
|upkeep
|turn|38
|
|t:|1667353363
|move|p2a: Rillaboom|Drain Punch|p1a: Tangrowth
|-damage|p1a: Tangrowth|0 fnt
|-heal|p2a: Rillaboom|15/100|[from] drain|[of] p1a: Tangrowth
|faint|p1a: Tangrowth
|
|upkeep
|
|t:|1667353363
|switch|p1a: Heatran|Heatran, M|74/100
|turn|39
|
|t:|1667353365
|move|p1a: Heatran|Eruption|p2a: Rillaboom
|-supereffective|p2a: Rillaboom
|-damage|p2a: Rillaboom|0 fnt
|faint|p2a: Rillaboom
|
|upkeep
|
|t:|1667353375
|switch|p2a: Melmetal|Melmetal|100/100
|turn|40
|
|t:|1667353378
|move|p2a: Melmetal|Protect|p2a: Melmetal
|-singleturn|p2a: Melmetal|Protect
|move|p1a: Heatran|Eruption|p2a: Melmetal
|-activate|p2a: Melmetal|move: Protect
|
|upkeep
|turn|41
|
|t:|1667353383
|move|p1a: Heatran|Magma Storm|p2a: Melmetal|[miss]
|-miss|p1a: Heatran|p2a: Melmetal
|move|p2a: Melmetal|Superpower|p1a: Heatran
|-supereffective|p1a: Heatran
|-damage|p1a: Heatran|0 fnt
|-unboost|p2a: Melmetal|atk|1
|-unboost|p2a: Melmetal|def|1
|faint|p1a: Heatran
|
|win|Aim on mai wei
|raw|minimax_ai's rating: 1607 &rarr; <strong>1601</strong><br />(-6 for losing)
|raw|Aim on mai wei's rating: 1896 &rarr; <strong>1902</strong><br />(+6 for winning)
