|j|☆ninjadouche
|j|☆Run For Me Plz
|t:|1645032801
|gametype|singles
|player|p1|ninjadouche|burglar|1646
|player|p2|Run For Me Plz|grimsley-gen7|1746
|teamsize|p1|6
|teamsize|p2|6
|gen|8
|tier|[Gen 8] OU
|rated|
|rule|Sleep Clause Mod: Limit one foe put to sleep
|rule|Species Clause: Limit one of each Pokémon
|rule|OHKO Clause: OHKO moves are banned
|rule|Evasion Moves Clause: Evasion moves are banned
|rule|Endless Battle Clause: Forcing endless battles is banned
|rule|HP Percentage Mod: HP is shown in percentages
|rule|Dynamax Clause: You cannot dynamax
|clearpoke
|poke|p1|Marowak-Alola, F|
|poke|p1|Ninetales, F|
|poke|p1|Rotom-Wash|
|poke|p1|Gigalith, M|
|poke|p1|Conkeldurr, F|
|poke|p1|Aggron, M|
|poke|p2|Nidoking, M|
|poke|p2|Kartana|
|poke|p2|Corviknight, F|
|poke|p2|Blissey, F|
|poke|p2|Slowking, F|
|poke|p2|Buzzwole|
|teampreview
|inactive|Battle timer is ON: inactive players will automatically lose when time's up. (requested by Run For Me Plz)
|
|t:|1645032816
|start
|switch|p1a: Gigalith|Gigalith, M|100/100
|switch|p2a: Slowking|Slowking, F, shiny|100/100
|turn|1
|
|t:|1645032825
|move|p2a: Slowking|Scald|p1a: Gigalith
|-supereffective|p1a: Gigalith
|-ability|p1a: Gigalith|Sturdy
|-damage|p1a: Gigalith|1/100
|move|p1a: Gigalith|Stealth Rock|p2a: Slowking
|-sidestart|p2: Run For Me Plz|move: Stealth Rock
|
|upkeep
|turn|2
|j| Orbobo
|-enditem|p1a: Gigalith|Custap Berry|[eat]
|-activate|p1a: Gigalith|item: Custap Berry|[consumed]
|
|t:|1645032829
|move|p1a: Gigalith|Explosion|p2a: Slowking
|-damage|p2a: Slowking|0 fnt
|faint|p1a: Gigalith
|faint|p2a: Slowking
|
|upkeep
|
|t:|1645032840
|switch|p2a: Nidoking|Nidoking, M, shiny|100/100
|switch|p1a: Ninetales|Ninetales, F, shiny|100/100
|-weather|SunnyDay|[from] ability: Drought|[of] p1a: Ninetales
|-damage|p2a: Nidoking|95/100|[from] Stealth Rock
|turn|3
|j| Metalfortune333
|
|t:|1645032848
|switch|p1a: Rotom|Rotom-Wash|100/100
|move|p2a: Nidoking|Earth Power|p1a: Rotom
|-immune|p1a: Rotom|[from] ability: Levitate
|
|-weather|SunnyDay|[upkeep]
|upkeep
|turn|4
|
|t:|1645032860
|move|p2a: Nidoking|Sludge Wave|p1a: Rotom
|-damage|p1a: Rotom|34/100
|move|p1a: Rotom|Volt Switch|p2a: Nidoking
|-immune|p2a: Nidoking
|
|-weather|SunnyDay|[upkeep]
|-heal|p1a: Rotom|40/100|[from] item: Leftovers
|upkeep
|turn|5
|
|t:|1645032870
|switch|p1a: Aggron|Aggron, M|100/100
|move|p2a: Nidoking|Sludge Wave|p1a: Aggron
|-immune|p1a: Aggron
|
|-weather|SunnyDay|[upkeep]
|upkeep
|turn|6
|
|t:|1645032875
|switch|p2a: Corviknight|Corviknight, F, shiny|100/100
|-damage|p2a: Corviknight|88/100|[from] Stealth Rock
|-ability|p2a: Corviknight|Pressure
|move|p1a: Aggron|Metal Burst||[still]
|-fail|p1a: Aggron
|
|-weather|SunnyDay|[upkeep]
|-heal|p2a: Corviknight|94/100|[from] item: Leftovers
|upkeep
|turn|7
|
|t:|1645032888
|switch|p1a: Rotom|Rotom-Wash|40/100
|move|p2a: Corviknight|U-turn|p1a: Rotom
|-damage|p1a: Rotom|29/100
|
|t:|1645032898
|switch|p2a: Nidoking|Nidoking, M, shiny|95/100|[from]move: U-turn
|-damage|p2a: Nidoking|89/100|[from] Stealth Rock
|
|-weather|none
|-heal|p1a: Rotom|35/100|[from] item: Leftovers
|upkeep
|turn|8
|
|t:|1645032906
|move|p2a: Nidoking|Sludge Wave|p1a: Rotom
|-damage|p1a: Rotom|0 fnt
|faint|p1a: Rotom
|
|upkeep
|
|t:|1645032909
|switch|p1a: Ninetales|Ninetales, F, shiny|100/100
|-weather|SunnyDay|[from] ability: Drought|[of] p1a: Ninetales
|turn|9
|
|t:|1645032913
|switch|p2a: Blissey|Blissey, F, shiny|100/100
|move|p1a: Ninetales|Overheat|p2a: Blissey
|-damage|p2a: Blissey|60/100
|-unboost|p1a: Ninetales|spa|2
|
|-weather|SunnyDay|[upkeep]
|upkeep
|turn|10
|
|t:|1645032916
|switch|p1a: Marowak|Marowak-Alola, F|100/100
|move|p2a: Blissey|Thunder Wave|p1a: Marowak
|-ability|p1a: Marowak|Lightning Rod|boost
|-boost|p1a: Marowak|spa|1
|
|-weather|SunnyDay|[upkeep]
|upkeep
|turn|11
|
|t:|1645032927
|switch|p2a: Kartana|Kartana, shiny|100/100
|-damage|p2a: Kartana|94/100|[from] Stealth Rock
|move|p1a: Marowak|Substitute|p1a: Marowak
|-start|p1a: Marowak|Substitute
|-damage|p1a: Marowak|76/100
|
|-weather|SunnyDay|[upkeep]
|upkeep
|turn|12
|
|t:|1645032932
|-singleturn|p1a: Marowak|move: Focus Punch
|move|p2a: Kartana|Knock Off|p1a: Marowak
|-supereffective|p1a: Marowak
|-end|p1a: Marowak|Substitute
|move|p1a: Marowak|Focus Punch|p2a: Kartana
|-supereffective|p2a: Kartana
|-damage|p2a: Kartana|0 fnt
|faint|p2a: Kartana
|
|-weather|SunnyDay|[upkeep]
|upkeep
|
|t:|1645032934
|switch|p2a: Nidoking|Nidoking, M, shiny|89/100
|-damage|p2a: Nidoking|83/100|[from] Stealth Rock
|turn|13
|
|t:|1645032942
|switch|p1a: Aggron|Aggron, M|100/100
|move|p2a: Nidoking|Earth Power|p1a: Aggron
|-supereffective|p1a: Aggron
|-ability|p1a: Aggron|Sturdy
|-damage|p1a: Aggron|1/100
|
|-weather|none
|upkeep
|turn|14
|-enditem|p1a: Aggron|Custap Berry|[eat]
|-activate|p1a: Aggron|item: Custap Berry|[consumed]
|
|t:|1645032945
|switch|p2a: Corviknight|Corviknight, F, shiny|94/100
|-damage|p2a: Corviknight|82/100|[from] Stealth Rock
|-ability|p2a: Corviknight|Pressure
|move|p1a: Aggron|Endeavor|p2a: Corviknight
|-damage|p2a: Corviknight|1/100
|
|-heal|p2a: Corviknight|7/100|[from] item: Leftovers
|upkeep
|turn|15
|
|t:|1645032948
|move|p2a: Corviknight|Defog|p1a: Aggron
|-unboost|p1a: Aggron|evasion|1
|-sideend|p2: Run For Me Plz|Stealth Rock|[from] move: Defog|[of] p2a: Corviknight
|move|p1a: Aggron|Endeavor|p2a: Corviknight
|-damage|p2a: Corviknight|1/100
|
|-heal|p2a: Corviknight|7/100|[from] item: Leftovers
|upkeep
|turn|16
|
|t:|1645032952
|move|p2a: Corviknight|U-turn|p1a: Aggron
|-resisted|p1a: Aggron
|-damage|p1a: Aggron|0 fnt
|faint|p1a: Aggron
|
|t:|1645032960
|switch|p2a: Nidoking|Nidoking, M, shiny|83/100|[from]move: U-turn
|
|upkeep
|
|t:|1645032963
|switch|p1a: Ninetales|Ninetales, F, shiny|100/100
|-weather|SunnyDay|[from] ability: Drought|[of] p1a: Ninetales
|turn|17
|
|t:|1645032968
|switch|p2a: Corviknight|Corviknight, F, shiny|7/100
|-ability|p2a: Corviknight|Pressure
|move|p1a: Ninetales|Overheat|p2a: Corviknight
|-supereffective|p2a: Corviknight
|-damage|p2a: Corviknight|0 fnt
|-unboost|p1a: Ninetales|spa|2
|faint|p2a: Corviknight
|
|-weather|SunnyDay|[upkeep]
|upkeep
|
|t:|1645032971
|switch|p2a: Blissey|Blissey, F, shiny|60/100
|turn|18
|
|t:|1645032978
|switch|p1a: Conkeldurr|Conkeldurr, F|100/100
|move|p2a: Blissey|Teleport|p2a: Blissey
|
|t:|1645032983
|switch|p2a: Buzzwole|Buzzwole|100/100|[from]move: Teleport
|
|-weather|SunnyDay|[upkeep]
|upkeep
|turn|19
|j| Mountain Climb
|
|t:|1645032987
|switch|p1a: Marowak|Marowak-Alola, F|76/100
|move|p2a: Buzzwole|Bulk Up|p2a: Buzzwole
|-boost|p2a: Buzzwole|atk|1
|-boost|p2a: Buzzwole|def|1
|
|-weather|SunnyDay|[upkeep]
|upkeep
|turn|20
|
|t:|1645032991
|move|p2a: Buzzwole|Bulk Up|p2a: Buzzwole
|-boost|p2a: Buzzwole|atk|1
|-boost|p2a: Buzzwole|def|1
|move|p1a: Marowak|Flare Blitz|p2a: Buzzwole
|-supereffective|p2a: Buzzwole
|-damage|p2a: Buzzwole|24/100
|-damage|p1a: Marowak|42/100|[from] Recoil
|
|-weather|SunnyDay|[upkeep]
|upkeep
|turn|21
|
|t:|1645032994
|move|p2a: Buzzwole|Roost|p2a: Buzzwole
|-heal|p2a: Buzzwole|74/100
|-singleturn|p2a: Buzzwole|move: Roost
|move|p1a: Marowak|Flare Blitz|p2a: Buzzwole
|-supereffective|p2a: Buzzwole
|-damage|p2a: Buzzwole|0 fnt
|faint|p2a: Buzzwole
|-damage|p1a: Marowak|9/100|[from] Recoil
|
|-weather|none
|upkeep
|
|t:|1645032997
|switch|p2a: Nidoking|Nidoking, M, shiny|83/100
|turn|22
|
|t:|1645033003
|move|p2a: Nidoking|Earth Power|p1a: Marowak
|-supereffective|p1a: Marowak
|-damage|p1a: Marowak|0 fnt
|faint|p1a: Marowak
|
|upkeep
|
|t:|1645033006
|switch|p1a: Conkeldurr|Conkeldurr, F|100/100
|turn|23
|
|t:|1645033010
|move|p2a: Nidoking|Sludge Wave|p1a: Conkeldurr
|-damage|p1a: Conkeldurr|30/100
|move|p1a: Conkeldurr|Earthquake|p2a: Nidoking
|-supereffective|p2a: Nidoking
|-damage|p2a: Nidoking|0 fnt
|faint|p2a: Nidoking
|
|upkeep
|
|t:|1645033013
|switch|p2a: Blissey|Blissey, F, shiny|60/100
|turn|24
|c|☆ninjadouche|gg
|
|t:|1645033022
|move|p1a: Conkeldurr|Mach Punch|p2a: Blissey
|-supereffective|p2a: Blissey
|-damage|p2a: Blissey|8/100
|move|p2a: Blissey|Thunder Wave|p1a: Conkeldurr|[miss]
|-miss|p2a: Blissey|p1a: Conkeldurr
|
|upkeep
|turn|25
|
|t:|1645033025
|move|p1a: Conkeldurr|Mach Punch|p2a: Blissey
|-supereffective|p2a: Blissey
|-damage|p2a: Blissey|0 fnt
|faint|p2a: Blissey
|
|win|ninjadouche
|raw|ninjadouche's rating: 1646 &rarr; <strong>1672</strong><br />(+26 for winning)
|raw|Run For Me Plz's rating: 1746 &rarr; <strong>1720</strong><br />(-26 for losing)
|l|☆Run For Me Plz
|l| Orbobo
||Ladder isn't responding, score probably updated but might not have (Request timeout).
