|j|☆HolkyPola
|j|☆Adel19
|t:|1664348778
|gametype|singles
|player|p1|HolkyPola|rood|1743
|player|p2|Adel19|102|1713
|teamsize|p1|6
|teamsize|p2|6
|gen|8
|tier|[Gen 8] OU
|rated|
|rule|Sleep Clause Mod: Limit one foe put to sleep
|rule|Species Clause: Limit one of each Pokémon
|rule|OHKO Clause: OHKO moves are banned
|rule|Evasion Items Clause: Evasion items are banned
|rule|Evasion Moves Clause: Evasion moves are banned
|rule|Endless Battle Clause: Forcing endless battles is banned
|rule|HP Percentage Mod: HP is shown in percentages
|rule|Dynamax Clause: You cannot dynamax
|clearpoke
|poke|p1|Ninetales-Alola, F|
|poke|p1|Gyarados, M|
|poke|p1|Tornadus-Therian, M|
|poke|p1|Scolipede, F|
|poke|p1|Blissey, F|
|poke|p1|Landorus-Therian, M|
|poke|p2|Landorus-Therian, M|
|poke|p2|Tapu Fini|
|poke|p2|Zapdos|
|poke|p2|Blissey, F|
|poke|p2|Kartana|
|poke|p2|Dragapult, F|
|teampreview
|j| yzgcyclone
|
|t:|1664348788
|start
|switch|p1a: Landorus|Landorus-Therian, M|100/100
|switch|p2a: Dragapult|Dragapult, F|100/100
|-ability|p1a: Landorus|Intimidate|boost
|-unboost|p2a: Dragapult|atk|1
|turn|1
|
|t:|1664348794
|move|p2a: Dragapult|Draco Meteor|p1a: Landorus
|-damage|p1a: Landorus|7/100
|-unboost|p2a: Dragapult|spa|2
|move|p1a: Landorus|Earthquake|p2a: Dragapult
|-damage|p2a: Dragapult|12/100
|
|-heal|p1a: Landorus|13/100|[from] item: Leftovers
|upkeep
|turn|2
|
|t:|1664348804
|switch|p2a: Landorus|Landorus-Therian, M|100/100
|-ability|p2a: Landorus|Intimidate|boost
|-unboost|p1a: Landorus|atk|1
|switch|p1a: Tornadus|Tornadus-Therian, M|100/100
|
|upkeep
|turn|3
|j| please bargin
|
|t:|1664348816
|switch|p1a: Landorus|Landorus-Therian, M|13/100
|-ability|p1a: Landorus|Intimidate|boost
|-unboost|p2a: Landorus|atk|1
|move|p2a: Landorus|Substitute|p2a: Landorus
|-start|p2a: Landorus|Substitute
|-damage|p2a: Landorus|76/100
|
|-heal|p1a: Landorus|19/100|[from] item: Leftovers
|upkeep
|turn|4
|j| gare23limit
|
|t:|1664348822
|move|p2a: Landorus|Stone Edge|p1a: Landorus
|-damage|p1a: Landorus|0 fnt
|faint|p1a: Landorus
|
|upkeep
|
|t:|1664348827
|switch|p1a: Ninetales|Ninetales-Alola, F|100/100
|-weather|Hail|[from] ability: Snow Warning|[of] p1a: Ninetales
|turn|5
|
|t:|1664348832
|move|p1a: Ninetales|Aurora Veil|p1a: Ninetales
|-sidestart|p1: HolkyPola|move: Aurora Veil
|move|p2a: Landorus|Stone Edge|p1a: Ninetales
|-supereffective|p1a: Ninetales
|-damage|p1a: Ninetales|58/100
|
|-weather|Hail|[upkeep]
|-damage|p2a: Landorus|70/100|[from] Hail
|upkeep
|turn|6
|
|t:|1664348839
|move|p1a: Ninetales|Freeze-Dry|p2a: Landorus
|-supereffective|p2a: Landorus
|-end|p2a: Landorus|Substitute
|move|p2a: Landorus|Stone Edge|p1a: Ninetales
|-supereffective|p1a: Ninetales
|-damage|p1a: Ninetales|19/100
|
|-weather|Hail|[upkeep]
|-damage|p2a: Landorus|64/100|[from] Hail
|upkeep
|turn|7
|
|t:|1664348846
|switch|p1a: Scolipede|Scolipede, F|100/100
|switch|p2a: Blissey|Blissey, F|100/100
|
|-weather|Hail|[upkeep]
|-damage|p1a: Scolipede|94/100|[from] Hail
|-damage|p2a: Blissey|94/100|[from] Hail
|-heal|p1a: Scolipede|100/100|[from] item: Leftovers
|upkeep
|turn|8
|j| eisala
|
|t:|1664348864
|switch|p2a: Landorus|Landorus-Therian, M|64/100
|-ability|p2a: Landorus|Intimidate|boost
|-unboost|p1a: Scolipede|atk|1
|move|p1a: Scolipede|Swords Dance|p1a: Scolipede
|-boost|p1a: Scolipede|atk|2
|
|-weather|Hail|[upkeep]
|-damage|p2a: Landorus|58/100|[from] Hail
|-damage|p1a: Scolipede|94/100|[from] Hail
|-heal|p1a: Scolipede|100/100|[from] item: Leftovers
|-ability|p1a: Scolipede|Speed Boost|boost
|-boost|p1a: Scolipede|spe|1
|upkeep
|turn|9
|j| t-yeu
|
|t:|1664348871
|switch|p2a: Zapdos|Zapdos|100/100
|move|p1a: Scolipede|Aqua Tail|p2a: Zapdos|[miss]
|-miss|p1a: Scolipede|p2a: Zapdos
|
|-weather|none
|-ability|p1a: Scolipede|Speed Boost|boost
|-boost|p1a: Scolipede|spe|1
|upkeep
|turn|10
|
|t:|1664348877
|switch|p2a: Landorus|Landorus-Therian, M|58/100
|-ability|p2a: Landorus|Intimidate|boost
|-unboost|p1a: Scolipede|atk|1
|move|p1a: Scolipede|Swords Dance|p1a: Scolipede
|-boost|p1a: Scolipede|atk|2
|
|-ability|p1a: Scolipede|Speed Boost|boost
|-boost|p1a: Scolipede|spe|1
|upkeep
|turn|11
|
|t:|1664348882
|switch|p2a: Zapdos|Zapdos|100/100
|move|p1a: Scolipede|Aqua Tail|p2a: Zapdos
|-crit|p2a: Zapdos
|-damage|p2a: Zapdos|41/100
|
|-ability|p1a: Scolipede|Speed Boost|boost
|-boost|p1a: Scolipede|spe|1
|upkeep
|turn|12
|j| Ferenc Liszt
|j| EpicBreadGuy
|
|t:|1664348889
|move|p1a: Scolipede|Swords Dance|p1a: Scolipede
|-boost|p1a: Scolipede|atk|2
|move|p2a: Zapdos|Volt Switch|p1a: Scolipede
|-damage|p1a: Scolipede|78/100
|
|t:|1664348891
|switch|p2a: Landorus|Landorus-Therian, M|58/100|[from]move: Volt Switch
|-ability|p2a: Landorus|Intimidate|boost
|-unboost|p1a: Scolipede|atk|1
|
|-heal|p1a: Scolipede|84/100|[from] item: Leftovers
|-sideend|p1: HolkyPola|move: Aurora Veil
|-ability|p1a: Scolipede|Speed Boost|boost
|-boost|p1a: Scolipede|spe|1
|upkeep
|turn|13
|
|t:|1664348897
|switch|p2a: Zapdos|Zapdos|41/100
|move|p1a: Scolipede|Swords Dance|p1a: Scolipede
|-boost|p1a: Scolipede|atk|2
|
|-heal|p1a: Scolipede|90/100|[from] item: Leftovers
|-ability|p1a: Scolipede|Speed Boost|boost
|-boost|p1a: Scolipede|spe|1
|upkeep
|turn|14
|
|t:|1664348901
|move|p1a: Scolipede|Poison Jab|p2a: Zapdos
|-damage|p2a: Zapdos|0 fnt
|-status|p1a: Scolipede|par|[from] ability: Static|[of] p2a: Zapdos
|faint|p2a: Zapdos
|
|-heal|p1a: Scolipede|96/100 par|[from] item: Leftovers
|upkeep
|
|t:|1664348907
|switch|p2a: Landorus|Landorus-Therian, M|58/100
|-ability|p2a: Landorus|Intimidate|boost
|-unboost|p1a: Scolipede|atk|1
|turn|15
|
|t:|1664348911
|move|p1a: Scolipede|Aqua Tail|p2a: Landorus
|-supereffective|p2a: Landorus
|-damage|p2a: Landorus|0 fnt
|faint|p2a: Landorus
|
|-heal|p1a: Scolipede|100/100 par|[from] item: Leftovers
|upkeep
|
|t:|1664348914
|switch|p2a: Dragapult|Dragapult, F|12/100
|turn|16
|
|t:|1664348919
|move|p1a: Scolipede|Poison Jab|p2a: Dragapult
|-resisted|p2a: Dragapult
|-damage|p2a: Dragapult|0 fnt
|faint|p2a: Dragapult
|
|upkeep
|-message|Adel19 forfeited.
|
|win|HolkyPola
|raw|HolkyPola's rating: 1743 &rarr; <strong>1761</strong><br />(+18 for winning)
|raw|Adel19's rating: 1713 &rarr; <strong>1695</strong><br />(-18 for losing)
|l|☆Adel19
|l|☆HolkyPola
|l| Ferenc Liszt
|l| EpicBreadGuy
|l| yzgcyclone
