|j|‽Capital Cruiser
|j|☆GGeorgie◕‿◕
|t:|1661651959
|gametype|singles
|player|p1|Capital Cruiser|cheren-gen5bw2|1635
|player|p2|GGeorgie◕‿◕|hiker-gen2|1674
|teamsize|p1|6
|teamsize|p2|6
|gen|8
|tier|[Gen 8] OU
|rated|
|rule|Sleep Clause Mod: Limit one foe put to sleep
|rule|Species Clause: Limit one of each Pokémon
|rule|OHKO Clause: OHKO moves are banned
|rule|Evasion Items Clause: Evasion items are banned
|rule|Evasion Moves Clause: Evasion moves are banned
|rule|Endless Battle Clause: Forcing endless battles is banned
|rule|HP Percentage Mod: HP is shown in percentages
|rule|Dynamax Clause: You cannot dynamax
|clearpoke
|poke|p1|Slowking-Galar, F|
|poke|p1|Buzzwole|
|poke|p1|Garchomp, M|
|poke|p1|Heatran, F|
|poke|p1|Tapu Fini|
|poke|p1|Zapdos|
|poke|p2|Zapdos|
|poke|p2|Tyranitar, M|
|poke|p2|Landorus-Therian, M|
|poke|p2|Excadrill, M|
|poke|p2|Clefable, M|
|poke|p2|Ferrothorn, F|
|teampreview
|inactive|Battle timer is ON: inactive players will automatically lose when time's up. (requested by Capital Cruiser)
|
|t:|1661651976
|start
|switch|p1a: Heatran|Heatran, F, shiny|100/100
|switch|p2a: Zapdos|Zapdos|100/100
|turn|1
|
|t:|1661651980
|move|p2a: Zapdos|Volt Switch|p1a: Heatran
|-damage|p1a: Heatran|66/100
|
|t:|1661651982
|switch|p2a: Tyranitar|Tyranitar, M, shiny|100/100|[from]move: Volt Switch
|-weather|Sandstorm|[from] ability: Sand Stream|[of] p2a: Tyranitar
|move|p1a: Heatran|Lava Plume|p2a: Tyranitar
|-resisted|p2a: Tyranitar
|-damage|p2a: Tyranitar|89/100
|-status|p2a: Tyranitar|brn
|
|-weather|Sandstorm|[upkeep]
|-damage|p2a: Tyranitar|83/100 brn|[from] brn
|upkeep
|turn|2
|
|t:|1661651991
|switch|p1a: Tapu Fini|Tapu Fini, shiny|100/100
|-fieldstart|move: Misty Terrain|[from] ability: Misty Surge|[of] p1a: Tapu Fini
|move|p2a: Tyranitar|Earthquake|p1a: Tapu Fini
|-damage|p1a: Tapu Fini|89/100
|
|-weather|Sandstorm|[upkeep]
|-damage|p1a: Tapu Fini|83/100|[from] Sandstorm
|-heal|p1a: Tapu Fini|89/100|[from] item: Leftovers
|-damage|p2a: Tyranitar|77/100 brn|[from] brn
|upkeep
|turn|3
|
|t:|1661651995
|move|p2a: Tyranitar|Stealth Rock|p1a: Tapu Fini
|-sidestart|p1: Capital Cruiser|move: Stealth Rock
|move|p1a: Tapu Fini|Nature's Madness|p2a: Tyranitar
|-damage|p2a: Tyranitar|39/100 brn
|
|-weather|Sandstorm|[upkeep]
|-damage|p1a: Tapu Fini|83/100|[from] Sandstorm
|-heal|p1a: Tapu Fini|89/100|[from] item: Leftovers
|-damage|p2a: Tyranitar|33/100 brn|[from] brn
|upkeep
|turn|4
|
|t:|1661651999
|switch|p2a: Ferrothorn|Ferrothorn, F, shiny|100/100
|move|p1a: Tapu Fini|Defog|p2a: Ferrothorn
|-unboost|p2a: Ferrothorn|evasion|1
|-sideend|p1: Capital Cruiser|Stealth Rock|[from] move: Defog|[of] p1a: Tapu Fini
|-fieldend|Misty Terrain
|
|-weather|Sandstorm|[upkeep]
|-damage|p1a: Tapu Fini|83/100|[from] Sandstorm
|-heal|p1a: Tapu Fini|89/100|[from] item: Leftovers
|upkeep
|turn|5
|
|t:|1661652004
|switch|p1a: Heatran|Heatran, F, shiny|66/100
|move|p2a: Ferrothorn|Power Whip|p1a: Heatran
|-resisted|p1a: Heatran
|-damage|p1a: Heatran|58/100
|
|-weather|none
|upkeep
|turn|6
|
|t:|1661652008
|switch|p2a: Tyranitar|Tyranitar, M, shiny|33/100 brn
|-weather|Sandstorm|[from] ability: Sand Stream|[of] p2a: Tyranitar
|move|p1a: Heatran|Stealth Rock|p2a: Tyranitar
|-sidestart|p2: GGeorgie◕‿◕|move: Stealth Rock
|
|-weather|Sandstorm|[upkeep]
|-damage|p2a: Tyranitar|27/100 brn|[from] brn
|upkeep
|turn|7
|
|t:|1661652013
|switch|p1a: Garchomp|Garchomp, M, shiny|100/100
|move|p2a: Tyranitar|Earthquake|p1a: Garchomp
|-damage|p1a: Garchomp|87/100
|
|-weather|Sandstorm|[upkeep]
|-damage|p2a: Tyranitar|20/100 brn|[from] brn
|upkeep
|turn|8
|
|t:|1661652016
|move|p2a: Tyranitar|Stealth Rock|p1a: Garchomp
|-sidestart|p1: Capital Cruiser|move: Stealth Rock
|move|p1a: Garchomp|Swords Dance|p1a: Garchomp
|-boost|p1a: Garchomp|atk|2
|
|-weather|Sandstorm|[upkeep]
|-damage|p2a: Tyranitar|14/100 brn|[from] brn
|upkeep
|turn|9
|
|t:|1661652021
|switch|p2a: Clefable|Clefable, M|100/100
|move|p1a: Garchomp|Rock Slide|p2a: Clefable
|-damage|p2a: Clefable|59/100
|
|-weather|Sandstorm|[upkeep]
|upkeep
|turn|10
|
|t:|1661652026
|switch|p2a: Landorus|Landorus-Therian, M|100/100
|-damage|p2a: Landorus|88/100|[from] Stealth Rock
|-ability|p2a: Landorus|Intimidate|boost
|-unboost|p1a: Garchomp|atk|1
|move|p1a: Garchomp|Earthquake|p2a: Landorus
|-immune|p2a: Landorus
|
|-weather|none
|upkeep
|turn|11
|
|t:|1661652029
|move|p2a: Landorus|Earthquake|p1a: Garchomp
|-damage|p1a: Garchomp|41/100
|move|p1a: Garchomp|Aqua Tail|p2a: Landorus
|-supereffective|p2a: Landorus
|-crit|p2a: Landorus
|-damage|p2a: Landorus|0 fnt
|faint|p2a: Landorus
|
|upkeep
|
|t:|1661652034
|switch|p2a: Excadrill|Excadrill, M|100/100
|-damage|p2a: Excadrill|97/100|[from] Stealth Rock
|turn|12
|
|t:|1661652038
|move|p2a: Excadrill|Earthquake|p1a: Garchomp
|-damage|p1a: Garchomp|0 fnt
|faint|p1a: Garchomp
|
|-heal|p2a: Excadrill|100/100|[from] item: Leftovers
|upkeep
|
|t:|1661652046
|switch|p1a: Buzzwole|Buzzwole|100/100
|-damage|p1a: Buzzwole|88/100|[from] Stealth Rock
|turn|13
|
|t:|1661652050
|switch|p2a: Tyranitar|Tyranitar, M, shiny|14/100 brn
|-damage|p2a: Tyranitar|2/100 brn|[from] Stealth Rock
|-weather|Sandstorm|[from] ability: Sand Stream|[of] p2a: Tyranitar
|move|p1a: Buzzwole|Close Combat|p2a: Tyranitar
|-supereffective|p2a: Tyranitar
|-damage|p2a: Tyranitar|0 fnt
|-unboost|p1a: Buzzwole|def|1
|-unboost|p1a: Buzzwole|spd|1
|faint|p2a: Tyranitar
|-ability|p1a: Buzzwole|Beast Boost|boost
|-boost|p1a: Buzzwole|atk|1
|
|-weather|Sandstorm|[upkeep]
|-damage|p1a: Buzzwole|82/100|[from] Sandstorm
|upkeep
|
|t:|1661652055
|switch|p2a: Clefable|Clefable, M|59/100
|turn|14
|
|t:|1661652059
|switch|p1a: Slowking|Slowking-Galar, F, shiny|100/100
|-damage|p1a: Slowking|88/100|[from] Stealth Rock
|move|p2a: Clefable|Soft-Boiled|p2a: Clefable
|-heal|p2a: Clefable|100/100
|
|-weather|Sandstorm|[upkeep]
|-damage|p1a: Slowking|82/100|[from] Sandstorm
|-heal|p1a: Slowking|88/100|[from] item: Black Sludge
|upkeep
|turn|15
|
|t:|1661652064
|move|p2a: Clefable|Calm Mind|p2a: Clefable
|-boost|p2a: Clefable|spa|1
|-boost|p2a: Clefable|spd|1
|move|p1a: Slowking|Focus Blast|p2a: Clefable|[miss]
|-miss|p1a: Slowking|p2a: Clefable
|
|-weather|Sandstorm|[upkeep]
|-damage|p1a: Slowking|82/100|[from] Sandstorm
|-heal|p1a: Slowking|88/100|[from] item: Black Sludge
|upkeep
|turn|16
|
|t:|1661652068
|move|p2a: Clefable|Calm Mind|p2a: Clefable
|-boost|p2a: Clefable|spa|1
|-boost|p2a: Clefable|spd|1
|move|p1a: Slowking|Sludge Bomb|p2a: Clefable
|-supereffective|p2a: Clefable
|-damage|p2a: Clefable|71/100
|
|-weather|Sandstorm|[upkeep]
|-damage|p1a: Slowking|82/100|[from] Sandstorm
|-heal|p1a: Slowking|88/100|[from] item: Black Sludge
|upkeep
|turn|17
|
|t:|1661652073
|move|p2a: Clefable|Calm Mind|p2a: Clefable
|-boost|p2a: Clefable|spa|1
|-boost|p2a: Clefable|spd|1
|move|p1a: Slowking|Future Sight|p2a: Clefable
|-start|p1a: Slowking|move: Future Sight
|
|-weather|none
|-heal|p1a: Slowking|94/100|[from] item: Black Sludge
|upkeep
|turn|18
|
|t:|1661652077
|switch|p1a: Heatran|Heatran, F, shiny|58/100
|-damage|p1a: Heatran|46/100|[from] Stealth Rock
|move|p2a: Clefable|Soft-Boiled|p2a: Clefable
|-heal|p2a: Clefable|100/100
|
|upkeep
|turn|19
|
|t:|1661652081
|move|p2a: Clefable|Thunder|p1a: Heatran
|-damage|p1a: Heatran|0 fnt
|faint|p1a: Heatran
|
|-end|p2a: Clefable|move: Future Sight
|-damage|p2a: Clefable|83/100
|upkeep
|-message|Capital Cruiser forfeited.
|
|win|GGeorgie◕‿◕
|raw|Capital Cruiser's rating: 1635 &rarr; <strong>1617</strong><br />(-18 for losing)
|raw|GGeorgie◕‿◕'s rating: 1674 &rarr; <strong>1692</strong><br />(+18 for winning)
|l|‽Capital Cruiser
