|j|☆El Stefano
|j|☆Yukrazy
|t:|1652769148
|gametype|singles
|player|p1|El Stefano|265|1492
|player|p2|Yukrazy|102|1477
|teamsize|p1|6
|teamsize|p2|6
|gen|8
|tier|[Gen 8] OU
|rated|
|rule|Sleep Clause Mod: Limit one foe put to sleep
|rule|Species Clause: Limit one of each Pokémon
|rule|OHKO Clause: OHKO moves are banned
|rule|Evasion Moves Clause: Evasion moves are banned
|rule|Endless Battle Clause: Forcing endless battles is banned
|rule|HP Percentage Mod: HP is shown in percentages
|rule|Dynamax Clause: You cannot dynamax
|clearpoke
|poke|p1|Tapu Koko|
|poke|p1|Torkoal, F|
|poke|p1|Venusaur, M|
|poke|p1|Heatran, M|
|poke|p1|Rillaboom, M|
|poke|p1|Landorus-Therian, M|
|poke|p2|Mew|
|poke|p2|Zapdos-Galar|
|poke|p2|Zeraora|
|poke|p2|Volcarona, M|
|poke|p2|Dragapult, F|
|poke|p2|Kartana|
|teampreview
|inactive|Battle timer is ON: inactive players will automatically lose when time's up. (requested by Yukrazy)
|
|t:|1652769160
|start
|switch|p1a: Landorus|Landorus-Therian, M|100/100
|switch|p2a: Mew|Mew|100/100
|-ability|p1a: Landorus|Intimidate|boost
|-unboost|p2a: Mew|atk|1
|turn|1
|
|t:|1652769164
|move|p1a: Landorus|Knock Off|p2a: Mew
|-supereffective|p2a: Mew
|-enditem|p2a: Mew|Colbur Berry|[eat]
|-enditem|p2a: Mew|Colbur Berry|[weaken]
|-damage|p2a: Mew|70/100
|move|p2a: Mew|Stealth Rock|p1a: Landorus
|-sidestart|p1: El Stefano|move: Stealth Rock
|
|upkeep
|turn|2
|
|t:|1652769169
|switch|p1a: Tapu Koko|Tapu Koko|100/100
|-damage|p1a: Tapu Koko|88/100|[from] Stealth Rock
|-fieldstart|move: Electric Terrain|[from] ability: Electric Surge|[of] p1a: Tapu Koko
|move|p2a: Mew|Spikes|p1a: Tapu Koko
|-sidestart|p1: El Stefano|Spikes
|
|-heal|p1a: Tapu Koko|94/100|[from] item: Leftovers
|upkeep
|turn|3
|
|t:|1652769171
|move|p1a: Tapu Koko|Defog|p2a: Mew
|-unboost|p2a: Mew|evasion|1
|-sideend|p1: El Stefano|Spikes|[from] move: Defog|[of] p1a: Tapu Koko
|-sideend|p1: El Stefano|Stealth Rock|[from] move: Defog|[of] p1a: Tapu Koko
|-fieldend|move: Electric Terrain
|move|p2a: Mew|Spikes|p1a: Tapu Koko
|-sidestart|p1: El Stefano|Spikes
|
|-heal|p1a: Tapu Koko|99/100|[from] item: Leftovers
|upkeep
|turn|4
|
|t:|1652769175
|move|p1a: Tapu Koko|Thunderbolt|p2a: Mew
|-damage|p2a: Mew|35/100
|move|p2a: Mew|Taunt|p1a: Tapu Koko
|-start|p1a: Tapu Koko|move: Taunt
|
|-heal|p1a: Tapu Koko|100/100|[from] item: Leftovers
|upkeep
|turn|5
|
|t:|1652769179
|move|p1a: Tapu Koko|Thunderbolt|p2a: Mew
|-damage|p2a: Mew|1/100
|move|p2a: Mew|Stealth Rock|p1a: Tapu Koko
|-sidestart|p1: El Stefano|move: Stealth Rock
|
|upkeep
|turn|6
|
|t:|1652769194
|move|p1a: Tapu Koko|Thunderbolt|p2a: Mew
|-damage|p2a: Mew|0 fnt
|faint|p2a: Mew
|
|upkeep
|
|t:|1652769203
|switch|p2a: Zeraora|Zeraora|100/100
|turn|7
|
|t:|1652769211
|switch|p1a: Landorus|Landorus-Therian, M|100/100
|-damage|p1a: Landorus|88/100|[from] Stealth Rock
|-ability|p1a: Landorus|Intimidate|boost
|-unboost|p2a: Zeraora|atk|1
|move|p2a: Zeraora|Plasma Fists|p1a: Landorus
|-immune|p1a: Landorus
|
|upkeep
|turn|8
|
|t:|1652769219
|switch|p2a: Zapdos|Zapdos-Galar|100/100
|move|p1a: Landorus|U-turn|p2a: Zapdos
|-resisted|p2a: Zapdos
|-damage|p2a: Zapdos|92/100
|
|t:|1652769222
|switch|p1a: Tapu Koko|Tapu Koko|100/100|[from]move: U-turn
|-damage|p1a: Tapu Koko|88/100|[from] Spikes
|-damage|p1a: Tapu Koko|76/100|[from] Stealth Rock
|-fieldstart|move: Electric Terrain|[from] ability: Electric Surge|[of] p1a: Tapu Koko
|
|-heal|p1a: Tapu Koko|82/100|[from] item: Leftovers
|upkeep
|turn|9
|
|t:|1652769225
|move|p1a: Tapu Koko|Thunderbolt|p2a: Zapdos
|-supereffective|p2a: Zapdos
|-damage|p2a: Zapdos|0 fnt
|faint|p2a: Zapdos
|
|-heal|p1a: Tapu Koko|88/100|[from] item: Leftovers
|upkeep
|
|t:|1652769229
|switch|p2a: Zeraora|Zeraora|100/100
|turn|10
|
|t:|1652769233
|move|p2a: Zeraora|Bulk Up|p2a: Zeraora
|-boost|p2a: Zeraora|atk|1
|-boost|p2a: Zeraora|def|1
|move|p1a: Tapu Koko|Defog|p2a: Zeraora
|-unboost|p2a: Zeraora|evasion|1
|-sideend|p1: El Stefano|Spikes|[from] move: Defog|[of] p1a: Tapu Koko
|-sideend|p1: El Stefano|Stealth Rock|[from] move: Defog|[of] p1a: Tapu Koko
|-fieldend|move: Electric Terrain
|
|-heal|p1a: Tapu Koko|94/100|[from] item: Leftovers
|upkeep
|turn|11
|
|t:|1652769239
|move|p2a: Zeraora|Bulk Up|p2a: Zeraora
|-boost|p2a: Zeraora|atk|1
|-boost|p2a: Zeraora|def|1
|move|p1a: Tapu Koko|U-turn|p2a: Zeraora
|-damage|p2a: Zeraora|89/100
|inactive|El Stefano has 120 seconds left.
|inactive|El Stefano has 90 seconds left.
|inactive|El Stefano has 60 seconds left.
|
|t:|1652769354
|switch|p1a: Landorus|Landorus-Therian, M|88/100|[from]move: U-turn
|-ability|p1a: Landorus|Intimidate|boost
|-unboost|p2a: Zeraora|atk|1
|
|upkeep
|turn|12
|inactive|El Stefano has 30 seconds left.
|
|t:|1652769380
|move|p1a: Landorus|Earthquake|p2a: Zeraora
|-supereffective|p2a: Zeraora
|-damage|p2a: Zeraora|13/100
|-enditem|p2a: Zeraora|Weakness Policy
|-boost|p2a: Zeraora|atk|2|[from] item: Weakness Policy
|-boost|p2a: Zeraora|spa|2|[from] item: Weakness Policy
|move|p2a: Zeraora|Bulk Up|p2a: Zeraora
|-boost|p2a: Zeraora|atk|1
|-boost|p2a: Zeraora|def|1
|
|upkeep
|turn|13
|
|t:|1652769385
|move|p1a: Landorus|Earthquake|p2a: Zeraora
|-supereffective|p2a: Zeraora
|-damage|p2a: Zeraora|0 fnt
|faint|p2a: Zeraora
|
|upkeep
|
|t:|1652769389
|switch|p2a: Dragapult|Dragapult, F|100/100
|turn|14
|
|t:|1652769394
|move|p1a: Landorus|Earthquake|p2a: Dragapult
|-damage|p2a: Dragapult|21/100
|move|p2a: Dragapult|Dragon Dance|p2a: Dragapult
|-boost|p2a: Dragapult|atk|1
|-boost|p2a: Dragapult|spe|1
|
|upkeep
|turn|15
|inactive|El Stefano has 30 seconds left.
|
|t:|1652769423
|move|p2a: Dragapult|Dragon Darts|p1a: Landorus
|-damage|p1a: Landorus|33/100
|-anim|p2a: Dragapult|Dragon Darts|p1a: Landorus
|-damage|p1a: Landorus|0 fnt
|faint|p1a: Landorus
|
|upkeep
|
|t:|1652769426
|switch|p1a: Rillaboom|Rillaboom, M|100/100
|-fieldstart|move: Grassy Terrain|[from] ability: Grassy Surge|[of] p1a: Rillaboom
|turn|16
|
|t:|1652769432
|move|p1a: Rillaboom|Grassy Glide|p2a: Dragapult
|-resisted|p2a: Dragapult
|-damage|p2a: Dragapult|0 fnt
|faint|p2a: Dragapult
|
|upkeep
|
|t:|1652769434
|switch|p2a: Kartana|Kartana|100/100
|turn|17
|
|t:|1652769442
|switch|p1a: Torkoal|Torkoal, F|100/100
|-weather|SunnyDay|[from] ability: Drought|[of] p1a: Torkoal
|move|p2a: Kartana|Swords Dance|p2a: Kartana
|-boost|p2a: Kartana|atk|2
|
|-weather|SunnyDay|[upkeep]
|upkeep
|turn|18
|
|t:|1652769446
|move|p2a: Kartana|Knock Off|p1a: Torkoal
|-damage|p1a: Torkoal|67/100
|-enditem|p1a: Torkoal|Heat Rock|[from] move: Knock Off|[of] p2a: Kartana
|move|p1a: Torkoal|Lava Plume|p2a: Kartana
|-supereffective|p2a: Kartana
|-damage|p2a: Kartana|0 fnt
|faint|p2a: Kartana
|
|-weather|SunnyDay|[upkeep]
|-heal|p1a: Torkoal|73/100|[from] Grassy Terrain
|upkeep
|-message|Yukrazy forfeited.
|
|win|El Stefano
|raw|El Stefano's rating: 1492 &rarr; <strong>1511</strong><br />(+19 for winning)
|raw|Yukrazy's rating: 1477 &rarr; <strong>1458</strong><br />(-19 for losing)
|l|☆Yukrazy
