|raw|<div class="broadcast-blue"><strong>This battle is required to be public due to a player having a name starting with 'lt92pf'.</div>
|j|☆pokeda
|j|☆LT92PF xdRudi
|t:|1659863810
|gametype|singles
|player|p1|pokeda|wattson|1733
|player|p2|LT92PF xdRudi|diantha-masters|1745
|teamsize|p1|6
|teamsize|p2|6
|gen|8
|tier|[Gen 8] OU
|rated|
|rule|Sleep Clause Mod: Limit one foe put to sleep
|rule|Species Clause: Limit one of each Pokémon
|rule|OHKO Clause: OHKO moves are banned
|rule|Evasion Items Clause: Evasion items are banned
|rule|Evasion Moves Clause: Evasion moves are banned
|rule|Endless Battle Clause: Forcing endless battles is banned
|rule|HP Percentage Mod: HP is shown in percentages
|rule|Dynamax Clause: You cannot dynamax
|clearpoke
|poke|p1|Zeraora|
|poke|p1|Garchomp, M|
|poke|p1|Corviknight, M|
|poke|p1|Kingdra, F|
|poke|p1|Slowking-Galar, M|
|poke|p1|Pelipper, M|
|poke|p2|Rillaboom, F|
|poke|p2|Tornadus-Therian, M|
|poke|p2|Blaziken, M|
|poke|p2|Melmetal|
|poke|p2|Garchomp, M|
|poke|p2|Slowbro, F|
|teampreview
|inactive|Battle timer is ON: inactive players will automatically lose when time's up. (requested by LT92PF xdRudi)
|
|t:|1659863823
|start
|switch|p1a: Pelipper|Pelipper, M|100/100
|switch|p2a: Tornadus|Tornadus-Therian, M|100/100
|-weather|RainDance|[from] ability: Drizzle|[of] p1a: Pelipper
|turn|1
|
|t:|1659863833
|switch|p1a: Garchomp|Garchomp, M|100/100
|move|p2a: Tornadus|Knock Off|p1a: Garchomp
|-damage|p1a: Garchomp|84/100
|-damage|p2a: Tornadus|88/100|[from] ability: Rough Skin|[of] p1a: Garchomp
|-enditem|p1a: Garchomp|Leftovers|[from] move: Knock Off|[of] p2a: Tornadus
|
|-weather|RainDance|[upkeep]
|upkeep
|turn|2
|
|t:|1659863851
|move|p2a: Tornadus|U-turn|p1a: Garchomp
|-damage|p1a: Garchomp|72/100
|-damage|p2a: Tornadus|76/100|[from] ability: Rough Skin|[of] p1a: Garchomp
|
|t:|1659863856
|switch|p2a: Garchomp|Garchomp, M|100/100|[from]move: U-turn
|move|p1a: Garchomp|Stealth Rock|p2a: Garchomp
|-sidestart|p2: LT92PF xdRudi|move: Stealth Rock
|
|-weather|RainDance|[upkeep]
|upkeep
|turn|3
|
|t:|1659863863
|move|p2a: Garchomp|Stealth Rock|p1a: Garchomp
|-sidestart|p1: pokeda|move: Stealth Rock
|move|p1a: Garchomp|Toxic|p2a: Garchomp
|-status|p2a: Garchomp|tox
|
|-weather|RainDance|[upkeep]
|-damage|p2a: Garchomp|94/100 tox|[from] psn
|upkeep
|turn|4
|
|t:|1659863870
|move|p1a: Garchomp|Protect|p1a: Garchomp
|-singleturn|p1a: Garchomp|Protect
|move|p2a: Garchomp|Toxic|p1a: Garchomp
|-activate|p1a: Garchomp|move: Protect
|
|-weather|RainDance|[upkeep]
|-heal|p2a: Garchomp|100/100 tox|[from] item: Leftovers
|-damage|p2a: Garchomp|88/100 tox|[from] psn
|upkeep
|turn|5
|
|t:|1659863880
|switch|p2a: Slowbro|Slowbro, F|100/100
|-damage|p2a: Slowbro|88/100|[from] Stealth Rock
|move|p1a: Garchomp|Earthquake|p2a: Slowbro
|-damage|p2a: Slowbro|63/100
|
|-weather|none
|upkeep
|turn|6
|
|t:|1659863895
|switch|p1a: Slowking|Slowking-Galar, M|100/100
|-damage|p1a: Slowking|88/100|[from] Stealth Rock
|move|p2a: Slowbro|Toxic|p1a: Slowking
|-immune|p1a: Slowking
|
|upkeep
|turn|7
|
|t:|1659863906
|move|p1a: Slowking|Sludge Bomb|p2a: Slowbro
|-damage|p2a: Slowbro|15/100
|move|p2a: Slowbro|Teleport|p2a: Slowbro
|
|t:|1659863910
|switch|p2a: Melmetal|Melmetal|100/100|[from]move: Teleport
|-damage|p2a: Melmetal|94/100|[from] Stealth Rock
|
|-heal|p2a: Melmetal|100/100|[from] item: Leftovers
|upkeep
|turn|8
|
|t:|1659863913
|move|p2a: Melmetal|Thunder Punch|p1a: Slowking
|-damage|p1a: Slowking|48/100
|move|p1a: Slowking|Flamethrower|p2a: Melmetal
|-supereffective|p2a: Melmetal
|-damage|p2a: Melmetal|45/100
|
|-heal|p2a: Melmetal|51/100|[from] item: Leftovers
|upkeep
|turn|9
|
|t:|1659863918
|switch|p1a: Corviknight|Corviknight, M|100/100
|-damage|p1a: Corviknight|88/100|[from] Stealth Rock
|-ability|p1a: Corviknight|Pressure
|move|p2a: Melmetal|Thunder Punch|p1a: Corviknight
|-supereffective|p1a: Corviknight
|-damage|p1a: Corviknight|44/100
|-damage|p2a: Melmetal|34/100|[from] item: Rocky Helmet|[of] p1a: Corviknight
|
|-heal|p2a: Melmetal|40/100|[from] item: Leftovers
|upkeep
|turn|10
|
|t:|1659863927
|switch|p2a: Tornadus|Tornadus-Therian, M|100/100
|move|p1a: Corviknight|Roost|p1a: Corviknight
|-heal|p1a: Corviknight|94/100
|-singleturn|p1a: Corviknight|move: Roost
|
|upkeep
|turn|11
|
|t:|1659863929
|move|p2a: Tornadus|Knock Off|p1a: Corviknight
|-damage|p1a: Corviknight|82/100
|-damage|p2a: Tornadus|84/100|[from] item: Rocky Helmet|[of] p1a: Corviknight
|-enditem|p1a: Corviknight|Rocky Helmet|[from] move: Knock Off|[of] p2a: Tornadus
|move|p1a: Corviknight|Defog|p2a: Tornadus
|-unboost|p2a: Tornadus|evasion|1
|-sideend|p2: LT92PF xdRudi|Stealth Rock|[from] move: Defog|[of] p1a: Corviknight
|-sideend|p1: pokeda|Stealth Rock|[from] move: Defog|[of] p1a: Corviknight
|
|upkeep
|turn|12
|
|t:|1659863935
|move|p2a: Tornadus|Heat Wave|p1a: Corviknight
|-supereffective|p1a: Corviknight
|-damage|p1a: Corviknight|34/100
|move|p1a: Corviknight|U-turn|p2a: Tornadus
|-resisted|p2a: Tornadus
|-damage|p2a: Tornadus|76/100
|
|t:|1659863939
|switch|p1a: Zeraora|Zeraora|100/100|[from]move: U-turn
|
|upkeep
|turn|13
|
|t:|1659863944
|move|p1a: Zeraora|Plasma Fists|p2a: Tornadus
|-supereffective|p2a: Tornadus
|-damage|p2a: Tornadus|0 fnt
|-fieldactivate|move: Ion Deluge
|-hint|Normal-type moves become Electric-type after using Plasma Fists.
|faint|p2a: Tornadus
|
|upkeep
|
|t:|1659863946
|switch|p2a: Rillaboom|Rillaboom, F|100/100
|-fieldstart|move: Grassy Terrain|[from] ability: Grassy Surge|[of] p2a: Rillaboom
|turn|14
|
|t:|1659863963
|move|p1a: Zeraora|Knock Off|p2a: Rillaboom
|-damage|p2a: Rillaboom|71/100
|-enditem|p2a: Rillaboom|Leftovers|[from] move: Knock Off|[of] p1a: Zeraora
|move|p2a: Rillaboom|Swords Dance|p2a: Rillaboom
|-boost|p2a: Rillaboom|atk|2
|
|-heal|p2a: Rillaboom|77/100|[from] Grassy Terrain
|upkeep
|turn|15
|
|t:|1659863972
|switch|p1a: Slowking|Slowking-Galar, M|81/100
|move|p2a: Rillaboom|Grassy Glide|p1a: Slowking
|-resisted|p1a: Slowking
|-damage|p1a: Slowking|28/100
|
|-heal|p2a: Rillaboom|83/100|[from] Grassy Terrain
|-heal|p1a: Slowking|34/100|[from] Grassy Terrain
|upkeep
|turn|16
|
|t:|1659863989
|switch|p1a: Corviknight|Corviknight, M|34/100
|-ability|p1a: Corviknight|Pressure
|move|p2a: Rillaboom|Knock Off|p1a: Corviknight
|-damage|p1a: Corviknight|7/100
|
|-heal|p2a: Rillaboom|90/100|[from] Grassy Terrain
|upkeep
|turn|17
|
|t:|1659863997
|switch|p1a: Slowking|Slowking-Galar, M|67/100
|move|p2a: Rillaboom|Knock Off|p1a: Slowking
|-supereffective|p1a: Slowking
|-damage|p1a: Slowking|0 fnt
|-enditem|p1a: Slowking|Assault Vest|[from] move: Knock Off|[of] p2a: Rillaboom
|faint|p1a: Slowking
|
|-heal|p2a: Rillaboom|96/100|[from] Grassy Terrain
|upkeep
|
|t:|1659864001
|switch|p1a: Corviknight|Corviknight, M|7/100
|-ability|p1a: Corviknight|Pressure
|turn|18
|
|t:|1659864003
|move|p2a: Rillaboom|Grassy Glide|p1a: Corviknight
|-resisted|p1a: Corviknight
|-damage|p1a: Corviknight|0 fnt
|faint|p1a: Corviknight
|
|-heal|p2a: Rillaboom|100/100|[from] Grassy Terrain
|-fieldend|move: Grassy Terrain
|upkeep
|
|t:|1659864005
|switch|p1a: Pelipper|Pelipper, M|100/100
|-weather|RainDance|[from] ability: Drizzle|[of] p1a: Pelipper
|turn|19
|
|t:|1659864012
|switch|p2a: Melmetal|Melmetal|40/100
|move|p1a: Pelipper|Hurricane|p2a: Melmetal
|-resisted|p2a: Melmetal
|-damage|p2a: Melmetal|8/100
|
|-weather|RainDance|[upkeep]
|-heal|p2a: Melmetal|14/100|[from] item: Leftovers
|upkeep
|turn|20
|
|t:|1659864017
|move|p2a: Melmetal|Protect|p2a: Melmetal
|-singleturn|p2a: Melmetal|Protect
|move|p1a: Pelipper|Hurricane|p2a: Melmetal
|-activate|p2a: Melmetal|move: Protect
|
|-weather|RainDance|[upkeep]
|-heal|p2a: Melmetal|20/100|[from] item: Leftovers
|upkeep
|turn|21
|
|t:|1659864023
|move|p1a: Pelipper|Hurricane|p2a: Melmetal
|-resisted|p2a: Melmetal
|-damage|p2a: Melmetal|0 fnt
|faint|p2a: Melmetal
|
|-weather|RainDance|[upkeep]
|upkeep
|
|t:|1659864027
|switch|p2a: Slowbro|Slowbro, F|48/100
|turn|22
|
|t:|1659864032
|switch|p2a: Blaziken|Blaziken, M|100/100
|move|p1a: Pelipper|Hurricane|p2a: Blaziken
|-supereffective|p2a: Blaziken
|-damage|p2a: Blaziken|0 fnt
|faint|p2a: Blaziken
|
|-weather|RainDance|[upkeep]
|upkeep
|
|t:|1659864034
|switch|p2a: Garchomp|Garchomp, M|88/100 tox
|turn|23
|
|t:|1659864042
|move|p2a: Garchomp|Toxic|p1a: Pelipper
|-status|p1a: Pelipper|tox
|move|p1a: Pelipper|Hurricane|p2a: Garchomp
|-damage|p2a: Garchomp|40/100 tox
|
|-weather|none
|-heal|p2a: Garchomp|46/100 tox|[from] item: Leftovers
|-damage|p2a: Garchomp|40/100 tox|[from] psn
|-damage|p1a: Pelipper|95/100 tox|[from] psn
|upkeep
|turn|24
|
|t:|1659864063
|switch|p1a: Garchomp|Garchomp, M|72/100
|move|p2a: Garchomp|Stealth Rock|p1a: Garchomp
|-sidestart|p1: pokeda|move: Stealth Rock
|
|-heal|p2a: Garchomp|46/100 tox|[from] item: Leftovers
|-damage|p2a: Garchomp|33/100 tox|[from] psn
|upkeep
|turn|25
|
|t:|1659864074
|move|p1a: Garchomp|Protect|p1a: Garchomp
|-singleturn|p1a: Garchomp|Protect
|move|p2a: Garchomp|Toxic|p1a: Garchomp
|-activate|p1a: Garchomp|move: Protect
|
|-heal|p2a: Garchomp|40/100 tox|[from] item: Leftovers
|-damage|p2a: Garchomp|21/100 tox|[from] psn
|upkeep
|turn|26
|
|t:|1659864077
|move|p2a: Garchomp|Toxic|p1a: Garchomp
|-status|p1a: Garchomp|tox
|move|p1a: Garchomp|Earthquake|p2a: Garchomp
|-crit|p2a: Garchomp
|-damage|p2a: Garchomp|0 fnt
|faint|p2a: Garchomp
|
|-damage|p1a: Garchomp|66/100 tox|[from] psn
|upkeep
|
|t:|1659864084
|switch|p2a: Slowbro|Slowbro, F|82/100
|turn|27
|
|t:|1659864091
|move|p1a: Garchomp|Toxic|p2a: Slowbro
|-status|p2a: Slowbro|tox
|move|p2a: Slowbro|Future Sight|p1a: Garchomp
|-start|p2a: Slowbro|move: Future Sight
|
|-damage|p1a: Garchomp|53/100 tox|[from] psn
|-damage|p2a: Slowbro|76/100 tox|[from] psn
|upkeep
|turn|28
|
|t:|1659864100
|move|p1a: Garchomp|Earthquake|p2a: Slowbro
|-damage|p2a: Slowbro|49/100 tox
|move|p2a: Slowbro|Teleport|p2a: Slowbro
|
|t:|1659864102
|switch|p2a: Rillaboom|Rillaboom, F|100/100|[from]move: Teleport
|-fieldstart|move: Grassy Terrain|[from] ability: Grassy Surge|[of] p2a: Rillaboom
|
|-heal|p1a: Garchomp|60/100 tox|[from] Grassy Terrain
|-damage|p1a: Garchomp|41/100 tox|[from] psn
|upkeep
|turn|29
|
|t:|1659864105
|move|p2a: Rillaboom|Grassy Glide|p1a: Garchomp
|-damage|p1a: Garchomp|0 fnt
|-damage|p2a: Rillaboom|88/100|[from] ability: Rough Skin|[of] p1a: Garchomp
|faint|p1a: Garchomp
|
|-hint|Future Sight did not hit because the target is fainted.
|-heal|p2a: Rillaboom|94/100|[from] Grassy Terrain
|upkeep
|
|t:|1659864121
|switch|p1a: Pelipper|Pelipper, M|95/100 tox
|-damage|p1a: Pelipper|70/100 tox|[from] Stealth Rock
|-weather|RainDance|[from] ability: Drizzle|[of] p1a: Pelipper
|turn|30
|
|t:|1659864124
|switch|p2a: Slowbro|Slowbro, F|82/100 tox
|move|p1a: Pelipper|Hurricane|p2a: Slowbro
|-damage|p2a: Slowbro|8/100 tox
|
|-weather|RainDance|[upkeep]
|-heal|p2a: Slowbro|14/100 tox|[from] Grassy Terrain
|-damage|p1a: Pelipper|64/100 tox|[from] psn
|-damage|p2a: Slowbro|8/100 tox|[from] psn
|upkeep
|turn|31
|
|t:|1659864127
|move|p1a: Pelipper|Hurricane|p2a: Slowbro
|-damage|p2a: Slowbro|0 fnt
|faint|p2a: Slowbro
|
|-weather|RainDance|[upkeep]
|-damage|p1a: Pelipper|52/100 tox|[from] psn
|upkeep
|
|t:|1659864129
|switch|p2a: Rillaboom|Rillaboom, F|94/100
|turn|32
|
|t:|1659864131
|move|p2a: Rillaboom|Grassy Glide|p1a: Pelipper
|-damage|p1a: Pelipper|0 fnt
|faint|p1a: Pelipper
|
|-weather|RainDance|[upkeep]
|-heal|p2a: Rillaboom|100/100|[from] Grassy Terrain
|-fieldend|move: Grassy Terrain
|upkeep
|
|t:|1659864140
|switch|p1a: Zeraora|Zeraora|100/100
|-damage|p1a: Zeraora|88/100|[from] Stealth Rock
|turn|33
|
|t:|1659864144
|move|p1a: Zeraora|Bulk Up|p1a: Zeraora
|-boost|p1a: Zeraora|atk|1
|-boost|p1a: Zeraora|def|1
|move|p2a: Rillaboom|Drain Punch|p1a: Zeraora
|-damage|p1a: Zeraora|60/100
|
|-weather|RainDance|[upkeep]
|-heal|p1a: Zeraora|66/100|[from] item: Leftovers
|upkeep
|turn|34
|
|t:|1659864147
|move|p1a: Zeraora|Knock Off|p2a: Rillaboom
|-damage|p2a: Rillaboom|71/100
|move|p2a: Rillaboom|Drain Punch|p1a: Zeraora
|-damage|p1a: Zeraora|39/100
|-heal|p2a: Rillaboom|82/100|[from] drain|[of] p1a: Zeraora
|
|-weather|none
|-heal|p1a: Zeraora|45/100|[from] item: Leftovers
|upkeep
|turn|35
|inactive|LT92PF xdRudi has 120 seconds left.
|
|t:|1659864192
|move|p1a: Zeraora|Bulk Up|p1a: Zeraora
|-boost|p1a: Zeraora|atk|1
|-boost|p1a: Zeraora|def|1
|move|p2a: Rillaboom|Knock Off|p1a: Zeraora
|-crit|p1a: Zeraora
|-damage|p1a: Zeraora|0 fnt
|-enditem|p1a: Zeraora|Leftovers|[from] move: Knock Off|[of] p2a: Rillaboom
|faint|p1a: Zeraora
|
|upkeep
|
|t:|1659864208
|switch|p1a: Kingdra|Kingdra, F|100/100
|-damage|p1a: Kingdra|88/100|[from] Stealth Rock
|turn|36
|inactive|LT92PF xdRudi has 120 seconds left.
|
|t:|1659864223
|move|p1a: Kingdra|Draco Meteor|p2a: Rillaboom
|-damage|p2a: Rillaboom|22/100
|-unboost|p1a: Kingdra|spa|2
|move|p2a: Rillaboom|Grassy Glide|p1a: Kingdra
|-damage|p1a: Kingdra|39/100
|
|upkeep
|turn|37
|
|t:|1659864237
|move|p1a: Kingdra|Draco Meteor|p2a: Rillaboom
|-damage|p2a: Rillaboom|0 fnt
|-unboost|p1a: Kingdra|spa|2
|faint|p2a: Rillaboom
|
|win|pokeda
|raw|pokeda's rating: 1733 &rarr; <strong>1754</strong><br />(+21 for winning)
|raw|LT92PF xdRudi's rating: 1745 &rarr; <strong>1724</strong><br />(-21 for losing)
|l|☆LT92PF xdRudi
