|j|☆Michy47
|j|☆Rorschach I
|player|p1|Michy47|101|1855
|player|p2|Rorschach I|cynthia|1859
|teamsize|p1|6
|teamsize|p2|6
|gametype|singles
|gen|8
|tier|[Gen 8] OU
|rated|
|clearpoke
|poke|p1|Excadrill, F|
|poke|p1|Kyurem|
|poke|p1|Tyranitar, F|
|poke|p1|Ferrothorn, F|
|poke|p1|Hippowdon, F|
|poke|p1|Dracovish|
|poke|p2|Terrakion|
|poke|p2|Aegislash, M|
|poke|p2|Crawdaunt, M|
|poke|p2|Zeraora|
|poke|p2|Kyurem|
|poke|p2|Togekiss, M|
|rule|Sleep Clause Mod: Limit one foe put to sleep
|rule|Species Clause: Limit one of each Pokémon
|rule|OHKO Clause: OHKO moves are banned
|rule|Evasion Moves Clause: Evasion moves are banned
|rule|Endless Battle Clause: Forcing endless battles is banned
|rule|HP Percentage Mod: HP is shown in percentages
|rule|Dynamax Clause: You cannot dynamax
|teampreview
|inactive|Battle timer is ON: inactive players will automatically lose when time's up. (requested by Michy47)
|
|start
|switch|p1a: Hippowdon|Hippowdon, F|100/100
|switch|p2a: Terrakion|Terrakion|100/100
|-weather|Sandstorm|[from] ability: Sand Stream|[of] p1a: Hippowdon
|turn|1
|
|move|p2a: Terrakion|Taunt|p1a: Hippowdon
|-start|p1a: Hippowdon|move: Taunt
|move|p1a: Hippowdon|Earthquake|p2a: Terrakion
|-supereffective|p2a: Terrakion
|-damage|p2a: Terrakion|18/100
|
|-weather|Sandstorm|[upkeep]
|upkeep
|turn|2
|
|move|p2a: Terrakion|Stealth Rock|p1a: Hippowdon
|-sidestart|p1: Michy47|move: Stealth Rock
|move|p1a: Hippowdon|Earthquake|p2a: Terrakion
|-supereffective|p2a: Terrakion
|-damage|p2a: Terrakion|0 fnt
|faint|p2a: Terrakion
|
|-weather|Sandstorm|[upkeep]
|upkeep
|
|switch|p2a: Kyurem|Kyurem|100/100
|-ability|p2a: Kyurem|Pressure
|turn|3
|
|switch|p1a: Tyranitar|Tyranitar, F|100/100
|-damage|p1a: Tyranitar|88/100|[from] Stealth Rock
|move|p2a: Kyurem|Earth Power|p1a: Tyranitar
|-supereffective|p1a: Tyranitar
|-damage|p1a: Tyranitar|25/100
|
|-weather|Sandstorm|[upkeep]
|-damage|p2a: Kyurem|94/100|[from] Sandstorm
|upkeep
|turn|4
|
|move|p2a: Kyurem|Earth Power|p1a: Tyranitar
|-supereffective|p1a: Tyranitar
|-damage|p1a: Tyranitar|0 fnt
|faint|p1a: Tyranitar
|
|-weather|Sandstorm|[upkeep]
|-damage|p2a: Kyurem|88/100|[from] Sandstorm
|upkeep
|
|switch|p1a: Excadrill|Excadrill, F|100/100
|-damage|p1a: Excadrill|97/100|[from] Stealth Rock
|turn|5
|
|switch|p2a: Crawdaunt|Crawdaunt, M|100/100
|move|p1a: Excadrill|Iron Head|p2a: Crawdaunt
|-resisted|p2a: Crawdaunt
|-damage|p2a: Crawdaunt|53/100
|
|-weather|none
|upkeep
|turn|6
|
|switch|p1a: Ferrothorn|Ferrothorn, F|100/100
|-damage|p1a: Ferrothorn|94/100|[from] Stealth Rock
|move|p2a: Crawdaunt|Knock Off|p1a: Ferrothorn
|-damage|p1a: Ferrothorn|36/100
|-damage|p2a: Crawdaunt|40/100|[from] ability: Iron Barbs|[of] p1a: Ferrothorn
|-enditem|p1a: Ferrothorn|Leftovers|[from] move: Knock Off|[of] p2a: Crawdaunt
|-damage|p2a: Crawdaunt|30/100|[from] item: Life Orb
|
|upkeep
|turn|7
|j| angrrry
|
|switch|p2a: Kyurem|Kyurem|88/100
|-ability|p2a: Kyurem|Pressure
|switch|p1a: Hippowdon|Hippowdon, F|100/100
|-damage|p1a: Hippowdon|94/100|[from] Stealth Rock
|-weather|Sandstorm|[from] ability: Sand Stream|[of] p1a: Hippowdon
|
|-weather|Sandstorm|[upkeep]
|-damage|p2a: Kyurem|82/100|[from] Sandstorm
|upkeep
|turn|8
|
|switch|p1a: Ferrothorn|Ferrothorn, F|36/100
|-damage|p1a: Ferrothorn|30/100|[from] Stealth Rock
|move|p2a: Kyurem|Ice Beam|p1a: Ferrothorn
|-damage|p1a: Ferrothorn|0 fnt
|faint|p1a: Ferrothorn
|
|-weather|Sandstorm|[upkeep]
|-damage|p2a: Kyurem|76/100|[from] Sandstorm
|upkeep
|
|switch|p1a: Excadrill|Excadrill, F|97/100
|-damage|p1a: Excadrill|94/100|[from] Stealth Rock
|turn|9
|j| OilyBootySpex
|inactive|Rorschach I has 120 seconds left.
|
|switch|p2a: Aegislash|Aegislash, M|100/100
|-item|p2a: Aegislash|Air Balloon
|move|p1a: Excadrill|Rapid Spin|p2a: Aegislash
|-immune|p2a: Aegislash
|
|-weather|Sandstorm|[upkeep]
|upkeep
|turn|10
|c|☆Michy47|K
|
|switch|p1a: Hippowdon|Hippowdon, F|94/100
|-damage|p1a: Hippowdon|88/100|[from] Stealth Rock
|-formechange|p2a: Aegislash|Aegislash-Blade||[from] ability: Stance Change
|move|p2a: Aegislash|Close Combat|p1a: Hippowdon
|-damage|p1a: Hippowdon|65/100
|-unboost|p2a: Aegislash|def|1
|-unboost|p2a: Aegislash|spd|1
|-damage|p2a: Aegislash|84/100|[from] item: Rocky Helmet|[of] p1a: Hippowdon
|
|-weather|Sandstorm|[upkeep]
|upkeep
|turn|11
|
|switch|p2a: Kyurem|Kyurem|76/100
|-ability|p2a: Kyurem|Pressure
|move|p1a: Hippowdon|Slack Off|p1a: Hippowdon
|-heal|p1a: Hippowdon|100/100
|
|-weather|none
|upkeep
|turn|12
|
|switch|p1a: Kyurem|Kyurem|100/100
|-damage|p1a: Kyurem|76/100|[from] Stealth Rock
|-ability|p1a: Kyurem|Pressure
|move|p2a: Kyurem|Ice Beam|p1a: Kyurem
|-damage|p1a: Kyurem|11/100
|
|upkeep
|turn|13
|
|move|p2a: Kyurem|Ice Beam|p1a: Kyurem
|-damage|p1a: Kyurem|0 fnt
|faint|p1a: Kyurem
|
|upkeep
|
|switch|p1a: Dracovish|Dracovish|100/100
|-damage|p1a: Dracovish|88/100|[from] Stealth Rock
|turn|14
|
|move|p1a: Dracovish|Fishious Rend|p2a: Kyurem
|-resisted|p2a: Kyurem
|-damage|p2a: Kyurem|19/100
|move|p2a: Kyurem|Ice Beam|p1a: Dracovish
|-damage|p1a: Dracovish|0 fnt
|faint|p1a: Dracovish
|
|upkeep
|-message|Michy47 forfeited.
|
|win|Rorschach I
|l|☆Michy47
|raw|Michy47's rating: 1855 &rarr; <strong>1836</strong><br />(-19 for losing)
|raw|Rorschach I's rating: 1859 &rarr; <strong>1879</strong><br />(+20 for winning)
