|j|☆Le-Perpetrator
|j|‽LudwigFrog
|t:|1637942580
|gametype|singles
|player|p1|Le-Perpetrator|170|1746
|player|p2|LudwigFrog|hilbert-wonderlauncher|1712
|teamsize|p1|6
|teamsize|p2|6
|gen|8
|tier|[Gen 8] OU
|rated|
|rule|Sleep Clause Mod: Limit one foe put to sleep
|rule|Species Clause: Limit one of each Pokémon
|rule|OHKO Clause: OHKO moves are banned
|rule|Evasion Moves Clause: Evasion moves are banned
|rule|Endless Battle Clause: Forcing endless battles is banned
|rule|HP Percentage Mod: HP is shown in percentages
|rule|Dynamax Clause: You cannot dynamax
|clearpoke
|poke|p1|Rhyperior, F|
|poke|p1|Togekiss, F|
|poke|p1|Toxapex, F|
|poke|p1|Ferrothorn, M|
|poke|p1|Hatterene, F|
|poke|p1|Dragapult, M|
|poke|p2|Dragonite, M|
|poke|p2|Magnezone|
|poke|p2|Corviknight, M|
|poke|p2|Tapu Fini|
|poke|p2|Kartana|
|poke|p2|Garchomp, M|
|teampreview
|inactive|Battle timer is ON: inactive players will automatically lose when time's up. (requested by LudwigFrog)
|inactive|Le-Perpetrator has 120 seconds left.
|j| MiniLarry
|inactive|Le-Perpetrator has 90 seconds left.
|inactive|Le-Perpetrator has 60 seconds left.
|inactive|Le-Perpetrator has 30 seconds left.
|inactive|Le-Perpetrator has 20 seconds left.
|inactive|Le-Perpetrator has 15 seconds left.
|
|t:|1637942720
|start
|switch|p1a: NastyInsertion|Toxapex, F|100/100
|switch|p2a: Tapu Fini|Tapu Fini|100/100
|-fieldstart|move: Misty Terrain|[from] ability: Misty Surge|[of] p2a: Tapu Fini
|turn|1
|
|t:|1637942725
|move|p1a: NastyInsertion|Baneful Bunker|p1a: NastyInsertion
|-singleturn|p1a: NastyInsertion|move: Protect
|move|p2a: Tapu Fini|Calm Mind|p2a: Tapu Fini
|-boost|p2a: Tapu Fini|spa|1
|-boost|p2a: Tapu Fini|spd|1
|
|upkeep
|turn|2
|
|t:|1637942732
|move|p2a: Tapu Fini|Taunt|p1a: NastyInsertion
|-start|p1a: NastyInsertion|move: Taunt
|cant|p1a: NastyInsertion|move: Taunt|Toxic Spikes
|
|upkeep
|turn|3
|inactive|Le-Perpetrator has 90 seconds left.
|
|t:|1637942737
|switch|p1a: Condom|Hatterene, F|100/100
|move|p2a: Tapu Fini|Calm Mind|p2a: Tapu Fini
|-boost|p2a: Tapu Fini|spa|1
|-boost|p2a: Tapu Fini|spd|1
|
|upkeep
|turn|4
|
|t:|1637942743
|move|p2a: Tapu Fini|Scald|p1a: Condom
|-damage|p1a: Condom|42/100
|move|p1a: Condom|Psyshock|p2a: Tapu Fini
|-damage|p2a: Tapu Fini|53/100
|
|-heal|p2a: Tapu Fini|60/100|[from] item: Leftovers
|upkeep
|turn|5
|
|t:|1637942750
|move|p2a: Tapu Fini|Scald|p1a: Condom
|-damage|p1a: Condom|0 fnt
|faint|p1a: Condom
|
|-heal|p2a: Tapu Fini|66/100|[from] item: Leftovers
|-fieldend|Misty Terrain
|upkeep
|
|t:|1637942756
|switch|p1a: TwinkleToes|Togekiss, F|100/100
|turn|6
|
|t:|1637942759
|switch|p2a: Corviknight|Corviknight, M|100/100
|-ability|p2a: Corviknight|Pressure
|move|p1a: TwinkleToes|Thunder Wave|p2a: Corviknight
|-status|p2a: Corviknight|par
|
|upkeep
|turn|7
|
|t:|1637942766
|move|p1a: TwinkleToes|Nasty Plot|p1a: TwinkleToes
|-boost|p1a: TwinkleToes|spa|2
|cant|p2a: Corviknight|par
|
|upkeep
|turn|8
|
|t:|1637942770
|move|p1a: TwinkleToes|Air Slash|p2a: Corviknight
|-resisted|p2a: Corviknight
|-damage|p2a: Corviknight|76/100 par
|cant|p2a: Corviknight|par
|
|-heal|p2a: Corviknight|83/100 par|[from] item: Leftovers
|upkeep
|turn|9
|
|t:|1637942776
|move|p1a: TwinkleToes|Air Slash|p2a: Corviknight
|-resisted|p2a: Corviknight
|-damage|p2a: Corviknight|57/100 par
|cant|p2a: Corviknight|par
|
|-heal|p2a: Corviknight|63/100 par|[from] item: Leftovers
|upkeep
|turn|10
|
|t:|1637942782
|move|p1a: TwinkleToes|Air Slash|p2a: Corviknight
|-resisted|p2a: Corviknight
|-crit|p2a: Corviknight
|-damage|p2a: Corviknight|28/100 par
|move|p2a: Corviknight|U-turn|p1a: TwinkleToes
|-resisted|p1a: TwinkleToes
|-damage|p1a: TwinkleToes|97/100
|
|t:|1637942786
|switch|p2a: Dragonite|Dragonite, M|100/100|[from]move: U-turn
|
|-heal|p1a: TwinkleToes|100/100|[from] item: Leftovers
|upkeep
|turn|11
|
|t:|1637942792
|move|p2a: Dragonite|Extreme Speed|p1a: TwinkleToes
|-damage|p1a: TwinkleToes|43/100
|move|p1a: TwinkleToes|Air Slash|p2a: Dragonite
|-damage|p2a: Dragonite|60/100
|
|-heal|p1a: TwinkleToes|49/100|[from] item: Leftovers
|upkeep
|turn|12
|
|t:|1637942799
|switch|p1a: Dragapult|Dragapult, M|100/100
|switch|p2a: Magnezone|Magnezone|100/100
|
|upkeep
|turn|13
|
|t:|1637942805
|switch|p2a: Corviknight|Corviknight, M|28/100 par
|-ability|p2a: Corviknight|Pressure
|move|p1a: Dragapult|Flamethrower|p2a: Corviknight
|-supereffective|p2a: Corviknight
|-damage|p2a: Corviknight|0 fnt
|faint|p2a: Corviknight
|
|upkeep
|
|t:|1637942809
|switch|p2a: Garchomp|Garchomp, M|100/100
|turn|14
|
|t:|1637942816
|switch|p1a: TwinkleToes|Togekiss, F|49/100
|move|p2a: Garchomp|Stealth Rock|p1a: TwinkleToes
|-sidestart|p1: Le-Perpetrator|move: Stealth Rock
|
|-heal|p1a: TwinkleToes|55/100|[from] item: Leftovers
|upkeep
|turn|15
|
|t:|1637942822
|move|p1a: TwinkleToes|Air Slash|p2a: Garchomp
|-damage|p2a: Garchomp|75/100
|move|p2a: Garchomp|Toxic|p1a: TwinkleToes
|-status|p1a: TwinkleToes|tox
|
|-heal|p1a: TwinkleToes|61/100 tox|[from] item: Leftovers
|-heal|p2a: Garchomp|81/100|[from] item: Leftovers
|-damage|p1a: TwinkleToes|55/100 tox|[from] psn
|upkeep
|turn|16
|
|t:|1637942830
|move|p1a: TwinkleToes|Nasty Plot|p1a: TwinkleToes
|-boost|p1a: TwinkleToes|spa|2
|move|p2a: Garchomp|Stone Edge|p1a: TwinkleToes
|-supereffective|p1a: TwinkleToes
|-crit|p1a: TwinkleToes
|-damage|p1a: TwinkleToes|0 fnt
|faint|p1a: TwinkleToes
|
|-heal|p2a: Garchomp|87/100|[from] item: Leftovers
|upkeep
|
|t:|1637942842
|switch|p1a: Dragapult|Dragapult, M|100/100
|-damage|p1a: Dragapult|88/100|[from] Stealth Rock
|turn|17
|
|t:|1637942847
|switch|p2a: Tapu Fini|Tapu Fini|66/100
|-fieldstart|move: Misty Terrain|[from] ability: Misty Surge|[of] p2a: Tapu Fini
|move|p1a: Dragapult|Shadow Ball|p2a: Tapu Fini
|-damage|p2a: Tapu Fini|23/100
|-unboost|p2a: Tapu Fini|spd|1
|
|-heal|p2a: Tapu Fini|29/100|[from] item: Leftovers
|upkeep
|turn|18
|
|t:|1637942856
|switch|p2a: Garchomp|Garchomp, M|87/100
|move|p1a: Dragapult|Shadow Ball|p2a: Garchomp
|-crit|p2a: Garchomp
|-damage|p2a: Garchomp|37/100
|-unboost|p2a: Garchomp|spd|1
|
|-heal|p2a: Garchomp|43/100|[from] item: Leftovers
|upkeep
|turn|19
|
|t:|1637942867
|move|p1a: Dragapult|Shadow Ball|p2a: Garchomp
|-damage|p2a: Garchomp|0 fnt
|faint|p2a: Garchomp
|
|upkeep
|
|t:|1637942869
|switch|p2a: Kartana|Kartana|100/100
|turn|20
|
|t:|1637942875
|switch|p1a: NastyInsertion|Toxapex, F|100/100
|-damage|p1a: NastyInsertion|88/100|[from] Stealth Rock
|move|p2a: Kartana|Knock Off|p1a: NastyInsertion
|-crit|p1a: NastyInsertion
|-damage|p1a: NastyInsertion|43/100
|-enditem|p1a: NastyInsertion|Black Sludge|[from] move: Knock Off|[of] p2a: Kartana
|
|upkeep
|turn|21
|
|t:|1637942882
|switch|p2a: Dragonite|Dragonite, M|60/100
|move|p1a: NastyInsertion|Recover|p1a: NastyInsertion
|-heal|p1a: NastyInsertion|93/100
|
|-fieldend|Misty Terrain
|upkeep
|turn|22
|
|t:|1637942888
|move|p2a: Dragonite|Earthquake|p1a: NastyInsertion
|-supereffective|p1a: NastyInsertion
|-damage|p1a: NastyInsertion|8/100
|move|p1a: NastyInsertion|Toxic Spikes|p2a: Dragonite
|-sidestart|p2: LudwigFrog|move: Toxic Spikes
|
|upkeep
|turn|23
|
|t:|1637942893
|switch|p1a: NickleBack|Ferrothorn, M|100/100
|-damage|p1a: NickleBack|94/100|[from] Stealth Rock
|move|p2a: Dragonite|Earthquake|p1a: NickleBack
|-damage|p1a: NickleBack|54/100
|
|upkeep
|turn|24
|
|t:|1637942900
|switch|p2a: Magnezone|Magnezone|100/100
|move|p1a: NickleBack|Leech Seed|p2a: Magnezone
|-start|p2a: Magnezone|move: Leech Seed
|
|-damage|p2a: Magnezone|88/100|[from] Leech Seed|[of] p1a: NickleBack
|-heal|p1a: NickleBack|64/100|[silent]
|upkeep
|turn|25
|
|t:|1637942909
|move|p2a: Magnezone|Iron Defense|p2a: Magnezone
|-boost|p2a: Magnezone|def|2
|move|p1a: NickleBack|Spikes|p2a: Magnezone
|-sidestart|p2: LudwigFrog|Spikes
|
|-damage|p2a: Magnezone|76/100|[from] Leech Seed|[of] p1a: NickleBack
|-heal|p1a: NickleBack|74/100|[silent]
|upkeep
|turn|26
|
|t:|1637942915
|move|p2a: Magnezone|Iron Defense|p2a: Magnezone
|-boost|p2a: Magnezone|def|2
|move|p1a: NickleBack|Stealth Rock|p2a: Magnezone
|-sidestart|p2: LudwigFrog|move: Stealth Rock
|
|-damage|p2a: Magnezone|63/100|[from] Leech Seed|[of] p1a: NickleBack
|-heal|p1a: NickleBack|84/100|[silent]
|upkeep
|turn|27
|
|t:|1637942921
|move|p2a: Magnezone|Body Press|p1a: NickleBack
|-supereffective|p1a: NickleBack
|-damage|p1a: NickleBack|0 fnt
|-damage|p2a: Magnezone|51/100|[from] ability: Iron Barbs|[of] p1a: NickleBack
|-damage|p2a: Magnezone|34/100|[from] item: Rocky Helmet|[of] p1a: NickleBack
|faint|p1a: NickleBack
|
|upkeep
|
|t:|1637942932
|switch|p1a: NastyInsertion|Toxapex, F|42/100
|-damage|p1a: NastyInsertion|29/100|[from] Stealth Rock
|turn|28
|
|t:|1637942936
|move|p1a: NastyInsertion|Baneful Bunker|p1a: NastyInsertion
|-singleturn|p1a: NastyInsertion|move: Protect
|move|p2a: Magnezone|Thunderbolt|p1a: NastyInsertion
|-activate|p1a: NastyInsertion|move: Protect
|
|-damage|p2a: Magnezone|22/100|[from] Leech Seed|[of] p1a: NastyInsertion
|-heal|p1a: NastyInsertion|41/100|[silent]
|upkeep
|turn|29
|
|t:|1637942943
|switch|p1a: Dragapult|Dragapult, M|88/100
|-damage|p1a: Dragapult|76/100|[from] Stealth Rock
|move|p2a: Magnezone|Body Press|p1a: Dragapult
|-immune|p1a: Dragapult
|
|-damage|p2a: Magnezone|9/100|[from] Leech Seed|[of] p1a: Dragapult
|-heal|p1a: Dragapult|87/100|[silent]
|upkeep
|turn|30
|
|t:|1637942952
|move|p1a: Dragapult|Shadow Ball|p2a: Magnezone
|-damage|p2a: Magnezone|0 fnt
|faint|p2a: Magnezone
|
|upkeep
|
|t:|1637942955
|switch|p2a: Kartana|Kartana|100/100
|-damage|p2a: Kartana|94/100|[from] Stealth Rock
|-damage|p2a: Kartana|82/100|[from] Spikes
|turn|31
|
|t:|1637942960
|switch|p1a: NastyInsertion|Toxapex, F|74/100
|-damage|p1a: NastyInsertion|61/100|[from] Stealth Rock
|move|p2a: Kartana|Leaf Blade|p1a: NastyInsertion
|-damage|p1a: NastyInsertion|20/100
|
|upkeep
|turn|32
|
|t:|1637942973
|move|p2a: Kartana|Leaf Blade|p1a: NastyInsertion
|-damage|p1a: NastyInsertion|0 fnt
|faint|p1a: NastyInsertion
|-ability|p2a: Kartana|Beast Boost|boost
|-boost|p2a: Kartana|atk|1
|
|upkeep
|
|t:|1637942978
|switch|p1a: Dragapult|Dragapult, M|87/100
|-damage|p1a: Dragapult|75/100|[from] Stealth Rock
|turn|33
|
|t:|1637943004
|switch|p2a: Tapu Fini|Tapu Fini|29/100
|-status|p2a: Tapu Fini|psn
|-damage|p2a: Tapu Fini|16/100 psn|[from] Spikes
|-damage|p2a: Tapu Fini|4/100 psn|[from] Stealth Rock
|-fieldstart|move: Misty Terrain|[from] ability: Misty Surge|[of] p2a: Tapu Fini
|move|p1a: Dragapult|Shadow Ball|p2a: Tapu Fini
|-crit|p2a: Tapu Fini
|-damage|p2a: Tapu Fini|0 fnt
|faint|p2a: Tapu Fini
|
|upkeep
|
|t:|1637943006
|switch|p2a: Kartana|Kartana|82/100
|-damage|p2a: Kartana|70/100|[from] Spikes
|-damage|p2a: Kartana|63/100|[from] Stealth Rock
|turn|34
|
|t:|1637943019
|switch|p1a: BrockLesnar|Rhyperior, F|100/100
|-damage|p1a: BrockLesnar|94/100|[from] Stealth Rock
|move|p2a: Kartana|Knock Off|p1a: BrockLesnar
|-damage|p1a: BrockLesnar|62/100
|-enditem|p1a: BrockLesnar|Choice Band|[from] move: Knock Off|[of] p2a: Kartana
|
|upkeep
|turn|35
|
|t:|1637943026
|switch|p2a: Dragonite|Dragonite, M|60/100
|-damage|p2a: Dragonite|35/100|[from] Stealth Rock
|move|p1a: BrockLesnar|Ice Punch|p2a: Dragonite
|-supereffective|p2a: Dragonite
|-damage|p2a: Dragonite|0 fnt
|faint|p2a: Dragonite
|
|upkeep
|
|t:|1637943055
|switch|p2a: Kartana|Kartana|63/100
|-damage|p2a: Kartana|57/100|[from] Stealth Rock
|-damage|p2a: Kartana|45/100|[from] Spikes
|turn|36
|
|t:|1637943060
|move|p2a: Kartana|Leaf Blade|p1a: BrockLesnar
|-supereffective|p1a: BrockLesnar
|-damage|p1a: BrockLesnar|0 fnt
|faint|p1a: BrockLesnar
|-ability|p2a: Kartana|Beast Boost|boost
|-boost|p2a: Kartana|atk|1
|
|upkeep
|
|t:|1637943076
|switch|p1a: Dragapult|Dragapult, M|75/100
|-damage|p1a: Dragapult|62/100|[from] Stealth Rock
|turn|37
|
|t:|1637943080
|move|p2a: Kartana|Leaf Blade|p1a: Dragapult
|-resisted|p1a: Dragapult
|-damage|p1a: Dragapult|6/100
|move|p1a: Dragapult|Shadow Ball|p2a: Kartana
|-damage|p2a: Kartana|0 fnt
|faint|p2a: Kartana
|
|win|Le-Perpetrator
|raw|Le-Perpetrator's rating: 1746 &rarr; <strong>1764</strong><br />(+18 for winning)
|raw|LudwigFrog's rating: 1712 &rarr; <strong>1694</strong><br />(-18 for losing)
|l|‽LudwigFrog
