|j|☆HOF69
|j|☆LT92PF hiye
|t:|1660016370
|gametype|singles
|player|p1|HOF69|red|1789
|player|p2|LT92PF hiye|#wcop2020uswest|1865
|teamsize|p1|6
|teamsize|p2|6
|gen|8
|tier|[Gen 8] OU
|rated|
|rule|Sleep Clause Mod: Limit one foe put to sleep
|rule|Species Clause: Limit one of each Pokémon
|rule|OHKO Clause: OHKO moves are banned
|rule|Evasion Items Clause: Evasion items are banned
|rule|Evasion Moves Clause: Evasion moves are banned
|rule|Endless Battle Clause: Forcing endless battles is banned
|rule|HP Percentage Mod: HP is shown in percentages
|rule|Dynamax Clause: You cannot dynamax
|clearpoke
|poke|p1|Blacephalon|
|poke|p1|Gengar, M|
|poke|p1|Landorus-Therian, M|
|poke|p1|Krookodile, M|
|poke|p1|Tapu Lele|
|poke|p1|Kartana|
|poke|p2|Landorus-Therian, M|
|poke|p2|Tangrowth, F|
|poke|p2|Zapdos|
|poke|p2|Tyranitar, F|
|poke|p2|Excadrill, M|
|poke|p2|Toxapex, F|
|teampreview
|j| LT91BB Livio
|j| Yung Mus
|j| atvin
|
|t:|1660016387
|start
|switch|p1a: Krookodile|Krookodile, M|100/100
|switch|p2a: Raiden|Zapdos|100/100
|-ability|p1a: Krookodile|Intimidate|boost
|-unboost|p2a: Raiden|atk|1
|turn|1
|
|t:|1660016390
|move|p2a: Raiden|Hurricane|p1a: Krookodile|[miss]
|-miss|p2a: Raiden|p1a: Krookodile
|move|p1a: Krookodile|Stealth Rock|p2a: Raiden
|-sidestart|p2: LT92PF hiye|move: Stealth Rock
|
|upkeep
|turn|2
|c| atvin|the goat hof69
|c|☆LT92PF hiye|no
|c|☆LT92PF hiye|no
|c|☆LT92PF hiye|no
|c|☆LT92PF hiye|no
|c| atvin|yes
|
|t:|1660016395
|move|p2a: Raiden|Hurricane|p1a: Krookodile
|-enditem|p1a: Krookodile|Focus Sash
|-damage|p1a: Krookodile|1/100
|move|p1a: Krookodile|Knock Off|p2a: Raiden
|-damage|p2a: Raiden|41/100
|-enditem|p2a: Raiden|Choice Specs|[from] move: Knock Off|[of] p1a: Krookodile
|
|upkeep
|turn|3
|
|t:|1660016401
|move|p2a: Raiden|Heat Wave|p1a: Krookodile
|-damage|p1a: Krookodile|0 fnt
|faint|p1a: Krookodile
|
|upkeep
|c|☆HOF69|lol
|inactive|Battle timer is ON: inactive players will automatically lose when time's up. (requested by LT92PF hiye)
|
|t:|1660016416
|switch|p1a: Gengar|Gengar, M, shiny|100/100
|turn|4
|
|t:|1660016424
|switch|p2a: SUNDOWNER|Tyranitar, F|100/100
|-damage|p2a: SUNDOWNER|88/100|[from] Stealth Rock
|-weather|Sandstorm|[from] ability: Sand Stream|[of] p2a: SUNDOWNER
|move|p1a: Gengar|Shadow Ball|p2a: SUNDOWNER
|-resisted|p2a: SUNDOWNER
|-damage|p2a: SUNDOWNER|74/100
|-unboost|p2a: SUNDOWNER|spd|1
|
|-weather|Sandstorm|[upkeep]
|-damage|p1a: Gengar|94/100|[from] Sandstorm
|upkeep
|turn|5
|j| Unowndragon
|
|t:|1660016427
|switch|p2a: I REALIZE|Toxapex, F|100/100
|-damage|p2a: I REALIZE|88/100|[from] Stealth Rock
|move|p1a: Gengar|Focus Blast|p2a: I REALIZE
|-resisted|p2a: I REALIZE
|-damage|p2a: I REALIZE|75/100
|
|-weather|Sandstorm|[upkeep]
|-damage|p1a: Gengar|88/100|[from] Sandstorm
|-damage|p2a: I REALIZE|69/100|[from] Sandstorm
|upkeep
|turn|6
|j| Tace
|j| boogiewdahoodie
|j| LT92PF magmafires
|
|t:|1660016432
|switch|p2a: SANDSTREAM SAM|Excadrill, M|100/100
|-damage|p2a: SANDSTREAM SAM|97/100|[from] Stealth Rock
|move|p1a: Gengar|Shadow Ball|p2a: SANDSTREAM SAM
|-damage|p2a: SANDSTREAM SAM|46/100
|
|-weather|Sandstorm|[upkeep]
|-damage|p1a: Gengar|82/100|[from] Sandstorm
|-heal|p2a: SANDSTREAM SAM|52/100|[from] item: Leftovers
|upkeep
|turn|7
|j| Pokemh
|l| Tace
|c| LT92PF magmafires|hmm did you misclick?
|j| AlIoutdragadarts
|c| Pokemh|hmm
|c|☆HOF69|who?
|inactive|HOF69 has 120 seconds left.
|
|t:|1660016465
|switch|p1a: Landorus|Landorus-Therian, M|100/100
|-ability|p1a: Landorus|Intimidate|boost
|-unboost|p2a: SANDSTREAM SAM|atk|1
|move|p2a: SANDSTREAM SAM|Rapid Spin|p1a: Landorus
|-damage|p1a: Landorus|87/100
|-boost|p2a: SANDSTREAM SAM|spe|1
|-sideend|p2: LT92PF hiye|Stealth Rock|[from] move: Rapid Spin|[of] p2a: SANDSTREAM SAM
|
|-weather|Sandstorm|[upkeep]
|-heal|p2a: SANDSTREAM SAM|58/100|[from] item: Leftovers
|upkeep
|turn|8
|c| atvin|:o
|
|t:|1660016478
|move|p2a: SANDSTREAM SAM|Iron Head|p1a: Landorus
|-damage|p1a: Landorus|54/100
|move|p1a: Landorus|U-turn|p2a: SANDSTREAM SAM
|-resisted|p2a: SANDSTREAM SAM
|-damage|p2a: SANDSTREAM SAM|40/100
|c| atvin|oh wow
|
|t:|1660016483
|switch|p1a: Gengar|Gengar, M, shiny|82/100|[from]move: U-turn
|
|-weather|none
|-heal|p2a: SANDSTREAM SAM|46/100|[from] item: Leftovers
|upkeep
|turn|9
|
|t:|1660016489
|move|p2a: SANDSTREAM SAM|Earthquake|p1a: Gengar
|-supereffective|p1a: Gengar
|-damage|p1a: Gengar|0 fnt
|faint|p1a: Gengar
|
|-heal|p2a: SANDSTREAM SAM|53/100|[from] item: Leftovers
|upkeep
|c|☆LT92PF hiye|kek
|c| atvin|oh WOW
|c|☆LT92PF hiye|ok
|j| lt92pf velcro
|c| boogiewdahoodie|wow blarg actually made a play!!
|
|t:|1660016496
|switch|p1a: Kartana|Kartana|100/100
|turn|10
|c|☆LT92PF hiye|ya nvr done tht beofr
|
|t:|1660016509
|switch|p2a: STANDING HERE|Tangrowth, F|100/100
|move|p1a: Kartana|Swords Dance|p1a: Kartana
|-boost|p1a: Kartana|atk|2
|
|upkeep
|turn|11
|
|t:|1660016512
|move|p1a: Kartana|Knock Off|p2a: STANDING HERE
|-damage|p2a: STANDING HERE|52/100
|-enditem|p2a: STANDING HERE|Rocky Helmet|[from] move: Knock Off|[of] p1a: Kartana
|move|p2a: STANDING HERE|Focus Blast|p1a: Kartana|[miss]
|-miss|p2a: STANDING HERE|p1a: Kartana
|
|upkeep
|turn|12
|c| boogiewdahoodie|okay bestie
|c| atvin|k
|c|☆LT92PF hiye|:)
|
|t:|1660016529
|move|p1a: Kartana|Sacred Sword|p2a: STANDING HERE
|-damage|p2a: STANDING HERE|7/100
|move|p2a: STANDING HERE|Focus Blast|p1a: Kartana
|-supereffective|p1a: Kartana
|-damage|p1a: Kartana|0 fnt
|faint|p1a: Kartana
|
|upkeep
|c| LT92PF magmafires|blargh ghosting hiye oh my god O_O
|
|t:|1660016539
|switch|p1a: Tapu Lele|Tapu Lele|100/100
|-fieldstart|move: Psychic Terrain|[from] ability: Psychic Surge|[of] p1a: Tapu Lele
|turn|13
|c|☆LT92PF hiye|alvin take notes bud
|c| atvin|O_O
|inactive|LT92PF hiye has 120 seconds left.
|j| Tace
|j| vusty
|c| boogiewdahoodie|,
|
|t:|1660016584
|switch|p2a: I REALIZE|Toxapex, F|100/100
|move|p1a: Tapu Lele|Moonblast|p2a: I REALIZE
|-resisted|p2a: I REALIZE
|-damage|p2a: I REALIZE|82/100
|-unboost|p2a: I REALIZE|spa|1
|
|upkeep
|turn|14
|l| vusty
|l| Tace
|
|t:|1660016593
|move|p1a: Tapu Lele|Psyshock|p2a: I REALIZE
|-supereffective|p2a: I REALIZE
|-damage|p2a: I REALIZE|0 fnt
|faint|p2a: I REALIZE
|
|upkeep
|
|t:|1660016597
|switch|p2a: Landorus|Landorus-Therian, M|100/100
|-ability|p2a: Landorus|Intimidate|boost
|-unboost|p1a: Tapu Lele|atk|1
|turn|15
|
|t:|1660016611
|move|p2a: Landorus|Earthquake|p1a: Tapu Lele
|-damage|p1a: Tapu Lele|0 fnt
|faint|p1a: Tapu Lele
|
|upkeep
|-message|HOF69 forfeited.
|
|win|LT92PF hiye
|raw|HOF69's rating: 1789 &rarr; <strong>1773</strong><br />(-16 for losing)
|raw|LT92PF hiye's rating: 1865 &rarr; <strong>1881</strong><br />(+16 for winning)
|c|☆LT92PF hiye|:O
|l|☆HOF69
