|j|☆justatest123
|j|☆Gurtrant
|t:|1628132735
|gametype|singles
|player|p1|justatest123|backpacker|1776
|player|p2|Gurtrant|238|1704
|teamsize|p1|6
|teamsize|p2|6
|gen|8
|tier|[Gen 8] OU
|rated|
|rule|Sleep Clause Mod: Limit one foe put to sleep
|rule|Species Clause: Limit one of each Pokémon
|rule|OHKO Clause: OHKO moves are banned
|rule|Evasion Moves Clause: Evasion moves are banned
|rule|Endless Battle Clause: Forcing endless battles is banned
|rule|HP Percentage Mod: HP is shown in percentages
|rule|Dynamax Clause: You cannot dynamax
|clearpoke
|poke|p1|Slowking-Galar, F|
|poke|p1|Corviknight, M|
|poke|p1|Landorus-Therian, M|
|poke|p1|Tapu Fini|
|poke|p1|Urshifu-*, M|
|poke|p1|Weavile, M|
|poke|p2|Pelipper, M|
|poke|p2|Heliolisk, M|
|poke|p2|Seismitoad, F|
|poke|p2|Barraskewda, M|
|poke|p2|Ferrothorn, F|
|poke|p2|Zapdos|
|teampreview
|inactive|Battle timer is ON: inactive players will automatically lose when time's up. (requested by Gurtrant)
|j| OU make me yawn♤
|j| deepesh1
|l| OU make me yawn♤
|j| Fusien
|j| zzs is my goddess
|j| lvnt
|inactive|justatest123 has 120 seconds left.
|j|%Ox the Fox
|j| her worth
|j| Wheezer
|inactive|justatest123 has 90 seconds left.
|j| Vittorioso ✿
|j| pastagirl !
|inactive|justatest123 has 60 seconds left.
|
|t:|1628132834
|start
|switch|p1a: Landorus|Landorus-Therian, M|100/100
|switch|p2a: Pelipper|Pelipper, M|100/100
|-ability|p1a: Landorus|Intimidate|boost
|-unboost|p2a: Pelipper|atk|1
|-weather|RainDance|[from] ability: Drizzle|[of] p2a: Pelipper
|turn|1
|inactive|justatest123 has 120 seconds left.
|
|t:|1628132849
|switch|p1a: Tapu Fini|Tapu Fini|100/100
|-fieldstart|move: Misty Terrain|[from] ability: Misty Surge|[of] p1a: Tapu Fini
|move|p2a: Pelipper|U-turn|p1a: Tapu Fini
|-resisted|p1a: Tapu Fini
|-damage|p1a: Tapu Fini|98/100
|
|t:|1628132854
|switch|p2a: Heliolisk|Heliolisk, M, shiny|100/100|[from]move: U-turn
|
|-weather|RainDance|[upkeep]
|-heal|p1a: Tapu Fini|100/100|[from] item: Leftovers
|upkeep
|turn|2
|
|t:|1628132859
|switch|p1a: Slowking|Slowking-Galar, F|100/100
|move|p2a: Heliolisk|Thunder|p1a: Slowking
|-damage|p1a: Slowking|69/100
|-damage|p2a: Heliolisk|91/100|[from] item: Life Orb
|
|-weather|RainDance|[upkeep]
|-heal|p2a: Heliolisk|100/100|[from] ability: Dry Skin
|upkeep
|turn|3
|j| Amigento1958
|j| lovers entwined♡
|inactive|justatest123 has 120 seconds left.
|
|t:|1628132889
|move|p2a: Heliolisk|Volt Switch|p1a: Slowking
|-damage|p1a: Slowking|50/100
|-damage|p2a: Heliolisk|91/100|[from] item: Life Orb
|
|t:|1628132891
|switch|p2a: Ferrothorn|Ferrothorn, F|100/100|[from]move: Volt Switch
|move|p1a: Slowking|Sludge Bomb|p2a: Ferrothorn
|-immune|p2a: Ferrothorn
|
|-weather|RainDance|[upkeep]
|upkeep
|turn|4
|inactive|justatest123 has 120 seconds left.
|inactive|justatest123 has 90 seconds left.
|j| Oh Be
|l| Oh Be
|
|t:|1628132944
|switch|p1a: Corviknight|Corviknight, M|100/100
|-ability|p1a: Corviknight|Pressure
|move|p2a: Ferrothorn|Knock Off|p1a: Corviknight
|-damage|p1a: Corviknight|88/100
|-damage|p2a: Ferrothorn|84/100|[from] item: Rocky Helmet|[of] p1a: Corviknight
|-enditem|p1a: Corviknight|Rocky Helmet|[from] move: Knock Off|[of] p2a: Ferrothorn
|
|-weather|RainDance|[upkeep]
|-heal|p2a: Ferrothorn|90/100|[from] item: Leftovers
|upkeep
|turn|5
|j| Seb100
|
|t:|1628132952
|switch|p2a: Zapdos|Zapdos|100/100
|move|p1a: Corviknight|Body Press|p2a: Zapdos
|-resisted|p2a: Zapdos
|-damage|p2a: Zapdos|91/100
|
|-weather|RainDance|[upkeep]
|-fieldend|Misty Terrain
|upkeep
|turn|6
|
|t:|1628132956
|switch|p1a: Slowking|Slowking-Galar, F|83/100
|move|p2a: Zapdos|U-turn|p1a: Slowking
|-damage|p1a: Slowking|71/100
|
|t:|1628132961
|switch|p2a: Barraskewda|Barraskewda, M|100/100|[from]move: U-turn
|
|-weather|RainDance|[upkeep]
|upkeep
|turn|7
|
|t:|1628132965
|switch|p1a: Tapu Fini|Tapu Fini|100/100
|-fieldstart|move: Misty Terrain|[from] ability: Misty Surge|[of] p1a: Tapu Fini
|move|p2a: Barraskewda|Liquidation|p1a: Tapu Fini
|-resisted|p1a: Tapu Fini
|-damage|p1a: Tapu Fini|66/100
|
|-weather|RainDance|[upkeep]
|-heal|p1a: Tapu Fini|72/100|[from] item: Leftovers
|upkeep
|turn|8
|j| Can'tFight
|j| liet32120
|inactive|justatest123 has 90 seconds left.
|
|t:|1628133001
|switch|p2a: Heliolisk|Heliolisk, M, shiny|91/100
|move|p1a: Tapu Fini|Nature's Madness|p2a: Heliolisk|[miss]
|-miss|p1a: Tapu Fini|p2a: Heliolisk
|
|-weather|none
|-heal|p1a: Tapu Fini|78/100|[from] item: Leftovers
|upkeep
|turn|9
|inactive|justatest123 has 90 seconds left.
|
|t:|1628133008
|switch|p1a: Slowking|Slowking-Galar, F|100/100
|move|p2a: Heliolisk|Volt Switch|p1a: Slowking
|-damage|p1a: Slowking|81/100
|-damage|p2a: Heliolisk|81/100|[from] item: Life Orb
|l| her worth
|
|t:|1628133011
|switch|p2a: Pelipper|Pelipper, M|100/100|[from]move: Volt Switch
|-weather|RainDance|[from] ability: Drizzle|[of] p2a: Pelipper
|
|-weather|RainDance|[upkeep]
|upkeep
|turn|10
|
|t:|1628133015
|move|p2a: Pelipper|U-turn|p1a: Slowking
|-damage|p1a: Slowking|73/100
|
|t:|1628133018
|switch|p2a: Ferrothorn|Ferrothorn, F|90/100|[from]move: U-turn
|move|p1a: Slowking|Future Sight|p2a: Ferrothorn
|-start|p1a: Slowking|move: Future Sight
|
|-weather|RainDance|[upkeep]
|-heal|p2a: Ferrothorn|97/100|[from] item: Leftovers
|upkeep
|turn|11
|
|t:|1628133030
|switch|p1a: Urshifu|Urshifu-Rapid-Strike, M|100/100
|move|p2a: Ferrothorn|Leech Seed|p1a: Urshifu
|-start|p1a: Urshifu|move: Leech Seed
|
|-weather|RainDance|[upkeep]
|-heal|p2a: Ferrothorn|100/100|[from] item: Leftovers
|-damage|p1a: Urshifu|88/100|[from] Leech Seed|[of] p2a: Ferrothorn
|-fieldend|Misty Terrain
|upkeep
|turn|12
|
|t:|1628133041
|switch|p2a: Zapdos|Zapdos|91/100
|move|p1a: Urshifu|Close Combat|p2a: Zapdos
|-resisted|p2a: Zapdos
|-damage|p2a: Zapdos|57/100
|-unboost|p1a: Urshifu|def|1
|-unboost|p1a: Urshifu|spd|1
|
|-weather|RainDance|[upkeep]
|-end|p2a: Zapdos|move: Future Sight
|-crit|p2a: Zapdos
|-damage|p2a: Zapdos|0 fnt
|faint|p2a: Zapdos
|upkeep
|
|t:|1628133066
|switch|p2a: Pelipper|Pelipper, M|100/100
|turn|13
|
|t:|1628133070
|switch|p1a: Slowking|Slowking-Galar, F|100/100
|move|p2a: Pelipper|U-turn|p1a: Slowking
|-damage|p1a: Slowking|92/100
|
|t:|1628133075
|switch|p2a: Barraskewda|Barraskewda, M|100/100|[from]move: U-turn
|
|-weather|RainDance|[upkeep]
|upkeep
|turn|14
|
|t:|1628133080
|switch|p1a: Tapu Fini|Tapu Fini|78/100
|-fieldstart|move: Misty Terrain|[from] ability: Misty Surge|[of] p1a: Tapu Fini
|move|p2a: Barraskewda|Liquidation|p1a: Tapu Fini
|-resisted|p1a: Tapu Fini
|-damage|p1a: Tapu Fini|43/100
|
|-weather|RainDance|[upkeep]
|-heal|p1a: Tapu Fini|49/100|[from] item: Leftovers
|upkeep
|turn|15
|
|t:|1628133085
|move|p2a: Barraskewda|Liquidation|p1a: Tapu Fini
|-resisted|p1a: Tapu Fini
|-damage|p1a: Tapu Fini|12/100
|move|p1a: Tapu Fini|Moonblast|p2a: Barraskewda
|-damage|p2a: Barraskewda|35/100
|
|-weather|RainDance|[upkeep]
|-heal|p1a: Tapu Fini|18/100|[from] item: Leftovers
|upkeep
|turn|16
|j| Skylink42 ❤
|
|t:|1628133099
|move|p2a: Barraskewda|Liquidation|p1a: Tapu Fini
|-resisted|p1a: Tapu Fini
|-damage|p1a: Tapu Fini|0 fnt
|faint|p1a: Tapu Fini
|
|-weather|none
|upkeep
|
|t:|1628133117
|switch|p1a: Urshifu|Urshifu-Rapid-Strike, M|88/100
|turn|17
|inactive|justatest123 has 120 seconds left.
|j| Edgy 4fun
|n| LT84JMXY|oxthefox
|
|t:|1628133147
|switch|p2a: Pelipper|Pelipper, M|100/100
|-weather|RainDance|[from] ability: Drizzle|[of] p2a: Pelipper
|move|p1a: Urshifu|U-turn|p2a: Pelipper
|-resisted|p2a: Pelipper
|-damage|p2a: Pelipper|87/100
|
|t:|1628133164
|switch|p1a: Weavile|Weavile, M|100/100|[from]move: U-turn
|-ability|p1a: Weavile|Pressure
|
|-weather|RainDance|[upkeep]
|upkeep
|turn|18
|
|t:|1628133171
|move|p1a: Weavile|Knock Off|p2a: Pelipper
|-damage|p2a: Pelipper|46/100
|-enditem|p2a: Pelipper|Damp Rock|[from] move: Knock Off|[of] p1a: Weavile
|move|p2a: Pelipper|U-turn|p1a: Weavile
|-supereffective|p1a: Weavile
|-damage|p1a: Weavile|71/100
|j| munanyo.uchiha
|j| ian_yo
|inactive|Gurtrant has 120 seconds left.
|l| zzs is my goddess
|
|t:|1628133216
|switch|p2a: Barraskewda|Barraskewda, M|35/100|[from]move: U-turn
|
|-weather|RainDance|[upkeep]
|-fieldend|Misty Terrain
|upkeep
|turn|19
|inactive|justatest123 has 120 seconds left.
|
|t:|1628133229
|switch|p1a: Landorus|Landorus-Therian, M|100/100
|-ability|p1a: Landorus|Intimidate|boost
|-unboost|p2a: Barraskewda|atk|1
|move|p2a: Barraskewda|Flip Turn|p1a: Landorus
|-supereffective|p1a: Landorus
|-damage|p1a: Landorus|2/100
|
|t:|1628133239
|switch|p2a: Seismitoad|Seismitoad, F|100/100|[from]move: Flip Turn
|
|-weather|RainDance|[upkeep]
|-heal|p1a: Landorus|8/100|[from] item: Leftovers
|upkeep
|turn|20
|inactive|justatest123 has 120 seconds left.
|
|t:|1628133260
|switch|p1a: Corviknight|Corviknight, M|88/100
|-ability|p1a: Corviknight|Pressure
|move|p2a: Seismitoad|Weather Ball|p1a: Corviknight
|-damage|p1a: Corviknight|4/100
|-damage|p2a: Seismitoad|91/100|[from] item: Life Orb
|
|-weather|RainDance|[upkeep]
|upkeep
|turn|21
|inactive|Gurtrant has 120 seconds left.
|
|t:|1628133269
|move|p2a: Seismitoad|Weather Ball|p1a: Corviknight
|-damage|p1a: Corviknight|0 fnt
|faint|p1a: Corviknight
|-damage|p2a: Seismitoad|81/100|[from] item: Life Orb
|
|-weather|RainDance|[upkeep]
|upkeep
|
|t:|1628133274
|switch|p1a: Slowking|Slowking-Galar, F|100/100
|turn|22
|l| Seb100
|inactive|justatest123 has 120 seconds left.
|
|t:|1628133299
|move|p2a: Seismitoad|Stealth Rock|p1a: Slowking
|-sidestart|p1: justatest123|move: Stealth Rock
|move|p1a: Slowking|Future Sight|p2a: Seismitoad
|-start|p1a: Slowking|move: Future Sight
|
|-weather|RainDance|[upkeep]
|upkeep
|turn|23
|j| PrancingVulture
|
|t:|1628133306
|switch|p2a: Ferrothorn|Ferrothorn, F|100/100
|move|p1a: Slowking|Sludge Bomb|p2a: Ferrothorn
|-immune|p2a: Ferrothorn
|
|-weather|RainDance|[upkeep]
|upkeep
|turn|24
|l| PrancingVulture
|n| Fyoosyen|ianyo
|
|t:|1628133318
|switch|p1a: Landorus|Landorus-Therian, M|8/100
|-damage|p1a: Landorus|0 fnt|[from] Stealth Rock
|faint|p1a: Landorus
|move|p2a: Ferrothorn|Leech Seed|p1: Landorus|[notarget]
|-fail|p2a: Ferrothorn
|
|-weather|none
|-end|p2a: Ferrothorn|move: Future Sight
|-resisted|p2a: Ferrothorn
|-damage|p2a: Ferrothorn|83/100
|-heal|p2a: Ferrothorn|90/100|[from] item: Leftovers
|upkeep
|
|t:|1628133327
|switch|p1a: Urshifu|Urshifu-Rapid-Strike, M|88/100
|-damage|p1a: Urshifu|82/100|[from] Stealth Rock
|turn|25
|
|t:|1628133337
|switch|p2a: Pelipper|Pelipper, M|46/100
|-weather|RainDance|[from] ability: Drizzle|[of] p2a: Pelipper
|move|p1a: Urshifu|Close Combat|p2a: Pelipper
|-resisted|p2a: Pelipper
|-damage|p2a: Pelipper|11/100
|-unboost|p1a: Urshifu|def|1
|-unboost|p1a: Urshifu|spd|1
|
|-weather|RainDance|[upkeep]
|upkeep
|turn|26
|
|t:|1628133346
|move|p1a: Urshifu|Close Combat|p2a: Pelipper
|-resisted|p2a: Pelipper
|-damage|p2a: Pelipper|0 fnt
|-unboost|p1a: Urshifu|def|1
|-unboost|p1a: Urshifu|spd|1
|faint|p2a: Pelipper
|
|-weather|RainDance|[upkeep]
|upkeep
|n| Vittorioso ✿|vittorioso
|
|t:|1628133373
|switch|p2a: Barraskewda|Barraskewda, M|35/100
|turn|27
|inactive|justatest123 has 120 seconds left.
|inactive|justatest123 has 90 seconds left.
|l| Skylink42 ❤
|l| Amigento1958
|inactive|justatest123 has 60 seconds left.
|l| lvnt
|j| Quag2themax
|
|t:|1628133482
|switch|p1a: Slowking|Slowking-Galar, F|100/100
|-damage|p1a: Slowking|88/100|[from] Stealth Rock
|move|p2a: Barraskewda|Liquidation|p1a: Slowking
|-damage|p1a: Slowking|0 fnt
|faint|p1a: Slowking
|
|-weather|RainDance|[upkeep]
|upkeep
|n| ian_yo|fyoosyen
|
|t:|1628133486
|switch|p1a: Urshifu|Urshifu-Rapid-Strike, M|82/100
|-damage|p1a: Urshifu|76/100|[from] Stealth Rock
|turn|28
|
|t:|1628133498
|switch|p2a: Seismitoad|Seismitoad, F|81/100
|move|p1a: Urshifu|Close Combat|p2a: Seismitoad
|-damage|p2a: Seismitoad|0 fnt
|-unboost|p1a: Urshifu|def|1
|-unboost|p1a: Urshifu|spd|1
|faint|p2a: Seismitoad
|
|-weather|RainDance|[upkeep]
|upkeep
|
|t:|1628133510
|switch|p2a: Heliolisk|Heliolisk, M, shiny|81/100
|turn|29
|
|t:|1628133519
|move|p2a: Heliolisk|Volt Switch|p1a: Urshifu
|-supereffective|p1a: Urshifu
|-damage|p1a: Urshifu|0 fnt
|faint|p1a: Urshifu
|-damage|p2a: Heliolisk|71/100|[from] item: Life Orb
|
|t:|1628133525
|switch|p2a: Ferrothorn|Ferrothorn, F|90/100|[from]move: Volt Switch
|
|-weather|none
|-heal|p2a: Ferrothorn|96/100|[from] item: Leftovers
|upkeep
|
|t:|1628133529
|switch|p1a: Weavile|Weavile, M|71/100
|-ability|p1a: Weavile|Pressure
|turn|30
|
|t:|1628133532
|move|p1a: Weavile|Swords Dance|p1a: Weavile
|-boost|p1a: Weavile|atk|2
|move|p2a: Ferrothorn|Gyro Ball|p1a: Weavile
|-supereffective|p1a: Weavile
|-damage|p1a: Weavile|0 fnt
|faint|p1a: Weavile
|
|win|Gurtrant
|raw|justatest123's rating: 1776 &rarr; <strong>1752</strong><br />(-24 for losing)
|raw|Gurtrant's rating: 1704 &rarr; <strong>1728</strong><br />(+24 for winning)
|l|☆Gurtrant
|l|☆justatest123
|l| Quag2themax
|l| Vittorioso ✿
||Ladder isn't responding, score probably updated but might not have (Request timeout).
|l| LT84JMXY
|l| deepesh1
|j| Vittorioso ✿
|l| Vittorioso ✿
|l| Wheezer
|l| Edgy 4fun
|l| ian_yo
|l| liet32120
|l| Fusien
|j| Robbed account
|l| Robbed account
|j| SweetPatata
|l| SweetPatata
|l| munanyo.uchiha
|l| Can'tFight
|j| Mimikyu Stardust
|l| Mimikyu Stardust
|j| d18l
