|j|☆OUTW Geomancy
|j|☆cute pink team
|t:|1650177720
|gametype|singles
|player|p1|OUTW Geomancy|hiker-gen2|1679
|player|p2|cute pink team|misty-gen1|1885
|teamsize|p1|6
|teamsize|p2|6
|gen|8
|tier|[Gen 8] OU
|rated|
|rule|Sleep Clause Mod: Limit one foe put to sleep
|rule|Species Clause: Limit one of each Pokémon
|rule|OHKO Clause: OHKO moves are banned
|rule|Evasion Moves Clause: Evasion moves are banned
|rule|Endless Battle Clause: Forcing endless battles is banned
|rule|HP Percentage Mod: HP is shown in percentages
|rule|Dynamax Clause: You cannot dynamax
|clearpoke
|poke|p1|Sylveon, F|
|poke|p1|Zapdos|
|poke|p1|Ferrothorn, M|
|poke|p1|Tornadus-Therian, M|
|poke|p1|Landorus-Therian, M|
|poke|p1|Urshifu-*, F|
|poke|p2|Zapdos|
|poke|p2|Mamoswine, F|
|poke|p2|Tyranitar, M|
|poke|p2|Corviknight, M|
|poke|p2|Volcanion|
|poke|p2|Tapu Lele|
|teampreview
|inactive|Battle timer is ON: inactive players will automatically lose when time's up. (requested by OUTW Geomancy)
|
|t:|1650177733
|start
|switch|p1a: Urshifu|Urshifu-Rapid-Strike, F|100/100
|switch|p2a: Zapdos|Zapdos|100/100
|turn|1
|
|t:|1650177736
|move|p1a: Urshifu|Ice Punch|p2a: Zapdos
|-supereffective|p2a: Zapdos
|-damage|p2a: Zapdos|2/100
|move|p2a: Zapdos|Hurricane|p1a: Urshifu
|-supereffective|p1a: Urshifu
|-damage|p1a: Urshifu|0 fnt
|faint|p1a: Urshifu
|
|upkeep
|
|t:|1650177739
|switch|p1a: Tornadus|Tornadus-Therian, M|100/100
|turn|2
|
|t:|1650177742
|switch|p2a: Corviknight|Corviknight, M|100/100
|-ability|p2a: Corviknight|Pressure
|move|p1a: Tornadus|Heat Wave|p2a: Corviknight
|-supereffective|p2a: Corviknight
|-damage|p2a: Corviknight|52/100
|
|-heal|p2a: Corviknight|58/100|[from] item: Leftovers
|upkeep
|turn|3
|
|t:|1650177745
|move|p1a: Tornadus|Knock Off|p2a: Corviknight
|-damage|p2a: Corviknight|46/100
|-enditem|p2a: Corviknight|Leftovers|[from] move: Knock Off|[of] p1a: Tornadus
|move|p2a: Corviknight|Roost|p2a: Corviknight
|-heal|p2a: Corviknight|96/100
|-singleturn|p2a: Corviknight|move: Roost
|
|upkeep
|turn|4
|
|t:|1650177748
|switch|p2a: Tyranitar|Tyranitar, M|100/100
|-weather|Sandstorm|[from] ability: Sand Stream|[of] p2a: Tyranitar
|move|p1a: Tornadus|Heat Wave|p2a: Tyranitar
|-resisted|p2a: Tyranitar
|-damage|p2a: Tyranitar|92/100
|
|-weather|Sandstorm|[upkeep]
|-damage|p1a: Tornadus|94/100|[from] Sandstorm
|upkeep
|turn|5
|
|t:|1650177751
|move|p1a: Tornadus|U-turn|p2a: Tyranitar
|-supereffective|p2a: Tyranitar
|-damage|p2a: Tyranitar|67/100
|
|t:|1650177753
|switch|p1a: Ferrothorn|Ferrothorn, M|100/100|[from]move: U-turn
|move|p2a: Tyranitar|Ice Punch|p1a: Ferrothorn
|-damage|p1a: Ferrothorn|73/100
|-damage|p2a: Tyranitar|55/100|[from] ability: Iron Barbs|[of] p1a: Ferrothorn
|-damage|p2a: Tyranitar|39/100|[from] item: Rocky Helmet|[of] p1a: Ferrothorn
|
|-weather|Sandstorm|[upkeep]
|upkeep
|turn|6
|
|t:|1650177758
|switch|p2a: Volcanion|Volcanion|100/100
|move|p1a: Ferrothorn|Leech Seed|p2a: Volcanion
|-start|p2a: Volcanion|move: Leech Seed
|
|-weather|Sandstorm|[upkeep]
|-damage|p2a: Volcanion|95/100|[from] Sandstorm
|-damage|p2a: Volcanion|82/100|[from] Leech Seed|[of] p1a: Ferrothorn
|-heal|p1a: Ferrothorn|83/100|[silent]
|upkeep
|turn|7
|
|t:|1650177763
|switch|p1a: Tornadus|Tornadus-Therian, M|100/100
|move|p2a: Volcanion|Overheat|p1a: Tornadus
|-damage|p1a: Tornadus|29/100
|-unboost|p2a: Volcanion|spa|2
|
|-weather|Sandstorm|[upkeep]
|-damage|p1a: Tornadus|23/100|[from] Sandstorm
|-damage|p2a: Volcanion|76/100|[from] Sandstorm
|-damage|p2a: Volcanion|64/100|[from] Leech Seed|[of] p1a: Tornadus
|-heal|p1a: Tornadus|33/100|[silent]
|upkeep
|turn|8
|
|t:|1650177769
|switch|p2a: Corviknight|Corviknight, M|96/100
|-ability|p2a: Corviknight|Pressure
|move|p1a: Tornadus|U-turn|p2a: Corviknight
|-resisted|p2a: Corviknight
|-damage|p2a: Corviknight|94/100
|
|t:|1650177771
|switch|p1a: Zapdos|Zapdos|100/100|[from]move: U-turn
|
|-weather|none
|upkeep
|turn|9
|
|t:|1650177773
|switch|p2a: Mamoswine|Mamoswine, F|100/100
|move|p1a: Zapdos|Heat Wave|p2a: Mamoswine
|-supereffective|p2a: Mamoswine
|-damage|p2a: Mamoswine|66/100
|
|upkeep
|turn|10
|j| SKIP THE DRIP
|
|t:|1650177785
|switch|p1a: Ferrothorn|Ferrothorn, M|83/100
|move|p2a: Mamoswine|Icicle Crash|p1a: Ferrothorn
|-crit|p1a: Ferrothorn
|-damage|p1a: Ferrothorn|44/100
|
|upkeep
|turn|11
|
|t:|1650177794
|switch|p2a: Volcanion|Volcanion|64/100
|move|p1a: Ferrothorn|Leech Seed|p2a: Volcanion
|-start|p2a: Volcanion|move: Leech Seed
|
|-damage|p2a: Volcanion|52/100|[from] Leech Seed|[of] p1a: Ferrothorn
|-heal|p1a: Ferrothorn|54/100|[silent]
|upkeep
|turn|12
|
|t:|1650177797
|switch|p1a: Sylveon|Sylveon, F|100/100
|move|p2a: Volcanion|Overheat|p1a: Sylveon
|-damage|p1a: Sylveon|32/100
|-unboost|p2a: Volcanion|spa|2
|
|-damage|p2a: Volcanion|39/100|[from] Leech Seed|[of] p1a: Sylveon
|-heal|p1a: Sylveon|42/100|[silent]
|upkeep
|turn|13
|
|t:|1650177802
|switch|p2a: Tyranitar|Tyranitar, M|39/100
|-weather|Sandstorm|[from] ability: Sand Stream|[of] p2a: Tyranitar
|switch|p1a: Tornadus|Tornadus-Therian, M|66/100
|
|-weather|Sandstorm|[upkeep]
|-damage|p1a: Tornadus|60/100|[from] Sandstorm
|upkeep
|turn|14
|
|t:|1650177812
|move|p1a: Tornadus|U-turn|p2a: Tyranitar
|-supereffective|p2a: Tyranitar
|-damage|p2a: Tyranitar|11/100
|
|t:|1650177817
|switch|p1a: Landorus|Landorus-Therian, M|100/100|[from]move: U-turn
|-ability|p1a: Landorus|Intimidate|boost
|-unboost|p2a: Tyranitar|atk|1
|move|p2a: Tyranitar|Fire Punch|p1a: Landorus
|-damage|p1a: Landorus|72/100
|
|-weather|Sandstorm|[upkeep]
|-heal|p1a: Landorus|78/100|[from] item: Leftovers
|upkeep
|turn|15
|
|t:|1650177821
|switch|p2a: Corviknight|Corviknight, M|94/100
|-ability|p2a: Corviknight|Pressure
|move|p1a: Landorus|U-turn|p2a: Corviknight
|-resisted|p2a: Corviknight
|-damage|p2a: Corviknight|91/100
|
|t:|1650177824
|switch|p1a: Zapdos|Zapdos|100/100|[from]move: U-turn
|
|-weather|Sandstorm|[upkeep]
|-damage|p1a: Zapdos|94/100|[from] Sandstorm
|upkeep
|turn|16
|
|t:|1650177833
|switch|p2a: Tyranitar|Tyranitar, M|11/100
|move|p1a: Zapdos|Heat Wave|p2a: Tyranitar
|-resisted|p2a: Tyranitar
|-damage|p2a: Tyranitar|0 fnt
|faint|p2a: Tyranitar
|
|-weather|Sandstorm|[upkeep]
|-damage|p1a: Zapdos|88/100|[from] Sandstorm
|upkeep
|
|t:|1650177835
|switch|p2a: Tapu Lele|Tapu Lele|100/100
|-fieldstart|move: Psychic Terrain|[from] ability: Psychic Surge|[of] p2a: Tapu Lele
|turn|17
|
|t:|1650177840
|switch|p1a: Tornadus|Tornadus-Therian, M|94/100
|move|p2a: Tapu Lele|Moonblast|p1a: Tornadus
|-damage|p1a: Tornadus|43/100
|
|-weather|none
|upkeep
|turn|18
|
|t:|1650177845
|move|p1a: Tornadus|Knock Off|p2a: Tapu Lele
|-damage|p2a: Tapu Lele|69/100
|-enditem|p2a: Tapu Lele|Choice Specs|[from] move: Knock Off|[of] p1a: Tornadus
|move|p2a: Tapu Lele|Moonblast|p1a: Tornadus
|-damage|p1a: Tornadus|11/100
|
|upkeep
|turn|19
|
|t:|1650177850
|move|p1a: Tornadus|U-turn|p2a: Tapu Lele
|-damage|p2a: Tapu Lele|47/100
|
|t:|1650177852
|switch|p1a: Sylveon|Sylveon, F|42/100|[from]move: U-turn
|move|p2a: Tapu Lele|Moonblast|p1a: Sylveon
|-damage|p1a: Sylveon|7/100
|-unboost|p1a: Sylveon|spa|1
|
|upkeep
|turn|20
|
|t:|1650177856
|switch|p1a: Tornadus|Tornadus-Therian, M|44/100
|move|p2a: Tapu Lele|Psyshock|p1a: Tornadus
|-damage|p1a: Tornadus|0 fnt
|faint|p1a: Tornadus
|
|upkeep
|
|t:|1650177861
|switch|p1a: Zapdos|Zapdos|88/100
|turn|21
|
|t:|1650177867
|switch|p2a: Corviknight|Corviknight, M|91/100
|-ability|p2a: Corviknight|Pressure
|move|p1a: Zapdos|Hurricane|p2a: Corviknight
|-resisted|p2a: Corviknight
|-damage|p2a: Corviknight|49/100
|-start|p2a: Corviknight|confusion
|
|-fieldend|move: Psychic Terrain
|upkeep
|turn|22
|
|t:|1650177872
|switch|p1a: Sylveon|Sylveon, F|7/100
|-activate|p2a: Corviknight|confusion
|-damage|p2a: Corviknight|44/100|[from] confusion
|
|upkeep
|turn|23
|
|t:|1650177876
|move|p1a: Sylveon|Mystical Fire|p2a: Corviknight
|-supereffective|p2a: Corviknight
|-damage|p2a: Corviknight|5/100
|-unboost|p2a: Corviknight|spa|1
|-activate|p2a: Corviknight|confusion
|move|p2a: Corviknight|Roost|p2a: Corviknight
|-heal|p2a: Corviknight|55/100
|-singleturn|p2a: Corviknight|move: Roost
|
|upkeep
|turn|24
|
|t:|1650177879
|move|p1a: Sylveon|Calm Mind|p1a: Sylveon
|-boost|p1a: Sylveon|spa|1
|-boost|p1a: Sylveon|spd|1
|-activate|p2a: Corviknight|confusion
|move|p2a: Corviknight|Roost|p2a: Corviknight
|-heal|p2a: Corviknight|100/100
|-singleturn|p2a: Corviknight|move: Roost
|
|upkeep
|turn|25
|
|t:|1650177882
|switch|p2a: Mamoswine|Mamoswine, F|66/100
|move|p1a: Sylveon|Mystical Fire|p2a: Mamoswine
|-supereffective|p2a: Mamoswine
|-damage|p2a: Mamoswine|44/100
|-unboost|p2a: Mamoswine|spa|1
|
|upkeep
|turn|26
|
|t:|1650177885
|move|p2a: Mamoswine|Icicle Crash|p1a: Sylveon
|-damage|p1a: Sylveon|0 fnt
|faint|p1a: Sylveon
|
|upkeep
|
|t:|1650177889
|switch|p1a: Zapdos|Zapdos|88/100
|turn|27
|
|t:|1650177899
|switch|p2a: Corviknight|Corviknight, M|100/100
|-ability|p2a: Corviknight|Pressure
|move|p1a: Zapdos|Hurricane|p2a: Corviknight|[miss]
|-miss|p1a: Zapdos|p2a: Corviknight
|
|upkeep
|turn|28
|
|t:|1650177903
|switch|p1a: Landorus|Landorus-Therian, M|78/100
|-ability|p1a: Landorus|Intimidate|boost
|-unboost|p2a: Corviknight|atk|1
|move|p2a: Corviknight|U-turn|p1a: Landorus
|-resisted|p1a: Landorus
|-damage|p1a: Landorus|73/100
|
|t:|1650177906
|switch|p2a: Tapu Lele|Tapu Lele|47/100|[from]move: U-turn
|-fieldstart|move: Psychic Terrain|[from] ability: Psychic Surge|[of] p2a: Tapu Lele
|
|-heal|p1a: Landorus|79/100|[from] item: Leftovers
|upkeep
|turn|29
|
|t:|1650177908
|move|p2a: Tapu Lele|Psyshock|p1a: Landorus
|-damage|p1a: Landorus|16/100
|move|p1a: Landorus|Earthquake|p2a: Tapu Lele
|-damage|p2a: Tapu Lele|0 fnt
|faint|p2a: Tapu Lele
|
|-heal|p1a: Landorus|22/100|[from] item: Leftovers
|upkeep
|
|t:|1650177912
|switch|p2a: Zapdos|Zapdos|2/100
|turn|30
|
|t:|1650177915
|move|p2a: Zapdos|Heat Wave|p1a: Landorus
|-damage|p1a: Landorus|0 fnt
|faint|p1a: Landorus
|
|upkeep
|
|t:|1650177916
|switch|p1a: Zapdos|Zapdos|88/100
|turn|31
|
|t:|1650177923
|move|p1a: Zapdos|Hurricane|p2a: Zapdos|[miss]
|-miss|p1a: Zapdos|p2a: Zapdos
|move|p2a: Zapdos|Heat Wave|p1a: Zapdos
|-damage|p1a: Zapdos|23/100
|
|upkeep
|turn|32
|
|t:|1650177925
|switch|p2a: Corviknight|Corviknight, M|100/100
|-ability|p2a: Corviknight|Pressure
|move|p1a: Zapdos|Hurricane|p2a: Corviknight
|-resisted|p2a: Corviknight
|-damage|p2a: Corviknight|57/100
|
|-fieldend|move: Psychic Terrain
|upkeep
|turn|33
|-message|OUTW Geomancy forfeited.
|
|win|cute pink team
|raw|OUTW Geomancy's rating: 1679 &rarr; <strong>1670</strong><br />(-9 for losing)
|raw|cute pink team's rating: 1885 &rarr; <strong>1894</strong><br />(+9 for winning)
|l|☆OUTW Geomancy
