|html|<div class="broadcast-blue"><strong>[Gen 8] OU is currently suspecting Melmetal! For information on how to participate check out the <a href="https://www.smogon.com/forums/threads/np-ss-ou-suspect-process-round-12-monster-mash.3709234/">suspect thread</a>.</strong></div>
|j|☆minimax_ai
|j|☆yuwenzhao
|t:|1665751441
|gametype|singles
|player|p1|minimax_ai|lusamine-nihilego|1637
|player|p2|yuwenzhao|beauty-gen4dp|1669
|teamsize|p1|6
|teamsize|p2|6
|gen|8
|tier|[Gen 8] OU
|rated|
|rule|Sleep Clause Mod: Limit one foe put to sleep
|rule|Species Clause: Limit one of each Pokémon
|rule|OHKO Clause: OHKO moves are banned
|rule|Evasion Items Clause: Evasion items are banned
|rule|Evasion Moves Clause: Evasion moves are banned
|rule|Endless Battle Clause: Forcing endless battles is banned
|rule|HP Percentage Mod: HP is shown in percentages
|rule|Dynamax Clause: You cannot dynamax
|clearpoke
|poke|p1|Rotom-Wash|
|poke|p1|Weavile, M|
|poke|p1|Landorus-Therian, M|
|poke|p1|Heatran, M|
|poke|p1|Tangrowth, F|
|poke|p1|Melmetal|
|poke|p2|Rillaboom, M|
|poke|p2|Tyranitar, M|
|poke|p2|Kartana|
|poke|p2|Nidoking, M|
|poke|p2|Moltres|
|poke|p2|Nihilego|
|teampreview
|c|☆minimax_ai|hf
|inactive|Battle timer is ON: inactive players will automatically lose when time's up. (requested by minimax_ai)
|
|t:|1665751461
|start
|switch|p1a: Melmetal|Melmetal|100/100
|switch|p2a: Nidoking|Nidoking, M|100/100
|turn|1
|
|t:|1665751467
|move|p2a: Nidoking|Earth Power|p1a: Melmetal
|-supereffective|p1a: Melmetal
|-damage|p1a: Melmetal|54/100
|move|p1a: Melmetal|Earthquake|p2a: Nidoking
|-supereffective|p2a: Nidoking
|-enditem|p2a: Nidoking|Focus Sash
|-damage|p2a: Nidoking|1/100
|
|upkeep
|turn|2
|
|t:|1665751475
|move|p2a: Nidoking|Toxic Spikes|p1a: Melmetal
|-sidestart|p1: minimax_ai|move: Toxic Spikes
|move|p1a: Melmetal|Double Iron Bash|p2a: Nidoking
|-damage|p2a: Nidoking|0 fnt
|faint|p2a: Nidoking
|-hitcount|p2: Nidoking|1
|
|upkeep
|
|t:|1665751500
|switch|p2a: Moltres|Moltres|100/100
|turn|3
|
|t:|1665751503
|switch|p1a: landorustherian|Landorus-Therian, M|100/100
|-ability|p1a: landorustherian|Intimidate|boost
|-unboost|p2a: Moltres|atk|1
|move|p2a: Moltres|U-turn|p1a: landorustherian
|-resisted|p1a: landorustherian
|-damage|p1a: landorustherian|96/100
|
|t:|1665751516
|switch|p2a: Kartana|Kartana|100/100|[from]move: U-turn
|
|-heal|p1a: landorustherian|100/100|[from] item: Leftovers
|upkeep
|turn|4
|
|t:|1665751521
|switch|p1a: Tangrowth|Tangrowth, F|100/100
|-status|p1a: Tangrowth|psn
|move|p2a: Kartana|Leaf Blade|p1a: Tangrowth
|-resisted|p1a: Tangrowth
|-damage|p1a: Tangrowth|78/100 psn
|-damage|p2a: Kartana|84/100|[from] item: Rocky Helmet|[of] p1a: Tangrowth
|
|-damage|p1a: Tangrowth|66/100 psn|[from] psn
|upkeep
|turn|5
|j| HaxxIsPain
|
|t:|1665751540
|switch|p2a: Moltres|Moltres|100/100
|move|p1a: Tangrowth|Giga Drain|p2a: Moltres
|-resisted|p2a: Moltres
|-damage|p2a: Moltres|94/100
|-heal|p1a: Tangrowth|69/100 psn|[from] drain|[of] p2a: Moltres
|
|-damage|p1a: Tangrowth|57/100 psn|[from] psn
|upkeep
|turn|6
|
|t:|1665751548
|switch|p1a: landorustherian|Landorus-Therian, M|100/100
|-ability|p1a: landorustherian|Intimidate|boost
|-unboost|p2a: Moltres|atk|1
|move|p2a: Moltres|Burn Up|p1a: landorustherian
|-damage|p1a: landorustherian|63/100
|-start|p2a: Moltres|typechange|???/Flying|[from] move: Burn Up
|
|-heal|p1a: landorustherian|70/100|[from] item: Leftovers
|upkeep
|turn|7
|
|t:|1665751559
|move|p2a: Moltres|U-turn|p1a: landorustherian
|-resisted|p1a: landorustherian
|-damage|p1a: landorustherian|65/100
|
|t:|1665751564
|switch|p2a: Nihilego|Nihilego|100/100|[from]move: U-turn
|move|p1a: landorustherian|Toxic|p2a: Nihilego
|-immune|p2a: Nihilego
|
|-heal|p1a: landorustherian|71/100|[from] item: Leftovers
|upkeep
|turn|8
|
|t:|1665751572
|move|p2a: Nihilego|Meteor Beam||[still]
|-prepare|p2a: Nihilego|Meteor Beam
|-boost|p2a: Nihilego|spa|1
|-enditem|p2a: Nihilego|Power Herb
|-anim|p2a: Nihilego|Meteor Beam|p1a: landorustherian
|-damage|p1a: landorustherian|4/100
|move|p1a: landorustherian|Earthquake|p2a: Nihilego
|-supereffective|p2a: Nihilego
|-crit|p2a: Nihilego
|-damage|p2a: Nihilego|0 fnt
|faint|p2a: Nihilego
|
|-heal|p1a: landorustherian|10/100|[from] item: Leftovers
|upkeep
|
|t:|1665751586
|switch|p2a: Kartana|Kartana|84/100
|turn|9
|
|t:|1665751589
|switch|p1a: Tangrowth|Tangrowth, F|90/100 psn
|move|p2a: Kartana|Knock Off|p1a: Tangrowth
|-damage|p1a: Tangrowth|55/100 psn
|-damage|p2a: Kartana|67/100|[from] item: Rocky Helmet|[of] p1a: Tangrowth
|-enditem|p1a: Tangrowth|Rocky Helmet|[from] move: Knock Off|[of] p2a: Kartana
|
|-damage|p1a: Tangrowth|43/100 psn|[from] psn
|upkeep
|turn|10
|
|t:|1665751598
|switch|p2a: Moltres|Moltres|94/100
|move|p1a: Tangrowth|Knock Off|p2a: Moltres
|-damage|p2a: Moltres|77/100
|-enditem|p2a: Moltres|Heavy-Duty Boots|[from] move: Knock Off|[of] p1a: Tangrowth
|
|-damage|p1a: Tangrowth|30/100 psn|[from] psn
|upkeep
|turn|11
|
|t:|1665751606
|switch|p1a: Heatran|Heatran, M|100/100
|-item|p1a: Heatran|Air Balloon
|move|p2a: Moltres|U-turn|p1a: Heatran
|-resisted|p1a: Heatran
|-damage|p1a: Heatran|97/100
|-enditem|p1a: Heatran|Air Balloon
|
|t:|1665751614
|switch|p2a: Kartana|Kartana|67/100|[from]move: U-turn
|
|upkeep
|turn|12
|
|t:|1665751618
|switch|p1a: landorustherian|Landorus-Therian, M|10/100
|-ability|p1a: landorustherian|Intimidate|boost
|-unboost|p2a: Kartana|atk|1
|move|p2a: Kartana|Sacred Sword|p1a: landorustherian
|-resisted|p1a: landorustherian
|-damage|p1a: landorustherian|0 fnt
|faint|p1a: landorustherian
|-ability|p2a: Kartana|Beast Boost|boost
|-boost|p2a: Kartana|atk|1
|
|upkeep
|
|t:|1665751618
|switch|p1a: Weavile|Weavile, M|100/100
|-status|p1a: Weavile|psn
|-ability|p1a: Weavile|Pressure
|turn|13
|
|t:|1665751632
|move|p1a: Weavile|Triple Axel|p2a: Kartana
|-damage|p2a: Kartana|51/100
|-damage|p2a: Kartana|22/100
|-hitcount|p2a: Kartana|2
|move|p2a: Kartana|Sacred Sword|p1a: Weavile
|-supereffective|p1a: Weavile
|-damage|p1a: Weavile|0 fnt
|faint|p1a: Weavile
|-ability|p2a: Kartana|Beast Boost|boost
|-boost|p2a: Kartana|atk|1
|
|upkeep
|
|t:|1665751632
|switch|p1a: rotomwash|Rotom-Wash|100/100
|turn|14
|
|t:|1665751643
|move|p2a: Kartana|Sacred Sword|p1a: rotomwash
|-damage|p1a: rotomwash|4/100
|move|p1a: rotomwash|Thunderbolt|p2a: Kartana
|-resisted|p2a: Kartana
|-damage|p2a: Kartana|0 fnt
|faint|p2a: Kartana
|
|-heal|p1a: rotomwash|11/100|[from] item: Leftovers
|upkeep
|j| KangkongNation3
|
|t:|1665751656
|switch|p2a: Moltres|Moltres|77/100
|turn|15
|
|t:|1665751659
|move|p1a: rotomwash|Pain Split|p2a: Moltres
|-sethp|p2a: Moltres|43/100|[from] move: Pain Split|[silent]
|-sethp|p1a: rotomwash|54/100|[from] move: Pain Split
|move|p2a: Moltres|U-turn|p1a: rotomwash
|-damage|p1a: rotomwash|39/100
|
|t:|1665751666
|switch|p2a: Rillaboom|Rillaboom, M|100/100|[from]move: U-turn
|-fieldstart|move: Grassy Terrain|[from] ability: Grassy Surge|[of] p2a: Rillaboom
|
|-heal|p1a: rotomwash|46/100|[from] item: Leftovers
|upkeep
|turn|16
|
|t:|1665751672
|move|p1a: rotomwash|Hydro Pump|p2a: Rillaboom
|-resisted|p2a: Rillaboom
|-damage|p2a: Rillaboom|73/100
|move|p2a: Rillaboom|Swords Dance|p2a: Rillaboom
|-boost|p2a: Rillaboom|atk|2
|
|-heal|p1a: rotomwash|52/100|[from] item: Leftovers
|-heal|p2a: Rillaboom|79/100|[from] Grassy Terrain
|upkeep
|turn|17
|j| Ctannn
|
|t:|1665751680
|move|p2a: Rillaboom|Grassy Glide|p1a: rotomwash
|-supereffective|p1a: rotomwash
|-damage|p1a: rotomwash|0 fnt
|faint|p1a: rotomwash
|-damage|p2a: Rillaboom|69/100|[from] item: Life Orb
|
|-heal|p2a: Rillaboom|75/100|[from] Grassy Terrain
|upkeep
|
|t:|1665751680
|switch|p1a: Heatran|Heatran, M|97/100
|turn|18
|
|t:|1665751689
|move|p1a: Heatran|Magma Storm|p2a: Rillaboom
|-supereffective|p2a: Rillaboom
|-damage|p2a: Rillaboom|0 fnt
|faint|p2a: Rillaboom
|
|-heal|p1a: Heatran|100/100|[from] Grassy Terrain
|upkeep
|
|t:|1665751696
|switch|p2a: Tyranitar|Tyranitar, M|100/100
|-weather|Sandstorm|[from] ability: Sand Stream|[of] p2a: Tyranitar
|turn|19
|l| KangkongNation3
|
|t:|1665751700
|switch|p1a: Melmetal|Melmetal|54/100
|move|p2a: Tyranitar|Superpower|p1a: Melmetal
|-supereffective|p1a: Melmetal
|-damage|p1a: Melmetal|6/100
|-unboost|p2a: Tyranitar|atk|1
|-unboost|p2a: Tyranitar|def|1
|
|-weather|Sandstorm|[upkeep]
|-heal|p1a: Melmetal|12/100|[from] Grassy Terrain
|-fieldend|move: Grassy Terrain
|upkeep
|turn|20
|
|t:|1665751710
|move|p2a: Tyranitar|Superpower|p1a: Melmetal
|-supereffective|p1a: Melmetal
|-damage|p1a: Melmetal|0 fnt
|-unboost|p2a: Tyranitar|atk|1
|-unboost|p2a: Tyranitar|def|1
|faint|p1a: Melmetal
|
|-weather|Sandstorm|[upkeep]
|upkeep
|
|t:|1665751710
|switch|p1a: Heatran|Heatran, M|100/100
|turn|21
|
|t:|1665751719
|switch|p2a: Moltres|Moltres|43/100
|move|p1a: Heatran|Magma Storm|p2a: Moltres|[miss]
|-miss|p1a: Heatran|p2a: Moltres
|
|-weather|Sandstorm|[upkeep]
|-damage|p2a: Moltres|37/100|[from] Sandstorm
|upkeep
|turn|22
|l| Ctannn
|
|t:|1665751726
|move|p1a: Heatran|Eruption|p2a: Moltres
|-resisted|p2a: Moltres
|-damage|p2a: Moltres|0 fnt
|faint|p2a: Moltres
|
|-weather|Sandstorm|[upkeep]
|upkeep
|
|t:|1665751732
|switch|p2a: Tyranitar|Tyranitar, M|100/100
|turn|23
|
|t:|1665751735
|switch|p1a: Tangrowth|Tangrowth, F|64/100 psn
|move|p2a: Tyranitar|Superpower|p1a: Tangrowth
|-damage|p1a: Tangrowth|42/100 psn
|-unboost|p2a: Tyranitar|atk|1
|-unboost|p2a: Tyranitar|def|1
|
|-weather|none
|-damage|p1a: Tangrowth|29/100 psn|[from] psn
|upkeep
|turn|24
|
|t:|1665751745
|move|p2a: Tyranitar|Ice Punch|p1a: Tangrowth
|-supereffective|p1a: Tangrowth
|-damage|p1a: Tangrowth|11/100 psn
|move|p1a: Tangrowth|Giga Drain|p2a: Tyranitar
|-supereffective|p2a: Tyranitar
|-damage|p2a: Tyranitar|57/100
|-heal|p1a: Tangrowth|33/100 psn|[from] drain|[of] p2a: Tyranitar
|
|-heal|p2a: Tyranitar|63/100|[from] item: Leftovers
|-damage|p1a: Tangrowth|20/100 psn|[from] psn
|upkeep
|turn|25
|-message|yuwenzhao forfeited.
|
|win|minimax_ai
|raw|minimax_ai's rating: 1637 &rarr; <strong>1659</strong><br />(+22 for winning)
|raw|yuwenzhao's rating: 1669 &rarr; <strong>1647</strong><br />(-22 for losing)
|c|☆minimax_ai|gg
|l|☆yuwenzhao
