|j|☆PokemonTrainerMarc
|j|☆GGeorgie
|t:|1668035844
|gametype|singles
|player|p1|PokemonTrainerMarc|burglar|1546
|player|p2|GGeorgie|hiker-gen2|1511
|teamsize|p1|6
|teamsize|p2|6
|gen|8
|tier|[Gen 8] OU
|rated|
|rule|Sleep Clause Mod: Limit one foe put to sleep
|rule|Species Clause: Limit one of each Pokémon
|rule|OHKO Clause: OHKO moves are banned
|rule|Evasion Items Clause: Evasion items are banned
|rule|Evasion Moves Clause: Evasion moves are banned
|rule|Endless Battle Clause: Forcing endless battles is banned
|rule|HP Percentage Mod: HP is shown in percentages
|rule|Dynamax Clause: You cannot dynamax
|clearpoke
|poke|p1|Zeraora|
|poke|p1|Skarmory, M|
|poke|p1|Dragonite, F|
|poke|p1|Rotom-Heat|
|poke|p1|Tapu Fini|
|poke|p1|Tyranitar, F|
|poke|p2|Zapdos|
|poke|p2|Tyranitar, F|
|poke|p2|Landorus-Therian, M|
|poke|p2|Excadrill, F|
|poke|p2|Clefable, F|
|poke|p2|Ferrothorn, M|
|teampreview
|inactive|Battle timer is ON: inactive players will automatically lose when time's up. (requested by PokemonTrainerMarc)
|
|t:|1668035853
|start
|switch|p1a: Rotom|Rotom-Heat|100/100
|switch|p2a: Zapdos|Zapdos|100/100
|turn|1
|
|t:|1668035874
|move|p2a: Zapdos|Volt Switch|p1a: Rotom
|-resisted|p1a: Rotom
|-damage|p1a: Rotom|75/100
|
|t:|1668035876
|switch|p2a: Clefable|Clefable, F|100/100|[from]move: Volt Switch
|move|p1a: Rotom|Toxic|p2a: Clefable
|-status|p2a: Clefable|tox
|
|upkeep
|turn|2
|
|t:|1668035891
|switch|p2a: Landorus|Landorus-Therian, M|100/100
|-ability|p2a: Landorus|Intimidate|boost
|-unboost|p1a: Rotom|atk|1
|move|p1a: Rotom|Volt Switch|p2a: Landorus
|-immune|p2a: Landorus
|
|upkeep
|turn|3
|inactive|PokemonTrainerMarc has 120 seconds left.
|
|t:|1668035932
|switch|p1a: Skarmory|Skarmory, M|100/100
|move|p2a: Landorus|Stone Edge|p1a: Skarmory|[miss]
|-miss|p2a: Landorus|p1a: Skarmory
|
|upkeep
|turn|4
|
|t:|1668035946
|switch|p2a: Zapdos|Zapdos|100/100
|move|p1a: Skarmory|Stealth Rock|p2a: Zapdos
|-sidestart|p2: GGeorgie|move: Stealth Rock
|
|upkeep
|turn|5
|
|t:|1668035956
|switch|p1a: Zeraora|Zeraora|100/100
|move|p2a: Zapdos|Volt Switch|p1a: Zeraora
|-immune|p1a: Zeraora|[from] ability: Volt Absorb
|
|upkeep
|turn|6
|
|t:|1668035965
|switch|p2a: Clefable|Clefable, F|100/100 tox
|move|p1a: Zeraora|Knock Off|p2a: Clefable
|-resisted|p2a: Clefable
|-damage|p2a: Clefable|84/100 tox
|-enditem|p2a: Clefable|Life Orb|[from] move: Knock Off|[of] p1a: Zeraora
|-damage|p1a: Zeraora|91/100|[from] item: Life Orb
|
|upkeep
|turn|7
|inactive|PokemonTrainerMarc has 120 seconds left.
|
|t:|1668035984
|move|p1a: Zeraora|Iron Tail|p2a: Clefable|[miss]
|-miss|p1a: Zeraora|p2a: Clefable
|move|p2a: Clefable|Moonblast|p1a: Zeraora
|-damage|p1a: Zeraora|53/100
|-unboost|p1a: Zeraora|spa|1
|
|upkeep
|turn|8
|
|t:|1668035995
|move|p1a: Zeraora|Iron Tail|p2a: Clefable
|-supereffective|p2a: Clefable
|-damage|p2a: Clefable|21/100 tox
|-damage|p1a: Zeraora|44/100|[from] item: Life Orb
|move|p2a: Clefable|Moonblast|p1a: Zeraora
|-damage|p1a: Zeraora|0 fnt
|faint|p1a: Zeraora
|
|upkeep
|
|t:|1668036003
|switch|p1a: Rotom|Rotom-Heat|75/100
|turn|9
|
|t:|1668036006
|switch|p2a: Landorus|Landorus-Therian, M|100/100
|-damage|p2a: Landorus|88/100|[from] Stealth Rock
|-ability|p2a: Landorus|Intimidate|boost
|-unboost|p1a: Rotom|atk|1
|move|p1a: Rotom|Overheat|p2a: Landorus
|-damage|p2a: Landorus|28/100
|-unboost|p1a: Rotom|spa|2
|
|upkeep
|turn|10
|inactive|PokemonTrainerMarc has 120 seconds left.
|
|t:|1668036028
|switch|p2a: Clefable|Clefable, F|21/100 tox
|switch|p1a: Skarmory|Skarmory, M|100/100
|
|upkeep
|turn|11
|
|t:|1668036035
|move|p2a: Clefable|Soft-Boiled|p2a: Clefable
|-heal|p2a: Clefable|71/100 tox
|move|p1a: Skarmory|Whirlwind|p2a: Clefable
|drag|p2a: Ferrothorn|Ferrothorn, M, shiny|100/100
|-damage|p2a: Ferrothorn|94/100|[from] Stealth Rock
|
|upkeep
|turn|12
|
|t:|1668036040
|switch|p1a: Rotom|Rotom-Heat|75/100
|move|p2a: Ferrothorn|Knock Off|p1a: Rotom
|-damage|p1a: Rotom|53/100
|-enditem|p1a: Rotom|Heavy-Duty Boots|[from] move: Knock Off|[of] p2a: Ferrothorn
|
|upkeep
|turn|13
|
|t:|1668036047
|switch|p2a: Tyranitar|Tyranitar, F, shiny|100/100
|-damage|p2a: Tyranitar|88/100|[from] Stealth Rock
|-weather|Sandstorm|[from] ability: Sand Stream|[of] p2a: Tyranitar
|move|p1a: Rotom|Overheat|p2a: Tyranitar
|-resisted|p2a: Tyranitar
|-damage|p2a: Tyranitar|71/100
|-unboost|p1a: Rotom|spa|2
|
|-weather|Sandstorm|[upkeep]
|-damage|p1a: Rotom|47/100|[from] Sandstorm
|upkeep
|turn|14
|
|t:|1668036054
|move|p1a: Rotom|Volt Switch|p2a: Tyranitar
|-damage|p2a: Tyranitar|63/100
|
|t:|1668036056
|switch|p1a: Skarmory|Skarmory, M|100/100|[from]move: Volt Switch
|move|p2a: Tyranitar|Stealth Rock|p1a: Skarmory
|-sidestart|p1: PokemonTrainerMarc|move: Stealth Rock
|
|-weather|Sandstorm|[upkeep]
|upkeep
|turn|15
|inactive|GGeorgie has 120 seconds left.
|
|t:|1668036098
|switch|p2a: Clefable|Clefable, F|71/100 tox
|move|p1a: Skarmory|Whirlwind|p2a: Clefable
|drag|p2a: Tyranitar|Tyranitar, F, shiny|63/100
|-damage|p2a: Tyranitar|50/100|[from] Stealth Rock
|
|-weather|Sandstorm|[upkeep]
|upkeep
|turn|16
|
|t:|1668036117
|switch|p2a: Clefable|Clefable, F|71/100 tox
|move|p1a: Skarmory|Whirlwind|p2a: Clefable
|drag|p2a: Ferrothorn|Ferrothorn, M, shiny|94/100
|-damage|p2a: Ferrothorn|88/100|[from] Stealth Rock
|
|-weather|Sandstorm|[upkeep]
|upkeep
|turn|17
|inactive|GGeorgie has 120 seconds left.
|
|t:|1668036150
|move|p2a: Ferrothorn|Knock Off|p1a: Skarmory
|-damage|p1a: Skarmory|87/100
|-damage|p2a: Ferrothorn|72/100|[from] item: Rocky Helmet|[of] p1a: Skarmory
|-enditem|p1a: Skarmory|Rocky Helmet|[from] move: Knock Off|[of] p2a: Ferrothorn
|move|p1a: Skarmory|Whirlwind|p2a: Ferrothorn
|drag|p2a: Tyranitar|Tyranitar, F, shiny|50/100
|-damage|p2a: Tyranitar|38/100|[from] Stealth Rock
|
|-weather|none
|upkeep
|turn|18
|
|t:|1668036173
|move|p2a: Tyranitar|Stone Edge|p1a: Skarmory|[miss]
|-miss|p2a: Tyranitar|p1a: Skarmory
|move|p1a: Skarmory|Whirlwind|p2a: Tyranitar
|drag|p2a: Excadrill|Excadrill, F|100/100
|-damage|p2a: Excadrill|97/100|[from] Stealth Rock
|
|-heal|p2a: Excadrill|100/100|[from] item: Leftovers
|upkeep
|turn|19
|
|t:|1668036181
|switch|p2a: Clefable|Clefable, F|71/100 tox
|move|p1a: Skarmory|Whirlwind|p2a: Clefable
|drag|p2a: Tyranitar|Tyranitar, F, shiny|38/100
|-damage|p2a: Tyranitar|26/100|[from] Stealth Rock
|-weather|Sandstorm|[from] ability: Sand Stream|[of] p2a: Tyranitar
|
|-weather|Sandstorm|[upkeep]
|upkeep
|turn|20
|
|t:|1668036184
|move|p2a: Tyranitar|Taunt|p1a: Skarmory
|-start|p1a: Skarmory|move: Taunt
|cant|p1a: Skarmory|move: Taunt|Toxic
|
|-weather|Sandstorm|[upkeep]
|upkeep
|turn|21
|
|t:|1668036193
|switch|p1a: Tyranitar|Tyranitar, F|100/100
|-damage|p1a: Tyranitar|88/100|[from] Stealth Rock
|move|p2a: Tyranitar|Stone Edge|p1a: Tyranitar
|-damage|p1a: Tyranitar|25/100
|
|-weather|Sandstorm|[upkeep]
|upkeep
|turn|22
|
|t:|1668036208
|move|p2a: Tyranitar|Earthquake|p1a: Tyranitar
|-supereffective|p1a: Tyranitar
|-damage|p1a: Tyranitar|0 fnt
|faint|p1a: Tyranitar
|
|-weather|Sandstorm|[upkeep]
|upkeep
|inactive|PokemonTrainerMarc has 120 seconds left.
|
|t:|1668036266
|switch|p1a: Tapu Fini|Tapu Fini|100/100
|-damage|p1a: Tapu Fini|88/100|[from] Stealth Rock
|-fieldstart|move: Misty Terrain|[from] ability: Misty Surge|[of] p1a: Tapu Fini
|turn|23
|
|t:|1668036283
|move|p1a: Tapu Fini|Moonblast|p2a: Tyranitar
|-supereffective|p2a: Tyranitar
|-damage|p2a: Tyranitar|0 fnt
|faint|p2a: Tyranitar
|
|-weather|none
|-heal|p1a: Tapu Fini|94/100|[from] item: Leftovers
|upkeep
|
|t:|1668036286
|switch|p2a: Zapdos|Zapdos|100/100
|-damage|p2a: Zapdos|76/100|[from] Stealth Rock
|turn|24
|
|t:|1668036308
|switch|p1a: Rotom|Rotom-Heat|47/100
|-damage|p1a: Rotom|22/100|[from] Stealth Rock
|move|p2a: Zapdos|Thunderbolt|p1a: Rotom
|-resisted|p1a: Rotom
|-damage|p1a: Rotom|0 fnt
|faint|p1a: Rotom
|
|upkeep
|
|t:|1668036320
|switch|p1a: Dragonite|Dragonite, F|100/100
|turn|25
|
|t:|1668036337
|move|p2a: Zapdos|Thunderbolt|p1a: Dragonite
|-damage|p1a: Dragonite|70/100
|move|p1a: Dragonite|Dragon Dance|p1a: Dragonite
|-boost|p1a: Dragonite|atk|1
|-boost|p1a: Dragonite|spe|1
|
|upkeep
|turn|26
|
|t:|1668036356
|move|p1a: Dragonite|Dragon Dance|p1a: Dragonite
|-boost|p1a: Dragonite|atk|1
|-boost|p1a: Dragonite|spe|1
|move|p2a: Zapdos|Thunderbolt|p1a: Dragonite
|-damage|p1a: Dragonite|13/100
|
|upkeep
|turn|27
|
|t:|1668036361
|move|p1a: Dragonite|Roost|p1a: Dragonite
|-heal|p1a: Dragonite|63/100
|-singleturn|p1a: Dragonite|move: Roost
|move|p2a: Zapdos|Thunderbolt|p1a: Dragonite
|-resisted|p1a: Dragonite
|-damage|p1a: Dragonite|33/100
|
|-fieldend|Misty Terrain
|upkeep
|turn|28
|
|t:|1668036366
|move|p1a: Dragonite|Roost|p1a: Dragonite
|-heal|p1a: Dragonite|83/100
|-singleturn|p1a: Dragonite|move: Roost
|move|p2a: Zapdos|Thunderbolt|p1a: Dragonite
|-resisted|p1a: Dragonite
|-damage|p1a: Dragonite|54/100
|
|upkeep
|turn|29
|
|t:|1668036368
|move|p1a: Dragonite|Roost|p1a: Dragonite
|-heal|p1a: Dragonite|100/100
|-singleturn|p1a: Dragonite|move: Roost
|move|p2a: Zapdos|Thunderbolt|p1a: Dragonite
|-resisted|p1a: Dragonite
|-damage|p1a: Dragonite|86/100
|
|upkeep
|turn|30
|
|t:|1668036373
|move|p1a: Dragonite|Dual Wingbeat|p2a: Zapdos
|-resisted|p2a: Zapdos
|-damage|p2a: Zapdos|51/100
|-resisted|p2a: Zapdos
|-damage|p2a: Zapdos|28/100
|-status|p1a: Dragonite|par|[from] ability: Static|[of] p2a: Zapdos
|-hitcount|p2a: Zapdos|2
|move|p2a: Zapdos|Thunderbolt|p1a: Dragonite
|-damage|p1a: Dragonite|27/100 par
|
|upkeep
|turn|31
|
|t:|1668036380
|move|p2a: Zapdos|Thunderbolt|p1a: Dragonite
|-damage|p1a: Dragonite|0 fnt
|faint|p1a: Dragonite
|
|upkeep
|
|t:|1668036384
|switch|p1a: Tapu Fini|Tapu Fini|94/100
|-damage|p1a: Tapu Fini|82/100|[from] Stealth Rock
|-fieldstart|move: Misty Terrain|[from] ability: Misty Surge|[of] p1a: Tapu Fini
|turn|32
|
|t:|1668036386
|move|p2a: Zapdos|Thunderbolt|p1a: Tapu Fini
|-supereffective|p1a: Tapu Fini
|-damage|p1a: Tapu Fini|0 fnt
|faint|p1a: Tapu Fini
|
|upkeep
|-message|PokemonTrainerMarc forfeited.
|
|win|GGeorgie
|raw|PokemonTrainerMarc's rating: 1546 &rarr; <strong>1526</strong><br />(-20 for losing)
|raw|GGeorgie's rating: 1552 &rarr; <strong>1572</strong><br />(+20 for winning)
|l|☆PokemonTrainerMarc
