|j|☆Platum
|j|☆Colonel Rivai
|t:|1650032695
|gametype|singles
|player|p1|Platum|erika-gen1|1897
|player|p2|Colonel Rivai|101|1814
|teamsize|p1|6
|teamsize|p2|6
|gen|8
|tier|[Gen 8] OU
|rated|
|rule|Sleep Clause Mod: Limit one foe put to sleep
|rule|Species Clause: Limit one of each Pokémon
|rule|OHKO Clause: OHKO moves are banned
|rule|Evasion Moves Clause: Evasion moves are banned
|rule|Endless Battle Clause: Forcing endless battles is banned
|rule|HP Percentage Mod: HP is shown in percentages
|rule|Dynamax Clause: You cannot dynamax
|clearpoke
|poke|p1|Aegislash, M|
|poke|p1|Dragapult, M|
|poke|p1|Landorus-Therian, M|
|poke|p1|Blissey, F|
|poke|p1|Urshifu-*, F|
|poke|p1|Tornadus-Therian, M|
|poke|p2|Hydreigon, M|
|poke|p2|Kartana|
|poke|p2|Blacephalon|
|poke|p2|Landorus-Therian, M|
|poke|p2|Melmetal|
|poke|p2|Toxapex, F|
|teampreview
|j| 0SiegeWarfare
|j| trynabelikeblunder
|c|☆Colonel Rivai|hey
|c|☆Colonel Rivai|hf
|c|☆Colonel Rivai|gl
|
|t:|1650032736
|start
|switch|p1a: Landorus|Landorus-Therian, M|100/100
|switch|p2a: Hydreigon|Hydreigon, M|100/100
|-ability|p1a: Landorus|Intimidate|boost
|-unboost|p2a: Hydreigon|atk|1
|turn|1
|j| ichliebemarenkonig
|c|☆Platum|have fun
|
|t:|1650032756
|switch|p2a: Landorus|Landorus-Therian, M|100/100
|-ability|p2a: Landorus|Intimidate|boost
|-unboost|p1a: Landorus|atk|1
|switch|p1a: Blissey|Blissey, F|100/100
|
|upkeep
|turn|2
|
|t:|1650032763
|move|p2a: Landorus|Stealth Rock|p1a: Blissey
|-sidestart|p1: Platum|move: Stealth Rock
|move|p1a: Blissey|Toxic|p2a: Landorus
|-status|p2a: Landorus|tox
|
|-damage|p2a: Landorus|94/100 tox|[from] psn
|upkeep
|turn|3
|
|t:|1650032769
|move|p2a: Landorus|U-turn|p1a: Blissey
|-damage|p1a: Blissey|81/100
|
|t:|1650032772
|switch|p2a: Kartana|Kartana|100/100|[from]move: U-turn
|move|p1a: Blissey|Teleport|p1a: Blissey
|
|t:|1650032776
|switch|p1a: Tornadus|Tornadus-Therian, M|100/100|[from]move: Teleport
|
|upkeep
|turn|4
|
|t:|1650032780
|move|p1a: Tornadus|Defog|p2a: Kartana
|-unboost|p2a: Kartana|evasion|1
|-sideend|p1: Platum|Stealth Rock|[from] move: Defog|[of] p1a: Tornadus
|move|p2a: Kartana|Knock Off|p1a: Tornadus
|-damage|p1a: Tornadus|37/100
|-enditem|p1a: Tornadus|Heavy-Duty Boots|[from] move: Knock Off|[of] p2a: Kartana
|
|upkeep
|turn|5
|
|t:|1650032792
|switch|p2a: Toxapex|Toxapex, F|100/100
|move|p1a: Tornadus|U-turn|p2a: Toxapex
|-resisted|p2a: Toxapex
|-damage|p2a: Toxapex|96/100
|-damage|p1a: Tornadus|20/100|[from] item: Rocky Helmet|[of] p2a: Toxapex
|
|t:|1650032798
|switch|p1a: Dragapult|Dragapult, M|100/100|[from]move: U-turn
|
|upkeep
|turn|6
|j| Ngannou Francis
|
|t:|1650032804
|switch|p2a: Melmetal|Melmetal|100/100
|move|p1a: Dragapult|Thunder|p2a: Melmetal
|-damage|p2a: Melmetal|75/100
|
|upkeep
|turn|7
|
|t:|1650032812
|switch|p1a: Urshifu|Urshifu-Rapid-Strike, F|100/100
|move|p2a: Melmetal|Double Iron Bash|p1a: Urshifu
|-resisted|p1a: Urshifu
|-damage|p1a: Urshifu|77/100
|-resisted|p1a: Urshifu
|-crit|p1a: Urshifu
|-damage|p1a: Urshifu|44/100
|-hitcount|p1a: Urshifu|2
|
|upkeep
|turn|8
|
|t:|1650032824
|switch|p1a: Landorus|Landorus-Therian, M|100/100
|-ability|p1a: Landorus|Intimidate|boost
|-unboost|p2a: Melmetal|atk|1
|switch|p2a: Toxapex|Toxapex, F|100/100
|
|upkeep
|turn|9
|
|t:|1650032835
|move|p1a: Landorus|Stealth Rock|p2a: Toxapex
|-sidestart|p2: Colonel Rivai|move: Stealth Rock
|move|p2a: Toxapex|Knock Off|p1a: Landorus
|-damage|p1a: Landorus|90/100
|-enditem|p1a: Landorus|Leftovers|[from] move: Knock Off|[of] p2a: Toxapex
|
|upkeep
|turn|10
|j| Peeky07
|
|t:|1650032841
|switch|p2a: Landorus|Landorus-Therian, M|94/100 tox
|-damage|p2a: Landorus|82/100 tox|[from] Stealth Rock
|-ability|p2a: Landorus|Intimidate|boost
|-unboost|p1a: Landorus|atk|1
|move|p1a: Landorus|Earthquake|p2a: Landorus
|-immune|p2a: Landorus
|
|-heal|p2a: Landorus|88/100 tox|[from] item: Leftovers
|-damage|p2a: Landorus|82/100 tox|[from] psn
|upkeep
|turn|11
|
|t:|1650032851
|move|p2a: Landorus|Stealth Rock|p1a: Landorus
|-sidestart|p1: Platum|move: Stealth Rock
|move|p1a: Landorus|U-turn|p2a: Landorus
|-resisted|p2a: Landorus
|-damage|p2a: Landorus|75/100 tox
|
|t:|1650032860
|switch|p1a: Tornadus|Tornadus-Therian, M|53/100|[from]move: U-turn
|-damage|p1a: Tornadus|28/100|[from] Stealth Rock
|
|-heal|p2a: Landorus|81/100 tox|[from] item: Leftovers
|-damage|p2a: Landorus|69/100 tox|[from] psn
|upkeep
|turn|12
|j| PrivacyPro
|
|t:|1650032868
|move|p1a: Tornadus|Knock Off|p2a: Landorus
|-damage|p2a: Landorus|50/100 tox
|-enditem|p2a: Landorus|Leftovers|[from] move: Knock Off|[of] p1a: Tornadus
|move|p2a: Landorus|U-turn|p1a: Tornadus
|-resisted|p1a: Tornadus
|-damage|p1a: Tornadus|16/100
|
|t:|1650032879
|switch|p2a: Kartana|Kartana|100/100|[from]move: U-turn
|-damage|p2a: Kartana|94/100|[from] Stealth Rock
|
|upkeep
|turn|13
|j| hypervortexgoes
|
|t:|1650032885
|switch|p2a: Toxapex|Toxapex, F|100/100
|-damage|p2a: Toxapex|88/100|[from] Stealth Rock
|move|p1a: Tornadus|Hurricane|p2a: Toxapex
|-damage|p2a: Toxapex|57/100
|-start|p2a: Toxapex|confusion
|
|upkeep
|turn|14
|l| ichliebemarenkonig
|
|t:|1650032894
|switch|p1a: Blissey|Blissey, F|81/100
|-activate|p2a: Toxapex|confusion
|move|p2a: Toxapex|Recover|p2a: Toxapex
|-heal|p2a: Toxapex|100/100
|
|upkeep
|turn|15
|
|t:|1650032901
|-activate|p2a: Toxapex|confusion
|-damage|p2a: Toxapex|96/100|[from] confusion
|move|p1a: Blissey|Teleport|p1a: Blissey
|
|t:|1650032905
|switch|p1a: Tornadus|Tornadus-Therian, M|49/100|[from]move: Teleport
|-damage|p1a: Tornadus|25/100|[from] Stealth Rock
|
|upkeep
|turn|16
|
|t:|1650032909
|switch|p1a: Blissey|Blissey, F|81/100
|-end|p2a: Toxapex|confusion
|move|p2a: Toxapex|Toxic|p1a: Blissey
|-status|p1a: Blissey|tox
|
|-damage|p1a: Blissey|75/100 tox|[from] psn
|upkeep
|turn|17
|
|t:|1650032916
|move|p2a: Toxapex|Knock Off|p1a: Blissey
|-damage|p1a: Blissey|61/100 tox
|-enditem|p1a: Blissey|Heavy-Duty Boots|[from] move: Knock Off|[of] p2a: Toxapex
|move|p1a: Blissey|Teleport|p1a: Blissey
|
|t:|1650032918
|-curestatus|p1a: Blissey|tox|[from] ability: Natural Cure
|switch|p1a: Tornadus|Tornadus-Therian, M|58/100|[from]move: Teleport
|-damage|p1a: Tornadus|33/100|[from] Stealth Rock
|
|upkeep
|turn|18
|
|t:|1650032924
|switch|p1a: Blissey|Blissey, F|61/100
|-damage|p1a: Blissey|49/100|[from] Stealth Rock
|move|p2a: Toxapex|Toxic|p1a: Blissey
|-status|p1a: Blissey|tox
|
|-damage|p1a: Blissey|43/100 tox|[from] psn
|upkeep
|turn|19
|
|t:|1650032932
|switch|p2a: Kartana|Kartana|94/100
|-damage|p2a: Kartana|88/100|[from] Stealth Rock
|move|p1a: Blissey|Soft-Boiled|p1a: Blissey
|-heal|p1a: Blissey|93/100 tox
|
|-damage|p1a: Blissey|80/100 tox|[from] psn
|upkeep
|turn|20
|
|t:|1650032940
|-curestatus|p1a: Blissey|tox|[from] ability: Natural Cure
|switch|p1a: Landorus|Landorus-Therian, M|90/100
|-damage|p1a: Landorus|77/100|[from] Stealth Rock
|-ability|p1a: Landorus|Intimidate|boost
|-unboost|p2a: Kartana|atk|1
|move|p2a: Kartana|Leaf Blade|p1a: Landorus
|-damage|p1a: Landorus|29/100
|
|upkeep
|turn|21
|
|t:|1650032949
|switch|p1a: Aegislash|Aegislash, M|100/100
|-damage|p1a: Aegislash|94/100|[from] Stealth Rock
|move|p2a: Kartana|Leaf Blade|p1a: Aegislash
|-resisted|p1a: Aegislash
|-damage|p1a: Aegislash|65/100
|
|upkeep
|turn|22
|
|t:|1650032956
|switch|p2a: Hydreigon|Hydreigon, M|100/100
|-damage|p2a: Hydreigon|88/100|[from] Stealth Rock
|-formechange|p1a: Aegislash|Aegislash-Blade||[from] ability: Stance Change
|move|p1a: Aegislash|Shadow Ball|p2a: Hydreigon
|-resisted|p2a: Hydreigon
|-damage|p2a: Hydreigon|58/100
|
|upkeep
|turn|23
|l| Peeky07
|
|t:|1650032985
|-formechange|p1a: Aegislash|Aegislash||[from] ability: Stance Change
|move|p1a: Aegislash|King's Shield|p1a: Aegislash
|-singleturn|p1a: Aegislash|Protect
|move|p2a: Hydreigon|Beat Up|p1a: Aegislash
|-activate|p1a: Aegislash|move: Protect
|
|upkeep
|turn|24
|
|t:|1650032993
|switch|p1a: Landorus|Landorus-Therian, M|29/100
|-damage|p1a: Landorus|17/100|[from] Stealth Rock
|-ability|p1a: Landorus|Intimidate|boost
|-unboost|p2a: Hydreigon|atk|1
|move|p2a: Hydreigon|Beat Up|p1a: Landorus
|-damage|p1a: Landorus|11/100
|-crit|p1a: Landorus
|-damage|p1a: Landorus|2/100
|-damage|p1a: Landorus|0 fnt
|faint|p1a: Landorus
|-hitcount|p1: Landorus|3
|
|upkeep
|c| Ngannou Francis|Beat him the fuck up
|
|t:|1650032999
|switch|p1a: Tornadus|Tornadus-Therian, M|66/100
|-damage|p1a: Tornadus|41/100|[from] Stealth Rock
|turn|25
|
|t:|1650033003
|move|p1a: Tornadus|Knock Off|p2a: Hydreigon
|-resisted|p2a: Hydreigon
|-damage|p2a: Hydreigon|47/100
|-enditem|p2a: Hydreigon|Choice Band|[from] move: Knock Off|[of] p1a: Tornadus
|move|p2a: Hydreigon|Beat Up|p1a: Tornadus
|-damage|p1a: Tornadus|35/100
|-damage|p1a: Tornadus|31/100
|-damage|p1a: Tornadus|25/100
|-damage|p1a: Tornadus|17/100
|-damage|p1a: Tornadus|10/100
|-hitcount|p1a: Tornadus|5
|
|upkeep
|turn|26
|
|t:|1650033017
|switch|p1a: Blissey|Blissey, F|80/100
|-damage|p1a: Blissey|68/100|[from] Stealth Rock
|move|p2a: Hydreigon|Beat Up|p1a: Blissey
|-damage|p1a: Blissey|64/100
|-damage|p1a: Blissey|60/100
|-damage|p1a: Blissey|55/100
|-damage|p1a: Blissey|49/100
|-damage|p1a: Blissey|43/100
|-hitcount|p1a: Blissey|5
|
|upkeep
|turn|27
|j| pzy1616
|
|t:|1650033025
|move|p2a: Hydreigon|Beat Up|p1a: Blissey
|-damage|p1a: Blissey|39/100
|-damage|p1a: Blissey|36/100
|-damage|p1a: Blissey|31/100
|-damage|p1a: Blissey|25/100
|-damage|p1a: Blissey|20/100
|-hitcount|p1a: Blissey|5
|move|p1a: Blissey|Soft-Boiled|p1a: Blissey
|-heal|p1a: Blissey|70/100
|
|upkeep
|turn|28
|
|t:|1650033028
|move|p2a: Hydreigon|Superpower|p1a: Blissey
|-supereffective|p1a: Blissey
|-damage|p1a: Blissey|22/100
|-unboost|p2a: Hydreigon|atk|1
|-unboost|p2a: Hydreigon|def|1
|move|p1a: Blissey|Soft-Boiled|p1a: Blissey
|-heal|p1a: Blissey|72/100
|
|upkeep
|turn|29
|
|t:|1650033036
|move|p2a: Hydreigon|U-turn|p1a: Blissey
|-damage|p1a: Blissey|62/100
|
|t:|1650033038
|switch|p2a: Kartana|Kartana|88/100|[from]move: U-turn
|-damage|p2a: Kartana|82/100|[from] Stealth Rock
|move|p1a: Blissey|Seismic Toss|p2a: Kartana
|-damage|p2a: Kartana|43/100
|
|upkeep
|turn|30
|
|t:|1650033047
|move|p2a: Kartana|Leaf Blade|p1a: Blissey
|-damage|p1a: Blissey|0 fnt
|faint|p1a: Blissey
|-ability|p2a: Kartana|Beast Boost|boost
|-boost|p2a: Kartana|atk|1
|
|upkeep
|
|t:|1650033051
|switch|p1a: Tornadus|Tornadus-Therian, M|44/100
|-damage|p1a: Tornadus|19/100|[from] Stealth Rock
|turn|31
|l| pzy1616
|j| Minkop
|
|t:|1650033066
|switch|p2a: Toxapex|Toxapex, F|100/100
|-damage|p2a: Toxapex|88/100|[from] Stealth Rock
|move|p1a: Tornadus|Hurricane|p2a: Toxapex
|-damage|p2a: Toxapex|54/100
|
|upkeep
|turn|32
|
|t:|1650033071
|switch|p1a: Dragapult|Dragapult, M|100/100
|-damage|p1a: Dragapult|88/100|[from] Stealth Rock
|move|p2a: Toxapex|Knock Off|p1a: Dragapult
|-supereffective|p1a: Dragapult
|-damage|p1a: Dragapult|48/100
|-enditem|p1a: Dragapult|Choice Specs|[from] move: Knock Off|[of] p2a: Toxapex
|
|upkeep
|turn|33
|l| 0SiegeWarfare
|
|t:|1650033082
|switch|p2a: Melmetal|Melmetal|75/100
|-damage|p2a: Melmetal|69/100|[from] Stealth Rock
|move|p1a: Dragapult|Shadow Ball|p2a: Melmetal
|-damage|p2a: Melmetal|51/100
|-unboost|p2a: Melmetal|spd|1
|
|upkeep
|turn|34
|
|t:|1650033087
|move|p1a: Dragapult|U-turn|p2a: Melmetal
|-resisted|p2a: Melmetal
|-damage|p2a: Melmetal|46/100
|
|t:|1650033092
|switch|p1a: Urshifu|Urshifu-Rapid-Strike, F|44/100|[from]move: U-turn
|-damage|p1a: Urshifu|37/100|[from] Stealth Rock
|move|p2a: Melmetal|Double Iron Bash|p1a: Urshifu
|-resisted|p1a: Urshifu
|-damage|p1a: Urshifu|15/100
|-resisted|p1a: Urshifu
|-damage|p1a: Urshifu|0 fnt
|faint|p1a: Urshifu
|-hitcount|p1: Urshifu|2
|
|upkeep
|l| trynabelikeblunder
|
|t:|1650033095
|switch|p1a: Aegislash|Aegislash, M|65/100
|-damage|p1a: Aegislash|59/100|[from] Stealth Rock
|turn|35
|
|t:|1650033100
|switch|p2a: Landorus|Landorus-Therian, M|50/100 tox
|-damage|p2a: Landorus|37/100 tox|[from] Stealth Rock
|-ability|p2a: Landorus|Intimidate|boost
|-unboost|p1a: Aegislash|atk|1
|-formechange|p1a: Aegislash|Aegislash-Blade||[from] ability: Stance Change
|move|p1a: Aegislash|Shadow Ball|p2a: Landorus
|-damage|p2a: Landorus|0 fnt
|faint|p2a: Landorus
|
|upkeep
|
|t:|1650033104
|switch|p2a: Hydreigon|Hydreigon, M|47/100
|-damage|p2a: Hydreigon|35/100|[from] Stealth Rock
|turn|36
|
|t:|1650033110
|-formechange|p1a: Aegislash|Aegislash||[from] ability: Stance Change
|move|p1a: Aegislash|King's Shield|p1a: Aegislash
|-singleturn|p1a: Aegislash|Protect
|move|p2a: Hydreigon|Beat Up|p1a: Aegislash
|-activate|p1a: Aegislash|move: Protect
|
|upkeep
|turn|37
|
|t:|1650033114
|move|p2a: Hydreigon|Beat Up|p1a: Aegislash
|-supereffective|p1a: Aegislash
|-damage|p1a: Aegislash|43/100
|-supereffective|p1a: Aegislash
|-damage|p1a: Aegislash|21/100
|-supereffective|p1a: Aegislash
|-damage|p1a: Aegislash|4/100
|-supereffective|p1a: Aegislash
|-damage|p1a: Aegislash|0 fnt
|faint|p1a: Aegislash
|-hitcount|p1: Aegislash|4
|
|upkeep
|c|☆Colonel Rivai|gg
|
|t:|1650033121
|switch|p1a: Tornadus|Tornadus-Therian, M|52/100
|-damage|p1a: Tornadus|27/100|[from] Stealth Rock
|turn|38
|
|t:|1650033125
|switch|p2a: Toxapex|Toxapex, F|88/100
|-damage|p2a: Toxapex|75/100|[from] Stealth Rock
|move|p1a: Tornadus|U-turn|p2a: Toxapex
|-resisted|p2a: Toxapex
|-damage|p2a: Toxapex|71/100
|-damage|p1a: Tornadus|10/100|[from] item: Rocky Helmet|[of] p2a: Toxapex
|
|t:|1650033128
|switch|p1a: Dragapult|Dragapult, M|48/100|[from]move: U-turn
|-damage|p1a: Dragapult|36/100|[from] Stealth Rock
|
|upkeep
|turn|39
|
|t:|1650033134
|switch|p2a: Kartana|Kartana|43/100
|-damage|p2a: Kartana|37/100|[from] Stealth Rock
|move|p1a: Dragapult|Thunder|p2a: Kartana
|-resisted|p2a: Kartana
|-damage|p2a: Kartana|0 fnt
|faint|p2a: Kartana
|
|upkeep
|
|t:|1650033137
|switch|p2a: Melmetal|Melmetal|46/100
|-damage|p2a: Melmetal|40/100|[from] Stealth Rock
|turn|40
|
|t:|1650033142
|move|p1a: Dragapult|Thunder|p2a: Melmetal
|-damage|p2a: Melmetal|21/100
|move|p2a: Melmetal|Double Iron Bash|p1a: Dragapult
|-damage|p1a: Dragapult|0 fnt
|faint|p1a: Dragapult
|-hitcount|p1: Dragapult|1
|
|upkeep
|
|t:|1650033148
|switch|p1a: Tornadus|Tornadus-Therian, M|44/100
|-damage|p1a: Tornadus|19/100|[from] Stealth Rock
|turn|41
|
|t:|1650033151
|move|p1a: Tornadus|Hurricane|p2a: Melmetal
|-resisted|p2a: Melmetal
|-damage|p2a: Melmetal|11/100
|move|p2a: Melmetal|Double Iron Bash|p1a: Tornadus
|-damage|p1a: Tornadus|0 fnt
|faint|p1a: Tornadus
|-hitcount|p1: Tornadus|1
|
|win|Colonel Rivai
|raw|Platum's rating: 1897 &rarr; <strong>1872</strong><br />(-25 for losing)
|raw|Colonel Rivai's rating: 1814 &rarr; <strong>1839</strong><br />(+25 for winning)
|c|☆Platum|gg
|c|☆Colonel Rivai|g
|c|☆Colonel Rivai|g
|l|☆Platum
|l| PrivacyPro
|l| Ngannou Francis
||Ladder isn't responding, score probably updated but might not have (Request timeout).
