|j|☆sfesgfew
|j|☆Soul king0
|t:|1667031637
|gametype|singles
|player|p1|sfesgfew|skyla|1735
|player|p2|Soul king0|1|1750
|teamsize|p1|6
|teamsize|p2|6
|gen|8
|tier|[Gen 8] OU
|rated|
|rule|Sleep Clause Mod: Limit one foe put to sleep
|rule|Species Clause: Limit one of each Pokémon
|rule|OHKO Clause: OHKO moves are banned
|rule|Evasion Items Clause: Evasion items are banned
|rule|Evasion Moves Clause: Evasion moves are banned
|rule|Endless Battle Clause: Forcing endless battles is banned
|rule|HP Percentage Mod: HP is shown in percentages
|rule|Dynamax Clause: You cannot dynamax
|clearpoke
|poke|p1|Nidoking, M|
|poke|p1|Tornadus-Therian, M|
|poke|p1|Slowbro, F|
|poke|p1|Melmetal|
|poke|p1|Weavile, F|
|poke|p1|Mew|
|poke|p2|Volcarona, M|
|poke|p2|Garchomp, F|
|poke|p2|Slowbro, M|
|poke|p2|Zapdos|
|poke|p2|Swampert, M|
|poke|p2|Ferrothorn, F|
|teampreview
|
|t:|1667031644
|start
|switch|p1a: Mew|Mew|100/100
|switch|p2a: Swampert|Swampert, M|100/100
|turn|1
|
|t:|1667031648
|move|p1a: Mew|Trick|p2a: Swampert
|-activate|p1a: Mew|move: Trick|[of] p2a: Swampert
|-item|p2a: Swampert|Choice Scarf|[from] move: Trick
|-item|p1a: Mew|Leftovers|[from] move: Trick
|move|p2a: Swampert|Flip Turn|p1a: Mew
|-damage|p1a: Mew|70/100
|
|t:|1667031655
|switch|p2a: Ferrothorn|Ferrothorn, F|100/100|[from]move: Flip Turn
|
|-heal|p1a: Mew|76/100|[from] item: Leftovers
|upkeep
|turn|2
|inactive|Battle timer is ON: inactive players will automatically lose when time's up. (requested by Soul king0)
|
|t:|1667031671
|switch|p2a: Swampert|Swampert, M|100/100
|move|p1a: Mew|Stealth Rock|p2a: Swampert
|-sidestart|p2: Soul king0|move: Stealth Rock
|
|-heal|p1a: Mew|82/100|[from] item: Leftovers
|upkeep
|turn|3
|
|t:|1667031675
|move|p1a: Mew|Close Combat|p2a: Swampert
|-damage|p2a: Swampert|64/100
|-unboost|p1a: Mew|def|1
|-unboost|p1a: Mew|spd|1
|move|p2a: Swampert|Stealth Rock|p1a: Mew
|-sidestart|p1: sfesgfew|move: Stealth Rock
|
|-heal|p1a: Mew|88/100|[from] item: Leftovers
|upkeep
|turn|4
|
|t:|1667031684
|switch|p1a: Nidoking|Nidoking, M|100/100
|-damage|p1a: Nidoking|95/100|[from] Stealth Rock
|switch|p2a: Slowbro|Slowbro, M|100/100
|
|upkeep
|turn|5
|j| Le Herbo
|
|t:|1667031693
|move|p1a: Nidoking|Sludge Bomb|p2a: Slowbro
|-damage|p2a: Slowbro|38/100
|move|p2a: Slowbro|Future Sight|p1a: Nidoking
|-start|p2a: Slowbro|move: Future Sight
|
|upkeep
|turn|6
|
|t:|1667031700
|switch|p2a: Swampert|Swampert, M|64/100
|-damage|p2a: Swampert|58/100|[from] Stealth Rock
|move|p1a: Nidoking|Earth Power|p2a: Swampert
|-damage|p2a: Swampert|2/100
|
|upkeep
|turn|7
|
|t:|1667031710
|switch|p1a: Slowbro|Slowbro, F|100/100
|move|p2a: Swampert|Flip Turn|p1a: Slowbro
|-resisted|p1a: Slowbro
|-damage|p1a: Slowbro|88/100
|
|t:|1667031716
|switch|p2a: Zapdos|Zapdos|100/100|[from]move: Flip Turn
|
|-end|p1a: Slowbro|move: Future Sight
|-resisted|p1a: Slowbro
|-damage|p1a: Slowbro|65/100
|upkeep
|turn|8
|inactive|sfesgfew has 120 seconds left.
|j| Ran Kob
|
|t:|1667031764
|switch|p1a: Mew|Mew|88/100
|-damage|p1a: Mew|76/100|[from] Stealth Rock
|move|p2a: Zapdos|Hurricane|p1a: Mew
|-damage|p1a: Mew|13/100
|
|-heal|p1a: Mew|19/100|[from] item: Leftovers
|upkeep
|turn|9
|
|t:|1667031775
|move|p1a: Mew|Trick|p2a: Zapdos
|-activate|p1a: Mew|move: Trick|[of] p2a: Zapdos
|-item|p2a: Zapdos|Leftovers|[from] move: Trick
|-item|p1a: Mew|Heavy-Duty Boots|[from] move: Trick
|move|p2a: Zapdos|Volt Switch|p1a: Mew
|-damage|p1a: Mew|0 fnt
|faint|p1a: Mew
|
|t:|1667031785
|switch|p2a: Garchomp|Garchomp, F|100/100|[from]move: Volt Switch
|-damage|p2a: Garchomp|94/100|[from] Stealth Rock
|
|-heal|p2a: Garchomp|100/100|[from] item: Leftovers
|upkeep
|
|t:|1667031788
|switch|p1a: Weavile|Weavile, F|100/100
|-ability|p1a: Weavile|Pressure
|turn|10
|
|t:|1667031796
|switch|p2a: Ferrothorn|Ferrothorn, F|100/100
|-damage|p2a: Ferrothorn|94/100|[from] Stealth Rock
|move|p1a: Weavile|Knock Off|p2a: Ferrothorn
|-damage|p2a: Ferrothorn|64/100
|-damage|p1a: Weavile|88/100|[from] ability: Iron Barbs|[of] p2a: Ferrothorn
|-enditem|p2a: Ferrothorn|Leftovers|[from] move: Knock Off|[of] p1a: Weavile
|
|upkeep
|turn|11
|
|t:|1667031803
|switch|p1a: Tornadus|Tornadus-Therian, M|100/100
|move|p2a: Ferrothorn|Gyro Ball|p1a: Tornadus
|-damage|p1a: Tornadus|43/100
|
|upkeep
|turn|12
|
|t:|1667031807
|switch|p2a: Slowbro|Slowbro, M|71/100
|move|p1a: Tornadus|Heat Wave|p2a: Slowbro
|-resisted|p2a: Slowbro
|-damage|p2a: Slowbro|59/100
|
|upkeep
|turn|13
|
|t:|1667031811
|move|p1a: Tornadus|Hurricane|p2a: Slowbro
|-damage|p2a: Slowbro|18/100
|move|p2a: Slowbro|Teleport|p2a: Slowbro
|
|t:|1667031814
|switch|p2a: Zapdos|Zapdos|100/100|[from]move: Teleport
|-damage|p2a: Zapdos|76/100|[from] Stealth Rock
|
|-heal|p2a: Zapdos|82/100|[from] item: Leftovers
|upkeep
|turn|14
|
|t:|1667031817
|move|p1a: Tornadus|Knock Off|p2a: Zapdos
|-damage|p2a: Zapdos|60/100
|-enditem|p2a: Zapdos|Leftovers|[from] move: Knock Off|[of] p1a: Tornadus
|move|p2a: Zapdos|Hurricane|p1a: Tornadus
|-damage|p1a: Tornadus|0 fnt
|faint|p1a: Tornadus
|
|upkeep
|
|t:|1667031820
|switch|p1a: Nidoking|Nidoking, M|95/100
|-damage|p1a: Nidoking|89/100|[from] Stealth Rock
|turn|15
|
|t:|1667031823
|switch|p2a: Swampert|Swampert, M|2/100
|-damage|p2a: Swampert|0 fnt|[from] Stealth Rock
|faint|p2a: Swampert
|move|p1a: Nidoking|Ice Beam|p2: Swampert|[notarget]
|-fail|p1a: Nidoking
|
|upkeep
|
|t:|1667031825
|switch|p2a: Garchomp|Garchomp, F|100/100
|-damage|p2a: Garchomp|94/100|[from] Stealth Rock
|turn|16
|
|t:|1667031829
|switch|p1a: Slowbro|Slowbro, F|98/100
|move|p2a: Garchomp|Earthquake|p1a: Slowbro
|-damage|p1a: Slowbro|70/100
|
|-heal|p2a: Garchomp|100/100|[from] item: Leftovers
|upkeep
|turn|17
|
|t:|1667031835
|move|p2a: Garchomp|Swords Dance|p2a: Garchomp
|-boost|p2a: Garchomp|atk|2
|move|p1a: Slowbro|Scald|p2a: Garchomp
|-damage|p2a: Garchomp|72/100
|
|-heal|p2a: Garchomp|79/100|[from] item: Leftovers
|upkeep
|turn|18
|
|t:|1667031840
|move|p2a: Garchomp|Earthquake|p1a: Slowbro
|-damage|p1a: Slowbro|6/100
|move|p1a: Slowbro|Teleport|p1a: Slowbro
|
|t:|1667031842
|switch|p1a: Weavile|Weavile, F|88/100|[from]move: Teleport
|-ability|p1a: Weavile|Pressure
|
|-heal|p2a: Garchomp|85/100|[from] item: Leftovers
|upkeep
|turn|19
|
|t:|1667031851
|switch|p2a: Ferrothorn|Ferrothorn, F|64/100
|-damage|p2a: Ferrothorn|58/100|[from] Stealth Rock
|move|p1a: Weavile|Triple Axel|p2a: Ferrothorn
|-damage|p2a: Ferrothorn|51/100
|-damage|p1a: Weavile|76/100|[from] ability: Iron Barbs|[of] p2a: Ferrothorn
|-damage|p2a: Ferrothorn|39/100
|-damage|p1a: Weavile|63/100|[from] ability: Iron Barbs|[of] p2a: Ferrothorn
|-damage|p2a: Ferrothorn|21/100
|-damage|p1a: Weavile|51/100|[from] ability: Iron Barbs|[of] p2a: Ferrothorn
|-hitcount|p2a: Ferrothorn|3
|
|upkeep
|turn|20
|
|t:|1667031865
|move|p1a: Weavile|Triple Axel|p2a: Ferrothorn|[miss]
|-miss|p1a: Weavile|p2a: Ferrothorn
|move|p2a: Ferrothorn|Leech Seed|p1a: Weavile
|-start|p1a: Weavile|move: Leech Seed
|
|-damage|p1a: Weavile|38/100|[from] Leech Seed|[of] p2a: Ferrothorn
|-heal|p2a: Ferrothorn|31/100|[silent]
|upkeep
|turn|21
|
|t:|1667031868
|switch|p1a: Nidoking|Nidoking, M|89/100
|-damage|p1a: Nidoking|83/100|[from] Stealth Rock
|move|p2a: Ferrothorn|Gyro Ball|p1a: Nidoking
|-damage|p1a: Nidoking|16/100
|
|upkeep
|turn|22
|
|t:|1667031893
|move|p1a: Nidoking|Flamethrower|p2a: Ferrothorn
|-supereffective|p2a: Ferrothorn
|-damage|p2a: Ferrothorn|0 fnt
|faint|p2a: Ferrothorn
|
|upkeep
|
|t:|1667031896
|switch|p2a: Volcarona|Volcarona, M|100/100
|turn|23
|
|t:|1667031904
|move|p2a: Volcarona|Quiver Dance|p2a: Volcarona
|-boost|p2a: Volcarona|spa|1
|-boost|p2a: Volcarona|spd|1
|-boost|p2a: Volcarona|spe|1
|move|p1a: Nidoking|Earth Power|p2a: Volcarona
|-damage|p2a: Volcarona|55/100
|
|upkeep
|turn|24
|
|t:|1667031910
|move|p2a: Volcarona|Giga Drain|p1a: Nidoking
|-crit|p1a: Nidoking
|-damage|p1a: Nidoking|0 fnt
|-heal|p2a: Volcarona|63/100|[from] drain|[of] p1a: Nidoking
|faint|p1a: Nidoking
|
|upkeep
|
|t:|1667031914
|switch|p1a: Melmetal|Melmetal|100/100
|-damage|p1a: Melmetal|94/100|[from] Stealth Rock
|turn|25
|
|t:|1667031933
|move|p2a: Volcarona|Fiery Dance|p1a: Melmetal
|-supereffective|p1a: Melmetal
|-damage|p1a: Melmetal|0 fnt
|faint|p1a: Melmetal
|
|upkeep
|-message|sfesgfew forfeited.
|
|win|Soul king0
|raw|sfesgfew's rating: 1749 &rarr; <strong>1729</strong><br />(-20 for losing)
|raw|Soul king0's rating: 1750 &rarr; <strong>1770</strong><br />(+20 for winning)
|l|☆sfesgfew
