|j|☆ArcanineSquad
|j|☆Tdyjmmfcm
|t:|1604413882
|player|p1|ArcanineSquad|cynthia-gen4|1471
|player|p2|Tdyjmmfcm|2|1483
|teamsize|p1|6
|teamsize|p2|6
|gametype|singles
|gen|8
|tier|[Gen 8] OU
|rated|
|clearpoke
|poke|p1|Latios, M|
|poke|p1|Toxapex, M|
|poke|p1|Urshifu-*, F|
|poke|p1|Tapu Bulu|
|poke|p1|Melmetal|
|poke|p1|Landorus, M|
|poke|p2|Zygarde|
|poke|p2|Slowking, M|
|poke|p2|Buzzwole|
|poke|p2|Clefable, F|
|poke|p2|Ferrothorn, F|
|poke|p2|Nihilego|
|rule|Sleep Clause Mod: Limit one foe put to sleep
|rule|Species Clause: Limit one of each Pokémon
|rule|OHKO Clause: OHKO moves are banned
|rule|Evasion Moves Clause: Evasion moves are banned
|rule|Endless Battle Clause: Forcing endless battles is banned
|rule|HP Percentage Mod: HP is shown in percentages
|rule|Dynamax Clause: You cannot dynamax
|teampreview
|inactive|Battle timer is ON: inactive players will automatically lose when time's up. (requested by Tdyjmmfcm)
|
|t:|1604413892
|start
|switch|p1a: Landorus|Landorus, M|100/100
|switch|p2a: Nihilego|Nihilego|100/100
|turn|1
|
|t:|1604413914
|switch|p2a: Slowking|Slowking, M|100/100
|move|p1a: Landorus|Stealth Rock|p2a: Slowking
|-sidestart|p2: Tdyjmmfcm|move: Stealth Rock
|
|upkeep
|turn|2
|
|t:|1604413927
|switch|p1a: Tapu Bulu|Tapu Bulu, shiny|100/100
|-fieldstart|move: Grassy Terrain|[from] ability: Grassy Surge|[of] p1a: Tapu Bulu
|move|p2a: Slowking|Scald|p1a: Tapu Bulu
|-resisted|p1a: Tapu Bulu
|-damage|p1a: Tapu Bulu|88/100
|
|-heal|p1a: Tapu Bulu|94/100|[from] item: Leftovers
|-heal|p1a: Tapu Bulu|100/100|[from] Grassy Terrain
|upkeep
|turn|3
|
|t:|1604413939
|switch|p1a: Latios|Latios, M, shiny|100/100
|switch|p2a: Buzzwole|Buzzwole|100/100
|-damage|p2a: Buzzwole|88/100|[from] Stealth Rock
|
|-heal|p2a: Buzzwole|94/100|[from] item: Leftovers
|-heal|p2a: Buzzwole|100/100|[from] Grassy Terrain
|upkeep
|turn|4
|
|t:|1604413950
|switch|p2a: Clefable|Clefable, F|100/100
|move|p1a: Latios|Draco Meteor|p2a: Clefable
|-immune|p2a: Clefable
|
|upkeep
|turn|5
|
|t:|1604413971
|move|p1a: Latios|Psychic|p2a: Clefable
|-damage|p2a: Clefable|58/100
|-damage|p1a: Latios|91/100|[from] item: Life Orb
|move|p2a: Clefable|Thunder|p1a: Latios
|-resisted|p1a: Latios
|-damage|p1a: Latios|73/100
|
|-heal|p2a: Clefable|64/100|[from] Grassy Terrain
|upkeep
|turn|6
|
|t:|1604413985
|switch|p1a: Melmetal|Melmetal, shiny|100/100
|move|p2a: Clefable|Soft-Boiled|p2a: Clefable
|-heal|p2a: Clefable|100/100
|
|-fieldend|move: Grassy Terrain
|upkeep
|turn|7
|
|t:|1604413992
|switch|p2a: Ferrothorn|Ferrothorn, F|100/100
|-damage|p2a: Ferrothorn|94/100|[from] Stealth Rock
|move|p1a: Melmetal|Superpower|p2a: Ferrothorn
|-supereffective|p2a: Ferrothorn
|-damage|p2a: Ferrothorn|24/100
|-unboost|p1a: Melmetal|atk|1
|-unboost|p1a: Melmetal|def|1
|-damage|p1a: Melmetal|88/100|[from] ability: Iron Barbs|[of] p2a: Ferrothorn
|
|-heal|p2a: Ferrothorn|31/100|[from] item: Leftovers
|upkeep
|turn|8
|
|t:|1604414006
|switch|p1a: Urshifu|Urshifu, F, shiny|100/100
|switch|p2a: Buzzwole|Buzzwole|100/100
|-damage|p2a: Buzzwole|88/100|[from] Stealth Rock
|
|-heal|p2a: Buzzwole|94/100|[from] item: Leftovers
|upkeep
|turn|9
|
|t:|1604414032
|switch|p2a: Zygarde|Zygarde|100/100
|-damage|p2a: Zygarde|94/100|[from] Stealth Rock
|-ability|p2a: Zygarde|Aura Break
|move|p1a: Urshifu|U-turn|p2a: Zygarde
|-damage|p2a: Zygarde|62/100
|
|t:|1604414041
|switch|p1a: Tapu Bulu|Tapu Bulu, shiny|100/100|[from]move: U-turn
|-fieldstart|move: Grassy Terrain|[from] ability: Grassy Surge|[of] p1a: Tapu Bulu
|
|-heal|p2a: Zygarde|68/100|[from] Grassy Terrain
|upkeep
|turn|10
|
|t:|1604414049
|switch|p2a: Buzzwole|Buzzwole|94/100
|-damage|p2a: Buzzwole|82/100|[from] Stealth Rock
|move|p1a: Tapu Bulu|Swords Dance|p1a: Tapu Bulu
|-boost|p1a: Tapu Bulu|atk|2
|
|-heal|p2a: Buzzwole|88/100|[from] item: Leftovers
|-heal|p2a: Buzzwole|94/100|[from] Grassy Terrain
|upkeep
|turn|11
|
|t:|1604414058
|switch|p1a: Toxapex|Toxapex, M, shiny|100/100
|move|p2a: Buzzwole|Ice Punch|p1a: Toxapex
|-resisted|p1a: Toxapex
|-damage|p1a: Toxapex|94/100
|-status|p1a: Toxapex|frz
|
|-heal|p2a: Buzzwole|100/100|[from] item: Leftovers
|-heal|p1a: Toxapex|99/100 frz|[from] item: Black Sludge
|-heal|p1a: Toxapex|100/100 frz|[from] Grassy Terrain
|upkeep
|turn|12
|
|t:|1604414069
|switch|p2a: Ferrothorn|Ferrothorn, F|31/100
|-damage|p2a: Ferrothorn|24/100|[from] Stealth Rock
|-curestatus|p1a: Toxapex|frz|[from] move: Scald
|move|p1a: Toxapex|Scald|p2a: Ferrothorn
|-resisted|p2a: Ferrothorn
|-damage|p2a: Ferrothorn|19/100
|
|-heal|p2a: Ferrothorn|25/100|[from] item: Leftovers
|-heal|p2a: Ferrothorn|32/100|[from] Grassy Terrain
|upkeep
|turn|13
|
|t:|1604414082
|switch|p1a: Latios|Latios, M, shiny|73/100
|move|p2a: Ferrothorn|Knock Off|p1a: Latios
|-supereffective|p1a: Latios
|-damage|p1a: Latios|10/100
|-enditem|p1a: Latios|Life Orb|[from] move: Knock Off|[of] p2a: Ferrothorn
|
|-heal|p2a: Ferrothorn|38/100|[from] item: Leftovers
|-heal|p2a: Ferrothorn|44/100|[from] Grassy Terrain
|-fieldend|move: Grassy Terrain
|upkeep
|turn|14
|
|t:|1604414091
|switch|p2a: Clefable|Clefable, F|100/100
|move|p1a: Latios|Recover|p1a: Latios
|-heal|p1a: Latios|61/100
|
|upkeep
|turn|15
|
|t:|1604414097
|move|p1a: Latios|Recover|p1a: Latios
|-heal|p1a: Latios|100/100
|move|p2a: Clefable|Moonblast|p1a: Latios
|-supereffective|p1a: Latios
|-damage|p1a: Latios|7/100
|
|upkeep
|turn|16
|
|t:|1604414103
|move|p1a: Latios|Recover|p1a: Latios
|-heal|p1a: Latios|57/100
|move|p2a: Clefable|Moonblast|p1a: Latios
|-supereffective|p1a: Latios
|-damage|p1a: Latios|0 fnt
|faint|p1a: Latios
|
|upkeep
|
|t:|1604414110
|switch|p1a: Melmetal|Melmetal, shiny|88/100
|turn|17
|
|t:|1604414116
|switch|p2a: Buzzwole|Buzzwole|100/100
|-damage|p2a: Buzzwole|88/100|[from] Stealth Rock
|move|p1a: Melmetal|Double Iron Bash|p2a: Buzzwole
|-damage|p2a: Buzzwole|67/100
|-damage|p2a: Buzzwole|46/100
|-hitcount|p2a: Buzzwole|2
|
|-heal|p2a: Buzzwole|52/100|[from] item: Leftovers
|upkeep
|turn|18
|
|t:|1604414125
|move|p2a: Buzzwole|Roost|p2a: Buzzwole
|-heal|p2a: Buzzwole|100/100
|-singleturn|p2a: Buzzwole|move: Roost
|move|p1a: Melmetal|Double Iron Bash|p2a: Buzzwole
|-damage|p2a: Buzzwole|76/100
|-damage|p2a: Buzzwole|55/100
|-hitcount|p2a: Buzzwole|2
|
|-heal|p2a: Buzzwole|61/100|[from] item: Leftovers
|upkeep
|turn|19
|
|t:|1604414140
|switch|p1a: Landorus|Landorus, M|100/100
|move|p2a: Buzzwole|Roost|p2a: Buzzwole
|-heal|p2a: Buzzwole|100/100
|-singleturn|p2a: Buzzwole|move: Roost
|
|upkeep
|turn|20
|
|t:|1604414164
|switch|p1a: Toxapex|Toxapex, M, shiny|100/100
|switch|p2a: Nihilego|Nihilego|100/100
|-damage|p2a: Nihilego|88/100|[from] Stealth Rock
|
|-heal|p2a: Nihilego|94/100|[from] item: Black Sludge
|upkeep
|turn|21
|
|t:|1604414175
|move|p2a: Nihilego|Stealth Rock|p1a: Toxapex
|-sidestart|p1: ArcanineSquad|move: Stealth Rock
|move|p1a: Toxapex|Knock Off|p2a: Nihilego
|-damage|p2a: Nihilego|67/100
|-enditem|p2a: Nihilego|Black Sludge|[from] move: Knock Off|[of] p1a: Toxapex
|
|upkeep
|turn|22
|
|t:|1604414183
|move|p2a: Nihilego|Toxic Spikes|p1a: Toxapex
|-sidestart|p1: ArcanineSquad|move: Toxic Spikes
|move|p1a: Toxapex|Knock Off|p2a: Nihilego
|-damage|p2a: Nihilego|49/100
|
|upkeep
|turn|23
|
|t:|1604414191
|switch|p2a: Zygarde|Zygarde|68/100
|-damage|p2a: Zygarde|62/100|[from] Stealth Rock
|-ability|p2a: Zygarde|Aura Break
|move|p1a: Toxapex|Knock Off|p2a: Zygarde
|-damage|p2a: Zygarde|50/100
|-enditem|p2a: Zygarde|Choice Band|[from] move: Knock Off|[of] p1a: Toxapex
|
|upkeep
|turn|24
|
|t:|1604414200
|move|p2a: Zygarde|Thousand Arrows|p1a: Toxapex
|-supereffective|p1a: Toxapex
|-damage|p1a: Toxapex|45/100
|move|p1a: Toxapex|Scald|p2a: Zygarde
|-crit|p2a: Zygarde
|-damage|p2a: Zygarde|27/100
|
|-heal|p1a: Toxapex|51/100|[from] item: Black Sludge
|upkeep
|turn|25
|
|t:|1604414225
|switch|p1a: Urshifu|Urshifu, F, shiny|100/100
|-damage|p1a: Urshifu|94/100|[from] Stealth Rock
|-status|p1a: Urshifu|psn
|move|p2a: Zygarde|Thousand Arrows|p1a: Urshifu
|-damage|p1a: Urshifu|50/100 psn
|
|-damage|p1a: Urshifu|38/100 psn|[from] psn
|upkeep
|turn|26
|
|t:|1604414234
|switch|p2a: Buzzwole|Buzzwole|100/100
|-damage|p2a: Buzzwole|88/100|[from] Stealth Rock
|move|p1a: Urshifu|U-turn|p2a: Buzzwole
|-resisted|p2a: Buzzwole
|-damage|p2a: Buzzwole|79/100
|
|t:|1604414241
|switch|p1a: Toxapex|Toxapex, M, shiny|84/100|[from]move: U-turn
|-sideend|p1: ArcanineSquad|move: Toxic Spikes|[of] p1a: Toxapex
|-damage|p1a: Toxapex|72/100|[from] Stealth Rock
|
|-heal|p2a: Buzzwole|86/100|[from] item: Leftovers
|-heal|p1a: Toxapex|78/100|[from] item: Black Sludge
|upkeep
|turn|27
|
|t:|1604414255
|switch|p2a: Clefable|Clefable, F|100/100
|move|p1a: Toxapex|Scald|p2a: Clefable
|-damage|p2a: Clefable|90/100
|-status|p2a: Clefable|brn
|
|-heal|p1a: Toxapex|84/100|[from] item: Black Sludge
|upkeep
|turn|28
|
|t:|1604414264
|move|p2a: Clefable|Thunder|p1a: Toxapex
|-supereffective|p1a: Toxapex
|-damage|p1a: Toxapex|30/100
|move|p1a: Toxapex|Knock Off|p2a: Clefable
|-resisted|p2a: Clefable
|-damage|p2a: Clefable|81/100 brn
|-enditem|p2a: Clefable|Life Orb|[from] move: Knock Off|[of] p1a: Toxapex
|
|-heal|p1a: Toxapex|36/100|[from] item: Black Sludge
|upkeep
|turn|29
|
|t:|1604414276
|switch|p1a: Melmetal|Melmetal, shiny|88/100
|-damage|p1a: Melmetal|82/100|[from] Stealth Rock
|move|p2a: Clefable|Moonblast|p1a: Melmetal
|-resisted|p1a: Melmetal
|-crit|p1a: Melmetal
|-damage|p1a: Melmetal|66/100
|-unboost|p1a: Melmetal|spa|1
|
|upkeep
|turn|30
|
|t:|1604414285
|switch|p2a: Buzzwole|Buzzwole|86/100
|-damage|p2a: Buzzwole|73/100|[from] Stealth Rock
|move|p1a: Melmetal|Double Iron Bash|p2a: Buzzwole
|-damage|p2a: Buzzwole|52/100
|-damage|p2a: Buzzwole|29/100
|-hitcount|p2a: Buzzwole|2
|
|-heal|p2a: Buzzwole|35/100|[from] item: Leftovers
|upkeep
|turn|31
|
|t:|1604414296
|move|p2a: Buzzwole|Roost|p2a: Buzzwole
|-heal|p2a: Buzzwole|85/100
|-singleturn|p2a: Buzzwole|move: Roost
|move|p1a: Melmetal|Double Iron Bash|p2a: Buzzwole
|-damage|p2a: Buzzwole|64/100
|-damage|p2a: Buzzwole|39/100
|-hitcount|p2a: Buzzwole|2
|
|-heal|p2a: Buzzwole|46/100|[from] item: Leftovers
|upkeep
|turn|32
|
|t:|1604414304
|switch|p1a: Toxapex|Toxapex, M, shiny|70/100
|-damage|p1a: Toxapex|57/100|[from] Stealth Rock
|move|p2a: Buzzwole|Drain Punch|p1a: Toxapex
|-resisted|p1a: Toxapex
|-damage|p1a: Toxapex|47/100
|-heal|p2a: Buzzwole|49/100|[from] drain|[of] p1a: Toxapex
|
|-heal|p2a: Buzzwole|56/100|[from] item: Leftovers
|-heal|p1a: Toxapex|53/100|[from] item: Black Sludge
|upkeep
|turn|33
|
|t:|1604414316
|switch|p2a: Clefable|Clefable, F|81/100 brn
|move|p1a: Toxapex|Scald|p2a: Clefable
|-damage|p2a: Clefable|70/100 brn
|
|-heal|p1a: Toxapex|60/100|[from] item: Black Sludge
|upkeep
|turn|34
|
|t:|1604414326
|move|p2a: Clefable|Calm Mind|p2a: Clefable
|-boost|p2a: Clefable|spa|1
|-boost|p2a: Clefable|spd|1
|move|p1a: Toxapex|Recover|p1a: Toxapex
|-heal|p1a: Toxapex|100/100
|
|upkeep
|turn|35
|
|t:|1604414333
|switch|p1a: Melmetal|Melmetal, shiny|66/100
|-damage|p1a: Melmetal|60/100|[from] Stealth Rock
|move|p2a: Clefable|Thunder|p1a: Melmetal
|-damage|p1a: Melmetal|37/100
|-status|p1a: Melmetal|par
|
|upkeep
|turn|36
|
|t:|1604414345
|switch|p2a: Ferrothorn|Ferrothorn, F|44/100
|-damage|p2a: Ferrothorn|38/100|[from] Stealth Rock
|cant|p1a: Melmetal|par
|
|-heal|p2a: Ferrothorn|44/100|[from] item: Leftovers
|upkeep
|turn|37
|
|t:|1604414363
|switch|p2a: Buzzwole|Buzzwole|56/100
|-damage|p2a: Buzzwole|43/100|[from] Stealth Rock
|move|p1a: Melmetal|Double Iron Bash|p2a: Buzzwole
|-damage|p2a: Buzzwole|19/100
|-damage|p2a: Buzzwole|0 fnt
|-hitcount|p2a: Buzzwole|2
|faint|p2a: Buzzwole
|
|upkeep
|
|t:|1604414371
|switch|p2a: Zygarde|Zygarde|27/100
|-damage|p2a: Zygarde|21/100|[from] Stealth Rock
|-ability|p2a: Zygarde|Aura Break
|turn|38
|
|t:|1604414378
|switch|p1a: Tapu Bulu|Tapu Bulu, shiny|100/100
|-damage|p1a: Tapu Bulu|88/100|[from] Stealth Rock
|-fieldstart|move: Grassy Terrain|[from] ability: Grassy Surge|[of] p1a: Tapu Bulu
|move|p2a: Zygarde|Thousand Arrows|p1a: Tapu Bulu
|-resisted|p1a: Tapu Bulu
|-damage|p1a: Tapu Bulu|68/100
|
|-heal|p2a: Zygarde|27/100|[from] Grassy Terrain
|-heal|p1a: Tapu Bulu|75/100|[from] item: Leftovers
|-heal|p1a: Tapu Bulu|81/100|[from] Grassy Terrain
|upkeep
|turn|39
|
|t:|1604414391
|move|p2a: Zygarde|Toxic|p1a: Tapu Bulu
|-status|p1a: Tapu Bulu|tox
|move|p1a: Tapu Bulu|Swords Dance|p1a: Tapu Bulu
|-boost|p1a: Tapu Bulu|atk|2
|
|-heal|p2a: Zygarde|34/100|[from] Grassy Terrain
|-heal|p1a: Tapu Bulu|87/100 tox|[from] item: Leftovers
|-heal|p1a: Tapu Bulu|93/100 tox|[from] Grassy Terrain
|-damage|p1a: Tapu Bulu|87/100 tox|[from] psn
|upkeep
|turn|40
|
|t:|1604414405
|switch|p2a: Ferrothorn|Ferrothorn, F|44/100
|-damage|p2a: Ferrothorn|38/100|[from] Stealth Rock
|move|p1a: Tapu Bulu|Horn Leech|p2a: Ferrothorn
|-resisted|p2a: Ferrothorn
|-damage|p2a: Ferrothorn|22/100
|-heal|p1a: Tapu Bulu|95/100 tox|[from] drain|[of] p2a: Ferrothorn
|-damage|p1a: Tapu Bulu|83/100 tox|[from] ability: Iron Barbs|[of] p2a: Ferrothorn
|
|-heal|p1a: Tapu Bulu|89/100 tox|[from] item: Leftovers
|-heal|p1a: Tapu Bulu|95/100 tox|[from] Grassy Terrain
|-heal|p2a: Ferrothorn|28/100|[from] item: Leftovers
|-heal|p2a: Ferrothorn|34/100|[from] Grassy Terrain
|-damage|p1a: Tapu Bulu|83/100 tox|[from] psn
|upkeep
|turn|41
|
|t:|1604414425
|move|p1a: Tapu Bulu|Close Combat|p2a: Ferrothorn
|-supereffective|p2a: Ferrothorn
|-damage|p2a: Ferrothorn|0 fnt
|-unboost|p1a: Tapu Bulu|def|1
|-unboost|p1a: Tapu Bulu|spd|1
|-damage|p1a: Tapu Bulu|71/100 tox|[from] ability: Iron Barbs|[of] p2a: Ferrothorn
|faint|p2a: Ferrothorn
|
|-heal|p1a: Tapu Bulu|77/100 tox|[from] item: Leftovers
|-heal|p1a: Tapu Bulu|83/100 tox|[from] Grassy Terrain
|-damage|p1a: Tapu Bulu|65/100 tox|[from] psn
|upkeep
|
|t:|1604414428
|switch|p2a: Nihilego|Nihilego|49/100
|-damage|p2a: Nihilego|37/100|[from] Stealth Rock
|turn|42
|
|t:|1604414440
|move|p2a: Nihilego|Sludge Wave|p1a: Tapu Bulu
|-supereffective|p1a: Tapu Bulu
|-damage|p1a: Tapu Bulu|0 fnt
|faint|p1a: Tapu Bulu
|-ability|p2a: Nihilego|Beast Boost|boost
|-boost|p2a: Nihilego|spa|1
|
|-heal|p2a: Nihilego|43/100|[from] Grassy Terrain
|-fieldend|move: Grassy Terrain
|upkeep
|
|t:|1604414455
|switch|p1a: Toxapex|Toxapex, M, shiny|100/100
|-damage|p1a: Toxapex|88/100|[from] Stealth Rock
|turn|43
|
|t:|1604414462
|switch|p2a: Clefable|Clefable, F|70/100 brn
|move|p1a: Toxapex|Scald|p2a: Clefable
|-damage|p2a: Clefable|60/100 brn
|
|-heal|p1a: Toxapex|94/100|[from] item: Black Sludge
|upkeep
|turn|44
|
|t:|1604414470
|switch|p1a: Melmetal|Melmetal, shiny|37/100 par
|-damage|p1a: Melmetal|31/100 par|[from] Stealth Rock
|move|p2a: Clefable|Moonblast|p1a: Melmetal
|-resisted|p1a: Melmetal
|-crit|p1a: Melmetal
|-damage|p1a: Melmetal|15/100 par
|-unboost|p1a: Melmetal|spa|1
|
|upkeep
|turn|45
|
|t:|1604414491
|switch|p2a: Slowking|Slowking, M|100/100
|move|p1a: Melmetal|Double Iron Bash|p2a: Slowking
|-resisted|p2a: Slowking
|-damage|p2a: Slowking|79/100
|-resisted|p2a: Slowking
|-damage|p2a: Slowking|57/100
|-hitcount|p2a: Slowking|2
|
|upkeep
|turn|46
|
|t:|1604414507
|move|p2a: Slowking|Scald|p1a: Melmetal
|-damage|p1a: Melmetal|0 fnt
|faint|p1a: Melmetal
|
|upkeep
|
|t:|1604414513
|switch|p1a: Urshifu|Urshifu, F, shiny|38/100 psn
|-damage|p1a: Urshifu|32/100 psn|[from] Stealth Rock
|turn|47
|
|t:|1604414530
|switch|p2a: Clefable|Clefable, F|60/100 brn
|move|p1a: Urshifu|Wicked Blow|p2a: Clefable
|-resisted|p2a: Clefable
|-crit|p2a: Clefable
|-damage|p2a: Clefable|5/100 brn
|
|-damage|p1a: Urshifu|19/100 psn|[from] psn
|upkeep
|turn|48
|
|t:|1604414542
|move|p1a: Urshifu|Wicked Blow|p2a: Clefable
|-resisted|p2a: Clefable
|-crit|p2a: Clefable
|-damage|p2a: Clefable|0 fnt
|faint|p2a: Clefable
|
|-damage|p1a: Urshifu|7/100 psn|[from] psn
|upkeep
|
|t:|1604414549
|switch|p2a: Nihilego|Nihilego|43/100
|-damage|p2a: Nihilego|31/100|[from] Stealth Rock
|turn|49
|
|t:|1604414556
|move|p2a: Nihilego|Sludge Wave|p1a: Urshifu
|-damage|p1a: Urshifu|0 fnt
|faint|p1a: Urshifu
|-ability|p2a: Nihilego|Beast Boost|boost
|-boost|p2a: Nihilego|spa|1
|
|upkeep
|
|t:|1604414562
|switch|p1a: Toxapex|Toxapex, M, shiny|100/100
|-damage|p1a: Toxapex|88/100|[from] Stealth Rock
|turn|50
|
|t:|1604414567
|switch|p2a: Slowking|Slowking, M|90/100
|move|p1a: Toxapex|Knock Off|p2a: Slowking
|-supereffective|p2a: Slowking
|-damage|p2a: Slowking|55/100
|-enditem|p2a: Slowking|Heavy-Duty Boots|[from] move: Knock Off|[of] p1a: Toxapex
|
|-heal|p1a: Toxapex|94/100|[from] item: Black Sludge
|upkeep
|turn|51
|
|t:|1604414578
|move|p1a: Toxapex|Scald|p2a: Slowking
|-resisted|p2a: Slowking
|-damage|p2a: Slowking|49/100
|move|p2a: Slowking|Future Sight|p1a: Toxapex
|-start|p2a: Slowking|move: Future Sight
|
|-heal|p1a: Toxapex|100/100|[from] item: Black Sludge
|upkeep
|turn|52
|
|t:|1604414591
|move|p1a: Toxapex|Scald|p2a: Slowking
|-resisted|p2a: Slowking
|-crit|p2a: Slowking
|-damage|p2a: Slowking|42/100
|-status|p2a: Slowking|brn
|move|p2a: Slowking|Scald|p1a: Toxapex
|-resisted|p1a: Toxapex
|-damage|p1a: Toxapex|87/100
|
|-heal|p1a: Toxapex|93/100|[from] item: Black Sludge
|-damage|p2a: Slowking|36/100 brn|[from] brn
|upkeep
|turn|53
|c|☆ArcanineSquad|Gg
|
|t:|1604414602
|move|p1a: Toxapex|Recover|p1a: Toxapex
|-heal|p1a: Toxapex|100/100
|move|p2a: Slowking|Teleport|p2a: Slowking
|
|t:|1604414606
|switch|p2a: Zygarde|Zygarde|34/100|[from]move: Teleport
|-damage|p2a: Zygarde|27/100|[from] Stealth Rock
|-ability|p2a: Zygarde|Aura Break
|
|-end|p1a: Toxapex|move: Future Sight
|-supereffective|p1a: Toxapex
|-damage|p1a: Toxapex|15/100
|-heal|p1a: Toxapex|21/100|[from] item: Black Sludge
|upkeep
|turn|54
|
|t:|1604414617
|move|p2a: Zygarde|Thousand Arrows|p1a: Toxapex
|-supereffective|p1a: Toxapex
|-damage|p1a: Toxapex|0 fnt
|faint|p1a: Toxapex
|
|upkeep
|
|t:|1604414622
|switch|p1a: Landorus|Landorus, M|100/100
|-damage|p1a: Landorus|88/100|[from] Stealth Rock
|turn|55
|
|t:|1604414626
|move|p2a: Zygarde|Extreme Speed|p1a: Landorus
|-damage|p1a: Landorus|58/100
|move|p1a: Landorus|Earth Power|p2a: Zygarde
|-damage|p2a: Zygarde|0 fnt
|faint|p2a: Zygarde
|
|upkeep
|
|t:|1604414630
|switch|p2a: Slowking|Slowking, M|69/100 brn
|-damage|p2a: Slowking|57/100 brn|[from] Stealth Rock
|turn|56
|
|t:|1604414644
|switch|p2a: Nihilego|Nihilego|31/100
|-damage|p2a: Nihilego|18/100|[from] Stealth Rock
|move|p1a: Landorus|Earth Power|p2a: Nihilego
|-supereffective|p2a: Nihilego
|-damage|p2a: Nihilego|0 fnt
|faint|p2a: Nihilego
|
|upkeep
|
|t:|1604414645
|switch|p2a: Slowking|Slowking, M|90/100 brn
|-damage|p2a: Slowking|77/100 brn|[from] Stealth Rock
|turn|57
|
|t:|1604414655
|move|p1a: Landorus|Earth Power|p2a: Slowking
|-damage|p2a: Slowking|25/100 brn
|move|p2a: Slowking|Scald|p1a: Landorus
|-supereffective|p1a: Landorus
|-damage|p1a: Landorus|0 fnt
|faint|p1a: Landorus
|
|win|Tdyjmmfcm
|c|☆Tdyjmmfcm|gg
|c|☆ArcanineSquad|Gg
|l|☆ArcanineSquad
||Ladder (probably) updated, but score could not be retrieved (Request timeout).
