|j|☆imchokingrn
|j|☆Kikoobuster
|t:|1655559279
|gametype|singles
|player|p1|imchokingrn|backpacker|1616
|player|p2|Kikoobuster|266|1577
|teamsize|p1|6
|teamsize|p2|6
|gen|8
|tier|[Gen 8] OU
|rated|
|rule|Sleep Clause Mod: Limit one foe put to sleep
|rule|Species Clause: Limit one of each Pokémon
|rule|OHKO Clause: OHKO moves are banned
|rule|Evasion Moves Clause: Evasion moves are banned
|rule|Endless Battle Clause: Forcing endless battles is banned
|rule|HP Percentage Mod: HP is shown in percentages
|rule|Dynamax Clause: You cannot dynamax
|clearpoke
|poke|p1|Nidoking, M|
|poke|p1|Tornadus-Therian, M|
|poke|p1|Ferrothorn, M|
|poke|p1|Weavile, F|
|poke|p1|Garchomp, M|
|poke|p1|Tapu Fini|
|poke|p2|Lycanroc-Dusk, F|
|poke|p2|Excadrill, M|
|poke|p2|Hawlucha, M|
|poke|p2|Azumarill, F|
|poke|p2|Zeraora|
|poke|p2|Rillaboom, F|
|teampreview
|inactive|Battle timer is ON: inactive players will automatically lose when time's up. (requested by Kikoobuster)
|
|t:|1655559299
|start
|switch|p1a: Garchomp|Garchomp, M|100/100
|switch|p2a: Lycanroc|Lycanroc-Dusk, F|100/100
|turn|1
|
|t:|1655559302
|move|p2a: Lycanroc|Stealth Rock|p1a: Garchomp
|-sidestart|p1: imchokingrn|move: Stealth Rock
|move|p1a: Garchomp|Toxic|p2a: Lycanroc
|-status|p2a: Lycanroc|tox
|
|-damage|p2a: Lycanroc|94/100 tox|[from] psn
|upkeep
|turn|2
|
|t:|1655559308
|switch|p2a: Rillaboom|Rillaboom, F|100/100
|-fieldstart|move: Grassy Terrain|[from] ability: Grassy Surge|[of] p2a: Rillaboom
|move|p1a: Garchomp|Earthquake|p2a: Rillaboom
|-resisted|p2a: Rillaboom
|-damage|p2a: Rillaboom|88/100
|
|-heal|p2a: Rillaboom|94/100|[from] Grassy Terrain
|upkeep
|turn|3
|
|t:|1655559314
|switch|p1a: Ferrothorn|Ferrothorn, M|100/100
|-damage|p1a: Ferrothorn|95/100|[from] Stealth Rock
|move|p2a: Rillaboom|Knock Off|p1a: Ferrothorn
|-damage|p1a: Ferrothorn|68/100
|-damage|p2a: Rillaboom|82/100|[from] ability: Iron Barbs|[of] p1a: Ferrothorn
|-damage|p2a: Rillaboom|66/100|[from] item: Rocky Helmet|[of] p1a: Ferrothorn
|-enditem|p1a: Ferrothorn|Rocky Helmet|[from] move: Knock Off|[of] p2a: Rillaboom
|
|-heal|p2a: Rillaboom|72/100|[from] Grassy Terrain
|-heal|p1a: Ferrothorn|74/100|[from] Grassy Terrain
|upkeep
|turn|4
|
|t:|1655559323
|switch|p2a: Zeraora|Zeraora|100/100
|move|p1a: Ferrothorn|Power Whip|p2a: Zeraora
|-damage|p2a: Zeraora|25/100
|
|-heal|p2a: Zeraora|31/100|[from] Grassy Terrain
|-heal|p2a: Zeraora|37/100|[from] item: Leftovers
|-heal|p1a: Ferrothorn|80/100|[from] Grassy Terrain
|upkeep
|turn|5
|
|t:|1655559327
|switch|p1a: Garchomp|Garchomp, M|100/100
|-damage|p1a: Garchomp|94/100|[from] Stealth Rock
|move|p2a: Zeraora|Blaze Kick|p1a: Garchomp
|-resisted|p1a: Garchomp
|-damage|p1a: Garchomp|83/100
|-damage|p2a: Zeraora|25/100|[from] ability: Rough Skin|[of] p1a: Garchomp
|
|-heal|p2a: Zeraora|31/100|[from] Grassy Terrain
|-heal|p2a: Zeraora|37/100|[from] item: Leftovers
|-heal|p1a: Garchomp|89/100|[from] Grassy Terrain
|-heal|p1a: Garchomp|95/100|[from] item: Leftovers
|upkeep
|turn|6
|
|t:|1655559330
|move|p2a: Zeraora|Play Rough|p1a: Garchomp
|-supereffective|p1a: Garchomp
|-damage|p1a: Garchomp|44/100
|-damage|p2a: Zeraora|25/100|[from] ability: Rough Skin|[of] p1a: Garchomp
|move|p1a: Garchomp|Stealth Rock|p2a: Zeraora
|-sidestart|p2: Kikoobuster|move: Stealth Rock
|
|-heal|p2a: Zeraora|31/100|[from] Grassy Terrain
|-heal|p2a: Zeraora|37/100|[from] item: Leftovers
|-heal|p1a: Garchomp|50/100|[from] Grassy Terrain
|-heal|p1a: Garchomp|56/100|[from] item: Leftovers
|-fieldend|move: Grassy Terrain
|upkeep
|turn|7
|
|t:|1655559334
|move|p1a: Garchomp|Protect|p1a: Garchomp
|-singleturn|p1a: Garchomp|Protect
|move|p2a: Zeraora|Play Rough|p1a: Garchomp
|-activate|p1a: Garchomp|move: Protect
|
|-heal|p2a: Zeraora|43/100|[from] item: Leftovers
|-heal|p1a: Garchomp|62/100|[from] item: Leftovers
|upkeep
|turn|8
|
|t:|1655559337
|move|p2a: Zeraora|Play Rough|p1a: Garchomp
|-supereffective|p1a: Garchomp
|-damage|p1a: Garchomp|12/100
|-damage|p2a: Zeraora|30/100|[from] ability: Rough Skin|[of] p1a: Garchomp
|move|p1a: Garchomp|Earthquake|p2a: Zeraora
|-supereffective|p2a: Zeraora
|-damage|p2a: Zeraora|0 fnt
|faint|p2a: Zeraora
|
|-heal|p1a: Garchomp|19/100|[from] item: Leftovers
|upkeep
|
|t:|1655559344
|switch|p2a: Rillaboom|Rillaboom, F|72/100
|-damage|p2a: Rillaboom|59/100|[from] Stealth Rock
|-fieldstart|move: Grassy Terrain|[from] ability: Grassy Surge|[of] p2a: Rillaboom
|turn|9
|
|t:|1655559347
|move|p1a: Garchomp|Protect|p1a: Garchomp
|-singleturn|p1a: Garchomp|Protect
|move|p2a: Rillaboom|Grassy Glide|p1a: Garchomp
|-activate|p1a: Garchomp|move: Protect
|
|-heal|p2a: Rillaboom|66/100|[from] Grassy Terrain
|-heal|p1a: Garchomp|25/100|[from] Grassy Terrain
|-heal|p1a: Garchomp|31/100|[from] item: Leftovers
|upkeep
|turn|10
|
|t:|1655559351
|switch|p1a: Ferrothorn|Ferrothorn, M|80/100
|-damage|p1a: Ferrothorn|74/100|[from] Stealth Rock
|move|p2a: Rillaboom|Grassy Glide|p1a: Ferrothorn
|-resisted|p1a: Ferrothorn
|-damage|p1a: Ferrothorn|64/100
|-damage|p2a: Rillaboom|53/100|[from] ability: Iron Barbs|[of] p1a: Ferrothorn
|
|-heal|p2a: Rillaboom|59/100|[from] Grassy Terrain
|-heal|p1a: Ferrothorn|70/100|[from] Grassy Terrain
|upkeep
|turn|11
|
|t:|1655559359
|switch|p2a: Hawlucha|Hawlucha, M|100/100
|-damage|p2a: Hawlucha|88/100|[from] Stealth Rock
|-enditem|p2a: Hawlucha|Grassy Seed
|-boost|p2a: Hawlucha|def|1|[from] item: Grassy Seed
|move|p1a: Ferrothorn|Leech Seed|p2a: Hawlucha
|-start|p2a: Hawlucha|move: Leech Seed
|
|-heal|p1a: Ferrothorn|76/100|[from] Grassy Terrain
|-damage|p2a: Hawlucha|76/100|[from] Leech Seed|[of] p1a: Ferrothorn
|-heal|p1a: Ferrothorn|86/100|[silent]
|upkeep
|turn|12
|
|t:|1655559366
|switch|p1a: Tapu Fini|Tapu Fini|100/100
|-damage|p1a: Tapu Fini|88/100|[from] Stealth Rock
|-fieldstart|move: Misty Terrain|[from] ability: Misty Surge|[of] p1a: Tapu Fini
|move|p2a: Hawlucha|Close Combat|p1a: Tapu Fini
|-resisted|p1a: Tapu Fini
|-damage|p1a: Tapu Fini|67/100
|-unboost|p2a: Hawlucha|def|1
|-unboost|p2a: Hawlucha|spd|1
|
|-heal|p1a: Tapu Fini|73/100|[from] item: Leftovers
|-damage|p2a: Hawlucha|63/100|[from] Leech Seed|[of] p1a: Tapu Fini
|-heal|p1a: Tapu Fini|84/100|[silent]
|upkeep
|turn|13
|
|t:|1655559369
|move|p2a: Hawlucha|Acrobatics|p1a: Tapu Fini
|-damage|p1a: Tapu Fini|49/100
|move|p1a: Tapu Fini|Moonblast|p2a: Hawlucha
|-supereffective|p2a: Hawlucha
|-damage|p2a: Hawlucha|0 fnt
|faint|p2a: Hawlucha
|
|-heal|p1a: Tapu Fini|55/100|[from] item: Leftovers
|upkeep
|
|t:|1655559373
|switch|p2a: Rillaboom|Rillaboom, F|59/100
|-damage|p2a: Rillaboom|47/100|[from] Stealth Rock
|-fieldstart|move: Grassy Terrain|[from] ability: Grassy Surge|[of] p2a: Rillaboom
|turn|14
|
|t:|1655559379
|switch|p1a: Tornadus|Tornadus-Therian, M|100/100
|-damage|p1a: Tornadus|76/100|[from] Stealth Rock
|move|p2a: Rillaboom|U-turn|p1a: Tornadus
|-resisted|p1a: Tornadus
|-damage|p1a: Tornadus|54/100
|
|t:|1655559390
|switch|p2a: Azumarill|Azumarill, F|100/100|[from]move: U-turn
|-damage|p2a: Azumarill|88/100|[from] Stealth Rock
|
|-heal|p2a: Azumarill|94/100|[from] Grassy Terrain
|upkeep
|turn|15
|
|t:|1655559393
|move|p1a: Tornadus|Knock Off|p2a: Azumarill
|-resisted|p2a: Azumarill
|-crit|p2a: Azumarill
|-damage|p2a: Azumarill|77/100
|-enditem|p2a: Azumarill|Sitrus Berry|[from] move: Knock Off|[of] p1a: Tornadus
|move|p2a: Azumarill|Belly Drum|p2a: Azumarill
|-damage|p2a: Azumarill|27/100
|-setboost|p2a: Azumarill|atk|6|[from] move: Belly Drum
|
|-heal|p2a: Azumarill|34/100|[from] Grassy Terrain
|upkeep
|turn|16
|
|t:|1655559401
|switch|p1a: Ferrothorn|Ferrothorn, M|86/100
|-damage|p1a: Ferrothorn|80/100|[from] Stealth Rock
|move|p2a: Azumarill|Aqua Jet|p1a: Ferrothorn
|-resisted|p1a: Ferrothorn
|-damage|p1a: Ferrothorn|51/100
|-damage|p2a: Azumarill|21/100|[from] ability: Iron Barbs|[of] p1a: Ferrothorn
|
|-heal|p2a: Azumarill|27/100|[from] Grassy Terrain
|-heal|p1a: Ferrothorn|57/100|[from] Grassy Terrain
|upkeep
|turn|17
|
|t:|1655559407
|switch|p1a: Garchomp|Garchomp, M|31/100
|-damage|p1a: Garchomp|25/100|[from] Stealth Rock
|move|p2a: Azumarill|Knock Off|p1a: Garchomp
|-damage|p1a: Garchomp|0 fnt
|-damage|p2a: Azumarill|15/100|[from] ability: Rough Skin|[of] p1a: Garchomp
|-enditem|p1a: Garchomp|Leftovers|[from] move: Knock Off|[of] p2a: Azumarill
|faint|p1a: Garchomp
|
|-heal|p2a: Azumarill|21/100|[from] Grassy Terrain
|upkeep
|
|t:|1655559412
|switch|p1a: Ferrothorn|Ferrothorn, M|57/100
|-damage|p1a: Ferrothorn|51/100|[from] Stealth Rock
|turn|18
|
|t:|1655559414
|move|p2a: Azumarill|Knock Off|p1a: Ferrothorn
|-damage|p1a: Ferrothorn|0 fnt
|-damage|p2a: Azumarill|9/100|[from] ability: Iron Barbs|[of] p1a: Ferrothorn
|faint|p1a: Ferrothorn
|
|-heal|p2a: Azumarill|15/100|[from] Grassy Terrain
|-fieldend|move: Grassy Terrain
|upkeep
|
|t:|1655559419
|switch|p1a: Weavile|Weavile, F|100/100
|-ability|p1a: Weavile|Pressure
|turn|19
|
|t:|1655559421
|move|p1a: Weavile|Ice Shard|p2a: Azumarill
|-resisted|p2a: Azumarill
|-damage|p2a: Azumarill|3/100
|move|p2a: Azumarill|Aqua Jet|p1a: Weavile
|-damage|p1a: Weavile|0 fnt
|faint|p1a: Weavile
|
|upkeep
|-message|imchokingrn forfeited.
|
|win|Kikoobuster
|raw|imchokingrn's rating: 1616 &rarr; <strong>1594</strong><br />(-22 for losing)
|raw|Kikoobuster's rating: 1577 &rarr; <strong>1599</strong><br />(+22 for winning)
|c|☆Kikoobuster|gg
|l|☆Kikoobuster
|j| Sp0onl0rd
|l| Sp0onl0rd
||Ladder isn't responding, score probably updated but might not have (Request timeout).
