|j|☆LolzMachine
|j|☆MathIMo
|t:|1610647726
|player|p1|LolzMachine|294|1624
|player|p2|MathIMo|jogger|1619
|teamsize|p1|6
|teamsize|p2|6
|gametype|singles
|gen|8
|tier|[Gen 8] OU
|rated|
|clearpoke
|poke|p1|Aggron, M|
|poke|p1|Araquanid, F|
|poke|p1|Garchomp, F|
|poke|p1|Zapdos-Galar|
|poke|p1|Obstagoon, M|
|poke|p1|Regieleki|
|poke|p2|Zapdos-Galar|
|poke|p2|Nidoking, M|
|poke|p2|Buzzwole|
|poke|p2|Dragonite, M|
|poke|p2|Magearna|
|poke|p2|Swampert, F|
|rule|Sleep Clause Mod: Limit one foe put to sleep
|rule|Species Clause: Limit one of each Pokémon
|rule|OHKO Clause: OHKO moves are banned
|rule|Evasion Moves Clause: Evasion moves are banned
|rule|Endless Battle Clause: Forcing endless battles is banned
|rule|HP Percentage Mod: HP is shown in percentages
|rule|Dynamax Clause: You cannot dynamax
|teampreview
|
|t:|1610647739
|start
|switch|p1a: Araquanid|Araquanid, F|100/100
|switch|p2a: Swampert|Swampert, F|100/100
|turn|1
|
|t:|1610647750
|move|p1a: Araquanid|Liquidation|p2a: Swampert
|-damage|p2a: Swampert|44/100
|move|p2a: Swampert|Stealth Rock|p1a: Araquanid
|-sidestart|p1: LolzMachine|move: Stealth Rock
|
|-heal|p2a: Swampert|50/100|[from] item: Leftovers
|upkeep
|turn|2
|
|t:|1610647767
|switch|p2a: Buzzwole|Buzzwole, shiny|100/100
|move|p1a: Araquanid|Sticky Web|p2a: Buzzwole
|-sidestart|p2: MathIMo|move: Sticky Web
|
|upkeep
|turn|3
|
|t:|1610647771
|switch|p1a: Garchomp|Garchomp, F|100/100
|-damage|p1a: Garchomp|94/100|[from] Stealth Rock
|move|p2a: Buzzwole|Toxic|p1a: Garchomp
|-status|p1a: Garchomp|tox
|
|-damage|p1a: Garchomp|88/100 tox|[from] psn
|upkeep
|turn|4
|
|t:|1610647776
|move|p1a: Garchomp|Fire Blast|p2a: Buzzwole
|-supereffective|p2a: Buzzwole
|-damage|p2a: Buzzwole|47/100
|move|p2a: Buzzwole|Leech Life|p1a: Garchomp
|-crit|p1a: Garchomp
|-damage|p1a: Garchomp|42/100 tox
|-heal|p2a: Buzzwole|70/100|[from] drain|[of] p1a: Garchomp
|-damage|p2a: Buzzwole|58/100|[from] ability: Rough Skin|[of] p1a: Garchomp
|-damage|p2a: Buzzwole|41/100|[from] item: Rocky Helmet|[of] p1a: Garchomp
|
|-damage|p1a: Garchomp|30/100 tox|[from] psn
|upkeep
|turn|5
|
|t:|1610647785
|move|p1a: Garchomp|Earthquake|p2a: Buzzwole
|-resisted|p2a: Buzzwole
|-crit|p2a: Buzzwole
|-damage|p2a: Buzzwole|25/100
|move|p2a: Buzzwole|Roost|p2a: Buzzwole
|-heal|p2a: Buzzwole|75/100
|-singleturn|p2a: Buzzwole|move: Roost
|
|-damage|p1a: Garchomp|11/100 tox|[from] psn
|upkeep
|turn|6
|
|t:|1610647789
|move|p2a: Buzzwole|Roost|p2a: Buzzwole
|-heal|p2a: Buzzwole|100/100
|-singleturn|p2a: Buzzwole|move: Roost
|move|p1a: Garchomp|Dragon Tail|p2a: Buzzwole
|-damage|p2a: Buzzwole|89/100
|-damage|p1a: Garchomp|0 fnt|[from] item: Rocky Helmet|[of] p2a: Buzzwole
|drag|p2a: Dragonite|Dragonite, M, shiny|100/100
|faint|p1a: Garchomp
|
|upkeep
|
|t:|1610647792
|switch|p1a: Aggron|Aggron, M|100/100
|-damage|p1a: Aggron|94/100|[from] Stealth Rock
|turn|7
|
|t:|1610647797
|move|p2a: Dragonite|Dragon Dance|p2a: Dragonite
|-boost|p2a: Dragonite|atk|1
|-boost|p2a: Dragonite|spe|1
|move|p1a: Aggron|Head Smash|p2a: Dragonite
|-supereffective|p2a: Dragonite
|-damage|p2a: Dragonite|0 fnt
|faint|p2a: Dragonite
|
|upkeep
|
|t:|1610647803
|switch|p2a: Nidoking|Nidoking, M|100/100
|-activate|p2a: Nidoking|move: Sticky Web
|-unboost|p2a: Nidoking|spe|1
|turn|8
|
|t:|1610647808
|move|p1a: Aggron|Head Smash|p2a: Nidoking
|-resisted|p2a: Nidoking
|-damage|p2a: Nidoking|24/100
|move|p2a: Nidoking|Substitute|p2a: Nidoking
|-fail|p2a: Nidoking|move: Substitute|[weak]
|
|upkeep
|turn|9
|
|t:|1610647812
|move|p1a: Aggron|Head Smash|p2a: Nidoking
|-resisted|p2a: Nidoking
|-damage|p2a: Nidoking|0 fnt
|faint|p2a: Nidoking
|
|upkeep
|
|t:|1610647815
|switch|p2a: Zapdos|Zapdos-Galar|100/100
|turn|10
|
|t:|1610647820
|switch|p1a: Araquanid|Araquanid, F|100/100
|-damage|p1a: Araquanid|76/100|[from] Stealth Rock
|move|p2a: Zapdos|Close Combat|p1a: Araquanid
|-resisted|p1a: Araquanid
|-damage|p1a: Araquanid|34/100
|-unboost|p2a: Zapdos|def|1
|-unboost|p2a: Zapdos|spd|1
|
|upkeep
|turn|11
|
|t:|1610647825
|move|p2a: Zapdos|Close Combat|p1a: Araquanid
|-resisted|p1a: Araquanid
|-damage|p1a: Araquanid|0 fnt
|-unboost|p2a: Zapdos|def|1
|-unboost|p2a: Zapdos|spd|1
|faint|p1a: Araquanid
|
|upkeep
|
|t:|1610647830
|switch|p1a: Regieleki|Regieleki|100/100
|-damage|p1a: Regieleki|88/100|[from] Stealth Rock
|turn|12
|
|t:|1610647835
|switch|p1a: Zapdos|Zapdos-Galar|100/100
|-damage|p1a: Zapdos|88/100|[from] Stealth Rock
|switch|p2a: Swampert|Swampert, F|50/100
|-activate|p2a: Swampert|move: Sticky Web
|-unboost|p2a: Swampert|spe|1
|
|-heal|p1a: Zapdos|94/100|[from] item: Leftovers
|-heal|p2a: Swampert|56/100|[from] item: Leftovers
|upkeep
|turn|13
|
|t:|1610647838
|switch|p2a: Buzzwole|Buzzwole, shiny|89/100
|-activate|p2a: Buzzwole|move: Sticky Web
|-unboost|p2a: Buzzwole|spe|1
|move|p1a: Zapdos|Thunderous Kick|p2a: Buzzwole
|-resisted|p2a: Buzzwole
|-damage|p2a: Buzzwole|77/100
|-unboost|p2a: Buzzwole|def|1
|-damage|p1a: Zapdos|78/100|[from] item: Rocky Helmet|[of] p2a: Buzzwole
|
|-heal|p1a: Zapdos|84/100|[from] item: Leftovers
|upkeep
|turn|14
|
|t:|1610647846
|move|p1a: Zapdos|Brave Bird|p2a: Buzzwole
|-supereffective|p2a: Buzzwole
|-damage|p2a: Buzzwole|0 fnt
|-damage|p1a: Zapdos|67/100|[from] item: Rocky Helmet|[of] p2a: Buzzwole
|-damage|p1a: Zapdos|35/100|[from] Recoil
|faint|p2a: Buzzwole
|
|-heal|p1a: Zapdos|41/100|[from] item: Leftovers
|upkeep
|
|t:|1610647853
|switch|p2a: Zapdos|Zapdos-Galar|100/100
|turn|15
|
|t:|1610647857
|switch|p1a: Aggron|Aggron, M|94/100
|-damage|p1a: Aggron|88/100|[from] Stealth Rock
|move|p2a: Zapdos|Close Combat|p1a: Aggron
|-supereffective|p1a: Aggron
|-damage|p1a: Aggron|0 fnt
|-unboost|p2a: Zapdos|def|1
|-unboost|p2a: Zapdos|spd|1
|faint|p1a: Aggron
|
|upkeep
|
|t:|1610647861
|switch|p1a: Regieleki|Regieleki|88/100
|-damage|p1a: Regieleki|76/100|[from] Stealth Rock
|turn|16
|
|t:|1610647864
|switch|p1a: Zapdos|Zapdos-Galar|41/100
|-damage|p1a: Zapdos|29/100|[from] Stealth Rock
|switch|p2a: Swampert|Swampert, F|56/100
|-activate|p2a: Swampert|move: Sticky Web
|-unboost|p2a: Swampert|spe|1
|
|-heal|p1a: Zapdos|35/100|[from] item: Leftovers
|-heal|p2a: Swampert|63/100|[from] item: Leftovers
|upkeep
|turn|17
|
|t:|1610647871
|switch|p2a: Magearna|Magearna|100/100
|-activate|p2a: Magearna|move: Sticky Web
|-unboost|p2a: Magearna|spe|1
|move|p1a: Zapdos|Thunderous Kick|p2a: Magearna
|-damage|p2a: Magearna|58/100
|-unboost|p2a: Magearna|def|1
|
|-heal|p1a: Zapdos|41/100|[from] item: Leftovers
|upkeep
|turn|18
|
|t:|1610647877
|move|p1a: Zapdos|Thunderous Kick|p2a: Magearna
|-damage|p2a: Magearna|0 fnt
|faint|p2a: Magearna
|
|-heal|p1a: Zapdos|48/100|[from] item: Leftovers
|upkeep
|
|t:|1610647880
|switch|p2a: Zapdos|Zapdos-Galar|100/100
|turn|19
|j| HISTORICAL LOW
|
|t:|1610647886
|switch|p1a: Obstagoon|Obstagoon, M|100/100
|-damage|p1a: Obstagoon|88/100|[from] Stealth Rock
|move|p2a: Zapdos|Brave Bird|p1a: Obstagoon
|-damage|p1a: Obstagoon|28/100
|-damage|p2a: Zapdos|80/100|[from] Recoil
|
|-status|p1a: Obstagoon|brn|[from] item: Flame Orb
|upkeep
|turn|20
|
|t:|1610647890
|move|p2a: Zapdos|Brave Bird|p1a: Obstagoon
|-damage|p1a: Obstagoon|0 fnt
|-damage|p2a: Zapdos|71/100|[from] Recoil
|faint|p1a: Obstagoon
|
|upkeep
|
|t:|1610647891
|switch|p1a: Regieleki|Regieleki|76/100
|-damage|p1a: Regieleki|64/100|[from] Stealth Rock
|turn|21
|
|t:|1610647898
|move|p1a: Regieleki|Volt Switch|p2a: Zapdos
|-supereffective|p2a: Zapdos
|-damage|p2a: Zapdos|0 fnt
|faint|p2a: Zapdos
|
|t:|1610647900
|switch|p1a: Zapdos|Zapdos-Galar|48/100|[from]move: Volt Switch
|-damage|p1a: Zapdos|35/100|[from] Stealth Rock
|
|-heal|p1a: Zapdos|41/100|[from] item: Leftovers
|upkeep
|
|t:|1610647903
|switch|p2a: Swampert|Swampert, F|63/100
|-activate|p2a: Swampert|move: Sticky Web
|-unboost|p2a: Swampert|spe|1
|turn|22
|
|t:|1610647906
|move|p1a: Zapdos|Thunderous Kick|p2a: Swampert
|-damage|p2a: Swampert|18/100
|-unboost|p2a: Swampert|def|1
|move|p2a: Swampert|Flip Turn|p1a: Zapdos
|-damage|p1a: Zapdos|14/100
|
|-heal|p1a: Zapdos|20/100|[from] item: Leftovers
|-heal|p2a: Swampert|24/100|[from] item: Leftovers
|upkeep
|turn|23
|
|t:|1610647911
|move|p1a: Zapdos|Thunderous Kick|p2a: Swampert
|-damage|p2a: Swampert|0 fnt
|faint|p2a: Swampert
|
|win|LolzMachine
|l|☆MathIMo
||Ladder (probably) updated, but score could not be retrieved (Request timeout).
