|j|☆Lord Mvee
|j|☆smollest brian
|t:|1656505945
|gametype|singles
|player|p1|Lord Mvee|schoolkid-gen4dp|1778
|player|p2|smollest brian|sonia|1777
|teamsize|p1|6
|teamsize|p2|6
|gen|8
|tier|[Gen 8] OU
|rated|
|rule|Sleep Clause Mod: Limit one foe put to sleep
|rule|Species Clause: Limit one of each Pokémon
|rule|OHKO Clause: OHKO moves are banned
|rule|Evasion Moves Clause: Evasion moves are banned
|rule|Endless Battle Clause: Forcing endless battles is banned
|rule|HP Percentage Mod: HP is shown in percentages
|rule|Dynamax Clause: You cannot dynamax
|clearpoke
|poke|p1|Pelipper, M|
|poke|p1|Blastoise, F|
|poke|p1|Barraskewda, M|
|poke|p1|Zapdos|
|poke|p1|Seismitoad, M|
|poke|p1|Ferrothorn, F|
|poke|p2|Frosmoth, M|
|poke|p2|Volcanion|
|poke|p2|Corviknight, F|
|poke|p2|Garchomp, F|
|poke|p2|Tapu Lele|
|poke|p2|Hawlucha, M|
|teampreview
|inactive|Battle timer is ON: inactive players will automatically lose when time's up. (requested by Lord Mvee)
|c|☆Lord Mvee|hf
|c|☆smollest brian|u2
|
|t:|1656505963
|start
|switch|p1a: Seismitoad|Seismitoad, M|100/100
|switch|p2a: Frosmoth|Frosmoth, M|100/100
|turn|1
|
|t:|1656505969
|switch|p1a: Ferrothorn|Ferrothorn, F|100/100
|move|p2a: Frosmoth|Giga Drain|p1a: Ferrothorn
|-resisted|p1a: Ferrothorn
|-damage|p1a: Ferrothorn|95/100
|
|-heal|p1a: Ferrothorn|100/100|[from] item: Leftovers
|upkeep
|turn|2
|
|t:|1656505976
|switch|p2a: Volcanion|Volcanion|100/100
|move|p1a: Ferrothorn|Leech Seed|p2a: Volcanion
|-start|p2a: Volcanion|move: Leech Seed
|
|-damage|p2a: Volcanion|88/100|[from] Leech Seed|[of] p1a: Ferrothorn
|upkeep
|turn|3
|
|t:|1656505982
|switch|p2a: Garchomp|Garchomp, F|100/100
|switch|p1a: Pelipper|Pelipper, M|100/100
|-weather|RainDance|[from] ability: Drizzle|[of] p1a: Pelipper
|
|-weather|RainDance|[upkeep]
|upkeep
|turn|4
|
|t:|1656505985
|move|p2a: Garchomp|Stealth Rock|p1a: Pelipper
|-sidestart|p1: Lord Mvee|move: Stealth Rock
|move|p1a: Pelipper|U-turn|p2a: Garchomp
|-damage|p2a: Garchomp|93/100
|-damage|p1a: Pelipper|88/100|[from] ability: Rough Skin|[of] p2a: Garchomp
|-damage|p1a: Pelipper|72/100|[from] item: Rocky Helmet|[of] p2a: Garchomp
|
|t:|1656505996
|switch|p1a: Blastoise|Blastoise, F|100/100|[from]move: U-turn
|-damage|p1a: Blastoise|88/100|[from] Stealth Rock
|
|-weather|RainDance|[upkeep]
|-heal|p1a: Blastoise|94/100|[from] ability: Rain Dish
|upkeep
|turn|5
|
|t:|1656506004
|move|p2a: Garchomp|Draco Meteor|p1a: Blastoise
|-damage|p1a: Blastoise|53/100
|-unboost|p2a: Garchomp|spa|2
|move|p1a: Blastoise|Shell Smash|p1a: Blastoise
|-unboost|p1a: Blastoise|def|1
|-unboost|p1a: Blastoise|spd|1
|-boost|p1a: Blastoise|atk|2
|-boost|p1a: Blastoise|spa|2
|-boost|p1a: Blastoise|spe|2
|
|-weather|RainDance|[upkeep]
|-heal|p1a: Blastoise|59/100|[from] ability: Rain Dish
|upkeep
|turn|6
|j| happy liu
|inactive|Lord Mvee has 120 seconds left.
|
|t:|1656506057
|switch|p2a: Volcanion|Volcanion|88/100
|move|p1a: Blastoise|Water Spout|p2a: Volcanion
|-heal|p2a: Volcanion|100/100|[from] ability: Water Absorb|[of] p1a: Blastoise
|
|-weather|RainDance|[upkeep]
|-heal|p1a: Blastoise|65/100|[from] ability: Rain Dish
|upkeep
|turn|7
|
|t:|1656506066
|switch|p2a: Frosmoth|Frosmoth, M|100/100
|move|p1a: Blastoise|Hyper Beam|p2a: Frosmoth|[miss]
|-miss|p1a: Blastoise|p2a: Frosmoth
|
|-weather|RainDance|[upkeep]
|-heal|p1a: Blastoise|71/100|[from] ability: Rain Dish
|upkeep
|turn|8
|c|☆smollest brian|darn
|
|t:|1656506075
|move|p1a: Blastoise|Water Spout|p2a: Frosmoth
|-damage|p2a: Frosmoth|40/100
|-damage|p1a: Blastoise|61/100|[from] item: Life Orb
|move|p2a: Frosmoth|Giga Drain|p1a: Blastoise
|-supereffective|p1a: Blastoise
|-damage|p1a: Blastoise|0 fnt
|-heal|p2a: Frosmoth|72/100|[from] drain|[of] p1a: Blastoise
|faint|p1a: Blastoise
|
|-weather|RainDance|[upkeep]
|upkeep
|
|t:|1656506091
|switch|p1a: Zapdos|Zapdos|100/100
|turn|9
|
|t:|1656506096
|move|p1a: Zapdos|Hurricane|p2a: Frosmoth
|-supereffective|p2a: Frosmoth
|-damage|p2a: Frosmoth|36/100
|move|p2a: Frosmoth|Ice Beam|p1a: Zapdos
|-supereffective|p1a: Zapdos
|-damage|p1a: Zapdos|0 fnt
|faint|p1a: Zapdos
|
|-weather|RainDance|[upkeep]
|upkeep
|j| Bug-T
|c|☆Lord Mvee|what the fuck
|c|☆smollest brian|:]
|c|☆Lord Mvee|av?
|c|☆smollest brian|the power of frosmoth
|c|☆smollest brian|yessir
|c| happy liu|haha
|inactive|Lord Mvee has 90 seconds left.
|
|t:|1656506129
|switch|p1a: Barraskewda|Barraskewda, M|100/100
|-damage|p1a: Barraskewda|88/100|[from] Stealth Rock
|turn|10
|inactive|Lord Mvee has 90 seconds left.
|
|t:|1656506137
|switch|p2a: Garchomp|Garchomp, F|93/100
|move|p1a: Barraskewda|Liquidation|p2a: Garchomp
|-damage|p2a: Garchomp|0 fnt
|-damage|p1a: Barraskewda|76/100|[from] ability: Rough Skin|[of] p2a: Garchomp
|-damage|p1a: Barraskewda|60/100|[from] item: Rocky Helmet|[of] p2a: Garchomp
|faint|p2a: Garchomp
|
|-weather|none
|upkeep
|
|t:|1656506147
|switch|p2a: Corviknight|Corviknight, F|100/100
|-ability|p2a: Corviknight|Pressure
|turn|11
|
|t:|1656506160
|switch|p1a: Pelipper|Pelipper, M|72/100
|-damage|p1a: Pelipper|47/100|[from] Stealth Rock
|-weather|RainDance|[from] ability: Drizzle|[of] p1a: Pelipper
|move|p2a: Corviknight|U-turn|p1a: Pelipper
|-resisted|p1a: Pelipper
|-damage|p1a: Pelipper|41/100
|
|t:|1656506163
|switch|p2a: Tapu Lele|Tapu Lele|100/100|[from]move: U-turn
|-fieldstart|move: Psychic Terrain|[from] ability: Psychic Surge|[of] p2a: Tapu Lele
|
|-weather|RainDance|[upkeep]
|upkeep
|turn|12
|inactive|Lord Mvee has 90 seconds left.
|
|t:|1656506189
|move|p2a: Tapu Lele|Psychic|p1a: Pelipper
|-crit|p1a: Pelipper
|-damage|p1a: Pelipper|0 fnt
|faint|p1a: Pelipper
|
|-weather|RainDance|[upkeep]
|upkeep
|
|t:|1656506197
|switch|p1a: Seismitoad|Seismitoad, M|100/100
|-damage|p1a: Seismitoad|95/100|[from] Stealth Rock
|turn|13
|inactive|Lord Mvee has 90 seconds left.
|
|t:|1656506211
|move|p1a: Seismitoad|Hydro Pump|p2a: Tapu Lele
|-damage|p2a: Tapu Lele|7/100
|-damage|p1a: Seismitoad|85/100|[from] item: Life Orb
|move|p2a: Tapu Lele|Psychic|p1a: Seismitoad
|-damage|p1a: Seismitoad|0 fnt
|faint|p1a: Seismitoad
|
|-weather|RainDance|[upkeep]
|upkeep
|inactive|Lord Mvee has 90 seconds left.
|
|t:|1656506216
|switch|p1a: Ferrothorn|Ferrothorn, F|100/100
|-damage|p1a: Ferrothorn|94/100|[from] Stealth Rock
|turn|14
|c| happy liu|volcanion is winner
|c|☆Lord Mvee|gg
|-message|Lord Mvee forfeited.
|
|win|smollest brian
|raw|Lord Mvee's rating: 1778 &rarr; <strong>1758</strong><br />(-20 for losing)
|raw|smollest brian's rating: 1777 &rarr; <strong>1797</strong><br />(+20 for winning)
|l|☆Lord Mvee
|c|☆smollest brian|gg
|c| happy liu|gg
|c| happy liu|hallo
|c|☆smollest brian|hi
|c| happy liu|so good
|c|☆smollest brian|!showset 1
|c| smollest brian|/raw <div class="infobox">Frosmoth @ Assault Vest  <br />Ability: Ice Scales  <br />EVs: 252 SpA &#x2f; 236 SpD &#x2f; 20 Spe  <br />Modest Nature  <br />IVs: 0 Atk  <br />- Mirror Coat  <br />- Ice Beam  <br />- Bug Buzz  <br />- Giga Drain  <br /><br /></div>
|c| happy liu|yes！
|c|☆smollest brian|frosmoth is jesus
|c| happy liu|frosmoth
|c| happy liu|is
|c| happy liu|champion
|c|☆smollest brian|if u want the full team, it is on aim's wall
|c| happy liu|why the frosmoth can
|c| happy liu|.seckill
|c| happy liu|the zepdos
|c| happy liu|kill the zepdos
|c| happy liu|one round
|l| happy liu
|l| Bug-T
|j| Sino pacific
|l| Sino pacific
