|j|☆pokemonplayer12905
|j|☆Pinkacross
|inactive|Battle timer is ON: inactive players will automatically lose when time's up.
|t:|1650156023
|gametype|singles
|player|p1|pokemonplayer12905|169|
|player|p2|Pinkacross|artist|
|teamsize|p1|6
|teamsize|p2|6
|gen|8
|tier|[Gen 8] OU
|rated|Tournament battle
|rule|Sleep Clause Mod: Limit one foe put to sleep
|rule|Species Clause: Limit one of each Pokémon
|rule|OHKO Clause: OHKO moves are banned
|rule|Evasion Moves Clause: Evasion moves are banned
|rule|Endless Battle Clause: Forcing endless battles is banned
|rule|HP Percentage Mod: HP is shown in percentages
|rule|Dynamax Clause: You cannot dynamax
|clearpoke
|poke|p1|Tornadus-Therian, M|
|poke|p1|Bisharp, F|
|poke|p1|Rillaboom, M|
|poke|p1|Victini|
|poke|p1|Swampert, M|
|poke|p1|Kartana|
|poke|p2|Pelipper, M|
|poke|p2|Tornadus-Therian, M|
|poke|p2|Barraskewda, M|
|poke|p2|Moltres-Galar|
|poke|p2|Ferrothorn, F|
|poke|p2|Seismitoad, M|
|teampreview
|c|☆Pinkacross|ayyy
|j| ppev
|c|☆Pinkacross|look at that
|c|☆Pinkacross|hf
|c|☆pokemonplayer12905|had to do it
|j| Prince Zenaku
|c|☆pokemonplayer12905|love your teams man
|c|☆Pinkacross|thanks :)
|
|t:|1650156048
|start
|switch|p1a: Bisharp|Bisharp, F|100/100
|switch|p2a: Ferrothorn|Ferrothorn, F|100/100
|turn|1
|
|t:|1650156055
|switch|p1a: Victini|Victini|100/100
|move|p2a: Ferrothorn|Body Press|p1a: Victini
|-resisted|p1a: Victini
|-damage|p1a: Victini|86/100
|
|upkeep
|turn|2
|
|t:|1650156060
|switch|p2a: Seismitoad|Seismitoad, M|100/100
|move|p1a: Victini|U-turn|p2a: Seismitoad
|-damage|p2a: Seismitoad|76/100
|
|t:|1650156065
|switch|p1a: Rillaboom|Rillaboom, M|100/100|[from]move: U-turn
|-fieldstart|move: Grassy Terrain|[from] ability: Grassy Surge|[of] p1a: Rillaboom
|
|-heal|p2a: Seismitoad|82/100|[from] Grassy Terrain
|upkeep
|turn|3
|
|t:|1650156075
|switch|p2a: Pelipper|Pelipper, M|100/100
|-weather|RainDance|[from] ability: Drizzle|[of] p2a: Pelipper
|move|p1a: Rillaboom|Superpower|p2a: Pelipper
|-resisted|p2a: Pelipper
|-damage|p2a: Pelipper|63/100
|-unboost|p1a: Rillaboom|atk|1
|-unboost|p1a: Rillaboom|def|1
|
|-weather|RainDance|[upkeep]
|upkeep
|turn|4
|
|t:|1650156086
|switch|p1a: Swampert|Swampert, M|100/100
|move|p2a: Pelipper|U-turn|p1a: Swampert
|-damage|p1a: Swampert|92/100
|
|t:|1650156096
|switch|p2a: Barraskewda|Barraskewda, M|100/100|[from]move: U-turn
|
|-weather|RainDance|[upkeep]
|-heal|p1a: Swampert|98/100|[from] Grassy Terrain
|-heal|p1a: Swampert|100/100|[from] item: Leftovers
|upkeep
|turn|5
|
|t:|1650156106
|move|p2a: Barraskewda|Liquidation|p1a: Swampert
|-damage|p1a: Swampert|0 fnt
|faint|p1a: Swampert
|
|-weather|RainDance|[upkeep]
|upkeep
|j| zReptar
|
|t:|1650156111
|switch|p1a: Rillaboom|Rillaboom, M|100/100
|turn|6
|inactive|Pinkacross has 120 seconds left.
|
|t:|1650156145
|switch|p2a: Tornadus|Tornadus-Therian, M|100/100
|move|p1a: Rillaboom|Grassy Glide|p2a: Tornadus
|-resisted|p2a: Tornadus
|-damage|p2a: Tornadus|45/100
|
|-weather|RainDance|[upkeep]
|-fieldend|move: Grassy Terrain
|upkeep
|turn|7
|
|t:|1650156152
|move|p2a: Tornadus|Weather Ball|p1a: Rillaboom
|-resisted|p1a: Rillaboom
|-damage|p1a: Rillaboom|54/100
|move|p1a: Rillaboom|Grassy Glide|p2a: Tornadus
|-resisted|p2a: Tornadus
|-damage|p2a: Tornadus|0 fnt
|faint|p2a: Tornadus
|
|-weather|RainDance|[upkeep]
|upkeep
|c|☆Pinkacross|ur fuckin NUTS my man
|inactive|Pinkacross has 120 seconds left.
|c|☆pokemonplayer12905|:o
|c|☆Pinkacross|crazy play
|
|t:|1650156185
|switch|p2a: Barraskewda|Barraskewda, M|100/100
|turn|8
|
|t:|1650156191
|switch|p1a: Victini|Victini|86/100
|move|p2a: Barraskewda|Liquidation|p1a: Victini
|-supereffective|p1a: Victini
|-damage|p1a: Victini|0 fnt
|faint|p1a: Victini
|
|-weather|RainDance|[upkeep]
|upkeep
|
|t:|1650156193
|switch|p1a: Rillaboom|Rillaboom, M|54/100
|-fieldstart|move: Grassy Terrain|[from] ability: Grassy Surge|[of] p1a: Rillaboom
|turn|9
|inactive|Pinkacross has 120 seconds left.
|
|t:|1650156215
|switch|p2a: Ferrothorn|Ferrothorn, F|100/100
|move|p1a: Rillaboom|Superpower|p2a: Ferrothorn
|-supereffective|p2a: Ferrothorn
|-damage|p2a: Ferrothorn|27/100
|-unboost|p1a: Rillaboom|atk|1
|-unboost|p1a: Rillaboom|def|1
|-damage|p1a: Rillaboom|42/100|[from] ability: Iron Barbs|[of] p2a: Ferrothorn
|-damage|p1a: Rillaboom|25/100|[from] item: Rocky Helmet|[of] p2a: Ferrothorn
|
|-weather|RainDance|[upkeep]
|-heal|p1a: Rillaboom|31/100|[from] Grassy Terrain
|-heal|p2a: Ferrothorn|33/100|[from] Grassy Terrain
|upkeep
|turn|10
|
|t:|1650156235
|switch|p1a: Tornadus|Tornadus-Therian, M|100/100
|switch|p2a: Pelipper|Pelipper, M|63/100
|
|-weather|none
|upkeep
|turn|11
|
|t:|1650156244
|move|p1a: Tornadus|Heat Wave|p2a: Pelipper
|-resisted|p2a: Pelipper
|-damage|p2a: Pelipper|51/100
|move|p2a: Pelipper|U-turn|p1a: Tornadus
|-resisted|p1a: Tornadus
|-damage|p1a: Tornadus|96/100
|j| vtmagno
|inactive|Pinkacross has 90 seconds left.
|
|t:|1650156292
|switch|p2a: Seismitoad|Seismitoad, M|82/100|[from]move: U-turn
|
|-heal|p2a: Seismitoad|88/100|[from] Grassy Terrain
|upkeep
|turn|12
|
|t:|1650156302
|move|p1a: Tornadus|Icy Wind|p2a: Seismitoad
|-damage|p2a: Seismitoad|70/100
|-unboost|p2a: Seismitoad|spe|1
|move|p2a: Seismitoad|Surf|p1a: Tornadus
|-damage|p1a: Tornadus|40/100
|
|-heal|p2a: Seismitoad|76/100|[from] Grassy Terrain
|upkeep
|turn|13
|
|t:|1650156314
|move|p1a: Tornadus|Heat Wave|p2a: Seismitoad
|-resisted|p2a: Seismitoad
|-damage|p2a: Seismitoad|61/100
|move|p2a: Seismitoad|Surf|p1a: Tornadus
|-damage|p1a: Tornadus|0 fnt
|faint|p1a: Tornadus
|
|-heal|p2a: Seismitoad|67/100|[from] Grassy Terrain
|-fieldend|move: Grassy Terrain
|upkeep
|j| overlord bliss
|
|t:|1650156322
|switch|p1a: Kartana|Kartana|100/100
|turn|14
|inactive|Pinkacross has 90 seconds left.
|
|t:|1650156344
|switch|p2a: Moltres|Moltres-Galar|100/100
|move|p1a: Kartana|Knock Off|p2a: Moltres
|-resisted|p2a: Moltres
|-damage|p2a: Moltres|77/100
|-enditem|p2a: Moltres|Heavy-Duty Boots|[from] move: Knock Off|[of] p1a: Kartana
|
|upkeep
|turn|15
|inactive|Pinkacross has 90 seconds left.
|
|t:|1650156353
|switch|p1a: Bisharp|Bisharp, F|100/100
|move|p2a: Moltres|Nasty Plot|p2a: Moltres
|-boost|p2a: Moltres|spa|2
|
|upkeep
|turn|16
|
|t:|1650156356
|move|p2a: Moltres|Fiery Wrath|p1a: Bisharp
|-resisted|p1a: Bisharp
|-damage|p1a: Bisharp|34/100
|cant|p1a: Bisharp|flinch
|
|upkeep
|turn|17
|c|☆Pinkacross|srry
|c|☆pokemonplayer12905|FACK
|c|☆pokemonplayer12905|all g
|
|t:|1650156368
|move|p1a: Bisharp|Sucker Punch|p2a: Moltres
|-resisted|p2a: Moltres
|-damage|p2a: Moltres|45/100
|-ability|p2a: Moltres|Berserk|boost
|-boost|p2a: Moltres|spa|1
|move|p2a: Moltres|Fiery Wrath|p1a: Bisharp
|-resisted|p1a: Bisharp
|-damage|p1a: Bisharp|0 fnt
|faint|p1a: Bisharp
|
|upkeep
|c|☆Pinkacross|did it kill?
|c|☆pokemonplayer12905|bruh idfk
|c|☆pokemonplayer12905|definetly doesnt now lmao
|
|t:|1650156381
|switch|p1a: Kartana|Kartana|100/100
|turn|18
|inactive|Pinkacross has 120 seconds left.
|inactive|Pinkacross has 90 seconds left.
|
|t:|1650156424
|move|p1a: Kartana|Sacred Sword|p2a: Moltres
|-damage|p2a: Moltres|0 fnt
|faint|p2a: Moltres
|-ability|p1a: Kartana|Beast Boost|boost
|-boost|p1a: Kartana|atk|1
|
|upkeep
|
|t:|1650156428
|switch|p2a: Pelipper|Pelipper, M|51/100
|-weather|RainDance|[from] ability: Drizzle|[of] p2a: Pelipper
|turn|19
|c|☆pokemonplayer12905|for all you watching heres a great exaple on how to NOT play this grass spam team
|
|t:|1650156445
|move|p1a: Kartana|Sacred Sword|p2a: Pelipper
|-resisted|p2a: Pelipper
|-damage|p2a: Pelipper|18/100
|move|p2a: Pelipper|U-turn|p1a: Kartana
|-damage|p1a: Kartana|91/100
|c|☆Pinkacross|hey man u did aight
|inactive|Pinkacross has 90 seconds left.
|c|☆Pinkacross|it was scary for sure
|c| zReptar|lmao
|j| graceland2
|
|t:|1650156460
|switch|p2a: Barraskewda|Barraskewda, M|100/100|[from]move: U-turn
|
|-weather|RainDance|[upkeep]
|upkeep
|turn|20
|
|t:|1650156465
|move|p2a: Barraskewda|Close Combat|p1a: Kartana
|-supereffective|p1a: Kartana
|-damage|p1a: Kartana|0 fnt
|-unboost|p2a: Barraskewda|def|1
|-unboost|p2a: Barraskewda|spd|1
|faint|p1a: Kartana
|
|-weather|RainDance|[upkeep]
|upkeep
|c| zReptar|u looked scary
|
|t:|1650156467
|switch|p1a: Rillaboom|Rillaboom, M|31/100
|-fieldstart|move: Grassy Terrain|[from] ability: Grassy Surge|[of] p1a: Rillaboom
|turn|21
|c|☆pokemonplayer12905|just magically ohko ferro
|inactive|Pinkacross has 90 seconds left.
|c|☆pokemonplayer12905|without dmg
|c|☆pokemonplayer12905|from recoil ez
|
|t:|1650156493
|switch|p2a: Ferrothorn|Ferrothorn, F|33/100
|move|p1a: Rillaboom|Grassy Glide|p2a: Ferrothorn
|-resisted|p2a: Ferrothorn
|-damage|p2a: Ferrothorn|23/100
|-damage|p1a: Rillaboom|19/100|[from] ability: Iron Barbs|[of] p2a: Ferrothorn
|-damage|p1a: Rillaboom|3/100|[from] item: Rocky Helmet|[of] p2a: Ferrothorn
|
|-weather|RainDance|[upkeep]
|-heal|p1a: Rillaboom|9/100|[from] Grassy Terrain
|-heal|p2a: Ferrothorn|29/100|[from] Grassy Terrain
|upkeep
|turn|22
|c| zReptar|god mode go
|c|☆Pinkacross|gg
|c|☆pokemonplayer12905|lmaoooo
|c| zReptar|aww
|c|☆pokemonplayer12905|gg
|
|t:|1650156504
|move|p1a: Rillaboom|Grassy Glide|p2a: Ferrothorn
|-resisted|p2a: Ferrothorn
|-damage|p2a: Ferrothorn|17/100
|-damage|p1a: Rillaboom|0 fnt|[from] ability: Iron Barbs|[of] p2a: Ferrothorn
|faint|p1a: Rillaboom
|
|win|Pinkacross
|n|☆pokemonplayer12905|pokemonplayer12905
|n|☆Pinkacross|pinkacross
|n| ppev|ppev
|n| Prince Zenaku|princezenaku
|n| zReptar|zreptar
|n| vtmagno|vtmagno
|n| overlord bliss|overlordbliss
|n| graceland2|graceland2
|l|☆pokemonplayer12905
|l| graceland2
|l| Prince Zenaku
|l| zReptar
|l| overlord bliss
|l| vtmagno
|l| ppev
