|j|☆d18l
|j|☆Gochanちゃん
|t:|1665194140
|gametype|singles
|player|p1|d18l|backpacker|1794
|player|p2|Gochanちゃん|marnie-masters|1670
|teamsize|p1|6
|teamsize|p2|6
|gen|8
|tier|[Gen 8] OU
|rated|
|rule|Sleep Clause Mod: Limit one foe put to sleep
|rule|Species Clause: Limit one of each Pokémon
|rule|OHKO Clause: OHKO moves are banned
|rule|Evasion Items Clause: Evasion items are banned
|rule|Evasion Moves Clause: Evasion moves are banned
|rule|Endless Battle Clause: Forcing endless battles is banned
|rule|HP Percentage Mod: HP is shown in percentages
|rule|Dynamax Clause: You cannot dynamax
|clearpoke
|poke|p1|Tapu Koko|
|poke|p1|Victini|
|poke|p1|Landorus-Therian, M|
|poke|p1|Tornadus-Therian, M|
|poke|p1|Rotom-Wash|
|poke|p1|Ferrothorn, F|
|poke|p2|Dragapult, F|
|poke|p2|Urshifu-*, M|
|poke|p2|Jirachi|
|poke|p2|Polteageist|
|poke|p2|Landorus-Therian, M|
|poke|p2|Scolipede, M|
|teampreview
|
|t:|1665194154
|start
|switch|p1a: Tornadus|Tornadus-Therian, M|100/100
|switch|p2a: Jirachi|Jirachi|100/100
|turn|1
|
|t:|1665194161
|switch|p1a: Landorus|Landorus-Therian, M|100/100
|-ability|p1a: Landorus|Intimidate|boost
|-unboost|p2a: Jirachi|atk|1
|move|p2a: Jirachi|Stealth Rock|p1a: Landorus
|-sidestart|p1: d18l|move: Stealth Rock
|
|upkeep
|turn|2
|j| chanollo
|
|t:|1665194164
|move|p2a: Jirachi|U-turn|p1a: Landorus
|-resisted|p1a: Landorus
|-damage|p1a: Landorus|96/100
|
|t:|1665194167
|switch|p2a: Urshifu|Urshifu-Rapid-Strike, M|100/100|[from]move: U-turn
|move|p1a: Landorus|Defog|p2a: Urshifu
|-unboost|p2a: Urshifu|evasion|1
|-sideend|p1: d18l|Stealth Rock|[from] move: Defog|[of] p1a: Landorus
|
|-heal|p1a: Landorus|100/100|[from] item: Leftovers
|upkeep
|turn|3
|
|t:|1665194173
|switch|p1a: Rotom|Rotom-Wash|100/100
|move|p2a: Urshifu|Bulk Up|p2a: Urshifu
|-boost|p2a: Urshifu|atk|1
|-boost|p2a: Urshifu|def|1
|
|upkeep
|turn|4
|
|t:|1665194204
|switch|p2a: Jirachi|Jirachi|100/100
|move|p1a: Rotom|Volt Switch|p2a: Jirachi
|-damage|p2a: Jirachi|79/100
|
|t:|1665194209
|switch|p1a: Landorus|Landorus-Therian, M|100/100|[from]move: Volt Switch
|-ability|p1a: Landorus|Intimidate|boost
|-unboost|p2a: Jirachi|atk|1
|
|-heal|p2a: Jirachi|85/100|[from] item: Leftovers
|upkeep
|turn|5
|
|t:|1665194213
|switch|p2a: Landorus|Landorus-Therian, M|100/100
|-ability|p2a: Landorus|Intimidate|boost
|-unboost|p1a: Landorus|atk|1
|move|p1a: Landorus|Earthquake|p2a: Landorus
|-immune|p2a: Landorus
|
|upkeep
|turn|6
|
|t:|1665194216
|move|p2a: Landorus|U-turn|p1a: Landorus
|-resisted|p1a: Landorus
|-damage|p1a: Landorus|89/100
|
|t:|1665194218
|switch|p2a: Dragapult|Dragapult, F|100/100|[from]move: U-turn
|move|p1a: Landorus|Toxic|p2a: Dragapult
|-status|p2a: Dragapult|tox
|
|-heal|p1a: Landorus|95/100|[from] item: Leftovers
|-damage|p2a: Dragapult|95/100 tox|[from] psn
|upkeep
|turn|7
|
|t:|1665194278
|move|p2a: Dragapult|Dragon Darts|p1a: Landorus
|-damage|p1a: Landorus|63/100
|-anim|p2a: Dragapult|Dragon Darts|p1a: Landorus
|-damage|p1a: Landorus|35/100
|-damage|p2a: Dragapult|85/100 tox|[from] item: Life Orb
|move|p1a: Landorus|Earthquake|p2a: Dragapult
|-damage|p2a: Dragapult|41/100 tox
|
|-heal|p1a: Landorus|41/100|[from] item: Leftovers
|-damage|p2a: Dragapult|29/100 tox|[from] psn
|upkeep
|turn|8
|
|t:|1665194291
|switch|p1a: Tapu Koko|Tapu Koko|100/100
|-fieldstart|move: Electric Terrain|[from] ability: Electric Surge|[of] p1a: Tapu Koko
|move|p2a: Dragapult|Fire Blast|p1a: Tapu Koko
|-damage|p1a: Tapu Koko|59/100
|-damage|p2a: Dragapult|19/100 tox|[from] item: Life Orb
|
|-damage|p2a: Dragapult|1/100 tox|[from] psn
|upkeep
|turn|9
|
|t:|1665194301
|move|p2a: Dragapult|Steel Wing|p1a: Tapu Koko|[miss]
|-miss|p2a: Dragapult|p1a: Tapu Koko
|move|p1a: Tapu Koko|Dazzling Gleam|p2a: Dragapult
|-supereffective|p2a: Dragapult
|-damage|p2a: Dragapult|0 fnt
|faint|p2a: Dragapult
|
|upkeep
|
|t:|1665194310
|switch|p2a: Jirachi|Jirachi|85/100
|turn|10
|
|t:|1665194313
|switch|p1a: Landorus|Landorus-Therian, M|41/100
|-ability|p1a: Landorus|Intimidate|boost
|-unboost|p2a: Jirachi|atk|1
|move|p2a: Jirachi|Stealth Rock|p1a: Landorus
|-sidestart|p1: d18l|move: Stealth Rock
|
|-heal|p2a: Jirachi|91/100|[from] item: Leftovers
|-heal|p1a: Landorus|47/100|[from] item: Leftovers
|upkeep
|turn|11
|
|t:|1665194315
|move|p2a: Jirachi|Iron Head|p1a: Landorus
|-damage|p1a: Landorus|31/100
|move|p1a: Landorus|Defog|p2a: Jirachi
|-unboost|p2a: Jirachi|evasion|1
|-sideend|p1: d18l|Stealth Rock|[from] move: Defog|[of] p1a: Landorus
|-fieldend|move: Electric Terrain
|
|-heal|p2a: Jirachi|98/100|[from] item: Leftovers
|-heal|p1a: Landorus|37/100|[from] item: Leftovers
|upkeep
|turn|12
|
|t:|1665194319
|move|p2a: Jirachi|Iron Head|p1a: Landorus
|-damage|p1a: Landorus|19/100
|move|p1a: Landorus|Earthquake|p2a: Jirachi
|-supereffective|p2a: Jirachi
|-damage|p2a: Jirachi|11/100
|
|-heal|p2a: Jirachi|17/100|[from] item: Leftovers
|-heal|p1a: Landorus|25/100|[from] item: Leftovers
|upkeep
|turn|13
|
|t:|1665194324
|move|p2a: Jirachi|Stealth Rock|p1a: Landorus
|-sidestart|p1: d18l|move: Stealth Rock
|move|p1a: Landorus|Earthquake|p2a: Jirachi
|-supereffective|p2a: Jirachi
|-damage|p2a: Jirachi|0 fnt
|faint|p2a: Jirachi
|
|-heal|p1a: Landorus|31/100|[from] item: Leftovers
|upkeep
|
|t:|1665194328
|switch|p2a: Urshifu|Urshifu-Rapid-Strike, M|100/100
|turn|14
|
|t:|1665194332
|switch|p1a: Rotom|Rotom-Wash|100/100
|-damage|p1a: Rotom|88/100|[from] Stealth Rock
|move|p2a: Urshifu|Surging Strikes|p1a: Rotom
|-resisted|p1a: Rotom
|-crit|p1a: Rotom
|-damage|p1a: Rotom|79/100
|-resisted|p1a: Rotom
|-crit|p1a: Rotom
|-damage|p1a: Rotom|70/100
|-resisted|p1a: Rotom
|-crit|p1a: Rotom
|-damage|p1a: Rotom|61/100
|-hitcount|p1a: Rotom|3
|
|-heal|p1a: Rotom|67/100|[from] item: Leftovers
|upkeep
|turn|15
|
|t:|1665194338
|switch|p2a: Landorus|Landorus-Therian, M|100/100
|-ability|p2a: Landorus|Intimidate|boost
|-unboost|p1a: Rotom|atk|1
|move|p1a: Rotom|Volt Switch|p2a: Landorus
|-immune|p2a: Landorus
|
|-heal|p1a: Rotom|73/100|[from] item: Leftovers
|upkeep
|turn|16
|
|t:|1665194346
|move|p2a: Landorus|U-turn|p1a: Rotom
|-damage|p1a: Rotom|49/100
|
|t:|1665194349
|switch|p2a: Urshifu|Urshifu-Rapid-Strike, M|100/100|[from]move: U-turn
|move|p1a: Rotom|Hydro Pump|p2a: Urshifu
|-resisted|p2a: Urshifu
|-damage|p2a: Urshifu|69/100
|
|-heal|p1a: Rotom|55/100|[from] item: Leftovers
|upkeep
|turn|17
|
|t:|1665194360
|move|p2a: Urshifu|Close Combat|p1a: Rotom
|-damage|p1a: Rotom|0 fnt
|-unboost|p2a: Urshifu|def|1
|-unboost|p2a: Urshifu|spd|1
|faint|p1a: Rotom
|
|upkeep
|
|t:|1665194368
|switch|p1a: Tapu Koko|Tapu Koko|59/100
|-damage|p1a: Tapu Koko|46/100|[from] Stealth Rock
|-fieldstart|move: Electric Terrain|[from] ability: Electric Surge|[of] p1a: Tapu Koko
|turn|18
|
|t:|1665194372
|switch|p2a: Landorus|Landorus-Therian, M|100/100
|-ability|p2a: Landorus|Intimidate|boost
|-unboost|p1a: Tapu Koko|atk|1
|move|p1a: Tapu Koko|Dazzling Gleam|p2a: Landorus
|-damage|p2a: Landorus|33/100
|
|upkeep
|turn|19
|
|t:|1665194382
|switch|p1a: Landorus|Landorus-Therian, M|31/100
|-damage|p1a: Landorus|18/100|[from] Stealth Rock
|-ability|p1a: Landorus|Intimidate|boost
|-unboost|p2a: Landorus|atk|1
|move|p2a: Landorus|U-turn|p1a: Landorus
|-resisted|p1a: Landorus
|-damage|p1a: Landorus|11/100
|
|t:|1665194388
|switch|p2a: Urshifu|Urshifu-Rapid-Strike, M|69/100|[from]move: U-turn
|
|-heal|p1a: Landorus|17/100|[from] item: Leftovers
|upkeep
|turn|20
|
|t:|1665194401
|move|p2a: Urshifu|Surging Strikes|p1a: Landorus
|-supereffective|p1a: Landorus
|-crit|p1a: Landorus
|-damage|p1a: Landorus|0 fnt
|faint|p1a: Landorus
|-hitcount|p1: Landorus|1
|
|upkeep
|
|t:|1665194408
|switch|p1a: Tornadus|Tornadus-Therian, M|100/100
|-damage|p1a: Tornadus|76/100|[from] Stealth Rock
|turn|21
|
|t:|1665194412
|move|p1a: Tornadus|Hurricane|p2a: Urshifu|[miss]
|-miss|p1a: Tornadus|p2a: Urshifu
|move|p2a: Urshifu|Thunder Punch|p1a: Tornadus
|-supereffective|p1a: Tornadus
|-damage|p1a: Tornadus|7/100
|
|upkeep
|turn|22
|-message|d18l forfeited.
|
|win|Gochanちゃん
|raw|d18l's rating: 1794 &rarr; <strong>1767</strong><br />(-27 for losing)
|raw|Gochanちゃん's rating: 1670 &rarr; <strong>1697</strong><br />(+27 for winning)
