|j|☆Bob Dagang Baso
|j|☆TESLA ROADSTER
|inactive|Battle timer is ON: inactive players will automatically lose when time's up.
|t:|1615805450
|player|p1|Bob Dagang Baso|acetrainer-gen1|
|player|p2|TESLA ROADSTER|101|
|teamsize|p1|6
|teamsize|p2|6
|gametype|singles
|gen|8
|tier|[Gen 8] OU
|rated|Tournament battle
|clearpoke
|poke|p1|Arctozolt|
|poke|p1|Ninetales-Alola, M|
|poke|p1|Dragonite, F|
|poke|p1|Kartana|
|poke|p1|Swampert, M|
|poke|p1|Moltres|
|poke|p2|Hippowdon, F|
|poke|p2|Clefable, F|
|poke|p2|Dracozolt|
|poke|p2|Slowking, F|
|poke|p2|Kartana|
|poke|p2|Tornadus-Therian, M|
|rule|Sleep Clause Mod: Limit one foe put to sleep
|rule|Species Clause: Limit one of each Pokémon
|rule|OHKO Clause: OHKO moves are banned
|rule|Evasion Moves Clause: Evasion moves are banned
|rule|Endless Battle Clause: Forcing endless battles is banned
|rule|HP Percentage Mod: HP is shown in percentages
|rule|Dynamax Clause: You cannot dynamax
|teampreview
|j| 6ix9ine-Billy♫
|c| 6ix9ine-Billy♫|RA RA ARA
|j| jmoore15
|c| jmoore15|ra
|j| Jxelhj
|c| jmoore15|ra
|c| jmoore15|ra
|c| jmoore15|ra
|c| jmoore15|ra
|c| 6ix9ine-Billy♫|RA RA RA
|c| jmoore15|ra
|c| jmoore15|ra
|c| jmoore15|ra
|inactive|TESLA ROADSTER has 120 seconds left.
|c| jmoore15|ra
|c| jmoore15|ra
|c| jmoore15|ra
|c| jmoore15|ra
|c| jmoore15|rr
|c| jmoore15|ra
|c| jmoore15|ra
|
|t:|1615805486
|start
|switch|p1a: TOXIC|Swampert, M|100/100
|switch|p2a: SANDMAN|Hippowdon, F|100/100
|-weather|Sandstorm|[from] ability: Sand Stream|[of] p2a: SANDMAN
|turn|1
|c| jmoore15|ra
|c| jmoore15|ra
|c| Jxelhj|RA RA RA
|c| jmoore15|ra
|c| Jxelhj|RA RA RA
|c| 6ix9ine-Billy♫|SOMEBODY CALL THE FUCKINGG DOCTOOOOOOR
|c| jmoore15|ra
|c| jmoore15|ra
|c| jmoore15|r
|c| jmoore15|a
|c| jmoore15|ra
|c| Jxelhj|RA RA RA RA RA RA
|c| jmoore15|ra
|c| jmoore15|ra
|c| jmoore15|ra
|c| jmoore15|ra
|c| jmoore15|ra
|c| jmoore15|ra
|c| jmoore15|ar
|c| jmoore15|ra
|
|t:|1615805500
|switch|p2a: CARNAGE|Kartana|100/100
|move|p1a: TOXIC|Flip Turn|p2a: CARNAGE
|-resisted|p2a: CARNAGE
|-damage|p2a: CARNAGE|87/100
|c| jmoore15|ra
|c| jmoore15|ra
|c| jmoore15|ra
|c| jmoore15|ra
|c| jmoore15|ra
|c| 6ix9ine-Billy♫|RA RA RA
|
|t:|1615805509
|switch|p1a: HURRICANE|Moltres|100/100|[from]move: Flip Turn
|
|-weather|Sandstorm|[upkeep]
|-damage|p1a: HURRICANE|94/100|[from] Sandstorm
|upkeep
|turn|2
|c| jmoore15|ra
|c| jmoore15|ra
|c| jmoore15|ra
|c| jmoore15|ra
|c| jmoore15|ra
|raw|<div class="broadcast-red"><strong>Moderated chat was set to +!</strong><br />Only users of rank + and higher can talk.</div>
|c|☆TESLA ROADSTER|randoms
|inactive|TESLA ROADSTER has 120 seconds left.
|
|t:|1615805565
|switch|p2a: VULTURE|Tornadus-Therian, M|100/100
|move|p1a: HURRICANE|Flamethrower|p2a: VULTURE
|-damage|p2a: VULTURE|62/100
|
|-weather|Sandstorm|[upkeep]
|-damage|p2a: VULTURE|56/100|[from] Sandstorm
|-damage|p1a: HURRICANE|88/100|[from] Sandstorm
|upkeep
|turn|3
|
|t:|1615805576
|switch|p1a: TOXIC|Swampert, M|100/100
|move|p2a: VULTURE|U-turn|p1a: TOXIC
|-damage|p1a: TOXIC|87/100
|
|t:|1615805581
|switch|p2a: CARNAGE|Kartana|87/100|[from]move: U-turn
|
|-weather|Sandstorm|[upkeep]
|upkeep
|turn|4
|
|t:|1615805584
|switch|p1a: HURRICANE|Moltres|88/100
|move|p2a: CARNAGE|Knock Off|p1a: HURRICANE
|-damage|p1a: HURRICANE|45/100
|-enditem|p1a: HURRICANE|Heavy-Duty Boots|[from] move: Knock Off|[of] p2a: CARNAGE
|
|-weather|Sandstorm|[upkeep]
|-damage|p1a: HURRICANE|39/100|[from] Sandstorm
|upkeep
|turn|5
|
|t:|1615805600
|switch|p2a: ELECTRO|Dracozolt|100/100
|move|p1a: HURRICANE|Roost|p1a: HURRICANE
|-heal|p1a: HURRICANE|89/100
|-singleturn|p1a: HURRICANE|move: Roost
|
|-weather|none
|upkeep
|turn|6
|
|t:|1615805617
|switch|p2a: CARNAGE|Kartana|87/100
|switch|p1a: TOXIC|Swampert, M|87/100
|
|upkeep
|turn|7
|
|t:|1615805621
|switch|p2a: SANDMAN|Hippowdon, F|100/100
|-weather|Sandstorm|[from] ability: Sand Stream|[of] p2a: SANDMAN
|move|p1a: TOXIC|Flip Turn|p2a: SANDMAN
|-supereffective|p2a: SANDMAN
|-damage|p2a: SANDMAN|70/100
|-damage|p1a: TOXIC|70/100|[from] item: Rocky Helmet|[of] p2a: SANDMAN
|
|t:|1615805624
|switch|p1a: AURORA VEIL|Ninetales-Alola, M|100/100|[from]move: Flip Turn
|-weather|Hail|[from] ability: Snow Warning|[of] p1a: AURORA VEIL
|
|-weather|Hail|[upkeep]
|-damage|p2a: SANDMAN|64/100|[from] Hail
|upkeep
|turn|8
|inactive|TESLA ROADSTER has 120 seconds left.
|
|t:|1615805640
|switch|p2a: VULTURE|Tornadus-Therian, M|89/100
|move|p1a: AURORA VEIL|Freeze-Dry|p2a: VULTURE
|-supereffective|p2a: VULTURE
|-damage|p2a: VULTURE|7/100
|
|-weather|Hail|[upkeep]
|-damage|p2a: VULTURE|1/100|[from] Hail
|upkeep
|turn|9
|
|t:|1615805666
|move|p2a: VULTURE|U-turn|p1a: AURORA VEIL
|-resisted|p1a: AURORA VEIL
|-damage|p1a: AURORA VEIL|90/100
|
|t:|1615805675
|switch|p2a: KINGPIN|Slowking, F|100/100|[from]move: U-turn
|move|p1a: AURORA VEIL|Freeze-Dry|p2a: KINGPIN
|-supereffective|p2a: KINGPIN
|-damage|p2a: KINGPIN|55/100
|
|-weather|Hail|[upkeep]
|-damage|p2a: KINGPIN|49/100|[from] Hail
|upkeep
|turn|10
|
|t:|1615805688
|switch|p1a: TOXIC|Swampert, M|70/100
|switch|p2a: MYSTERIO|Clefable, F|100/100
|
|-weather|Hail|[upkeep]
|-damage|p1a: TOXIC|64/100|[from] Hail
|upkeep
|turn|11
|inactive|TESLA ROADSTER has 90 seconds left.
|
|t:|1615805714
|move|p2a: MYSTERIO|Knock Off|p1a: TOXIC
|-damage|p1a: TOXIC|51/100
|-enditem|p1a: TOXIC|White Herb|[from] move: Knock Off|[of] p2a: MYSTERIO
|move|p1a: TOXIC|Flip Turn|p2a: MYSTERIO
|-damage|p2a: MYSTERIO|75/100
|
|t:|1615805727
|switch|p1a: SWORDS DANCE|Kartana|100/100|[from]move: Flip Turn
|
|-weather|none
|-heal|p2a: MYSTERIO|81/100|[from] item: Leftovers
|upkeep
|turn|12
|inactive|TESLA ROADSTER has 90 seconds left.
|
|t:|1615805738
|move|p1a: SWORDS DANCE|Leaf Blade|p2a: MYSTERIO
|-crit|p2a: MYSTERIO
|-damage|p2a: MYSTERIO|1/100
|move|p2a: MYSTERIO|Knock Off|p1a: SWORDS DANCE
|-damage|p1a: SWORDS DANCE|86/100
|-enditem|p1a: SWORDS DANCE|Choice Scarf|[from] move: Knock Off|[of] p2a: MYSTERIO
|
|-heal|p2a: MYSTERIO|7/100|[from] item: Leftovers
|upkeep
|turn|13
|inactive|TESLA ROADSTER has 90 seconds left.
|inactive|TESLA ROADSTER has 60 seconds left.
|
|t:|1615805784
|move|p1a: SWORDS DANCE|Knock Off|p2a: MYSTERIO
|-resisted|p2a: MYSTERIO
|-damage|p2a: MYSTERIO|0 fnt
|-enditem|p2a: MYSTERIO|Leftovers|[from] move: Knock Off|[of] p1a: SWORDS DANCE
|faint|p2a: MYSTERIO
|-ability|p1a: SWORDS DANCE|Beast Boost|boost
|-boost|p1a: SWORDS DANCE|atk|1
|
|upkeep
|
|t:|1615805786
|switch|p2a: VULTURE|Tornadus-Therian, M|35/100
|turn|14
|
|t:|1615805798
|switch|p1a: TOXIC|Swampert, M|51/100
|move|p2a: VULTURE|Hurricane|p1a: TOXIC
|-damage|p1a: TOXIC|14/100
|-start|p1a: TOXIC|confusion
|
|upkeep
|turn|15
|
|t:|1615805810
|move|p2a: VULTURE|Knock Off|p1a: TOXIC
|-damage|p1a: TOXIC|3/100
|-activate|p1a: TOXIC|confusion
|move|p1a: TOXIC|Flip Turn|p2a: VULTURE
|-damage|p2a: VULTURE|3/100
|
|t:|1615805815
|switch|p1a: AURORA VEIL|Ninetales-Alola, M|90/100|[from]move: Flip Turn
|-weather|Hail|[from] ability: Snow Warning|[of] p1a: AURORA VEIL
|
|-weather|Hail|[upkeep]
|-damage|p2a: VULTURE|0 fnt|[from] Hail
|faint|p2a: VULTURE
|upkeep
|
|t:|1615805819
|switch|p2a: SANDMAN|Hippowdon, F|64/100
|-weather|Sandstorm|[from] ability: Sand Stream|[of] p2a: SANDMAN
|turn|16
|
|t:|1615805824
|switch|p1a: TOXIC|Swampert, M|3/100
|switch|p2a: KINGPIN|Slowking, F|82/100
|
|-weather|Sandstorm|[upkeep]
|-damage|p2a: KINGPIN|76/100|[from] Sandstorm
|upkeep
|turn|17
|
|t:|1615805830
|move|p1a: TOXIC|Earthquake|p2a: KINGPIN
|-damage|p2a: KINGPIN|26/100
|move|p2a: KINGPIN|Teleport|p2a: KINGPIN
|inactive|TESLA ROADSTER has 90 seconds left.
|
|t:|1615805846
|switch|p2a: CARNAGE|Kartana|87/100|[from]move: Teleport
|
|-weather|Sandstorm|[upkeep]
|upkeep
|turn|18
|
|t:|1615805859
|move|p2a: CARNAGE|Smart Strike|p1a: TOXIC
|-resisted|p1a: TOXIC
|-damage|p1a: TOXIC|0 fnt
|faint|p1a: TOXIC
|-ability|p2a: CARNAGE|Beast Boost|boost
|-boost|p2a: CARNAGE|atk|1
|
|-weather|Sandstorm|[upkeep]
|upkeep
|
|t:|1615805864
|switch|p1a: HURRICANE|Moltres|89/100
|turn|19
|
|t:|1615805867
|switch|p2a: KINGPIN|Slowking, F|59/100
|move|p1a: HURRICANE|Flamethrower|p2a: KINGPIN
|-resisted|p2a: KINGPIN
|-damage|p2a: KINGPIN|48/100
|
|-weather|Sandstorm|[upkeep]
|-damage|p1a: HURRICANE|83/100|[from] Sandstorm
|-damage|p2a: KINGPIN|42/100|[from] Sandstorm
|upkeep
|turn|20
|
|t:|1615805870
|move|p1a: HURRICANE|U-turn|p2a: KINGPIN
|-supereffective|p2a: KINGPIN
|-damage|p2a: KINGPIN|7/100
|
|t:|1615805881
|switch|p1a: AURORA VEIL|Ninetales-Alola, M|90/100|[from]move: U-turn
|-weather|Hail|[from] ability: Snow Warning|[of] p1a: AURORA VEIL
|move|p2a: KINGPIN|Teleport|p2a: KINGPIN
|
|t:|1615805885
|switch|p2a: CARNAGE|Kartana|87/100|[from]move: Teleport
|
|-weather|Hail|[upkeep]
|-damage|p2a: CARNAGE|80/100|[from] Hail
|upkeep
|turn|21
|
|t:|1615805889
|switch|p2a: SANDMAN|Hippowdon, F|64/100
|-weather|Sandstorm|[from] ability: Sand Stream|[of] p2a: SANDMAN
|switch|p1a: HURRICANE|Moltres|83/100
|
|-weather|Sandstorm|[upkeep]
|-damage|p1a: HURRICANE|77/100|[from] Sandstorm
|upkeep
|turn|22
|
|t:|1615805898
|move|p1a: HURRICANE|Flamethrower|p2a: SANDMAN
|-damage|p2a: SANDMAN|22/100
|move|p2a: SANDMAN|Stealth Rock|p1a: HURRICANE
|-sidestart|p1: Bob Dagang Baso|move: Stealth Rock
|
|-weather|Sandstorm|[upkeep]
|-damage|p1a: HURRICANE|71/100|[from] Sandstorm
|upkeep
|turn|23
|
|t:|1615805910
|switch|p2a: ELECTRO|Dracozolt|100/100
|move|p1a: HURRICANE|Flamethrower|p2a: ELECTRO
|-resisted|p2a: ELECTRO
|-crit|p2a: ELECTRO
|-damage|p2a: ELECTRO|59/100
|
|-weather|Sandstorm|[upkeep]
|-damage|p1a: HURRICANE|65/100|[from] Sandstorm
|upkeep
|turn|24
|
|t:|1615805918
|move|p2a: ELECTRO|Bolt Beak|p1a: HURRICANE
|-supereffective|p1a: HURRICANE
|-damage|p1a: HURRICANE|0 fnt
|-damage|p2a: ELECTRO|49/100|[from] item: Life Orb
|faint|p1a: HURRICANE
|
|-weather|Sandstorm|[upkeep]
|upkeep
|
|t:|1615805921
|switch|p1a: AURORA VEIL|Ninetales-Alola, M|90/100
|-damage|p1a: AURORA VEIL|65/100|[from] Stealth Rock
|-weather|Hail|[from] ability: Snow Warning|[of] p1a: AURORA VEIL
|turn|25
|
|t:|1615805936
|switch|p2a: SANDMAN|Hippowdon, F|22/100
|-weather|Sandstorm|[from] ability: Sand Stream|[of] p2a: SANDMAN
|move|p1a: AURORA VEIL|Freeze-Dry|p2a: SANDMAN
|-supereffective|p2a: SANDMAN
|-damage|p2a: SANDMAN|0 fnt
|faint|p2a: SANDMAN
|
|-weather|Sandstorm|[upkeep]
|-damage|p1a: AURORA VEIL|59/100|[from] Sandstorm
|upkeep
|
|t:|1615805938
|switch|p2a: ELECTRO|Dracozolt|49/100
|turn|26
|
|t:|1615805942
|switch|p1a: SWORDS DANCE|Kartana|86/100
|-damage|p1a: SWORDS DANCE|80/100|[from] Stealth Rock
|move|p2a: ELECTRO|Bolt Beak|p1a: SWORDS DANCE
|-resisted|p1a: SWORDS DANCE
|-damage|p1a: SWORDS DANCE|35/100
|-damage|p2a: ELECTRO|39/100|[from] item: Life Orb
|
|-weather|Sandstorm|[upkeep]
|upkeep
|turn|27
|
|t:|1615805953
|move|p2a: ELECTRO|Bolt Beak|p1a: SWORDS DANCE
|-resisted|p1a: SWORDS DANCE
|-damage|p1a: SWORDS DANCE|0 fnt
|-damage|p2a: ELECTRO|29/100|[from] item: Life Orb
|faint|p1a: SWORDS DANCE
|
|-weather|Sandstorm|[upkeep]
|upkeep
|
|t:|1615805956
|switch|p1a: AURORA VEIL|Ninetales-Alola, M|59/100
|-damage|p1a: AURORA VEIL|34/100|[from] Stealth Rock
|-weather|Hail|[from] ability: Snow Warning|[of] p1a: AURORA VEIL
|turn|28
|
|t:|1615805960
|switch|p2a: KINGPIN|Slowking, F|40/100
|move|p1a: AURORA VEIL|Freeze-Dry|p2a: KINGPIN
|-supereffective|p2a: KINGPIN
|-damage|p2a: KINGPIN|0 fnt
|faint|p2a: KINGPIN
|
|-weather|Hail|[upkeep]
|upkeep
|
|t:|1615805965
|switch|p2a: CARNAGE|Kartana|80/100
|turn|29
|
|t:|1615805968
|move|p1a: AURORA VEIL|Freeze-Dry|p2a: CARNAGE
|-crit|p2a: CARNAGE
|-damage|p2a: CARNAGE|0 fnt
|faint|p2a: CARNAGE
|
|-weather|Hail|[upkeep]
|upkeep
|-message|TESLA ROADSTER forfeited.
|
|win|Bob Dagang Baso
|n|☆Bob Dagang Baso|bobdagangbaso
|n|☆TESLA ROADSTER|teslaroadster
|l|☆TESLA ROADSTER
