|j|☆hypervortexreturns
|j|☆early_human
|t:|1634508934
|gametype|singles
|player|p1|hypervortexreturns|170|1796
|player|p2|early_human|dancer|1853
|teamsize|p1|6
|teamsize|p2|6
|gen|8
|tier|[Gen 8] OU
|rated|
|rule|Sleep Clause Mod: Limit one foe put to sleep
|rule|Species Clause: Limit one of each Pokémon
|rule|OHKO Clause: OHKO moves are banned
|rule|Evasion Moves Clause: Evasion moves are banned
|rule|Endless Battle Clause: Forcing endless battles is banned
|rule|HP Percentage Mod: HP is shown in percentages
|rule|Dynamax Clause: You cannot dynamax
|clearpoke
|poke|p1|Zapdos|
|poke|p1|Azumarill, F|
|poke|p1|Hydreigon, M|
|poke|p1|Corviknight, M|
|poke|p1|Excadrill, F|
|poke|p1|Tangrowth, M|
|poke|p2|Moltres-Galar|
|poke|p2|Aegislash, M|
|poke|p2|Buzzwole|
|poke|p2|Latios, M|
|poke|p2|Landorus-Therian, M|
|poke|p2|Bisharp, F|
|teampreview
|c|☆hypervortexreturns|hf
|
|t:|1634508956
|start
|switch|p1a: The Fuzz|Tangrowth, M|100/100
|switch|p2a: Buzzwole|Buzzwole|100/100
|turn|1
|inactive|Battle timer is ON: inactive players will automatically lose when time's up. (requested by hypervortexreturns)
|j| The Hero of Ages
|
|t:|1634508971
|move|p2a: Buzzwole|Close Combat|p1a: The Fuzz
|-damage|p1a: The Fuzz|53/100
|-unboost|p2a: Buzzwole|def|1
|-unboost|p2a: Buzzwole|spd|1
|-damage|p2a: Buzzwole|84/100|[from] item: Rocky Helmet|[of] p1a: The Fuzz
|move|p1a: The Fuzz|Knock Off|p2a: Buzzwole
|-resisted|p2a: Buzzwole
|-damage|p2a: Buzzwole|72/100
|-enditem|p2a: Buzzwole|Choice Band|[from] move: Knock Off|[of] p1a: The Fuzz
|
|upkeep
|turn|2
|l| The Hero of Ages
|
|t:|1634508993
|move|p2a: Buzzwole|Leech Life|p1a: The Fuzz
|-supereffective|p1a: The Fuzz
|-crit|p1a: The Fuzz
|-damage|p1a: The Fuzz|0 fnt
|-heal|p2a: Buzzwole|100/100|[from] drain|[of] p1a: The Fuzz
|-damage|p2a: Buzzwole|84/100|[from] item: Rocky Helmet|[of] p1a: The Fuzz
|faint|p1a: The Fuzz
|-ability|p2a: Buzzwole|Beast Boost|boost
|-boost|p2a: Buzzwole|atk|1
|
|upkeep
|c|☆hypervortexreturns|x_x
|inactive|hypervortexreturns has 120 seconds left.
|
|t:|1634509010
|switch|p1a: Hax God|Zapdos|100/100
|turn|3
|
|t:|1634509015
|switch|p2a: Latios|Latios, M|100/100
|move|p1a: Hax God|Hurricane|p2a: Latios|[miss]
|-miss|p1a: Hax God|p2a: Latios
|
|upkeep
|turn|4
|c|☆early_human|wait i threw
|c|☆early_human|im retareded
|inactive|hypervortexreturns has 120 seconds left.
|c|☆hypervortexreturns|wut
|c|☆early_human|i need health on latios
|c|☆early_human|otherwise i get swept by azumarill
|inactive|hypervortexreturns has 90 seconds left.
|c|☆early_human|lmao im so bad
|c|☆hypervortexreturns|well you still have it luckily lol
|
|t:|1634509081
|switch|p2a: Bisharp|Bisharp, F|100/100
|switch|p1a: Fuck Koko|Excadrill, F|100/100
|
|upkeep
|turn|5
|
|t:|1634509098
|switch|p2a: Landorus|Landorus-Therian, M|100/100
|-ability|p2a: Landorus|Intimidate|boost
|-unboost|p1a: Fuck Koko|atk|1
|move|p1a: Fuck Koko|Stealth Rock|p2a: Landorus
|-sidestart|p2: early_human|move: Stealth Rock
|
|upkeep
|turn|6
|j| okbojgbg
|inactive|hypervortexreturns has 60 seconds left.
|
|t:|1634509116
|switch|p1a: Quoth the Raven|Corviknight, M|100/100
|-ability|p1a: Quoth the Raven|Pressure
|move|p2a: Landorus|Stealth Rock|p1a: Quoth the Raven
|-sidestart|p1: hypervortexreturns|move: Stealth Rock
|
|upkeep
|turn|7
|j| kidsde
|inactive|hypervortexreturns has 60 seconds left.
|
|t:|1634509131
|switch|p2a: Aegislash|Aegislash, M|100/100
|-damage|p2a: Aegislash|94/100|[from] Stealth Rock
|move|p1a: Quoth the Raven|Bulk Up|p1a: Quoth the Raven
|-boost|p1a: Quoth the Raven|atk|1
|-boost|p1a: Quoth the Raven|def|1
|
|upkeep
|turn|8
|inactive|hypervortexreturns has 60 seconds left.
|j| juicelol
|
|t:|1634509154
|switch|p1a: Hello Heatran|Hydreigon, M|100/100
|-damage|p1a: Hello Heatran|88/100|[from] Stealth Rock
|-formechange|p2a: Aegislash|Aegislash-Blade||[from] ability: Stance Change
|move|p2a: Aegislash|Shadow Ball|p1a: Hello Heatran
|-resisted|p1a: Hello Heatran
|-crit|p1a: Hello Heatran
|-damage|p1a: Hello Heatran|57/100
|
|-heal|p1a: Hello Heatran|63/100|[from] item: Leftovers
|upkeep
|turn|9
|
|t:|1634509169
|-formechange|p2a: Aegislash|Aegislash||[from] ability: Stance Change
|move|p2a: Aegislash|King's Shield|p2a: Aegislash
|-singleturn|p2a: Aegislash|Protect
|move|p1a: Hello Heatran|Dark Pulse|p2a: Aegislash
|-activate|p2a: Aegislash|move: Protect
|
|-heal|p1a: Hello Heatran|69/100|[from] item: Leftovers
|upkeep
|turn|10
|
|t:|1634509180
|move|p1a: Hello Heatran|Dark Pulse|p2a: Aegislash
|-supereffective|p2a: Aegislash
|-damage|p2a: Aegislash|46/100
|-enditem|p2a: Aegislash|Weakness Policy
|-boost|p2a: Aegislash|atk|2|[from] item: Weakness Policy
|-boost|p2a: Aegislash|spa|2|[from] item: Weakness Policy
|-formechange|p2a: Aegislash|Aegislash-Blade||[from] ability: Stance Change
|move|p2a: Aegislash|Close Combat|p1a: Hello Heatran
|-supereffective|p1a: Hello Heatran
|-damage|p1a: Hello Heatran|0 fnt
|-unboost|p2a: Aegislash|def|1
|-unboost|p2a: Aegislash|spd|1
|faint|p1a: Hello Heatran
|
|upkeep
|c|☆hypervortexreturns|o
|c|☆hypervortexreturns|ok
|inactive|hypervortexreturns has 30 seconds left.
|
|t:|1634509207
|switch|p1a: Fuck Koko|Excadrill, F|100/100
|-damage|p1a: Fuck Koko|97/100|[from] Stealth Rock
|turn|11
|
|t:|1634509215
|switch|p2a: Landorus|Landorus-Therian, M|100/100
|-damage|p2a: Landorus|88/100|[from] Stealth Rock
|-ability|p2a: Landorus|Intimidate|boost
|-unboost|p1a: Fuck Koko|atk|1
|move|p1a: Fuck Koko|Earthquake|p2a: Landorus
|-immune|p2a: Landorus
|
|-heal|p1a: Fuck Koko|100/100|[from] item: Leftovers
|upkeep
|turn|12
|inactive|hypervortexreturns has 30 seconds left.
|
|t:|1634509231
|switch|p1a: Quoth the Raven|Corviknight, M|100/100
|-damage|p1a: Quoth the Raven|88/100|[from] Stealth Rock
|-ability|p1a: Quoth the Raven|Pressure
|move|p2a: Landorus|Earthquake|p1a: Quoth the Raven
|-immune|p1a: Quoth the Raven
|
|-heal|p1a: Quoth the Raven|94/100|[from] item: Leftovers
|upkeep
|turn|13
|inactive|hypervortexreturns has 30 seconds left.
|
|t:|1634509242
|switch|p2a: Aegislash|Aegislash, M|46/100
|-damage|p2a: Aegislash|39/100|[from] Stealth Rock
|move|p1a: Quoth the Raven|Bulk Up|p1a: Quoth the Raven
|-boost|p1a: Quoth the Raven|atk|1
|-boost|p1a: Quoth the Raven|def|1
|
|-heal|p1a: Quoth the Raven|100/100|[from] item: Leftovers
|upkeep
|turn|14
|inactive|hypervortexreturns has 30 seconds left.
|
|t:|1634509253
|move|p1a: Quoth the Raven|Brave Bird|p2a: Aegislash
|-resisted|p2a: Aegislash
|-damage|p2a: Aegislash|18/100
|-damage|p1a: Quoth the Raven|95/100|[from] Recoil
|-formechange|p2a: Aegislash|Aegislash-Blade||[from] ability: Stance Change
|move|p2a: Aegislash|Shadow Ball|p1a: Quoth the Raven
|-damage|p1a: Quoth the Raven|63/100
|
|-heal|p1a: Quoth the Raven|69/100|[from] item: Leftovers
|upkeep
|turn|15
|j| salmonelephant
|inactive|hypervortexreturns has 30 seconds left.
|
|t:|1634509266
|move|p1a: Quoth the Raven|Brave Bird|p2a: Aegislash
|-resisted|p2a: Aegislash
|-damage|p2a: Aegislash|0 fnt
|faint|p2a: Aegislash
|-damage|p1a: Quoth the Raven|64/100|[from] Recoil
|
|-heal|p1a: Quoth the Raven|71/100|[from] item: Leftovers
|upkeep
|
|t:|1634509268
|switch|p2a: Moltres|Moltres-Galar|100/100
|turn|16
|inactive|hypervortexreturns has 30 seconds left.
|
|t:|1634509289
|switch|p1a: Hax God|Zapdos|100/100
|move|p2a: Moltres|Fiery Wrath|p1a: Hax God
|-damage|p1a: Hax God|60/100
|
|upkeep
|turn|17
|inactive|hypervortexreturns has 30 seconds left.
|
|t:|1634509304
|switch|p2a: Bisharp|Bisharp, F|100/100
|-damage|p2a: Bisharp|94/100|[from] Stealth Rock
|move|p1a: Hax God|Discharge|p2a: Bisharp
|-damage|p2a: Bisharp|61/100
|
|upkeep
|turn|18
|inactive|hypervortexreturns has 30 seconds left.
|c|☆hypervortexreturns|oo
|inactive|hypervortexreturns has 20 seconds left.
|inactive|hypervortexreturns has 15 seconds left.
|inactive|hypervortexreturns has 10 seconds left.
|
|t:|1634509329
|switch|p1a: Fuck Koko|Excadrill, F|100/100
|-damage|p1a: Fuck Koko|97/100|[from] Stealth Rock
|move|p2a: Bisharp|Knock Off|p1a: Fuck Koko
|-damage|p1a: Fuck Koko|22/100
|-enditem|p1a: Fuck Koko|Leftovers|[from] move: Knock Off|[of] p2a: Bisharp
|
|upkeep
|turn|19
|inactive|hypervortexreturns has 20 seconds left this turn.
|inactive|hypervortexreturns has 15 seconds left.
|inactive|hypervortexreturns has 10 seconds left.
|
|t:|1634509339
|move|p2a: Bisharp|Sucker Punch|p1a: Fuck Koko
|-damage|p1a: Fuck Koko|0 fnt
|faint|p1a: Fuck Koko
|
|upkeep
|inactive|hypervortexreturns has 15 seconds left this turn.
|inactive|hypervortexreturns has 10 seconds left.
|
|t:|1634509346
|switch|p1a: Hax God|Zapdos|60/100
|turn|20
|inactive|hypervortexreturns has 20 seconds left this turn.
|inactive|hypervortexreturns has 15 seconds left.
|
|t:|1634509351
|move|p1a: Hax God|Roost|p1a: Hax God
|-heal|p1a: Hax God|100/100
|-singleturn|p1a: Hax God|move: Roost
|move|p2a: Bisharp|Knock Off|p1a: Hax God
|-crit|p1a: Hax God
|-damage|p1a: Hax God|16/100
|-enditem|p1a: Hax God|Heavy-Duty Boots|[from] move: Knock Off|[of] p2a: Bisharp
|
|upkeep
|turn|21
|inactive|hypervortexreturns has 25 seconds left this turn.
|inactive|hypervortexreturns has 20 seconds left.
|j| Limited_Toolkit
|
|t:|1634509362
|switch|p2a: Latios|Latios, M|100/100
|-damage|p2a: Latios|88/100|[from] Stealth Rock
|move|p1a: Hax God|Roost|p1a: Hax God
|-heal|p1a: Hax God|66/100
|-singleturn|p1a: Hax God|move: Roost
|
|upkeep
|turn|22
|inactive|hypervortexreturns has 30 seconds left this turn.
|inactive|hypervortexreturns has 20 seconds left.
|j| Sorcier anguilion
|
|t:|1634509380
|move|p2a: Latios|Draco Meteor|p1a: Hax God
|-damage|p1a: Hax God|0 fnt
|-unboost|p2a: Latios|spa|2
|faint|p1a: Hax God
|
|upkeep
|inactive|hypervortexreturns has 25 seconds left this turn.
|inactive|hypervortexreturns has 20 seconds left.
|
|t:|1634509387
|switch|p1a: Weavile Check|Azumarill, F|100/100
|-damage|p1a: Weavile Check|88/100|[from] Stealth Rock
|turn|23
|inactive|hypervortexreturns has 30 seconds left this turn.
|
|t:|1634509393
|move|p2a: Latios|Future Sight|p1a: Weavile Check
|-start|p2a: Latios|move: Future Sight
|move|p1a: Weavile Check|Belly Drum|p1a: Weavile Check
|-damage|p1a: Weavile Check|38/100
|-setboost|p1a: Weavile Check|atk|6|[from] move: Belly Drum
|-enditem|p1a: Weavile Check|Sitrus Berry|[eat]
|-heal|p1a: Weavile Check|63/100|[from] item: Sitrus Berry
|
|upkeep
|turn|24
|inactive|hypervortexreturns has 30 seconds left.
|c|☆hypervortexreturns|nice fake out
|
|t:|1634509412
|switch|p2a: Landorus|Landorus-Therian, M|88/100
|-damage|p2a: Landorus|76/100|[from] Stealth Rock
|-ability|p2a: Landorus|Intimidate|boost
|-unboost|p1a: Weavile Check|atk|1
|move|p1a: Weavile Check|Knock Off|p2a: Landorus
|-crit|p2a: Landorus
|-damage|p2a: Landorus|0 fnt
|-enditem|p2a: Landorus|Focus Sash|[from] move: Knock Off|[of] p1a: Weavile Check
|faint|p2a: Landorus
|
|upkeep
|inactive|hypervortexreturns has 30 seconds left this turn.
|j| Kolyra
|
|t:|1634509425
|switch|p2a: Bisharp|Bisharp, F|61/100
|-damage|p2a: Bisharp|55/100|[from] Stealth Rock
|turn|25
|j| MiniLarry
|j| youssef4871
|
|t:|1634509431
|move|p1a: Weavile Check|Aqua Jet|p2a: Bisharp
|-damage|p2a: Bisharp|0 fnt
|faint|p2a: Bisharp
|
|-end|p1a: Weavile Check|move: Future Sight
|-crit|p1a: Weavile Check
|-damage|p1a: Weavile Check|0 fnt
|faint|p1a: Weavile Check
|upkeep
|l| Kolyra
|c|☆hypervortexreturns|damn...
|
|t:|1634509444
|switch|p2a: Moltres|Moltres-Galar|100/100
|switch|p1a: Quoth the Raven|Corviknight, M|71/100
|-damage|p1a: Quoth the Raven|58/100|[from] Stealth Rock
|-ability|p1a: Quoth the Raven|Pressure
|turn|26
|c|☆hypervortexreturns|gg
|j| The Radiant Me
|c|☆early_human|gg
|c|☆hypervortexreturns|do you care about points?
|inactive|hypervortexreturns has 30 seconds left.
|c|☆early_human|not really
|inactive|hypervortexreturns has 20 seconds left.
|inactive|hypervortexreturns has 15 seconds left.
|c|☆hypervortexreturns|eh
|inactive|hypervortexreturns has 10 seconds left.
|c|☆hypervortexreturns|you're 1852
|inactive|hypervortexreturns has 5 seconds left.
|c|☆hypervortexreturns|fine
|c|☆hypervortexreturns|gg
|-message|hypervortexreturns lost due to inactivity.
|
|win|early_human
|raw|hypervortexreturns's rating: 1796 &rarr; <strong>1779</strong><br />(-17 for losing)
|raw|early_human's rating: 1853 &rarr; <strong>1870</strong><br />(+17 for winning)
|l| Sorcier anguilion
|l|☆hypervortexreturns
|l| youssef4871
|l| Limited_Toolkit
