|html|<div class="broadcast-blue"><strong>[Gen 8] OU is currently suspecting Melmetal! For information on how to participate check out the <a href="https://www.smogon.com/forums/threads/np-ss-ou-suspect-process-round-12-monster-mash.3709234/">suspect thread</a>.</strong></div>
|j|☆Raimei Hakkei 2
|j|☆HQSNonsense
|t:|1666508344
|gametype|singles
|player|p1|Raimei Hakkei 2|2|1626
|player|p2|HQSNonsense|veteranf|1713
|teamsize|p1|6
|teamsize|p2|6
|gen|8
|tier|[Gen 8] OU
|rated|
|rule|Sleep Clause Mod: Limit one foe put to sleep
|rule|Species Clause: Limit one of each Pokémon
|rule|OHKO Clause: OHKO moves are banned
|rule|Evasion Items Clause: Evasion items are banned
|rule|Evasion Moves Clause: Evasion moves are banned
|rule|Endless Battle Clause: Forcing endless battles is banned
|rule|HP Percentage Mod: HP is shown in percentages
|rule|Dynamax Clause: You cannot dynamax
|clearpoke
|poke|p1|Landorus-Therian, M|
|poke|p1|Urshifu-*, F|
|poke|p1|Dragonite, F|
|poke|p1|Tyrantrum, F|
|poke|p1|Aegislash, F|
|poke|p1|Chansey, F|
|poke|p2|Melmetal|
|poke|p2|Urshifu-*, M|
|poke|p2|Tapu Lele|
|poke|p2|Landorus-Therian, M|
|poke|p2|Zapdos|
|poke|p2|Volcanion|
|teampreview
|inactive|Battle timer is ON: inactive players will automatically lose when time's up. (requested by Raimei Hakkei 2)
|
|t:|1666508367
|start
|switch|p1a: Death Destroyer|Aegislash, F|100/100
|switch|p2a: Tapu Lele|Tapu Lele|100/100
|-fieldstart|move: Psychic Terrain|[from] ability: Psychic Surge|[of] p2a: Tapu Lele
|turn|1
|
|t:|1666508374
|switch|p2a: Landorus|Landorus-Therian, M|100/100
|-ability|p2a: Landorus|Intimidate|boost
|-unboost|p1a: Death Destroyer|atk|1
|-formechange|p1a: Death Destroyer|Aegislash-Blade||[from] ability: Stance Change
|move|p1a: Death Destroyer|Shadow Ball|p2a: Landorus
|-damage|p2a: Landorus|59/100
|-unboost|p2a: Landorus|spd|1
|
|-heal|p2a: Landorus|65/100|[from] item: Leftovers
|upkeep
|turn|2
|
|t:|1666508385
|switch|p1a: Raging Drunk|Landorus-Therian, M|100/100
|-ability|p1a: Raging Drunk|Intimidate|boost
|-unboost|p2a: Landorus|atk|1
|move|p2a: Landorus|Knock Off|p1a: Raging Drunk
|-damage|p1a: Raging Drunk|83/100
|-enditem|p1a: Raging Drunk|Lum Berry|[from] move: Knock Off|[of] p2a: Landorus
|
|-heal|p2a: Landorus|71/100|[from] item: Leftovers
|upkeep
|turn|3
|
|t:|1666508389
|move|p2a: Landorus|Stealth Rock|p1a: Raging Drunk
|-sidestart|p1: Raimei Hakkei 2|move: Stealth Rock
|move|p1a: Raging Drunk|Toxic|p2a: Landorus
|-status|p2a: Landorus|tox
|
|-heal|p2a: Landorus|77/100 tox|[from] item: Leftovers
|-damage|p2a: Landorus|71/100 tox|[from] psn
|upkeep
|turn|4
|j| I'M AT MY LIMIT!
|
|t:|1666508397
|switch|p2a: Urshifu|Urshifu-Rapid-Strike, M|100/100
|move|p1a: Raging Drunk|Stealth Rock|p2a: Urshifu
|-sidestart|p2: HQSNonsense|move: Stealth Rock
|
|upkeep
|turn|5
|
|t:|1666508407
|switch|p1a: Thieving Drunk|Dragonite, F|100/100
|move|p2a: Urshifu|U-turn|p1a: Thieving Drunk
|-resisted|p1a: Thieving Drunk
|-damage|p1a: Thieving Drunk|90/100
|
|t:|1666508412
|switch|p2a: Tapu Lele|Tapu Lele|100/100|[from]move: U-turn
|-damage|p2a: Tapu Lele|88/100|[from] Stealth Rock
|
|-fieldend|move: Psychic Terrain
|upkeep
|turn|6
|
|t:|1666508418
|move|p2a: Tapu Lele|Future Sight|p1a: Thieving Drunk
|-start|p2a: Tapu Lele|move: Future Sight
|move|p1a: Thieving Drunk|Roost|p1a: Thieving Drunk
|-heal|p1a: Thieving Drunk|100/100
|-singleturn|p1a: Thieving Drunk|move: Roost
|
|upkeep
|turn|7
|
|t:|1666508426
|switch|p2a: Urshifu|Urshifu-Rapid-Strike, M|100/100
|-damage|p2a: Urshifu|94/100|[from] Stealth Rock
|switch|p1a: Flirty Drunk|Chansey, F|100/100
|-damage|p1a: Flirty Drunk|88/100|[from] Stealth Rock
|
|upkeep
|turn|8
|l| I'M AT MY LIMIT!
|
|t:|1666508445
|move|p2a: Urshifu|Surging Strikes|p1a: Flirty Drunk
|-crit|p1a: Flirty Drunk
|-damage|p1a: Flirty Drunk|71/100
|-crit|p1a: Flirty Drunk
|-damage|p1a: Flirty Drunk|52/100
|-crit|p1a: Flirty Drunk
|-damage|p1a: Flirty Drunk|34/100
|-hitcount|p1a: Flirty Drunk|3
|move|p1a: Flirty Drunk|Seismic Toss|p2a: Urshifu
|-damage|p2a: Urshifu|65/100
|
|-end|p1a: Flirty Drunk|move: Future Sight
|-damage|p1a: Flirty Drunk|11/100
|upkeep
|turn|9
|
|t:|1666508454
|move|p2a: Urshifu|Surging Strikes|p1a: Flirty Drunk
|-crit|p1a: Flirty Drunk
|-damage|p1a: Flirty Drunk|0 fnt
|faint|p1a: Flirty Drunk
|-hitcount|p1: Flirty Drunk|1
|
|upkeep
|
|t:|1666508456
|switch|p1a: Thieving Drunk|Dragonite, F|100/100
|turn|10
|
|t:|1666508461
|switch|p2a: Zapdos|Zapdos|100/100
|move|p1a: Thieving Drunk|Dragon Dance|p1a: Thieving Drunk
|-boost|p1a: Thieving Drunk|atk|1
|-boost|p1a: Thieving Drunk|spe|1
|
|upkeep
|turn|11
|
|t:|1666508466
|move|p1a: Thieving Drunk|Dragon Dance|p1a: Thieving Drunk
|-boost|p1a: Thieving Drunk|atk|1
|-boost|p1a: Thieving Drunk|spe|1
|move|p2a: Zapdos|Discharge|p1a: Thieving Drunk
|-damage|p1a: Thieving Drunk|83/100
|-status|p1a: Thieving Drunk|par
|
|upkeep
|turn|12
|
|t:|1666508472
|move|p1a: Thieving Drunk|Dual Wingbeat|p2a: Zapdos
|-resisted|p2a: Zapdos
|-damage|p2a: Zapdos|82/100
|-resisted|p2a: Zapdos
|-damage|p2a: Zapdos|64/100
|-hitcount|p2a: Zapdos|2
|move|p2a: Zapdos|Hurricane|p1a: Thieving Drunk
|-damage|p1a: Thieving Drunk|34/100 par
|
|upkeep
|turn|13
|
|t:|1666508485
|move|p1a: Thieving Drunk|Roost|p1a: Thieving Drunk
|-heal|p1a: Thieving Drunk|84/100 par
|-singleturn|p1a: Thieving Drunk|move: Roost
|move|p2a: Zapdos|Defog|p1a: Thieving Drunk
|-unboost|p1a: Thieving Drunk|evasion|1
|-sideend|p1: Raimei Hakkei 2|Stealth Rock|[from] move: Defog|[of] p2a: Zapdos
|-sideend|p2: HQSNonsense|Stealth Rock|[from] move: Defog|[of] p2a: Zapdos
|
|upkeep
|turn|14
|
|t:|1666508490
|switch|p1a: Horai Hakke|Tyrantrum, F|100/100
|move|p2a: Zapdos|Hurricane|p1a: Horai Hakke|[miss]
|-miss|p2a: Zapdos|p1a: Horai Hakke
|
|upkeep
|turn|15
|
|t:|1666508496
|switch|p2a: Melmetal|Melmetal|100/100
|move|p1a: Horai Hakke|Close Combat|p2a: Melmetal
|-supereffective|p2a: Melmetal
|-damage|p2a: Melmetal|19/100
|-unboost|p1a: Horai Hakke|def|1
|-unboost|p1a: Horai Hakke|spd|1
|
|-heal|p2a: Melmetal|26/100|[from] item: Leftovers
|upkeep
|turn|16
|
|t:|1666508505
|switch|p2a: Zapdos|Zapdos|64/100
|move|p1a: Horai Hakke|Close Combat|p2a: Zapdos
|-resisted|p2a: Zapdos
|-damage|p2a: Zapdos|39/100
|-unboost|p1a: Horai Hakke|def|1
|-unboost|p1a: Horai Hakke|spd|1
|
|upkeep
|turn|17
|
|t:|1666508510
|move|p2a: Zapdos|Roost|p2a: Zapdos
|-heal|p2a: Zapdos|89/100
|-singleturn|p2a: Zapdos|move: Roost
|move|p1a: Horai Hakke|Close Combat|p2a: Zapdos
|-damage|p2a: Zapdos|40/100
|-unboost|p1a: Horai Hakke|def|1
|-unboost|p1a: Horai Hakke|spd|1
|-status|p1a: Horai Hakke|par|[from] ability: Static|[of] p2a: Zapdos
|
|upkeep
|turn|18
|
|t:|1666508517
|switch|p1a: Raging Drunk|Landorus-Therian, M|83/100
|-ability|p1a: Raging Drunk|Intimidate|boost
|-unboost|p2a: Zapdos|atk|1
|move|p2a: Zapdos|Roost|p2a: Zapdos
|-heal|p2a: Zapdos|90/100
|-singleturn|p2a: Zapdos|move: Roost
|
|upkeep
|turn|19
|
|t:|1666508525
|switch|p2a: Landorus|Landorus-Therian, M|71/100 tox
|-ability|p2a: Landorus|Intimidate|boost
|-unboost|p1a: Raging Drunk|atk|1
|move|p1a: Raging Drunk|Earth Power|p2a: Landorus
|-immune|p2a: Landorus
|
|-heal|p2a: Landorus|77/100 tox|[from] item: Leftovers
|-damage|p2a: Landorus|71/100 tox|[from] psn
|upkeep
|turn|20
|
|t:|1666508530
|move|p2a: Landorus|Stealth Rock|p1a: Raging Drunk
|-sidestart|p1: Raimei Hakkei 2|move: Stealth Rock
|move|p1a: Raging Drunk|Stealth Rock|p2a: Landorus
|-sidestart|p2: HQSNonsense|move: Stealth Rock
|
|-heal|p2a: Landorus|77/100 tox|[from] item: Leftovers
|-damage|p2a: Landorus|65/100 tox|[from] psn
|upkeep
|turn|21
|
|t:|1666508542
|move|p2a: Landorus|U-turn|p1a: Raging Drunk
|-resisted|p1a: Raging Drunk
|-damage|p1a: Raging Drunk|75/100
|
|t:|1666508546
|switch|p2a: Melmetal|Melmetal|26/100|[from]move: U-turn
|-damage|p2a: Melmetal|19/100|[from] Stealth Rock
|move|p1a: Raging Drunk|Knock Off|p2a: Melmetal
|-crit|p2a: Melmetal
|-damage|p2a: Melmetal|0 fnt
|-enditem|p2a: Melmetal|Leftovers|[from] move: Knock Off|[of] p1a: Raging Drunk
|faint|p2a: Melmetal
|
|upkeep
|
|t:|1666508554
|switch|p2a: Volcanion|Volcanion|100/100
|turn|22
|
|t:|1666508562
|move|p2a: Volcanion|Steam Eruption|p1a: Raging Drunk|[miss]
|-miss|p2a: Volcanion|p1a: Raging Drunk
|move|p1a: Raging Drunk|Earth Power|p2a: Volcanion
|-supereffective|p2a: Volcanion
|-damage|p2a: Volcanion|16/100
|
|upkeep
|turn|23
|
|t:|1666508566
|switch|p1a: Thieving Drunk|Dragonite, F|84/100 par
|move|p2a: Volcanion|Steam Eruption|p1a: Thieving Drunk
|-resisted|p1a: Thieving Drunk
|-damage|p1a: Thieving Drunk|54/100 par
|
|upkeep
|turn|24
|
|t:|1666508572
|switch|p2a: Tapu Lele|Tapu Lele|88/100
|-damage|p2a: Tapu Lele|76/100|[from] Stealth Rock
|-fieldstart|move: Psychic Terrain|[from] ability: Psychic Surge|[of] p2a: Tapu Lele
|move|p1a: Thieving Drunk|Roost|p1a: Thieving Drunk
|-heal|p1a: Thieving Drunk|100/100 par
|-singleturn|p1a: Thieving Drunk|move: Roost
|
|upkeep
|turn|25
|
|t:|1666508582
|move|p2a: Tapu Lele|Future Sight|p1a: Thieving Drunk
|-start|p2a: Tapu Lele|move: Future Sight
|move|p1a: Thieving Drunk|Dual Wingbeat|p2a: Tapu Lele
|-damage|p2a: Tapu Lele|41/100
|-damage|p2a: Tapu Lele|5/100
|-hitcount|p2a: Tapu Lele|2
|
|upkeep
|turn|26
|
|t:|1666508589
|switch|p2a: Zapdos|Zapdos|90/100
|move|p1a: Thieving Drunk|Dual Wingbeat|p2a: Zapdos
|-resisted|p2a: Zapdos
|-damage|p2a: Zapdos|80/100
|-resisted|p2a: Zapdos
|-crit|p2a: Zapdos
|-damage|p2a: Zapdos|68/100
|-hitcount|p2a: Zapdos|2
|
|upkeep
|turn|27
|
|t:|1666508597
|move|p2a: Zapdos|Hurricane|p1a: Thieving Drunk
|-damage|p1a: Thieving Drunk|77/100 par
|-start|p1a: Thieving Drunk|confusion
|-activate|p1a: Thieving Drunk|confusion
|cant|p1a: Thieving Drunk|par
|
|-end|p1a: Thieving Drunk|move: Future Sight
|-damage|p1a: Thieving Drunk|0 fnt
|faint|p1a: Thieving Drunk
|upkeep
|
|t:|1666508605
|switch|p1a: Horai Hakke|Tyrantrum, F|100/100 par
|-damage|p1a: Horai Hakke|88/100 par|[from] Stealth Rock
|turn|28
|
|t:|1666508609
|move|p2a: Zapdos|Roost|p2a: Zapdos
|-heal|p2a: Zapdos|100/100
|-singleturn|p2a: Zapdos|move: Roost
|move|p1a: Horai Hakke|Head Smash|p2a: Zapdos
|-damage|p2a: Zapdos|10/100
|
|-fieldend|move: Psychic Terrain
|upkeep
|turn|29
|
|t:|1666508624
|move|p2a: Zapdos|Defog|p1a: Horai Hakke
|-unboost|p1a: Horai Hakke|evasion|1
|-sideend|p1: Raimei Hakkei 2|Stealth Rock|[from] move: Defog|[of] p2a: Zapdos
|-sideend|p2: HQSNonsense|Stealth Rock|[from] move: Defog|[of] p2a: Zapdos
|cant|p1a: Horai Hakke|par
|
|upkeep
|turn|30
|
|t:|1666508630
|move|p2a: Zapdos|Hurricane|p1a: Horai Hakke
|-resisted|p1a: Horai Hakke
|-damage|p1a: Horai Hakke|51/100 par
|-start|p1a: Horai Hakke|confusion
|-activate|p1a: Horai Hakke|confusion
|move|p1a: Horai Hakke|Head Smash|p2a: Zapdos
|-supereffective|p2a: Zapdos
|-damage|p2a: Zapdos|0 fnt
|faint|p2a: Zapdos
|
|upkeep
|
|t:|1666508645
|switch|p2a: Urshifu|Urshifu-Rapid-Strike, M|65/100
|turn|31
|
|t:|1666508654
|move|p2a: Urshifu|Surging Strikes|p1a: Horai Hakke
|-crit|p1a: Horai Hakke
|-damage|p1a: Horai Hakke|21/100 par
|-crit|p1a: Horai Hakke
|-damage|p1a: Horai Hakke|0 fnt
|faint|p1a: Horai Hakke
|-hitcount|p1: Horai Hakke|2
|
|upkeep
|
|t:|1666508657
|switch|p1a: Death Destroyer|Aegislash, F|100/100
|turn|32
|
|t:|1666508661
|switch|p2a: Landorus|Landorus-Therian, M|65/100 tox
|-ability|p2a: Landorus|Intimidate|boost
|-unboost|p1a: Death Destroyer|atk|1
|-formechange|p1a: Death Destroyer|Aegislash-Blade||[from] ability: Stance Change
|move|p1a: Death Destroyer|Shadow Ball|p2a: Landorus
|-damage|p2a: Landorus|20/100 tox
|
|-heal|p2a: Landorus|26/100 tox|[from] item: Leftovers
|-damage|p2a: Landorus|20/100 tox|[from] psn
|upkeep
|turn|33
|
|t:|1666508678
|-formechange|p1a: Death Destroyer|Aegislash||[from] ability: Stance Change
|move|p1a: Death Destroyer|King's Shield|p1a: Death Destroyer
|-singleturn|p1a: Death Destroyer|Protect
|move|p2a: Landorus|Stealth Rock|p1a: Death Destroyer
|-sidestart|p1: Raimei Hakkei 2|move: Stealth Rock
|
|-heal|p2a: Landorus|26/100 tox|[from] item: Leftovers
|-damage|p2a: Landorus|14/100 tox|[from] psn
|upkeep
|turn|34
|
|t:|1666508685
|-formechange|p1a: Death Destroyer|Aegislash-Blade||[from] ability: Stance Change
|move|p1a: Death Destroyer|Shadow Sneak|p2a: Landorus
|-crit|p2a: Landorus
|-damage|p2a: Landorus|0 fnt
|faint|p2a: Landorus
|
|upkeep
|
|t:|1666508691
|switch|p2a: Urshifu|Urshifu-Rapid-Strike, M|65/100
|turn|35
|
|t:|1666508697
|switch|p1a: Gundari: Ryuseigun|Urshifu-Rapid-Strike, F|100/100
|-damage|p1a: Gundari: Ryuseigun|94/100|[from] Stealth Rock
|move|p2a: Urshifu|Surging Strikes|p1a: Gundari: Ryuseigun
|-resisted|p1a: Gundari: Ryuseigun
|-crit|p1a: Gundari: Ryuseigun
|-damage|p1a: Gundari: Ryuseigun|80/100
|-resisted|p1a: Gundari: Ryuseigun
|-crit|p1a: Gundari: Ryuseigun
|-damage|p1a: Gundari: Ryuseigun|65/100
|-resisted|p1a: Gundari: Ryuseigun
|-crit|p1a: Gundari: Ryuseigun
|-damage|p1a: Gundari: Ryuseigun|50/100
|-hitcount|p1a: Gundari: Ryuseigun|3
|
|upkeep
|turn|36
|
|t:|1666508718
|switch|p2a: Volcanion|Volcanion|16/100
|move|p1a: Gundari: Ryuseigun|U-turn|p2a: Volcanion
|-resisted|p2a: Volcanion
|-damage|p2a: Volcanion|0 fnt
|faint|p2a: Volcanion
|
|t:|1666508728
|switch|p1a: Death Destroyer|Aegislash, F|100/100|[from]move: U-turn
|-damage|p1a: Death Destroyer|94/100|[from] Stealth Rock
|
|upkeep
|
|t:|1666508742
|switch|p2a: Tapu Lele|Tapu Lele|5/100
|-fieldstart|move: Psychic Terrain|[from] ability: Psychic Surge|[of] p2a: Tapu Lele
|turn|37
|
|t:|1666508750
|move|p2a: Tapu Lele|Moonblast|p1a: Death Destroyer
|-resisted|p1a: Death Destroyer
|-damage|p1a: Death Destroyer|67/100
|-formechange|p1a: Death Destroyer|Aegislash-Blade||[from] ability: Stance Change
|move|p1a: Death Destroyer|Shadow Ball|p2a: Tapu Lele
|-supereffective|p2a: Tapu Lele
|-damage|p2a: Tapu Lele|0 fnt
|faint|p2a: Tapu Lele
|
|upkeep
|
|t:|1666508754
|switch|p2a: Urshifu|Urshifu-Rapid-Strike, M|65/100
|turn|38
|
|t:|1666508756
|switch|p1a: Raging Drunk|Landorus-Therian, M|75/100
|-damage|p1a: Raging Drunk|63/100|[from] Stealth Rock
|-ability|p1a: Raging Drunk|Intimidate|boost
|-unboost|p2a: Urshifu|atk|1
|move|p2a: Urshifu|Surging Strikes|p1a: Raging Drunk
|-supereffective|p1a: Raging Drunk
|-crit|p1a: Raging Drunk
|-damage|p1a: Raging Drunk|21/100
|-supereffective|p1a: Raging Drunk
|-crit|p1a: Raging Drunk
|-damage|p1a: Raging Drunk|0 fnt
|faint|p1a: Raging Drunk
|-hitcount|p1: Raging Drunk|2
|
|upkeep
|
|t:|1666508761
|switch|p1a: Gundari: Ryuseigun|Urshifu-Rapid-Strike, F|50/100
|-damage|p1a: Gundari: Ryuseigun|44/100|[from] Stealth Rock
|turn|39
|
|t:|1666508764
|move|p2a: Urshifu|Surging Strikes|p1a: Gundari: Ryuseigun
|-resisted|p1a: Gundari: Ryuseigun
|-crit|p1a: Gundari: Ryuseigun
|-damage|p1a: Gundari: Ryuseigun|29/100
|-resisted|p1a: Gundari: Ryuseigun
|-crit|p1a: Gundari: Ryuseigun
|-damage|p1a: Gundari: Ryuseigun|14/100
|-resisted|p1a: Gundari: Ryuseigun
|-crit|p1a: Gundari: Ryuseigun
|-damage|p1a: Gundari: Ryuseigun|0 fnt
|faint|p1a: Gundari: Ryuseigun
|-hitcount|p1: Gundari: Ryuseigun|3
|
|upkeep
|
|t:|1666508766
|switch|p1a: Death Destroyer|Aegislash, F|67/100
|-damage|p1a: Death Destroyer|61/100|[from] Stealth Rock
|turn|40
|
|t:|1666508769
|move|p2a: Urshifu|Surging Strikes|p1a: Death Destroyer
|-crit|p1a: Death Destroyer
|-damage|p1a: Death Destroyer|27/100
|-crit|p1a: Death Destroyer
|-damage|p1a: Death Destroyer|0 fnt
|faint|p1a: Death Destroyer
|-hitcount|p1: Death Destroyer|2
|
|win|HQSNonsense
|raw|Raimei Hakkei 2's rating: 1626 &rarr; <strong>1611</strong><br />(-15 for losing)
|raw|HQSNonsense's rating: 1713 &rarr; <strong>1728</strong><br />(+15 for winning)
|l|☆Raimei Hakkei 2
