|j|☆Feenieh
|j|☆ultimategoogolplex
|t:|1667436800
|gametype|singles
|player|p1|Feenieh|psychic-gen4|1687
|player|p2|ultimategoogolplex|2|1730
|teamsize|p1|6
|teamsize|p2|6
|gen|8
|tier|[Gen 8] OU
|rated|
|rule|Sleep Clause Mod: Limit one foe put to sleep
|rule|Species Clause: Limit one of each Pokémon
|rule|OHKO Clause: OHKO moves are banned
|rule|Evasion Items Clause: Evasion items are banned
|rule|Evasion Moves Clause: Evasion moves are banned
|rule|Endless Battle Clause: Forcing endless battles is banned
|rule|HP Percentage Mod: HP is shown in percentages
|rule|Dynamax Clause: You cannot dynamax
|clearpoke
|poke|p1|Corsola-Galar, M|
|poke|p1|Landorus-Therian, M|
|poke|p1|Garchomp, M|
|poke|p1|Heatran, F|
|poke|p1|Zapdos|
|poke|p1|Tyranitar, F|
|poke|p2|Weavile, F|
|poke|p2|Volcanion|
|poke|p2|Zapdos|
|poke|p2|Landorus-Therian, M|
|poke|p2|Kartana|
|poke|p2|Melmetal|
|teampreview
|inactive|Battle timer is ON: inactive players will automatically lose when time's up. (requested by ultimategoogolplex)
|inactive|Feenieh also wants the timer to be on.
|
|t:|1667436815
|start
|switch|p1a: Shenron|Garchomp, M|100/100
|switch|p2a: Weavile|Weavile, F|100/100
|-ability|p2a: Weavile|Pressure
|turn|1
|inactive|Feenieh has 120 seconds left.
|
|t:|1667436848
|move|p1a: Shenron|Iron Head|p2a: Weavile
|-supereffective|p2a: Weavile
|-damage|p2a: Weavile|12/100
|move|p2a: Weavile|Knock Off|p1a: Shenron
|-damage|p1a: Shenron|25/100
|-damage|p2a: Weavile|0 fnt|[from] ability: Rough Skin|[of] p1a: Shenron
|faint|p2a: Weavile
|
|upkeep
|
|t:|1667436857
|switch|p2a: Volcanion|Volcanion|100/100
|turn|2
|inactive|Feenieh has 120 seconds left.
|
|t:|1667436875
|switch|p1a: Gon|Corsola-Galar, M|100/100
|move|p2a: Volcanion|Steam Eruption|p1a: Gon
|-damage|p1a: Gon|44/100
|
|upkeep
|turn|3
|
|t:|1667436881
|move|p2a: Volcanion|Steam Eruption|p1a: Gon
|-damage|p1a: Gon|0 fnt
|faint|p1a: Gon
|
|upkeep
|
|t:|1667436892
|switch|p1a: Cyclos|Landorus-Therian, M|100/100
|-ability|p1a: Cyclos|Intimidate|boost
|-unboost|p2a: Volcanion|atk|1
|turn|4
|
|t:|1667436897
|switch|p2a: Landorus|Landorus-Therian, M|100/100
|-ability|p2a: Landorus|Intimidate|boost
|-unboost|p1a: Cyclos|atk|1
|move|p1a: Cyclos|Explosion|p2a: Landorus
|-damage|p2a: Landorus|29/100
|faint|p1a: Cyclos
|
|-heal|p2a: Landorus|35/100|[from] item: Leftovers
|upkeep
|
|t:|1667436906
|switch|p1a: Thor|Zapdos|100/100
|turn|5
|
|t:|1667436913
|move|p2a: Landorus|Stealth Rock|p1a: Thor
|-sidestart|p1: Feenieh|move: Stealth Rock
|move|p1a: Thor|Hurricane|p2a: Landorus|[miss]
|-miss|p1a: Thor|p2a: Landorus
|
|-heal|p2a: Landorus|41/100|[from] item: Leftovers
|upkeep
|turn|6
|
|t:|1667436919
|switch|p2a: Melmetal|Melmetal|100/100
|move|p1a: Thor|Defog|p2a: Melmetal
|-unboost|p2a: Melmetal|evasion|1
|-sideend|p1: Feenieh|Stealth Rock|[from] move: Defog|[of] p1a: Thor
|
|upkeep
|turn|7
|
|t:|1667436927
|move|p1a: Thor|Thunderbolt|p2a: Melmetal
|-damage|p2a: Melmetal|74/100
|move|p2a: Melmetal|Ice Punch|p1a: Thor
|-supereffective|p1a: Thor
|-damage|p1a: Thor|29/100
|
|upkeep
|turn|8
|
|t:|1667436934
|switch|p1a: MetalGreymon|Heatran, F|100/100
|-item|p1a: MetalGreymon|Air Balloon
|move|p2a: Melmetal|Earthquake|p1a: MetalGreymon
|-immune|p1a: MetalGreymon
|
|upkeep
|turn|9
|
|t:|1667436941
|switch|p2a: Volcanion|Volcanion|100/100
|move|p1a: MetalGreymon|Lava Plume|p2a: Volcanion
|-resisted|p2a: Volcanion
|-damage|p2a: Volcanion|87/100
|
|upkeep
|turn|10
|
|t:|1667436954
|move|p2a: Volcanion|Steam Eruption|p1a: MetalGreymon
|-supereffective|p1a: MetalGreymon
|-damage|p1a: MetalGreymon|0 fnt
|-enditem|p1a: MetalGreymon|Air Balloon
|faint|p1a: MetalGreymon
|
|upkeep
|
|t:|1667436956
|switch|p1a: Thor|Zapdos|29/100
|turn|11
|
|t:|1667436967
|switch|p2a: Melmetal|Melmetal|74/100
|move|p1a: Thor|Thunderbolt|p2a: Melmetal
|-damage|p2a: Melmetal|49/100
|
|upkeep
|turn|12
|-message|Feenieh forfeited.
|
|win|ultimategoogolplex
|raw|Feenieh's rating: 1687 &rarr; <strong>1669</strong><br />(-18 for losing)
|raw|ultimategoogolplex's rating: 1730 &rarr; <strong>1748</strong><br />(+18 for winning)
|l|☆Feenieh
