|html|<div class="broadcast-blue"><strong>[Gen 8] OU is currently suspecting Melmetal! For information on how to participate check out the <a href="https://www.smogon.com/forums/threads/np-ss-ou-suspect-process-round-12-monster-mash.3709234/">suspect thread</a>.</strong></div>
|j|☆toon arctozolt
|j|☆KirbyPhoenix25
|t:|1666765428
|gametype|singles
|player|p1|toon arctozolt|harlequin|1707
|player|p2|KirbyPhoenix25|265|1707
|teamsize|p1|6
|teamsize|p2|6
|gen|8
|tier|[Gen 8] OU
|rated|
|rule|Sleep Clause Mod: Limit one foe put to sleep
|rule|Species Clause: Limit one of each Pokémon
|rule|OHKO Clause: OHKO moves are banned
|rule|Evasion Items Clause: Evasion items are banned
|rule|Evasion Moves Clause: Evasion moves are banned
|rule|Endless Battle Clause: Forcing endless battles is banned
|rule|HP Percentage Mod: HP is shown in percentages
|rule|Dynamax Clause: You cannot dynamax
|clearpoke
|poke|p1|Pelipper, M|
|poke|p1|Corviknight, F|
|poke|p1|Inteleon, M|
|poke|p1|Ferrothorn, M|
|poke|p1|Barraskewda, F|
|poke|p1|Seismitoad, M|
|poke|p2|Ferrothorn, M|
|poke|p2|Rotom-Wash|
|poke|p2|Tyranitar, M|
|poke|p2|Excadrill, F|
|poke|p2|Clefable, M|
|poke|p2|Dragapult, F|
|teampreview
|inactive|Battle timer is ON: inactive players will automatically lose when time's up. (requested by KirbyPhoenix25)
|inactive|toon arctozolt also wants the timer to be on.
|
|t:|1666765435
|start
|switch|p1a: Ferrothorn|Ferrothorn, M|100/100
|switch|p2a: Rotom|Rotom-Wash|100/100
|turn|1
|
|t:|1666765439
|move|p2a: Rotom|Volt Switch|p1a: Ferrothorn
|-resisted|p1a: Ferrothorn
|-damage|p1a: Ferrothorn|93/100
|
|t:|1666765441
|switch|p2a: Clefable|Clefable, M|100/100|[from]move: Volt Switch
|move|p1a: Ferrothorn|Knock Off|p2a: Clefable
|-resisted|p2a: Clefable
|-damage|p2a: Clefable|92/100
|-damage|p1a: Ferrothorn|76/100|[from] item: Rocky Helmet|[of] p2a: Clefable
|-enditem|p2a: Clefable|Rocky Helmet|[from] move: Knock Off|[of] p1a: Ferrothorn
|
|-heal|p1a: Ferrothorn|82/100|[from] item: Leftovers
|upkeep
|turn|2
|
|t:|1666765443
|move|p2a: Clefable|Knock Off|p1a: Ferrothorn
|-damage|p1a: Ferrothorn|71/100
|-activate|p1a: Ferrothorn|ability: Iron Barbs
|-enditem|p1a: Ferrothorn|Leftovers|[from] move: Knock Off|[of] p2a: Clefable
|move|p1a: Ferrothorn|Gyro Ball|p2a: Clefable
|-supereffective|p2a: Clefable
|-damage|p2a: Clefable|47/100
|
|upkeep
|turn|3
|
|t:|1666765447
|move|p2a: Clefable|Soft-Boiled|p2a: Clefable
|-heal|p2a: Clefable|97/100
|move|p1a: Ferrothorn|Stealth Rock|p2a: Clefable
|-sidestart|p2: KirbyPhoenix25|move: Stealth Rock
|
|upkeep
|turn|4
|
|t:|1666765452
|switch|p1a: Pelipper|Pelipper, M|100/100
|-weather|RainDance|[from] ability: Drizzle|[of] p1a: Pelipper
|move|p2a: Clefable|Stealth Rock|p1a: Pelipper
|-sidestart|p1: toon arctozolt|move: Stealth Rock
|
|-weather|RainDance|[upkeep]
|upkeep
|turn|5
|
|t:|1666765455
|move|p1a: Pelipper|U-turn|p2a: Clefable
|-resisted|p2a: Clefable
|-damage|p2a: Clefable|94/100
|
|t:|1666765458
|switch|p1a: Corviknight|Corviknight, F|100/100|[from]move: U-turn
|-damage|p1a: Corviknight|88/100|[from] Stealth Rock
|-ability|p1a: Corviknight|Pressure
|move|p2a: Clefable|Knock Off|p1a: Corviknight
|-damage|p1a: Corviknight|79/100
|-enditem|p1a: Corviknight|Rocky Helmet|[from] move: Knock Off|[of] p2a: Clefable
|
|-weather|RainDance|[upkeep]
|upkeep
|turn|6
|
|t:|1666765465
|switch|p2a: Rotom|Rotom-Wash|100/100
|-damage|p2a: Rotom|88/100|[from] Stealth Rock
|move|p1a: Corviknight|U-turn|p2a: Rotom
|-damage|p2a: Rotom|73/100
|
|t:|1666765469
|switch|p1a: Barraskewda|Barraskewda, F|100/100|[from]move: U-turn
|-damage|p1a: Barraskewda|88/100|[from] Stealth Rock
|
|-weather|RainDance|[upkeep]
|-heal|p2a: Rotom|79/100|[from] item: Leftovers
|upkeep
|turn|7
|
|t:|1666765476
|move|p1a: Barraskewda|Flip Turn|p2a: Rotom
|-resisted|p2a: Rotom
|-damage|p2a: Rotom|43/100
|
|t:|1666765479
|switch|p1a: Ferrothorn|Ferrothorn, M|71/100|[from]move: Flip Turn
|-damage|p1a: Ferrothorn|65/100|[from] Stealth Rock
|move|p2a: Rotom|Volt Switch|p1a: Ferrothorn
|-resisted|p1a: Ferrothorn
|-damage|p1a: Ferrothorn|57/100
|
|t:|1666765487
|switch|p2a: Tyranitar|Tyranitar, M|100/100|[from]move: Volt Switch
|-damage|p2a: Tyranitar|88/100|[from] Stealth Rock
|-weather|Sandstorm|[from] ability: Sand Stream|[of] p2a: Tyranitar
|
|-weather|Sandstorm|[upkeep]
|upkeep
|turn|8
|
|t:|1666765492
|move|p2a: Tyranitar|Superpower|p1a: Ferrothorn
|-supereffective|p1a: Ferrothorn
|-damage|p1a: Ferrothorn|0 fnt
|-unboost|p2a: Tyranitar|atk|1
|-unboost|p2a: Tyranitar|def|1
|-damage|p2a: Tyranitar|76/100|[from] ability: Iron Barbs|[of] p1a: Ferrothorn
|faint|p1a: Ferrothorn
|
|-weather|Sandstorm|[upkeep]
|upkeep
|
|t:|1666765498
|switch|p1a: Pelipper|Pelipper, M|100/100
|-damage|p1a: Pelipper|76/100|[from] Stealth Rock
|-weather|RainDance|[from] ability: Drizzle|[of] p1a: Pelipper
|turn|9
|
|t:|1666765501
|switch|p2a: Ferrothorn|Ferrothorn, M|100/100
|-damage|p2a: Ferrothorn|94/100|[from] Stealth Rock
|move|p1a: Pelipper|U-turn|p2a: Ferrothorn
|-damage|p2a: Ferrothorn|89/100
|-damage|p1a: Pelipper|63/100|[from] ability: Iron Barbs|[of] p2a: Ferrothorn
|
|t:|1666765508
|switch|p1a: Barraskewda|Barraskewda, F|88/100|[from]move: U-turn
|-damage|p1a: Barraskewda|76/100|[from] Stealth Rock
|
|-weather|RainDance|[upkeep]
|-heal|p2a: Ferrothorn|95/100|[from] item: Leftovers
|upkeep
|turn|10
|j| notmako
|
|t:|1666765517
|move|p1a: Barraskewda|Close Combat|p2a: Ferrothorn
|-supereffective|p2a: Ferrothorn
|-damage|p2a: Ferrothorn|15/100
|-unboost|p1a: Barraskewda|def|1
|-unboost|p1a: Barraskewda|spd|1
|-damage|p1a: Barraskewda|64/100|[from] ability: Iron Barbs|[of] p2a: Ferrothorn
|move|p2a: Ferrothorn|Leech Seed|p1a: Barraskewda
|-start|p1a: Barraskewda|move: Leech Seed
|
|-weather|RainDance|[upkeep]
|-heal|p2a: Ferrothorn|21/100|[from] item: Leftovers
|-damage|p1a: Barraskewda|52/100|[from] Leech Seed|[of] p2a: Ferrothorn
|-heal|p2a: Ferrothorn|30/100|[silent]
|upkeep
|turn|11
|
|t:|1666765522
|switch|p1a: Inteleon|Inteleon, M|100/100
|-damage|p1a: Inteleon|88/100|[from] Stealth Rock
|switch|p2a: Dragapult|Dragapult, F|100/100
|-damage|p2a: Dragapult|88/100|[from] Stealth Rock
|
|-weather|RainDance|[upkeep]
|upkeep
|turn|12
|
|t:|1666765525
|move|p2a: Dragapult|Draco Meteor|p1a: Inteleon
|-damage|p1a: Inteleon|0 fnt
|-unboost|p2a: Dragapult|spa|2
|faint|p1a: Inteleon
|
|-weather|RainDance|[upkeep]
|upkeep
|
|t:|1666765530
|switch|p1a: Barraskewda|Barraskewda, F|52/100
|-damage|p1a: Barraskewda|40/100|[from] Stealth Rock
|turn|13
|
|t:|1666765533
|switch|p2a: Ferrothorn|Ferrothorn, M|30/100
|-damage|p2a: Ferrothorn|24/100|[from] Stealth Rock
|move|p1a: Barraskewda|Liquidation|p2a: Ferrothorn
|-resisted|p2a: Ferrothorn
|-damage|p2a: Ferrothorn|0 fnt
|-damage|p1a: Barraskewda|27/100|[from] ability: Iron Barbs|[of] p2a: Ferrothorn
|faint|p2a: Ferrothorn
|
|-weather|RainDance|[upkeep]
|upkeep
|
|t:|1666765540
|switch|p2a: Clefable|Clefable, M|94/100
|turn|14
|
|t:|1666765544
|move|p1a: Barraskewda|Liquidation|p2a: Clefable
|-damage|p2a: Clefable|20/100
|move|p2a: Clefable|Moonblast|p1a: Barraskewda
|-damage|p1a: Barraskewda|0 fnt
|faint|p1a: Barraskewda
|
|-weather|RainDance|[upkeep]
|upkeep
|
|t:|1666765547
|switch|p1a: Seismitoad|Seismitoad, M|100/100
|-damage|p1a: Seismitoad|95/100|[from] Stealth Rock
|turn|15
|
|t:|1666765553
|move|p1a: Seismitoad|Weather Ball|p2a: Clefable
|-damage|p2a: Clefable|0 fnt
|faint|p2a: Clefable
|-damage|p1a: Seismitoad|85/100|[from] item: Life Orb
|
|-weather|RainDance|[upkeep]
|upkeep
|
|t:|1666765555
|switch|p2a: Rotom|Rotom-Wash|43/100
|-damage|p2a: Rotom|30/100|[from] Stealth Rock
|turn|16
|
|t:|1666765558
|move|p1a: Seismitoad|Weather Ball|p2a: Rotom
|-resisted|p2a: Rotom
|-damage|p2a: Rotom|0 fnt
|faint|p2a: Rotom
|-damage|p1a: Seismitoad|75/100|[from] item: Life Orb
|
|-weather|none
|upkeep
|
|t:|1666765563
|switch|p2a: Dragapult|Dragapult, F|88/100
|-damage|p2a: Dragapult|76/100|[from] Stealth Rock
|turn|17
|
|t:|1666765572
|switch|p1a: Pelipper|Pelipper, M|63/100
|-damage|p1a: Pelipper|39/100|[from] Stealth Rock
|-weather|RainDance|[from] ability: Drizzle|[of] p1a: Pelipper
|move|p2a: Dragapult|Draco Meteor|p1a: Pelipper|[miss]
|-miss|p2a: Dragapult|p1a: Pelipper
|
|-weather|RainDance|[upkeep]
|upkeep
|turn|18
|
|t:|1666765575
|switch|p1a: Corviknight|Corviknight, F|79/100
|-damage|p1a: Corviknight|67/100|[from] Stealth Rock
|-ability|p1a: Corviknight|Pressure
|move|p2a: Dragapult|Draco Meteor|p1a: Corviknight
|-resisted|p1a: Corviknight
|-damage|p1a: Corviknight|18/100
|-unboost|p2a: Dragapult|spa|2
|
|-weather|RainDance|[upkeep]
|upkeep
|turn|19
|
|t:|1666765578
|move|p2a: Dragapult|Draco Meteor|p1a: Corviknight
|-resisted|p1a: Corviknight
|-damage|p1a: Corviknight|0 fnt
|-unboost|p2a: Dragapult|spa|2
|faint|p1a: Corviknight
|
|-weather|RainDance|[upkeep]
|upkeep
|
|t:|1666765580
|switch|p1a: Seismitoad|Seismitoad, M|75/100
|-damage|p1a: Seismitoad|69/100|[from] Stealth Rock
|turn|20
|
|t:|1666765583
|switch|p2a: Tyranitar|Tyranitar, M|76/100
|-damage|p2a: Tyranitar|64/100|[from] Stealth Rock
|-weather|Sandstorm|[from] ability: Sand Stream|[of] p2a: Tyranitar
|-singleturn|p1a: Seismitoad|move: Focus Punch
|move|p1a: Seismitoad|Focus Punch|p2a: Tyranitar
|-supereffective|p2a: Tyranitar
|-damage|p2a: Tyranitar|0 fnt
|faint|p2a: Tyranitar
|-damage|p1a: Seismitoad|59/100|[from] item: Life Orb
|
|-weather|Sandstorm|[upkeep]
|upkeep
|
|t:|1666765586
|switch|p2a: Dragapult|Dragapult, F|76/100
|-damage|p2a: Dragapult|64/100|[from] Stealth Rock
|turn|21
|
|t:|1666765592
|switch|p1a: Pelipper|Pelipper, M|39/100
|-damage|p1a: Pelipper|14/100|[from] Stealth Rock
|-weather|RainDance|[from] ability: Drizzle|[of] p1a: Pelipper
|move|p2a: Dragapult|Draco Meteor|p1a: Pelipper
|-damage|p1a: Pelipper|0 fnt
|-unboost|p2a: Dragapult|spa|2
|faint|p1a: Pelipper
|
|-weather|RainDance|[upkeep]
|upkeep
|
|t:|1666765594
|switch|p1a: Seismitoad|Seismitoad, M|59/100
|-damage|p1a: Seismitoad|53/100|[from] Stealth Rock
|turn|22
|
|t:|1666765596
|move|p1a: Seismitoad|Earth Power|p2a: Dragapult
|-damage|p2a: Dragapult|0 fnt
|faint|p2a: Dragapult
|-damage|p1a: Seismitoad|43/100|[from] item: Life Orb
|
|-weather|RainDance|[upkeep]
|upkeep
|
|t:|1666765598
|switch|p2a: Excadrill|Excadrill, F|100/100
|-damage|p2a: Excadrill|97/100|[from] Stealth Rock
|turn|23
|
|t:|1666765601
|move|p1a: Seismitoad|Weather Ball|p2a: Excadrill
|-supereffective|p2a: Excadrill
|-damage|p2a: Excadrill|0 fnt
|faint|p2a: Excadrill
|-damage|p1a: Seismitoad|33/100|[from] item: Life Orb
|
|win|toon arctozolt
|raw|toon arctozolt's rating: 1707 &rarr; <strong>1727</strong><br />(+20 for winning)
|raw|KirbyPhoenix25's rating: 1707 &rarr; <strong>1687</strong><br />(-20 for losing)
|l|☆KirbyPhoenix25
