|j|☆ArcanineSquad
|j|☆Jongruenwald
|t:|1607015941
|player|p1|ArcanineSquad|cynthia-gen4|1705
|player|p2|Jongruenwald|linebacker|1714
|teamsize|p1|6
|teamsize|p2|6
|gametype|singles
|gen|8
|tier|[Gen 8] OU
|rated|
|clearpoke
|poke|p1|Pelipper, M|
|poke|p1|Ferrothorn, M|
|poke|p1|Tornadus-Therian, M|
|poke|p1|Garchomp, F|
|poke|p1|Barraskewda, M|
|poke|p1|Urshifu-*, F|
|poke|p2|Arctovish|
|poke|p2|Ninetales-Alola, F|
|poke|p2|Clefable, M|
|poke|p2|Aurorus, M|
|poke|p2|Arctozolt|
|poke|p2|Skarmory, M|
|rule|Sleep Clause Mod: Limit one foe put to sleep
|rule|Species Clause: Limit one of each Pokémon
|rule|OHKO Clause: OHKO moves are banned
|rule|Evasion Moves Clause: Evasion moves are banned
|rule|Endless Battle Clause: Forcing endless battles is banned
|rule|HP Percentage Mod: HP is shown in percentages
|rule|Dynamax Clause: You cannot dynamax
|teampreview
|
|t:|1607015995
|start
|switch|p1a: Ferrothorn|Ferrothorn, M|100/100
|switch|p2a: Skarmory|Skarmory, M|100/100
|turn|1
|
|t:|1607016001
|move|p2a: Skarmory|Body Press|p1a: Ferrothorn
|-supereffective|p1a: Ferrothorn
|-crit|p1a: Ferrothorn
|-damage|p1a: Ferrothorn|25/100
|-damage|p2a: Skarmory|88/100|[from] ability: Iron Barbs|[of] p1a: Ferrothorn
|move|p1a: Ferrothorn|Stealth Rock|p2a: Skarmory
|-sidestart|p2: Jongruenwald|move: Stealth Rock
|
|-heal|p1a: Ferrothorn|32/100|[from] item: Leftovers
|upkeep
|turn|2
|
|t:|1607016007
|switch|p1a: Pelipper|Pelipper, M|100/100
|-weather|RainDance|[from] ability: Drizzle|[of] p1a: Pelipper
|move|p2a: Skarmory|Stealth Rock|p1a: Pelipper
|-sidestart|p1: ArcanineSquad|move: Stealth Rock
|
|-weather|RainDance|[upkeep]
|upkeep
|turn|3
|
|t:|1607016011
|switch|p2a: Aurorus|Aurorus, M|100/100
|-damage|p2a: Aurorus|76/100|[from] Stealth Rock
|-weather|Hail|[from] ability: Snow Warning|[of] p2a: Aurorus
|move|p1a: Pelipper|Scald|p2a: Aurorus
|-supereffective|p2a: Aurorus
|-damage|p2a: Aurorus|50/100
|
|-weather|Hail|[upkeep]
|-damage|p1a: Pelipper|94/100|[from] Hail
|upkeep
|turn|4
|
|t:|1607016022
|switch|p1a: Ferrothorn|Ferrothorn, M|32/100
|-damage|p1a: Ferrothorn|25/100|[from] Stealth Rock
|move|p2a: Aurorus|Freeze-Dry|p1a: Ferrothorn
|-crit|p1a: Ferrothorn
|-damage|p1a: Ferrothorn|1/100
|
|-weather|Hail|[upkeep]
|-damage|p1a: Ferrothorn|0 fnt|[from] Hail
|faint|p1a: Ferrothorn
|upkeep
|j| Vessev
|inactive|Battle timer is ON: inactive players will automatically lose when time's up. (requested by ArcanineSquad)
|
|t:|1607016032
|switch|p1a: Barraskewda|Barraskewda, M|100/100
|-damage|p1a: Barraskewda|88/100|[from] Stealth Rock
|turn|5
|
|t:|1607016038
|switch|p2a: Skarmory|Skarmory, M|88/100
|-damage|p2a: Skarmory|76/100|[from] Stealth Rock
|move|p1a: Barraskewda|Flip Turn|p2a: Skarmory
|-damage|p2a: Skarmory|47/100
|-damage|p1a: Barraskewda|72/100|[from] item: Rocky Helmet|[of] p2a: Skarmory
|
|t:|1607016048
|switch|p1a: Urshifu|Urshifu, F|100/100|[from]move: Flip Turn
|-damage|p1a: Urshifu|94/100|[from] Stealth Rock
|
|-weather|Hail|[upkeep]
|-damage|p1a: Urshifu|88/100|[from] Hail
|-damage|p2a: Skarmory|41/100|[from] Hail
|upkeep
|turn|6
|j| SLKS
|
|t:|1607016057
|move|p1a: Urshifu|U-turn|p2a: Skarmory
|-resisted|p2a: Skarmory
|-damage|p2a: Skarmory|36/100
|-damage|p1a: Urshifu|72/100|[from] item: Rocky Helmet|[of] p2a: Skarmory
|
|t:|1607016062
|switch|p1a: Pelipper|Pelipper, M|94/100|[from]move: U-turn
|-damage|p1a: Pelipper|70/100|[from] Stealth Rock
|-weather|RainDance|[from] ability: Drizzle|[of] p1a: Pelipper
|move|p2a: Skarmory|Roost|p2a: Skarmory
|-heal|p2a: Skarmory|86/100
|-singleturn|p2a: Skarmory|move: Roost
|
|-weather|RainDance|[upkeep]
|upkeep
|turn|7
|
|t:|1607016067
|switch|p2a: Aurorus|Aurorus, M|50/100
|-damage|p2a: Aurorus|25/100|[from] Stealth Rock
|-weather|Hail|[from] ability: Snow Warning|[of] p2a: Aurorus
|move|p1a: Pelipper|Scald|p2a: Aurorus
|-supereffective|p2a: Aurorus
|-damage|p2a: Aurorus|0 fnt
|faint|p2a: Aurorus
|
|-weather|Hail|[upkeep]
|-damage|p1a: Pelipper|63/100|[from] Hail
|upkeep
|
|t:|1607016093
|switch|p2a: Arctozolt|Arctozolt|100/100
|-damage|p2a: Arctozolt|76/100|[from] Stealth Rock
|turn|8
|
|t:|1607016099
|switch|p1a: Garchomp|Garchomp, F, shiny|100/100
|-damage|p1a: Garchomp|94/100|[from] Stealth Rock
|move|p2a: Arctozolt|Freeze-Dry|p1a: Garchomp
|-supereffective|p1a: Garchomp
|-damage|p1a: Garchomp|0 fnt
|faint|p1a: Garchomp
|
|-weather|Hail|[upkeep]
|upkeep
|
|t:|1607016107
|switch|p1a: Pelipper|Pelipper, M|63/100
|-damage|p1a: Pelipper|39/100|[from] Stealth Rock
|-weather|RainDance|[from] ability: Drizzle|[of] p1a: Pelipper
|turn|9
|
|t:|1607016113
|move|p2a: Arctozolt|Bolt Beak|p1a: Pelipper
|-supereffective|p1a: Pelipper
|-damage|p1a: Pelipper|0 fnt
|faint|p1a: Pelipper
|
|-weather|RainDance|[upkeep]
|upkeep
|
|t:|1607016116
|switch|p1a: Barraskewda|Barraskewda, M|72/100
|-damage|p1a: Barraskewda|60/100|[from] Stealth Rock
|turn|10
|
|t:|1607016140
|switch|p2a: Ninetales|Ninetales-Alola, F|100/100
|-damage|p2a: Ninetales|75/100|[from] Stealth Rock
|-weather|Hail|[from] ability: Snow Warning|[of] p2a: Ninetales
|move|p1a: Barraskewda|Liquidation|p2a: Ninetales
|-damage|p2a: Ninetales|0 fnt
|faint|p2a: Ninetales
|
|-weather|Hail|[upkeep]
|-damage|p1a: Barraskewda|54/100|[from] Hail
|upkeep
|
|t:|1607016146
|switch|p2a: Arctozolt|Arctozolt|76/100
|-damage|p2a: Arctozolt|51/100|[from] Stealth Rock
|turn|11
|c|☆Jongruenwald|gg
|c|☆ArcanineSquad|Gg
|
|t:|1607016157
|move|p2a: Arctozolt|Bolt Beak|p1a: Barraskewda
|-supereffective|p1a: Barraskewda
|-damage|p1a: Barraskewda|0 fnt
|faint|p1a: Barraskewda
|
|-weather|Hail|[upkeep]
|upkeep
|
|t:|1607016159
|switch|p1a: Urshifu|Urshifu, F|72/100
|-damage|p1a: Urshifu|66/100|[from] Stealth Rock
|turn|12
|
|t:|1607016165
|move|p1a: Urshifu|Sucker Punch||[still]
|-fail|p1a: Urshifu
|move|p2a: Arctozolt|Substitute|p2a: Arctozolt
|-start|p2a: Arctozolt|Substitute
|-damage|p2a: Arctozolt|26/100
|
|-weather|Hail|[upkeep]
|-damage|p1a: Urshifu|59/100|[from] Hail
|upkeep
|turn|13
|
|t:|1607016168
|move|p1a: Urshifu|Sucker Punch|p2a: Arctozolt
|-end|p2a: Arctozolt|Substitute
|move|p2a: Arctozolt|Bolt Beak|p1a: Urshifu
|-damage|p1a: Urshifu|21/100
|
|-weather|Hail|[upkeep]
|-damage|p1a: Urshifu|15/100|[from] Hail
|upkeep
|turn|14
|
|t:|1607016179
|move|p1a: Urshifu|Sucker Punch|p2a: Arctozolt
|-damage|p2a: Arctozolt|0 fnt
|faint|p2a: Arctozolt
|
|-weather|Hail|[upkeep]
|-damage|p1a: Urshifu|9/100|[from] Hail
|upkeep
|
|t:|1607016182
|switch|p2a: Arctovish|Arctovish|100/100
|-damage|p2a: Arctovish|76/100|[from] Stealth Rock
|turn|15
|
|t:|1607016185
|move|p1a: Urshifu|Sucker Punch||[still]
|-fail|p1a: Urshifu
|move|p2a: Arctovish|Substitute|p2a: Arctovish
|-start|p2a: Arctovish|Substitute
|-damage|p2a: Arctovish|51/100
|
|-weather|Hail|[upkeep]
|-damage|p1a: Urshifu|3/100|[from] Hail
|upkeep
|turn|16
|
|t:|1607016189
|move|p1a: Urshifu|Sucker Punch|p2a: Arctovish
|-end|p2a: Arctovish|Substitute
|move|p2a: Arctovish|Freeze-Dry|p1a: Urshifu
|-damage|p1a: Urshifu|0 fnt
|faint|p1a: Urshifu
|
|-weather|Hail|[upkeep]
|upkeep
|
|t:|1607016195
|switch|p1a: Tornadus|Tornadus-Therian, M|100/100
|turn|17
|
|t:|1607016201
|move|p2a: Arctovish|Freeze-Dry|p1a: Tornadus
|-supereffective|p1a: Tornadus
|-damage|p1a: Tornadus|30/100
|move|p1a: Tornadus|Focus Blast|p2a: Arctovish
|-supereffective|p2a: Arctovish
|-damage|p2a: Arctovish|0 fnt
|faint|p2a: Arctovish
|
|-weather|none
|upkeep
|
|t:|1607016204
|switch|p2a: Clefable|Clefable, M|100/100
|turn|18
|c|☆Jongruenwald|oh fuck
|
|t:|1607016211
|move|p1a: Tornadus|Hurricane|p2a: Clefable
|-damage|p2a: Clefable|63/100
|move|p2a: Clefable|Calm Mind|p2a: Clefable
|-boost|p2a: Clefable|spa|1
|-boost|p2a: Clefable|spd|1
|
|upkeep
|turn|19
|
|t:|1607016218
|move|p1a: Tornadus|Nasty Plot|p1a: Tornadus
|-boost|p1a: Tornadus|spa|2
|move|p2a: Clefable|Soft-Boiled|p2a: Clefable
|-heal|p2a: Clefable|100/100
|
|upkeep
|turn|20
|
|t:|1607016221
|move|p1a: Tornadus|Hurricane|p2a: Clefable
|-damage|p2a: Clefable|77/100
|-start|p2a: Clefable|confusion
|-activate|p2a: Clefable|confusion
|move|p2a: Clefable|Moonblast|p1a: Tornadus
|-damage|p1a: Tornadus|0 fnt
|faint|p1a: Tornadus
|
|win|Jongruenwald
|c|☆Jongruenwald|spdef invest?
|l| Vessev
|l|☆ArcanineSquad
|j| Vessev
|l| SLKS
||Ladder (probably) updated, but score could not be retrieved (Request timeout).
