|j|☆ApOcalpse17
|j|☆LECH24
|t:|1649743278
|gametype|singles
|player|p1|ApOcalpse17|169|1613
|player|p2|LECH24|101|1708
|teamsize|p1|6
|teamsize|p2|6
|gen|8
|tier|[Gen 8] OU
|rated|
|rule|Sleep Clause Mod: Limit one foe put to sleep
|rule|Species Clause: Limit one of each Pokémon
|rule|OHKO Clause: OHKO moves are banned
|rule|Evasion Moves Clause: Evasion moves are banned
|rule|Endless Battle Clause: Forcing endless battles is banned
|rule|HP Percentage Mod: HP is shown in percentages
|rule|Dynamax Clause: You cannot dynamax
|clearpoke
|poke|p1|Dragapult, F|
|poke|p1|Urshifu-*, M|
|poke|p1|Weavile, M|
|poke|p1|Toxapex, M|
|poke|p1|Heatran, F|
|poke|p1|Landorus-Therian, M|
|poke|p2|Corviknight, F|
|poke|p2|Tyrantrum, F|
|poke|p2|Slowbro, M|
|poke|p2|Zeraora|
|poke|p2|Zapdos-Galar|
|poke|p2|Blacephalon|
|teampreview
|j| Iwatchu◉‿◉
|j| korok376
|
|t:|1649743315
|start
|switch|p1a: Weavile|Weavile, M|100/100
|switch|p2a: Blacephalon|Blacephalon|100/100
|-ability|p1a: Weavile|Pressure
|turn|1
|
|t:|1649743324
|switch|p2a: Tyrantrum|Tyrantrum, F|100/100
|switch|p1a: Toxapex|Toxapex, M|100/100
|
|upkeep
|turn|2
|
|t:|1649743332
|switch|p2a: Slowbro|Slowbro, M|100/100
|move|p1a: Toxapex|Scald|p2a: Slowbro
|-resisted|p2a: Slowbro
|-damage|p2a: Slowbro|92/100
|
|upkeep
|turn|3
|
|t:|1649743338
|move|p2a: Slowbro|Scald|p1a: Toxapex
|-resisted|p1a: Toxapex
|-damage|p1a: Toxapex|90/100
|move|p1a: Toxapex|Knock Off|p2a: Slowbro
|-supereffective|p2a: Slowbro
|-enditem|p2a: Slowbro|Colbur Berry|[eat]
|-enditem|p2a: Slowbro|Colbur Berry|[weaken]
|-damage|p2a: Slowbro|83/100
|
|upkeep
|turn|4
|
|t:|1649743356
|switch|p1a: Dragapult|Dragapult, F|100/100
|move|p2a: Slowbro|Teleport|p2a: Slowbro
|
|t:|1649743359
|switch|p2a: Blacephalon|Blacephalon|100/100|[from]move: Teleport
|
|upkeep
|turn|5
|
|t:|1649743366
|switch|p1a: Toxapex|Toxapex, M|100/100
|move|p2a: Blacephalon|Shadow Ball|p1a: Toxapex
|-damage|p1a: Toxapex|64/100
|
|upkeep
|turn|6
|
|t:|1649743376
|switch|p2a: Corviknight|Corviknight, F|100/100
|-ability|p2a: Corviknight|Pressure
|move|p1a: Toxapex|Scald|p2a: Corviknight
|-damage|p2a: Corviknight|90/100
|
|-heal|p2a: Corviknight|96/100|[from] item: Leftovers
|upkeep
|turn|7
|inactive|Battle timer is ON: inactive players will automatically lose when time's up. (requested by LECH24)
|
|t:|1649743394
|move|p2a: Corviknight|U-turn|p1a: Toxapex
|-resisted|p1a: Toxapex
|-damage|p1a: Toxapex|59/100
|-damage|p2a: Corviknight|79/100|[from] item: Rocky Helmet|[of] p1a: Toxapex
|
|t:|1649743397
|switch|p2a: Slowbro|Slowbro, M|100/100|[from]move: U-turn
|move|p1a: Toxapex|Scald|p2a: Slowbro
|-resisted|p2a: Slowbro
|-damage|p2a: Slowbro|92/100
|
|upkeep
|turn|8
|
|t:|1649743405
|switch|p1a: Dragapult|Dragapult, F|100/100
|move|p2a: Slowbro|Teleport|p2a: Slowbro
|
|t:|1649743408
|switch|p2a: Zeraora|Zeraora|100/100|[from]move: Teleport
|
|upkeep
|turn|9
|
|t:|1649743413
|switch|p1a: Landorus|Landorus-Therian, M|100/100
|-ability|p1a: Landorus|Intimidate|boost
|-unboost|p2a: Zeraora|atk|1
|move|p2a: Zeraora|Knock Off|p1a: Landorus
|-damage|p1a: Landorus|80/100
|-enditem|p1a: Landorus|Leftovers|[from] move: Knock Off|[of] p2a: Zeraora
|
|upkeep
|turn|10
|
|t:|1649743421
|switch|p2a: Zapdos|Zapdos-Galar|100/100
|move|p1a: Landorus|U-turn|p2a: Zapdos
|-resisted|p2a: Zapdos
|-damage|p2a: Zapdos|94/100
|
|t:|1649743447
|switch|p1a: Dragapult|Dragapult, F|100/100|[from]move: U-turn
|
|upkeep
|turn|11
|j| Tuskany
|
|t:|1649743454
|move|p1a: Dragapult|Draco Meteor|p2a: Zapdos
|-damage|p2a: Zapdos|0 fnt
|-unboost|p1a: Dragapult|spa|2
|faint|p2a: Zapdos
|
|upkeep
|
|t:|1649743464
|switch|p2a: Blacephalon|Blacephalon|100/100
|turn|12
|
|t:|1649743478
|switch|p2a: Slowbro|Slowbro, M|100/100
|switch|p1a: Heatran|Heatran, F|100/100
|
|upkeep
|turn|13
|
|t:|1649743486
|move|p1a: Heatran|Stealth Rock|p2a: Slowbro
|-sidestart|p2: LECH24|move: Stealth Rock
|move|p2a: Slowbro|Teleport|p2a: Slowbro
|
|t:|1649743488
|switch|p2a: Tyrantrum|Tyrantrum, F|100/100|[from]move: Teleport
|-damage|p2a: Tyrantrum|88/100|[from] Stealth Rock
|
|upkeep
|turn|14
|
|t:|1649743495
|switch|p1a: Landorus|Landorus-Therian, M|80/100
|-ability|p1a: Landorus|Intimidate|boost
|-unboost|p2a: Tyrantrum|atk|1
|move|p2a: Tyrantrum|Stealth Rock|p1a: Landorus
|-sidestart|p1: ApOcalpse17|move: Stealth Rock
|
|upkeep
|turn|15
|
|t:|1649743503
|switch|p2a: Zeraora|Zeraora|100/100
|move|p1a: Landorus|U-turn|p2a: Zeraora
|-damage|p2a: Zeraora|70/100
|
|t:|1649743520
|switch|p1a: Weavile|Weavile, M|100/100|[from]move: U-turn
|-ability|p1a: Weavile|Pressure
|
|upkeep
|turn|16
|
|t:|1649743526
|switch|p2a: Slowbro|Slowbro, M|100/100
|-damage|p2a: Slowbro|88/100|[from] Stealth Rock
|switch|p1a: Landorus|Landorus-Therian, M|80/100
|-damage|p1a: Landorus|68/100|[from] Stealth Rock
|-ability|p1a: Landorus|Intimidate|boost
|-unboost|p2a: Slowbro|atk|1
|
|upkeep
|turn|17
|
|t:|1649743535
|move|p1a: Landorus|U-turn|p2a: Slowbro
|-supereffective|p2a: Slowbro
|-damage|p2a: Slowbro|64/100
|
|t:|1649743542
|switch|p1a: Dragapult|Dragapult, F|100/100|[from]move: U-turn
|-damage|p1a: Dragapult|88/100|[from] Stealth Rock
|move|p2a: Slowbro|Teleport|p2a: Slowbro
|
|t:|1649743544
|switch|p2a: Zeraora|Zeraora|70/100|[from]move: Teleport
|
|upkeep
|turn|18
|j| afduihidsuhfiuhds
|
|t:|1649743568
|switch|p1a: Landorus|Landorus-Therian, M|68/100
|-damage|p1a: Landorus|55/100|[from] Stealth Rock
|-ability|p1a: Landorus|Intimidate|boost
|-unboost|p2a: Zeraora|atk|1
|move|p2a: Zeraora|Knock Off|p1a: Landorus
|-damage|p1a: Landorus|42/100
|
|upkeep
|turn|19
|l| Tuskany
|
|t:|1649743578
|switch|p2a: Corviknight|Corviknight, F|79/100
|-damage|p2a: Corviknight|67/100|[from] Stealth Rock
|-ability|p2a: Corviknight|Pressure
|move|p1a: Landorus|U-turn|p2a: Corviknight
|-resisted|p2a: Corviknight
|-damage|p2a: Corviknight|62/100
|j| JJ09LIE
|inactive|ApOcalpse17 has 120 seconds left.
|
|t:|1649743598
|switch|p1a: Heatran|Heatran, F|100/100|[from]move: U-turn
|-damage|p1a: Heatran|88/100|[from] Stealth Rock
|
|-heal|p1a: Heatran|94/100|[from] item: Leftovers
|-heal|p2a: Corviknight|68/100|[from] item: Leftovers
|upkeep
|turn|20
|inactive|ApOcalpse17 has 120 seconds left.
|
|t:|1649743613
|switch|p1a: Weavile|Weavile, M|100/100
|-ability|p1a: Weavile|Pressure
|switch|p2a: Tyrantrum|Tyrantrum, F|88/100
|-damage|p2a: Tyrantrum|76/100|[from] Stealth Rock
|
|upkeep
|turn|21
|
|t:|1649743621
|switch|p2a: Slowbro|Slowbro, M|97/100
|-damage|p2a: Slowbro|85/100|[from] Stealth Rock
|move|p1a: Weavile|Triple Axel|p2a: Slowbro
|-resisted|p2a: Slowbro
|-damage|p2a: Slowbro|82/100
|-hitcount|p2a: Slowbro|1
|
|upkeep
|turn|22
|inactive|ApOcalpse17 has 120 seconds left.
|j| AppleGamerPlayer10
|
|t:|1649743655
|move|p1a: Weavile|Knock Off|p2a: Slowbro
|-supereffective|p2a: Slowbro
|-damage|p2a: Slowbro|45/100
|move|p2a: Slowbro|Teleport|p2a: Slowbro
|
|t:|1649743659
|switch|p2a: Blacephalon|Blacephalon|100/100|[from]move: Teleport
|-damage|p2a: Blacephalon|76/100|[from] Stealth Rock
|
|upkeep
|turn|23
|
|t:|1649743671
|switch|p2a: Tyrantrum|Tyrantrum, F|76/100
|-damage|p2a: Tyrantrum|63/100|[from] Stealth Rock
|switch|p1a: Heatran|Heatran, F|94/100
|-damage|p1a: Heatran|82/100|[from] Stealth Rock
|
|-heal|p1a: Heatran|88/100|[from] item: Leftovers
|upkeep
|turn|24
|
|t:|1649743681
|move|p2a: Tyrantrum|Head Smash|p1a: Heatran|[miss]
|-miss|p2a: Tyrantrum|p1a: Heatran
|move|p1a: Heatran|Earth Power|p2a: Tyrantrum
|-supereffective|p2a: Tyrantrum
|-damage|p2a: Tyrantrum|0 fnt
|faint|p2a: Tyrantrum
|
|-heal|p1a: Heatran|94/100|[from] item: Leftovers
|upkeep
|
|t:|1649743697
|switch|p2a: Slowbro|Slowbro, M|78/100
|-damage|p2a: Slowbro|66/100|[from] Stealth Rock
|turn|25
|
|t:|1649743704
|move|p1a: Heatran|Taunt|p2a: Slowbro
|-start|p2a: Slowbro|move: Taunt
|move|p2a: Slowbro|Scald|p1a: Heatran
|-supereffective|p1a: Heatran
|-damage|p1a: Heatran|60/100
|
|-heal|p1a: Heatran|66/100|[from] item: Leftovers
|upkeep
|turn|26
|
|t:|1649743711
|move|p1a: Heatran|Magma Storm|p2a: Slowbro
|-resisted|p2a: Slowbro
|-damage|p2a: Slowbro|42/100
|-activate|p2a: Slowbro|move: Magma Storm|[of] p1a: Heatran
|move|p2a: Slowbro|Scald|p1a: Heatran
|-supereffective|p1a: Heatran
|-damage|p1a: Heatran|33/100
|
|-heal|p1a: Heatran|39/100|[from] item: Leftovers
|-damage|p2a: Slowbro|30/100|[from] move: Magma Storm|[partiallytrapped]
|upkeep
|turn|27
|
|t:|1649743723
|move|p1a: Heatran|Earth Power|p2a: Slowbro
|-damage|p2a: Slowbro|5/100
|move|p2a: Slowbro|Body Press|p1a: Heatran
|-supereffective|p1a: Heatran
|-damage|p1a: Heatran|0 fnt
|faint|p1a: Heatran
|
|-end|p2a: Slowbro|Magma Storm|[partiallytrapped]|[silent]
|-end|p2a: Slowbro|move: Taunt
|upkeep
|inactive|ApOcalpse17 has 120 seconds left.
|
|t:|1649743754
|switch|p1a: Weavile|Weavile, M|100/100
|-ability|p1a: Weavile|Pressure
|turn|28
|inactive|ApOcalpse17 has 90 seconds left.
|
|t:|1649743784
|move|p1a: Weavile|Knock Off|p2a: Slowbro
|-supereffective|p2a: Slowbro
|-damage|p2a: Slowbro|0 fnt
|faint|p2a: Slowbro
|
|upkeep
|
|t:|1649743790
|switch|p2a: Zeraora|Zeraora|70/100
|turn|29
|inactive|ApOcalpse17 has 90 seconds left.
|inactive|LECH24 has 120 seconds left.
|
|t:|1649743815
|switch|p1a: Toxapex|Toxapex, M|93/100
|-damage|p1a: Toxapex|80/100|[from] Stealth Rock
|move|p2a: Zeraora|Close Combat|p1a: Toxapex
|-resisted|p1a: Toxapex
|-damage|p1a: Toxapex|67/100
|-unboost|p2a: Zeraora|def|1
|-unboost|p2a: Zeraora|spd|1
|-damage|p2a: Zeraora|53/100|[from] item: Rocky Helmet|[of] p1a: Toxapex
|
|upkeep
|turn|30
|inactive|ApOcalpse17 has 90 seconds left.
|
|t:|1649743825
|switch|p1a: Landorus|Landorus-Therian, M|42/100
|-damage|p1a: Landorus|30/100|[from] Stealth Rock
|-ability|p1a: Landorus|Intimidate|boost
|-unboost|p2a: Zeraora|atk|1
|move|p2a: Zeraora|Volt Switch|p1a: Landorus
|-immune|p1a: Landorus
|
|upkeep
|turn|31
|inactive|ApOcalpse17 has 90 seconds left.
|
|t:|1649743836
|switch|p2a: Corviknight|Corviknight, F|68/100
|-damage|p2a: Corviknight|56/100|[from] Stealth Rock
|-ability|p2a: Corviknight|Pressure
|move|p1a: Landorus|U-turn|p2a: Corviknight
|-resisted|p2a: Corviknight
|-damage|p2a: Corviknight|51/100
|inactive|ApOcalpse17 has 90 seconds left.
|inactive|ApOcalpse17 has 60 seconds left.
|
|t:|1649743882
|switch|p1a: Urshifu|Urshifu-Rapid-Strike, M|100/100|[from]move: U-turn
|-damage|p1a: Urshifu|94/100|[from] Stealth Rock
|
|-heal|p2a: Corviknight|58/100|[from] item: Leftovers
|upkeep
|turn|32
|
|t:|1649743893
|move|p1a: Urshifu|Close Combat|p2a: Corviknight
|-damage|p2a: Corviknight|0 fnt
|-unboost|p1a: Urshifu|def|1
|-unboost|p1a: Urshifu|spd|1
|faint|p2a: Corviknight
|
|upkeep
|
|t:|1649743899
|switch|p2a: Blacephalon|Blacephalon|76/100
|-damage|p2a: Blacephalon|51/100|[from] Stealth Rock
|turn|33
|inactive|ApOcalpse17 has 60 seconds left.
|
|t:|1649743905
|switch|p1a: Toxapex|Toxapex, M|100/100
|-damage|p1a: Toxapex|88/100|[from] Stealth Rock
|move|p2a: Blacephalon|Flamethrower|p1a: Toxapex
|-resisted|p1a: Toxapex
|-damage|p1a: Toxapex|66/100
|
|upkeep
|turn|34
|
|t:|1649743912
|move|p2a: Blacephalon|Flamethrower|p1a: Toxapex
|-resisted|p1a: Toxapex
|-damage|p1a: Toxapex|44/100
|move|p1a: Toxapex|Knock Off|p2a: Blacephalon
|-supereffective|p2a: Blacephalon
|-damage|p2a: Blacephalon|0 fnt
|-enditem|p2a: Blacephalon|Choice Scarf|[from] move: Knock Off|[of] p1a: Toxapex
|faint|p2a: Blacephalon
|
|upkeep
|-message|LECH24 forfeited.
|
|win|ApOcalpse17
|raw|ApOcalpse17's rating: 1613 &rarr; <strong>1638</strong><br />(+25 for winning)
|raw|LECH24's rating: 1708 &rarr; <strong>1683</strong><br />(-25 for losing)
|l| korok376
|c|☆ApOcalpse17|gg
