|j|☆wsdfg
|j|☆RIP Ol' Drippy
|t:|1608170814
|player|p1|wsdfg|burglar|
|player|p2|RIP Ol' Drippy|medium|
|teamsize|p1|6
|teamsize|p2|6
|gametype|singles
|gen|8
|tier|[Gen 8] OU
|rated|Tournament battle
|clearpoke
|poke|p1|Ho-Oh|
|poke|p1|Spectrier|
|poke|p1|Urshifu-*, F|
|poke|p1|Ferrothorn, M|
|poke|p1|Toxapex, M|
|poke|p1|Magearna|
|poke|p2|Melmetal|
|poke|p2|Ho-Oh|
|poke|p2|Urshifu-*, F|
|poke|p2|Spectrier|
|poke|p2|Toxapex, F|
|poke|p2|Tapu Bulu|
|rule|Sleep Clause Mod: Limit one foe put to sleep
|rule|Species Clause: Limit one of each Pokémon
|rule|OHKO Clause: OHKO moves are banned
|rule|Evasion Moves Clause: Evasion moves are banned
|rule|Endless Battle Clause: Forcing endless battles is banned
|rule|HP Percentage Mod: HP is shown in percentages
|rule|Dynamax Clause: You cannot dynamax
|teampreview
|j| Kraymar
|j| jojoreference4444
|j| iamthegarbodr
|
|t:|1608170837
|start
|switch|p1a: Spectrier|Spectrier|100/100
|switch|p2a: Urshifu|Urshifu, F|100/100
|turn|1
|
|t:|1608170843
|move|p1a: Spectrier|Will-O-Wisp|p2a: Urshifu
|-status|p2a: Urshifu|brn
|move|p2a: Urshifu|Wicked Blow|p1a: Spectrier
|-supereffective|p1a: Spectrier
|-crit|p1a: Spectrier
|-damage|p1a: Spectrier|0 fnt
|faint|p1a: Spectrier
|
|-damage|p2a: Urshifu|94/100 brn|[from] brn
|upkeep
|
|t:|1608170849
|switch|p1a: Urshifu|Urshifu, F|100/100
|turn|2
|j| ppev
|inactive|Battle timer is ON: inactive players will automatically lose when time's up. (requested by RIP Ol' Drippy)
|
|t:|1608170853
|switch|p2a: Toxapex|Toxapex, F|100/100
|move|p1a: Urshifu|Wicked Blow|p2a: Toxapex
|-crit|p2a: Toxapex
|-damage|p2a: Toxapex|46/100
|
|-heal|p2a: Toxapex|52/100|[from] item: Black Sludge
|upkeep
|turn|3
|l| ppev
|
|t:|1608170859
|switch|p2a: Urshifu|Urshifu, F|94/100 brn
|move|p1a: Urshifu|Wicked Blow|p2a: Urshifu
|-resisted|p2a: Urshifu
|-crit|p2a: Urshifu
|-damage|p2a: Urshifu|73/100 brn
|
|-damage|p2a: Urshifu|66/100 brn|[from] brn
|upkeep
|turn|4
|
|t:|1608170863
|switch|p1a: Ferrothorn|Ferrothorn, M|100/100
|move|p2a: Urshifu|U-turn|p1a: Ferrothorn
|-damage|p1a: Ferrothorn|91/100
|-damage|p2a: Urshifu|54/100 brn|[from] ability: Iron Barbs|[of] p1a: Ferrothorn
|
|t:|1608170868
|switch|p2a: Ho-Oh|Ho-Oh|100/100|[from]move: U-turn
|
|-heal|p1a: Ferrothorn|97/100|[from] item: Leftovers
|upkeep
|turn|5
|
|t:|1608170873
|switch|p1a: Toxapex|Toxapex, M|100/100
|move|p2a: Ho-Oh|Sacred Fire|p1a: Toxapex
|-resisted|p1a: Toxapex
|-damage|p1a: Toxapex|83/100
|
|-heal|p1a: Toxapex|89/100|[from] item: Black Sludge
|upkeep
|turn|6
|
|t:|1608170877
|move|p2a: Ho-Oh|Earthquake|p1a: Toxapex
|-supereffective|p1a: Toxapex
|-damage|p1a: Toxapex|46/100
|move|p1a: Toxapex|Knock Off|p2a: Ho-Oh
|-damage|p2a: Ho-Oh|91/100
|-enditem|p2a: Ho-Oh|Heavy-Duty Boots|[from] move: Knock Off|[of] p1a: Toxapex
|
|-heal|p1a: Toxapex|52/100|[from] item: Black Sludge
|upkeep
|turn|7
|
|t:|1608170884
|switch|p2a: Spectrier|Spectrier|100/100
|switch|p1a: Ho-Oh|Ho-Oh|100/100
|
|upkeep
|turn|8
|
|t:|1608170886
|move|p2a: Spectrier|Shadow Ball|p1a: Ho-Oh
|-damage|p1a: Ho-Oh|64/100
|move|p1a: Ho-Oh|Sacred Fire|p2a: Spectrier
|-damage|p2a: Spectrier|38/100
|-status|p2a: Spectrier|brn
|
|-damage|p2a: Spectrier|32/100 brn|[from] brn
|upkeep
|turn|9
|
|t:|1608170898
|move|p2a: Spectrier|Shadow Ball|p1a: Ho-Oh
|-damage|p1a: Ho-Oh|27/100
|-unboost|p1a: Ho-Oh|spd|1
|move|p1a: Ho-Oh|Roost|p1a: Ho-Oh
|-heal|p1a: Ho-Oh|77/100
|-singleturn|p1a: Ho-Oh|move: Roost
|
|-damage|p2a: Spectrier|26/100 brn|[from] brn
|upkeep
|turn|10
|
|t:|1608170903
|switch|p1a: Toxapex|Toxapex, M|85/100
|move|p2a: Spectrier|Shadow Ball|p1a: Toxapex
|-damage|p1a: Toxapex|41/100
|
|-heal|p1a: Toxapex|47/100|[from] item: Black Sludge
|-damage|p2a: Spectrier|20/100 brn|[from] brn
|upkeep
|turn|11
|
|t:|1608170907
|switch|p1a: Ho-Oh|Ho-Oh|100/100
|move|p2a: Spectrier|Shadow Ball|p1a: Ho-Oh
|-damage|p1a: Ho-Oh|60/100
|
|-damage|p2a: Spectrier|13/100 brn|[from] brn
|upkeep
|turn|12
|j| kek empire
|-message|RIP Ol' Drippy forfeited.
|
|win|wsdfg
|n|☆wsdfg|wsdfg
|n|☆RIP Ol' Drippy|ripoldrippy
|n| Kraymar|kraymar
|n| jojoreference4444|jojoreference4444
|n| iamthegarbodr|iamthegarbodr
|n| kek empire|kekempire
|l|☆RIP Ol' Drippy
|l|☆wsdfg
|l| Kraymar
|l| iamthegarbodr
|l| jojoreference4444
