|raw|<div class="broadcast-blue"><strong>This battle is required to be public due to a player having a name starting with 'lt92pf'.</div>
|j|☆LT92PF Raizen
|j|‽kinetic chain
|t:|1660077971
|gametype|singles
|player|p1|LT92PF Raizen|#raizen1704|2030
|player|p2|kinetic chain|giovanni-gen1|1935
|teamsize|p1|6
|teamsize|p2|6
|gen|8
|tier|[Gen 8] OU
|rated|
|rule|Sleep Clause Mod: Limit one foe put to sleep
|rule|Species Clause: Limit one of each Pokémon
|rule|OHKO Clause: OHKO moves are banned
|rule|Evasion Items Clause: Evasion items are banned
|rule|Evasion Moves Clause: Evasion moves are banned
|rule|Endless Battle Clause: Forcing endless battles is banned
|rule|HP Percentage Mod: HP is shown in percentages
|rule|Dynamax Clause: You cannot dynamax
|clearpoke
|poke|p1|Tapu Koko|
|poke|p1|Tornadus-Therian, M|
|poke|p1|Garchomp, F|
|poke|p1|Urshifu-*, M|
|poke|p1|Slowking-Galar, M|
|poke|p1|Ferrothorn, F|
|poke|p2|Dragapult, M|
|poke|p2|Clefable, M|
|poke|p2|Heatran, M|
|poke|p2|Landorus-Therian, M|
|poke|p2|Zapdos|
|poke|p2|Urshifu-*, M|
|teampreview
|inactive|Battle timer is ON: inactive players will automatically lose when time's up. (requested by kinetic chain)
|j| LT92PF rej
|c|☆LT92PF Raizen|hf
|j| Serpi n_n
|j| lt92PF stock972
|j| lt92pf ruby
|
|t:|1660077994
|start
|switch|p1a: Garchomp|Garchomp, F, shiny|100/100
|switch|p2a: Clefable|Clefable, M|100/100
|turn|1
|j| LT91BB Livio
|j| Enzonana
|j| Electric win
|j| samurott champloo
|j| LT92PF croo
|j| LT92PF Sunny
|j| lt92pf fenomeno
|j| Pokemh
|j| LT92PF Uxilon
|
|t:|1660078015
|move|p1a: Garchomp|Stealth Rock|p2a: Clefable
|-sidestart|p2: kinetic chain|move: Stealth Rock
|move|p2a: Clefable|Stealth Rock|p1a: Garchomp
|-sidestart|p1: LT92PF Raizen|move: Stealth Rock
|
|upkeep
|turn|2
|
|t:|1660078017
|switch|p1a: Slowking|Slowking-Galar, M, shiny|100/100
|-damage|p1a: Slowking|88/100|[from] Stealth Rock
|move|p2a: Clefable|Knock Off|p1a: Slowking
|-supereffective|p1a: Slowking
|-damage|p1a: Slowking|61/100
|-enditem|p1a: Slowking|Assault Vest|[from] move: Knock Off|[of] p2a: Clefable
|
|upkeep
|turn|3
|j| jeanmilapipe
|
|t:|1660078024
|switch|p2a: Landorus|Landorus-Therian, M|100/100
|-damage|p2a: Landorus|88/100|[from] Stealth Rock
|-ability|p2a: Landorus|Intimidate|boost
|-unboost|p1a: Slowking|atk|1
|move|p1a: Slowking|Future Sight|p2a: Landorus
|-start|p1a: Slowking|move: Future Sight
|
|-heal|p2a: Landorus|94/100|[from] item: Leftovers
|upkeep
|turn|4
|
|t:|1660078041
|switch|p1a: Tornadus|Tornadus-Therian, M, shiny|100/100
|move|p2a: Landorus|U-turn|p1a: Tornadus
|-resisted|p1a: Tornadus
|-damage|p1a: Tornadus|89/100
|j| LT92PF Black Lotus
|
|t:|1660078045
|switch|p2a: Heatran|Heatran, M|100/100|[from]move: U-turn
|-damage|p2a: Heatran|88/100|[from] Stealth Rock
|
|-heal|p2a: Heatran|94/100|[from] item: Leftovers
|upkeep
|turn|5
|j| RNN YasuKe
|j| OU Vacation
|
|t:|1660078050
|move|p1a: Tornadus|Knock Off|p2a: Heatran
|-damage|p2a: Heatran|78/100
|-enditem|p2a: Heatran|Leftovers|[from] move: Knock Off|[of] p1a: Tornadus
|move|p2a: Heatran|Magma Storm|p1a: Tornadus|[miss]
|-miss|p2a: Heatran|p1a: Tornadus
|
|-end|p2a: Heatran|move: Future Sight
|-resisted|p2a: Heatran
|-damage|p2a: Heatran|62/100
|upkeep
|turn|6
|
|t:|1660078061
|move|p1a: Tornadus|Knock Off|p2a: Heatran
|-damage|p2a: Heatran|50/100
|move|p2a: Heatran|Magma Storm|p1a: Tornadus
|-damage|p1a: Tornadus|46/100
|-activate|p1a: Tornadus|move: Magma Storm|[of] p2a: Heatran
|
|-damage|p1a: Tornadus|33/100|[from] move: Magma Storm|[partiallytrapped]
|upkeep
|turn|7
|
|t:|1660078067
|move|p1a: Tornadus|U-turn|p2a: Heatran
|-resisted|p2a: Heatran
|-damage|p2a: Heatran|47/100
|
|t:|1660078068
|switch|p1a: Garchomp|Garchomp, F, shiny|100/100|[from]move: U-turn
|-damage|p1a: Garchomp|94/100|[from] Stealth Rock
|move|p2a: Heatran|Magma Storm|p1a: Garchomp
|-resisted|p1a: Garchomp
|-damage|p1a: Garchomp|80/100
|-activate|p1a: Garchomp|move: Magma Storm|[of] p2a: Heatran
|
|-heal|p1a: Garchomp|86/100|[from] item: Leftovers
|-damage|p1a: Garchomp|73/100|[from] move: Magma Storm|[partiallytrapped]
|upkeep
|turn|8
|j| EloHD
|
|t:|1660078075
|switch|p2a: Clefable|Clefable, M|100/100
|move|p1a: Garchomp|Earthquake|p2a: Clefable
|-damage|p2a: Clefable|68/100
|
|-heal|p1a: Garchomp|80/100|[from] item: Leftovers
|-end|p1a: Garchomp|Magma Storm|[partiallytrapped]|[silent]
|upkeep
|turn|9
|
|t:|1660078079
|switch|p1a: Slowking|Slowking-Galar, M, shiny|94/100
|-damage|p1a: Slowking|81/100|[from] Stealth Rock
|switch|p2a: Urshifu|Urshifu-Rapid-Strike, M|100/100
|-damage|p2a: Urshifu|94/100|[from] Stealth Rock
|
|upkeep
|turn|10
|
|t:|1660078096
|switch|p1a: Ferrothorn|Ferrothorn, F, shiny|100/100
|-damage|p1a: Ferrothorn|95/100|[from] Stealth Rock
|move|p2a: Urshifu|Surging Strikes|p1a: Ferrothorn
|-resisted|p1a: Ferrothorn
|-crit|p1a: Ferrothorn
|-damage|p1a: Ferrothorn|85/100
|-damage|p2a: Urshifu|82/100|[from] ability: Iron Barbs|[of] p1a: Ferrothorn
|-resisted|p1a: Ferrothorn
|-crit|p1a: Ferrothorn
|-damage|p1a: Ferrothorn|76/100
|-damage|p2a: Urshifu|70/100|[from] ability: Iron Barbs|[of] p1a: Ferrothorn
|-resisted|p1a: Ferrothorn
|-crit|p1a: Ferrothorn
|-damage|p1a: Ferrothorn|67/100
|-damage|p2a: Urshifu|57/100|[from] ability: Iron Barbs|[of] p1a: Ferrothorn
|-hitcount|p1a: Ferrothorn|3
|
|-heal|p1a: Ferrothorn|73/100|[from] item: Leftovers
|upkeep
|turn|11
|
|t:|1660078100
|switch|p2a: Zapdos|Zapdos|100/100
|move|p1a: Ferrothorn|Spikes|p2a: Zapdos
|-sidestart|p2: kinetic chain|Spikes
|
|-heal|p1a: Ferrothorn|79/100|[from] item: Leftovers
|upkeep
|turn|12
|j| zftfctzdfof
|
|t:|1660078104
|switch|p1a: Slowking|Slowking-Galar, M, shiny|100/100
|-damage|p1a: Slowking|88/100|[from] Stealth Rock
|move|p2a: Zapdos|Hurricane|p1a: Slowking|[miss]
|-miss|p2a: Zapdos|p1a: Slowking
|
|upkeep
|turn|13
|
|t:|1660078111
|move|p2a: Zapdos|Volt Switch|p1a: Slowking
|-damage|p1a: Slowking|61/100
|
|t:|1660078115
|switch|p2a: Landorus|Landorus-Therian, M|94/100|[from]move: Volt Switch
|-damage|p2a: Landorus|82/100|[from] Stealth Rock
|-ability|p2a: Landorus|Intimidate|boost
|-unboost|p1a: Slowking|atk|1
|move|p1a: Slowking|Ice Beam|p2a: Landorus
|-supereffective|p2a: Landorus
|-damage|p2a: Landorus|0 fnt
|faint|p2a: Landorus
|
|upkeep
|
|t:|1660078118
|switch|p2a: Urshifu|Urshifu-Rapid-Strike, M|57/100
|-damage|p2a: Urshifu|51/100|[from] Stealth Rock
|-damage|p2a: Urshifu|39/100|[from] Spikes
|turn|14
|
|t:|1660078132
|switch|p1a: Ferrothorn|Ferrothorn, F, shiny|79/100
|-damage|p1a: Ferrothorn|73/100|[from] Stealth Rock
|move|p2a: Urshifu|Surging Strikes|p1a: Ferrothorn
|-resisted|p1a: Ferrothorn
|-crit|p1a: Ferrothorn
|-damage|p1a: Ferrothorn|64/100
|-damage|p2a: Urshifu|27/100|[from] ability: Iron Barbs|[of] p1a: Ferrothorn
|-resisted|p1a: Ferrothorn
|-crit|p1a: Ferrothorn
|-damage|p1a: Ferrothorn|55/100
|-damage|p2a: Urshifu|14/100|[from] ability: Iron Barbs|[of] p1a: Ferrothorn
|-resisted|p1a: Ferrothorn
|-crit|p1a: Ferrothorn
|-damage|p1a: Ferrothorn|46/100
|-damage|p2a: Urshifu|2/100|[from] ability: Iron Barbs|[of] p1a: Ferrothorn
|-hitcount|p1a: Ferrothorn|3
|
|-heal|p1a: Ferrothorn|52/100|[from] item: Leftovers
|upkeep
|turn|15
|j| yop on the flux
|
|t:|1660078140
|switch|p2a: Zapdos|Zapdos|100/100
|move|p1a: Ferrothorn|Spikes|p2a: Zapdos
|-sidestart|p2: kinetic chain|Spikes
|
|-heal|p1a: Ferrothorn|58/100|[from] item: Leftovers
|upkeep
|turn|16
|
|t:|1660078144
|switch|p1a: Slowking|Slowking-Galar, M, shiny|94/100
|-damage|p1a: Slowking|81/100|[from] Stealth Rock
|move|p2a: Zapdos|Hurricane|p1a: Slowking
|-damage|p1a: Slowking|35/100
|
|upkeep
|turn|17
|
|t:|1660078151
|switch|p1a: Garchomp|Garchomp, F, shiny|80/100
|-damage|p1a: Garchomp|73/100|[from] Stealth Rock
|move|p2a: Zapdos|Hurricane|p1a: Garchomp|[miss]
|-miss|p2a: Zapdos|p1a: Garchomp
|
|-heal|p1a: Garchomp|80/100|[from] item: Leftovers
|upkeep
|turn|18
|
|t:|1660078160
|move|p2a: Zapdos|Hurricane|p1a: Garchomp
|-damage|p1a: Garchomp|41/100
|move|p1a: Garchomp|Toxic|p2a: Zapdos
|-status|p2a: Zapdos|tox
|
|-heal|p1a: Garchomp|48/100|[from] item: Leftovers
|-damage|p2a: Zapdos|94/100 tox|[from] psn
|upkeep
|turn|19
|l| samurott champloo
|
|t:|1660078165
|switch|p2a: Clefable|Clefable, M|68/100
|move|p1a: Garchomp|Protect||[still]
|-fail|p1a: Garchomp
|
|-heal|p1a: Garchomp|54/100|[from] item: Leftovers
|upkeep
|turn|20
|
|t:|1660078169
|switch|p1a: Slowking|Slowking-Galar, M, shiny|68/100
|-damage|p1a: Slowking|55/100|[from] Stealth Rock
|move|p2a: Clefable|Knock Off|p1a: Slowking
|-supereffective|p1a: Slowking
|-damage|p1a: Slowking|36/100
|
|upkeep
|turn|21
|
|t:|1660078173
|switch|p2a: Heatran|Heatran, M|47/100
|-damage|p2a: Heatran|34/100|[from] Stealth Rock
|-damage|p2a: Heatran|18/100|[from] Spikes
|move|p1a: Slowking|Sludge Bomb|p2a: Heatran
|-immune|p2a: Heatran
|
|upkeep
|turn|22
|
|t:|1660078180
|switch|p1a: Garchomp|Garchomp, F, shiny|54/100
|-damage|p1a: Garchomp|48/100|[from] Stealth Rock
|move|p2a: Heatran|Magma Storm|p1a: Garchomp
|-resisted|p1a: Garchomp
|-damage|p1a: Garchomp|35/100
|-activate|p1a: Garchomp|move: Magma Storm|[of] p2a: Heatran
|
|-heal|p1a: Garchomp|41/100|[from] item: Leftovers
|-damage|p1a: Garchomp|28/100|[from] move: Magma Storm|[partiallytrapped]
|upkeep
|turn|23
|
|t:|1660078185
|switch|p2a: Clefable|Clefable, M|68/100
|move|p1a: Garchomp|Earthquake|p2a: Clefable
|-damage|p2a: Clefable|33/100
|
|-heal|p1a: Garchomp|35/100|[from] item: Leftovers
|-end|p1a: Garchomp|Magma Storm|[partiallytrapped]|[silent]
|upkeep
|turn|24
|
|t:|1660078189
|move|p1a: Garchomp|Earthquake|p2a: Clefable
|-damage|p2a: Clefable|0 fnt
|faint|p2a: Clefable
|
|-heal|p1a: Garchomp|41/100|[from] item: Leftovers
|upkeep
|
|t:|1660078192
|switch|p2a: Dragapult|Dragapult, M|100/100
|turn|25
|
|t:|1660078197
|move|p2a: Dragapult|Draco Meteor|p1a: Garchomp
|-supereffective|p1a: Garchomp
|-damage|p1a: Garchomp|0 fnt
|-unboost|p2a: Dragapult|spa|2
|faint|p1a: Garchomp
|
|upkeep
|
|t:|1660078198
|switch|p1a: Tapu Koko|Tapu Koko, shiny|100/100
|-fieldstart|move: Electric Terrain|[from] ability: Electric Surge|[of] p1a: Tapu Koko
|turn|26
|
|t:|1660078202
|switch|p2a: Urshifu|Urshifu-Rapid-Strike, M|2/100
|-damage|p2a: Urshifu|0 fnt|[from] Stealth Rock
|faint|p2a: Urshifu
|move|p1a: Tapu Koko|Calm Mind|p1a: Tapu Koko
|-boost|p1a: Tapu Koko|spa|1
|-boost|p1a: Tapu Koko|spd|1
|
|upkeep
|-message|kinetic chain forfeited.
|
|win|LT92PF Raizen
|raw|LT92PF Raizen's rating: 2030 &rarr; <strong>2045</strong><br />(+15 for winning)
|raw|kinetic chain's rating: 1935 &rarr; <strong>1920</strong><br />(-15 for losing)
|l|‽kinetic chain
|c|☆LT92PF Raizen|gg
|l| yop on the flux
|j| Tace
|l| Tace
|j| rheysali
|l| LT92PF croo
|j| yop on the flux
|l| LT92PF rej
|l| LT91BB Livio
||Ladder isn't responding, score probably updated but might not have (Request timeout).
|l| lt92PF stock972
|l| LT92PF Black Lotus
|j| LT92PF pop smoke
|l| yop on the flux
|l| OU Vacation
|j| OU Vacation
|l| OU Vacation
|j| Keblar
|l| Keblar
|l| rheysali
