|j|☆JooshP
|j|☆Overdrive8911
|t:|1652180780
|gametype|singles
|player|p1|JooshP|red|1681
|player|p2|Overdrive8911|allister|1613
|teamsize|p1|6
|teamsize|p2|6
|gen|8
|tier|[Gen 8] OU
|rated|
|rule|Sleep Clause Mod: Limit one foe put to sleep
|rule|Species Clause: Limit one of each Pokémon
|rule|OHKO Clause: OHKO moves are banned
|rule|Evasion Moves Clause: Evasion moves are banned
|rule|Endless Battle Clause: Forcing endless battles is banned
|rule|HP Percentage Mod: HP is shown in percentages
|rule|Dynamax Clause: You cannot dynamax
|clearpoke
|poke|p1|Dragonite, M|
|poke|p1|Tapu Fini|
|poke|p1|Skarmory, F|
|poke|p1|Garchomp, M|
|poke|p1|Aegislash, F|
|poke|p1|Victini|
|poke|p2|Suicune|
|poke|p2|Corviknight, M|
|poke|p2|Clefable, M|
|poke|p2|Toxapex, F|
|poke|p2|Hydreigon, M|
|poke|p2|Excadrill, M|
|teampreview
|inactive|Battle timer is ON: inactive players will automatically lose when time's up. (requested by JooshP)
|
|t:|1652180791
|start
|switch|p1a: Tapu Fini|Tapu Fini|100/100
|switch|p2a: Just Forfeit|Suicune|100/100
|-ability|p2a: Just Forfeit|Pressure
|-fieldstart|move: Misty Terrain|[from] ability: Misty Surge|[of] p1a: Tapu Fini
|turn|1
|
|t:|1652180794
|move|p2a: Just Forfeit|Protect|p2a: Just Forfeit
|-singleturn|p2a: Just Forfeit|Protect
|move|p1a: Tapu Fini|Knock Off|p2a: Just Forfeit
|-activate|p2a: Just Forfeit|move: Protect
|
|upkeep
|turn|2
|
|t:|1652180800
|switch|p2a: Stare At Death|Toxapex, F|100/100
|move|p1a: Tapu Fini|Knock Off|p2a: Stare At Death
|-damage|p2a: Stare At Death|90/100
|-damage|p1a: Tapu Fini|84/100|[from] item: Rocky Helmet|[of] p2a: Stare At Death
|-enditem|p2a: Stare At Death|Rocky Helmet|[from] move: Knock Off|[of] p1a: Tapu Fini
|
|-heal|p1a: Tapu Fini|90/100|[from] item: Leftovers
|upkeep
|turn|3
|
|t:|1652180804
|switch|p1a: Garchomp|Garchomp, M|100/100
|move|p2a: Stare At Death|Toxic Spikes|p1a: Garchomp
|-sidestart|p1: JooshP|move: Toxic Spikes
|
|upkeep
|turn|4
|
|t:|1652180809
|move|p1a: Garchomp|Swords Dance|p1a: Garchomp
|-boost|p1a: Garchomp|atk|2
|move|p2a: Stare At Death|Toxic Spikes|p1a: Garchomp
|-sidestart|p1: JooshP|move: Toxic Spikes
|
|upkeep
|turn|5
|
|t:|1652180812
|switch|p2a: Its Hopeless|Clefable, M|100/100
|move|p1a: Garchomp|Stealth Rock|p2a: Its Hopeless
|-sidestart|p2: Overdrive8911|move: Stealth Rock
|
|-fieldend|Misty Terrain
|upkeep
|turn|6
|
|t:|1652180817
|switch|p1a: Aegislash|Aegislash, F|100/100
|move|p2a: Its Hopeless|Moonblast|p1a: Aegislash
|-resisted|p1a: Aegislash
|-damage|p1a: Aegislash|85/100
|
|upkeep
|turn|7
|
|t:|1652180820
|-formechange|p1a: Aegislash|Aegislash-Blade||[from] ability: Stance Change
|move|p1a: Aegislash|Shadow Ball|p2a: Its Hopeless
|-damage|p2a: Its Hopeless|38/100
|-unboost|p2a: Its Hopeless|spd|1
|move|p2a: Its Hopeless|Knock Off|p1a: Aegislash
|-supereffective|p1a: Aegislash
|-damage|p1a: Aegislash|21/100
|-enditem|p1a: Aegislash|Choice Specs|[from] move: Knock Off|[of] p2a: Its Hopeless
|
|-heal|p2a: Its Hopeless|44/100|[from] item: Leftovers
|upkeep
|turn|8
|
|t:|1652180833
|switch|p2a: Stare At Death|Toxapex, F|100/100
|-damage|p2a: Stare At Death|88/100|[from] Stealth Rock
|move|p1a: Aegislash|Steel Beam|p2a: Stare At Death
|-resisted|p2a: Stare At Death
|-damage|p2a: Stare At Death|55/100
|-damage|p1a: Aegislash|0 fnt|[from] mindblown
|faint|p1a: Aegislash
|
|upkeep
|
|t:|1652180840
|switch|p1a: Dragonite|Dragonite, M|100/100
|turn|9
|
|t:|1652180849
|switch|p2a: Its Hopeless|Clefable, M|44/100
|-damage|p2a: Its Hopeless|31/100|[from] Stealth Rock
|move|p1a: Dragonite|Earthquake|p2a: Its Hopeless
|-damage|p2a: Its Hopeless|6/100
|
|-heal|p2a: Its Hopeless|12/100|[from] item: Leftovers
|upkeep
|turn|10
|
|t:|1652180853
|switch|p2a: Feel The Pressure|Corviknight, M|100/100
|-damage|p2a: Feel The Pressure|88/100|[from] Stealth Rock
|-ability|p2a: Feel The Pressure|Pressure
|move|p1a: Dragonite|Earthquake|p2a: Feel The Pressure
|-immune|p2a: Feel The Pressure
|
|-heal|p2a: Feel The Pressure|94/100|[from] item: Leftovers
|upkeep
|turn|11
|
|t:|1652180857
|switch|p1a: Skarmory|Skarmory, F|100/100
|move|p2a: Feel The Pressure|Iron Defense|p2a: Feel The Pressure
|-boost|p2a: Feel The Pressure|def|2
|
|-heal|p2a: Feel The Pressure|100/100|[from] item: Leftovers
|upkeep
|turn|12
|
|t:|1652180859
|move|p1a: Skarmory|Spikes|p2a: Feel The Pressure
|-sidestart|p2: Overdrive8911|Spikes
|move|p2a: Feel The Pressure|Iron Defense|p2a: Feel The Pressure
|-boost|p2a: Feel The Pressure|def|2
|
|upkeep
|turn|13
|j| DcMarvelAnimeFan
|
|t:|1652180863
|move|p2a: Feel The Pressure|Body Press|p1a: Skarmory
|-damage|p1a: Skarmory|55/100
|-damage|p2a: Feel The Pressure|84/100|[from] item: Rocky Helmet|[of] p1a: Skarmory
|move|p1a: Skarmory|Whirlwind|p2a: Feel The Pressure
|drag|p2a: Till Turn 1000|Excadrill, M|100/100
|-damage|p2a: Till Turn 1000|97/100|[from] Stealth Rock
|-damage|p2a: Till Turn 1000|85/100|[from] Spikes
|-ability|p2a: Till Turn 1000|Mold Breaker
|
|-heal|p2a: Till Turn 1000|91/100|[from] item: Leftovers
|upkeep
|turn|14
|j| AStupidAsian
|
|t:|1652180870
|move|p2a: Till Turn 1000|Rapid Spin|p1a: Skarmory
|-resisted|p1a: Skarmory
|-damage|p1a: Skarmory|51/100
|-boost|p2a: Till Turn 1000|spe|1
|-damage|p2a: Till Turn 1000|75/100|[from] item: Rocky Helmet|[of] p1a: Skarmory
|-sideend|p2: Overdrive8911|Spikes|[from] move: Rapid Spin|[of] p2a: Till Turn 1000
|-sideend|p2: Overdrive8911|Stealth Rock|[from] move: Rapid Spin|[of] p2a: Till Turn 1000
|move|p1a: Skarmory|Roost|p1a: Skarmory
|-heal|p1a: Skarmory|100/100
|-singleturn|p1a: Skarmory|move: Roost
|
|-heal|p2a: Till Turn 1000|81/100|[from] item: Leftovers
|upkeep
|turn|15
|j| bozo jeffery
|
|t:|1652180884
|switch|p2a: Just Forfeit|Suicune|100/100
|-ability|p2a: Just Forfeit|Pressure
|move|p1a: Skarmory|Body Press|p2a: Just Forfeit
|-damage|p2a: Just Forfeit|76/100
|
|-heal|p2a: Just Forfeit|82/100|[from] item: Leftovers
|upkeep
|turn|16
|
|t:|1652180888
|move|p2a: Just Forfeit|Scald|p1a: Skarmory
|-damage|p1a: Skarmory|69/100
|move|p1a: Skarmory|Spikes|p2a: Just Forfeit
|-sidestart|p2: Overdrive8911|Spikes
|
|-heal|p2a: Just Forfeit|89/100|[from] item: Leftovers
|upkeep
|turn|17
|
|t:|1652180893
|move|p2a: Just Forfeit|Scald|p1a: Skarmory
|-damage|p1a: Skarmory|35/100
|move|p1a: Skarmory|Whirlwind|p2a: Just Forfeit
|drag|p2a: Till Turn 1000|Excadrill, M|81/100
|-damage|p2a: Till Turn 1000|68/100|[from] Spikes
|-ability|p2a: Till Turn 1000|Mold Breaker
|
|-heal|p2a: Till Turn 1000|74/100|[from] item: Leftovers
|upkeep
|turn|18
|
|t:|1652180901
|switch|p2a: Just Forfeit|Suicune|89/100
|-damage|p2a: Just Forfeit|76/100|[from] Spikes
|-ability|p2a: Just Forfeit|Pressure
|move|p1a: Skarmory|Roost|p1a: Skarmory
|-heal|p1a: Skarmory|85/100
|-singleturn|p1a: Skarmory|move: Roost
|
|-heal|p2a: Just Forfeit|82/100|[from] item: Leftovers
|upkeep
|turn|19
|
|t:|1652180906
|switch|p1a: Tapu Fini|Tapu Fini|90/100
|-status|p1a: Tapu Fini|tox
|-fieldstart|move: Misty Terrain|[from] ability: Misty Surge|[of] p1a: Tapu Fini
|move|p2a: Just Forfeit|Scald|p1a: Tapu Fini
|-resisted|p1a: Tapu Fini
|-damage|p1a: Tapu Fini|83/100 tox
|
|-heal|p2a: Just Forfeit|89/100|[from] item: Leftovers
|-heal|p1a: Tapu Fini|89/100 tox|[from] item: Leftovers
|-damage|p1a: Tapu Fini|83/100 tox|[from] psn
|upkeep
|turn|20
|
|t:|1652180912
|switch|p2a: Stare At Death|Toxapex, F|88/100
|-damage|p2a: Stare At Death|76/100|[from] Spikes
|move|p1a: Tapu Fini|Knock Off|p2a: Stare At Death
|-damage|p2a: Stare At Death|69/100
|
|-heal|p1a: Tapu Fini|89/100 tox|[from] item: Leftovers
|-damage|p1a: Tapu Fini|77/100 tox|[from] psn
|upkeep
|turn|21
|
|t:|1652180917
|switch|p1a: Skarmory|Skarmory, F|85/100
|move|p2a: Stare At Death|Poison Jab|p1a: Skarmory
|-immune|p1a: Skarmory
|
|upkeep
|turn|22
|
|t:|1652180920
|switch|p2a: Feel The Pressure|Corviknight, M|84/100
|-ability|p2a: Feel The Pressure|Pressure
|move|p1a: Skarmory|Spikes|p2a: Feel The Pressure
|-sidestart|p2: Overdrive8911|Spikes
|
|-heal|p2a: Feel The Pressure|90/100|[from] item: Leftovers
|upkeep
|turn|23
|
|t:|1652180925
|move|p1a: Skarmory|Spikes|p2a: Feel The Pressure
|-sidestart|p2: Overdrive8911|Spikes
|move|p2a: Feel The Pressure|Defog|p1a: Skarmory
|-unboost|p1a: Skarmory|evasion|1
|-sideend|p1: JooshP|Toxic Spikes|[from] move: Defog|[of] p2a: Feel The Pressure
|-sideend|p2: Overdrive8911|Spikes|[from] move: Defog|[of] p2a: Feel The Pressure
|-fieldend|Misty Terrain
|
|-heal|p2a: Feel The Pressure|96/100|[from] item: Leftovers
|upkeep
|turn|24
|
|t:|1652180928
|switch|p2a: Its Hopeless|Clefable, M|12/100
|move|p1a: Skarmory|Spikes|p2a: Its Hopeless
|-sidestart|p2: Overdrive8911|Spikes
|
|-heal|p2a: Its Hopeless|18/100|[from] item: Leftovers
|upkeep
|turn|25
|
|t:|1652180934
|switch|p1a: Victini|Victini|100/100
|move|p2a: Its Hopeless|Soft-Boiled|p2a: Its Hopeless
|-heal|p2a: Its Hopeless|68/100
|
|-heal|p2a: Its Hopeless|74/100|[from] item: Leftovers
|upkeep
|turn|26
|
|t:|1652180939
|switch|p2a: Stare At Death|Toxapex, F|100/100
|-damage|p2a: Stare At Death|88/100|[from] Spikes
|move|p1a: Victini|U-turn|p2a: Stare At Death
|-resisted|p2a: Stare At Death
|-damage|p2a: Stare At Death|81/100
|
|t:|1652180942
|switch|p1a: Garchomp|Garchomp, M|100/100|[from]move: U-turn
|
|upkeep
|turn|27
|
|t:|1652180950
|switch|p2a: Feel The Pressure|Corviknight, M|96/100
|-ability|p2a: Feel The Pressure|Pressure
|move|p1a: Garchomp|Earthquake|p2a: Feel The Pressure
|-immune|p2a: Feel The Pressure
|
|-heal|p2a: Feel The Pressure|100/100|[from] item: Leftovers
|upkeep
|turn|28
|
|t:|1652180954
|switch|p1a: Victini|Victini|100/100
|move|p2a: Feel The Pressure|Defog|p1a: Victini
|-unboost|p1a: Victini|evasion|1
|-sideend|p2: Overdrive8911|Spikes|[from] move: Defog|[of] p2a: Feel The Pressure
|
|upkeep
|turn|29
|
|t:|1652180961
|switch|p2a: Stare At Death|Toxapex, F|100/100
|move|p1a: Victini|Bolt Strike|p2a: Stare At Death
|-supereffective|p2a: Stare At Death
|-damage|p2a: Stare At Death|56/100
|-status|p2a: Stare At Death|par
|
|upkeep
|turn|30
|j| DeadByFlinch
|
|t:|1652180969
|switch|p1a: Garchomp|Garchomp, M|100/100
|cant|p2a: Stare At Death|par
|
|upkeep
|turn|31
|
|t:|1652180975
|switch|p2a: Feel The Pressure|Corviknight, M|100/100
|-ability|p2a: Feel The Pressure|Pressure
|move|p1a: Garchomp|Stealth Rock|p2a: Feel The Pressure
|-sidestart|p2: Overdrive8911|move: Stealth Rock
|
|upkeep
|turn|32
|
|t:|1652180979
|switch|p1a: Victini|Victini|100/100
|move|p2a: Feel The Pressure|Defog|p1a: Victini
|-unboost|p1a: Victini|evasion|1
|-sideend|p2: Overdrive8911|Stealth Rock|[from] move: Defog|[of] p2a: Feel The Pressure
|
|upkeep
|turn|33
|
|t:|1652180982
|switch|p2a: We...Suffer...|Hydreigon, M|100/100
|move|p1a: Victini|U-turn|p2a: We...Suffer...
|-supereffective|p2a: We...Suffer...
|-damage|p2a: We...Suffer...|58/100
|
|t:|1652180986
|switch|p1a: Tapu Fini|Tapu Fini|77/100 tox|[from]move: U-turn
|-fieldstart|move: Misty Terrain|[from] ability: Misty Surge|[of] p1a: Tapu Fini
|
|-heal|p2a: We...Suffer...|64/100|[from] item: Leftovers
|-heal|p1a: Tapu Fini|83/100 tox|[from] item: Leftovers
|-damage|p1a: Tapu Fini|77/100 tox|[from] psn
|upkeep
|turn|34
|
|t:|1652180990
|switch|p2a: Stare At Death|Toxapex, F|89/100 par
|move|p1a: Tapu Fini|Moonblast|p2a: Stare At Death
|-resisted|p2a: Stare At Death
|-damage|p2a: Stare At Death|77/100 par
|
|-heal|p1a: Tapu Fini|83/100 tox|[from] item: Leftovers
|-damage|p1a: Tapu Fini|71/100 tox|[from] psn
|upkeep
|turn|35
|
|t:|1652180994
|switch|p1a: Garchomp|Garchomp, M|100/100
|switch|p2a: We...Suffer...|Hydreigon, M|64/100
|
|-heal|p2a: We...Suffer...|71/100|[from] item: Leftovers
|upkeep
|turn|36
|
|t:|1652180999
|switch|p1a: Tapu Fini|Tapu Fini|71/100 tox
|switch|p2a: Its Hopeless|Clefable, M|74/100
|
|-heal|p1a: Tapu Fini|77/100 tox|[from] item: Leftovers
|-heal|p2a: Its Hopeless|80/100|[from] item: Leftovers
|-damage|p1a: Tapu Fini|71/100 tox|[from] psn
|upkeep
|turn|37
|
|t:|1652181005
|switch|p2a: Stare At Death|Toxapex, F|100/100 par
|move|p1a: Tapu Fini|Knock Off|p2a: Stare At Death
|-damage|p2a: Stare At Death|94/100 par
|
|-heal|p1a: Tapu Fini|77/100 tox|[from] item: Leftovers
|-damage|p1a: Tapu Fini|65/100 tox|[from] psn
|-fieldend|Misty Terrain
|upkeep
|turn|38
|
|t:|1652181011
|switch|p1a: Garchomp|Garchomp, M|100/100
|switch|p2a: Its Hopeless|Clefable, M|80/100
|
|-heal|p2a: Its Hopeless|87/100|[from] item: Leftovers
|upkeep
|turn|39
|
|t:|1652181019
|switch|p1a: Victini|Victini|100/100
|move|p2a: Its Hopeless|Knock Off|p1a: Victini
|-supereffective|p1a: Victini
|-damage|p1a: Victini|71/100
|-enditem|p1a: Victini|Choice Scarf|[from] move: Knock Off|[of] p2a: Its Hopeless
|
|-heal|p2a: Its Hopeless|93/100|[from] item: Leftovers
|upkeep
|turn|40
|
|t:|1652181026
|switch|p2a: Stare At Death|Toxapex, F|100/100 par
|move|p1a: Victini|Toxic||[still]
|-fail|p1a: Victini
|
|upkeep
|turn|41
|
|t:|1652181034
|move|p1a: Victini|U-turn|p2a: Stare At Death
|-resisted|p2a: Stare At Death
|-damage|p2a: Stare At Death|94/100 par
|
|t:|1652181035
|switch|p1a: Skarmory|Skarmory, F|85/100|[from]move: U-turn
|cant|p2a: Stare At Death|par
|
|upkeep
|turn|42
|
|t:|1652181040
|switch|p2a: We...Suffer...|Hydreigon, M|71/100
|move|p1a: Skarmory|Spikes|p2a: We...Suffer...
|-sidestart|p2: Overdrive8911|Spikes
|
|-heal|p2a: We...Suffer...|77/100|[from] item: Leftovers
|upkeep
|turn|43
|
|t:|1652181047
|switch|p2a: Stare At Death|Toxapex, F|100/100 par
|-damage|p2a: Stare At Death|88/100 par|[from] Spikes
|switch|p1a: Tapu Fini|Tapu Fini|65/100 tox
|-fieldstart|move: Misty Terrain|[from] ability: Misty Surge|[of] p1a: Tapu Fini
|
|-heal|p1a: Tapu Fini|71/100 tox|[from] item: Leftovers
|-damage|p1a: Tapu Fini|65/100 tox|[from] psn
|upkeep
|turn|44
|
|t:|1652181050
|switch|p1a: Skarmory|Skarmory, F|85/100
|cant|p2a: Stare At Death|par
|
|upkeep
|turn|45
|
|t:|1652181054
|move|p1a: Skarmory|Body Press|p2a: Stare At Death
|-resisted|p2a: Stare At Death
|-damage|p2a: Stare At Death|78/100 par
|cant|p2a: Stare At Death|par
|
|upkeep
|turn|46
|
|t:|1652181058
|move|p1a: Skarmory|Body Press|p2a: Stare At Death
|-resisted|p2a: Stare At Death
|-damage|p2a: Stare At Death|69/100 par
|cant|p2a: Stare At Death|par
|
|upkeep
|turn|47
|
|t:|1652181061
|move|p1a: Skarmory|Body Press|p2a: Stare At Death
|-resisted|p2a: Stare At Death
|-damage|p2a: Stare At Death|58/100 par
|move|p2a: Stare At Death|Recover|p2a: Stare At Death
|-heal|p2a: Stare At Death|100/100 par
|
|-fieldend|Misty Terrain
|upkeep
|turn|48
|
|t:|1652181064
|move|p1a: Skarmory|Spikes|p2a: Stare At Death
|-sidestart|p2: Overdrive8911|Spikes
|cant|p2a: Stare At Death|par
|
|upkeep
|turn|49
|
|t:|1652181068
|switch|p1a: Victini|Victini|71/100
|switch|p2a: Feel The Pressure|Corviknight, M|100/100
|-ability|p2a: Feel The Pressure|Pressure
|
|upkeep
|turn|50
|
|t:|1652181076
|switch|p2a: Stare At Death|Toxapex, F|100/100 par
|-damage|p2a: Stare At Death|84/100 par|[from] Spikes
|move|p1a: Victini|Bolt Strike|p2a: Stare At Death
|-supereffective|p2a: Stare At Death
|-damage|p2a: Stare At Death|37/100 par
|
|upkeep
|turn|51
|
|t:|1652181085
|switch|p2a: We...Suffer...|Hydreigon, M|77/100
|move|p1a: Victini|V-create|p2a: We...Suffer...
|-resisted|p2a: We...Suffer...
|-damage|p2a: We...Suffer...|41/100
|-unboost|p1a: Victini|spe|1
|-unboost|p1a: Victini|def|1
|-unboost|p1a: Victini|spd|1
|
|-heal|p2a: We...Suffer...|47/100|[from] item: Leftovers
|upkeep
|turn|52
|
|t:|1652181091
|switch|p1a: Tapu Fini|Tapu Fini|65/100 tox
|-fieldstart|move: Misty Terrain|[from] ability: Misty Surge|[of] p1a: Tapu Fini
|move|p2a: We...Suffer...|Roost|p2a: We...Suffer...
|-heal|p2a: We...Suffer...|97/100
|-singleturn|p2a: We...Suffer...|move: Roost
|
|-heal|p2a: We...Suffer...|100/100|[from] item: Leftovers
|-heal|p1a: Tapu Fini|71/100 tox|[from] item: Leftovers
|-damage|p1a: Tapu Fini|65/100 tox|[from] psn
|upkeep
|turn|53
|
|t:|1652181096
|switch|p2a: Stare At Death|Toxapex, F|70/100 par
|-damage|p2a: Stare At Death|53/100 par|[from] Spikes
|switch|p1a: Garchomp|Garchomp, M|100/100
|
|upkeep
|turn|54
|
|t:|1652181100
|switch|p1a: Victini|Victini|71/100
|switch|p2a: Feel The Pressure|Corviknight, M|100/100
|-ability|p2a: Feel The Pressure|Pressure
|
|upkeep
|turn|55
|
|t:|1652181107
|switch|p2a: Stare At Death|Toxapex, F|87/100 par
|-damage|p2a: Stare At Death|70/100 par|[from] Spikes
|move|p1a: Victini|U-turn|p2a: Stare At Death
|-resisted|p2a: Stare At Death
|-damage|p2a: Stare At Death|64/100 par
|
|t:|1652181112
|switch|p1a: Garchomp|Garchomp, M|100/100|[from]move: U-turn
|
|upkeep
|turn|56
|
|t:|1652181114
|switch|p2a: Feel The Pressure|Corviknight, M|100/100
|-ability|p2a: Feel The Pressure|Pressure
|move|p1a: Garchomp|Swords Dance|p1a: Garchomp
|-boost|p1a: Garchomp|atk|2
|
|-fieldend|Misty Terrain
|upkeep
|turn|57
|
|t:|1652181118
|move|p1a: Garchomp|Swords Dance|p1a: Garchomp
|-boost|p1a: Garchomp|atk|2
|move|p2a: Feel The Pressure|Defog|p1a: Garchomp
|-unboost|p1a: Garchomp|evasion|1
|-sideend|p2: Overdrive8911|Spikes|[from] move: Defog|[of] p2a: Feel The Pressure
|
|upkeep
|turn|58
|
|t:|1652181121
|switch|p2a: Its Hopeless|Clefable, M|93/100
|move|p1a: Garchomp|Stone Edge|p2a: Its Hopeless
|-crit|p2a: Its Hopeless
|-damage|p2a: Its Hopeless|54/100
|
|-heal|p2a: Its Hopeless|60/100|[from] item: Leftovers
|upkeep
|turn|59
|
|t:|1652181126
|move|p1a: Garchomp|Earthquake|p2a: Its Hopeless
|-damage|p2a: Its Hopeless|19/100
|move|p2a: Its Hopeless|Soft-Boiled|p2a: Its Hopeless
|-heal|p2a: Its Hopeless|69/100
|
|-heal|p2a: Its Hopeless|75/100|[from] item: Leftovers
|upkeep
|turn|60
|
|t:|1652181130
|move|p1a: Garchomp|Earthquake|p2a: Its Hopeless
|-damage|p2a: Its Hopeless|33/100
|move|p2a: Its Hopeless|Soft-Boiled|p2a: Its Hopeless
|-heal|p2a: Its Hopeless|83/100
|
|-heal|p2a: Its Hopeless|89/100|[from] item: Leftovers
|upkeep
|turn|61
|
|t:|1652181140
|switch|p1a: Skarmory|Skarmory, F|85/100
|move|p2a: Its Hopeless|Moonblast|p1a: Skarmory
|-resisted|p1a: Skarmory
|-damage|p1a: Skarmory|65/100
|-unboost|p1a: Skarmory|spa|1
|
|-heal|p2a: Its Hopeless|95/100|[from] item: Leftovers
|upkeep
|turn|62
|
|t:|1652181143
|move|p1a: Skarmory|Spikes|p2a: Its Hopeless
|-sidestart|p2: Overdrive8911|Spikes
|move|p2a: Its Hopeless|Knock Off|p1a: Skarmory
|-damage|p1a: Skarmory|56/100
|-damage|p2a: Its Hopeless|79/100|[from] item: Rocky Helmet|[of] p1a: Skarmory
|-enditem|p1a: Skarmory|Rocky Helmet|[from] move: Knock Off|[of] p2a: Its Hopeless
|
|-heal|p2a: Its Hopeless|85/100|[from] item: Leftovers
|upkeep
|turn|63
|
|t:|1652181147
|switch|p2a: Feel The Pressure|Corviknight, M|100/100
|-ability|p2a: Feel The Pressure|Pressure
|move|p1a: Skarmory|Roost|p1a: Skarmory
|-heal|p1a: Skarmory|100/100
|-singleturn|p1a: Skarmory|move: Roost
|
|upkeep
|turn|64
|
|t:|1652181152
|switch|p1a: Victini|Victini|71/100
|move|p2a: Feel The Pressure|Defog|p1a: Victini
|-unboost|p1a: Victini|evasion|1
|-sideend|p2: Overdrive8911|Spikes|[from] move: Defog|[of] p2a: Feel The Pressure
|
|upkeep
|turn|65
|
|t:|1652181155
|switch|p2a: Stare At Death|Toxapex, F|97/100 par
|move|p1a: Victini|U-turn|p2a: Stare At Death
|-resisted|p2a: Stare At Death
|-damage|p2a: Stare At Death|90/100 par
|
|t:|1652181157
|switch|p1a: Garchomp|Garchomp, M|100/100|[from]move: U-turn
|
|upkeep
|turn|66
|
|t:|1652181165
|switch|p2a: Feel The Pressure|Corviknight, M|100/100
|-ability|p2a: Feel The Pressure|Pressure
|move|p1a: Garchomp|Stealth Rock|p2a: Feel The Pressure
|-sidestart|p2: Overdrive8911|move: Stealth Rock
|
|upkeep
|turn|67
|
|t:|1652181170
|switch|p1a: Tapu Fini|Tapu Fini|65/100 tox
|-fieldstart|move: Misty Terrain|[from] ability: Misty Surge|[of] p1a: Tapu Fini
|move|p2a: Feel The Pressure|Defog|p1a: Tapu Fini
|-unboost|p1a: Tapu Fini|evasion|1
|-sideend|p2: Overdrive8911|Stealth Rock|[from] move: Defog|[of] p2a: Feel The Pressure
|-fieldend|Misty Terrain
|
|-heal|p1a: Tapu Fini|71/100 tox|[from] item: Leftovers
|-damage|p1a: Tapu Fini|65/100 tox|[from] psn
|upkeep
|turn|68
|
|t:|1652181176
|switch|p1a: Garchomp|Garchomp, M|100/100
|switch|p2a: Stare At Death|Toxapex, F|100/100 par
|
|upkeep
|turn|69
|
|t:|1652181181
|switch|p2a: Feel The Pressure|Corviknight, M|100/100
|-ability|p2a: Feel The Pressure|Pressure
|move|p1a: Garchomp|Stealth Rock|p2a: Feel The Pressure
|-sidestart|p2: Overdrive8911|move: Stealth Rock
|
|upkeep
|turn|70
|
|t:|1652181188
|move|p1a: Garchomp|Swords Dance|p1a: Garchomp
|-boost|p1a: Garchomp|atk|2
|move|p2a: Feel The Pressure|Defog|p1a: Garchomp
|-unboost|p1a: Garchomp|evasion|1
|-sideend|p2: Overdrive8911|Stealth Rock|[from] move: Defog|[of] p2a: Feel The Pressure
|
|upkeep
|turn|71
|
|t:|1652181191
|switch|p1a: Skarmory|Skarmory, F|100/100
|move|p2a: Feel The Pressure|Iron Defense|p2a: Feel The Pressure
|-boost|p2a: Feel The Pressure|def|2
|
|upkeep
|turn|72
|
|t:|1652181196
|move|p1a: Skarmory|Spikes|p2a: Feel The Pressure
|-sidestart|p2: Overdrive8911|Spikes
|move|p2a: Feel The Pressure|Body Press|p1a: Skarmory
|-damage|p1a: Skarmory|73/100
|
|upkeep
|turn|73
|
|t:|1652181204
|switch|p1a: Tapu Fini|Tapu Fini|65/100 tox
|-fieldstart|move: Misty Terrain|[from] ability: Misty Surge|[of] p1a: Tapu Fini
|move|p2a: Feel The Pressure|Defog|p1a: Tapu Fini
|-unboost|p1a: Tapu Fini|evasion|1
|-sideend|p2: Overdrive8911|Spikes|[from] move: Defog|[of] p2a: Feel The Pressure
|-fieldend|Misty Terrain
|
|-heal|p1a: Tapu Fini|71/100 tox|[from] item: Leftovers
|-damage|p1a: Tapu Fini|65/100 tox|[from] psn
|upkeep
|turn|74
|
|t:|1652181210
|switch|p1a: Skarmory|Skarmory, F|73/100
|switch|p2a: Stare At Death|Toxapex, F|100/100 par
|
|upkeep
|turn|75
|
|t:|1652181219
|switch|p2a: Just Forfeit|Suicune|89/100
|-ability|p2a: Just Forfeit|Pressure
|move|p1a: Skarmory|Spikes|p2a: Just Forfeit
|-sidestart|p2: Overdrive8911|Spikes
|
|-heal|p2a: Just Forfeit|95/100|[from] item: Leftovers
|upkeep
|turn|76
|
|t:|1652181225
|move|p2a: Just Forfeit|Scald|p1a: Skarmory
|-damage|p1a: Skarmory|39/100
|move|p1a: Skarmory|Whirlwind|p2a: Just Forfeit
|drag|p2a: Its Hopeless|Clefable, M|85/100
|-damage|p2a: Its Hopeless|73/100|[from] Spikes
|
|-heal|p2a: Its Hopeless|79/100|[from] item: Leftovers
|upkeep
|turn|77
|
|t:|1652181235
|switch|p2a: Feel The Pressure|Corviknight, M|100/100
|-ability|p2a: Feel The Pressure|Pressure
|move|p1a: Skarmory|Roost|p1a: Skarmory
|-heal|p1a: Skarmory|89/100
|-singleturn|p1a: Skarmory|move: Roost
|
|upkeep
|turn|78
|
|t:|1652181239
|switch|p1a: Victini|Victini|71/100
|move|p2a: Feel The Pressure|Defog|p1a: Victini
|-unboost|p1a: Victini|evasion|1
|-sideend|p2: Overdrive8911|Spikes|[from] move: Defog|[of] p2a: Feel The Pressure
|
|upkeep
|turn|79
|
|t:|1652181244
|switch|p2a: Stare At Death|Toxapex, F|100/100 par
|move|p1a: Victini|U-turn|p2a: Stare At Death
|-resisted|p2a: Stare At Death
|-damage|p2a: Stare At Death|94/100 par
|
|t:|1652181245
|switch|p1a: Garchomp|Garchomp, M|100/100|[from]move: U-turn
|
|upkeep
|turn|80
|l| AStupidAsian
|
|t:|1652181273
|switch|p2a: Its Hopeless|Clefable, M|79/100
|move|p1a: Garchomp|Stealth Rock|p2a: Its Hopeless
|-sidestart|p2: Overdrive8911|move: Stealth Rock
|
|-heal|p2a: Its Hopeless|85/100|[from] item: Leftovers
|upkeep
|turn|81
|
|t:|1652181278
|switch|p1a: Skarmory|Skarmory, F|89/100
|move|p2a: Its Hopeless|Knock Off|p1a: Skarmory
|-damage|p1a: Skarmory|83/100
|
|-heal|p2a: Its Hopeless|91/100|[from] item: Leftovers
|upkeep
|turn|82
|
|t:|1652181283
|switch|p1a: Victini|Victini|71/100
|switch|p2a: Feel The Pressure|Corviknight, M|100/100
|-damage|p2a: Feel The Pressure|88/100|[from] Stealth Rock
|-ability|p2a: Feel The Pressure|Pressure
|
|-heal|p2a: Feel The Pressure|94/100|[from] item: Leftovers
|upkeep
|turn|83
|
|t:|1652181288
|switch|p2a: Stare At Death|Toxapex, F|100/100 par
|-damage|p2a: Stare At Death|88/100 par|[from] Stealth Rock
|move|p1a: Victini|Bolt Strike|p2a: Stare At Death
|-supereffective|p2a: Stare At Death
|-damage|p2a: Stare At Death|35/100 par
|
|upkeep
|turn|84
|
|t:|1652181298
|switch|p2a: We...Suffer...|Hydreigon, M|100/100
|-damage|p2a: We...Suffer...|88/100|[from] Stealth Rock
|move|p1a: Victini|Bolt Strike|p2a: We...Suffer...
|-resisted|p2a: We...Suffer...
|-damage|p2a: We...Suffer...|69/100
|
|-heal|p2a: We...Suffer...|75/100|[from] item: Leftovers
|upkeep
|turn|85
|
|t:|1652181304
|move|p1a: Victini|Bolt Strike|p2a: We...Suffer...
|-resisted|p2a: We...Suffer...
|-damage|p2a: We...Suffer...|56/100
|move|p2a: We...Suffer...|Roost|p2a: We...Suffer...
|-heal|p2a: We...Suffer...|100/100
|-singleturn|p2a: We...Suffer...|move: Roost
|
|upkeep
|turn|86
|
|t:|1652181310
|move|p1a: Victini|Toxic|p2a: We...Suffer...
|-status|p2a: We...Suffer...|tox
|move|p2a: We...Suffer...|Roost||[still]
|-fail|p2a: We...Suffer...|heal
|
|-damage|p2a: We...Suffer...|94/100 tox|[from] psn
|upkeep
|turn|87
|
|t:|1652181314
|move|p1a: Victini|U-turn|p2a: We...Suffer...
|-supereffective|p2a: We...Suffer...
|-damage|p2a: We...Suffer...|57/100 tox
|
|t:|1652181318
|switch|p1a: Garchomp|Garchomp, M|100/100|[from]move: U-turn
|move|p2a: We...Suffer...|Roost|p2a: We...Suffer...
|-heal|p2a: We...Suffer...|100/100 tox
|-singleturn|p2a: We...Suffer...|move: Roost
|
|-damage|p2a: We...Suffer...|88/100 tox|[from] psn
|upkeep
|turn|88
|
|t:|1652181323
|switch|p1a: Tapu Fini|Tapu Fini|65/100 tox
|-fieldstart|move: Misty Terrain|[from] ability: Misty Surge|[of] p1a: Tapu Fini
|switch|p2a: Feel The Pressure|Corviknight, M|94/100
|-damage|p2a: Feel The Pressure|82/100|[from] Stealth Rock
|-ability|p2a: Feel The Pressure|Pressure
|
|-heal|p1a: Tapu Fini|71/100 tox|[from] item: Leftovers
|-heal|p2a: Feel The Pressure|88/100|[from] item: Leftovers
|-damage|p1a: Tapu Fini|65/100 tox|[from] psn
|upkeep
|turn|89
|
|t:|1652181330
|switch|p2a: Stare At Death|Toxapex, F|69/100 par
|-damage|p2a: Stare At Death|56/100 par|[from] Stealth Rock
|move|p1a: Tapu Fini|Knock Off|p2a: Stare At Death
|-damage|p2a: Stare At Death|49/100 par
|
|-heal|p1a: Tapu Fini|71/100 tox|[from] item: Leftovers
|-damage|p1a: Tapu Fini|59/100 tox|[from] psn
|upkeep
|turn|90
|
|t:|1652181335
|switch|p1a: Garchomp|Garchomp, M|100/100
|switch|p2a: Feel The Pressure|Corviknight, M|88/100
|-damage|p2a: Feel The Pressure|75/100|[from] Stealth Rock
|-ability|p2a: Feel The Pressure|Pressure
|
|-heal|p2a: Feel The Pressure|82/100|[from] item: Leftovers
|upkeep
|turn|91
|
|t:|1652181346
|switch|p1a: Dragonite|Dragonite, M|100/100
|move|p2a: Feel The Pressure|Defog|p1a: Dragonite
|-unboost|p1a: Dragonite|evasion|1
|-sideend|p2: Overdrive8911|Stealth Rock|[from] move: Defog|[of] p2a: Feel The Pressure
|-fieldend|Misty Terrain
|
|-heal|p2a: Feel The Pressure|88/100|[from] item: Leftovers
|upkeep
|turn|92
|
|t:|1652181350
|switch|p2a: Its Hopeless|Clefable, M|91/100
|move|p1a: Dragonite|Ice Punch|p2a: Its Hopeless
|-damage|p2a: Its Hopeless|72/100
|
|-heal|p2a: Its Hopeless|78/100|[from] item: Leftovers
|upkeep
|turn|93
|
|t:|1652181355
|switch|p1a: Skarmory|Skarmory, F|83/100
|move|p2a: Its Hopeless|Aromatherapy|p2a: Its Hopeless
|-activate|p2a: Its Hopeless|move: Aromatherapy
|-curestatus|p2: We...Suffer...|tox|[msg]
|-curestatus|p2: Stare At Death|par|[msg]
|
|-heal|p2a: Its Hopeless|84/100|[from] item: Leftovers
|upkeep
|turn|94
|
|t:|1652181364
|switch|p2a: Till Turn 1000|Excadrill, M|74/100
|-ability|p2a: Till Turn 1000|Mold Breaker
|move|p1a: Skarmory|Spikes|p2a: Till Turn 1000
|-sidestart|p2: Overdrive8911|Spikes
|
|-heal|p2a: Till Turn 1000|80/100|[from] item: Leftovers
|upkeep
|turn|95
|
|t:|1652181375
|switch|p2a: Feel The Pressure|Corviknight, M|88/100
|-ability|p2a: Feel The Pressure|Pressure
|switch|p1a: Victini|Victini|71/100
|
|-heal|p2a: Feel The Pressure|94/100|[from] item: Leftovers
|upkeep
|turn|96
|
|t:|1652181387
|switch|p2a: We...Suffer...|Hydreigon, M|88/100
|move|p1a: Victini|V-create|p2a: We...Suffer...
|-resisted|p2a: We...Suffer...
|-damage|p2a: We...Suffer...|47/100
|-unboost|p1a: Victini|spe|1
|-unboost|p1a: Victini|def|1
|-unboost|p1a: Victini|spd|1
|
|-heal|p2a: We...Suffer...|54/100|[from] item: Leftovers
|upkeep
|turn|97
|
|t:|1652181392
|switch|p1a: Tapu Fini|Tapu Fini|59/100 tox
|-fieldstart|move: Misty Terrain|[from] ability: Misty Surge|[of] p1a: Tapu Fini
|move|p2a: We...Suffer...|Roost|p2a: We...Suffer...
|-heal|p2a: We...Suffer...|100/100
|-singleturn|p2a: We...Suffer...|move: Roost
|
|-heal|p1a: Tapu Fini|65/100 tox|[from] item: Leftovers
|-damage|p1a: Tapu Fini|59/100 tox|[from] psn
|upkeep
|turn|98
|
|t:|1652181397
|switch|p2a: Stare At Death|Toxapex, F|82/100
|-damage|p2a: Stare At Death|70/100|[from] Spikes
|switch|p1a: Victini|Victini|71/100
|
|upkeep
|turn|99
|
|t:|1652181404
|move|p1a: Victini|U-turn|p2a: Stare At Death
|-resisted|p2a: Stare At Death
|-damage|p2a: Stare At Death|63/100
|
|t:|1652181407
|switch|p1a: Garchomp|Garchomp, M|100/100|[from]move: U-turn
|move|p2a: Stare At Death|Toxic Spikes|p1a: Garchomp
|-sidestart|p1: JooshP|move: Toxic Spikes
|
|upkeep
|turn|100
|
|t:|1652181411
|switch|p2a: Feel The Pressure|Corviknight, M|94/100
|-ability|p2a: Feel The Pressure|Pressure
|move|p1a: Garchomp|Swords Dance|p1a: Garchomp
|-boost|p1a: Garchomp|atk|2
|
|-heal|p2a: Feel The Pressure|100/100|[from] item: Leftovers
|upkeep
|turn|101
|
|t:|1652181417
|move|p1a: Garchomp|Stealth Rock|p2a: Feel The Pressure
|-sidestart|p2: Overdrive8911|move: Stealth Rock
|move|p2a: Feel The Pressure|Defog|p1a: Garchomp
|-unboost|p1a: Garchomp|evasion|1
|-sideend|p1: JooshP|Toxic Spikes|[from] move: Defog|[of] p2a: Feel The Pressure
|-sideend|p2: Overdrive8911|Spikes|[from] move: Defog|[of] p2a: Feel The Pressure
|-sideend|p2: Overdrive8911|Stealth Rock|[from] move: Defog|[of] p2a: Feel The Pressure
|-fieldend|Misty Terrain
|
|upkeep
|turn|102
|
|t:|1652181423
|switch|p2a: Its Hopeless|Clefable, M|84/100
|move|p1a: Garchomp|Swords Dance|p1a: Garchomp
|-boost|p1a: Garchomp|atk|2
|
|-heal|p2a: Its Hopeless|90/100|[from] item: Leftovers
|upkeep
|turn|103
|
|t:|1652181426
|switch|p1a: Skarmory|Skarmory, F|83/100
|move|p2a: Its Hopeless|Knock Off|p1a: Skarmory
|-damage|p1a: Skarmory|77/100
|
|-heal|p2a: Its Hopeless|96/100|[from] item: Leftovers
|upkeep
|turn|104
|c| bozo jeffery|epic stall
|
|t:|1652181434
|switch|p1a: Garchomp|Garchomp, M|100/100
|switch|p2a: Just Forfeit|Suicune|95/100
|-ability|p2a: Just Forfeit|Pressure
|
|-heal|p2a: Just Forfeit|100/100|[from] item: Leftovers
|upkeep
|turn|105
|
|t:|1652181445
|move|p1a: Garchomp|Swords Dance|p1a: Garchomp
|-boost|p1a: Garchomp|atk|2
|move|p2a: Just Forfeit|Scald|p1a: Garchomp
|-damage|p1a: Garchomp|71/100
|-status|p1a: Garchomp|brn
|
|-heal|p1a: Garchomp|77/100 brn|[from] item: Leftovers
|-damage|p1a: Garchomp|71/100 brn|[from] brn
|upkeep
|turn|106
|
|t:|1652181450
|switch|p2a: Its Hopeless|Clefable, M|96/100
|move|p1a: Garchomp|Stealth Rock|p2a: Its Hopeless
|-sidestart|p2: Overdrive8911|move: Stealth Rock
|
|-heal|p1a: Garchomp|77/100 brn|[from] item: Leftovers
|-heal|p2a: Its Hopeless|100/100|[from] item: Leftovers
|-damage|p1a: Garchomp|71/100 brn|[from] brn
|upkeep
|turn|107
|
|t:|1652181457
|switch|p1a: Tapu Fini|Tapu Fini|59/100 tox
|-fieldstart|move: Misty Terrain|[from] ability: Misty Surge|[of] p1a: Tapu Fini
|move|p2a: Its Hopeless|Knock Off|p1a: Tapu Fini
|-resisted|p1a: Tapu Fini
|-damage|p1a: Tapu Fini|52/100 tox
|-enditem|p1a: Tapu Fini|Leftovers|[from] move: Knock Off|[of] p2a: Its Hopeless
|
|-damage|p1a: Tapu Fini|46/100 tox|[from] psn
|upkeep
|turn|108
|
|t:|1652181466
|switch|p2a: Stare At Death|Toxapex, F|97/100
|-damage|p2a: Stare At Death|84/100|[from] Stealth Rock
|move|p1a: Tapu Fini|Knock Off|p2a: Stare At Death
|-damage|p2a: Stare At Death|76/100
|
|-damage|p1a: Tapu Fini|34/100 tox|[from] psn
|upkeep
|turn|109
|
|t:|1652181476
|switch|p1a: Garchomp|Garchomp, M|71/100 brn
|move|p2a: Stare At Death|Toxic Spikes|p1a: Garchomp
|-sidestart|p1: JooshP|move: Toxic Spikes
|
|-heal|p1a: Garchomp|77/100 brn|[from] item: Leftovers
|-damage|p1a: Garchomp|71/100 brn|[from] brn
|upkeep
|turn|110
|
|t:|1652181480
|switch|p2a: Feel The Pressure|Corviknight, M|100/100
|-damage|p2a: Feel The Pressure|88/100|[from] Stealth Rock
|-ability|p2a: Feel The Pressure|Pressure
|move|p1a: Garchomp|Swords Dance|p1a: Garchomp
|-boost|p1a: Garchomp|atk|2
|
|-heal|p1a: Garchomp|77/100 brn|[from] item: Leftovers
|-heal|p2a: Feel The Pressure|94/100|[from] item: Leftovers
|-damage|p1a: Garchomp|71/100 brn|[from] brn
|upkeep
|turn|111
|j| AStupidAsian
|
|t:|1652181484
|move|p1a: Garchomp|Swords Dance|p1a: Garchomp
|-boost|p1a: Garchomp|atk|2
|move|p2a: Feel The Pressure|Defog|p1a: Garchomp
|-unboost|p1a: Garchomp|evasion|1
|-sideend|p1: JooshP|Toxic Spikes|[from] move: Defog|[of] p2a: Feel The Pressure
|-sideend|p2: Overdrive8911|Stealth Rock|[from] move: Defog|[of] p2a: Feel The Pressure
|-fieldend|Misty Terrain
|
|-heal|p1a: Garchomp|77/100 brn|[from] item: Leftovers
|-heal|p2a: Feel The Pressure|100/100|[from] item: Leftovers
|-damage|p1a: Garchomp|71/100 brn|[from] brn
|upkeep
|turn|112
|
|t:|1652181488
|move|p1a: Garchomp|Stealth Rock|p2a: Feel The Pressure
|-sidestart|p2: Overdrive8911|move: Stealth Rock
|move|p2a: Feel The Pressure|Iron Defense|p2a: Feel The Pressure
|-boost|p2a: Feel The Pressure|def|2
|
|-heal|p1a: Garchomp|77/100 brn|[from] item: Leftovers
|-damage|p1a: Garchomp|71/100 brn|[from] brn
|upkeep
|turn|113
|
|t:|1652181493
|switch|p1a: Dragonite|Dragonite, M|100/100
|move|p2a: Feel The Pressure|Body Press|p1a: Dragonite
|-resisted|p1a: Dragonite
|-damage|p1a: Dragonite|87/100
|
|upkeep
|turn|114
|
|t:|1652181496
|move|p1a: Dragonite|Roost|p1a: Dragonite
|-heal|p1a: Dragonite|100/100
|-singleturn|p1a: Dragonite|move: Roost
|move|p2a: Feel The Pressure|Defog|p1a: Dragonite
|-unboost|p1a: Dragonite|evasion|1
|-sideend|p2: Overdrive8911|Stealth Rock|[from] move: Defog|[of] p2a: Feel The Pressure
|
|upkeep
|turn|115
|
|t:|1652181505
|switch|p2a: Its Hopeless|Clefable, M|100/100
|move|p1a: Dragonite|Dragon Dance|p1a: Dragonite
|-boost|p1a: Dragonite|atk|1
|-boost|p1a: Dragonite|spe|1
|
|upkeep
|turn|116
|l| AStupidAsian
|
|t:|1652181512
|switch|p1a: Skarmory|Skarmory, F|77/100
|switch|p2a: Just Forfeit|Suicune|100/100
|-ability|p2a: Just Forfeit|Pressure
|
|upkeep
|turn|117
|
|t:|1652181515
|move|p2a: Just Forfeit|Scald|p1a: Skarmory
|-damage|p1a: Skarmory|42/100
|-status|p1a: Skarmory|brn
|move|p1a: Skarmory|Whirlwind|p2a: Just Forfeit
|drag|p2a: Stare At Death|Toxapex, F|100/100
|
|-damage|p1a: Skarmory|36/100 brn|[from] brn
|upkeep
|turn|118
|
|t:|1652181523
|move|p1a: Skarmory|Spikes|p2a: Stare At Death
|-sidestart|p2: Overdrive8911|Spikes
|move|p2a: Stare At Death|Toxic Spikes|p1a: Skarmory
|-sidestart|p1: JooshP|move: Toxic Spikes
|
|-damage|p1a: Skarmory|30/100 brn|[from] brn
|upkeep
|turn|119
|
|t:|1652181525
|move|p1a: Skarmory|Roost|p1a: Skarmory
|-heal|p1a: Skarmory|80/100 brn
|-singleturn|p1a: Skarmory|move: Roost
|move|p2a: Stare At Death|Toxic Spikes|p1a: Skarmory
|-sidestart|p1: JooshP|move: Toxic Spikes
|
|-damage|p1a: Skarmory|74/100 brn|[from] brn
|upkeep
|turn|120
|
|t:|1652181528
|switch|p2a: Till Turn 1000|Excadrill, M|80/100
|-damage|p2a: Till Turn 1000|68/100|[from] Spikes
|-ability|p2a: Till Turn 1000|Mold Breaker
|move|p1a: Skarmory|Spikes|p2a: Till Turn 1000
|-sidestart|p2: Overdrive8911|Spikes
|
|-heal|p2a: Till Turn 1000|74/100|[from] item: Leftovers
|-damage|p1a: Skarmory|68/100 brn|[from] brn
|upkeep
|turn|121
|
|t:|1652181532
|move|p2a: Till Turn 1000|Rapid Spin|p1a: Skarmory
|-resisted|p1a: Skarmory
|-damage|p1a: Skarmory|63/100 brn
|-boost|p2a: Till Turn 1000|spe|1
|-sideend|p2: Overdrive8911|Spikes|[from] move: Rapid Spin|[of] p2a: Till Turn 1000
|move|p1a: Skarmory|Body Press|p2a: Till Turn 1000
|-supereffective|p2a: Till Turn 1000
|-damage|p2a: Till Turn 1000|32/100
|
|-heal|p2a: Till Turn 1000|38/100|[from] item: Leftovers
|-damage|p1a: Skarmory|57/100 brn|[from] brn
|upkeep
|turn|122
|
|t:|1652181536
|switch|p2a: Just Forfeit|Suicune|100/100
|-ability|p2a: Just Forfeit|Pressure
|move|p1a: Skarmory|Spikes|p2a: Just Forfeit
|-sidestart|p2: Overdrive8911|Spikes
|
|-damage|p1a: Skarmory|51/100 brn|[from] brn
|upkeep
|turn|123
|
|t:|1652181540
|move|p2a: Just Forfeit|Scald|p1a: Skarmory
|-damage|p1a: Skarmory|17/100 brn
|move|p1a: Skarmory|Roost|p1a: Skarmory
|-heal|p1a: Skarmory|67/100 brn
|-singleturn|p1a: Skarmory|move: Roost
|
|-damage|p1a: Skarmory|61/100 brn|[from] brn
|upkeep
|turn|124
|
|t:|1652181552
|move|p2a: Just Forfeit|Calm Mind|p2a: Just Forfeit
|-boost|p2a: Just Forfeit|spa|1
|-boost|p2a: Just Forfeit|spd|1
|move|p1a: Skarmory|Whirlwind|p2a: Just Forfeit
|drag|p2a: We...Suffer...|Hydreigon, M|100/100
|
|-damage|p1a: Skarmory|55/100 brn|[from] brn
|upkeep
|turn|125
|
|t:|1652181556
|switch|p1a: Tapu Fini|Tapu Fini|34/100 tox
|-fieldstart|move: Misty Terrain|[from] ability: Misty Surge|[of] p1a: Tapu Fini
|move|p2a: We...Suffer...|Dark Pulse|p1a: Tapu Fini
|-resisted|p1a: Tapu Fini
|-damage|p1a: Tapu Fini|23/100 tox
|
|-damage|p1a: Tapu Fini|17/100 tox|[from] psn
|upkeep
|turn|126
|
|t:|1652181563
|switch|p2a: Stare At Death|Toxapex, F|100/100
|-damage|p2a: Stare At Death|88/100|[from] Spikes
|switch|p1a: Victini|Victini|71/100
|
|upkeep
|turn|127
|
|t:|1652181575
|move|p1a: Victini|U-turn|p2a: Stare At Death
|-resisted|p2a: Stare At Death
|-damage|p2a: Stare At Death|82/100
|
|t:|1652181577
|switch|p1a: Garchomp|Garchomp, M|71/100 brn|[from]move: U-turn
|move|p2a: Stare At Death|Recover|p2a: Stare At Death
|-heal|p2a: Stare At Death|100/100
|
|-heal|p1a: Garchomp|77/100 brn|[from] item: Leftovers
|-damage|p1a: Garchomp|71/100 brn|[from] brn
|upkeep
|turn|128
|
|t:|1652181586
|switch|p2a: Feel The Pressure|Corviknight, M|100/100
|-ability|p2a: Feel The Pressure|Pressure
|move|p1a: Garchomp|Stealth Rock|p2a: Feel The Pressure
|-sidestart|p2: Overdrive8911|move: Stealth Rock
|
|-heal|p1a: Garchomp|77/100 brn|[from] item: Leftovers
|-damage|p1a: Garchomp|71/100 brn|[from] brn
|upkeep
|turn|129
|
|t:|1652181592
|switch|p1a: Victini|Victini|71/100
|move|p2a: Feel The Pressure|Defog|p1a: Victini
|-unboost|p1a: Victini|evasion|1
|-sideend|p1: JooshP|Toxic Spikes|[from] move: Defog|[of] p2a: Feel The Pressure
|-sideend|p2: Overdrive8911|Spikes|[from] move: Defog|[of] p2a: Feel The Pressure
|-sideend|p2: Overdrive8911|Stealth Rock|[from] move: Defog|[of] p2a: Feel The Pressure
|-fieldend|Misty Terrain
|
|upkeep
|turn|130
|
|t:|1652181599
|switch|p2a: Stare At Death|Toxapex, F|100/100
|move|p1a: Victini|Bolt Strike|p2a: Stare At Death
|-supereffective|p2a: Stare At Death
|-damage|p2a: Stare At Death|53/100
|-status|p2a: Stare At Death|par
|
|upkeep
|turn|131
|
|t:|1652181609
|move|p1a: Victini|U-turn|p2a: Stare At Death
|-resisted|p2a: Stare At Death
|-damage|p2a: Stare At Death|47/100 par
|
|t:|1652181612
|switch|p1a: Garchomp|Garchomp, M|71/100 brn|[from]move: U-turn
|move|p2a: Stare At Death|Recover|p2a: Stare At Death
|-heal|p2a: Stare At Death|97/100 par
|
|-heal|p1a: Garchomp|77/100 brn|[from] item: Leftovers
|-damage|p1a: Garchomp|71/100 brn|[from] brn
|upkeep
|turn|132
|
|t:|1652181616
|switch|p2a: Just Forfeit|Suicune|100/100
|-ability|p2a: Just Forfeit|Pressure
|move|p1a: Garchomp|Stealth Rock|p2a: Just Forfeit
|-sidestart|p2: Overdrive8911|move: Stealth Rock
|
|-heal|p1a: Garchomp|77/100 brn|[from] item: Leftovers
|-damage|p1a: Garchomp|71/100 brn|[from] brn
|upkeep
|turn|133
|
|t:|1652181620
|move|p1a: Garchomp|Swords Dance|p1a: Garchomp
|-boost|p1a: Garchomp|atk|2
|move|p2a: Just Forfeit|Calm Mind|p2a: Just Forfeit
|-boost|p2a: Just Forfeit|spa|1
|-boost|p2a: Just Forfeit|spd|1
|
|-heal|p1a: Garchomp|77/100 brn|[from] item: Leftovers
|-damage|p1a: Garchomp|71/100 brn|[from] brn
|upkeep
|turn|134
|
|t:|1652181623
|move|p1a: Garchomp|Earthquake|p2a: Just Forfeit
|-damage|p2a: Just Forfeit|64/100
|move|p2a: Just Forfeit|Scald|p1a: Garchomp
|-damage|p1a: Garchomp|30/100 brn
|
|-heal|p1a: Garchomp|37/100 brn|[from] item: Leftovers
|-heal|p2a: Just Forfeit|70/100|[from] item: Leftovers
|-damage|p1a: Garchomp|30/100 brn|[from] brn
|upkeep
|turn|135
|
|t:|1652181627
|move|p2a: Just Forfeit|Protect|p2a: Just Forfeit
|-singleturn|p2a: Just Forfeit|Protect
|move|p1a: Garchomp|Swords Dance|p1a: Garchomp
|-boost|p1a: Garchomp|atk|2
|
|-heal|p1a: Garchomp|37/100 brn|[from] item: Leftovers
|-heal|p2a: Just Forfeit|76/100|[from] item: Leftovers
|-damage|p1a: Garchomp|30/100 brn|[from] brn
|upkeep
|turn|136
|
|t:|1652181630
|switch|p2a: Feel The Pressure|Corviknight, M|100/100
|-damage|p2a: Feel The Pressure|88/100|[from] Stealth Rock
|-ability|p2a: Feel The Pressure|Pressure
|move|p1a: Garchomp|Stone Edge|p2a: Feel The Pressure
|-crit|p2a: Feel The Pressure
|-damage|p2a: Feel The Pressure|37/100
|
|-heal|p1a: Garchomp|37/100 brn|[from] item: Leftovers
|-heal|p2a: Feel The Pressure|43/100|[from] item: Leftovers
|-damage|p1a: Garchomp|30/100 brn|[from] brn
|upkeep
|turn|137
|
|t:|1652181637
|move|p1a: Garchomp|Stone Edge|p2a: Feel The Pressure
|-damage|p2a: Feel The Pressure|9/100
|move|p2a: Feel The Pressure|Roost|p2a: Feel The Pressure
|-heal|p2a: Feel The Pressure|59/100
|-singleturn|p2a: Feel The Pressure|move: Roost
|
|-heal|p1a: Garchomp|37/100 brn|[from] item: Leftovers
|-heal|p2a: Feel The Pressure|65/100|[from] item: Leftovers
|-damage|p1a: Garchomp|30/100 brn|[from] brn
|upkeep
|turn|138
|
|t:|1652181642
|switch|p1a: Victini|Victini|71/100
|move|p2a: Feel The Pressure|Roost|p2a: Feel The Pressure
|-heal|p2a: Feel The Pressure|100/100
|-singleturn|p2a: Feel The Pressure|move: Roost
|
|upkeep
|turn|139
|
|t:|1652181646
|switch|p2a: Stare At Death|Toxapex, F|100/100 par
|-damage|p2a: Stare At Death|88/100 par|[from] Stealth Rock
|move|p1a: Victini|Bolt Strike|p2a: Stare At Death
|-supereffective|p2a: Stare At Death
|-damage|p2a: Stare At Death|38/100 par
|
|upkeep
|turn|140
|
|t:|1652181653
|switch|p2a: We...Suffer...|Hydreigon, M|100/100
|-damage|p2a: We...Suffer...|88/100|[from] Stealth Rock
|move|p1a: Victini|Bolt Strike|p2a: We...Suffer...
|-resisted|p2a: We...Suffer...
|-damage|p2a: We...Suffer...|69/100
|
|-heal|p2a: We...Suffer...|75/100|[from] item: Leftovers
|upkeep
|turn|141
|c|☆Overdrive8911|gg
|
|t:|1652181663
|switch|p2a: Stare At Death|Toxapex, F|71/100 par
|-damage|p2a: Stare At Death|59/100 par|[from] Stealth Rock
|move|p1a: Victini|Toxic||[still]
|-fail|p1a: Victini
|
|upkeep
|turn|142
|
|t:|1652181671
|move|p1a: Victini|U-turn|p2a: Stare At Death
|-resisted|p2a: Stare At Death
|-crit|p2a: Stare At Death
|-damage|p2a: Stare At Death|50/100 par
|
|t:|1652181677
|switch|p1a: Skarmory|Skarmory, F|55/100 brn|[from]move: U-turn
|cant|p2a: Stare At Death|par
|
|-damage|p1a: Skarmory|49/100 brn|[from] brn
|upkeep
|turn|143
|
|t:|1652181687
|switch|p1a: Victini|Victini|71/100
|move|p2a: Stare At Death|Toxic Spikes|p1a: Victini
|-sidestart|p1: JooshP|move: Toxic Spikes
|
|upkeep
|turn|144
|
|t:|1652181690
|move|p1a: Victini|U-turn|p2a: Stare At Death
|-resisted|p2a: Stare At Death
|-damage|p2a: Stare At Death|44/100 par
|
|t:|1652181692
|switch|p1a: Garchomp|Garchomp, M|30/100 brn|[from]move: U-turn
|move|p2a: Stare At Death|Recover|p2a: Stare At Death
|-heal|p2a: Stare At Death|94/100 par
|
|-heal|p1a: Garchomp|37/100 brn|[from] item: Leftovers
|-damage|p1a: Garchomp|30/100 brn|[from] brn
|upkeep
|turn|145
|
|t:|1652181697
|switch|p1a: Skarmory|Skarmory, F|49/100 brn
|switch|p2a: Feel The Pressure|Corviknight, M|100/100
|-damage|p2a: Feel The Pressure|88/100|[from] Stealth Rock
|-ability|p2a: Feel The Pressure|Pressure
|
|-heal|p2a: Feel The Pressure|94/100|[from] item: Leftovers
|-damage|p1a: Skarmory|43/100 brn|[from] brn
|upkeep
|turn|146
|
|t:|1652181701
|move|p1a: Skarmory|Roost|p1a: Skarmory
|-heal|p1a: Skarmory|93/100 brn
|-singleturn|p1a: Skarmory|move: Roost
|move|p2a: Feel The Pressure|Defog|p1a: Skarmory
|-unboost|p1a: Skarmory|evasion|1
|-sideend|p1: JooshP|Toxic Spikes|[from] move: Defog|[of] p2a: Feel The Pressure
|-sideend|p2: Overdrive8911|Stealth Rock|[from] move: Defog|[of] p2a: Feel The Pressure
|
|-heal|p2a: Feel The Pressure|100/100|[from] item: Leftovers
|-damage|p1a: Skarmory|87/100 brn|[from] brn
|upkeep
|turn|147
|
|t:|1652181706
|switch|p2a: Just Forfeit|Suicune|76/100
|-ability|p2a: Just Forfeit|Pressure
|move|p1a: Skarmory|Spikes|p2a: Just Forfeit
|-sidestart|p2: Overdrive8911|Spikes
|
|-heal|p2a: Just Forfeit|83/100|[from] item: Leftovers
|-damage|p1a: Skarmory|81/100 brn|[from] brn
|upkeep
|turn|148
|
|t:|1652181710
|move|p2a: Just Forfeit|Scald|p1a: Skarmory
|-damage|p1a: Skarmory|44/100 brn
|move|p1a: Skarmory|Whirlwind|p2a: Just Forfeit
|drag|p2a: Feel The Pressure|Corviknight, M|100/100
|-ability|p2a: Feel The Pressure|Pressure
|
|-damage|p1a: Skarmory|38/100 brn|[from] brn
|upkeep
|turn|149
|
|t:|1652181714
|move|p1a: Skarmory|Roost|p1a: Skarmory
|-heal|p1a: Skarmory|88/100 brn
|-singleturn|p1a: Skarmory|move: Roost
|move|p2a: Feel The Pressure|Body Press|p1a: Skarmory
|-supereffective|p1a: Skarmory
|-damage|p1a: Skarmory|58/100 brn
|
|-damage|p1a: Skarmory|52/100 brn|[from] brn
|upkeep
|turn|150
|
|t:|1652181721
|switch|p1a: Victini|Victini|71/100
|switch|p2a: Its Hopeless|Clefable, M|100/100
|-damage|p2a: Its Hopeless|88/100|[from] Spikes
|
|-heal|p2a: Its Hopeless|94/100|[from] item: Leftovers
|upkeep
|turn|151
|
|t:|1652181725
|move|p1a: Victini|V-create|p2a: Its Hopeless
|-damage|p2a: Its Hopeless|39/100
|-unboost|p1a: Victini|spe|1
|-unboost|p1a: Victini|def|1
|-unboost|p1a: Victini|spd|1
|move|p2a: Its Hopeless|Soft-Boiled|p2a: Its Hopeless
|-heal|p2a: Its Hopeless|89/100
|
|-heal|p2a: Its Hopeless|95/100|[from] item: Leftovers
|upkeep
|turn|152
|
|t:|1652181734
|switch|p2a: Stare At Death|Toxapex, F|100/100 par
|-damage|p2a: Stare At Death|88/100 par|[from] Spikes
|move|p1a: Victini|Toxic||[still]
|-fail|p1a: Victini
|
|upkeep
|turn|153
|
|t:|1652181741
|move|p1a: Victini|U-turn|p2a: Stare At Death
|-resisted|p2a: Stare At Death
|-damage|p2a: Stare At Death|81/100 par
|
|t:|1652181744
|switch|p1a: Skarmory|Skarmory, F|52/100 brn|[from]move: U-turn
|cant|p2a: Stare At Death|par
|
|-damage|p1a: Skarmory|46/100 brn|[from] brn
|upkeep
|turn|154
|
|t:|1652181747
|move|p1a: Skarmory|Roost|p1a: Skarmory
|-heal|p1a: Skarmory|96/100 brn
|-singleturn|p1a: Skarmory|move: Roost
|move|p2a: Stare At Death|Toxic Spikes|p1a: Skarmory
|-sidestart|p1: JooshP|move: Toxic Spikes
|
|-damage|p1a: Skarmory|90/100 brn|[from] brn
|upkeep
|turn|155
|
|t:|1652181752
|switch|p1a: Dragonite|Dragonite, M|100/100
|move|p2a: Stare At Death|Toxic Spikes|p1a: Dragonite
|-sidestart|p1: JooshP|move: Toxic Spikes
|
|upkeep
|turn|156
|
|t:|1652181758
|switch|p1a: Garchomp|Garchomp, M|30/100 brn
|move|p2a: Stare At Death|Poison Jab|p1a: Garchomp
|-resisted|p1a: Garchomp
|-damage|p1a: Garchomp|22/100 brn
|-damage|p2a: Stare At Death|68/100 par|[from] ability: Rough Skin|[of] p1a: Garchomp
|
|-heal|p1a: Garchomp|28/100 brn|[from] item: Leftovers
|-damage|p1a: Garchomp|22/100 brn|[from] brn
|upkeep
|turn|157
|
|t:|1652181767
|switch|p2a: We...Suffer...|Hydreigon, M|75/100
|move|p1a: Garchomp|Stealth Rock|p2a: We...Suffer...
|-sidestart|p2: Overdrive8911|move: Stealth Rock
|
|-heal|p1a: Garchomp|28/100 brn|[from] item: Leftovers
|-heal|p2a: We...Suffer...|81/100|[from] item: Leftovers
|-damage|p1a: Garchomp|22/100 brn|[from] brn
|upkeep
|turn|158
|
|t:|1652181771
|switch|p1a: Tapu Fini|Tapu Fini|17/100 tox
|-fieldstart|move: Misty Terrain|[from] ability: Misty Surge|[of] p1a: Tapu Fini
|move|p2a: We...Suffer...|Dark Pulse|p1a: Tapu Fini
|-resisted|p1a: Tapu Fini
|-damage|p1a: Tapu Fini|7/100 tox
|
|-heal|p2a: We...Suffer...|88/100|[from] item: Leftovers
|-damage|p1a: Tapu Fini|1/100 tox|[from] psn
|upkeep
|turn|159
|
|t:|1652181776
|switch|p2a: Stare At Death|Toxapex, F|100/100 par
|-damage|p2a: Stare At Death|88/100 par|[from] Stealth Rock
|-damage|p2a: Stare At Death|75/100 par|[from] Spikes
|move|p1a: Tapu Fini|Moonblast|p2a: Stare At Death
|-resisted|p2a: Stare At Death
|-damage|p2a: Stare At Death|64/100 par
|-unboost|p2a: Stare At Death|spa|1
|
|-damage|p1a: Tapu Fini|0 fnt|[from] psn
|faint|p1a: Tapu Fini
|upkeep
|
|t:|1652181779
|switch|p1a: Dragonite|Dragonite, M|100/100
|turn|160
|
|t:|1652181785
|switch|p2a: Its Hopeless|Clefable, M|95/100
|-damage|p2a: Its Hopeless|82/100|[from] Spikes
|-damage|p2a: Its Hopeless|70/100|[from] Stealth Rock
|move|p1a: Dragonite|Dragon Dance|p1a: Dragonite
|-boost|p1a: Dragonite|atk|1
|-boost|p1a: Dragonite|spe|1
|
|-heal|p2a: Its Hopeless|76/100|[from] item: Leftovers
|upkeep
|turn|161
|
|t:|1652181793
|switch|p1a: Victini|Victini|71/100
|move|p2a: Its Hopeless|Knock Off|p1a: Victini
|-supereffective|p1a: Victini
|-damage|p1a: Victini|50/100
|
|-heal|p2a: Its Hopeless|82/100|[from] item: Leftovers
|upkeep
|turn|162
|
|t:|1652181797
|move|p1a: Victini|U-turn|p2a: Its Hopeless
|-resisted|p2a: Its Hopeless
|-crit|p2a: Its Hopeless
|-damage|p2a: Its Hopeless|71/100
|
|t:|1652181799
|switch|p1a: Skarmory|Skarmory, F|90/100 brn|[from]move: U-turn
|move|p2a: Its Hopeless|Soft-Boiled|p2a: Its Hopeless
|-heal|p2a: Its Hopeless|100/100
|
|-damage|p1a: Skarmory|84/100 brn|[from] brn
|-fieldend|Misty Terrain
|upkeep
|turn|163
|
|t:|1652181811
|switch|p2a: Feel The Pressure|Corviknight, M|100/100
|-damage|p2a: Feel The Pressure|88/100|[from] Stealth Rock
|-ability|p2a: Feel The Pressure|Pressure
|move|p1a: Skarmory|Whirlwind|p2a: Feel The Pressure
|drag|p2a: Its Hopeless|Clefable, M|100/100
|-damage|p2a: Its Hopeless|88/100|[from] Stealth Rock
|-damage|p2a: Its Hopeless|76/100|[from] Spikes
|
|-heal|p2a: Its Hopeless|82/100|[from] item: Leftovers
|-damage|p1a: Skarmory|78/100 brn|[from] brn
|upkeep
|turn|164
|
|t:|1652181818
|move|p2a: Its Hopeless|Moonblast|p1a: Skarmory
|-resisted|p1a: Skarmory
|-damage|p1a: Skarmory|58/100 brn
|move|p1a: Skarmory|Whirlwind|p2a: Its Hopeless
|drag|p2a: Just Forfeit|Suicune|83/100
|-damage|p2a: Just Forfeit|70/100|[from] Stealth Rock
|-damage|p2a: Just Forfeit|58/100|[from] Spikes
|-ability|p2a: Just Forfeit|Pressure
|
|-heal|p2a: Just Forfeit|64/100|[from] item: Leftovers
|-damage|p1a: Skarmory|52/100 brn|[from] brn
|upkeep
|turn|165
|
|t:|1652181823
|move|p2a: Just Forfeit|Scald|p1a: Skarmory
|-damage|p1a: Skarmory|16/100 brn
|move|p1a: Skarmory|Roost|p1a: Skarmory
|-heal|p1a: Skarmory|66/100 brn
|-singleturn|p1a: Skarmory|move: Roost
|
|-heal|p2a: Just Forfeit|70/100|[from] item: Leftovers
|-damage|p1a: Skarmory|60/100 brn|[from] brn
|upkeep
|turn|166
|
|t:|1652181827
|move|p2a: Just Forfeit|Protect|p2a: Just Forfeit
|-singleturn|p2a: Just Forfeit|Protect
|move|p1a: Skarmory|Whirlwind|p2a: Just Forfeit
|drag|p2a: Till Turn 1000|Excadrill, M|38/100
|-damage|p2a: Till Turn 1000|35/100|[from] Stealth Rock
|-damage|p2a: Till Turn 1000|23/100|[from] Spikes
|-ability|p2a: Till Turn 1000|Mold Breaker
|
|-heal|p2a: Till Turn 1000|29/100|[from] item: Leftovers
|-damage|p1a: Skarmory|54/100 brn|[from] brn
|upkeep
|turn|167
|
|t:|1652181832
|switch|p2a: Feel The Pressure|Corviknight, M|88/100
|-damage|p2a: Feel The Pressure|75/100|[from] Stealth Rock
|-ability|p2a: Feel The Pressure|Pressure
|move|p1a: Skarmory|Body Press|p2a: Feel The Pressure
|-damage|p2a: Feel The Pressure|64/100
|
|-heal|p2a: Feel The Pressure|70/100|[from] item: Leftovers
|-damage|p1a: Skarmory|48/100 brn|[from] brn
|upkeep
|turn|168
|
|t:|1652181836
|move|p1a: Skarmory|Roost|p1a: Skarmory
|-heal|p1a: Skarmory|98/100 brn
|-singleturn|p1a: Skarmory|move: Roost
|move|p2a: Feel The Pressure|Defog|p1a: Skarmory
|-unboost|p1a: Skarmory|evasion|1
|-sideend|p1: JooshP|Toxic Spikes|[from] move: Defog|[of] p2a: Feel The Pressure
|-sideend|p2: Overdrive8911|Spikes|[from] move: Defog|[of] p2a: Feel The Pressure
|-sideend|p2: Overdrive8911|Stealth Rock|[from] move: Defog|[of] p2a: Feel The Pressure
|
|-heal|p2a: Feel The Pressure|77/100|[from] item: Leftovers
|-damage|p1a: Skarmory|92/100 brn|[from] brn
|upkeep
|turn|169
|
|t:|1652181844
|switch|p2a: We...Suffer...|Hydreigon, M|88/100
|move|p1a: Skarmory|Spikes|p2a: We...Suffer...
|-sidestart|p2: Overdrive8911|Spikes
|
|-heal|p2a: We...Suffer...|94/100|[from] item: Leftovers
|-damage|p1a: Skarmory|86/100 brn|[from] brn
|upkeep
|turn|170
|
|t:|1652181848
|move|p2a: We...Suffer...|Dark Pulse|p1a: Skarmory
|-damage|p1a: Skarmory|43/100 brn
|move|p1a: Skarmory|Body Press|p2a: We...Suffer...
|-supereffective|p2a: We...Suffer...
|-damage|p2a: We...Suffer...|64/100
|
|-heal|p2a: We...Suffer...|70/100|[from] item: Leftovers
|-damage|p1a: Skarmory|37/100 brn|[from] brn
|upkeep
|turn|171
|
|t:|1652181857
|switch|p1a: Victini|Victini|50/100
|move|p2a: We...Suffer...|Dark Pulse|p1a: Victini
|-supereffective|p1a: Victini
|-damage|p1a: Victini|0 fnt
|faint|p1a: Victini
|
|-heal|p2a: We...Suffer...|77/100|[from] item: Leftovers
|upkeep
|
|t:|1652181861
|switch|p1a: Dragonite|Dragonite, M|100/100
|turn|172
|c|☆Overdrive8911|gg
|
|t:|1652181865
|switch|p2a: Its Hopeless|Clefable, M|82/100
|-damage|p2a: Its Hopeless|69/100|[from] Spikes
|move|p1a: Dragonite|Dragon Dance|p1a: Dragonite
|-boost|p1a: Dragonite|atk|1
|-boost|p1a: Dragonite|spe|1
|
|-heal|p2a: Its Hopeless|75/100|[from] item: Leftovers
|upkeep
|turn|173
|
|t:|1652181871
|move|p1a: Dragonite|Ice Punch|p2a: Its Hopeless
|-damage|p2a: Its Hopeless|55/100
|move|p2a: Its Hopeless|Moonblast|p1a: Dragonite
|-supereffective|p1a: Dragonite
|-damage|p1a: Dragonite|69/100
|-unboost|p1a: Dragonite|spa|1
|
|-heal|p2a: Its Hopeless|61/100|[from] item: Leftovers
|upkeep
|turn|174
|
|t:|1652181877
|move|p1a: Dragonite|Ice Punch|p2a: Its Hopeless
|-damage|p2a: Its Hopeless|41/100
|move|p2a: Its Hopeless|Soft-Boiled|p2a: Its Hopeless
|-heal|p2a: Its Hopeless|91/100
|
|-heal|p2a: Its Hopeless|97/100|[from] item: Leftovers
|upkeep
|turn|175
|
|t:|1652181881
|move|p1a: Dragonite|Ice Punch|p2a: Its Hopeless
|-damage|p2a: Its Hopeless|75/100
|move|p2a: Its Hopeless|Moonblast|p1a: Dragonite
|-supereffective|p1a: Dragonite
|-damage|p1a: Dragonite|0 fnt
|faint|p1a: Dragonite
|
|-heal|p2a: Its Hopeless|81/100|[from] item: Leftovers
|upkeep
|
|t:|1652181886
|switch|p1a: Skarmory|Skarmory, F|37/100 brn
|turn|176
|
|t:|1652181891
|switch|p2a: We...Suffer...|Hydreigon, M|77/100
|move|p1a: Skarmory|Roost|p1a: Skarmory
|-heal|p1a: Skarmory|87/100 brn
|-singleturn|p1a: Skarmory|move: Roost
|
|-heal|p2a: We...Suffer...|83/100|[from] item: Leftovers
|-damage|p1a: Skarmory|81/100 brn|[from] brn
|upkeep
|turn|177
|
|t:|1652181895
|move|p2a: We...Suffer...|Dark Pulse|p1a: Skarmory
|-damage|p1a: Skarmory|33/100 brn
|move|p1a: Skarmory|Body Press|p2a: We...Suffer...
|-supereffective|p2a: We...Suffer...
|-damage|p2a: We...Suffer...|53/100
|
|-heal|p2a: We...Suffer...|59/100|[from] item: Leftovers
|-damage|p1a: Skarmory|27/100 brn|[from] brn
|upkeep
|turn|178
|
|t:|1652181901
|move|p2a: We...Suffer...|Dark Pulse|p1a: Skarmory
|-damage|p1a: Skarmory|0 fnt
|faint|p1a: Skarmory
|
|-heal|p2a: We...Suffer...|65/100|[from] item: Leftovers
|upkeep
|
|t:|1652181902
|switch|p1a: Garchomp|Garchomp, M|22/100 brn
|turn|179
|c|☆Overdrive8911|gg
|c|☆Overdrive8911|Stall always Wins
|inactive|JooshP has 120 seconds left.
|inactive|JooshP has 90 seconds left.
|c|☆Overdrive8911|now you stall the timer
|c|☆Overdrive8911|both ways i win
|c|☆Overdrive8911|gg
|inactive|JooshP has 60 seconds left.
|inactive|JooshP has 30 seconds left.
|inactive|JooshP has 20 seconds left.
|inactive|JooshP has 15 seconds left.
|inactive|JooshP has 10 seconds left.
|inactive|JooshP has 5 seconds left.
|-message|JooshP lost due to inactivity.
|
|win|Overdrive8911
|raw|JooshP's rating: 1681 &rarr; <strong>1657</strong><br />(-24 for losing)
|raw|Overdrive8911's rating: 1613 &rarr; <strong>1637</strong><br />(+24 for winning)
|l|☆JooshP
||Ladder isn't responding, score probably updated but might not have (Request timeout).
