|j|☆tanishq1
|j|☆FAZEoliviarodrigo
|t:|1657693763
|gametype|singles
|player|p1|tanishq1|102|1681
|player|p2|FAZEoliviarodrigo|red|1672
|teamsize|p1|6
|teamsize|p2|6
|gen|8
|tier|[Gen 8] OU
|rated|
|rule|Sleep Clause Mod: Limit one foe put to sleep
|rule|Species Clause: Limit one of each Pokémon
|rule|OHKO Clause: OHKO moves are banned
|rule|Evasion Moves Clause: Evasion moves are banned
|rule|Endless Battle Clause: Forcing endless battles is banned
|rule|HP Percentage Mod: HP is shown in percentages
|rule|Dynamax Clause: You cannot dynamax
|clearpoke
|poke|p1|Tornadus-Therian, M|
|poke|p1|Ferrothorn, M|
|poke|p1|Zapdos|
|poke|p1|Pelipper, M|
|poke|p1|Seismitoad, F|
|poke|p1|Barraskewda, M|
|poke|p2|Pelipper, M|
|poke|p2|Zapdos|
|poke|p2|Gyarados, M|
|poke|p2|Poliwrath, M|
|poke|p2|Blastoise, M|
|poke|p2|Dragonite, M|
|teampreview
|inactive|Battle timer is ON: inactive players will automatically lose when time's up. (requested by tanishq1)
|
|t:|1657693793
|start
|switch|p1a: Zapdos|Zapdos|100/100
|switch|p2a: Zapdos|Zapdos|100/100
|turn|1
|j| 50 at max
|
|t:|1657693800
|move|p2a: Zapdos|Thunderbolt|p1a: Zapdos
|-damage|p1a: Zapdos|49/100
|move|p1a: Zapdos|Thunder|p2a: Zapdos
|-damage|p2a: Zapdos|13/100
|-damage|p1a: Zapdos|39/100|[from] item: Life Orb
|
|upkeep
|turn|2
|
|t:|1657693805
|move|p2a: Zapdos|Thunderbolt|p1a: Zapdos
|-damage|p1a: Zapdos|0 fnt
|faint|p1a: Zapdos
|
|upkeep
|
|t:|1657693813
|switch|p1a: Pelipper|Pelipper, M|100/100
|-weather|RainDance|[from] ability: Drizzle|[of] p1a: Pelipper
|turn|3
|
|t:|1657693819
|switch|p1a: Seismitoad|Seismitoad, F|100/100
|move|p2a: Zapdos|Hurricane|p1a: Seismitoad
|-crit|p1a: Seismitoad
|-damage|p1a: Seismitoad|0 fnt
|faint|p1a: Seismitoad
|
|-weather|RainDance|[upkeep]
|upkeep
|
|t:|1657693822
|switch|p1a: Tornadus|Tornadus-Therian, M|100/100
|turn|4
|
|t:|1657693833
|switch|p2a: Pelipper|Pelipper, M|100/100
|move|p1a: Tornadus|Hurricane|p2a: Pelipper
|-damage|p2a: Pelipper|0 fnt
|faint|p2a: Pelipper
|-damage|p1a: Tornadus|90/100|[from] item: Life Orb
|
|-weather|RainDance|[upkeep]
|upkeep
|
|t:|1657693842
|switch|p2a: Gyarados|Gyarados, M|100/100
|turn|5
|
|t:|1657693845
|move|p1a: Tornadus|Hurricane|p2a: Gyarados
|-damage|p2a: Gyarados|34/100
|-start|p2a: Gyarados|confusion
|-damage|p1a: Tornadus|80/100|[from] item: Life Orb
|-activate|p2a: Gyarados|confusion
|move|p2a: Gyarados|Dragon Dance|p2a: Gyarados
|-boost|p2a: Gyarados|atk|1
|-boost|p2a: Gyarados|spe|1
|
|-weather|RainDance|[upkeep]
|-heal|p2a: Gyarados|40/100|[from] item: Leftovers
|upkeep
|turn|6
|
|t:|1657693849
|switch|p1a: Ferrothorn|Ferrothorn, M|100/100
|-activate|p2a: Gyarados|confusion
|-damage|p2a: Gyarados|10/100|[from] confusion
|
|-weather|RainDance|[upkeep]
|-heal|p2a: Gyarados|16/100|[from] item: Leftovers
|upkeep
|turn|7
|j| ggcvbj
|
|t:|1657693853
|-activate|p2a: Gyarados|confusion
|-damage|p2a: Gyarados|0 fnt|[from] confusion
|faint|p2a: Gyarados
|move|p1a: Ferrothorn|Power Whip|p2: Gyarados|[notarget]
|-fail|p1a: Ferrothorn
|
|-weather|RainDance|[upkeep]
|upkeep
|l| 50 at max
|j| 50 at max
|l| 50 at max
|
|t:|1657693860
|switch|p2a: Poliwrath|Poliwrath, M|100/100
|turn|8
|
|t:|1657693868
|switch|p1a: Pelipper|Pelipper, M|100/100
|move|p2a: Poliwrath|Ice Punch|p1a: Pelipper
|-damage|p1a: Pelipper|84/100
|
|-weather|RainDance|[upkeep]
|upkeep
|turn|9
|j| FUCK SEAWORLD
|l| ggcvbj
|
|t:|1657693895
|move|p2a: Poliwrath|Ice Punch|p1a: Pelipper
|-damage|p1a: Pelipper|65/100
|move|p1a: Pelipper|U-turn|p2a: Poliwrath
|-resisted|p2a: Poliwrath
|-damage|p2a: Poliwrath|96/100
|
|t:|1657693899
|switch|p1a: Barraskewda|Barraskewda, M|100/100|[from]move: U-turn
|
|-weather|RainDance|[upkeep]
|upkeep
|turn|10
|
|t:|1657693906
|switch|p2a: Zapdos|Zapdos|13/100
|move|p1a: Barraskewda|Psychic Fangs|p2a: Zapdos
|-damage|p2a: Zapdos|0 fnt
|-status|p1a: Barraskewda|par|[from] ability: Static|[of] p2a: Zapdos
|faint|p2a: Zapdos
|
|-weather|none
|upkeep
|
|t:|1657693911
|switch|p2a: Dragonite|Dragonite, M|100/100
|turn|11
|
|t:|1657693915
|switch|p1a: Ferrothorn|Ferrothorn, M|100/100
|move|p2a: Dragonite|Dragon Dance|p2a: Dragonite
|-boost|p2a: Dragonite|atk|1
|-boost|p2a: Dragonite|spe|1
|
|upkeep
|turn|12
|
|t:|1657693919
|move|p2a: Dragonite|Earthquake|p1a: Ferrothorn
|-damage|p1a: Ferrothorn|58/100
|move|p1a: Ferrothorn|Leech Seed|p2a: Dragonite
|-start|p2a: Dragonite|move: Leech Seed
|
|-heal|p1a: Ferrothorn|64/100|[from] item: Leftovers
|-damage|p2a: Dragonite|88/100|[from] Leech Seed|[of] p1a: Ferrothorn
|-heal|p1a: Ferrothorn|76/100|[silent]
|upkeep
|turn|13
|
|t:|1657693923
|switch|p2a: Poliwrath|Poliwrath, M|96/100
|switch|p1a: Tornadus|Tornadus-Therian, M|100/100
|
|upkeep
|turn|14
|
|t:|1657693927
|move|p1a: Tornadus|Hurricane|p2a: Poliwrath|[miss]
|-miss|p1a: Tornadus|p2a: Poliwrath
|move|p2a: Poliwrath|Ice Punch|p1a: Tornadus
|-supereffective|p1a: Tornadus
|-damage|p1a: Tornadus|36/100
|
|upkeep
|turn|15
|
|t:|1657693930
|move|p1a: Tornadus|Hurricane|p2a: Poliwrath
|-supereffective|p2a: Poliwrath
|-damage|p2a: Poliwrath|0 fnt
|faint|p2a: Poliwrath
|-damage|p1a: Tornadus|26/100|[from] item: Life Orb
|
|upkeep
|j| last labyrinth
|
|t:|1657693933
|switch|p2a: Dragonite|Dragonite, M|88/100
|turn|16
|
|t:|1657693935
|move|p1a: Tornadus|Hurricane|p2a: Dragonite
|-damage|p2a: Dragonite|13/100
|-damage|p1a: Tornadus|16/100|[from] item: Life Orb
|move|p2a: Dragonite|Dragon Dance|p2a: Dragonite
|-boost|p2a: Dragonite|atk|1
|-boost|p2a: Dragonite|spe|1
|
|upkeep
|turn|17
|c| FUCK SEAWORLD|eq here
|
|t:|1657693948
|switch|p1a: Ferrothorn|Ferrothorn, M|76/100
|move|p2a: Dragonite|Earthquake|p1a: Ferrothorn
|-damage|p1a: Ferrothorn|33/100
|
|-heal|p1a: Ferrothorn|39/100|[from] item: Leftovers
|upkeep
|turn|18
|
|t:|1657693951
|move|p2a: Dragonite|Earthquake|p1a: Ferrothorn
|-damage|p1a: Ferrothorn|0 fnt
|faint|p1a: Ferrothorn
|
|upkeep
|j| Uvvuuvu
|
|t:|1657693955
|switch|p1a: Pelipper|Pelipper, M|65/100
|-weather|RainDance|[from] ability: Drizzle|[of] p1a: Pelipper
|turn|19
|
|t:|1657693959
|move|p2a: Dragonite|Dragon Dance|p2a: Dragonite
|-boost|p2a: Dragonite|atk|1
|-boost|p2a: Dragonite|spe|1
|move|p1a: Pelipper|Scald|p2a: Dragonite
|-resisted|p2a: Dragonite
|-damage|p2a: Dragonite|0 fnt
|faint|p2a: Dragonite
|
|-weather|RainDance|[upkeep]
|upkeep
|
|t:|1657693961
|switch|p2a: Blastoise|Blastoise, M|100/100
|turn|20
|
|t:|1657693965
|move|p2a: Blastoise|Shell Smash|p2a: Blastoise
|-unboost|p2a: Blastoise|def|1
|-unboost|p2a: Blastoise|spd|1
|-boost|p2a: Blastoise|atk|2
|-boost|p2a: Blastoise|spa|2
|-boost|p2a: Blastoise|spe|2
|-enditem|p2a: Blastoise|White Herb
|-clearnegativeboost|p2a: Blastoise|[silent]
|move|p1a: Pelipper|Scald|p2a: Blastoise
|-resisted|p2a: Blastoise
|-damage|p2a: Blastoise|80/100
|
|-weather|RainDance|[upkeep]
|upkeep
|turn|21
|
|t:|1657693967
|move|p2a: Blastoise|Surf|p1a: Pelipper
|-resisted|p1a: Pelipper
|-damage|p1a: Pelipper|0 fnt
|faint|p1a: Pelipper
|
|-weather|RainDance|[upkeep]
|upkeep
|j| 50 at max
|l| 50 at max
|
|t:|1657693974
|switch|p1a: Tornadus|Tornadus-Therian, M|50/100
|turn|22
|
|t:|1657693977
|switch|p1a: Barraskewda|Barraskewda, M|100/100 par
|move|p2a: Blastoise|Ice Beam|p1a: Barraskewda
|-resisted|p1a: Barraskewda
|-damage|p1a: Barraskewda|47/100 par
|
|-weather|RainDance|[upkeep]
|upkeep
|turn|23
|
|t:|1657693981
|move|p2a: Blastoise|Surf|p1a: Barraskewda
|-resisted|p1a: Barraskewda
|-damage|p1a: Barraskewda|0 fnt
|faint|p1a: Barraskewda
|
|-weather|RainDance|[upkeep]
|upkeep
|
|t:|1657693983
|switch|p1a: Tornadus|Tornadus-Therian, M|83/100
|turn|24
|
|t:|1657693987
|move|p2a: Blastoise|Surf|p1a: Tornadus
|-crit|p1a: Tornadus
|-damage|p1a: Tornadus|0 fnt
|faint|p1a: Tornadus
|
|win|FAZEoliviarodrigo
|raw|tanishq1's rating: 1681 &rarr; <strong>1660</strong><br />(-21 for losing)
|raw|FAZEoliviarodrigo's rating: 1672 &rarr; <strong>1693</strong><br />(+21 for winning)
|l| last labyrinth
|l|☆tanishq1
|c|☆FAZEoliviarodrigo|gg
|c| FUCK SEAWORLD|360'd
