|j|☆5al-sama
|j|☆ripreckful
|t:|1652432891
|gametype|singles
|player|p1|5al-sama|policeman|1681
|player|p2|ripreckful|hilbert|1776
|teamsize|p1|6
|teamsize|p2|6
|gen|8
|tier|[Gen 8] OU
|rated|
|rule|Sleep Clause Mod: Limit one foe put to sleep
|rule|Species Clause: Limit one of each Pokémon
|rule|OHKO Clause: OHKO moves are banned
|rule|Evasion Moves Clause: Evasion moves are banned
|rule|Endless Battle Clause: Forcing endless battles is banned
|rule|HP Percentage Mod: HP is shown in percentages
|rule|Dynamax Clause: You cannot dynamax
|clearpoke
|poke|p1|Blissey, F|
|poke|p1|Toxapex, M|
|poke|p1|Zapdos|
|poke|p1|Victini|
|poke|p1|Landorus-Therian, M|
|poke|p1|Tapu Lele|
|poke|p2|Kartana|
|poke|p2|Victini|
|poke|p2|Tapu Lele|
|poke|p2|Amoonguss, M|
|poke|p2|Tapu Fini|
|poke|p2|Swampert, F|
|teampreview
|inactive|Battle timer is ON: inactive players will automatically lose when time's up. (requested by ripreckful)
|j| UCSB Gauchos
|inactive|ripreckful has 120 seconds left.
|
|t:|1652432944
|start
|switch|p1a: Tapu Lele|Tapu Lele|100/100
|switch|p2a: Swampert|Swampert, F|100/100
|-fieldstart|move: Psychic Terrain|[from] ability: Psychic Surge|[of] p1a: Tapu Lele
|turn|1
|
|t:|1652432951
|switch|p2a: Victini|Victini|100/100
|move|p1a: Tapu Lele|Psyshock|p2a: Victini
|-resisted|p2a: Victini
|-crit|p2a: Victini
|-damage|p2a: Victini|30/100
|
|upkeep
|turn|2
|
|t:|1652432960
|switch|p1a: Toxapex|Toxapex, M|100/100
|move|p2a: Victini|Expanding Force|p1a: Toxapex
|-supereffective|p1a: Toxapex
|-damage|p1a: Toxapex|9/100
|
|upkeep
|turn|3
|
|t:|1652432969
|switch|p1a: Blissey|Blissey, F|100/100
|move|p2a: Victini|Expanding Force|p1a: Blissey
|-damage|p1a: Blissey|81/100
|
|upkeep
|turn|4
|
|t:|1652432976
|move|p2a: Victini|V-create|p1a: Blissey
|-crit|p1a: Blissey
|-damage|p1a: Blissey|0 fnt
|-unboost|p2a: Victini|spe|1
|-unboost|p2a: Victini|def|1
|-unboost|p2a: Victini|spd|1
|faint|p1a: Blissey
|
|upkeep
|
|t:|1652433000
|switch|p1a: Tapu Lele|Tapu Lele|100/100
|turn|5
|
|t:|1652433019
|switch|p2a: Amoonguss|Amoonguss, M|100/100
|move|p1a: Tapu Lele|Psychic|p2a: Amoonguss
|-supereffective|p2a: Amoonguss
|-damage|p2a: Amoonguss|0 fnt
|faint|p2a: Amoonguss
|
|-fieldend|move: Psychic Terrain
|upkeep
|
|t:|1652433025
|switch|p2a: Victini|Victini|30/100
|turn|6
|inactive|5al-sama has 120 seconds left.
|j| SalsaBlast
|
|t:|1652433063
|switch|p1a: Toxapex|Toxapex, M|42/100
|move|p2a: Victini|V-create|p1a: Toxapex
|-resisted|p1a: Toxapex
|-damage|p1a: Toxapex|17/100
|-unboost|p2a: Victini|spe|1
|-unboost|p2a: Victini|def|1
|-unboost|p2a: Victini|spd|1
|-damage|p2a: Victini|13/100|[from] item: Rocky Helmet|[of] p1a: Toxapex
|
|upkeep
|turn|7
|
|t:|1652433083
|switch|p1a: Victini|Victini|100/100
|move|p2a: Victini|V-create|p1a: Victini
|-resisted|p1a: Victini
|-damage|p1a: Victini|59/100
|-unboost|p2a: Victini|spe|1
|-unboost|p2a: Victini|def|1
|-unboost|p2a: Victini|spd|1
|
|upkeep
|turn|8
|
|t:|1652433091
|switch|p2a: Swampert|Swampert, F|100/100
|move|p1a: Victini|U-turn|p2a: Swampert
|-damage|p2a: Swampert|81/100
|
|t:|1652433101
|switch|p1a: Tapu Lele|Tapu Lele|100/100|[from]move: U-turn
|-fieldstart|move: Psychic Terrain|[from] ability: Psychic Surge|[of] p1a: Tapu Lele
|
|-heal|p2a: Swampert|88/100|[from] item: Leftovers
|upkeep
|turn|9
|
|t:|1652433123
|move|p1a: Tapu Lele|Psychic|p2a: Swampert
|-damage|p2a: Swampert|25/100
|move|p2a: Swampert|Stealth Rock|p1a: Tapu Lele
|-sidestart|p1: 5al-sama|move: Stealth Rock
|
|-heal|p2a: Swampert|31/100|[from] item: Leftovers
|upkeep
|turn|10
|
|t:|1652433128
|move|p1a: Tapu Lele|Psychic|p2a: Swampert
|-damage|p2a: Swampert|0 fnt
|faint|p2a: Swampert
|
|upkeep
|
|t:|1652433130
|switch|p2a: Victini|Victini|13/100
|turn|11
|j| starmind
|
|t:|1652433145
|move|p2a: Victini|V-create|p1a: Tapu Lele
|-damage|p1a: Tapu Lele|0 fnt
|-unboost|p2a: Victini|spe|1
|-unboost|p2a: Victini|def|1
|-unboost|p2a: Victini|spd|1
|faint|p1a: Tapu Lele
|
|upkeep
|inactive|5al-sama has 90 seconds left.
|l| starmind
|inactive|5al-sama has 60 seconds left.
|
|t:|1652433201
|switch|p1a: Landorus|Landorus-Therian, M|100/100
|-damage|p1a: Landorus|88/100|[from] Stealth Rock
|-ability|p1a: Landorus|Intimidate|boost
|-unboost|p2a: Victini|atk|1
|turn|12
|
|t:|1652433204
|switch|p2a: Kartana|Kartana|100/100
|move|p1a: Landorus|Earthquake|p2a: Kartana
|-damage|p2a: Kartana|41/100
|
|-fieldend|move: Psychic Terrain
|upkeep
|turn|13
|
|t:|1652433208
|move|p1a: Landorus|Earthquake|p2a: Kartana
|-damage|p2a: Kartana|0 fnt
|faint|p2a: Kartana
|
|upkeep
|inactive|ripreckful has 120 seconds left.
|
|t:|1652433250
|switch|p2a: Tapu Fini|Tapu Fini|100/100
|-fieldstart|move: Misty Terrain|[from] ability: Misty Surge|[of] p2a: Tapu Fini
|turn|14
|inactive|5al-sama has 60 seconds left.
|j| DJStankyJunk
|c|☆ripreckful|test
|inactive|5al-sama has 30 seconds left.
|
|t:|1652433315
|switch|p1a: Toxapex|Toxapex, M|50/100
|-damage|p1a: Toxapex|38/100|[from] Stealth Rock
|move|p2a: Tapu Fini|Surf|p1a: Toxapex
|-resisted|p1a: Toxapex
|-damage|p1a: Toxapex|25/100
|
|upkeep
|turn|15
|inactive|ripreckful has 120 seconds left.
|
|t:|1652433331
|move|p2a: Tapu Fini|Taunt|p1a: Toxapex
|-start|p1a: Toxapex|move: Taunt
|move|p1a: Toxapex|Knock Off|p2a: Tapu Fini
|-resisted|p2a: Tapu Fini
|-damage|p2a: Tapu Fini|95/100
|-enditem|p2a: Tapu Fini|Leftovers|[from] move: Knock Off|[of] p1a: Toxapex
|
|upkeep
|turn|16
|
|t:|1652433344
|switch|p1a: Zapdos|Zapdos|100/100
|move|p2a: Tapu Fini|Calm Mind|p2a: Tapu Fini
|-boost|p2a: Tapu Fini|spa|1
|-boost|p2a: Tapu Fini|spd|1
|
|upkeep
|turn|17
|inactive|ripreckful has 120 seconds left.
|
|t:|1652433368
|move|p1a: Zapdos|Discharge|p2a: Tapu Fini
|-supereffective|p2a: Tapu Fini
|-damage|p2a: Tapu Fini|62/100
|move|p2a: Tapu Fini|Calm Mind|p2a: Tapu Fini
|-boost|p2a: Tapu Fini|spa|1
|-boost|p2a: Tapu Fini|spd|1
|
|upkeep
|turn|18
|inactive|ripreckful has 120 seconds left.
|
|t:|1652433387
|move|p1a: Zapdos|Discharge|p2a: Tapu Fini
|-supereffective|p2a: Tapu Fini
|-damage|p2a: Tapu Fini|37/100
|move|p2a: Tapu Fini|Draining Kiss|p1a: Zapdos
|-damage|p1a: Zapdos|68/100
|-heal|p2a: Tapu Fini|64/100|[from] drain|[of] p1a: Zapdos
|
|-fieldend|Misty Terrain
|upkeep
|turn|19
|
|t:|1652433393
|move|p1a: Zapdos|Discharge|p2a: Tapu Fini
|-supereffective|p2a: Tapu Fini
|-damage|p2a: Tapu Fini|40/100
|move|p2a: Tapu Fini|Calm Mind|p2a: Tapu Fini
|-boost|p2a: Tapu Fini|spa|1
|-boost|p2a: Tapu Fini|spd|1
|
|upkeep
|turn|20
|
|t:|1652433401
|switch|p1a: Toxapex|Toxapex, M|58/100
|-damage|p1a: Toxapex|46/100|[from] Stealth Rock
|move|p2a: Tapu Fini|Draining Kiss|p1a: Toxapex
|-resisted|p1a: Toxapex
|-crit|p1a: Toxapex
|-damage|p1a: Toxapex|22/100
|-heal|p2a: Tapu Fini|56/100|[from] drain|[of] p1a: Toxapex
|-damage|p2a: Tapu Fini|39/100|[from] item: Rocky Helmet|[of] p1a: Toxapex
|
|upkeep
|turn|21
|
|t:|1652433406
|move|p2a: Tapu Fini|Surf|p1a: Toxapex
|-resisted|p1a: Toxapex
|-damage|p1a: Toxapex|0 fnt
|faint|p1a: Toxapex
|
|upkeep
|
|t:|1652433425
|switch|p1a: Victini|Victini|59/100
|turn|22
|
|t:|1652433431
|move|p1a: Victini|Bolt Strike|p2a: Tapu Fini
|-supereffective|p2a: Tapu Fini
|-damage|p2a: Tapu Fini|0 fnt
|faint|p2a: Tapu Fini
|
|upkeep
|
|t:|1652433439
|switch|p2a: Victini|Victini|13/100
|turn|23
|inactive|5al-sama has 60 seconds left.
|inactive|ripreckful has 120 seconds left.
|c|☆5al-sama|test
|
|t:|1652433496
|switch|p1a: Zapdos|Zapdos|68/100
|move|p2a: Victini|V-create|p1a: Zapdos
|-damage|p1a: Zapdos|7/100
|-unboost|p2a: Victini|spe|1
|-unboost|p2a: Victini|def|1
|-unboost|p2a: Victini|spd|1
|
|upkeep
|turn|24
|inactive|5al-sama has 60 seconds left.
|
|t:|1652433504
|switch|p2a: Tapu Lele|Tapu Lele|100/100
|-fieldstart|move: Psychic Terrain|[from] ability: Psychic Surge|[of] p2a: Tapu Lele
|move|p1a: Zapdos|Discharge|p2a: Tapu Lele
|-damage|p2a: Tapu Lele|67/100
|-status|p2a: Tapu Lele|par
|
|upkeep
|turn|25
|c|☆ripreckful|rip
|c| UCSB Gauchos|Hax
|inactive|5al-sama has 60 seconds left.
|
|t:|1652433518
|move|p1a: Zapdos|Discharge|p2a: Tapu Lele
|-damage|p2a: Tapu Lele|33/100 par
|cant|p2a: Tapu Lele|par
|
|upkeep
|turn|26
|c|☆ripreckful|gg
|-message|ripreckful forfeited.
|
|win|5al-sama
|raw|5al-sama's rating: 1681 &rarr; <strong>1706</strong><br />(+25 for winning)
|raw|ripreckful's rating: 1776 &rarr; <strong>1751</strong><br />(-25 for losing)
|c|☆5al-sama|gg
|c| SalsaBlast|skill
|l|☆ripreckful
|l| DJStankyJunk
|l| SalsaBlast
|c|☆5al-sama|thx
|l|☆5al-sama
