|j|☆lavenderlad02
|j|☆SetsuStsna
|t:|1652821309
|gametype|singles
|player|p1|lavenderlad02|palmer|1615
|player|p2|SetsuStsna|irida|1709
|teamsize|p1|6
|teamsize|p2|6
|gen|8
|tier|[Gen 8] OU
|rated|
|rule|Sleep Clause Mod: Limit one foe put to sleep
|rule|Species Clause: Limit one of each Pokémon
|rule|OHKO Clause: OHKO moves are banned
|rule|Evasion Moves Clause: Evasion moves are banned
|rule|Endless Battle Clause: Forcing endless battles is banned
|rule|HP Percentage Mod: HP is shown in percentages
|rule|Dynamax Clause: You cannot dynamax
|clearpoke
|poke|p1|Blissey, F|
|poke|p1|Toxapex, M|
|poke|p1|Shedinja|
|poke|p1|Corviknight, M|
|poke|p1|Clefable, F|
|poke|p1|Ditto|
|poke|p2|Clefable, F|
|poke|p2|Toxapex, F|
|poke|p2|Landorus-Therian, M|
|poke|p2|Ferrothorn, F|
|poke|p2|Reuniclus, M|
|poke|p2|Tornadus-Therian, M|
|teampreview
|inactive|Battle timer is ON: inactive players will automatically lose when time's up. (requested by lavenderlad02)
|c|☆SetsuStsna|hf
|c|☆lavenderlad02|gl
|
|t:|1652821322
|start
|switch|p1a: Toxapex|Toxapex, M|100/100
|switch|p2a: Tornadus|Tornadus-Therian, M|100/100
|turn|1
|
|t:|1652821328
|move|p2a: Tornadus|Knock Off|p1a: Toxapex
|-damage|p1a: Toxapex|88/100
|-enditem|p1a: Toxapex|Shed Shell|[from] move: Knock Off|[of] p2a: Tornadus
|move|p1a: Toxapex|Knock Off|p2a: Tornadus
|-damage|p2a: Tornadus|85/100
|-enditem|p2a: Tornadus|Heavy-Duty Boots|[from] move: Knock Off|[of] p1a: Toxapex
|
|upkeep
|turn|2
|j| 50 at max
|
|t:|1652821335
|switch|p2a: Toxapex|Toxapex, F|100/100
|move|p1a: Toxapex|Scald|p2a: Toxapex
|-resisted|p2a: Toxapex
|-damage|p2a: Toxapex|94/100
|
|upkeep
|turn|3
|
|t:|1652821348
|move|p2a: Toxapex|Scald|p1a: Toxapex
|-resisted|p1a: Toxapex
|-damage|p1a: Toxapex|81/100
|move|p1a: Toxapex|Knock Off|p2a: Toxapex
|-damage|p2a: Toxapex|84/100
|-enditem|p2a: Toxapex|Shed Shell|[from] move: Knock Off|[of] p1a: Toxapex
|
|upkeep
|turn|4
|
|t:|1652821356
|move|p2a: Toxapex|Scald|p1a: Toxapex
|-resisted|p1a: Toxapex
|-damage|p1a: Toxapex|74/100
|move|p1a: Toxapex|Scald|p2a: Toxapex
|-resisted|p2a: Toxapex
|-damage|p2a: Toxapex|78/100
|-status|p2a: Toxapex|brn
|
|-damage|p2a: Toxapex|72/100 brn|[from] brn
|upkeep
|turn|5
|j| MoonWeasel
|
|t:|1652821372
|switch|p1a: Ditto|Ditto, shiny|100/100
|-transform|p1a: Ditto|p2a: Toxapex|[from] ability: Imposter
|-item|p1a: Ditto|Air Balloon
|move|p2a: Toxapex|Scald|p1a: Ditto
|-resisted|p1a: Ditto
|-crit|p1a: Ditto
|-damage|p1a: Ditto|91/100
|-enditem|p1a: Ditto|Air Balloon
|
|-damage|p2a: Toxapex|66/100 brn|[from] brn
|upkeep
|turn|6
|l| MoonWeasel
|
|t:|1652821379
|move|p2a: Toxapex|Scald|p1a: Ditto
|-resisted|p1a: Ditto
|-damage|p1a: Ditto|85/100
|-status|p1a: Ditto|brn
|move|p1a: Ditto|Scald|p2a: Toxapex
|-resisted|p2a: Toxapex
|-damage|p2a: Toxapex|60/100 brn
|
|-damage|p2a: Toxapex|53/100 brn|[from] brn
|-damage|p1a: Ditto|79/100 brn|[from] brn
|upkeep
|turn|7
|
|t:|1652821381
|move|p1a: Ditto|Knock Off|p2a: Toxapex
|-damage|p2a: Toxapex|50/100 brn
|move|p2a: Toxapex|Knock Off|p1a: Ditto
|-damage|p1a: Ditto|75/100 brn
|
|-damage|p2a: Toxapex|44/100 brn|[from] brn
|-damage|p1a: Ditto|69/100 brn|[from] brn
|upkeep
|turn|8
|
|t:|1652821384
|move|p2a: Toxapex|Recover|p2a: Toxapex
|-heal|p2a: Toxapex|94/100 brn
|move|p1a: Ditto|Scald|p2a: Toxapex
|-resisted|p2a: Toxapex
|-damage|p2a: Toxapex|88/100 brn
|
|-damage|p2a: Toxapex|81/100 brn|[from] brn
|-damage|p1a: Ditto|63/100 brn|[from] brn
|upkeep
|turn|9
|
|t:|1652821387
|move|p1a: Ditto|Scald|p2a: Toxapex
|-resisted|p2a: Toxapex
|-damage|p2a: Toxapex|75/100 brn
|move|p2a: Toxapex|Scald|p1a: Ditto
|-resisted|p1a: Ditto
|-damage|p1a: Ditto|57/100 brn
|
|-damage|p1a: Ditto|51/100 brn|[from] brn
|-damage|p2a: Toxapex|69/100 brn|[from] brn
|upkeep
|turn|10
|
|t:|1652821390
|move|p2a: Toxapex|Scald|p1a: Ditto
|-resisted|p1a: Ditto
|-damage|p1a: Ditto|46/100 brn
|move|p1a: Ditto|Recover|p1a: Ditto
|-heal|p1a: Ditto|96/100 brn
|
|-damage|p2a: Toxapex|63/100 brn|[from] brn
|-damage|p1a: Ditto|90/100 brn|[from] brn
|upkeep
|turn|11
|
|t:|1652821393
|move|p1a: Ditto|Knock Off|p2a: Toxapex
|-damage|p2a: Toxapex|59/100 brn
|move|p2a: Toxapex|Knock Off|p1a: Ditto
|-damage|p1a: Ditto|86/100 brn
|
|-damage|p2a: Toxapex|53/100 brn|[from] brn
|-damage|p1a: Ditto|80/100 brn|[from] brn
|upkeep
|turn|12
|
|t:|1652821398
|switch|p2a: Tornadus|Tornadus-Therian, M|100/100
|move|p1a: Ditto|Knock Off|p2a: Tornadus
|-damage|p2a: Tornadus|96/100
|
|-damage|p1a: Ditto|74/100 brn|[from] brn
|upkeep
|turn|13
|
|t:|1652821404
|switch|p2a: Toxapex|Toxapex, F|86/100 brn
|move|p1a: Ditto|Recover|p1a: Ditto
|-heal|p1a: Ditto|100/100 brn
|
|-damage|p1a: Ditto|94/100 brn|[from] brn
|-damage|p2a: Toxapex|80/100 brn|[from] brn
|upkeep
|turn|14
|
|t:|1652821410
|switch|p1a: Toxapex|Toxapex, M|100/100
|switch|p2a: Tornadus|Tornadus-Therian, M|100/100
|
|upkeep
|turn|15
|
|t:|1652821414
|switch|p2a: Toxapex|Toxapex, F|100/100 brn
|move|p1a: Toxapex|Knock Off|p2a: Toxapex
|-damage|p2a: Toxapex|92/100 brn
|
|-damage|p2a: Toxapex|86/100 brn|[from] brn
|upkeep
|turn|16
|
|t:|1652821418
|move|p1a: Toxapex|Knock Off|p2a: Toxapex
|-damage|p2a: Toxapex|79/100 brn
|move|p2a: Toxapex|Scald|p1a: Toxapex
|-resisted|p1a: Toxapex
|-damage|p1a: Toxapex|94/100
|-status|p1a: Toxapex|brn
|
|-damage|p2a: Toxapex|73/100 brn|[from] brn
|-damage|p1a: Toxapex|88/100 brn|[from] brn
|upkeep
|turn|17
|
|t:|1652821421
|switch|p2a: Ferrothorn|Ferrothorn, F|100/100
|move|p1a: Toxapex|Toxic|p2a: Ferrothorn
|-immune|p2a: Ferrothorn
|
|-damage|p1a: Toxapex|82/100 brn|[from] brn
|upkeep
|turn|18
|j| Exspl0ud
|
|t:|1652821427
|switch|p2a: Toxapex|Toxapex, F|100/100 brn
|move|p1a: Toxapex|Knock Off|p2a: Toxapex
|-damage|p2a: Toxapex|97/100 brn
|
|-damage|p2a: Toxapex|90/100 brn|[from] brn
|-damage|p1a: Toxapex|76/100 brn|[from] brn
|upkeep
|turn|19
|
|t:|1652821434
|switch|p2a: Tornadus|Tornadus-Therian, M|100/100
|move|p1a: Toxapex|Knock Off|p2a: Tornadus
|-damage|p2a: Tornadus|96/100
|
|-damage|p1a: Toxapex|70/100 brn|[from] brn
|upkeep
|turn|20
|
|t:|1652821438
|switch|p2a: Clefable|Clefable, F|100/100
|switch|p1a: Ditto|Ditto, shiny|100/100 brn
|-transform|p1a: Ditto|p2a: Clefable|[from] ability: Imposter
|
|upkeep
|turn|21
|
|t:|1652821454
|switch|p1a: Blissey|Blissey, F|100/100
|move|p2a: Clefable|Moonblast|p1a: Blissey
|-damage|p1a: Blissey|79/100
|
|upkeep
|turn|22
|
|t:|1652821459
|switch|p2a: Ferrothorn|Ferrothorn, F|100/100
|move|p1a: Blissey|Stealth Rock|p2a: Ferrothorn
|-sidestart|p2: SetsuStsna|move: Stealth Rock
|
|upkeep
|turn|23
|j| SIPPIN ON THAT
|
|t:|1652821472
|switch|p1a: Ditto|Ditto, shiny|100/100 brn
|-transform|p1a: Ditto|p2a: Ferrothorn|[from] ability: Imposter
|move|p2a: Ferrothorn|Spikes|p1a: Ditto
|-sidestart|p1: lavenderlad02|Spikes
|
|-damage|p1a: Ditto|94/100 brn|[from] brn
|upkeep
|turn|24
|
|t:|1652821481
|switch|p2a: Tornadus|Tornadus-Therian, M|100/100
|-damage|p2a: Tornadus|76/100|[from] Stealth Rock
|move|p1a: Ditto|Knock Off|p2a: Tornadus
|-damage|p2a: Tornadus|68/100
|
|-damage|p1a: Ditto|88/100 brn|[from] brn
|upkeep
|turn|25
|
|t:|1652821488
|switch|p1a: Clefable|Clefable, F|100/100
|-damage|p1a: Clefable|88/100|[from] Spikes
|move|p2a: Tornadus|Heat Wave|p1a: Clefable
|-damage|p1a: Clefable|67/100
|
|-heal|p1a: Clefable|73/100|[from] item: Leftovers
|upkeep
|turn|26
|
|t:|1652821494
|switch|p1a: Ditto|Ditto, shiny|88/100 brn
|-damage|p1a: Ditto|76/100 brn|[from] Spikes
|-transform|p1a: Ditto|p2a: Tornadus|[from] ability: Imposter
|move|p2a: Tornadus|Knock Off|p1a: Ditto
|-damage|p1a: Ditto|60/100 brn
|
|-damage|p1a: Ditto|54/100 brn|[from] brn
|upkeep
|turn|27
|
|t:|1652821501
|switch|p2a: Toxapex|Toxapex, F|100/100 brn
|-damage|p2a: Toxapex|88/100 brn|[from] Stealth Rock
|move|p1a: Ditto|Defog|p2a: Toxapex
|-unboost|p2a: Toxapex|evasion|1
|-sideend|p2: SetsuStsna|Stealth Rock|[from] move: Defog|[of] p1a: Ditto
|-sideend|p1: lavenderlad02|Spikes|[from] move: Defog|[of] p1a: Ditto
|
|-damage|p1a: Ditto|48/100 brn|[from] brn
|-damage|p2a: Toxapex|82/100 brn|[from] brn
|upkeep
|turn|28
|
|t:|1652821509
|switch|p1a: Toxapex|Toxapex, M|100/100 brn
|move|p2a: Toxapex|Knock Off|p1a: Toxapex
|-damage|p1a: Toxapex|97/100 brn
|
|-damage|p2a: Toxapex|75/100 brn|[from] brn
|-damage|p1a: Toxapex|91/100 brn|[from] brn
|upkeep
|turn|29
|
|t:|1652821514
|switch|p1a: Ditto|Ditto, shiny|81/100 brn
|-transform|p1a: Ditto|p2a: Toxapex|[from] ability: Imposter
|move|p2a: Toxapex|Scald|p1a: Ditto
|-resisted|p1a: Ditto
|-damage|p1a: Ditto|75/100 brn
|
|-damage|p1a: Ditto|69/100 brn|[from] brn
|-damage|p2a: Toxapex|69/100 brn|[from] brn
|upkeep
|turn|30
|j| EG Starwind
|
|t:|1652821530
|switch|p1a: Toxapex|Toxapex, M|100/100 brn
|switch|p2a: Ferrothorn|Ferrothorn, F|100/100
|
|-damage|p1a: Toxapex|95/100 brn|[from] brn
|upkeep
|turn|31
|
|t:|1652821536
|switch|p2a: Tornadus|Tornadus-Therian, M|100/100
|move|p1a: Toxapex|Knock Off|p2a: Tornadus
|-damage|p2a: Tornadus|95/100
|
|-damage|p1a: Toxapex|89/100 brn|[from] brn
|upkeep
|turn|32
|
|t:|1652821542
|switch|p2a: Toxapex|Toxapex, F|100/100 brn
|switch|p1a: Ditto|Ditto, shiny|100/100 brn
|-transform|p1a: Ditto|p2a: Toxapex|[from] ability: Imposter
|
|-damage|p1a: Ditto|94/100 brn|[from] brn
|-damage|p2a: Toxapex|94/100 brn|[from] brn
|upkeep
|turn|33
|
|t:|1652821549
|switch|p2a: Tornadus|Tornadus-Therian, M|100/100
|move|p1a: Ditto|Scald|p2a: Tornadus
|-damage|p2a: Tornadus|81/100
|-status|p2a: Tornadus|brn
|
|-damage|p2a: Tornadus|75/100 brn|[from] brn
|-damage|p1a: Ditto|88/100 brn|[from] brn
|upkeep
|turn|34
|
|t:|1652821554
|move|p2a: Tornadus|Toxic||[still]
|-fail|p2a: Tornadus
|move|p1a: Ditto|Knock Off|p2a: Tornadus
|-damage|p2a: Tornadus|70/100 brn
|
|-damage|p2a: Tornadus|64/100 brn|[from] brn
|-damage|p1a: Ditto|82/100 brn|[from] brn
|upkeep
|turn|35
|
|t:|1652821560
|switch|p2a: Toxapex|Toxapex, F|100/100 brn
|move|p1a: Ditto|Recover|p1a: Ditto
|-heal|p1a: Ditto|100/100 brn
|
|-damage|p1a: Ditto|94/100 brn|[from] brn
|-damage|p2a: Toxapex|94/100 brn|[from] brn
|upkeep
|turn|36
|
|t:|1652821566
|switch|p2a: Tornadus|Tornadus-Therian, M|97/100 brn
|switch|p1a: Toxapex|Toxapex, M|100/100 brn
|
|-damage|p2a: Tornadus|91/100 brn|[from] brn
|-damage|p1a: Toxapex|95/100 brn|[from] brn
|upkeep
|turn|37
|
|t:|1652821571
|switch|p2a: Ferrothorn|Ferrothorn, F|100/100
|move|p1a: Toxapex|Knock Off|p2a: Ferrothorn
|-damage|p2a: Ferrothorn|95/100
|-damage|p1a: Toxapex|82/100 brn|[from] ability: Iron Barbs|[of] p2a: Ferrothorn
|-enditem|p2a: Ferrothorn|Leftovers|[from] move: Knock Off|[of] p1a: Toxapex
|
|-damage|p1a: Toxapex|76/100 brn|[from] brn
|upkeep
|turn|38
|
|t:|1652821575
|switch|p1a: Corviknight|Corviknight, M|100/100
|-ability|p1a: Corviknight|Pressure
|move|p2a: Ferrothorn|Spikes|p1a: Corviknight
|-sidestart|p1: lavenderlad02|Spikes
|
|upkeep
|turn|39
|
|t:|1652821578
|switch|p2a: Clefable|Clefable, F|100/100
|move|p1a: Corviknight|Defog|p2a: Clefable
|-unboost|p2a: Clefable|evasion|1
|-sideend|p1: lavenderlad02|Spikes|[from] move: Defog|[of] p1a: Corviknight
|
|upkeep
|turn|40
|l| Exspl0ud
|
|t:|1652821583
|switch|p2a: Ferrothorn|Ferrothorn, F|95/100
|switch|p1a: Blissey|Blissey, F|79/100
|
|upkeep
|turn|41
|
|t:|1652821586
|switch|p1a: Corviknight|Corviknight, M|100/100
|-ability|p1a: Corviknight|Pressure
|move|p2a: Ferrothorn|Spikes|p1a: Corviknight
|-sidestart|p1: lavenderlad02|Spikes
|
|upkeep
|turn|42
|
|t:|1652821589
|move|p1a: Corviknight|Defog|p2a: Ferrothorn
|-unboost|p2a: Ferrothorn|evasion|1
|-sideend|p1: lavenderlad02|Spikes|[from] move: Defog|[of] p1a: Corviknight
|move|p2a: Ferrothorn|Knock Off|p1a: Corviknight
|-damage|p1a: Corviknight|87/100
|-damage|p2a: Ferrothorn|78/100|[from] item: Rocky Helmet|[of] p1a: Corviknight
|-enditem|p1a: Corviknight|Rocky Helmet|[from] move: Knock Off|[of] p2a: Ferrothorn
|
|upkeep
|turn|43
|
|t:|1652821595
|move|p1a: Corviknight|Body Press|p2a: Ferrothorn
|-supereffective|p2a: Ferrothorn
|-damage|p2a: Ferrothorn|36/100
|-damage|p1a: Corviknight|75/100|[from] ability: Iron Barbs|[of] p2a: Ferrothorn
|move|p2a: Ferrothorn|Leech Seed|p1a: Corviknight
|-start|p1a: Corviknight|move: Leech Seed
|
|-damage|p1a: Corviknight|62/100|[from] Leech Seed|[of] p2a: Ferrothorn
|-heal|p2a: Ferrothorn|51/100|[silent]
|upkeep
|turn|44
|j| Exspl0ud
|
|t:|1652821604
|switch|p1a: Blissey|Blissey, F|79/100
|move|p2a: Ferrothorn|Spikes|p1a: Blissey
|-sidestart|p1: lavenderlad02|Spikes
|
|upkeep
|turn|45
|
|t:|1652821607
|switch|p1a: Corviknight|Corviknight, M|62/100
|-ability|p1a: Corviknight|Pressure
|move|p2a: Ferrothorn|Leech Seed|p1a: Corviknight
|-start|p1a: Corviknight|move: Leech Seed
|
|-damage|p1a: Corviknight|50/100|[from] Leech Seed|[of] p2a: Ferrothorn
|-heal|p2a: Ferrothorn|65/100|[silent]
|upkeep
|turn|46
|
|t:|1652821614
|switch|p2a: Clefable|Clefable, F|100/100
|move|p1a: Corviknight|Roost|p1a: Corviknight
|-heal|p1a: Corviknight|99/100
|-singleturn|p1a: Corviknight|move: Roost
|
|-damage|p1a: Corviknight|87/100|[from] Leech Seed|[of] p2a: Clefable
|upkeep
|turn|47
|
|t:|1652821618
|switch|p1a: Blissey|Blissey, F|79/100
|move|p2a: Clefable|Fire Blast|p1a: Blissey
|-damage|p1a: Blissey|63/100
|
|upkeep
|turn|48
|
|t:|1652821623
|switch|p2a: Ferrothorn|Ferrothorn, F|65/100
|move|p1a: Blissey|Soft-Boiled|p1a: Blissey
|-heal|p1a: Blissey|100/100
|
|upkeep
|turn|49
|
|t:|1652821626
|switch|p1a: Corviknight|Corviknight, M|87/100
|-ability|p1a: Corviknight|Pressure
|move|p2a: Ferrothorn|Leech Seed|p1a: Corviknight
|-start|p1a: Corviknight|move: Leech Seed
|
|-damage|p1a: Corviknight|75/100|[from] Leech Seed|[of] p2a: Ferrothorn
|-heal|p2a: Ferrothorn|79/100|[silent]
|upkeep
|turn|50
|
|t:|1652821633
|switch|p2a: Landorus|Landorus-Therian, M|100/100
|-ability|p2a: Landorus|Intimidate|boost
|-unboost|p1a: Corviknight|atk|1
|move|p1a: Corviknight|Defog|p2a: Landorus
|-unboost|p2a: Landorus|evasion|1
|-sideend|p1: lavenderlad02|Spikes|[from] move: Defog|[of] p1a: Corviknight
|
|-damage|p1a: Corviknight|62/100|[from] Leech Seed|[of] p2a: Landorus
|upkeep
|turn|51
|
|t:|1652821639
|switch|p1a: Ditto|Ditto, shiny|100/100 brn
|-transform|p1a: Ditto|p2a: Landorus|[from] ability: Imposter
|-ability|p1a: Ditto|Intimidate|boost
|-unboost|p2a: Landorus|atk|1
|move|p2a: Landorus|Stealth Rock|p1a: Ditto
|-sidestart|p1: lavenderlad02|move: Stealth Rock
|
|-damage|p1a: Ditto|94/100 brn|[from] brn
|upkeep
|turn|52
|
|t:|1652821647
|switch|p2a: Ferrothorn|Ferrothorn, F|79/100
|move|p1a: Ditto|Toxic|p2a: Ferrothorn
|-immune|p2a: Ferrothorn
|
|-damage|p1a: Ditto|88/100 brn|[from] brn
|upkeep
|turn|53
|
|t:|1652821652
|switch|p1a: Corviknight|Corviknight, M|62/100
|-damage|p1a: Corviknight|50/100|[from] Stealth Rock
|-ability|p1a: Corviknight|Pressure
|switch|p2a: Clefable|Clefable, F|100/100
|
|upkeep
|turn|54
|j| Davidoar15
|
|t:|1652821664
|switch|p1a: Blissey|Blissey, F|100/100
|move|p2a: Clefable|Thunderbolt|p1a: Blissey
|-damage|p1a: Blissey|87/100
|
|upkeep
|turn|55
|
|t:|1652821672
|switch|p2a: Toxapex|Toxapex, F|100/100 brn
|move|p1a: Blissey|Teleport|p1a: Blissey
|
|t:|1652821673
|switch|p1a: Corviknight|Corviknight, M|50/100|[from]move: Teleport
|-damage|p1a: Corviknight|37/100|[from] Stealth Rock
|-ability|p1a: Corviknight|Pressure
|
|-damage|p2a: Toxapex|94/100 brn|[from] brn
|upkeep
|turn|56
|
|t:|1652821676
|move|p1a: Corviknight|Roost|p1a: Corviknight
|-heal|p1a: Corviknight|87/100
|-singleturn|p1a: Corviknight|move: Roost
|move|p2a: Toxapex|Scald|p1a: Corviknight
|-damage|p1a: Corviknight|69/100
|
|-damage|p2a: Toxapex|88/100 brn|[from] brn
|upkeep
|turn|57
|
|t:|1652821679
|move|p1a: Corviknight|Defog|p2a: Toxapex
|-unboost|p2a: Toxapex|evasion|1
|-sideend|p1: lavenderlad02|Stealth Rock|[from] move: Defog|[of] p1a: Corviknight
|move|p2a: Toxapex|Scald|p1a: Corviknight
|-damage|p1a: Corviknight|52/100
|
|-damage|p2a: Toxapex|82/100 brn|[from] brn
|upkeep
|turn|58
|
|t:|1652821680
|move|p1a: Corviknight|Roost|p1a: Corviknight
|-heal|p1a: Corviknight|100/100
|-singleturn|p1a: Corviknight|move: Roost
|move|p2a: Toxapex|Scald|p1a: Corviknight
|-damage|p1a: Corviknight|83/100
|
|-damage|p2a: Toxapex|75/100 brn|[from] brn
|upkeep
|turn|59
|c|☆SetsuStsna|rip
|
|t:|1652821687
|switch|p1a: Ditto|Ditto, shiny|88/100 brn
|-transform|p1a: Ditto|p2a: Toxapex|[from] ability: Imposter
|switch|p2a: Tornadus|Tornadus-Therian, M|100/100 brn
|
|-damage|p2a: Tornadus|94/100 brn|[from] brn
|-damage|p1a: Ditto|82/100 brn|[from] brn
|upkeep
|turn|60
|
|t:|1652821696
|switch|p1a: Toxapex|Toxapex, M|100/100 brn
|move|p2a: Tornadus|Knock Off|p1a: Toxapex
|-damage|p1a: Toxapex|97/100 brn
|
|-damage|p2a: Tornadus|88/100 brn|[from] brn
|-damage|p1a: Toxapex|91/100 brn|[from] brn
|upkeep
|turn|61
|
|t:|1652821703
|switch|p2a: Toxapex|Toxapex, F|100/100 brn
|move|p1a: Toxapex|Scald|p2a: Toxapex
|-resisted|p2a: Toxapex
|-damage|p2a: Toxapex|95/100 brn
|
|-damage|p2a: Toxapex|89/100 brn|[from] brn
|-damage|p1a: Toxapex|85/100 brn|[from] brn
|upkeep
|turn|62
|j| 8th Hokage Killua
|
|t:|1652821708
|switch|p1a: Ditto|Ditto, shiny|100/100 brn
|-transform|p1a: Ditto|p2a: Toxapex|[from] ability: Imposter
|switch|p2a: Tornadus|Tornadus-Therian, M|100/100 brn
|
|-damage|p2a: Tornadus|94/100 brn|[from] brn
|-damage|p1a: Ditto|94/100 brn|[from] brn
|upkeep
|turn|63
|
|t:|1652821713
|switch|p2a: Toxapex|Toxapex, F|100/100 brn
|move|p1a: Ditto|Scald|p2a: Toxapex
|-resisted|p2a: Toxapex
|-damage|p2a: Toxapex|95/100 brn
|
|-damage|p2a: Toxapex|88/100 brn|[from] brn
|-damage|p1a: Ditto|88/100 brn|[from] brn
|upkeep
|turn|64
|
|t:|1652821716
|switch|p2a: Tornadus|Tornadus-Therian, M|100/100 brn
|move|p1a: Ditto|Scald|p2a: Tornadus
|-damage|p2a: Tornadus|82/100 brn
|
|-damage|p2a: Tornadus|76/100 brn|[from] brn
|-damage|p1a: Ditto|82/100 brn|[from] brn
|upkeep
|turn|65
|
|t:|1652821719
|switch|p2a: Toxapex|Toxapex, F|100/100 brn
|move|p1a: Ditto|Knock Off|p2a: Toxapex
|-crit|p2a: Toxapex
|-damage|p2a: Toxapex|95/100 brn
|
|-damage|p1a: Ditto|76/100 brn|[from] brn
|-damage|p2a: Toxapex|89/100 brn|[from] brn
|upkeep
|turn|66
|
|t:|1652821722
|switch|p1a: Clefable|Clefable, F|73/100
|switch|p2a: Tornadus|Tornadus-Therian, M|100/100 brn
|
|-heal|p1a: Clefable|79/100|[from] item: Leftovers
|-damage|p2a: Tornadus|94/100 brn|[from] brn
|upkeep
|turn|67
|
|t:|1652821726
|switch|p1a: Ditto|Ditto, shiny|100/100 brn
|-transform|p1a: Ditto|p2a: Tornadus|[from] ability: Imposter
|move|p2a: Tornadus|Toxic|p1a: Ditto|[miss]
|-miss|p2a: Tornadus|p1a: Ditto
|
|-damage|p2a: Tornadus|88/100 brn|[from] brn
|-damage|p1a: Ditto|94/100 brn|[from] brn
|upkeep
|turn|68
|
|t:|1652821732
|switch|p2a: Toxapex|Toxapex, F|100/100 brn
|move|p1a: Ditto|Knock Off|p2a: Toxapex
|-damage|p2a: Toxapex|96/100 brn
|
|-damage|p1a: Ditto|88/100 brn|[from] brn
|-damage|p2a: Toxapex|89/100 brn|[from] brn
|upkeep
|turn|69
|
|t:|1652821736
|switch|p2a: Tornadus|Tornadus-Therian, M|100/100 brn
|move|p1a: Ditto|Heat Wave|p2a: Tornadus
|-damage|p2a: Tornadus|77/100 brn
|
|-damage|p1a: Ditto|82/100 brn|[from] brn
|-damage|p2a: Tornadus|71/100 brn|[from] brn
|upkeep
|turn|70
|
|t:|1652821744
|switch|p2a: Toxapex|Toxapex, F|100/100 brn
|switch|p1a: Blissey|Blissey, F|87/100
|
|-damage|p2a: Toxapex|94/100 brn|[from] brn
|upkeep
|turn|71
|
|t:|1652821749
|switch|p2a: Ferrothorn|Ferrothorn, F|79/100
|move|p1a: Blissey|Stealth Rock|p2a: Ferrothorn
|-sidestart|p2: SetsuStsna|move: Stealth Rock
|
|upkeep
|turn|72
|
|t:|1652821758
|switch|p1a: Ditto|Ditto, shiny|100/100 brn
|-transform|p1a: Ditto|p2a: Ferrothorn|[from] ability: Imposter
|move|p2a: Ferrothorn|Spikes|p1a: Ditto
|-sidestart|p1: lavenderlad02|Spikes
|
|-damage|p1a: Ditto|94/100 brn|[from] brn
|upkeep
|turn|73
|
|t:|1652821762
|switch|p2a: Tornadus|Tornadus-Therian, M|100/100 brn
|-damage|p2a: Tornadus|76/100 brn|[from] Stealth Rock
|move|p1a: Ditto|Spikes|p2a: Tornadus
|-sidestart|p2: SetsuStsna|Spikes
|
|-damage|p2a: Tornadus|69/100 brn|[from] brn
|-damage|p1a: Ditto|88/100 brn|[from] brn
|upkeep
|turn|74
|
|t:|1652821766
|switch|p1a: Toxapex|Toxapex, M|100/100 brn
|-damage|p1a: Toxapex|88/100 brn|[from] Spikes
|move|p2a: Tornadus|Heat Wave|p1a: Toxapex
|-resisted|p1a: Toxapex
|-damage|p1a: Toxapex|79/100 brn
|
|-damage|p2a: Tornadus|63/100 brn|[from] brn
|-damage|p1a: Toxapex|73/100 brn|[from] brn
|upkeep
|turn|75
|
|t:|1652821772
|switch|p1a: Ditto|Ditto, shiny|88/100 brn
|-damage|p1a: Ditto|76/100 brn|[from] Spikes
|-transform|p1a: Ditto|p2a: Tornadus|[from] ability: Imposter
|move|p2a: Tornadus|Defog|p1a: Ditto
|-unboost|p1a: Ditto|evasion|1
|-sideend|p1: lavenderlad02|Spikes|[from] move: Defog|[of] p2a: Tornadus
|-sideend|p2: SetsuStsna|Spikes|[from] move: Defog|[of] p2a: Tornadus
|-sideend|p2: SetsuStsna|Stealth Rock|[from] move: Defog|[of] p2a: Tornadus
|
|-damage|p2a: Tornadus|57/100 brn|[from] brn
|-damage|p1a: Ditto|70/100 brn|[from] brn
|upkeep
|turn|76
|
|t:|1652821777
|switch|p2a: Toxapex|Toxapex, F|100/100 brn
|switch|p1a: Toxapex|Toxapex, M|100/100 brn
|
|-damage|p2a: Toxapex|94/100 brn|[from] brn
|-damage|p1a: Toxapex|95/100 brn|[from] brn
|upkeep
|turn|77
|
|t:|1652821782
|switch|p2a: Tornadus|Tornadus-Therian, M|91/100 brn
|switch|p1a: Clefable|Clefable, F|79/100
|
|-heal|p1a: Clefable|85/100|[from] item: Leftovers
|-damage|p2a: Tornadus|84/100 brn|[from] brn
|upkeep
|turn|78
|c|☆SetsuStsna|damn
|c|☆SetsuStsna|i missed
|c|☆SetsuStsna|turn 69
|c|☆SetsuStsna|:/
|c|☆lavenderlad02|lol
|
|t:|1652821793
|move|p2a: Tornadus|Knock Off|p1a: Clefable
|-resisted|p1a: Clefable
|-damage|p1a: Clefable|81/100
|-enditem|p1a: Clefable|Leftovers|[from] move: Knock Off|[of] p2a: Tornadus
|move|p1a: Clefable|Aromatherapy|p1a: Clefable
|-activate|p1a: Clefable|move: Aromatherapy
|-curestatus|p1: Ditto|brn|[msg]
|-curestatus|p1: Toxapex|brn|[msg]
|
|-damage|p2a: Tornadus|78/100 brn|[from] brn
|upkeep
|turn|79
|
|t:|1652821798
|switch|p1a: Ditto|Ditto, shiny|100/100
|-transform|p1a: Ditto|p2a: Tornadus|[from] ability: Imposter
|move|p2a: Tornadus|Toxic|p1a: Ditto
|-status|p1a: Ditto|tox
|
|-damage|p1a: Ditto|94/100 tox|[from] psn
|-damage|p2a: Tornadus|72/100 brn|[from] brn
|upkeep
|turn|80
|l| 8th Hokage Killua
|
|t:|1652821808
|switch|p2a: Toxapex|Toxapex, F|100/100 brn
|switch|p1a: Toxapex|Toxapex, M|100/100
|
|-damage|p2a: Toxapex|94/100 brn|[from] brn
|upkeep
|turn|81
|
|t:|1652821816
|switch|p2a: Tornadus|Tornadus-Therian, M|100/100 brn
|switch|p1a: Ditto|Ditto, shiny|100/100 tox
|-transform|p1a: Ditto|p2a: Tornadus|[from] ability: Imposter
|
|-damage|p1a: Ditto|94/100 tox|[from] psn
|-damage|p2a: Tornadus|94/100 brn|[from] brn
|upkeep
|turn|82
|
|t:|1652821832
|switch|p1a: Toxapex|Toxapex, M|100/100
|switch|p2a: Toxapex|Toxapex, F|100/100 brn
|
|-damage|p2a: Toxapex|94/100 brn|[from] brn
|upkeep
|turn|83
|
|t:|1652821844
|switch|p2a: Tornadus|Tornadus-Therian, M|100/100 brn
|move|p1a: Toxapex|Scald|p2a: Tornadus
|-damage|p2a: Tornadus|81/100 brn
|
|-damage|p2a: Tornadus|75/100 brn|[from] brn
|upkeep
|turn|84
|
|t:|1652821861
|switch|p2a: Clefable|Clefable, F|100/100
|switch|p1a: Blissey|Blissey, F|87/100
|
|upkeep
|turn|85
|
|t:|1652821867
|switch|p2a: Ferrothorn|Ferrothorn, F|79/100
|move|p1a: Blissey|Stealth Rock|p2a: Ferrothorn
|-sidestart|p2: SetsuStsna|move: Stealth Rock
|
|upkeep
|turn|86
|
|t:|1652821872
|switch|p1a: Corviknight|Corviknight, M|83/100
|-ability|p1a: Corviknight|Pressure
|move|p2a: Ferrothorn|Spikes|p1a: Corviknight
|-sidestart|p1: lavenderlad02|Spikes
|
|upkeep
|turn|87
|j| zReptar
|
|t:|1652821875
|switch|p2a: Landorus|Landorus-Therian, M|100/100
|-damage|p2a: Landorus|88/100|[from] Stealth Rock
|-ability|p2a: Landorus|Intimidate|boost
|-unboost|p1a: Corviknight|atk|1
|move|p1a: Corviknight|Iron Defense|p1a: Corviknight
|-boost|p1a: Corviknight|def|2
|
|-heal|p2a: Landorus|94/100|[from] item: Leftovers
|upkeep
|turn|88
|
|t:|1652821881
|switch|p2a: Toxapex|Toxapex, F|100/100 brn
|-damage|p2a: Toxapex|88/100 brn|[from] Stealth Rock
|move|p1a: Corviknight|Body Press|p2a: Toxapex
|-resisted|p2a: Toxapex
|-damage|p2a: Toxapex|68/100 brn
|
|-damage|p2a: Toxapex|62/100 brn|[from] brn
|upkeep
|turn|89
|
|t:|1652821891
|switch|p1a: Ditto|Ditto, shiny|100/100 tox
|-damage|p1a: Ditto|88/100 tox|[from] Spikes
|-transform|p1a: Ditto|p2a: Toxapex|[from] ability: Imposter
|move|p2a: Toxapex|Haze|p2a: Toxapex
|-clearallboost
|
|-damage|p1a: Ditto|82/100 tox|[from] psn
|-damage|p2a: Toxapex|56/100 brn|[from] brn
|upkeep
|turn|90
|
|t:|1652821895
|switch|p2a: Tornadus|Tornadus-Therian, M|100/100 brn
|-damage|p2a: Tornadus|76/100 brn|[from] Stealth Rock
|move|p1a: Ditto|Scald|p2a: Tornadus
|-damage|p2a: Tornadus|59/100 brn
|
|-damage|p1a: Ditto|70/100 tox|[from] psn
|-damage|p2a: Tornadus|53/100 brn|[from] brn
|upkeep
|turn|91
|
|t:|1652821899
|switch|p2a: Toxapex|Toxapex, F|89/100 brn
|-damage|p2a: Toxapex|76/100 brn|[from] Stealth Rock
|switch|p1a: Corviknight|Corviknight, M|83/100
|-ability|p1a: Corviknight|Pressure
|
|-damage|p2a: Toxapex|70/100 brn|[from] brn
|upkeep
|turn|92
|
|t:|1652821904
|switch|p1a: Ditto|Ditto, shiny|100/100 tox
|-damage|p1a: Ditto|88/100 tox|[from] Spikes
|-transform|p1a: Ditto|p2a: Toxapex|[from] ability: Imposter
|switch|p2a: Tornadus|Tornadus-Therian, M|86/100 brn
|-damage|p2a: Tornadus|61/100 brn|[from] Stealth Rock
|
|-damage|p1a: Ditto|82/100 tox|[from] psn
|-damage|p2a: Tornadus|55/100 brn|[from] brn
|upkeep
|turn|93
|
|t:|1652821908
|switch|p2a: Toxapex|Toxapex, F|100/100 brn
|-damage|p2a: Toxapex|88/100 brn|[from] Stealth Rock
|move|p1a: Ditto|Scald|p2a: Toxapex
|-resisted|p2a: Toxapex
|-damage|p2a: Toxapex|83/100 brn
|
|-damage|p1a: Ditto|70/100 tox|[from] psn
|-damage|p2a: Toxapex|76/100 brn|[from] brn
|upkeep
|turn|94
|
|t:|1652821916
|switch|p2a: Tornadus|Tornadus-Therian, M|88/100 brn
|-damage|p2a: Tornadus|63/100 brn|[from] Stealth Rock
|move|p1a: Ditto|Scald|p2a: Tornadus
|-damage|p2a: Tornadus|46/100 brn
|
|-damage|p1a: Ditto|52/100 tox|[from] psn
|-damage|p2a: Tornadus|40/100 brn|[from] brn
|upkeep
|turn|95
|
|t:|1652821920
|switch|p2a: Toxapex|Toxapex, F|100/100 brn
|-damage|p2a: Toxapex|88/100 brn|[from] Stealth Rock
|move|p1a: Ditto|Recover|p1a: Ditto
|-heal|p1a: Ditto|100/100 tox
|
|-damage|p1a: Ditto|76/100 tox|[from] psn
|-damage|p2a: Toxapex|82/100 brn|[from] brn
|upkeep
|turn|96
|
|t:|1652821924
|switch|p1a: Clefable|Clefable, F|81/100
|-damage|p1a: Clefable|69/100|[from] Spikes
|switch|p2a: Tornadus|Tornadus-Therian, M|74/100 brn
|-damage|p2a: Tornadus|49/100 brn|[from] Stealth Rock
|
|-damage|p2a: Tornadus|43/100 brn|[from] brn
|upkeep
|turn|97
|
|t:|1652821931
|switch|p2a: Clefable|Clefable, F|100/100
|move|p1a: Clefable|Moonblast|p2a: Clefable
|-damage|p2a: Clefable|68/100
|-unboost|p2a: Clefable|spa|1
|
|upkeep
|turn|98
|
|t:|1652821936
|switch|p1a: Blissey|Blissey, F|87/100
|move|p2a: Clefable|Soft-Boiled|p2a: Clefable
|-heal|p2a: Clefable|100/100
|
|upkeep
|turn|99
|
|t:|1652821940
|switch|p2a: Ferrothorn|Ferrothorn, F|79/100
|-damage|p2a: Ferrothorn|73/100|[from] Stealth Rock
|move|p1a: Blissey|Teleport|p1a: Blissey
|
|t:|1652821944
|switch|p1a: Corviknight|Corviknight, M|83/100|[from]move: Teleport
|-ability|p1a: Corviknight|Pressure
|
|upkeep
|turn|100
|
|t:|1652821951
|switch|p1a: Ditto|Ditto, shiny|100/100 tox
|-damage|p1a: Ditto|88/100 tox|[from] Spikes
|-transform|p1a: Ditto|p2a: Ferrothorn|[from] ability: Imposter
|switch|p2a: Toxapex|Toxapex, F|100/100 brn
|-damage|p2a: Toxapex|88/100 brn|[from] Stealth Rock
|
|-damage|p1a: Ditto|82/100 tox|[from] psn
|-damage|p2a: Toxapex|82/100 brn|[from] brn
|upkeep
|turn|101
|
|t:|1652821954
|switch|p2a: Tornadus|Tornadus-Therian, M|76/100 brn
|-damage|p2a: Tornadus|51/100 brn|[from] Stealth Rock
|move|p1a: Ditto|Leech Seed|p2a: Tornadus
|-start|p2a: Tornadus|move: Leech Seed
|
|-damage|p2a: Tornadus|38/100 brn|[from] Leech Seed|[of] p1a: Ditto
|-heal|p1a: Ditto|97/100 tox|[silent]
|-damage|p1a: Ditto|85/100 tox|[from] psn
|-damage|p2a: Tornadus|32/100 brn|[from] brn
|upkeep
|turn|102
|
|t:|1652821960
|switch|p1a: Toxapex|Toxapex, M|100/100
|-damage|p1a: Toxapex|88/100|[from] Spikes
|move|p2a: Tornadus|Defog|p1a: Toxapex
|-unboost|p1a: Toxapex|evasion|1
|-sideend|p1: lavenderlad02|Spikes|[from] move: Defog|[of] p2a: Tornadus
|-sideend|p2: SetsuStsna|Stealth Rock|[from] move: Defog|[of] p2a: Tornadus
|
|-damage|p2a: Tornadus|20/100 brn|[from] Leech Seed|[of] p1a: Toxapex
|-heal|p1a: Toxapex|100/100|[silent]
|-damage|p2a: Tornadus|14/100 brn|[from] brn
|upkeep
|turn|103
|
|t:|1652821971
|switch|p2a: Toxapex|Toxapex, F|100/100 brn
|switch|p1a: Clefable|Clefable, F|69/100
|
|-damage|p2a: Toxapex|94/100 brn|[from] brn
|upkeep
|turn|104
|
|t:|1652821978
|switch|p2a: Ferrothorn|Ferrothorn, F|73/100
|move|p1a: Clefable|Aromatherapy|p1a: Clefable
|-activate|p1a: Clefable|move: Aromatherapy
|-curestatus|p1: Ditto|tox|[msg]
|
|upkeep
|turn|105
|
|t:|1652821982
|switch|p1a: Corviknight|Corviknight, M|83/100
|-ability|p1a: Corviknight|Pressure
|move|p2a: Ferrothorn|Leech Seed|p1a: Corviknight|[miss]
|-miss|p2a: Ferrothorn|p1a: Corviknight
|
|upkeep
|turn|106
|
|t:|1652821988
|switch|p1a: Ditto|Ditto, shiny|85/100
|-transform|p1a: Ditto|p2a: Ferrothorn|[from] ability: Imposter
|switch|p2a: Tornadus|Tornadus-Therian, M|47/100 brn
|
|-damage|p2a: Tornadus|41/100 brn|[from] brn
|upkeep
|turn|107
|
|t:|1652821992
|switch|p1a: Toxapex|Toxapex, M|100/100
|move|p2a: Tornadus|Heat Wave|p1a: Toxapex
|-resisted|p1a: Toxapex
|-damage|p1a: Toxapex|92/100
|
|-damage|p2a: Tornadus|35/100 brn|[from] brn
|upkeep
|turn|108
|
|t:|1652821998
|switch|p2a: Toxapex|Toxapex, F|100/100 brn
|switch|p1a: Blissey|Blissey, F|87/100
|
|-damage|p2a: Toxapex|94/100 brn|[from] brn
|upkeep
|turn|109
|
|t:|1652822004
|switch|p2a: Tornadus|Tornadus-Therian, M|68/100 brn
|move|p1a: Blissey|Stealth Rock|p2a: Tornadus
|-sidestart|p2: SetsuStsna|move: Stealth Rock
|
|-damage|p2a: Tornadus|62/100 brn|[from] brn
|upkeep
|turn|110
|inactive|lavenderlad02 has 120 seconds left.
|
|t:|1652822053
|move|p2a: Tornadus|Defog|p1a: Blissey
|-unboost|p1a: Blissey|evasion|1
|-sideend|p2: SetsuStsna|Stealth Rock|[from] move: Defog|[of] p2a: Tornadus
|move|p1a: Blissey|Seismic Toss|p2a: Tornadus
|-damage|p2a: Tornadus|34/100 brn
|
|-damage|p2a: Tornadus|28/100 brn|[from] brn
|upkeep
|turn|111
|
|t:|1652822058
|switch|p2a: Ferrothorn|Ferrothorn, F|73/100
|move|p1a: Blissey|Stealth Rock|p2a: Ferrothorn
|-sidestart|p2: SetsuStsna|move: Stealth Rock
|
|upkeep
|turn|112
|c| zReptar|Interesting match we have here
|c|☆lavenderlad02|indeed
|c|☆lavenderlad02|riveting
|
|t:|1652822067
|switch|p1a: Corviknight|Corviknight, M|83/100
|-ability|p1a: Corviknight|Pressure
|move|p2a: Ferrothorn|Spikes|p1a: Corviknight
|-sidestart|p1: lavenderlad02|Spikes
|
|upkeep
|turn|113
|c|☆SetsuStsna|i missed turn 69
|c|☆SetsuStsna|so
|c| zReptar|Very
|c|☆SetsuStsna|i am trying to get
|c|☆SetsuStsna|to turn 420
|l| Davidoar15
|c|☆lavenderlad02|lol
|c| zReptar|LOL
|
|t:|1652822081
|switch|p2a: Reuniclus|Reuniclus, M|100/100
|move|p1a: Corviknight|Body Press|p2a: Reuniclus
|-resisted|p2a: Reuniclus
|-damage|p2a: Reuniclus|91/100
|
|upkeep
|turn|114
|
|t:|1652822096
|switch|p1a: Ditto|Ditto, shiny|85/100
|-damage|p1a: Ditto|73/100|[from] Spikes
|-transform|p1a: Ditto|p2a: Reuniclus|[from] ability: Imposter
|switch|p2a: Tornadus|Tornadus-Therian, M|61/100 brn
|-damage|p2a: Tornadus|37/100 brn|[from] Stealth Rock
|
|-damage|p2a: Tornadus|30/100 brn|[from] brn
|upkeep
|turn|115
|
|t:|1652822109
|switch|p2a: Reuniclus|Reuniclus, M|91/100
|move|p1a: Ditto|Psyshock|p2a: Reuniclus
|-resisted|p2a: Reuniclus
|-damage|p2a: Reuniclus|79/100
|
|upkeep
|turn|116
|
|t:|1652822116
|move|p1a: Ditto|Calm Mind|p1a: Ditto
|-boost|p1a: Ditto|spa|1
|-boost|p1a: Ditto|spd|1
|move|p2a: Reuniclus|Calm Mind|p2a: Reuniclus
|-boost|p2a: Reuniclus|spa|1
|-boost|p2a: Reuniclus|spd|1
|
|upkeep
|turn|117
|
|t:|1652822119
|move|p2a: Reuniclus|Calm Mind|p2a: Reuniclus
|-boost|p2a: Reuniclus|spa|1
|-boost|p2a: Reuniclus|spd|1
|move|p1a: Ditto|Calm Mind|p1a: Ditto
|-boost|p1a: Ditto|spa|1
|-boost|p1a: Ditto|spd|1
|
|upkeep
|turn|118
|
|t:|1652822122
|move|p2a: Reuniclus|Psyshock|p1a: Ditto
|-resisted|p1a: Ditto
|-damage|p1a: Ditto|38/100
|move|p1a: Ditto|Calm Mind|p1a: Ditto
|-boost|p1a: Ditto|spa|1
|-boost|p1a: Ditto|spd|1
|
|upkeep
|turn|119
|
|t:|1652822126
|move|p1a: Ditto|Recover|p1a: Ditto
|-heal|p1a: Ditto|88/100
|move|p2a: Reuniclus|Calm Mind|p2a: Reuniclus
|-boost|p2a: Reuniclus|spa|1
|-boost|p2a: Reuniclus|spd|1
|
|upkeep
|turn|120
|
|t:|1652822130
|move|p2a: Reuniclus|Psyshock|p1a: Ditto
|-resisted|p1a: Ditto
|-crit|p1a: Ditto
|-damage|p1a: Ditto|17/100
|move|p1a: Ditto|Psyshock|p2a: Reuniclus
|-resisted|p2a: Reuniclus
|-damage|p2a: Reuniclus|49/100
|
|upkeep
|turn|121
|
|t:|1652822134
|switch|p1a: Shedinja|Shedinja|100/100
|move|p2a: Reuniclus|Psyshock|p1a: Shedinja
|-immune|p1a: Shedinja|[from] ability: Wonder Guard
|
|upkeep
|turn|122
|
|t:|1652822138
|move|p1a: Shedinja|Hex|p2a: Reuniclus
|-supereffective|p2a: Reuniclus
|-damage|p2a: Reuniclus|37/100
|move|p2a: Reuniclus|Recover|p2a: Reuniclus
|-heal|p2a: Reuniclus|87/100
|
|upkeep
|turn|123
|
|t:|1652822145
|move|p1a: Shedinja|Hex|p2a: Reuniclus
|-supereffective|p2a: Reuniclus
|-damage|p2a: Reuniclus|74/100
|move|p2a: Reuniclus|Calm Mind|p2a: Reuniclus
|-boost|p2a: Reuniclus|spa|1
|-boost|p2a: Reuniclus|spd|1
|
|upkeep
|turn|124
|
|t:|1652822148
|move|p1a: Shedinja|Toxic|p2a: Reuniclus
|-status|p2a: Reuniclus|tox
|move|p2a: Reuniclus|Recover|p2a: Reuniclus
|-heal|p2a: Reuniclus|100/100 tox
|
|upkeep
|turn|125
|
|t:|1652822152
|switch|p2a: Clefable|Clefable, F|100/100
|move|p1a: Shedinja|Hex|p2a: Clefable
|-damage|p2a: Clefable|83/100
|
|upkeep
|turn|126
|
|t:|1652822159
|switch|p2a: Ferrothorn|Ferrothorn, F|73/100
|-damage|p2a: Ferrothorn|67/100|[from] Stealth Rock
|switch|p1a: Blissey|Blissey, F|87/100
|
|upkeep
|turn|127
|
|t:|1652822163
|switch|p1a: Corviknight|Corviknight, M|83/100
|-ability|p1a: Corviknight|Pressure
|move|p2a: Ferrothorn|Knock Off|p1a: Corviknight
|-damage|p1a: Corviknight|75/100
|
|upkeep
|turn|128
|
|t:|1652822172
|move|p1a: Corviknight|Defog|p2a: Ferrothorn
|-unboost|p2a: Ferrothorn|evasion|1
|-sideend|p2: SetsuStsna|Stealth Rock|[from] move: Defog|[of] p1a: Corviknight
|-sideend|p1: lavenderlad02|Spikes|[from] move: Defog|[of] p1a: Corviknight
|move|p2a: Ferrothorn|Leech Seed|p1a: Corviknight
|-start|p1a: Corviknight|move: Leech Seed
|
|-damage|p1a: Corviknight|62/100|[from] Leech Seed|[of] p2a: Ferrothorn
|-heal|p2a: Ferrothorn|81/100|[silent]
|upkeep
|turn|129
|j| KonoeTota
|l|konoetota
|
|t:|1652822180
|switch|p2a: Tornadus|Tornadus-Therian, M|64/100 brn
|move|p1a: Corviknight|Roost|p1a: Corviknight
|-heal|p1a: Corviknight|100/100
|-singleturn|p1a: Corviknight|move: Roost
|
|-damage|p1a: Corviknight|88/100|[from] Leech Seed|[of] p2a: Tornadus
|-heal|p2a: Tornadus|78/100 brn|[silent]
|-damage|p2a: Tornadus|71/100 brn|[from] brn
|upkeep
|turn|130
|
|t:|1652822186
|switch|p2a: Clefable|Clefable, F|83/100
|switch|p1a: Toxapex|Toxapex, M|100/100
|
|upkeep
|turn|131
|
|t:|1652822190
|switch|p1a: Blissey|Blissey, F|87/100
|move|p2a: Clefable|Thunderbolt|p1a: Blissey
|-damage|p1a: Blissey|73/100
|-status|p1a: Blissey|par
|
|upkeep
|turn|132
|c|☆SetsuStsna|alr man
|inactive|SetsuStsna has 120 seconds left.
|inactive|SetsuStsna has 90 seconds left.
|inactive|SetsuStsna has 60 seconds left.
|
|t:|1652822295
|switch|p2a: Ferrothorn|Ferrothorn, F|81/100
|-curestatus|p1a: Blissey|par|[from] ability: Natural Cure
|switch|p1a: Corviknight|Corviknight, M|88/100
|-ability|p1a: Corviknight|Pressure
|
|upkeep
|turn|133
|
|t:|1652822306
|switch|p2a: Tornadus|Tornadus-Therian, M|100/100 brn
|move|p1a: Corviknight|Body Press|p2a: Tornadus
|-resisted|p2a: Tornadus
|-damage|p2a: Tornadus|87/100 brn
|
|-damage|p2a: Tornadus|81/100 brn|[from] brn
|upkeep
|turn|134
SetsuStsna is offering a tie.
lavenderlad02 accepted the tie.
|
|tie
|raw|lavenderlad02's rating: 1615 &rarr; <strong>1620</strong><br />(+5 for tying)
|raw|SetsuStsna's rating: 1709 &rarr; <strong>1704</strong><br />(-5 for tying)
|l|☆lavenderlad02
