|j|☆OmastarGuy
|j|☆Mamaw31180
|t:|1603718835
|player|p1|OmastarGuy|grimsley-gen7|1507
|player|p2|Mamaw31180|266|1522
|teamsize|p1|6
|teamsize|p2|6
|gametype|singles
|gen|8
|tier|[Gen 8] OU
|rated|
|clearpoke
|poke|p1|Dragapult, M|
|poke|p1|Zygarde|
|poke|p1|Celesteela|
|poke|p1|Porygon2|
|poke|p1|Genesect-Chill|
|poke|p1|Pheromosa|
|poke|p2|Blaziken, M|
|poke|p2|Ditto|
|poke|p2|Azelf|
|poke|p2|Zygarde|
|poke|p2|Genesect|
|poke|p2|Naganadel|
|rule|Sleep Clause Mod: Limit one foe put to sleep
|rule|Species Clause: Limit one of each Pokémon
|rule|OHKO Clause: OHKO moves are banned
|rule|Evasion Moves Clause: Evasion moves are banned
|rule|Endless Battle Clause: Forcing endless battles is banned
|rule|HP Percentage Mod: HP is shown in percentages
|rule|Dynamax Clause: You cannot dynamax
|teampreview
|inactive|Battle timer is ON: inactive players will automatically lose when time's up. (requested by OmastarGuy)
|j| I'M AT MY LIMIT!
|
|t:|1603718849
|start
|switch|p1a: Dragapult|Dragapult, M|100/100
|switch|p2a: Azelf|Azelf|100/100
|turn|1
|l| I'M AT MY LIMIT!
|
|t:|1603718859
|move|p1a: Dragapult|Substitute|p1a: Dragapult
|-start|p1a: Dragapult|Substitute
|-damage|p1a: Dragapult|76/100
|move|p2a: Azelf|Stealth Rock|p1a: Dragapult
|-sidestart|p1: OmastarGuy|move: Stealth Rock
|
|-heal|p1a: Dragapult|82/100|[from] item: Leftovers
|upkeep
|turn|2
|
|t:|1603718867
|move|p1a: Dragapult|Dragon Dance|p1a: Dragapult
|-boost|p1a: Dragapult|atk|1
|-boost|p1a: Dragapult|spe|1
|move|p2a: Azelf|Taunt|p1a: Dragapult
|-start|p1a: Dragapult|move: Taunt
|
|-heal|p1a: Dragapult|88/100|[from] item: Leftovers
|upkeep
|turn|3
|
|t:|1603718873
|switch|p2a: Genesect|Genesect, shiny|100/100
|-ability|p2a: Genesect|Download|boost
|-boost|p2a: Genesect|spa|1
|move|p1a: Dragapult|Dragon Darts|p2a: Genesect
|-resisted|p2a: Genesect
|-damage|p2a: Genesect|77/100
|-anim|p1a: Dragapult|Dragon Darts|p2a: Genesect
|-resisted|p2a: Genesect
|-damage|p2a: Genesect|54/100
|
|-heal|p1a: Dragapult|94/100|[from] item: Leftovers
|upkeep
|turn|4
|
|t:|1603718876
|move|p1a: Dragapult|Phantom Force||[still]
|-prepare|p1a: Dragapult|Phantom Force
|move|p2a: Genesect|Iron Head|p1a: Dragapult|[miss]
|-miss|p2a: Genesect|p1a: Dragapult
|
|-heal|p1a: Dragapult|99/100|[from] item: Leftovers
|upkeep
|turn|5
|
|t:|1603718885
|switch|p2a: Azelf|Azelf|100/100
|move|p1a: Dragapult|Phantom Force|p2a: Azelf|[from]lockedmove
|-supereffective|p2a: Azelf
|-enditem|p2a: Azelf|Focus Sash
|-damage|p2a: Azelf|1/100
|
|-heal|p1a: Dragapult|100/100|[from] item: Leftovers
|-end|p1a: Dragapult|move: Taunt
|upkeep
|turn|6
|
|t:|1603718889
|move|p1a: Dragapult|Dragon Dance|p1a: Dragapult
|-boost|p1a: Dragapult|atk|1
|-boost|p1a: Dragapult|spe|1
|move|p2a: Azelf|Flamethrower|p1a: Dragapult
|-resisted|p1a: Dragapult
|-activate|p1a: Dragapult|move: Substitute|[damage]
|
|upkeep
|turn|7
|
|t:|1603718896
|move|p1a: Dragapult|Dragon Darts|p2a: Azelf
|-damage|p2a: Azelf|0 fnt
|faint|p2a: Azelf
|
|upkeep
|
|t:|1603718907
|switch|p2a: Zygarde|Zygarde|100/100
|-ability|p2a: Zygarde|Aura Break
|turn|8
|
|t:|1603718911
|move|p1a: Dragapult|Dragon Darts|p2a: Zygarde
|-supereffective|p2a: Zygarde
|-damage|p2a: Zygarde|23/100
|-anim|p1a: Dragapult|Dragon Darts|p2a: Zygarde
|-supereffective|p2a: Zygarde
|-damage|p2a: Zygarde|0 fnt
|faint|p2a: Zygarde
|
|upkeep
|-message|Mamaw31180 forfeited.
|
|win|OmastarGuy
|l|☆Mamaw31180
