|html|<div class="broadcast-blue"><strong>[Gen 8] OU is currently suspecting Melmetal! For information on how to participate check out the <a href="https://www.smogon.com/forums/threads/np-ss-ou-suspect-process-round-12-monster-mash.3709234/">suspect thread</a>.</strong></div>
|j|☆HQSNonsense
|j|☆2022Mal
|t:|1666351459
|gametype|singles
|player|p1|HQSNonsense|veteranf|1621
|player|p2|2022Mal|266|1605
|teamsize|p1|6
|teamsize|p2|6
|gen|8
|tier|[Gen 8] OU
|rated|
|rule|Sleep Clause Mod: Limit one foe put to sleep
|rule|Species Clause: Limit one of each Pokémon
|rule|OHKO Clause: OHKO moves are banned
|rule|Evasion Items Clause: Evasion items are banned
|rule|Evasion Moves Clause: Evasion moves are banned
|rule|Endless Battle Clause: Forcing endless battles is banned
|rule|HP Percentage Mod: HP is shown in percentages
|rule|Dynamax Clause: You cannot dynamax
|clearpoke
|poke|p1|Dragapult, M|
|poke|p1|Weavile, M|
|poke|p1|Rillaboom, F|
|poke|p1|Nihilego|
|poke|p1|Garchomp, M|
|poke|p1|Celesteela|
|poke|p2|Tyranitar, F|
|poke|p2|Hippowdon, M|
|poke|p2|Dracozolt|
|poke|p2|Nihilego|
|poke|p2|Corviknight, F|
|poke|p2|Buzzwole|
|teampreview
|inactive|Battle timer is ON: inactive players will automatically lose when time's up. (requested by 2022Mal)
|
|t:|1666351472
|start
|switch|p1a: Garchomp|Garchomp, M|100/100
|switch|p2a: Hippowdon|Hippowdon, M|100/100
|-weather|Sandstorm|[from] ability: Sand Stream|[of] p2a: Hippowdon
|turn|1
|
|t:|1666351480
|move|p1a: Garchomp|Stealth Rock|p2a: Hippowdon
|-sidestart|p2: 2022Mal|move: Stealth Rock
|move|p2a: Hippowdon|Toxic|p1a: Garchomp
|-status|p1a: Garchomp|tox
|
|-weather|Sandstorm|[upkeep]
|-damage|p1a: Garchomp|94/100 tox|[from] psn
|upkeep
|turn|2
|j| StupidIdiotMe
|
|t:|1666351488
|switch|p2a: Corviknight|Corviknight, F|100/100
|-damage|p2a: Corviknight|88/100|[from] Stealth Rock
|-ability|p2a: Corviknight|Pressure
|move|p1a: Garchomp|Swords Dance|p1a: Garchomp
|-boost|p1a: Garchomp|atk|2
|
|-weather|Sandstorm|[upkeep]
|-heal|p1a: Garchomp|100/100 tox|[from] item: Leftovers
|-damage|p1a: Garchomp|88/100 tox|[from] psn
|upkeep
|turn|3
|
|t:|1666351499
|move|p1a: Garchomp|Scale Shot|p2a: Corviknight
|-resisted|p2a: Corviknight
|-damage|p2a: Corviknight|81/100
|-resisted|p2a: Corviknight
|-damage|p2a: Corviknight|73/100
|-resisted|p2a: Corviknight
|-damage|p2a: Corviknight|65/100
|-resisted|p2a: Corviknight
|-damage|p2a: Corviknight|56/100
|-hitcount|p2a: Corviknight|4
|-unboost|p1a: Garchomp|def|1
|-boost|p1a: Garchomp|spe|1
|move|p2a: Corviknight|Defog|p1a: Garchomp
|-unboost|p1a: Garchomp|evasion|1
|-sideend|p2: 2022Mal|Stealth Rock|[from] move: Defog|[of] p2a: Corviknight
|
|-weather|Sandstorm|[upkeep]
|-heal|p1a: Garchomp|94/100 tox|[from] item: Leftovers
|-damage|p1a: Garchomp|76/100 tox|[from] psn
|upkeep
|turn|4
|
|t:|1666351516
|move|p1a: Garchomp|Stealth Rock|p2a: Corviknight
|-sidestart|p2: 2022Mal|move: Stealth Rock
|move|p2a: Corviknight|Roost|p2a: Corviknight
|-heal|p2a: Corviknight|100/100
|-singleturn|p2a: Corviknight|move: Roost
|
|-weather|Sandstorm|[upkeep]
|-heal|p1a: Garchomp|82/100 tox|[from] item: Leftovers
|-damage|p1a: Garchomp|57/100 tox|[from] psn
|upkeep
|turn|5
|
|t:|1666351528
|switch|p1a: Celesteela|Celesteela|100/100
|move|p2a: Corviknight|Defog|p1a: Celesteela
|-unboost|p1a: Celesteela|evasion|1
|-sideend|p2: 2022Mal|Stealth Rock|[from] move: Defog|[of] p2a: Corviknight
|
|-weather|Sandstorm|[upkeep]
|upkeep
|turn|6
|
|t:|1666351536
|switch|p2a: Nihilego|Nihilego|100/100
|move|p1a: Celesteela|Meteor Beam||[still]
|-prepare|p1a: Celesteela|Meteor Beam
|-boost|p1a: Celesteela|spa|1
|-enditem|p1a: Celesteela|Power Herb
|-anim|p1a: Celesteela|Meteor Beam|p2a: Nihilego|[miss]
|-miss|p1a: Celesteela|p2a: Nihilego
|
|-weather|Sandstorm|[upkeep]
|upkeep
|turn|7
|
|t:|1666351555
|move|p2a: Nihilego|Meteor Beam||[still]
|-prepare|p2a: Nihilego|Meteor Beam
|-boost|p2a: Nihilego|spa|1
|-enditem|p2a: Nihilego|Power Herb
|-anim|p2a: Nihilego|Meteor Beam|p1a: Celesteela
|-damage|p1a: Celesteela|11/100
|move|p1a: Celesteela|Air Slash|p2a: Nihilego|[miss]
|-miss|p1a: Celesteela|p2a: Nihilego
|
|-weather|Sandstorm|[upkeep]
|upkeep
|turn|8
|
|t:|1666351565
|move|p2a: Nihilego|Power Gem|p1a: Celesteela
|-crit|p1a: Celesteela
|-damage|p1a: Celesteela|0 fnt
|faint|p1a: Celesteela
|-ability|p2a: Nihilego|Beast Boost|boost
|-boost|p2a: Nihilego|spe|1
|
|-weather|none
|upkeep
|
|t:|1666351568
|switch|p1a: Rillaboom|Rillaboom, F|100/100
|-fieldstart|move: Grassy Terrain|[from] ability: Grassy Surge|[of] p1a: Rillaboom
|turn|9
|
|t:|1666351577
|switch|p2a: Buzzwole|Buzzwole|100/100
|move|p1a: Rillaboom|Grassy Glide|p2a: Buzzwole
|-resisted|p2a: Buzzwole
|-damage|p2a: Buzzwole|87/100
|-damage|p1a: Rillaboom|84/100|[from] item: Rocky Helmet|[of] p2a: Buzzwole
|-damage|p1a: Rillaboom|74/100|[from] item: Life Orb
|
|-heal|p1a: Rillaboom|80/100|[from] Grassy Terrain
|-heal|p2a: Buzzwole|94/100|[from] Grassy Terrain
|upkeep
|turn|10
|
|t:|1666351589
|switch|p1a: Garchomp|Garchomp, M|57/100 tox
|move|p2a: Buzzwole|Ice Punch|p1a: Garchomp
|-supereffective|p1a: Garchomp
|-damage|p1a: Garchomp|0 fnt
|-damage|p2a: Buzzwole|81/100|[from] ability: Rough Skin|[of] p1a: Garchomp
|faint|p1a: Garchomp
|-ability|p2a: Buzzwole|Beast Boost|boost
|-boost|p2a: Buzzwole|def|1
|
|-heal|p2a: Buzzwole|87/100|[from] Grassy Terrain
|upkeep
|
|t:|1666351600
|switch|p1a: Nihilego|Nihilego|100/100
|turn|11
|
|t:|1666351608
|switch|p2a: Tyranitar|Tyranitar, F|100/100
|-weather|Sandstorm|[from] ability: Sand Stream|[of] p2a: Tyranitar
|move|p1a: Nihilego|Meteor Beam||[still]
|-prepare|p1a: Nihilego|Meteor Beam
|-boost|p1a: Nihilego|spa|1
|-enditem|p1a: Nihilego|Power Herb
|-anim|p1a: Nihilego|Meteor Beam|p2a: Tyranitar
|-damage|p2a: Tyranitar|40/100
|
|-weather|Sandstorm|[upkeep]
|-heal|p2a: Tyranitar|46/100|[from] Grassy Terrain
|upkeep
|turn|12
|
|t:|1666351628
|move|p1a: Nihilego|Grass Knot|p2a: Tyranitar
|-supereffective|p2a: Tyranitar
|-crit|p2a: Tyranitar
|-damage|p2a: Tyranitar|0 fnt
|faint|p2a: Tyranitar
|-ability|p1a: Nihilego|Beast Boost|boost
|-boost|p1a: Nihilego|spe|1
|
|-weather|Sandstorm|[upkeep]
|upkeep
|
|t:|1666351639
|switch|p2a: Hippowdon|Hippowdon, M|100/100
|turn|13
|
|t:|1666351644
|move|p1a: Nihilego|Grass Knot|p2a: Hippowdon
|-supereffective|p2a: Hippowdon
|-damage|p2a: Hippowdon|0 fnt
|faint|p2a: Hippowdon
|-ability|p1a: Nihilego|Beast Boost|boost
|-boost|p1a: Nihilego|spe|1
|
|-weather|Sandstorm|[upkeep]
|-fieldend|move: Grassy Terrain
|upkeep
|
|t:|1666351654
|switch|p2a: Corviknight|Corviknight, F|100/100
|-ability|p2a: Corviknight|Pressure
|turn|14
|
|t:|1666351660
|move|p1a: Nihilego|Meteor Beam||[still]
|-prepare|p1a: Nihilego|Meteor Beam
|-boost|p1a: Nihilego|spa|1
|move|p2a: Corviknight|Body Press|p1a: Nihilego
|-damage|p1a: Nihilego|57/100
|
|-weather|Sandstorm|[upkeep]
|upkeep
|turn|15
|
|t:|1666351668
|switch|p2a: Nihilego|Nihilego|100/100
|move|p1a: Nihilego|Meteor Beam|p2a: Nihilego|[from]lockedmove
|-damage|p2a: Nihilego|37/100
|
|-weather|none
|upkeep
|turn|16
|
|t:|1666351677
|move|p1a: Nihilego|Power Gem|p2a: Nihilego
|-damage|p2a: Nihilego|0 fnt
|faint|p2a: Nihilego
|-ability|p1a: Nihilego|Beast Boost|boost
|-boost|p1a: Nihilego|spe|1
|
|upkeep
|
|t:|1666351684
|switch|p2a: Corviknight|Corviknight, F|100/100
|-ability|p2a: Corviknight|Pressure
|turn|17
|
|t:|1666351688
|move|p1a: Nihilego|Power Gem|p2a: Corviknight
|-damage|p2a: Corviknight|24/100
|move|p2a: Corviknight|Body Press|p1a: Nihilego
|-crit|p1a: Nihilego
|-damage|p1a: Nihilego|0 fnt
|faint|p1a: Nihilego
|
|upkeep
|
|t:|1666351700
|switch|p1a: Dragapult|Dragapult, M|100/100
|turn|18
|
|t:|1666351704
|move|p1a: Dragapult|Dragon Dance|p1a: Dragapult
|-boost|p1a: Dragapult|atk|1
|-boost|p1a: Dragapult|spe|1
|move|p2a: Corviknight|Roost|p2a: Corviknight
|-heal|p2a: Corviknight|74/100
|-singleturn|p2a: Corviknight|move: Roost
|
|upkeep
|turn|19
|
|t:|1666351715
|switch|p2a: Buzzwole|Buzzwole|87/100
|move|p1a: Dragapult|Dragon Dance|p1a: Dragapult
|-boost|p1a: Dragapult|atk|1
|-boost|p1a: Dragapult|spe|1
|
|upkeep
|turn|20
|
|t:|1666351722
|move|p1a: Dragapult|Dragon Darts|p2a: Buzzwole
|-damage|p2a: Buzzwole|61/100
|-anim|p1a: Dragapult|Dragon Darts|p2a: Buzzwole
|-damage|p2a: Buzzwole|36/100
|move|p2a: Buzzwole|Ice Punch|p1a: Dragapult
|-supereffective|p1a: Dragapult
|-damage|p1a: Dragapult|40/100
|
|-heal|p1a: Dragapult|46/100|[from] item: Leftovers
|upkeep
|turn|21
|
|t:|1666351733
|move|p1a: Dragapult|Dragon Darts|p2a: Buzzwole
|-damage|p2a: Buzzwole|11/100
|-anim|p1a: Dragapult|Dragon Darts|p2a: Buzzwole
|-damage|p2a: Buzzwole|0 fnt
|faint|p2a: Buzzwole
|
|-heal|p1a: Dragapult|52/100|[from] item: Leftovers
|upkeep
|
|t:|1666351742
|switch|p2a: Corviknight|Corviknight, F|74/100
|-ability|p2a: Corviknight|Pressure
|turn|22
|
|t:|1666351747
|move|p1a: Dragapult|Dragon Dance|p1a: Dragapult
|-boost|p1a: Dragapult|atk|1
|-boost|p1a: Dragapult|spe|1
|move|p2a: Corviknight|Brave Bird|p1a: Dragapult
|-damage|p1a: Dragapult|8/100
|-damage|p2a: Corviknight|61/100|[from] Recoil
|
|-heal|p1a: Dragapult|14/100|[from] item: Leftovers
|upkeep
|turn|23
|j| witchcraftworks
|
|t:|1666351757
|move|p1a: Dragapult|Phantom Force||[still]
|-prepare|p1a: Dragapult|Phantom Force
|move|p2a: Corviknight|Roost|p2a: Corviknight
|-heal|p2a: Corviknight|100/100
|-singleturn|p2a: Corviknight|move: Roost
|
|-heal|p1a: Dragapult|20/100|[from] item: Leftovers
|upkeep
|turn|24
|
|t:|1666351765
|move|p1a: Dragapult|Phantom Force|p2a: Corviknight|[from]lockedmove
|-damage|p2a: Corviknight|28/100
|-damage|p1a: Dragapult|4/100|[from] item: Rocky Helmet|[of] p2a: Corviknight
|move|p2a: Corviknight|Brave Bird|p1a: Dragapult
|-damage|p1a: Dragapult|0 fnt
|faint|p1a: Dragapult
|-damage|p2a: Corviknight|27/100|[from] Recoil
|
|upkeep
|
|t:|1666351771
|switch|p1a: Weavile|Weavile, M|100/100
|-ability|p1a: Weavile|Pressure
|turn|25
|
|t:|1666351779
|move|p1a: Weavile|Knock Off|p2a: Corviknight
|-damage|p2a: Corviknight|0 fnt
|-damage|p1a: Weavile|84/100|[from] item: Rocky Helmet|[of] p2a: Corviknight
|-enditem|p2a: Corviknight|Rocky Helmet|[from] move: Knock Off|[of] p1a: Weavile
|faint|p2a: Corviknight
|-damage|p1a: Weavile|74/100|[from] item: Life Orb
|
|upkeep
|-message|2022Mal forfeited.
|
|win|HQSNonsense
|raw|HQSNonsense's rating: 1621 &rarr; <strong>1640</strong><br />(+19 for winning)
|raw|2022Mal's rating: 1605 &rarr; <strong>1586</strong><br />(-19 for losing)
|l|☆2022Mal
