|html|<div class="broadcast-blue"><strong>[Gen 8] OU is currently suspecting Melmetal! For information on how to participate check out the <a href="https://www.smogon.com/forums/threads/np-ss-ou-suspect-process-round-12-monster-mash.3709234/">suspect thread</a>.</strong></div>
|j|☆mimilimi
|j|☆LaBaleada
|t:|1666781503
|gametype|singles
|player|p1|mimilimi|juggler|1542
|player|p2|LaBaleada|scientist-gen4|1655
|teamsize|p1|6
|teamsize|p2|6
|gen|8
|tier|[Gen 8] OU
|rated|
|rule|Sleep Clause Mod: Limit one foe put to sleep
|rule|Species Clause: Limit one of each Pokémon
|rule|OHKO Clause: OHKO moves are banned
|rule|Evasion Items Clause: Evasion items are banned
|rule|Evasion Moves Clause: Evasion moves are banned
|rule|Endless Battle Clause: Forcing endless battles is banned
|rule|HP Percentage Mod: HP is shown in percentages
|rule|Dynamax Clause: You cannot dynamax
|clearpoke
|poke|p1|Tornadus-Therian, M|
|poke|p1|Tapu Lele|
|poke|p1|Kartana|
|poke|p1|Magnezone|
|poke|p1|Garchomp, F|
|poke|p1|Dragapult, F|
|poke|p2|Sandslash, F|
|poke|p2|Tyranitar, M|
|poke|p2|Excadrill, F|
|poke|p2|Tapu Lele|
|poke|p2|Corviknight, F|
|poke|p2|Rotom-Wash|
|teampreview
|inactive|Battle timer is ON: inactive players will automatically lose when time's up. (requested by LaBaleada)
|
|t:|1666781525
|start
|switch|p1a: Dragapult|Dragapult, F|100/100
|switch|p2a: Tyranitar|Tyranitar, M|100/100
|-weather|Sandstorm|[from] ability: Sand Stream|[of] p2a: Tyranitar
|turn|1
|
|t:|1666781537
|move|p1a: Dragapult|U-turn|p2a: Tyranitar
|-supereffective|p2a: Tyranitar
|-damage|p2a: Tyranitar|75/100
|
|t:|1666781542
|switch|p1a: Garchomp|Garchomp, F|100/100|[from]move: U-turn
|move|p2a: Tyranitar|Stealth Rock|p1a: Garchomp
|-sidestart|p1: mimilimi|move: Stealth Rock
|
|-weather|Sandstorm|[upkeep]
|upkeep
|turn|2
|
|t:|1666781547
|move|p1a: Garchomp|Swords Dance|p1a: Garchomp
|-boost|p1a: Garchomp|atk|2
|move|p2a: Tyranitar|Ice Beam|p1a: Garchomp
|-supereffective|p1a: Garchomp
|-damage|p1a: Garchomp|19/100
|
|-weather|Sandstorm|[upkeep]
|-heal|p1a: Garchomp|25/100|[from] item: Leftovers
|upkeep
|turn|3
|
|t:|1666781557
|switch|p2a: Corviknight|Corviknight, F|100/100
|-ability|p2a: Corviknight|Pressure
|move|p1a: Garchomp|Fire Fang|p2a: Corviknight
|-supereffective|p2a: Corviknight
|-damage|p2a: Corviknight|47/100
|-damage|p1a: Garchomp|8/100|[from] item: Rocky Helmet|[of] p2a: Corviknight
|
|-weather|Sandstorm|[upkeep]
|-heal|p1a: Garchomp|15/100|[from] item: Leftovers
|upkeep
|turn|4
|
|t:|1666781577
|move|p1a: Garchomp|Fire Fang|p2a: Corviknight
|-supereffective|p2a: Corviknight
|-damage|p2a: Corviknight|0 fnt
|-damage|p1a: Garchomp|0 fnt|[from] item: Rocky Helmet|[of] p2a: Corviknight
|faint|p2a: Corviknight
|faint|p1a: Garchomp
|
|-weather|Sandstorm|[upkeep]
|upkeep
|
|t:|1666781598
|switch|p1a: Tornadus|Tornadus-Therian, M|100/100
|switch|p2a: Tapu Lele|Tapu Lele|100/100
|-fieldstart|move: Psychic Terrain|[from] ability: Psychic Surge|[of] p2a: Tapu Lele
|turn|5
|
|t:|1666781608
|switch|p2a: Rotom|Rotom-Wash|100/100
|move|p1a: Tornadus|Knock Off|p2a: Rotom
|-damage|p2a: Rotom|79/100
|-enditem|p2a: Rotom|Leftovers|[from] move: Knock Off|[of] p1a: Tornadus
|
|-weather|Sandstorm|[upkeep]
|-damage|p1a: Tornadus|94/100|[from] Sandstorm
|-damage|p2a: Rotom|73/100|[from] Sandstorm
|upkeep
|turn|6
|
|t:|1666781615
|move|p1a: Tornadus|Defog|p2a: Rotom
|-unboost|p2a: Rotom|evasion|1
|-sideend|p1: mimilimi|Stealth Rock|[from] move: Defog|[of] p1a: Tornadus
|-fieldend|move: Psychic Terrain
|move|p2a: Rotom|Thunder Wave|p1a: Tornadus
|-status|p1a: Tornadus|par
|
|-weather|Sandstorm|[upkeep]
|-damage|p2a: Rotom|67/100|[from] Sandstorm
|-damage|p1a: Tornadus|88/100 par|[from] Sandstorm
|upkeep
|turn|7
|
|t:|1666781623
|move|p2a: Rotom|Volt Switch|p1a: Tornadus
|-supereffective|p1a: Tornadus
|-damage|p1a: Tornadus|37/100 par
|
|t:|1666781626
|switch|p2a: Sandslash|Sandslash, F, shiny|100/100|[from]move: Volt Switch
|move|p1a: Tornadus|U-turn|p2a: Sandslash
|-damage|p2a: Sandslash|86/100
|
|t:|1666781629
|switch|p1a: Kartana|Kartana|100/100|[from]move: U-turn
|
|-weather|Sandstorm|[upkeep]
|upkeep
|turn|8
|
|t:|1666781644
|move|p2a: Sandslash|Drill Run|p1a: Kartana
|-damage|p1a: Kartana|60/100
|move|p1a: Kartana|Leaf Blade|p2a: Sandslash
|-supereffective|p2a: Sandslash
|-damage|p2a: Sandslash|0 fnt
|faint|p2a: Sandslash
|-ability|p1a: Kartana|Beast Boost|boost
|-boost|p1a: Kartana|atk|1
|-damage|p1a: Kartana|50/100|[from] item: Life Orb
|
|-weather|none
|upkeep
|
|t:|1666781650
|switch|p2a: Tyranitar|Tyranitar, M|75/100
|-weather|Sandstorm|[from] ability: Sand Stream|[of] p2a: Tyranitar
|turn|9
|
|t:|1666781655
|switch|p2a: Rotom|Rotom-Wash|67/100
|move|p1a: Kartana|Leaf Blade|p2a: Rotom
|-supereffective|p2a: Rotom
|-crit|p2a: Rotom
|-damage|p2a: Rotom|0 fnt
|faint|p2a: Rotom
|-ability|p1a: Kartana|Beast Boost|boost
|-boost|p1a: Kartana|atk|1
|-damage|p1a: Kartana|40/100|[from] item: Life Orb
|
|-weather|Sandstorm|[upkeep]
|upkeep
|
|t:|1666781657
|switch|p2a: Excadrill|Excadrill, F|100/100
|turn|10
|
|t:|1666781669
|move|p2a: Excadrill|Earthquake|p1a: Kartana
|-damage|p1a: Kartana|0 fnt
|faint|p1a: Kartana
|-damage|p2a: Excadrill|91/100|[from] item: Life Orb
|
|-weather|Sandstorm|[upkeep]
|upkeep
|
|t:|1666781672
|switch|p1a: Dragapult|Dragapult, F|100/100
|turn|11
|
|t:|1666781677
|switch|p2a: Tapu Lele|Tapu Lele|100/100
|-fieldstart|move: Psychic Terrain|[from] ability: Psychic Surge|[of] p2a: Tapu Lele
|move|p1a: Dragapult|Flamethrower|p2a: Tapu Lele
|-damage|p2a: Tapu Lele|56/100
|
|-weather|Sandstorm|[upkeep]
|-damage|p1a: Dragapult|95/100|[from] Sandstorm
|-damage|p2a: Tapu Lele|50/100|[from] Sandstorm
|upkeep
|turn|12
|
|t:|1666781694
|switch|p1a: Tornadus|Tornadus-Therian, M|70/100 par
|move|p2a: Tapu Lele|Psychic|p1a: Tornadus
|-damage|p1a: Tornadus|0 fnt
|faint|p1a: Tornadus
|
|-weather|Sandstorm|[upkeep]
|-damage|p2a: Tapu Lele|44/100|[from] Sandstorm
|upkeep
|
|t:|1666781698
|switch|p1a: Magnezone|Magnezone|100/100
|turn|13
|
|t:|1666781704
|move|p2a: Tapu Lele|Psychic|p1a: Magnezone
|-resisted|p1a: Magnezone
|-damage|p1a: Magnezone|64/100
|move|p1a: Magnezone|Substitute|p1a: Magnezone
|-start|p1a: Magnezone|Substitute
|-damage|p1a: Magnezone|39/100
|
|-weather|Sandstorm|[upkeep]
|-damage|p2a: Tapu Lele|38/100|[from] Sandstorm
|-heal|p1a: Magnezone|45/100|[from] item: Leftovers
|upkeep
|turn|14
|
|t:|1666781709
|move|p2a: Tapu Lele|Psychic|p1a: Magnezone
|-resisted|p1a: Magnezone
|-end|p1a: Magnezone|Substitute
|move|p1a: Magnezone|Thunderbolt|p2a: Tapu Lele
|-damage|p2a: Tapu Lele|0 fnt
|faint|p2a: Tapu Lele
|
|-weather|Sandstorm|[upkeep]
|-heal|p1a: Magnezone|51/100|[from] item: Leftovers
|upkeep
|
|t:|1666781712
|switch|p2a: Excadrill|Excadrill, F|91/100
|turn|15
|inactive|LaBaleada has 120 seconds left.
|
|t:|1666781743
|switch|p1a: Tapu Lele|Tapu Lele|100/100
|move|p2a: Excadrill|Earthquake|p1a: Tapu Lele
|-damage|p1a: Tapu Lele|0 fnt
|faint|p1a: Tapu Lele
|-damage|p2a: Excadrill|81/100|[from] item: Life Orb
|
|-weather|Sandstorm|[upkeep]
|-fieldend|move: Psychic Terrain
|upkeep
|
|t:|1666781752
|switch|p1a: Dragapult|Dragapult, F|95/100
|turn|16
|inactive|LaBaleada has 120 seconds left.
|
|t:|1666781771
|switch|p2a: Tyranitar|Tyranitar, M|75/100
|move|p1a: Dragapult|Hydro Pump|p2a: Tyranitar
|-supereffective|p2a: Tyranitar
|-damage|p2a: Tyranitar|37/100
|
|-weather|none
|upkeep
|turn|17
|inactive|LaBaleada has 120 seconds left.
|
|t:|1666781805
|move|p1a: Dragapult|Hydro Pump|p2a: Tyranitar|[miss]
|-miss|p1a: Dragapult|p2a: Tyranitar
|move|p2a: Tyranitar|Ice Beam|p1a: Dragapult
|-supereffective|p1a: Dragapult
|-damage|p1a: Dragapult|48/100
|
|upkeep
|turn|18
|
|t:|1666781822
|move|p1a: Dragapult|Hydro Pump|p2a: Tyranitar
|-supereffective|p2a: Tyranitar
|-damage|p2a: Tyranitar|0 fnt
|faint|p2a: Tyranitar
|
|upkeep
|
|t:|1666781824
|switch|p2a: Excadrill|Excadrill, F|81/100
|turn|19
|
|t:|1666781835
|switch|p1a: Magnezone|Magnezone|51/100
|move|p2a: Excadrill|Rapid Spin|p1a: Magnezone
|-resisted|p1a: Magnezone
|-damage|p1a: Magnezone|42/100
|-boost|p2a: Excadrill|spe|1
|-damage|p2a: Excadrill|71/100|[from] item: Life Orb
|
|-heal|p1a: Magnezone|48/100|[from] item: Leftovers
|upkeep
|turn|20
|c|☆LaBaleada|Gottem
|
|t:|1666781845
|move|p2a: Excadrill|Earthquake|p1a: Magnezone
|-supereffective|p1a: Magnezone
|-damage|p1a: Magnezone|0 fnt
|faint|p1a: Magnezone
|-damage|p2a: Excadrill|61/100|[from] item: Life Orb
|
|upkeep
|c|☆mimilimi|gg
|c|☆LaBaleada|Gg
|
|t:|1666781851
|switch|p1a: Dragapult|Dragapult, F|48/100
|turn|21
|
|t:|1666781854
|move|p2a: Excadrill|Earthquake|p1a: Dragapult
|-damage|p1a: Dragapult|0 fnt
|faint|p1a: Dragapult
|-damage|p2a: Excadrill|51/100|[from] item: Life Orb
|
|win|LaBaleada
|raw|mimilimi's rating: 1542 &rarr; <strong>1528</strong><br />(-14 for losing)
|raw|LaBaleada's rating: 1655 &rarr; <strong>1669</strong><br />(+14 for winning)
|l|☆mimilimi
||Ladder isn't responding, score probably updated but might not have (Request timeout).
