|raw|<div class="broadcast-blue"><strong>This battle is required to be public due to a player having a name starting with 'btlt200'.</div>
|j|☆alvar03
|j|☆BTLT200$ Qrts
|t:|1668005580
|gametype|singles
|player|p1|alvar03|alder|1739
|player|p2|BTLT200$ Qrts|#wcop2022france|1792
|teamsize|p1|6
|teamsize|p2|6
|gen|8
|tier|[Gen 8] OU
|rated|
|rule|Sleep Clause Mod: Limit one foe put to sleep
|rule|Species Clause: Limit one of each Pokémon
|rule|OHKO Clause: OHKO moves are banned
|rule|Evasion Items Clause: Evasion items are banned
|rule|Evasion Moves Clause: Evasion moves are banned
|rule|Endless Battle Clause: Forcing endless battles is banned
|rule|HP Percentage Mod: HP is shown in percentages
|rule|Dynamax Clause: You cannot dynamax
|clearpoke
|poke|p1|Magnezone|
|poke|p1|Garchomp, F|
|poke|p1|Tornadus-Therian, M|
|poke|p1|Dragonite, F|
|poke|p1|Ferrothorn, F|
|poke|p1|Tapu Lele|
|poke|p2|Mew|
|poke|p2|Rillaboom, M|
|poke|p2|Hawlucha, M|
|poke|p2|Heatran, M|
|poke|p2|Garchomp, M|
|poke|p2|Weavile, M|
|teampreview
|j| aReptileDysfunctn
|inactive|Battle timer is ON: inactive players will automatically lose when time's up. (requested by alvar03)
|
|t:|1668005617
|start
|switch|p1a: Tornadus|Tornadus-Therian, M|100/100
|switch|p2a: Heatran|Heatran, M|100/100
|-item|p2a: Heatran|Air Balloon
|turn|1
|j| AKzerobsx
|
|t:|1668005635
|move|p1a: Tornadus|U-turn|p2a: Heatran
|-resisted|p2a: Heatran
|-damage|p2a: Heatran|97/100
|-enditem|p2a: Heatran|Air Balloon
|
|t:|1668005639
|switch|p1a: Dragonite|Dragonite, F|100/100|[from]move: U-turn
|move|p2a: Heatran|Will-O-Wisp|p1a: Dragonite
|-status|p1a: Dragonite|brn
|
|-damage|p1a: Dragonite|94/100 brn|[from] brn
|upkeep
|turn|2
|
|t:|1668005644
|switch|p1a: Tornadus|Tornadus-Therian, M|100/100
|move|p2a: Heatran|Stealth Rock|p1a: Tornadus
|-sidestart|p1: alvar03|move: Stealth Rock
|
|upkeep
|turn|3
|
|t:|1668005648
|move|p1a: Tornadus|Defog|p2a: Heatran
|-unboost|p2a: Heatran|evasion|1
|-sideend|p1: alvar03|Stealth Rock|[from] move: Defog|[of] p1a: Tornadus
|move|p2a: Heatran|Magma Storm|p1a: Tornadus
|-damage|p1a: Tornadus|58/100
|-activate|p1a: Tornadus|move: Magma Storm|[of] p2a: Heatran
|
|-damage|p1a: Tornadus|46/100|[from] move: Magma Storm|[partiallytrapped]
|upkeep
|turn|4
|
|t:|1668005650
|move|p1a: Tornadus|U-turn|p2a: Heatran
|-resisted|p2a: Heatran
|-damage|p2a: Heatran|94/100
|-status|p1a: Tornadus|brn|[from] ability: Flame Body|[of] p2a: Heatran
|
|t:|1668005653
|switch|p1a: Dragonite|Dragonite, F|94/100 brn|[from]move: U-turn
|move|p2a: Heatran|Stealth Rock|p1a: Dragonite
|-sidestart|p1: alvar03|move: Stealth Rock
|
|-damage|p1a: Dragonite|88/100 brn|[from] brn
|upkeep
|turn|5
|
|t:|1668005661
|switch|p2a: Weavile|Weavile, M|100/100
|-ability|p2a: Weavile|Pressure
|move|p1a: Dragonite|Earthquake|p2a: Weavile
|-damage|p2a: Weavile|71/100
|
|-damage|p1a: Dragonite|82/100 brn|[from] brn
|upkeep
|turn|6
|
|t:|1668005664
|switch|p1a: Ferrothorn|Ferrothorn, F|100/100
|-damage|p1a: Ferrothorn|94/100|[from] Stealth Rock
|move|p2a: Weavile|Swords Dance|p2a: Weavile
|-boost|p2a: Weavile|atk|2
|
|-heal|p1a: Ferrothorn|100/100|[from] item: Leftovers
|upkeep
|turn|7
|
|t:|1668005669
|move|p2a: Weavile|Knock Off|p1a: Ferrothorn
|-damage|p1a: Ferrothorn|26/100
|-damage|p2a: Weavile|59/100|[from] ability: Iron Barbs|[of] p1a: Ferrothorn
|-enditem|p1a: Ferrothorn|Leftovers|[from] move: Knock Off|[of] p2a: Weavile
|-damage|p2a: Weavile|49/100|[from] item: Life Orb
|move|p1a: Ferrothorn|Power Whip|p2a: Weavile|[miss]
|-miss|p1a: Ferrothorn|p2a: Weavile
|
|upkeep
|turn|8
|
|t:|1668005678
|move|p2a: Weavile|Knock Off|p1a: Ferrothorn
|-damage|p1a: Ferrothorn|0 fnt
|-damage|p2a: Weavile|36/100|[from] ability: Iron Barbs|[of] p1a: Ferrothorn
|faint|p1a: Ferrothorn
|-damage|p2a: Weavile|26/100|[from] item: Life Orb
|
|upkeep
|
|t:|1668005680
|switch|p1a: Tapu Lele|Tapu Lele|100/100
|-damage|p1a: Tapu Lele|88/100|[from] Stealth Rock
|-fieldstart|move: Psychic Terrain|[from] ability: Psychic Surge|[of] p1a: Tapu Lele
|turn|9
|
|t:|1668005688
|switch|p2a: Heatran|Heatran, M|94/100
|move|p1a: Tapu Lele|Focus Blast|p2a: Heatran
|-supereffective|p2a: Heatran
|-crit|p2a: Heatran
|-damage|p2a: Heatran|0 fnt
|faint|p2a: Heatran
|
|upkeep
|
|t:|1668005691
|switch|p2a: Mew|Mew|100/100
|turn|10
|
|t:|1668005694
|switch|p1a: Garchomp|Garchomp, F|100/100
|-damage|p1a: Garchomp|94/100|[from] Stealth Rock
|move|p2a: Mew|Nasty Plot|p2a: Mew
|-boost|p2a: Mew|spa|2
|
|-heal|p1a: Garchomp|100/100|[from] item: Leftovers
|upkeep
|turn|11
|
|t:|1668005698
|switch|p1a: Magnezone|Magnezone|100/100
|-damage|p1a: Magnezone|94/100|[from] Stealth Rock
|move|p2a: Mew|Psychic|p1a: Magnezone
|-resisted|p1a: Magnezone
|-damage|p1a: Magnezone|29/100
|
|-heal|p1a: Magnezone|35/100|[from] item: Leftovers
|upkeep
|turn|12
|
|t:|1668005701
|move|p2a: Mew|Psychic|p1a: Magnezone
|-resisted|p1a: Magnezone
|-damage|p1a: Magnezone|0 fnt
|faint|p1a: Magnezone
|
|upkeep
|
|t:|1668005704
|switch|p1a: Tornadus|Tornadus-Therian, M|79/100 brn
|turn|13
|
|t:|1668005705
|move|p1a: Tornadus|Knock Off|p2a: Mew
|-supereffective|p2a: Mew
|-damage|p2a: Mew|82/100
|-enditem|p2a: Mew|Kasib Berry|[from] move: Knock Off|[of] p1a: Tornadus
|move|p2a: Mew|Psychic|p1a: Tornadus
|-damage|p1a: Tornadus|0 fnt
|faint|p1a: Tornadus
|
|-fieldend|move: Psychic Terrain
|upkeep
|
|t:|1668005711
|switch|p1a: Tapu Lele|Tapu Lele|88/100
|-damage|p1a: Tapu Lele|76/100|[from] Stealth Rock
|-fieldstart|move: Psychic Terrain|[from] ability: Psychic Surge|[of] p1a: Tapu Lele
|turn|14
|
|t:|1668005713
|move|p1a: Tapu Lele|Moonblast|p2a: Mew
|-damage|p2a: Mew|31/100
|move|p2a: Mew|Psychic|p1a: Tapu Lele
|-resisted|p1a: Tapu Lele
|-damage|p1a: Tapu Lele|18/100
|
|upkeep
|turn|15
|
|t:|1668005720
|move|p1a: Tapu Lele|Moonblast|p2a: Mew
|-damage|p2a: Mew|0 fnt
|faint|p2a: Mew
|
|upkeep
|
|t:|1668005722
|switch|p2a: Rillaboom|Rillaboom, M|100/100
|-fieldstart|move: Grassy Terrain|[from] ability: Grassy Surge|[of] p2a: Rillaboom
|turn|16
|
|t:|1668005724
|switch|p1a: Dragonite|Dragonite, F|82/100 brn
|move|p2a: Rillaboom|Swords Dance|p2a: Rillaboom
|-boost|p2a: Rillaboom|atk|2
|
|-damage|p1a: Dragonite|76/100 brn|[from] brn
|upkeep
|turn|17
|
|t:|1668005727
|move|p1a: Dragonite|Ice Punch|p2a: Rillaboom
|-supereffective|p2a: Rillaboom
|-damage|p2a: Rillaboom|78/100
|move|p2a: Rillaboom|Knock Off|p1a: Dragonite
|-damage|p1a: Dragonite|12/100 brn
|-enditem|p1a: Dragonite|Heavy-Duty Boots|[from] move: Knock Off|[of] p2a: Rillaboom
|
|-heal|p2a: Rillaboom|84/100|[from] Grassy Terrain
|-heal|p2a: Rillaboom|90/100|[from] item: Leftovers
|-damage|p1a: Dragonite|6/100 brn|[from] brn
|upkeep
|turn|18
|
|t:|1668005731
|move|p2a: Rillaboom|Grassy Glide|p1a: Dragonite
|-resisted|p1a: Dragonite
|-damage|p1a: Dragonite|0 fnt
|faint|p1a: Dragonite
|
|-heal|p2a: Rillaboom|97/100|[from] Grassy Terrain
|-heal|p2a: Rillaboom|100/100|[from] item: Leftovers
|upkeep
|
|t:|1668005733
|switch|p1a: Tapu Lele|Tapu Lele|18/100
|-damage|p1a: Tapu Lele|5/100|[from] Stealth Rock
|-fieldstart|move: Psychic Terrain|[from] ability: Psychic Surge|[of] p1a: Tapu Lele
|turn|19
|
|t:|1668005737
|switch|p2a: Garchomp|Garchomp, M|100/100
|move|p1a: Tapu Lele|Moonblast|p2a: Garchomp
|-supereffective|p2a: Garchomp
|-damage|p2a: Garchomp|1/100
|
|-heal|p2a: Garchomp|7/100|[from] item: Leftovers
|upkeep
|turn|20
|
|t:|1668005740
|move|p1a: Tapu Lele|Moonblast|p2a: Garchomp
|-supereffective|p2a: Garchomp
|-damage|p2a: Garchomp|0 fnt
|faint|p2a: Garchomp
|
|upkeep
|
|t:|1668005741
|switch|p2a: Rillaboom|Rillaboom, M|100/100
|-fieldstart|move: Grassy Terrain|[from] ability: Grassy Surge|[of] p2a: Rillaboom
|turn|21
|
|t:|1668005744
|move|p1a: Tapu Lele|Moonblast|p2a: Rillaboom
|-damage|p2a: Rillaboom|43/100
|move|p2a: Rillaboom|Swords Dance|p2a: Rillaboom
|-boost|p2a: Rillaboom|atk|2
|
|-heal|p1a: Tapu Lele|12/100|[from] Grassy Terrain
|-heal|p2a: Rillaboom|50/100|[from] Grassy Terrain
|-heal|p2a: Rillaboom|56/100|[from] item: Leftovers
|upkeep
|turn|22
|
|t:|1668005746
|move|p2a: Rillaboom|Grassy Glide|p1a: Tapu Lele
|-damage|p1a: Tapu Lele|0 fnt
|faint|p1a: Tapu Lele
|
|-heal|p2a: Rillaboom|62/100|[from] Grassy Terrain
|-heal|p2a: Rillaboom|68/100|[from] item: Leftovers
|upkeep
|
|t:|1668005747
|switch|p1a: Garchomp|Garchomp, F|100/100
|-damage|p1a: Garchomp|94/100|[from] Stealth Rock
|turn|23
|
|t:|1668005748
|move|p2a: Rillaboom|Grassy Glide|p1a: Garchomp
|-crit|p1a: Garchomp
|-damage|p1a: Garchomp|0 fnt
|-damage|p2a: Rillaboom|56/100|[from] ability: Rough Skin|[of] p1a: Garchomp
|faint|p1a: Garchomp
|
|win|BTLT200$ Qrts
|raw|alvar03's rating: 1739 &rarr; <strong>1722</strong><br />(-17 for losing)
|raw|BTLT200$ Qrts's rating: 1792 &rarr; <strong>1809</strong><br />(+17 for winning)
|l|☆alvar03
|l|☆BTLT200$ Qrts
||Ladder isn't responding, score probably updated but might not have (Request timeout).
