|j|☆El Stefano
|j|☆Standard_FV
|t:|1658857969
|gametype|singles
|player|p1|El Stefano|102|1816
|player|p2|Standard_FV|102|1813
|teamsize|p1|6
|teamsize|p2|6
|gen|8
|tier|[Gen 8] OU
|rated|
|rule|Sleep Clause Mod: Limit one foe put to sleep
|rule|Species Clause: Limit one of each Pokémon
|rule|OHKO Clause: OHKO moves are banned
|rule|Evasion Moves Clause: Evasion moves are banned
|rule|Endless Battle Clause: Forcing endless battles is banned
|rule|HP Percentage Mod: HP is shown in percentages
|rule|Dynamax Clause: You cannot dynamax
|clearpoke
|poke|p1|Pelipper, M|
|poke|p1|Melmetal|
|poke|p1|Tapu Bulu|
|poke|p1|Zapdos|
|poke|p1|Gastrodon, F|
|poke|p1|Magnezone|
|poke|p2|Landorus-Therian, M|
|poke|p2|Clefable, F|
|poke|p2|Volcanion|
|poke|p2|Melmetal|
|poke|p2|Zeraora|
|poke|p2|Keldeo-Resolute|
|teampreview
|inactive|Battle timer is ON: inactive players will automatically lose when time's up. (requested by Standard_FV)
|
|t:|1658857979
|start
|switch|p1a: Pelipper|Pelipper, M|100/100
|switch|p2a: Keldeo|Keldeo-Resolute|100/100
|-weather|RainDance|[from] ability: Drizzle|[of] p1a: Pelipper
|turn|1
|j| Majaco
|
|t:|1658857985
|move|p2a: Keldeo|Substitute|p2a: Keldeo
|-start|p2a: Keldeo|Substitute
|-damage|p2a: Keldeo|76/100
|move|p1a: Pelipper|Hurricane|p2a: Keldeo
|-supereffective|p2a: Keldeo
|-end|p2a: Keldeo|Substitute
|
|-weather|RainDance|[upkeep]
|-heal|p2a: Keldeo|82/100|[from] item: Leftovers
|upkeep
|turn|2
|l| Majaco
|j| tigers jaw
|
|t:|1658857997
|move|p2a: Keldeo|Substitute|p2a: Keldeo
|-start|p2a: Keldeo|Substitute
|-damage|p2a: Keldeo|57/100
|move|p1a: Pelipper|Hurricane|p2a: Keldeo
|-supereffective|p2a: Keldeo
|-end|p2a: Keldeo|Substitute
|
|-weather|RainDance|[upkeep]
|-heal|p2a: Keldeo|63/100|[from] item: Leftovers
|upkeep
|turn|3
|
|t:|1658858000
|move|p2a: Keldeo|Substitute|p2a: Keldeo
|-start|p2a: Keldeo|Substitute
|-damage|p2a: Keldeo|39/100
|move|p1a: Pelipper|Hurricane|p2a: Keldeo
|-supereffective|p2a: Keldeo
|-end|p2a: Keldeo|Substitute
|
|-weather|RainDance|[upkeep]
|-heal|p2a: Keldeo|45/100|[from] item: Leftovers
|upkeep
|turn|4
|
|t:|1658858007
|switch|p2a: Melmetal|Melmetal|100/100
|move|p1a: Pelipper|Hurricane|p2a: Melmetal
|-resisted|p2a: Melmetal
|-damage|p2a: Melmetal|73/100
|
|-weather|RainDance|[upkeep]
|upkeep
|turn|5
|
|t:|1658858016
|switch|p1a: Zapdos|Zapdos|100/100
|move|p2a: Melmetal|Earthquake|p1a: Zapdos
|-immune|p1a: Zapdos
|
|-weather|none
|upkeep
|turn|6
|
|t:|1658858030
|move|p1a: Zapdos|Discharge|p2a: Melmetal
|-damage|p2a: Melmetal|46/100
|move|p2a: Melmetal|Ice Punch|p1a: Zapdos
|-supereffective|p1a: Zapdos
|-damage|p1a: Zapdos|52/100
|
|upkeep
|turn|7
|
|t:|1658858041
|switch|p2a: Landorus|Landorus-Therian, M|100/100
|-ability|p2a: Landorus|Intimidate|boost
|-unboost|p1a: Zapdos|atk|1
|move|p1a: Zapdos|Discharge|p2a: Landorus
|-immune|p2a: Landorus
|
|upkeep
|turn|8
|
|t:|1658858045
|move|p1a: Zapdos|Toxic|p2a: Landorus
|-status|p2a: Landorus|tox
|move|p2a: Landorus|Toxic|p1a: Zapdos
|-status|p1a: Zapdos|tox
|
|-damage|p1a: Zapdos|46/100 tox|[from] psn
|-damage|p2a: Landorus|94/100 tox|[from] psn
|upkeep
|turn|9
|
|t:|1658858050
|move|p1a: Zapdos|Roost|p1a: Zapdos
|-heal|p1a: Zapdos|96/100 tox
|-singleturn|p1a: Zapdos|move: Roost
|move|p2a: Landorus|Stealth Rock|p1a: Zapdos
|-sidestart|p1: El Stefano|move: Stealth Rock
|
|-heal|p2a: Landorus|100/100 tox|[from] item: Leftovers
|-damage|p1a: Zapdos|84/100 tox|[from] psn
|-damage|p2a: Landorus|88/100 tox|[from] psn
|upkeep
|turn|10
|
|t:|1658858053
|move|p1a: Zapdos|Defog|p2a: Landorus
|-unboost|p2a: Landorus|evasion|1
|-sideend|p1: El Stefano|Stealth Rock|[from] move: Defog|[of] p1a: Zapdos
|move|p2a: Landorus|Knock Off|p1a: Zapdos
|-crit|p1a: Zapdos
|-damage|p1a: Zapdos|52/100 tox
|-enditem|p1a: Zapdos|Heavy-Duty Boots|[from] move: Knock Off|[of] p2a: Landorus
|
|-heal|p2a: Landorus|94/100 tox|[from] item: Leftovers
|-damage|p1a: Zapdos|34/100 tox|[from] psn
|-damage|p2a: Landorus|76/100 tox|[from] psn
|upkeep
|turn|11
|
|t:|1658858059
|switch|p1a: Pelipper|Pelipper, M|100/100
|-weather|RainDance|[from] ability: Drizzle|[of] p1a: Pelipper
|move|p2a: Landorus|Stealth Rock|p1a: Pelipper
|-sidestart|p1: El Stefano|move: Stealth Rock
|
|-weather|RainDance|[upkeep]
|-heal|p2a: Landorus|82/100 tox|[from] item: Leftovers
|-damage|p2a: Landorus|58/100 tox|[from] psn
|upkeep
|turn|12
|
|t:|1658858066
|move|p2a: Landorus|Knock Off|p1a: Pelipper
|-damage|p1a: Pelipper|63/100
|-enditem|p1a: Pelipper|Choice Specs|[from] move: Knock Off|[of] p2a: Landorus
|move|p1a: Pelipper|Weather Ball|p2a: Landorus
|-supereffective|p2a: Landorus
|-damage|p2a: Landorus|0 fnt
|faint|p2a: Landorus
|
|-weather|RainDance|[upkeep]
|upkeep
|j| PCManisME
|
|t:|1658858072
|switch|p2a: Volcanion|Volcanion|100/100
|turn|13
|
|t:|1658858077
|switch|p1a: Gastrodon|Gastrodon, F|100/100
|-damage|p1a: Gastrodon|94/100|[from] Stealth Rock
|move|p2a: Volcanion|Sludge Bomb|p1a: Gastrodon
|-resisted|p1a: Gastrodon
|-damage|p1a: Gastrodon|76/100
|-status|p1a: Gastrodon|psn
|
|-weather|RainDance|[upkeep]
|-heal|p1a: Gastrodon|82/100 psn|[from] item: Leftovers
|-damage|p1a: Gastrodon|70/100 psn|[from] psn
|upkeep
|turn|14
|
|t:|1658858083
|switch|p2a: Melmetal|Melmetal|46/100
|move|p1a: Gastrodon|Recover|p1a: Gastrodon
|-heal|p1a: Gastrodon|100/100 psn
|
|-weather|RainDance|[upkeep]
|-damage|p1a: Gastrodon|88/100 psn|[from] psn
|upkeep
|turn|15
|
|t:|1658858088
|move|p2a: Melmetal|Double Iron Bash|p1a: Gastrodon
|-resisted|p1a: Gastrodon
|-damage|p1a: Gastrodon|66/100 psn
|-resisted|p1a: Gastrodon
|-damage|p1a: Gastrodon|43/100 psn
|-hitcount|p1a: Gastrodon|2
|cant|p1a: Gastrodon|flinch
|
|-weather|none
|-heal|p1a: Gastrodon|49/100 psn|[from] item: Leftovers
|-damage|p1a: Gastrodon|37/100 psn|[from] psn
|upkeep
|turn|16
|
|t:|1658858105
|switch|p1a: Magnezone|Magnezone|100/100
|-damage|p1a: Magnezone|94/100|[from] Stealth Rock
|move|p2a: Melmetal|Double Iron Bash|p1a: Magnezone
|-resisted|p1a: Magnezone
|-damage|p1a: Magnezone|87/100
|-resisted|p1a: Magnezone
|-damage|p1a: Magnezone|78/100
|-hitcount|p1a: Magnezone|2
|
|-heal|p1a: Magnezone|84/100|[from] item: Leftovers
|upkeep
|turn|17
|
|t:|1658858109
|switch|p1a: Tapu Bulu|Tapu Bulu|100/100
|-damage|p1a: Tapu Bulu|88/100|[from] Stealth Rock
|-fieldstart|move: Grassy Terrain|[from] ability: Grassy Surge|[of] p1a: Tapu Bulu
|move|p2a: Melmetal|Earthquake|p1a: Tapu Bulu
|-resisted|p1a: Tapu Bulu
|-damage|p1a: Tapu Bulu|78/100
|
|-heal|p1a: Tapu Bulu|85/100|[from] Grassy Terrain
|-heal|p2a: Melmetal|52/100|[from] Grassy Terrain
|upkeep
|turn|18
|
|t:|1658858113
|switch|p1a: Magnezone|Magnezone|84/100
|-damage|p1a: Magnezone|78/100|[from] Stealth Rock
|move|p2a: Melmetal|Double Iron Bash|p1a: Magnezone
|-resisted|p1a: Magnezone
|-damage|p1a: Magnezone|70/100
|-resisted|p1a: Magnezone
|-damage|p1a: Magnezone|62/100
|-hitcount|p1a: Magnezone|2
|
|-heal|p1a: Magnezone|68/100|[from] Grassy Terrain
|-heal|p1a: Magnezone|74/100|[from] item: Leftovers
|-heal|p2a: Melmetal|58/100|[from] Grassy Terrain
|upkeep
|turn|19
|
|t:|1658858115
|move|p1a: Magnezone|Iron Defense|p1a: Magnezone
|-boost|p1a: Magnezone|def|2
|move|p2a: Melmetal|Earthquake|p1a: Magnezone
|-supereffective|p1a: Magnezone
|-damage|p1a: Magnezone|42/100
|
|-heal|p1a: Magnezone|48/100|[from] Grassy Terrain
|-heal|p1a: Magnezone|55/100|[from] item: Leftovers
|-heal|p2a: Melmetal|64/100|[from] Grassy Terrain
|upkeep
|turn|20
|j| hiffa
|
|t:|1658858120
|move|p1a: Magnezone|Iron Defense|p1a: Magnezone
|-boost|p1a: Magnezone|def|2
|move|p2a: Melmetal|Earthquake|p1a: Magnezone
|-supereffective|p1a: Magnezone
|-damage|p1a: Magnezone|35/100
|
|-heal|p1a: Magnezone|41/100|[from] Grassy Terrain
|-heal|p1a: Magnezone|47/100|[from] item: Leftovers
|-heal|p2a: Melmetal|70/100|[from] Grassy Terrain
|upkeep
|turn|21
|
|t:|1658858124
|move|p1a: Magnezone|Substitute|p1a: Magnezone
|-start|p1a: Magnezone|Substitute
|-damage|p1a: Magnezone|23/100
|move|p2a: Melmetal|Earthquake|p1a: Magnezone
|-supereffective|p1a: Magnezone
|-activate|p1a: Magnezone|move: Substitute|[damage]
|
|-heal|p1a: Magnezone|29/100|[from] Grassy Terrain
|-heal|p1a: Magnezone|35/100|[from] item: Leftovers
|-heal|p2a: Melmetal|76/100|[from] Grassy Terrain
|-fieldend|move: Grassy Terrain
|upkeep
|turn|22
|
|t:|1658858128
|move|p1a: Magnezone|Body Press|p2a: Melmetal
|-supereffective|p2a: Melmetal
|-damage|p2a: Melmetal|0 fnt
|faint|p2a: Melmetal
|
|-heal|p1a: Magnezone|41/100|[from] item: Leftovers
|upkeep
|
|t:|1658858138
|switch|p2a: Keldeo|Keldeo-Resolute|45/100
|turn|23
|
|t:|1658858143
|move|p2a: Keldeo|Substitute|p2a: Keldeo
|-start|p2a: Keldeo|Substitute
|-damage|p2a: Keldeo|20/100
|move|p1a: Magnezone|Body Press|p2a: Keldeo
|-end|p2a: Keldeo|Substitute
|
|-heal|p2a: Keldeo|26/100|[from] item: Leftovers
|-heal|p1a: Magnezone|47/100|[from] item: Leftovers
|upkeep
|turn|24
|
|t:|1658858148
|move|p2a: Keldeo|Scald|p1a: Magnezone
|-end|p1a: Magnezone|Substitute
|move|p1a: Magnezone|Body Press|p2a: Keldeo
|-damage|p2a: Keldeo|0 fnt
|faint|p2a: Keldeo
|
|-heal|p1a: Magnezone|53/100|[from] item: Leftovers
|upkeep
|j| The retro oatcake
|
|t:|1658858152
|switch|p2a: Volcanion|Volcanion|100/100
|turn|25
|
|t:|1658858166
|move|p1a: Magnezone|Discharge|p2a: Volcanion
|-supereffective|p2a: Volcanion
|-damage|p2a: Volcanion|24/100
|move|p2a: Volcanion|Earth Power|p1a: Magnezone
|-supereffective|p1a: Magnezone
|-damage|p1a: Magnezone|0 fnt
|faint|p1a: Magnezone
|
|upkeep
|
|t:|1658858175
|switch|p1a: Zapdos|Zapdos|34/100 tox
|-damage|p1a: Zapdos|9/100 tox|[from] Stealth Rock
|turn|26
|l| tigers jaw
|
|t:|1658858181
|move|p1a: Zapdos|Defog|p2a: Volcanion
|-unboost|p2a: Volcanion|evasion|1
|-sideend|p1: El Stefano|Stealth Rock|[from] move: Defog|[of] p1a: Zapdos
|move|p2a: Volcanion|Earth Power|p1a: Zapdos
|-immune|p1a: Zapdos
|
|-damage|p1a: Zapdos|3/100 tox|[from] psn
|upkeep
|turn|27
|
|t:|1658858185
|move|p1a: Zapdos|Discharge|p2a: Volcanion
|-supereffective|p2a: Volcanion
|-damage|p2a: Volcanion|0 fnt
|faint|p2a: Volcanion
|
|-damage|p1a: Zapdos|0 fnt|[from] psn
|faint|p1a: Zapdos
|upkeep
|
|t:|1658858196
|switch|p1a: Melmetal|Melmetal|100/100
|switch|p2a: Zeraora|Zeraora|100/100
|turn|28
|
|t:|1658858199
|switch|p1a: Tapu Bulu|Tapu Bulu|85/100
|-fieldstart|move: Grassy Terrain|[from] ability: Grassy Surge|[of] p1a: Tapu Bulu
|move|p2a: Zeraora|Knock Off|p1a: Tapu Bulu
|-resisted|p1a: Tapu Bulu
|-damage|p1a: Tapu Bulu|70/100
|-enditem|p1a: Tapu Bulu|Expert Belt|[from] move: Knock Off|[of] p2a: Zeraora
|
|-heal|p1a: Tapu Bulu|76/100|[from] Grassy Terrain
|upkeep
|turn|29
|
|t:|1658858205
|move|p2a: Zeraora|Bulk Up|p2a: Zeraora
|-boost|p2a: Zeraora|atk|1
|-boost|p2a: Zeraora|def|1
|move|p1a: Tapu Bulu|Horn Leech|p2a: Zeraora
|-damage|p2a: Zeraora|46/100
|-heal|p1a: Tapu Bulu|100/100|[from] drain|[of] p2a: Zeraora
|
|-heal|p2a: Zeraora|52/100|[from] Grassy Terrain
|upkeep
|turn|30
|
|t:|1658858212
|move|p2a: Zeraora|Bulk Up|p2a: Zeraora
|-boost|p2a: Zeraora|atk|1
|-boost|p2a: Zeraora|def|1
|move|p1a: Tapu Bulu|Swords Dance|p1a: Tapu Bulu
|-boost|p1a: Tapu Bulu|atk|2
|
|-heal|p2a: Zeraora|58/100|[from] Grassy Terrain
|upkeep
|turn|31
|
|t:|1658858218
|move|p2a: Zeraora|Plasma Fists|p1a: Tapu Bulu
|-resisted|p1a: Tapu Bulu
|-damage|p1a: Tapu Bulu|60/100
|-fieldactivate|move: Ion Deluge
|-hint|Normal-type moves become Electric-type after using Plasma Fists.
|move|p1a: Tapu Bulu|Horn Leech|p2a: Zeraora
|-damage|p2a: Zeraora|0 fnt
|-heal|p1a: Tapu Bulu|87/100|[from] drain|[of] p2a: Zeraora
|faint|p2a: Zeraora
|
|-heal|p1a: Tapu Bulu|93/100|[from] Grassy Terrain
|upkeep
|
|t:|1658858220
|switch|p2a: Clefable|Clefable, F|100/100
|turn|32
|
|t:|1658858223
|move|p1a: Tapu Bulu|Horn Leech|p2a: Clefable
|-damage|p2a: Clefable|60/100
|-heal|p1a: Tapu Bulu|100/100|[from] drain|[of] p2a: Clefable
|move|p2a: Clefable|Soft-Boiled|p2a: Clefable
|-heal|p2a: Clefable|100/100
|
|-fieldend|move: Grassy Terrain
|upkeep
|turn|33
|
|t:|1658858229
|switch|p1a: Melmetal|Melmetal|100/100
|move|p2a: Clefable|Calm Mind|p2a: Clefable
|-boost|p2a: Clefable|spa|1
|-boost|p2a: Clefable|spd|1
|
|upkeep
|turn|34
|
|t:|1658858233
|move|p2a: Clefable|Calm Mind|p2a: Clefable
|-boost|p2a: Clefable|spa|1
|-boost|p2a: Clefable|spd|1
|move|p1a: Melmetal|Double Iron Bash|p2a: Clefable
|-supereffective|p2a: Clefable
|-damage|p2a: Clefable|33/100
|-supereffective|p2a: Clefable
|-damage|p2a: Clefable|0 fnt
|faint|p2a: Clefable
|-hitcount|p2: Clefable|2
|
|win|El Stefano
|raw|El Stefano's rating: 1816 &rarr; <strong>1836</strong><br />(+20 for winning)
|raw|Standard_FV's rating: 1813 &rarr; <strong>1793</strong><br />(-20 for losing)
|l|☆Standard_FV
