|j|☆Apex∯Levi∯UM∯
|j|☆Wheezer
|inactive|Battle timer is ON: inactive players will automatically lose when time's up.
|t:|1660181200
|gametype|singles
|player|p1|Apex∯Levi∯UM∯|gladion|
|player|p2|Wheezer|petrel|
|teamsize|p1|6
|teamsize|p2|6
|gen|8
|tier|[Gen 8] OU
|rated|Tournament battle
|rule|Sleep Clause Mod: Limit one foe put to sleep
|rule|Species Clause: Limit one of each Pokémon
|rule|OHKO Clause: OHKO moves are banned
|rule|Evasion Items Clause: Evasion items are banned
|rule|Evasion Moves Clause: Evasion moves are banned
|rule|Endless Battle Clause: Forcing endless battles is banned
|rule|HP Percentage Mod: HP is shown in percentages
|rule|Dynamax Clause: You cannot dynamax
|clearpoke
|poke|p1|Electivire, M|
|poke|p1|Charizard, M|
|poke|p1|Rillaboom, M|
|poke|p1|Gyarados, M|
|poke|p1|Haxorus, M|
|poke|p1|Mamoswine, M|
|poke|p2|Weavile, M|
|poke|p2|Metagross|
|poke|p2|Dragonite, F|
|poke|p2|Crobat, M|
|poke|p2|Venusaur, M|
|poke|p2|Torkoal, M|
|teampreview
|j| Sleo2123
|
|t:|1660181217
|start
|switch|p1a: Icicle Quake|Mamoswine, M|100/100
|switch|p2a: Crobat|Crobat, M|100/100
|turn|1
|
|t:|1660181223
|move|p2a: Crobat|Spore|p1a: Icicle Quake
|-status|p1a: Icicle Quake|slp|[from] move: Spore
|cant|p1a: Icicle Quake|slp
|
|upkeep
|turn|2
|inactive|Wheezer has 120 seconds left.
|
|t:|1660181262
|switch|p1a: Axe Dragon|Haxorus, M|100/100
|-ability|p1a: Axe Dragon|Mold Breaker
|move|p2a: Crobat|Stealth Rock|p1a: Axe Dragon
|-sidestart|p1: Apex∯Levi∯UM∯|move: Stealth Rock
|
|upkeep
|turn|3
|
|t:|1660181267
|move|p2a: Crobat|Taunt|p1a: Axe Dragon
|-start|p1a: Axe Dragon|move: Taunt
|cant|p1a: Axe Dragon|move: Taunt|Dragon Dance
|
|upkeep
|turn|4
|j|%htcl (>◡<)
|
|t:|1660181270
|move|p2a: Crobat|Explosion|p1a: Axe Dragon
|-damage|p1a: Axe Dragon|7/100
|faint|p2a: Crobat
|move|p1a: Axe Dragon|Dragon Claw|p2: Crobat|[notarget]
|-fail|p1a: Axe Dragon
|
|upkeep
|
|t:|1660181278
|switch|p2a: Dragonite|Dragonite, F|100/100
|turn|5
|
|t:|1660181282
|move|p1a: Axe Dragon|Dragon Claw|p2a: Dragonite
|-supereffective|p2a: Dragonite
|-damage|p2a: Dragonite|0 fnt
|faint|p2a: Dragonite
|-damage|p1a: Axe Dragon|0 fnt|[from] item: Life Orb
|faint|p1a: Axe Dragon
|
|upkeep
|c|☆Wheezer|oh
|c|☆Wheezer|it doesnt have multiscale
|c|%htcl (>◡<)|when the mold is breaker
|c|☆Wheezer|awkward
|c|☆Wheezer|oh yeah
|c|☆Wheezer|im double dumb
|
|t:|1660181304
|switch|p1a: Icicle Quake|Mamoswine, M|100/100 slp
|switch|p2a: Torkoal|Torkoal, M|100/100
|-damage|p1a: Icicle Quake|88/100 slp|[from] Stealth Rock
|-weather|SunnyDay|[from] ability: Drought|[of] p2a: Torkoal
|turn|6
|
|t:|1660181308
|switch|p2a: Venusaur|Venusaur, M|100/100
|-curestatus|p1a: Icicle Quake|slp|[msg]
|move|p1a: Icicle Quake|Earthquake|p2a: Venusaur
|-damage|p2a: Venusaur|40/100
|
|-weather|SunnyDay|[upkeep]
|upkeep
|turn|7
|
|t:|1660181310
|move|p1a: Icicle Quake|Ice Shard|p2a: Venusaur
|-supereffective|p2a: Venusaur
|-damage|p2a: Venusaur|0 fnt
|faint|p2a: Venusaur
|
|-weather|SunnyDay|[upkeep]
|upkeep
|c|☆Wheezer|triple
|
|t:|1660181315
|switch|p2a: Metagross|Metagross|100/100
|turn|8
|
|t:|1660181321
|move|p1a: Icicle Quake|Earthquake|p2a: Metagross
|-supereffective|p2a: Metagross
|-damage|p2a: Metagross|12/100
|move|p2a: Metagross|Geomancy||[still]
|-prepare|p2a: Metagross|Geomancy
|-enditem|p2a: Metagross|Power Herb
|-anim|p2a: Metagross|Geomancy|p2a: Metagross
|-boost|p2a: Metagross|spa|2
|-boost|p2a: Metagross|spd|2
|-boost|p2a: Metagross|spe|2
|
|-weather|SunnyDay|[upkeep]
|upkeep
|turn|9
|
|t:|1660181326
|move|p1a: Icicle Quake|Ice Shard|p2a: Metagross
|-resisted|p2a: Metagross
|-damage|p2a: Metagross|3/100
|move|p2a: Metagross|Origin Pulse|p1a: Icicle Quake
|-supereffective|p1a: Icicle Quake
|-damage|p1a: Icicle Quake|0 fnt
|faint|p1a: Icicle Quake
|
|-weather|SunnyDay|[upkeep]
|upkeep
|
|t:|1660181328
|switch|p1a: Drum Storm|Rillaboom, M|100/100
|-damage|p1a: Drum Storm|88/100|[from] Stealth Rock
|-fieldstart|move: Grassy Terrain|[from] ability: Grassy Surge|[of] p1a: Drum Storm
|turn|10
|
|t:|1660181333
|switch|p2a: Torkoal|Torkoal, M|100/100
|move|p1a: Drum Storm|Grassy Glide|p2a: Torkoal
|-resisted|p2a: Torkoal
|-damage|p2a: Torkoal|77/100
|-damage|p1a: Drum Storm|78/100|[from] item: Life Orb
|
|-weather|SunnyDay|[upkeep]
|-heal|p1a: Drum Storm|84/100|[from] Grassy Terrain
|-heal|p2a: Torkoal|83/100|[from] Grassy Terrain
|upkeep
|turn|11
|
|t:|1660181340
|move|p1a: Drum Storm|Knock Off|p2a: Torkoal
|-damage|p2a: Torkoal|49/100
|-enditem|p2a: Torkoal|Heat Rock|[from] move: Knock Off|[of] p1a: Drum Storm
|-damage|p1a: Drum Storm|74/100|[from] item: Life Orb
|move|p2a: Torkoal|Healing Wish|p2a: Torkoal
|faint|p2a: Torkoal
|
|-weather|SunnyDay|[upkeep]
|-heal|p1a: Drum Storm|81/100|[from] Grassy Terrain
|upkeep
|
|t:|1660181342
|switch|p2a: Weavile|Weavile, M|100/100
|-ability|p2a: Weavile|Pressure
|turn|12
|
|t:|1660181345
|move|p1a: Drum Storm|Grassy Glide|p2a: Weavile
|-enditem|p2a: Weavile|Focus Sash
|-damage|p2a: Weavile|1/100
|-damage|p1a: Drum Storm|71/100|[from] item: Life Orb
|move|p2a: Weavile|Glacial Lance|p1a: Drum Storm
|-supereffective|p1a: Drum Storm
|-damage|p1a: Drum Storm|0 fnt
|faint|p1a: Drum Storm
|
|-weather|SunnyDay|[upkeep]
|-heal|p2a: Weavile|7/100|[from] Grassy Terrain
|upkeep
|
|t:|1660181353
|switch|p1a: Zard|Charizard, M|100/100
|turn|13
|
|t:|1660181365
|move|p2a: Weavile|Glacial Lance|p1a: Zard
|-damage|p1a: Zard|12/100
|move|p1a: Zard|Flamethrower|p2a: Weavile
|-supereffective|p2a: Weavile
|-damage|p2a: Weavile|0 fnt
|faint|p2a: Weavile
|
|-weather|none
|upkeep
|
|t:|1660181368
|switch|p2a: Metagross|Metagross|3/100
|-heal|p2a: Metagross|100/100|[from] move: Healing Wish
|turn|14
|
|t:|1660181372
|move|p1a: Zard|Flamethrower|p2a: Metagross
|-supereffective|p2a: Metagross
|-damage|p2a: Metagross|0 fnt
|faint|p2a: Metagross
|
|win|Apex∯Levi∯UM∯
|n|☆Apex∯Levi∯UM∯|apexlevium
|n|☆Wheezer|wheezer
|n| Sleo2123|sleo2123
|n| htcl (>◡<)|htcl
|l| htcl (>◡<)
|c|☆Wheezer|im so bad gg
|l|☆Wheezer
|l| Sleo2123
