|j|☆noudle soop
|j|☆FutureSightAI
|t:|1632641702
|gametype|singles
|player|p1|noudle soop|sailor|
|player|p2|FutureSightAI|unknown|
|teamsize|p1|6
|teamsize|p2|6
|gen|8
|tier|[Gen 8] OU
|rule|Sleep Clause Mod: Limit one foe put to sleep
|rule|Species Clause: Limit one of each Pokémon
|rule|OHKO Clause: OHKO moves are banned
|rule|Evasion Moves Clause: Evasion moves are banned
|rule|Endless Battle Clause: Forcing endless battles is banned
|rule|HP Percentage Mod: HP is shown in percentages
|rule|Dynamax Clause: You cannot dynamax
|clearpoke
|poke|p1|Rhyperior, M|
|poke|p1|Heatran, M|
|poke|p1|Rillaboom, F|
|poke|p1|Tapu Fini|
|poke|p1|Melmetal|
|poke|p1|Landorus-Therian, M|
|poke|p2|Kyurem|
|poke|p2|Magnezone|
|poke|p2|Urshifu-*, F|
|poke|p2|Amoonguss, F|
|poke|p2|Heatran, M|
|poke|p2|Tapu Koko|
|teampreview
|inactive|Battle timer is ON: inactive players will automatically lose when time's up. (requested by noudle soop)
|inactive|FutureSightAI also wants the timer to be on.
|j|+Raj.Shoot
|
|t:|1632641717
|start
|switch|p1a: Tapu Fini|Tapu Fini|100/100
|switch|p2a: Kyurem|Kyurem|100/100
|-fieldstart|move: Misty Terrain|[from] ability: Misty Surge|[of] p1a: Tapu Fini
|-ability|p2a: Kyurem|Pressure
|turn|1
|j| NowiRiley
|j| HO to rank 1
|
|t:|1632641736
|switch|p1a: Melmetal|Melmetal|100/100
|switch|p2a: Tapu Koko|Tapu Koko|100/100
|-fieldstart|move: Electric Terrain|[from] ability: Electric Surge|[of] p2a: Tapu Koko
|
|upkeep
|turn|2
|j| flamehazeslayer
|
|t:|1632641748
|switch|p2a: Heatran|Heatran, M|100/100
|move|p1a: Melmetal|Double Iron Bash|p2a: Heatran
|-resisted|p2a: Heatran
|-damage|p2a: Heatran|91/100
|-resisted|p2a: Heatran
|-damage|p2a: Heatran|80/100
|-hitcount|p2a: Heatran|2
|
|-heal|p2a: Heatran|87/100|[from] item: Leftovers
|upkeep
|turn|3
|l| HO to rank 1
|j| SerperiorGMaxWhen
|
|t:|1632641766
|switch|p2a: Kyurem|Kyurem|100/100
|-ability|p2a: Kyurem|Pressure
|switch|p1a: Landorus|Landorus-Therian, M|100/100
|-ability|p1a: Landorus|Intimidate|boost
|-unboost|p2a: Kyurem|atk|1
|
|upkeep
|turn|4
|j| Keizer1rex
|
|t:|1632641782
|move|p1a: Landorus|U-turn|p2a: Kyurem
|-damage|p2a: Kyurem|76/100
|c| Keizer1rex|This seems like it’ll be interesting
|
|t:|1632641788
|switch|p1a: Melmetal|Melmetal|100/100|[from]move: U-turn
|move|p2a: Kyurem|Focus Blast|p1a: Melmetal|[miss]
|-miss|p2a: Kyurem|p1a: Melmetal
|
|upkeep
|turn|5
|c|☆noudle soop|sorry, bot
|j| StitChuu
|c|☆noudle soop|good play
|l| StitChuu
|
|t:|1632641805
|switch|p2a: Urshifu|Urshifu-Rapid-Strike, F|100/100
|switch|p1a: Tapu Fini|Tapu Fini|100/100
|-fieldstart|move: Misty Terrain|[from] ability: Misty Surge|[of] p1a: Tapu Fini
|
|upkeep
|turn|6
|inactive|FutureSightAI has 270 seconds left.
|
|t:|1632641822
|move|p1a: Tapu Fini|Moonblast|p2a: Urshifu
|-supereffective|p2a: Urshifu
|-damage|p2a: Urshifu|18/100
|move|p2a: Urshifu|Surging Strikes|p1a: Tapu Fini
|-resisted|p1a: Tapu Fini
|-crit|p1a: Tapu Fini
|-damage|p1a: Tapu Fini|86/100
|-resisted|p1a: Tapu Fini
|-crit|p1a: Tapu Fini
|-damage|p1a: Tapu Fini|71/100
|-resisted|p1a: Tapu Fini
|-crit|p1a: Tapu Fini
|-damage|p1a: Tapu Fini|59/100
|-hitcount|p1a: Tapu Fini|3
|
|upkeep
|turn|7
|inactive|FutureSightAI has 270 seconds left.
|
|t:|1632641835
|switch|p1a: Heatran|Heatran, M, shiny|100/100
|move|p2a: Urshifu|Surging Strikes|p1a: Heatran
|-supereffective|p1a: Heatran
|-crit|p1a: Heatran
|-damage|p1a: Heatran|42/100
|-supereffective|p1a: Heatran
|-crit|p1a: Heatran
|-damage|p1a: Heatran|0 fnt
|faint|p1a: Heatran
|-hitcount|p1: Heatran|2
|
|upkeep
|j| Bacon Weave Entre
|c|☆noudle soop|lmao
|j| Cobberton
|c|☆noudle soop|this thing sucks
|
|t:|1632641847
|switch|p1a: Rillaboom|Rillaboom, F|100/100
|-fieldstart|move: Grassy Terrain|[from] ability: Grassy Surge|[of] p1a: Rillaboom
|turn|8
|
|t:|1632641849
|switch|p2a: Amoonguss|Amoonguss, F|100/100
|move|p1a: Rillaboom|U-turn|p2a: Amoonguss
|-damage|p2a: Amoonguss|69/100
|
|t:|1632641853
|switch|p1a: Melmetal|Melmetal|100/100|[from]move: U-turn
|
|-heal|p2a: Amoonguss|75/100|[from] Grassy Terrain
|-heal|p2a: Amoonguss|81/100|[from] item: Black Sludge
|upkeep
|turn|9
|l| Cobberton
|
|t:|1632641867
|switch|p2a: Urshifu|Urshifu-Rapid-Strike, F|18/100
|move|p1a: Melmetal|Double Iron Bash|p2a: Urshifu
|-resisted|p2a: Urshifu
|-damage|p2a: Urshifu|0 fnt
|faint|p2a: Urshifu
|-hitcount|p2: Urshifu|1
|
|upkeep
|j| Panjandrum Jones
|
|t:|1632641882
|switch|p2a: Heatran|Heatran, M|87/100
|turn|10
|c| Keizer1rex|Ya know something tells
|
|t:|1632641898
|switch|p1a: Rhyperior|Rhyperior, M|100/100
|move|p2a: Heatran|Magma Storm|p1a: Rhyperior
|-resisted|p1a: Rhyperior
|-damage|p1a: Rhyperior|63/100
|-activate|p1a: Rhyperior|move: Magma Storm|[of] p2a: Heatran
|
|-heal|p2a: Heatran|93/100|[from] Grassy Terrain
|-heal|p2a: Heatran|99/100|[from] item: Leftovers
|-heal|p1a: Rhyperior|69/100|[from] Grassy Terrain
|-heal|p1a: Rhyperior|75/100|[from] item: Leftovers
|-damage|p1a: Rhyperior|62/100|[from] move: Magma Storm|[partiallytrapped]
|upkeep
|turn|11
|c| Keizer1rex|In the future this thing will be a menace
|
|t:|1632641903
|move|p2a: Heatran|Flash Cannon|p1a: Rhyperior
|-supereffective|p1a: Rhyperior
|-damage|p1a: Rhyperior|0 fnt
|faint|p1a: Rhyperior
|
|-heal|p2a: Heatran|100/100|[from] Grassy Terrain
|upkeep
|
|t:|1632641910
|switch|p1a: Tapu Fini|Tapu Fini|59/100
|-fieldstart|move: Misty Terrain|[from] ability: Misty Surge|[of] p1a: Tapu Fini
|turn|12
|
|t:|1632641920
|move|p1a: Tapu Fini|Trick|p2a: Heatran
|-activate|p1a: Tapu Fini|move: Trick|[of] p2a: Heatran
|-item|p2a: Heatran|Choice Scarf|[from] move: Trick
|-item|p1a: Tapu Fini|Leftovers|[from] move: Trick
|move|p2a: Heatran|Magma Storm|p1a: Tapu Fini
|-resisted|p1a: Tapu Fini
|-damage|p1a: Tapu Fini|35/100
|-activate|p1a: Tapu Fini|move: Magma Storm|[of] p2a: Heatran
|
|-heal|p1a: Tapu Fini|41/100|[from] item: Leftovers
|-damage|p1a: Tapu Fini|28/100|[from] move: Magma Storm|[partiallytrapped]
|upkeep
|turn|13
|c|☆noudle soop|jfc
|
|t:|1632641928
|move|p2a: Heatran|Magma Storm|p1a: Tapu Fini
|-resisted|p1a: Tapu Fini
|-damage|p1a: Tapu Fini|5/100
|move|p1a: Tapu Fini|Surf|p2a: Heatran
|-supereffective|p2a: Heatran
|-damage|p2a: Heatran|50/100
|
|-heal|p1a: Tapu Fini|11/100|[from] item: Leftovers
|-damage|p1a: Tapu Fini|0 fnt|[from] move: Magma Storm|[partiallytrapped]
|faint|p1a: Tapu Fini
|upkeep
|
|t:|1632641932
|switch|p1a: Landorus|Landorus-Therian, M|100/100
|-ability|p1a: Landorus|Intimidate|boost
|-unboost|p2a: Heatran|atk|1
|turn|14
|
|t:|1632641938
|switch|p2a: Kyurem|Kyurem|76/100
|-ability|p2a: Kyurem|Pressure
|move|p1a: Landorus|Earthquake|p2a: Kyurem
|-damage|p2a: Kyurem|27/100
|
|upkeep
|turn|15
|
|t:|1632641946
|switch|p2a: Amoonguss|Amoonguss, F|100/100
|move|p1a: Landorus|Earthquake|p2a: Amoonguss
|-crit|p2a: Amoonguss
|-damage|p2a: Amoonguss|32/100
|
|-heal|p2a: Amoonguss|38/100|[from] item: Black Sludge
|upkeep
|turn|16
|
|t:|1632641951
|switch|p2a: Magnezone|Magnezone|100/100
|move|p1a: Landorus|Earthquake|p2a: Magnezone
|-supereffective|p2a: Magnezone
|-ability|p2a: Magnezone|Sturdy
|-damage|p2a: Magnezone|1/100
|
|-heal|p2a: Magnezone|7/100|[from] item: Leftovers
|-fieldend|Misty Terrain
|upkeep
|turn|17
|
|t:|1632641955
|move|p1a: Landorus|Earthquake|p2a: Magnezone
|-supereffective|p2a: Magnezone
|-damage|p2a: Magnezone|0 fnt
|faint|p2a: Magnezone
|
|upkeep
|
|t:|1632641961
|switch|p2a: Amoonguss|Amoonguss, F|71/100
|turn|18
|
|t:|1632641965
|switch|p1a: Rillaboom|Rillaboom, F|100/100
|-fieldstart|move: Grassy Terrain|[from] ability: Grassy Surge|[of] p1a: Rillaboom
|switch|p2a: Tapu Koko|Tapu Koko|100/100
|-fieldstart|move: Electric Terrain|[from] ability: Electric Surge|[of] p2a: Tapu Koko
|
|upkeep
|turn|19
|
|t:|1632641970
|move|p2a: Tapu Koko|Dazzling Gleam|p1a: Rillaboom
|-damage|p1a: Rillaboom|59/100
|move|p1a: Rillaboom|U-turn|p2a: Tapu Koko
|-resisted|p2a: Tapu Koko
|-damage|p2a: Tapu Koko|72/100
|
|t:|1632641972
|switch|p1a: Landorus|Landorus-Therian, M|100/100|[from]move: U-turn
|-ability|p1a: Landorus|Intimidate|boost
|-unboost|p2a: Tapu Koko|atk|1
|
|upkeep
|turn|20
|
|t:|1632641978
|move|p1a: Landorus|Earthquake|p2a: Tapu Koko
|-supereffective|p2a: Tapu Koko
|-damage|p2a: Tapu Koko|0 fnt
|faint|p2a: Tapu Koko
|
|upkeep
|
|t:|1632641980
|switch|p2a: Amoonguss|Amoonguss, F|100/100
|turn|21
|
|t:|1632641983
|move|p1a: Landorus|Earthquake|p2a: Amoonguss
|-damage|p2a: Amoonguss|60/100
|move|p2a: Amoonguss|Giga Drain|p1a: Landorus
|-damage|p1a: Landorus|73/100
|-heal|p2a: Amoonguss|70/100|[from] drain|[of] p1a: Landorus
|
|-heal|p2a: Amoonguss|76/100|[from] item: Black Sludge
|upkeep
|turn|22
|
|t:|1632641986
|switch|p1a: Melmetal|Melmetal|100/100
|move|p2a: Amoonguss|Giga Drain|p1a: Melmetal
|-resisted|p1a: Melmetal
|-damage|p1a: Melmetal|93/100
|-heal|p2a: Amoonguss|81/100|[from] drain|[of] p1a: Melmetal
|
|-heal|p2a: Amoonguss|87/100|[from] item: Black Sludge
|-fieldend|move: Electric Terrain
|upkeep
|turn|23
|
|t:|1632641993
|switch|p2a: Heatran|Heatran, M|50/100
|move|p1a: Melmetal|Double Iron Bash|p2a: Heatran
|-resisted|p2a: Heatran
|-damage|p2a: Heatran|39/100
|-resisted|p2a: Heatran
|-damage|p2a: Heatran|28/100
|-hitcount|p2a: Heatran|2
|
|upkeep
|turn|24
|j| JonahRamone
|
|t:|1632641999
|move|p2a: Heatran|Magma Storm|p1a: Melmetal
|-supereffective|p1a: Melmetal
|-damage|p1a: Melmetal|16/100
|-activate|p1a: Melmetal|move: Magma Storm|[of] p2a: Heatran
|move|p1a: Melmetal|Thunder Punch|p2a: Heatran
|-damage|p2a: Heatran|0 fnt
|faint|p2a: Heatran
|
|-end|p1a: Melmetal|Magma Storm|[partiallytrapped]|[silent]
|upkeep
|
|t:|1632642000
|switch|p2a: Kyurem|Kyurem|27/100
|-ability|p2a: Kyurem|Pressure
|turn|25
|j| Darkraydylan
|
|t:|1632642005
|switch|p1a: Rillaboom|Rillaboom, F|59/100
|-fieldstart|move: Grassy Terrain|[from] ability: Grassy Surge|[of] p1a: Rillaboom
|move|p2a: Kyurem|Ice Beam|p1a: Rillaboom
|-supereffective|p1a: Rillaboom
|-damage|p1a: Rillaboom|0 fnt
|faint|p1a: Rillaboom
|
|-heal|p2a: Kyurem|33/100|[from] Grassy Terrain
|upkeep
|
|t:|1632642006
|switch|p1a: Landorus|Landorus-Therian, M|73/100
|-ability|p1a: Landorus|Intimidate|boost
|-unboost|p2a: Kyurem|atk|1
|turn|26
|
|t:|1632642009
|move|p1a: Landorus|Earthquake|p2a: Kyurem
|-damage|p2a: Kyurem|6/100
|move|p2a: Kyurem|Ice Beam|p1a: Landorus
|-supereffective|p1a: Landorus
|-damage|p1a: Landorus|0 fnt
|faint|p1a: Landorus
|
|-heal|p2a: Kyurem|13/100|[from] Grassy Terrain
|upkeep
|
|t:|1632642012
|switch|p1a: Melmetal|Melmetal|16/100
|turn|27
|
|t:|1632642015
|move|p2a: Kyurem|Ice Beam|p1a: Melmetal
|-resisted|p1a: Melmetal
|-damage|p1a: Melmetal|0 fnt
|faint|p1a: Melmetal
|
|win|FutureSightAI
|c|☆FutureSightAI|gg
|c|☆FutureSightAI|!showteam
|c| FutureSightAI|/raw <div class="infobox"><details><summary>View team</summary>Kyurem @ Choice Specs  <br />Ability: Pressure  <br />EVs: 56 Atk &#x2f; 44 Def &#x2f; 172 SpA &#x2f; 236 Spe  <br />Calm Nature  <br />- Freeze-Dry  <br />- Earth Power  <br />- Ice Beam  <br />- Focus Blast  <br /><br />Magnezone @ Leftovers  <br />Ability: Sturdy  <br />EVs: 176 Def &#x2f; 236 SpA &#x2f; 96 Spe  <br />Bold Nature  <br />- Thunderbolt  <br />- Flash Cannon  <br />- Volt Switch  <br />- Body Press  <br /><br />Urshifu (Urshifu-Rapid-Strike) (F) @ Choice Band  <br />Ability: Unseen Fist  <br />EVs: 252 Atk &#x2f; 124 SpD &#x2f; 132 Spe  <br />Jolly Nature  <br />- Surging Strikes  <br />- Close Combat  <br />- Aqua Jet  <br />- U-turn  <br /><br />Amoonguss (F) @ Black Sludge  <br />Ability: Regenerator  <br />EVs: 252 HP &#x2f; 168 Def &#x2f; 88 SpD  <br />Bold Nature  <br />- Spore  <br />- Giga Drain  <br />- Sludge Bomb  <br />- Toxic  <br /><br />Heatran (M) @ Leftovers  <br />Ability: Flash Fire  <br />EVs: 124 HP &#x2f; 252 SpA &#x2f; 124 SpD &#x2f; 8 Spe  <br />Modest Nature  <br />- Earth Power  <br />- Magma Storm  <br />- Flash Cannon  <br />- Taunt  <br /><br />Tapu Koko @ Heavy-Duty Boots  <br />Ability: Electric Surge  <br />EVs: 252 SpA &#x2f; 4 SpD &#x2f; 252 Spe  <br />Timid Nature  <br />- Dazzling Gleam  <br />- Thunderbolt  <br />- Volt Switch  <br />- Grass Knot  <br /><br /></details></div>
|l|☆FutureSightAI
|l|☆noudle soop
|l| Darkraydylan
