|j|☆bramitoboy
|j|☆Steez Ibanez
|t:|1647735118
|gametype|singles
|player|p1|bramitoboy|101|1753
|player|p2|Steez Ibanez|blue-gen7|1841
|teamsize|p1|6
|teamsize|p2|6
|gen|8
|tier|[Gen 8] OU
|rated|
|rule|Sleep Clause Mod: Limit one foe put to sleep
|rule|Species Clause: Limit one of each Pokémon
|rule|OHKO Clause: OHKO moves are banned
|rule|Evasion Moves Clause: Evasion moves are banned
|rule|Endless Battle Clause: Forcing endless battles is banned
|rule|HP Percentage Mod: HP is shown in percentages
|rule|Dynamax Clause: You cannot dynamax
|clearpoke
|poke|p1|Zarude-Dada|
|poke|p1|Keldeo-Resolute|
|poke|p1|Tapu Lele|
|poke|p1|Tapu Koko|
|poke|p1|Heatran, M|
|poke|p1|Landorus-Therian, M|
|poke|p2|Heatran, M|
|poke|p2|Zapdos|
|poke|p2|Garchomp, M|
|poke|p2|Ferrothorn, M|
|poke|p2|Tapu Fini|
|poke|p2|Tyranitar, M|
|teampreview
|
|t:|1647735126
|start
|switch|p1a: Tapu Lele|Tapu Lele|100/100
|switch|p2a: Watcher|Tapu Fini|100/100
|-fieldstart|move: Psychic Terrain|[from] ability: Psychic Surge|[of] p1a: Tapu Lele
|-fieldstart|move: Misty Terrain|[from] ability: Misty Surge|[of] p2a: Watcher
|turn|1
|j| customthethings
|
|t:|1647735133
|switch|p2a: Shukaku|Tyranitar, M|100/100
|-weather|Sandstorm|[from] ability: Sand Stream|[of] p2a: Shukaku
|move|p1a: Tapu Lele|Thunderbolt|p2a: Shukaku
|-damage|p2a: Shukaku|76/100
|
|-weather|Sandstorm|[upkeep]
|-damage|p1a: Tapu Lele|94/100|[from] Sandstorm
|upkeep
|turn|2
|
|t:|1647735136
|move|p1a: Tapu Lele|Focus Blast|p2a: Shukaku
|-supereffective|p2a: Shukaku
|-damage|p2a: Shukaku|0 fnt
|faint|p2a: Shukaku
|
|-weather|Sandstorm|[upkeep]
|-damage|p1a: Tapu Lele|88/100|[from] Sandstorm
|upkeep
|
|t:|1647735140
|switch|p2a: Samehada|Garchomp, M|100/100
|turn|3
|
|t:|1647735149
|switch|p1a: Landorus|Landorus-Therian, M|100/100
|-ability|p1a: Landorus|Intimidate|boost
|-unboost|p2a: Samehada|atk|1
|move|p2a: Samehada|Earthquake|p1a: Landorus
|-immune|p1a: Landorus
|
|-weather|Sandstorm|[upkeep]
|upkeep
|turn|4
|
|t:|1647735157
|switch|p1a: Heatran|Heatran, M|100/100
|-item|p1a: Heatran|Air Balloon
|move|p2a: Samehada|Swords Dance|p2a: Samehada
|-boost|p2a: Samehada|atk|2
|
|-weather|Sandstorm|[upkeep]
|upkeep
|turn|5
|
|t:|1647735165
|switch|p1a: Tapu Lele|Tapu Lele|88/100
|-fieldstart|move: Psychic Terrain|[from] ability: Psychic Surge|[of] p1a: Tapu Lele
|move|p2a: Samehada|Earthquake|p1a: Tapu Lele
|-damage|p1a: Tapu Lele|0 fnt
|faint|p1a: Tapu Lele
|
|-weather|none
|upkeep
|
|t:|1647735185
|switch|p1a: Zarude|Zarude-Dada|100/100
|turn|6
|
|t:|1647735191
|move|p1a: Zarude|Power Whip|p2a: Samehada
|-damage|p2a: Samehada|29/100
|-damage|p1a: Zarude|88/100|[from] ability: Rough Skin|[of] p2a: Samehada
|-damage|p1a: Zarude|78/100|[from] item: Life Orb
|move|p2a: Samehada|Fire Fang|p1a: Zarude
|-supereffective|p1a: Zarude
|-damage|p1a: Zarude|11/100
|
|-heal|p2a: Samehada|35/100|[from] item: Leftovers
|upkeep
|turn|7
|
|t:|1647735202
|move|p1a: Zarude|Darkest Lariat|p2a: Samehada
|-damage|p2a: Samehada|0 fnt
|-damage|p1a: Zarude|0 fnt|[from] ability: Rough Skin|[of] p2a: Samehada
|faint|p2a: Samehada
|faint|p1a: Zarude
|
|upkeep
|j| juicelol
|
|t:|1647735211
|switch|p1a: Tapu Koko|Tapu Koko|100/100
|switch|p2a: Hephaestus|Heatran, M|100/100
|-fieldstart|move: Electric Terrain|[from] ability: Electric Surge|[of] p1a: Tapu Koko
|-item|p2a: Hephaestus|Air Balloon
|turn|8
|
|t:|1647735217
|switch|p2a: Abomination|Ferrothorn, M|100/100
|move|p1a: Tapu Koko|Volt Switch|p2a: Abomination
|-resisted|p2a: Abomination
|-damage|p2a: Abomination|81/100
|
|t:|1647735221
|switch|p1a: Heatran|Heatran, M|100/100|[from]move: Volt Switch
|-item|p1a: Heatran|Air Balloon
|
|upkeep
|turn|9
|
|t:|1647735225
|switch|p1a: Tapu Koko|Tapu Koko|100/100
|move|p2a: Abomination|Knock Off|p1a: Tapu Koko
|-resisted|p1a: Tapu Koko
|-damage|p1a: Tapu Koko|85/100
|-enditem|p1a: Tapu Koko|Choice Scarf|[from] move: Knock Off|[of] p2a: Abomination
|
|upkeep
|turn|10
|
|t:|1647735229
|move|p1a: Tapu Koko|Volt Switch|p2a: Abomination
|-resisted|p2a: Abomination
|-damage|p2a: Abomination|64/100
|
|t:|1647735233
|switch|p1a: Heatran|Heatran, M|100/100|[from]move: Volt Switch
|-item|p1a: Heatran|Air Balloon
|move|p2a: Abomination|Leech Seed|p1a: Heatran
|-start|p1a: Heatran|move: Leech Seed
|
|-damage|p1a: Heatran|88/100|[from] Leech Seed|[of] p2a: Abomination
|-heal|p2a: Abomination|78/100|[silent]
|upkeep
|turn|11
|
|t:|1647735238
|switch|p1a: Landorus|Landorus-Therian, M|100/100
|-ability|p1a: Landorus|Intimidate|boost
|-unboost|p2a: Abomination|atk|1
|move|p2a: Abomination|Knock Off|p1a: Landorus
|-damage|p1a: Landorus|90/100
|-damage|p2a: Abomination|61/100|[from] item: Rocky Helmet|[of] p1a: Landorus
|-enditem|p1a: Landorus|Rocky Helmet|[from] move: Knock Off|[of] p2a: Abomination
|
|upkeep
|turn|12
|
|t:|1647735243
|move|p1a: Landorus|Swords Dance|p1a: Landorus
|-boost|p1a: Landorus|atk|2
|move|p2a: Abomination|Leech Seed|p1a: Landorus
|-start|p1a: Landorus|move: Leech Seed
|
|-damage|p1a: Landorus|77/100|[from] Leech Seed|[of] p2a: Abomination
|-heal|p2a: Abomination|75/100|[silent]
|-fieldend|move: Electric Terrain
|upkeep
|turn|13
|
|t:|1647735247
|move|p1a: Landorus|Earthquake|p2a: Abomination
|-damage|p2a: Abomination|19/100
|move|p2a: Abomination|Spikes|p1a: Landorus
|-sidestart|p1: bramitoboy|Spikes
|
|-damage|p1a: Landorus|65/100|[from] Leech Seed|[of] p2a: Abomination
|-heal|p2a: Abomination|33/100|[silent]
|upkeep
|turn|14
|
|t:|1647735253
|move|p1a: Landorus|Knock Off|p2a: Abomination
|-crit|p2a: Abomination
|-damage|p2a: Abomination|0 fnt
|-damage|p1a: Landorus|53/100|[from] ability: Iron Barbs|[of] p2a: Abomination
|-damage|p1a: Landorus|36/100|[from] item: Rocky Helmet|[of] p2a: Abomination
|-enditem|p2a: Abomination|Rocky Helmet|[from] move: Knock Off|[of] p1a: Landorus
|faint|p2a: Abomination
|
|upkeep
|
|t:|1647735256
|switch|p2a: Hephaestus|Heatran, M|100/100
|-item|p2a: Hephaestus|Air Balloon
|turn|15
|
|t:|1647735262
|move|p2a: Hephaestus|Eruption|p1a: Landorus
|-damage|p1a: Landorus|0 fnt
|faint|p1a: Landorus
|
|upkeep
|
|t:|1647735267
|switch|p1a: Tapu Koko|Tapu Koko|85/100
|-damage|p1a: Tapu Koko|72/100|[from] Spikes
|-fieldstart|move: Electric Terrain|[from] ability: Electric Surge|[of] p1a: Tapu Koko
|turn|16
|
|t:|1647735272
|move|p1a: Tapu Koko|Volt Switch|p2a: Hephaestus
|-damage|p2a: Hephaestus|60/100
|-enditem|p2a: Hephaestus|Air Balloon
|
|t:|1647735275
|switch|p1a: Keldeo|Keldeo-Resolute|100/100|[from]move: Volt Switch
|-damage|p1a: Keldeo|88/100|[from] Spikes
|move|p2a: Hephaestus|Stealth Rock|p1a: Keldeo
|-sidestart|p1: bramitoboy|move: Stealth Rock
|
|-heal|p1a: Keldeo|94/100|[from] item: Leftovers
|upkeep
|turn|17
|
|t:|1647735282
|switch|p1a: Tapu Koko|Tapu Koko|72/100
|-damage|p1a: Tapu Koko|60/100|[from] Stealth Rock
|-damage|p1a: Tapu Koko|48/100|[from] Spikes
|switch|p2a: Watcher|Tapu Fini|100/100
|-fieldstart|move: Misty Terrain|[from] ability: Misty Surge|[of] p2a: Watcher
|
|upkeep
|turn|18
|
|t:|1647735287
|switch|p2a: Bolt|Zapdos|100/100
|move|p1a: Tapu Koko|Thunderbolt|p2a: Bolt
|-damage|p2a: Bolt|63/100
|
|upkeep
|turn|19
|
|t:|1647735291
|move|p1a: Tapu Koko|Thunderbolt|p2a: Bolt
|-damage|p2a: Bolt|22/100
|move|p2a: Bolt|Roost|p2a: Bolt
|-heal|p2a: Bolt|72/100
|-singleturn|p2a: Bolt|move: Roost
|
|upkeep
|turn|20
|
|t:|1647735295
|move|p1a: Tapu Koko|Toxic|p2a: Bolt
|-status|p2a: Bolt|tox
|move|p2a: Bolt|Roost|p2a: Bolt
|-heal|p2a: Bolt|100/100 tox
|-singleturn|p2a: Bolt|move: Roost
|
|-damage|p2a: Bolt|94/100 tox|[from] psn
|upkeep
|turn|21
|l| customthethings
|
|t:|1647735300
|move|p1a: Tapu Koko|Thunderbolt|p2a: Bolt
|-damage|p2a: Bolt|51/100 tox
|move|p2a: Bolt|Discharge|p1a: Tapu Koko
|-resisted|p1a: Tapu Koko
|-damage|p1a: Tapu Koko|20/100
|
|-damage|p2a: Bolt|39/100 tox|[from] psn
|-fieldend|Misty Terrain
|upkeep
|turn|22
|
|t:|1647735306
|move|p1a: Tapu Koko|Thunderbolt|p2a: Bolt
|-damage|p2a: Bolt|0 fnt
|faint|p2a: Bolt
|
|upkeep
|
|t:|1647735309
|switch|p2a: Hephaestus|Heatran, M|60/100
|turn|23
|
|t:|1647735313
|move|p1a: Tapu Koko|Thunderbolt|p2a: Hephaestus
|-damage|p2a: Hephaestus|21/100
|move|p2a: Hephaestus|Earth Power|p1a: Tapu Koko
|-supereffective|p1a: Tapu Koko
|-damage|p1a: Tapu Koko|0 fnt
|faint|p1a: Tapu Koko
|
|upkeep
|
|t:|1647735319
|switch|p1a: Keldeo|Keldeo-Resolute|94/100
|-damage|p1a: Keldeo|88/100|[from] Stealth Rock
|-damage|p1a: Keldeo|76/100|[from] Spikes
|turn|24
|
|t:|1647735321
|switch|p2a: Watcher|Tapu Fini|100/100
|-fieldstart|move: Misty Terrain|[from] ability: Misty Surge|[of] p2a: Watcher
|move|p1a: Keldeo|Calm Mind|p1a: Keldeo
|-boost|p1a: Keldeo|spa|1
|-boost|p1a: Keldeo|spd|1
|
|-heal|p1a: Keldeo|82/100|[from] item: Leftovers
|upkeep
|turn|25
|
|t:|1647735324
|move|p1a: Keldeo|Calm Mind|p1a: Keldeo
|-boost|p1a: Keldeo|spa|1
|-boost|p1a: Keldeo|spd|1
|move|p2a: Watcher|Calm Mind|p2a: Watcher
|-boost|p2a: Watcher|spa|1
|-boost|p2a: Watcher|spd|1
|
|-heal|p1a: Keldeo|88/100|[from] item: Leftovers
|upkeep
|turn|26
|
|t:|1647735327
|move|p1a: Keldeo|Calm Mind|p1a: Keldeo
|-boost|p1a: Keldeo|spa|1
|-boost|p1a: Keldeo|spd|1
|move|p2a: Watcher|Taunt|p1a: Keldeo
|-start|p1a: Keldeo|move: Taunt
|
|-heal|p1a: Keldeo|94/100|[from] item: Leftovers
|upkeep
|turn|27
|
|t:|1647735331
|move|p1a: Keldeo|Secret Sword|p2a: Watcher
|-resisted|p2a: Watcher
|-damage|p2a: Watcher|65/100
|move|p2a: Watcher|Calm Mind|p2a: Watcher
|-boost|p2a: Watcher|spa|1
|-boost|p2a: Watcher|spd|1
|
|-heal|p1a: Keldeo|100/100|[from] item: Leftovers
|-heal|p2a: Watcher|71/100|[from] item: Leftovers
|upkeep
|turn|28
|j| shosnooper
|
|t:|1647735336
|move|p1a: Keldeo|Secret Sword|p2a: Watcher
|-resisted|p2a: Watcher
|-crit|p2a: Watcher
|-damage|p2a: Watcher|18/100
|move|p2a: Watcher|Draining Kiss|p1a: Keldeo
|-supereffective|p1a: Keldeo
|-damage|p1a: Keldeo|68/100
|-heal|p2a: Watcher|41/100|[from] drain|[of] p1a: Keldeo
|
|-heal|p1a: Keldeo|75/100|[from] item: Leftovers
|-heal|p2a: Watcher|47/100|[from] item: Leftovers
|-fieldend|Misty Terrain
|upkeep
|turn|29
|
|t:|1647735339
|move|p1a: Keldeo|Secret Sword|p2a: Watcher
|-resisted|p2a: Watcher
|-damage|p2a: Watcher|8/100
|move|p2a: Watcher|Draining Kiss|p1a: Keldeo
|-supereffective|p1a: Keldeo
|-damage|p1a: Keldeo|46/100
|-heal|p2a: Watcher|28/100|[from] drain|[of] p1a: Keldeo
|
|-heal|p1a: Keldeo|52/100|[from] item: Leftovers
|-heal|p2a: Watcher|34/100|[from] item: Leftovers
|-end|p1a: Keldeo|move: Taunt
|upkeep
|turn|30
|
|t:|1647735342
|move|p1a: Keldeo|Secret Sword|p2a: Watcher
|-resisted|p2a: Watcher
|-damage|p2a: Watcher|0 fnt
|faint|p2a: Watcher
|
|-heal|p1a: Keldeo|59/100|[from] item: Leftovers
|upkeep
|c|☆Steez Ibanez|Lol
|c|☆bramitoboy|loll
|c|☆bramitoboy|ihih
|c|☆bramitoboy|gg steez <3
|-message|Steez Ibanez forfeited.
|
|win|bramitoboy
|raw|bramitoboy's rating: 1753 &rarr; <strong>1778</strong><br />(+25 for winning)
|raw|Steez Ibanez's rating: 1841 &rarr; <strong>1816</strong><br />(-25 for losing)
|l|☆Steez Ibanez
|l| juicelol
||Ladder isn't responding, score probably updated but might not have (Request timeout).
