|j|☆Mutako Z
|j|☆Turbochunk
|t:|1663976269
|gametype|singles
|player|p1|Mutako Z|cynthia-gen4|1451
|player|p2|Turbochunk|brycen|1437
|teamsize|p1|6
|teamsize|p2|6
|gen|8
|tier|[Gen 8] OU
|rated|
|rule|Sleep Clause Mod: Limit one foe put to sleep
|rule|Species Clause: Limit one of each Pokémon
|rule|OHKO Clause: OHKO moves are banned
|rule|Evasion Items Clause: Evasion items are banned
|rule|Evasion Moves Clause: Evasion moves are banned
|rule|Endless Battle Clause: Forcing endless battles is banned
|rule|HP Percentage Mod: HP is shown in percentages
|rule|Dynamax Clause: You cannot dynamax
|clearpoke
|poke|p1|Hippowdon, M|
|poke|p1|Tyranitar, F|
|poke|p1|Excadrill, M|
|poke|p1|Dracozolt|
|poke|p1|Zapdos|
|poke|p1|Slowbro, M|
|poke|p2|Tyranitar, F|
|poke|p2|Excadrill, F|
|poke|p2|Melmetal|
|poke|p2|Rillaboom, M|
|poke|p2|Tapu Lele|
|poke|p2|Dragonite, M|
|teampreview
|
|t:|1663976280
|start
|switch|p1a: Excadrill|Excadrill, M|100/100
|switch|p2a: Tapu Lele|Tapu Lele|100/100
|-fieldstart|move: Psychic Terrain|[from] ability: Psychic Surge|[of] p2a: Tapu Lele
|turn|1
|
|t:|1663976290
|switch|p1a: Zapdos|Zapdos|100/100
|move|p2a: Tapu Lele|Focus Blast|p1a: Zapdos
|-resisted|p1a: Zapdos
|-damage|p1a: Zapdos|79/100
|
|upkeep
|turn|2
|
|t:|1663976300
|switch|p2a: Tyranitar|Tyranitar, F|100/100
|-weather|Sandstorm|[from] ability: Sand Stream|[of] p2a: Tyranitar
|move|p1a: Zapdos|Volt Switch|p2a: Tyranitar
|-damage|p2a: Tyranitar|83/100
|
|t:|1663976310
|switch|p1a: Excadrill|Excadrill, M|100/100|[from]move: Volt Switch
|
|-weather|Sandstorm|[upkeep]
|upkeep
|turn|3
|
|t:|1663976323
|switch|p2a: Melmetal|Melmetal|100/100
|move|p1a: Excadrill|Iron Head|p2a: Melmetal
|-resisted|p2a: Melmetal
|-damage|p2a: Melmetal|87/100
|-damage|p1a: Excadrill|91/100|[from] item: Life Orb
|
|-weather|Sandstorm|[upkeep]
|upkeep
|turn|4
|
|t:|1663976333
|switch|p2a: Rillaboom|Rillaboom, M|100/100
|-fieldstart|move: Grassy Terrain|[from] ability: Grassy Surge|[of] p2a: Rillaboom
|move|p1a: Excadrill|Earthquake|p2a: Rillaboom
|-resisted|p2a: Rillaboom
|-damage|p2a: Rillaboom|81/100
|-damage|p1a: Excadrill|81/100|[from] item: Life Orb
|
|-weather|Sandstorm|[upkeep]
|-damage|p2a: Rillaboom|74/100|[from] Sandstorm
|-heal|p1a: Excadrill|87/100|[from] Grassy Terrain
|-heal|p2a: Rillaboom|81/100|[from] Grassy Terrain
|upkeep
|turn|5
|
|t:|1663976355
|switch|p2a: Excadrill|Excadrill, F|100/100
|move|p1a: Excadrill|Iron Head|p2a: Excadrill
|-resisted|p2a: Excadrill
|-damage|p2a: Excadrill|61/100
|-damage|p1a: Excadrill|77/100|[from] item: Life Orb
|
|-weather|Sandstorm|[upkeep]
|-heal|p1a: Excadrill|83/100|[from] Grassy Terrain
|-heal|p2a: Excadrill|67/100|[from] Grassy Terrain
|upkeep
|turn|6
|
|t:|1663976382
|move|p1a: Excadrill|Earthquake|p2a: Excadrill
|-supereffective|p2a: Excadrill
|-damage|p2a: Excadrill|0 fnt
|faint|p2a: Excadrill
|-damage|p1a: Excadrill|73/100|[from] item: Life Orb
|
|-weather|none
|-heal|p1a: Excadrill|79/100|[from] Grassy Terrain
|upkeep
|
|t:|1663976395
|switch|p2a: Melmetal|Melmetal|87/100
|turn|7
|
|t:|1663976406
|switch|p1a: Slowbro|Slowbro, M|100/100
|move|p2a: Melmetal|Ice Punch|p1a: Slowbro
|-resisted|p1a: Slowbro
|-damage|p1a: Slowbro|88/100
|-damage|p2a: Melmetal|70/100|[from] item: Rocky Helmet|[of] p1a: Slowbro
|
|-heal|p2a: Melmetal|76/100|[from] Grassy Terrain
|-heal|p1a: Slowbro|94/100|[from] Grassy Terrain
|upkeep
|turn|8
|
|t:|1663976419
|move|p2a: Melmetal|Thunder Punch|p1a: Slowbro
|-supereffective|p1a: Slowbro
|-damage|p1a: Slowbro|49/100
|-damage|p2a: Melmetal|60/100|[from] item: Rocky Helmet|[of] p1a: Slowbro
|move|p1a: Slowbro|Future Sight|p2a: Melmetal
|-start|p1a: Slowbro|move: Future Sight
|
|-heal|p2a: Melmetal|66/100|[from] Grassy Terrain
|-heal|p1a: Slowbro|55/100|[from] Grassy Terrain
|-fieldend|move: Grassy Terrain
|upkeep
|turn|9
|
|t:|1663976431
|move|p2a: Melmetal|Double Iron Bash|p1a: Slowbro
|-resisted|p1a: Slowbro
|-damage|p1a: Slowbro|41/100
|-damage|p2a: Melmetal|49/100|[from] item: Rocky Helmet|[of] p1a: Slowbro
|-resisted|p1a: Slowbro
|-damage|p1a: Slowbro|26/100
|-damage|p2a: Melmetal|32/100|[from] item: Rocky Helmet|[of] p1a: Slowbro
|-hitcount|p1a: Slowbro|2
|move|p1a: Slowbro|Fire Blast|p2a: Melmetal
|-supereffective|p2a: Melmetal
|-damage|p2a: Melmetal|0 fnt
|faint|p2a: Melmetal
|
|upkeep
|
|t:|1663976455
|switch|p2a: Tyranitar|Tyranitar, F|83/100
|-weather|Sandstorm|[from] ability: Sand Stream|[of] p2a: Tyranitar
|turn|10
|
|t:|1663976464
|switch|p1a: Hippowdon|Hippowdon, M|100/100
|move|p2a: Tyranitar|Stone Edge|p1a: Hippowdon
|-resisted|p1a: Hippowdon
|-damage|p1a: Hippowdon|82/100
|-damage|p2a: Tyranitar|73/100|[from] item: Life Orb
|
|-weather|Sandstorm|[upkeep]
|-end|p2a: Tyranitar|move: Future Sight
|-immune|p2a: Tyranitar
|upkeep
|turn|11
|
|t:|1663976481
|switch|p2a: Rillaboom|Rillaboom, M|81/100
|-fieldstart|move: Grassy Terrain|[from] ability: Grassy Surge|[of] p2a: Rillaboom
|move|p1a: Hippowdon|Stealth Rock|p2a: Rillaboom
|-sidestart|p2: Turbochunk|move: Stealth Rock
|
|-weather|Sandstorm|[upkeep]
|-damage|p2a: Rillaboom|74/100|[from] Sandstorm
|-heal|p2a: Rillaboom|81/100|[from] Grassy Terrain
|-heal|p1a: Hippowdon|88/100|[from] Grassy Terrain
|upkeep
|turn|12
|
|t:|1663976495
|move|p2a: Rillaboom|Swords Dance|p2a: Rillaboom
|-boost|p2a: Rillaboom|atk|2
|move|p1a: Hippowdon|Toxic|p2a: Rillaboom
|-status|p2a: Rillaboom|tox
|
|-weather|Sandstorm|[upkeep]
|-damage|p2a: Rillaboom|74/100 tox|[from] Sandstorm
|-heal|p2a: Rillaboom|81/100 tox|[from] Grassy Terrain
|-heal|p1a: Hippowdon|94/100|[from] Grassy Terrain
|-damage|p2a: Rillaboom|74/100 tox|[from] psn
|upkeep
|turn|13
|
|t:|1663976507
|move|p2a: Rillaboom|Swords Dance|p2a: Rillaboom
|-boost|p2a: Rillaboom|atk|2
|move|p1a: Hippowdon|Ice Fang|p2a: Rillaboom
|-supereffective|p2a: Rillaboom
|-damage|p2a: Rillaboom|42/100 tox
|
|-weather|Sandstorm|[upkeep]
|-damage|p2a: Rillaboom|35/100 tox|[from] Sandstorm
|-heal|p2a: Rillaboom|42/100 tox|[from] Grassy Terrain
|-heal|p1a: Hippowdon|100/100|[from] Grassy Terrain
|-damage|p2a: Rillaboom|29/100 tox|[from] psn
|upkeep
|turn|14
|
|t:|1663976520
|move|p2a: Rillaboom|Grassy Glide|p1a: Hippowdon
|-supereffective|p1a: Hippowdon
|-damage|p1a: Hippowdon|0 fnt
|faint|p1a: Hippowdon
|-damage|p2a: Rillaboom|19/100 tox|[from] item: Life Orb
|
|-weather|none
|-heal|p2a: Rillaboom|25/100 tox|[from] Grassy Terrain
|-damage|p2a: Rillaboom|7/100 tox|[from] psn
|upkeep
|
|t:|1663976580
|switch|p1a: Zapdos|Zapdos|79/100
|turn|15
|
|t:|1663976593
|switch|p1a: Slowbro|Slowbro, M|59/100
|move|p2a: Rillaboom|Grassy Glide|p1a: Slowbro
|-supereffective|p1a: Slowbro
|-damage|p1a: Slowbro|0 fnt
|-damage|p2a: Rillaboom|0 fnt|[from] item: Rocky Helmet|[of] p1a: Slowbro
|faint|p1a: Slowbro
|faint|p2a: Rillaboom
|
|-fieldend|move: Grassy Terrain
|upkeep
|
|t:|1663976618
|switch|p2a: Tapu Lele|Tapu Lele|100/100
|switch|p1a: Zapdos|Zapdos|79/100
|-damage|p2a: Tapu Lele|88/100|[from] Stealth Rock
|-fieldstart|move: Psychic Terrain|[from] ability: Psychic Surge|[of] p2a: Tapu Lele
|turn|16
|
|t:|1663976627
|move|p2a: Tapu Lele|Moonblast|p1a: Zapdos
|-damage|p1a: Zapdos|35/100
|move|p1a: Zapdos|Volt Switch|p2a: Tapu Lele
|-crit|p2a: Tapu Lele
|-damage|p2a: Tapu Lele|43/100
|
|t:|1663976634
|switch|p1a: Excadrill|Excadrill, M|79/100|[from]move: Volt Switch
|
|upkeep
|turn|17
|
|t:|1663976647
|move|p2a: Tapu Lele|Moonblast|p1a: Excadrill
|-resisted|p1a: Excadrill
|-damage|p1a: Excadrill|44/100
|move|p1a: Excadrill|Iron Head|p2a: Tapu Lele
|-supereffective|p2a: Tapu Lele
|-damage|p2a: Tapu Lele|0 fnt
|faint|p2a: Tapu Lele
|-damage|p1a: Excadrill|34/100|[from] item: Life Orb
|
|upkeep
|
|t:|1663976665
|switch|p2a: Dragonite|Dragonite, M|100/100
|-damage|p2a: Dragonite|76/100|[from] Stealth Rock
|turn|18
|
|t:|1663976676
|move|p1a: Excadrill|Rock Slide|p2a: Dragonite|[miss]
|-miss|p1a: Excadrill|p2a: Dragonite
|move|p2a: Dragonite|Outrage|p1a: Excadrill
|-resisted|p1a: Excadrill
|-damage|p1a: Excadrill|0 fnt
|faint|p1a: Excadrill
|
|upkeep
|
|t:|1663976687
|switch|p1a: Tyranitar|Tyranitar, F|100/100
|-weather|Sandstorm|[from] ability: Sand Stream|[of] p1a: Tyranitar
|turn|19
|
|t:|1663976692
|move|p2a: Dragonite|Outrage|p1a: Tyranitar|[from]lockedmove
|-damage|p1a: Tyranitar|18/100
|-start|p2a: Dragonite|confusion|[fatigue]
|move|p1a: Tyranitar|Ice Punch|p2a: Dragonite
|-supereffective|p2a: Dragonite
|-damage|p2a: Dragonite|0 fnt
|faint|p2a: Dragonite
|
|-weather|Sandstorm|[upkeep]
|upkeep
|
|t:|1663976702
|switch|p2a: Tyranitar|Tyranitar, F|73/100
|-damage|p2a: Tyranitar|61/100|[from] Stealth Rock
|turn|20
|
|t:|1663976710
|move|p1a: Tyranitar|Earthquake|p2a: Tyranitar
|-supereffective|p2a: Tyranitar
|-damage|p2a: Tyranitar|3/100
|move|p2a: Tyranitar|Earthquake|p1a: Tyranitar
|-supereffective|p1a: Tyranitar
|-enditem|p1a: Tyranitar|Shuca Berry|[eat]
|-enditem|p1a: Tyranitar|Shuca Berry|[weaken]
|-damage|p1a: Tyranitar|0 fnt
|faint|p1a: Tyranitar
|-damage|p2a: Tyranitar|0 fnt|[from] item: Life Orb
|faint|p2a: Tyranitar
|
|win|Mutako Z
|raw|Mutako Z's rating: 1451 &rarr; <strong>1470</strong><br />(+19 for winning)
|raw|Turbochunk's rating: 1437 &rarr; <strong>1418</strong><br />(-19 for losing)
|c|☆Turbochunk|Gg
|c|☆Mutako Z|gg
|l|☆Turbochunk
||Ladder isn't responding, score probably updated but might not have (Request timeout).
