|j|☆Tirkys
|j|☆Waking Water
|t:|1606962994
|player|p1|Tirkys|hilda-dueldisk|1463
|player|p2|Waking Water|swimmerf-gen4dp|1423
|teamsize|p1|6
|teamsize|p2|6
|gametype|singles
|gen|8
|tier|[Gen 8] OU
|rated|
|clearpoke
|poke|p1|Volcarona, M|
|poke|p1|Quagsire, M|
|poke|p1|Xatu, M|
|poke|p1|Mienshao, M|
|poke|p1|Bronzong|
|poke|p1|Ninetales-Alola, F|
|poke|p2|Buzzwole|
|poke|p2|Melmetal|
|poke|p2|Blissey, F|
|poke|p2|Clefable, M|
|poke|p2|Skarmory, F|
|poke|p2|Toxapex, M|
|rule|Sleep Clause Mod: Limit one foe put to sleep
|rule|Species Clause: Limit one of each Pokémon
|rule|OHKO Clause: OHKO moves are banned
|rule|Evasion Moves Clause: Evasion moves are banned
|rule|Endless Battle Clause: Forcing endless battles is banned
|rule|HP Percentage Mod: HP is shown in percentages
|rule|Dynamax Clause: You cannot dynamax
|teampreview
|inactive|Battle timer is ON: inactive players will automatically lose when time's up. (requested by Tirkys)
|c|☆Waking Water|Umm wow
|
|t:|1606963016
|start
|switch|p1a: TheWorld|Mienshao, M|100/100
|switch|p2a: Clefable|Clefable, M|100/100
|turn|1
|
|t:|1606963023
|move|p1a: TheWorld|Fake Out|p2a: Clefable
|-damage|p2a: Clefable|89/100
|cant|p2a: Clefable|flinch
|
|upkeep
|turn|2
|
|t:|1606963027
|move|p1a: TheWorld|Knock Off|p2a: Clefable
|-resisted|p2a: Clefable
|-damage|p2a: Clefable|76/100
|-enditem|p2a: Clefable|Heavy-Duty Boots|[from] move: Knock Off|[of] p1a: TheWorld
|move|p2a: Clefable|Calm Mind|p2a: Clefable
|-boost|p2a: Clefable|spa|1
|-boost|p2a: Clefable|spd|1
|
|upkeep
|turn|3
|
|t:|1606963037
|move|p1a: TheWorld|U-turn|p2a: Clefable
|-resisted|p2a: Clefable
|-damage|p2a: Clefable|66/100
|c|☆Tirkys|What?
|
|t:|1606963041
|switch|p1a: Metallica|Bronzong|100/100|[from]move: U-turn
|move|p2a: Clefable|Calm Mind|p2a: Clefable
|-boost|p2a: Clefable|spa|1
|-boost|p2a: Clefable|spd|1
|
|upkeep
|turn|4
|
|t:|1606963048
|move|p2a: Clefable|Flamethrower|p1a: Metallica
|-supereffective|p1a: Metallica
|-damage|p1a: Metallica|76/100
|move|p1a: Metallica|Light Screen|p1a: Metallica
|-sidestart|p1: Tirkys|move: Light Screen
|
|upkeep
|turn|5
|
|t:|1606963053
|switch|p1a: ManInTheMirror|Xatu, M|100/100
|move|p2a: Clefable|Soft-Boiled|p2a: Clefable
|-heal|p2a: Clefable|100/100
|
|upkeep
|turn|6
|
|t:|1606963057
|move|p1a: ManInTheMirror|Cosmic Power|p1a: ManInTheMirror
|-boost|p1a: ManInTheMirror|def|1
|-boost|p1a: ManInTheMirror|spd|1
|move|p2a: Clefable|Calm Mind|p2a: Clefable
|-boost|p2a: Clefable|spa|1
|-boost|p2a: Clefable|spd|1
|
|upkeep
|turn|7
|
|t:|1606963060
|move|p1a: ManInTheMirror|Cosmic Power|p1a: ManInTheMirror
|-boost|p1a: ManInTheMirror|def|1
|-boost|p1a: ManInTheMirror|spd|1
|move|p2a: Clefable|Moonblast|p1a: ManInTheMirror
|-damage|p1a: ManInTheMirror|62/100
|
|-heal|p1a: ManInTheMirror|68/100|[from] item: Leftovers
|upkeep
|turn|8
|
|t:|1606963064
|move|p1a: ManInTheMirror|Cosmic Power|p1a: ManInTheMirror
|-boost|p1a: ManInTheMirror|def|1
|-boost|p1a: ManInTheMirror|spd|1
|move|p2a: Clefable|Calm Mind|p2a: Clefable
|-boost|p2a: Clefable|spa|1
|-boost|p2a: Clefable|spd|1
|
|-heal|p1a: ManInTheMirror|74/100|[from] item: Leftovers
|-sideend|p1: Tirkys|move: Light Screen
|upkeep
|turn|9
|
|t:|1606963067
|move|p1a: ManInTheMirror|Cosmic Power|p1a: ManInTheMirror
|-boost|p1a: ManInTheMirror|def|1
|-boost|p1a: ManInTheMirror|spd|1
|move|p2a: Clefable|Moonblast|p1a: ManInTheMirror
|-damage|p1a: ManInTheMirror|0 fnt
|faint|p1a: ManInTheMirror
|
|upkeep
|
|t:|1606963071
|switch|p1a: Metallica|Bronzong|76/100
|turn|10
|
|t:|1606963078
|move|p2a: Clefable|Flamethrower|p1a: Metallica
|-supereffective|p1a: Metallica
|-damage|p1a: Metallica|38/100
|move|p1a: Metallica|Trick|p2a: Clefable
|-activate|p1a: Metallica|move: Trick|[of] p2a: Clefable
|-item|p2a: Clefable|Toxic Orb|[from] move: Trick
|-enditem|p1a: Metallica|Toxic Orb|[silent]|[from] move: Trick
|
|-status|p2a: Clefable|tox|[from] item: Toxic Orb
|upkeep
|turn|11
|
|t:|1606963086
|switch|p1a: StarPlatinum|Quagsire, M, shiny|100/100
|move|p2a: Clefable|Flamethrower|p1a: StarPlatinum
|-resisted|p1a: StarPlatinum
|-damage|p1a: StarPlatinum|89/100
|
|-heal|p1a: StarPlatinum|95/100|[from] item: Leftovers
|-damage|p2a: Clefable|94/100 tox|[from] psn
|upkeep
|turn|12
|
|t:|1606963092
|move|p2a: Clefable|Moonblast|p1a: StarPlatinum
|-damage|p1a: StarPlatinum|55/100
|-unboost|p1a: StarPlatinum|spa|1
|move|p1a: StarPlatinum|Stockpile|p1a: StarPlatinum
|-start|p1a: StarPlatinum|stockpile1
|-boost|p1a: StarPlatinum|def|1
|-boost|p1a: StarPlatinum|spd|1
|
|-heal|p1a: StarPlatinum|61/100|[from] item: Leftovers
|-damage|p2a: Clefable|82/100 tox|[from] psn
|upkeep
|turn|13
|
|t:|1606963096
|move|p2a: Clefable|Moonblast|p1a: StarPlatinum
|-damage|p1a: StarPlatinum|20/100
|-unboost|p1a: StarPlatinum|spa|1
|move|p1a: StarPlatinum|Recover|p1a: StarPlatinum
|-heal|p1a: StarPlatinum|70/100
|
|-heal|p1a: StarPlatinum|76/100|[from] item: Leftovers
|-damage|p2a: Clefable|64/100 tox|[from] psn
|upkeep
|turn|14
|
|t:|1606963098
|move|p2a: Clefable|Moonblast|p1a: StarPlatinum
|-damage|p1a: StarPlatinum|34/100
|move|p1a: StarPlatinum|Recover|p1a: StarPlatinum
|-heal|p1a: StarPlatinum|84/100
|
|-heal|p1a: StarPlatinum|90/100|[from] item: Leftovers
|-damage|p2a: Clefable|40/100 tox|[from] psn
|upkeep
|turn|15
|
|t:|1606963101
|move|p2a: Clefable|Moonblast|p1a: StarPlatinum
|-damage|p1a: StarPlatinum|54/100
|move|p1a: StarPlatinum|Recover|p1a: StarPlatinum
|-heal|p1a: StarPlatinum|100/100
|
|-damage|p2a: Clefable|9/100 tox|[from] psn
|upkeep
|turn|16
|
|t:|1606963103
|move|p2a: Clefable|Moonblast|p1a: StarPlatinum
|-damage|p1a: StarPlatinum|60/100
|move|p1a: StarPlatinum|Stockpile|p1a: StarPlatinum
|-start|p1a: StarPlatinum|stockpile2
|-boost|p1a: StarPlatinum|def|1
|-boost|p1a: StarPlatinum|spd|1
|
|-heal|p1a: StarPlatinum|66/100|[from] item: Leftovers
|-damage|p2a: Clefable|0 fnt|[from] psn
|faint|p2a: Clefable
|upkeep
|
|t:|1606963117
|switch|p2a: Toxapex|Toxapex, M|100/100
|turn|17
|
|t:|1606963123
|move|p1a: StarPlatinum|Scald|p2a: Toxapex
|-resisted|p2a: Toxapex
|-damage|p2a: Toxapex|96/100
|-status|p2a: Toxapex|brn
|move|p2a: Toxapex|Knock Off|p1a: StarPlatinum
|-damage|p1a: StarPlatinum|63/100
|-enditem|p1a: StarPlatinum|Leftovers|[from] move: Knock Off|[of] p2a: Toxapex
|
|-heal|p2a: Toxapex|100/100 brn|[from] item: Black Sludge
|-damage|p2a: Toxapex|95/100 brn|[from] brn
|upkeep
|turn|18
|
|t:|1606963134
|switch|p1a: Metallica|Bronzong|38/100
|move|p2a: Toxapex|Scald|p1a: Metallica
|-damage|p1a: Metallica|27/100
|-status|p1a: Metallica|brn
|
|-heal|p2a: Toxapex|100/100 brn|[from] item: Black Sludge
|-damage|p1a: Metallica|24/100 brn|[from] brn
|-damage|p2a: Toxapex|95/100 brn|[from] brn
|upkeep
|turn|19
|
|t:|1606963141
|switch|p2a: Skarmory|Skarmory, F|100/100
|move|p1a: Metallica|Stealth Rock|p2a: Skarmory
|-sidestart|p2: Waking Water|move: Stealth Rock
|
|-damage|p1a: Metallica|21/100 brn|[from] brn
|upkeep
|turn|20
|
|t:|1606963146
|switch|p1a: Magician'sRed|Volcarona, M|100/100
|move|p2a: Skarmory|Stealth Rock|p1a: Magician'sRed
|-sidestart|p1: Tirkys|move: Stealth Rock
|
|upkeep
|turn|21
|
|t:|1606963149
|switch|p2a: Blissey|Blissey, F|100/100
|move|p1a: Magician'sRed|Fiery Dance|p2a: Blissey
|-damage|p2a: Blissey|89/100
|
|upkeep
|turn|22
|
|t:|1606963153
|switch|p1a: StarPlatinum|Quagsire, M, shiny|63/100
|-damage|p1a: StarPlatinum|57/100|[from] Stealth Rock
|move|p2a: Blissey|Toxic|p1a: StarPlatinum
|-status|p1a: StarPlatinum|tox
|
|-damage|p1a: StarPlatinum|51/100 tox|[from] psn
|upkeep
|turn|23
|
|t:|1606963157
|move|p2a: Blissey|Seismic Toss|p1a: StarPlatinum
|-damage|p1a: StarPlatinum|26/100 tox
|move|p1a: StarPlatinum|Rest|p1a: StarPlatinum
|-status|p1a: StarPlatinum|slp|[from] move: Rest
|-heal|p1a: StarPlatinum|100/100 slp|[silent]
|
|upkeep
|turn|24
|
|t:|1606963162
|switch|p2a: Skarmory|Skarmory, F|100/100
|-damage|p2a: Skarmory|88/100|[from] Stealth Rock
|cant|p1a: StarPlatinum|slp
|
|upkeep
|turn|25
|
|t:|1606963166
|move|p2a: Skarmory|Spikes|p1a: StarPlatinum
|-sidestart|p1: Tirkys|Spikes
|cant|p1a: StarPlatinum|slp
|
|upkeep
|turn|26
|
|t:|1606963169
|move|p2a: Skarmory|Spikes|p1a: StarPlatinum
|-sidestart|p1: Tirkys|Spikes
|-curestatus|p1a: StarPlatinum|slp|[msg]
|move|p1a: StarPlatinum|Scald|p2a: Skarmory
|-crit|p2a: Skarmory
|-damage|p2a: Skarmory|47/100
|
|upkeep
|turn|27
|
|t:|1606963173
|move|p2a: Skarmory|Roost|p2a: Skarmory
|-heal|p2a: Skarmory|97/100
|-singleturn|p2a: Skarmory|move: Roost
|move|p1a: StarPlatinum|Scald|p2a: Skarmory
|-damage|p2a: Skarmory|71/100
|
|upkeep
|turn|28
|
|t:|1606963178
|move|p2a: Skarmory|Roost|p2a: Skarmory
|-heal|p2a: Skarmory|100/100
|-singleturn|p2a: Skarmory|move: Roost
|move|p1a: StarPlatinum|Scald|p2a: Skarmory
|-damage|p2a: Skarmory|76/100
|-status|p2a: Skarmory|brn
|
|-damage|p2a: Skarmory|70/100 brn|[from] brn
|upkeep
|turn|29
|
|t:|1606963182
|switch|p2a: Blissey|Blissey, F|89/100
|move|p1a: StarPlatinum|Scald|p2a: Blissey
|-damage|p2a: Blissey|81/100
|
|upkeep
|turn|30
|
|t:|1606963184
|move|p2a: Blissey|Toxic|p1a: StarPlatinum
|-status|p1a: StarPlatinum|tox
|move|p1a: StarPlatinum|Stockpile|p1a: StarPlatinum
|-start|p1a: StarPlatinum|stockpile1
|-boost|p1a: StarPlatinum|def|1
|-boost|p1a: StarPlatinum|spd|1
|
|-damage|p1a: StarPlatinum|94/100 tox|[from] psn
|upkeep
|turn|31
|
|t:|1606963189
|move|p1a: StarPlatinum|Stockpile|p1a: StarPlatinum
|-start|p1a: StarPlatinum|stockpile2
|-boost|p1a: StarPlatinum|def|1
|-boost|p1a: StarPlatinum|spd|1
|move|p2a: Blissey|Teleport|p2a: Blissey
|
|t:|1606963198
|switch|p2a: Toxapex|Toxapex, M|100/100 brn|[from]move: Teleport
|-damage|p2a: Toxapex|88/100 brn|[from] Stealth Rock
|
|-heal|p2a: Toxapex|94/100 brn|[from] item: Black Sludge
|-damage|p1a: StarPlatinum|82/100 tox|[from] psn
|-damage|p2a: Toxapex|88/100 brn|[from] brn
|upkeep
|turn|32
|
|t:|1606963201
|move|p1a: StarPlatinum|Rest|p1a: StarPlatinum
|-status|p1a: StarPlatinum|slp|[from] move: Rest
|-heal|p1a: StarPlatinum|100/100 slp|[silent]
|move|p2a: Toxapex|Haze|p2a: Toxapex
|-clearallboost
|
|-heal|p2a: Toxapex|94/100 brn|[from] item: Black Sludge
|-damage|p2a: Toxapex|88/100 brn|[from] brn
|upkeep
|turn|33
|
|t:|1606963209
|switch|p2a: Blissey|Blissey, F|81/100
|cant|p1a: StarPlatinum|slp
|
|upkeep
|turn|34
|
|t:|1606963213
|cant|p1a: StarPlatinum|slp
|move|p2a: Blissey|Teleport|p2a: Blissey
|
|t:|1606963215
|switch|p2a: Toxapex|Toxapex, M|100/100 brn|[from]move: Teleport
|-damage|p2a: Toxapex|88/100 brn|[from] Stealth Rock
|
|-heal|p2a: Toxapex|94/100 brn|[from] item: Black Sludge
|-damage|p2a: Toxapex|88/100 brn|[from] brn
|upkeep
|turn|35
|
|t:|1606963221
|switch|p2a: Blissey|Blissey, F|81/100
|-curestatus|p1a: StarPlatinum|slp|[msg]
|move|p1a: StarPlatinum|Stockpile|p1a: StarPlatinum
|-start|p1a: StarPlatinum|stockpile3
|-boost|p1a: StarPlatinum|def|1
|-boost|p1a: StarPlatinum|spd|1
|
|upkeep
|turn|36
|
|t:|1606963228
|move|p2a: Blissey|Toxic|p1a: StarPlatinum
|-status|p1a: StarPlatinum|tox
|move|p1a: StarPlatinum|Stockpile||[still]
|-fail|p1a: StarPlatinum
|
|-damage|p1a: StarPlatinum|94/100 tox|[from] psn
|upkeep
|turn|37
|
|t:|1606963232
|move|p1a: StarPlatinum|Scald|p2a: Blissey
|-damage|p2a: Blissey|74/100
|move|p2a: Blissey|Teleport|p2a: Blissey
|
|t:|1606963235
|switch|p2a: Toxapex|Toxapex, M|100/100 brn|[from]move: Teleport
|-damage|p2a: Toxapex|88/100 brn|[from] Stealth Rock
|
|-heal|p2a: Toxapex|94/100 brn|[from] item: Black Sludge
|-damage|p1a: StarPlatinum|82/100 tox|[from] psn
|-damage|p2a: Toxapex|88/100 brn|[from] brn
|upkeep
|turn|38
|
|t:|1606963239
|move|p1a: StarPlatinum|Rest|p1a: StarPlatinum
|-status|p1a: StarPlatinum|slp|[from] move: Rest
|-heal|p1a: StarPlatinum|100/100 slp|[silent]
|move|p2a: Toxapex|Haze|p2a: Toxapex
|-clearallboost
|
|-heal|p2a: Toxapex|94/100 brn|[from] item: Black Sludge
|-damage|p2a: Toxapex|88/100 brn|[from] brn
|upkeep
|turn|39
|
|t:|1606963251
|switch|p1a: TheWorld|Mienshao, M|100/100
|-damage|p1a: TheWorld|84/100|[from] Spikes
|-damage|p1a: TheWorld|78/100|[from] Stealth Rock
|switch|p2a: Skarmory|Skarmory, F|70/100 brn
|-damage|p2a: Skarmory|58/100 brn|[from] Stealth Rock
|
|-damage|p2a: Skarmory|52/100 brn|[from] brn
|upkeep
|turn|40
|
|t:|1606963259
|move|p1a: TheWorld|Knock Off|p2a: Skarmory
|-damage|p2a: Skarmory|31/100 brn
|-damage|p1a: TheWorld|61/100|[from] item: Rocky Helmet|[of] p2a: Skarmory
|-enditem|p2a: Skarmory|Rocky Helmet|[from] move: Knock Off|[of] p1a: TheWorld
|move|p2a: Skarmory|Roost|p2a: Skarmory
|-heal|p2a: Skarmory|81/100 brn
|-singleturn|p2a: Skarmory|move: Roost
|
|-damage|p2a: Skarmory|75/100 brn|[from] brn
|upkeep
|turn|41
|
|t:|1606963268
|move|p1a: TheWorld|U-turn|p2a: Skarmory
|-resisted|p2a: Skarmory
|-damage|p2a: Skarmory|71/100 brn
|
|t:|1606963271
|switch|p1a: Metallica|Bronzong|21/100 brn|[from]move: U-turn
|-damage|p1a: Metallica|15/100 brn|[from] Stealth Rock
|-damage|p1a: Metallica|0 fnt|[from] Spikes
|faint|p1a: Metallica
|move|p2a: Skarmory|Spikes|p1: Metallica
|-sidestart|p1: Tirkys|Spikes
|
|-damage|p2a: Skarmory|65/100 brn|[from] brn
|upkeep
|
|t:|1606963273
|switch|p1a: StarPlatinum|Quagsire, M, shiny|100/100 slp
|-damage|p1a: StarPlatinum|76/100 slp|[from] Spikes
|-damage|p1a: StarPlatinum|70/100 slp|[from] Stealth Rock
|turn|42
|
|t:|1606963277
|move|p2a: Skarmory|Roost|p2a: Skarmory
|-heal|p2a: Skarmory|100/100 brn
|-singleturn|p2a: Skarmory|move: Roost
|cant|p1a: StarPlatinum|slp
|
|-damage|p2a: Skarmory|95/100 brn|[from] brn
|upkeep
|turn|43
|
|t:|1606963289
|move|p2a: Skarmory|Body Press|p1a: StarPlatinum
|-damage|p1a: StarPlatinum|58/100 slp
|cant|p1a: StarPlatinum|slp
|
|-damage|p2a: Skarmory|89/100 brn|[from] brn
|upkeep
|turn|44
|
|t:|1606963297
|switch|p2a: Blissey|Blissey, F|74/100
|-curestatus|p1a: StarPlatinum|slp|[msg]
|move|p1a: StarPlatinum|Recover|p1a: StarPlatinum
|-heal|p1a: StarPlatinum|100/100
|
|upkeep
|turn|45
|
|t:|1606963303
|move|p2a: Blissey|Toxic|p1a: StarPlatinum
|-status|p1a: StarPlatinum|tox
|move|p1a: StarPlatinum|Scald|p2a: Blissey
|-damage|p2a: Blissey|67/100
|
|-damage|p1a: StarPlatinum|94/100 tox|[from] psn
|upkeep
|turn|46
|
|t:|1606963307
|move|p2a: Blissey|Soft-Boiled|p2a: Blissey
|-heal|p2a: Blissey|100/100
|move|p1a: StarPlatinum|Rest|p1a: StarPlatinum
|-status|p1a: StarPlatinum|slp|[from] move: Rest
|-heal|p1a: StarPlatinum|100/100 slp|[silent]
|
|upkeep
|turn|47
|
|t:|1606963313
|switch|p2a: Melmetal|Melmetal|100/100
|-damage|p2a: Melmetal|94/100|[from] Stealth Rock
|switch|p1a: TheWorld|Mienshao, M|95/100
|-damage|p1a: TheWorld|70/100|[from] Spikes
|-damage|p1a: TheWorld|64/100|[from] Stealth Rock
|
|-heal|p2a: Melmetal|100/100|[from] item: Leftovers
|upkeep
|turn|48
|
|t:|1606963316
|move|p2a: Melmetal|Protect|p2a: Melmetal
|-singleturn|p2a: Melmetal|Protect
|move|p1a: TheWorld|Fake Out|p2a: Melmetal
|-activate|p2a: Melmetal|move: Protect
|
|upkeep
|turn|49
|
|t:|1606963322
|move|p1a: TheWorld|U-turn|p2a: Melmetal
|-resisted|p2a: Melmetal
|-damage|p2a: Melmetal|95/100
|
|t:|1606963324
|switch|p1a: Magician'sRed|Volcarona, M|100/100|[from]move: U-turn
|-damage|p1a: Magician'sRed|76/100|[from] Spikes
|-damage|p1a: Magician'sRed|26/100|[from] Stealth Rock
|move|p2a: Melmetal|Thunder Wave|p1a: Magician'sRed
|-status|p1a: Magician'sRed|par
|
|-heal|p1a: Magician'sRed|32/100 par|[from] item: Leftovers
|-heal|p2a: Melmetal|100/100|[from] item: Leftovers
|upkeep
|turn|50
|
|t:|1606963331
|switch|p2a: Blissey|Blissey, F|100/100
|move|p1a: Magician'sRed|Roost|p1a: Magician'sRed
|-heal|p1a: Magician'sRed|82/100 par
|-singleturn|p1a: Magician'sRed|move: Roost
|
|-heal|p1a: Magician'sRed|88/100 par|[from] item: Leftovers
|upkeep
|turn|51
|
|t:|1606963336
|move|p2a: Blissey|Seismic Toss|p1a: Magician'sRed
|-damage|p1a: Magician'sRed|61/100 par
|-status|p2a: Blissey|brn|[from] ability: Flame Body|[of] p1a: Magician'sRed
|move|p1a: Magician'sRed|Quiver Dance|p1a: Magician'sRed
|-boost|p1a: Magician'sRed|spa|1
|-boost|p1a: Magician'sRed|spd|1
|-boost|p1a: Magician'sRed|spe|1
|
|-heal|p1a: Magician'sRed|67/100 par|[from] item: Leftovers
|-damage|p2a: Blissey|94/100 brn|[from] brn
|upkeep
|turn|52
|
|t:|1606963340
|move|p1a: Magician'sRed|Roost|p1a: Magician'sRed
|-heal|p1a: Magician'sRed|100/100 par
|-singleturn|p1a: Magician'sRed|move: Roost
|move|p2a: Blissey|Seismic Toss|p1a: Magician'sRed
|-damage|p1a: Magician'sRed|74/100 par
|
|-heal|p1a: Magician'sRed|80/100 par|[from] item: Leftovers
|-damage|p2a: Blissey|88/100 brn|[from] brn
|upkeep
|turn|53
|c|☆Tirkys|???
|
|t:|1606963347
|move|p1a: Magician'sRed|Quiver Dance|p1a: Magician'sRed
|-boost|p1a: Magician'sRed|spa|1
|-boost|p1a: Magician'sRed|spd|1
|-boost|p1a: Magician'sRed|spe|1
|move|p2a: Blissey|Seismic Toss|p1a: Magician'sRed
|-damage|p1a: Magician'sRed|53/100 par
|
|-heal|p1a: Magician'sRed|59/100 par|[from] item: Leftovers
|-damage|p2a: Blissey|82/100 brn|[from] brn
|upkeep
|turn|54
|c|☆Waking Water|What?
|
|t:|1606963354
|switch|p2a: Toxapex|Toxapex, M|100/100 brn
|-damage|p2a: Toxapex|88/100 brn|[from] Stealth Rock
|cant|p1a: Magician'sRed|par
|
|-heal|p1a: Magician'sRed|65/100 par|[from] item: Leftovers
|-heal|p2a: Toxapex|94/100 brn|[from] item: Black Sludge
|-damage|p2a: Toxapex|88/100 brn|[from] brn
|upkeep
|turn|55
|c|☆Waking Water|tell me u aren't psychic?
|
|t:|1606963369
|move|p1a: Magician'sRed|Bug Buzz|p2a: Toxapex
|-resisted|p2a: Toxapex
|-damage|p2a: Toxapex|55/100 brn
|move|p2a: Toxapex|Haze|p2a: Toxapex
|-clearallboost
|
|-heal|p1a: Magician'sRed|72/100 par|[from] item: Leftovers
|-heal|p2a: Toxapex|61/100 brn|[from] item: Black Sludge
|-damage|p2a: Toxapex|55/100 brn|[from] brn
|upkeep
|turn|56
|
|t:|1606963377
|switch|p1a: TheWorld|Mienshao, M|97/100
|-damage|p1a: TheWorld|72/100|[from] Spikes
|-damage|p1a: TheWorld|67/100|[from] Stealth Rock
|move|p2a: Toxapex|Knock Off|p1a: TheWorld
|-resisted|p1a: TheWorld
|-damage|p1a: TheWorld|60/100
|-enditem|p1a: TheWorld|Assault Vest|[from] move: Knock Off|[of] p2a: Toxapex
|
|-heal|p2a: Toxapex|61/100 brn|[from] item: Black Sludge
|-damage|p2a: Toxapex|55/100 brn|[from] brn
|upkeep
|turn|57
|
|t:|1606963383
|move|p1a: TheWorld|Knock Off|p2a: Toxapex
|-damage|p2a: Toxapex|35/100 brn
|-enditem|p2a: Toxapex|Black Sludge|[from] move: Knock Off|[of] p1a: TheWorld
|move|p2a: Toxapex|Recover|p2a: Toxapex
|-heal|p2a: Toxapex|85/100 brn
|
|-damage|p2a: Toxapex|79/100 brn|[from] brn
|upkeep
|turn|58
|
|t:|1606963387
|move|p1a: TheWorld|U-turn|p2a: Toxapex
|-resisted|p2a: Toxapex
|-damage|p2a: Toxapex|72/100 brn
|
|t:|1606963389
|switch|p1a: StarPlatinum|Quagsire, M, shiny|100/100 slp|[from]move: U-turn
|-damage|p1a: StarPlatinum|76/100 slp|[from] Spikes
|-damage|p1a: StarPlatinum|70/100 slp|[from] Stealth Rock
|move|p2a: Toxapex|Scald|p1a: StarPlatinum
|-damage|p1a: StarPlatinum|48/100 slp
|
|-damage|p2a: Toxapex|66/100 brn|[from] brn
|upkeep
|turn|59
|
|t:|1606963395
|cant|p1a: StarPlatinum|slp
|move|p2a: Toxapex|Scald|p1a: StarPlatinum
|-damage|p1a: StarPlatinum|27/100 slp
|
|-damage|p2a: Toxapex|60/100 brn|[from] brn
|upkeep
|turn|60
|
|t:|1606963398
|cant|p1a: StarPlatinum|slp
|move|p2a: Toxapex|Scald|p1a: StarPlatinum
|-damage|p1a: StarPlatinum|7/100 slp
|
|-damage|p2a: Toxapex|54/100 brn|[from] brn
|upkeep
|turn|61
|
|t:|1606963400
|-curestatus|p1a: StarPlatinum|slp|[msg]
|move|p1a: StarPlatinum|Recover|p1a: StarPlatinum
|-heal|p1a: StarPlatinum|57/100
|move|p2a: Toxapex|Scald|p1a: StarPlatinum
|-damage|p1a: StarPlatinum|37/100
|-status|p1a: StarPlatinum|brn
|
|-damage|p1a: StarPlatinum|31/100 brn|[from] brn
|-damage|p2a: Toxapex|48/100 brn|[from] brn
|upkeep
|turn|62
|
|t:|1606963406
|switch|p2a: Melmetal|Melmetal|100/100
|-damage|p2a: Melmetal|94/100|[from] Stealth Rock
|move|p1a: StarPlatinum|Recover|p1a: StarPlatinum
|-heal|p1a: StarPlatinum|81/100 brn
|
|-heal|p2a: Melmetal|100/100|[from] item: Leftovers
|-damage|p1a: StarPlatinum|75/100 brn|[from] brn
|upkeep
|turn|63
|
|t:|1606963414
|move|p1a: StarPlatinum|Stockpile|p1a: StarPlatinum
|-start|p1a: StarPlatinum|stockpile1
|-boost|p1a: StarPlatinum|def|1
|-boost|p1a: StarPlatinum|spd|1
|move|p2a: Melmetal|Body Press|p1a: StarPlatinum
|-damage|p1a: StarPlatinum|60/100 brn
|
|-damage|p1a: StarPlatinum|54/100 brn|[from] brn
|upkeep
|turn|64
|
|t:|1606963419
|switch|p2a: Toxapex|Toxapex, M|81/100 brn
|-damage|p2a: Toxapex|69/100 brn|[from] Stealth Rock
|move|p1a: StarPlatinum|Recover|p1a: StarPlatinum
|-heal|p1a: StarPlatinum|100/100 brn
|
|-damage|p1a: StarPlatinum|94/100 brn|[from] brn
|-damage|p2a: Toxapex|63/100 brn|[from] brn
|upkeep
|turn|65
|
|t:|1606963427
|move|p1a: StarPlatinum|Stockpile|p1a: StarPlatinum
|-start|p1a: StarPlatinum|stockpile2
|-boost|p1a: StarPlatinum|def|1
|-boost|p1a: StarPlatinum|spd|1
|move|p2a: Toxapex|Haze|p2a: Toxapex
|-clearallboost
|
|-damage|p1a: StarPlatinum|88/100 brn|[from] brn
|-damage|p2a: Toxapex|57/100 brn|[from] brn
|upkeep
|turn|66
|
|t:|1606963429
|move|p1a: StarPlatinum|Stockpile|p1a: StarPlatinum
|-start|p1a: StarPlatinum|stockpile3
|-boost|p1a: StarPlatinum|def|1
|-boost|p1a: StarPlatinum|spd|1
|move|p2a: Toxapex|Recover|p2a: Toxapex
|-heal|p2a: Toxapex|100/100 brn
|
|-damage|p1a: StarPlatinum|82/100 brn|[from] brn
|-damage|p2a: Toxapex|95/100 brn|[from] brn
|upkeep
|turn|67
|
|t:|1606963433
|move|p1a: StarPlatinum|Stockpile||[still]
|-fail|p1a: StarPlatinum
|move|p2a: Toxapex|Scald|p1a: StarPlatinum
|-damage|p1a: StarPlatinum|68/100 brn
|
|-damage|p1a: StarPlatinum|61/100 brn|[from] brn
|-damage|p2a: Toxapex|89/100 brn|[from] brn
|upkeep
|turn|68
|
|t:|1606963442
|move|p1a: StarPlatinum|Stockpile||[still]
|-fail|p1a: StarPlatinum
|move|p2a: Toxapex|Scald|p1a: StarPlatinum
|-damage|p1a: StarPlatinum|47/100 brn
|
|-damage|p1a: StarPlatinum|41/100 brn|[from] brn
|-damage|p2a: Toxapex|83/100 brn|[from] brn
|upkeep
|turn|69
|
|t:|1606963448
|move|p1a: StarPlatinum|Recover|p1a: StarPlatinum
|-heal|p1a: StarPlatinum|91/100 brn
|move|p2a: Toxapex|Haze|p2a: Toxapex
|-clearallboost
|
|-damage|p1a: StarPlatinum|85/100 brn|[from] brn
|-damage|p2a: Toxapex|77/100 brn|[from] brn
|upkeep
|turn|70
|
|t:|1606963451
|move|p1a: StarPlatinum|Stockpile||[still]
|-fail|p1a: StarPlatinum
|move|p2a: Toxapex|Scald|p1a: StarPlatinum
|-damage|p1a: StarPlatinum|65/100 brn
|
|-damage|p1a: StarPlatinum|59/100 brn|[from] brn
|-damage|p2a: Toxapex|71/100 brn|[from] brn
|upkeep
|turn|71
|
|t:|1606963456
|move|p1a: StarPlatinum|Stockpile||[still]
|-fail|p1a: StarPlatinum
|move|p2a: Toxapex|Knock Off|p1a: StarPlatinum
|-crit|p1a: StarPlatinum
|-damage|p1a: StarPlatinum|55/100 brn
|
|-damage|p1a: StarPlatinum|48/100 brn|[from] brn
|-damage|p2a: Toxapex|65/100 brn|[from] brn
|upkeep
|turn|72
|
|t:|1606963464
|move|p1a: StarPlatinum|Recover|p1a: StarPlatinum
|-heal|p1a: StarPlatinum|98/100 brn
|move|p2a: Toxapex|Recover|p2a: Toxapex
|-heal|p2a: Toxapex|100/100 brn
|
|-damage|p1a: StarPlatinum|92/100 brn|[from] brn
|-damage|p2a: Toxapex|95/100 brn|[from] brn
|upkeep
|turn|73
|
|t:|1606963472
|move|p1a: StarPlatinum|Stockpile||[still]
|-fail|p1a: StarPlatinum
|move|p2a: Toxapex|Scald|p1a: StarPlatinum
|-crit|p1a: StarPlatinum
|-damage|p1a: StarPlatinum|59/100 brn
|
|-damage|p1a: StarPlatinum|53/100 brn|[from] brn
|-damage|p2a: Toxapex|89/100 brn|[from] brn
|upkeep
|turn|74
|
|t:|1606963479
|move|p1a: StarPlatinum|Stockpile||[still]
|-fail|p1a: StarPlatinum
|move|p2a: Toxapex|Scald|p1a: StarPlatinum
|-damage|p1a: StarPlatinum|32/100 brn
|
|-damage|p1a: StarPlatinum|26/100 brn|[from] brn
|-damage|p2a: Toxapex|83/100 brn|[from] brn
|upkeep
|turn|75
|
|t:|1606963483
|move|p1a: StarPlatinum|Recover|p1a: StarPlatinum
|-heal|p1a: StarPlatinum|76/100 brn
|move|p2a: Toxapex|Knock Off|p1a: StarPlatinum
|-damage|p1a: StarPlatinum|73/100 brn
|
|-damage|p1a: StarPlatinum|67/100 brn|[from] brn
|-damage|p2a: Toxapex|77/100 brn|[from] brn
|upkeep
|turn|76
|
|t:|1606963487
|move|p1a: StarPlatinum|Stockpile||[still]
|-fail|p1a: StarPlatinum
|move|p2a: Toxapex|Knock Off|p1a: StarPlatinum
|-damage|p1a: StarPlatinum|63/100 brn
|
|-damage|p1a: StarPlatinum|57/100 brn|[from] brn
|-damage|p2a: Toxapex|71/100 brn|[from] brn
|upkeep
|turn|77
|
|t:|1606963490
|move|p1a: StarPlatinum|Recover|p1a: StarPlatinum
|-heal|p1a: StarPlatinum|100/100 brn
|move|p2a: Toxapex|Knock Off|p1a: StarPlatinum
|-damage|p1a: StarPlatinum|97/100 brn
|
|-damage|p1a: StarPlatinum|91/100 brn|[from] brn
|-damage|p2a: Toxapex|65/100 brn|[from] brn
|upkeep
|turn|78
|
|t:|1606963500
|move|p1a: StarPlatinum|Stockpile||[still]
|-fail|p1a: StarPlatinum
|move|p2a: Toxapex|Knock Off|p1a: StarPlatinum
|-damage|p1a: StarPlatinum|87/100 brn
|
|-damage|p1a: StarPlatinum|81/100 brn|[from] brn
|-damage|p2a: Toxapex|59/100 brn|[from] brn
|upkeep
|turn|79
|
|t:|1606963508
|move|p1a: StarPlatinum|Scald|p2a: Toxapex
|-resisted|p2a: Toxapex
|-damage|p2a: Toxapex|51/100 brn
|move|p2a: Toxapex|Knock Off|p1a: StarPlatinum
|-damage|p1a: StarPlatinum|77/100 brn
|
|-damage|p1a: StarPlatinum|71/100 brn|[from] brn
|-damage|p2a: Toxapex|45/100 brn|[from] brn
|upkeep
|turn|80
|
|t:|1606963510
|move|p1a: StarPlatinum|Scald|p2a: Toxapex
|-resisted|p2a: Toxapex
|-damage|p2a: Toxapex|37/100 brn
|move|p2a: Toxapex|Recover|p2a: Toxapex
|-heal|p2a: Toxapex|87/100 brn
|
|-damage|p1a: StarPlatinum|65/100 brn|[from] brn
|-damage|p2a: Toxapex|81/100 brn|[from] brn
|upkeep
|turn|81
|
|t:|1606963513
|move|p1a: StarPlatinum|Scald|p2a: Toxapex
|-resisted|p2a: Toxapex
|-damage|p2a: Toxapex|73/100 brn
|move|p2a: Toxapex|Knock Off|p1a: StarPlatinum
|-damage|p1a: StarPlatinum|61/100 brn
|
|-damage|p1a: StarPlatinum|55/100 brn|[from] brn
|-damage|p2a: Toxapex|67/100 brn|[from] brn
|upkeep
|turn|82
|
|t:|1606963516
|move|p1a: StarPlatinum|Recover|p1a: StarPlatinum
|-heal|p1a: StarPlatinum|100/100 brn
|move|p2a: Toxapex|Knock Off|p1a: StarPlatinum
|-damage|p1a: StarPlatinum|97/100 brn
|
|-damage|p1a: StarPlatinum|91/100 brn|[from] brn
|-damage|p2a: Toxapex|62/100 brn|[from] brn
|upkeep
|turn|83
|
|t:|1606963520
|switch|p2a: Blissey|Blissey, F|82/100
|move|p1a: StarPlatinum|Scald|p2a: Blissey
|-damage|p2a: Blissey|76/100
|
|-damage|p1a: StarPlatinum|85/100 brn|[from] brn
|upkeep
|turn|84
|
|t:|1606963525
|switch|p1a: TheWorld|Mienshao, M|93/100
|-damage|p1a: TheWorld|68/100|[from] Spikes
|-damage|p1a: TheWorld|62/100|[from] Stealth Rock
|move|p2a: Blissey|Seismic Toss|p1a: TheWorld
|-damage|p1a: TheWorld|26/100
|
|upkeep
|turn|85
|
|t:|1606963532
|switch|p2a: Buzzwole|Buzzwole|100/100
|-damage|p2a: Buzzwole|88/100|[from] Stealth Rock
|move|p1a: TheWorld|Knock Off|p2a: Buzzwole
|-resisted|p2a: Buzzwole
|-damage|p2a: Buzzwole|80/100
|-enditem|p2a: Buzzwole|Leftovers|[from] move: Knock Off|[of] p1a: TheWorld
|
|upkeep
|turn|86
|
|t:|1606963537
|move|p1a: TheWorld|U-turn|p2a: Buzzwole
|-resisted|p2a: Buzzwole
|-damage|p2a: Buzzwole|74/100
|
|t:|1606963539
|switch|p1a: WhiteAlbum|Ninetales-Alola, F|100/100|[from]move: U-turn
|-damage|p1a: WhiteAlbum|76/100|[from] Spikes
|-damage|p1a: WhiteAlbum|51/100|[from] Stealth Rock
|-weather|Hail|[from] ability: Snow Warning|[of] p1a: WhiteAlbum
|move|p2a: Buzzwole|Drain Punch|p1a: WhiteAlbum
|-damage|p1a: WhiteAlbum|4/100
|-heal|p2a: Buzzwole|90/100|[from] drain|[of] p1a: WhiteAlbum
|
|-weather|Hail|[upkeep]
|-damage|p2a: Buzzwole|84/100|[from] Hail
|upkeep
|turn|87
|
|t:|1606963547
|switch|p2a: Blissey|Blissey, F|76/100
|move|p1a: WhiteAlbum|Aurora Veil|p1a: WhiteAlbum
|-sidestart|p1: Tirkys|move: Aurora Veil
|
|-weather|Hail|[upkeep]
|-damage|p2a: Blissey|69/100|[from] Hail
|upkeep
|turn|88
|
|t:|1606963554
|switch|p1a: Magician'sRed|Volcarona, M|72/100 par
|-damage|p1a: Magician'sRed|22/100 par|[from] Stealth Rock
|-damage|p1a: Magician'sRed|0 fnt|[from] Spikes
|faint|p1a: Magician'sRed
|move|p2a: Blissey|Seismic Toss|p1: Magician'sRed|[notarget]
|-fail|p2a: Blissey
|
|-weather|Hail|[upkeep]
|-damage|p2a: Blissey|63/100|[from] Hail
|upkeep
|
|t:|1606963557
|switch|p1a: TheWorld|Mienshao, M|59/100
|-damage|p1a: TheWorld|53/100|[from] Stealth Rock
|-damage|p1a: TheWorld|28/100|[from] Spikes
|turn|89
|
|t:|1606963561
|switch|p2a: Buzzwole|Buzzwole|84/100
|-damage|p2a: Buzzwole|72/100|[from] Stealth Rock
|move|p1a: TheWorld|Knock Off|p2a: Buzzwole
|-resisted|p2a: Buzzwole
|-damage|p2a: Buzzwole|67/100
|
|-weather|Hail|[upkeep]
|-damage|p1a: TheWorld|22/100|[from] Hail
|-damage|p2a: Buzzwole|60/100|[from] Hail
|upkeep
|turn|90
|
|t:|1606963568
|move|p1a: TheWorld|Poison Jab|p2a: Buzzwole
|-damage|p2a: Buzzwole|48/100
|move|p2a: Buzzwole|Lunge|p1a: TheWorld
|-resisted|p1a: TheWorld
|-damage|p1a: TheWorld|6/100
|-unboost|p1a: TheWorld|atk|1
|
|-weather|none
|upkeep
|turn|91
|
|t:|1606963572
|move|p1a: TheWorld|U-turn|p2a: Buzzwole
|-resisted|p2a: Buzzwole
|-damage|p2a: Buzzwole|44/100
|
|t:|1606963574
|switch|p1a: WhiteAlbum|Ninetales-Alola, F|4/100|[from]move: U-turn
|-damage|p1a: WhiteAlbum|0 fnt|[from] Stealth Rock
|faint|p1a: WhiteAlbum
|move|p2a: Buzzwole|Roost|p2a: Buzzwole
|-heal|p2a: Buzzwole|94/100
|-singleturn|p2a: Buzzwole|move: Roost
|
|-sideend|p1: Tirkys|move: Aurora Veil
|upkeep
|
|t:|1606963575
|switch|p1a: TheWorld|Mienshao, M|39/100
|-damage|p1a: TheWorld|14/100|[from] Spikes
|-damage|p1a: TheWorld|8/100|[from] Stealth Rock
|turn|92
|
|t:|1606963579
|move|p1a: TheWorld|Fake Out|p2a: Buzzwole
|-damage|p2a: Buzzwole|88/100
|cant|p2a: Buzzwole|flinch
|
|upkeep
|turn|93
|
|t:|1606963581
|move|p1a: TheWorld|U-turn|p2a: Buzzwole
|-resisted|p2a: Buzzwole
|-damage|p2a: Buzzwole|83/100
|
|t:|1606963584
|switch|p1a: StarPlatinum|Quagsire, M, shiny|85/100 brn|[from]move: U-turn
|-damage|p1a: StarPlatinum|60/100 brn|[from] Spikes
|-damage|p1a: StarPlatinum|54/100 brn|[from] Stealth Rock
|move|p2a: Buzzwole|Bulk Up|p2a: Buzzwole
|-boost|p2a: Buzzwole|atk|1
|-boost|p2a: Buzzwole|def|1
|
|-damage|p1a: StarPlatinum|47/100 brn|[from] brn
|upkeep
|turn|94
|
|t:|1606963588
|move|p2a: Buzzwole|Lunge|p1a: StarPlatinum
|-damage|p1a: StarPlatinum|22/100 brn
|-unboost|p1a: StarPlatinum|atk|1
|move|p1a: StarPlatinum|Recover|p1a: StarPlatinum
|-heal|p1a: StarPlatinum|72/100 brn
|
|-damage|p1a: StarPlatinum|66/100 brn|[from] brn
|upkeep
|turn|95
|
|t:|1606963594
|move|p2a: Buzzwole|Lunge|p1a: StarPlatinum
|-damage|p1a: StarPlatinum|39/100 brn
|-unboost|p1a: StarPlatinum|atk|1
|move|p1a: StarPlatinum|Scald|p2a: Buzzwole
|-damage|p2a: Buzzwole|58/100
|-status|p2a: Buzzwole|brn
|
|-damage|p2a: Buzzwole|51/100 brn|[from] brn
|-damage|p1a: StarPlatinum|33/100 brn|[from] brn
|upkeep
|turn|96
|
|t:|1606963601
|move|p2a: Buzzwole|Drain Punch|p1a: StarPlatinum
|-damage|p1a: StarPlatinum|21/100 brn
|-heal|p2a: Buzzwole|57/100 brn|[from] drain|[of] p1a: StarPlatinum
|move|p1a: StarPlatinum|Rest|p1a: StarPlatinum
|-status|p1a: StarPlatinum|slp|[from] move: Rest
|-heal|p1a: StarPlatinum|100/100 slp|[silent]
|
|-damage|p2a: Buzzwole|51/100 brn|[from] brn
|upkeep
|turn|97
|
|t:|1606963611
|switch|p1a: TheWorld|Mienshao, M|41/100
|-damage|p1a: TheWorld|17/100|[from] Spikes
|-damage|p1a: TheWorld|11/100|[from] Stealth Rock
|move|p2a: Buzzwole|Roost|p2a: Buzzwole
|-heal|p2a: Buzzwole|100/100 brn
|-singleturn|p2a: Buzzwole|move: Roost
|
|-damage|p2a: Buzzwole|94/100 brn|[from] brn
|upkeep
|turn|98
|
|t:|1606963615
|move|p1a: TheWorld|Fake Out|p2a: Buzzwole
|-damage|p2a: Buzzwole|90/100 brn
|cant|p2a: Buzzwole|flinch
|
|-damage|p2a: Buzzwole|84/100 brn|[from] brn
|upkeep
|turn|99
|
|t:|1606963617
|move|p1a: TheWorld|U-turn|p2a: Buzzwole
|-resisted|p2a: Buzzwole
|-damage|p2a: Buzzwole|80/100 brn
|
|t:|1606963619
|switch|p1a: StarPlatinum|Quagsire, M, shiny|100/100 slp|[from]move: U-turn
|-damage|p1a: StarPlatinum|76/100 slp|[from] Spikes
|-damage|p1a: StarPlatinum|70/100 slp|[from] Stealth Rock
|move|p2a: Buzzwole|Lunge|p1a: StarPlatinum
|-damage|p1a: StarPlatinum|57/100 slp
|-unboost|p1a: StarPlatinum|atk|1
|
|-damage|p2a: Buzzwole|74/100 brn|[from] brn
|upkeep
|turn|100
|
|t:|1606963627
|move|p2a: Buzzwole|Lunge|p1a: StarPlatinum
|-damage|p1a: StarPlatinum|44/100 slp
|-unboost|p1a: StarPlatinum|atk|1
|cant|p1a: StarPlatinum|slp
|
|-damage|p2a: Buzzwole|67/100 brn|[from] brn
|upkeep
|turn|101
|
|t:|1606963632
|switch|p2a: Toxapex|Toxapex, M|95/100 brn
|-damage|p2a: Toxapex|83/100 brn|[from] Stealth Rock
|cant|p1a: StarPlatinum|slp
|
|-damage|p2a: Toxapex|77/100 brn|[from] brn
|upkeep
|turn|102
|
|t:|1606963636
|-curestatus|p1a: StarPlatinum|slp|[msg]
|move|p1a: StarPlatinum|Recover|p1a: StarPlatinum
|-heal|p1a: StarPlatinum|94/100
|move|p2a: Toxapex|Scald|p1a: StarPlatinum
|-damage|p1a: StarPlatinum|73/100
|
|-damage|p2a: Toxapex|71/100 brn|[from] brn
|upkeep
|turn|103
|
|t:|1606963645
|switch|p2a: Blissey|Blissey, F|63/100
|move|p1a: StarPlatinum|Scald|p2a: Blissey
|-damage|p2a: Blissey|56/100
|
|upkeep
|turn|104
|
|t:|1606963649
|move|p2a: Blissey|Toxic|p1a: StarPlatinum
|-status|p1a: StarPlatinum|tox
|move|p1a: StarPlatinum|Rest|p1a: StarPlatinum
|-status|p1a: StarPlatinum|slp|[from] move: Rest
|-heal|p1a: StarPlatinum|100/100 slp|[silent]
|
|upkeep
|turn|105
|
|t:|1606963653
|move|p2a: Blissey|Soft-Boiled|p2a: Blissey
|-heal|p2a: Blissey|100/100
|cant|p1a: StarPlatinum|slp
|
|upkeep
|turn|106
|
|t:|1606963656
|cant|p1a: StarPlatinum|slp
|move|p2a: Blissey|Teleport|p2a: Blissey
|
|t:|1606963660
|switch|p2a: Toxapex|Toxapex, M|100/100 brn|[from]move: Teleport
|-damage|p2a: Toxapex|88/100 brn|[from] Stealth Rock
|
|-damage|p2a: Toxapex|82/100 brn|[from] brn
|upkeep
|turn|107
|
|t:|1606963664
|switch|p2a: Blissey|Blissey, F|100/100
|-curestatus|p1a: StarPlatinum|slp|[msg]
|move|p1a: StarPlatinum|Scald|p2a: Blissey
|-damage|p2a: Blissey|93/100
|
|upkeep
|turn|108
|
|t:|1606963669
|move|p2a: Blissey|Toxic|p1a: StarPlatinum|[miss]
|-miss|p2a: Blissey|p1a: StarPlatinum
|move|p1a: StarPlatinum|Stockpile|p1a: StarPlatinum
|-start|p1a: StarPlatinum|stockpile1
|-boost|p1a: StarPlatinum|def|1
|-boost|p1a: StarPlatinum|spd|1
|
|upkeep
|turn|109
|
|t:|1606963675
|move|p2a: Blissey|Toxic|p1a: StarPlatinum
|-status|p1a: StarPlatinum|tox
|move|p1a: StarPlatinum|Stockpile|p1a: StarPlatinum
|-start|p1a: StarPlatinum|stockpile2
|-boost|p1a: StarPlatinum|def|1
|-boost|p1a: StarPlatinum|spd|1
|
|-damage|p1a: StarPlatinum|94/100 tox|[from] psn
|upkeep
|turn|110
|
|t:|1606963680
|move|p1a: StarPlatinum|Rest|p1a: StarPlatinum
|-status|p1a: StarPlatinum|slp|[from] move: Rest
|-heal|p1a: StarPlatinum|100/100 slp|[silent]
|move|p2a: Blissey|Teleport|p2a: Blissey
|
|t:|1606963683
|switch|p2a: Skarmory|Skarmory, F|89/100 brn|[from]move: Teleport
|-damage|p2a: Skarmory|76/100 brn|[from] Stealth Rock
|
|-damage|p2a: Skarmory|70/100 brn|[from] brn
|upkeep
|turn|111
|
|t:|1606963687
|move|p2a: Skarmory|Roost|p2a: Skarmory
|-heal|p2a: Skarmory|100/100 brn
|-singleturn|p2a: Skarmory|move: Roost
|cant|p1a: StarPlatinum|slp
|
|-damage|p2a: Skarmory|95/100 brn|[from] brn
|upkeep
|turn|112
|
|t:|1606963694
|switch|p2a: Toxapex|Toxapex, M|100/100 brn
|-damage|p2a: Toxapex|88/100 brn|[from] Stealth Rock
|cant|p1a: StarPlatinum|slp
|
|-damage|p2a: Toxapex|82/100 brn|[from] brn
|upkeep
|turn|113
|
|t:|1606963698
|switch|p1a: TheWorld|Mienshao, M|44/100
|-damage|p1a: TheWorld|19/100|[from] Spikes
|-damage|p1a: TheWorld|13/100|[from] Stealth Rock
|move|p2a: Toxapex|Haze|p2a: Toxapex
|-clearallboost
|
|-damage|p2a: Toxapex|76/100 brn|[from] brn
|upkeep
|turn|114
|
|t:|1606963703
|move|p1a: TheWorld|U-turn|p2a: Toxapex
|-resisted|p2a: Toxapex
|-damage|p2a: Toxapex|69/100 brn
|
|t:|1606963705
|switch|p1a: StarPlatinum|Quagsire, M, shiny|100/100 slp|[from]move: U-turn
|-damage|p1a: StarPlatinum|76/100 slp|[from] Spikes
|-damage|p1a: StarPlatinum|70/100 slp|[from] Stealth Rock
|move|p2a: Toxapex|Scald|p1a: StarPlatinum
|-damage|p1a: StarPlatinum|49/100 slp
|
|-damage|p2a: Toxapex|63/100 brn|[from] brn
|upkeep
|turn|115
|
|t:|1606963712
|-curestatus|p1a: StarPlatinum|slp|[msg]
|move|p1a: StarPlatinum|Recover|p1a: StarPlatinum
|-heal|p1a: StarPlatinum|99/100
|move|p2a: Toxapex|Scald|p1a: StarPlatinum
|-damage|p1a: StarPlatinum|78/100
|-status|p1a: StarPlatinum|brn
|
|-damage|p1a: StarPlatinum|72/100 brn|[from] brn
|-damage|p2a: Toxapex|57/100 brn|[from] brn
|upkeep
|turn|116
|
|t:|1606963716
|move|p1a: StarPlatinum|Scald|p2a: Toxapex
|-resisted|p2a: Toxapex
|-damage|p2a: Toxapex|49/100 brn
|move|p2a: Toxapex|Recover|p2a: Toxapex
|-heal|p2a: Toxapex|99/100 brn
|
|-damage|p1a: StarPlatinum|66/100 brn|[from] brn
|-damage|p2a: Toxapex|94/100 brn|[from] brn
|upkeep
|turn|117
|-message|Tirkys forfeited.
|
|win|Waking Water
|l|☆Tirkys
|c|☆Waking Water|gg
|raw|Tirkys's rating: 1463 &rarr; <strong>1440</strong><br />(-23 for losing)
|raw|Waking Water's rating: 1423 &rarr; <strong>1445</strong><br />(+22 for winning)
