|j|☆kibos bathroom
|j|☆Mimikyu Stardust
|inactive|Battle timer is ON: inactive players will automatically lose when time's up.
|t:|1635632547
|gametype|singles
|player|p1|kibos bathroom|ethan|
|player|p2|Mimikyu Stardust|lass|
|teamsize|p1|6
|teamsize|p2|6
|gen|8
|tier|[Gen 8] OU
|rated|Tournament battle
|rule|Sleep Clause Mod: Limit one foe put to sleep
|rule|Species Clause: Limit one of each Pokémon
|rule|OHKO Clause: OHKO moves are banned
|rule|Evasion Moves Clause: Evasion moves are banned
|rule|Endless Battle Clause: Forcing endless battles is banned
|rule|HP Percentage Mod: HP is shown in percentages
|rule|Dynamax Clause: You cannot dynamax
|clearpoke
|poke|p1|Urshifu-*, M|
|poke|p1|Nidoking, M|
|poke|p1|Blissey, F|
|poke|p1|Landorus-Therian, M|
|poke|p1|Dragapult, F|
|poke|p1|Corviknight, M|
|poke|p2|Altaria, M|
|poke|p2|Shedinja|
|poke|p2|Avalugg, M|
|poke|p2|Clefairy, M|
|poke|p2|Pyukumuku, F|
|poke|p2|Sableye, F|
|teampreview
|inactive|kibos bathroom also wants the timer to be on.
|j| Metool B
|c|☆kibos bathroom|hf
|j| SolaceAcheron
|j| h moment
|c| h moment|what the fuck si that
|c|☆Mimikyu Stardust|hf
|c| h moment|and why
|c| SolaceAcheron|man wtf
|j| Cypresskeys
|c|☆Mimikyu Stardust|ZU only
|c|☆kibos bathroom|catch and evolve
|inactive|kibos bathroom has 120 seconds left.
|inactive|Mimikyu Stardust has 120 seconds left.
|c| h moment|is ur ghost check actually clefairy
|c| h moment|i love that
|c| Metool B|NGL, that looks like Stall.
|c| h moment|its ZU stall
|c| h moment|lol
|l| Cypresskeys
|j| HYper
|c|☆kibos bathroom|Thats not zu
|c|☆kibos bathroom|Clefairy is an uber
|c| h moment|TRUE
|inactive|Mimikyu Stardust has 90 seconds left.
|
|t:|1635632608
|start
|switch|p1a: Landorus|Landorus-Therian, M, shiny|100/100
|switch|p2a: Sableye|Sableye, F|100/100
|-ability|p1a: Landorus|Intimidate|boost
|-unboost|p2a: Sableye|atk|1
|turn|1
|c|☆Mimikyu Stardust|gg
|c|☆Mimikyu Stardust|lead matchup = goat
|c|☆Mimikyu Stardust|ok idk what htcl did with this team
|
|t:|1635632637
|move|p2a: Sableye|Will-O-Wisp|p1a: Landorus
|-status|p1a: Landorus|brn
|move|p1a: Landorus|Stealth Rock|p2a: Sableye
|-sidestart|p2: Mimikyu Stardust|move: Stealth Rock
|
|-damage|p1a: Landorus|94/100 brn|[from] brn
|upkeep
|turn|2
|c|☆Mimikyu Stardust|but 2 pokemon doesnt have items
|l| Metool B
|
|t:|1635632645
|move|p1a: Landorus|U-turn|p2a: Sableye
|-damage|p2a: Sableye|88/100
|
|t:|1635632657
|switch|p1a: Blissey|Blissey, F|100/100|[from]move: U-turn
|move|p2a: Sableye|Knock Off|p1a: Blissey
|-damage|p1a: Blissey|86/100
|-enditem|p1a: Blissey|Heavy-Duty Boots|[from] move: Knock Off|[of] p2a: Sableye
|
|-heal|p2a: Sableye|94/100|[from] item: Leftovers
|upkeep
|turn|3
|c|☆kibos bathroom|My team is inspired by pokeaim
|c|☆kibos bathroom|Hope you like
|c|☆Mimikyu Stardust|my team is inspired by losing
|
|t:|1635632680
|move|p2a: Sableye|Will-O-Wisp|p1a: Blissey
|-status|p1a: Blissey|brn
|move|p1a: Blissey|Teleport|p1a: Blissey
|
|t:|1635632696
|-curestatus|p1a: Blissey|brn|[from] ability: Natural Cure
|switch|p1a: Landorus|Landorus-Therian, M, shiny|94/100 brn|[from]move: Teleport
|-ability|p1a: Landorus|Intimidate|boost
|-unboost|p2a: Sableye|atk|1
|
|-heal|p1a: Landorus|100/100 brn|[from] item: Leftovers
|-heal|p2a: Sableye|99/100|[from] item: Leftovers
|-damage|p1a: Landorus|94/100 brn|[from] brn
|upkeep
|turn|4
|c| h moment|mimi why is ur nido switchin pyukumuku
|
|t:|1635632704
|move|p1a: Landorus|Knock Off|p2a: Sableye
|-damage|p2a: Sableye|82/100
|-enditem|p2a: Sableye|Leftovers|[from] move: Knock Off|[of] p1a: Landorus
|move|p2a: Sableye|Knock Off|p1a: Landorus
|-damage|p1a: Landorus|81/100 brn
|-enditem|p1a: Landorus|Leftovers|[from] move: Knock Off|[of] p2a: Sableye
|
|-damage|p1a: Landorus|75/100 brn|[from] brn
|upkeep
|turn|5
|
|t:|1635632708
|move|p2a: Sableye|Encore|p1a: Landorus
|-start|p1a: Landorus|Encore
|move|p1a: Landorus|Knock Off|p2a: Sableye
|-damage|p2a: Sableye|70/100
|
|-damage|p1a: Landorus|69/100 brn|[from] brn
|upkeep
|turn|6
|j| forestcave
|
|t:|1635632716
|switch|p1a: Blissey|Blissey, F|86/100
|move|p2a: Sableye|Recover|p2a: Sableye
|-heal|p2a: Sableye|100/100
|
|upkeep
|turn|7
|l| forestcave
|
|t:|1635632721
|move|p2a: Sableye|Will-O-Wisp|p1a: Blissey
|-status|p1a: Blissey|brn
|move|p1a: Blissey|Thunder Wave|p2a: Sableye
|-status|p2a: Sableye|par
|
|-damage|p1a: Blissey|79/100 brn|[from] brn
|upkeep
|turn|8
|
|t:|1635632724
|move|p2a: Sableye|Encore|p1a: Blissey
|-start|p1a: Blissey|Encore
|move|p1a: Blissey|Thunder Wave|p2a: Sableye
|-fail|p2a: Sableye|par
|
|-damage|p1a: Blissey|73/100 brn|[from] brn
|upkeep
|turn|9
|c| h moment|please i beg u tp into nidoking
|c|☆kibos bathroom|I'm encored
|c| SolaceAcheron|he cant tp into it
|c| h moment|i meant
|c|☆Mimikyu Stardust|i shouldve checked the sets
|inactive|kibos bathroom has 120 seconds left.
|c| h moment|when u get the chance to lol
|c|☆Mimikyu Stardust|this avalugg
|c| h moment|it 6-0's
|c|☆kibos bathroom|we are trying
|c|☆kibos bathroom|We have no chances
|c|☆Mimikyu Stardust|wtf is this
|c|☆Mimikyu Stardust|avalugg
|j| OneTwoSeven
|c|☆kibos bathroom|we dont wanna lose life orb
|c|☆kibos bathroom|We're encored
|j| Draugadrottinn
|l| Draugadrottinn
|c| h moment|skill issue
|inactive|kibos bathroom has 90 seconds left.
|c|☆kibos bathroom|we are 7 people btw
|c|☆kibos bathroom|making these decisions
|c| h moment|epic
|c|☆kibos bathroom|but all 7 of us are monkeys
|
|t:|1635632804
|-curestatus|p1a: Blissey|brn|[from] ability: Natural Cure
|switch|p1a: Corviknight|Corviknight, M|100/100
|-ability|p1a: Corviknight|Pressure
|move|p2a: Sableye|Knock Off|p1a: Corviknight
|-damage|p1a: Corviknight|93/100
|-damage|p2a: Sableye|84/100 par|[from] item: Rocky Helmet|[of] p1a: Corviknight
|-enditem|p1a: Corviknight|Rocky Helmet|[from] move: Knock Off|[of] p2a: Sableye
|
|upkeep
|turn|10
|c|☆kibos bathroom|KEKW
|c|☆Mimikyu Stardust|is one of your names steve
|c| h moment|is one of ur names john
|c|☆kibos bathroom|My name is joe
|c| h moment|close enough
|inactive|kibos bathroom has 60 seconds left.
|c|☆kibos bathroom|joe mama
|c|☆kibos bathroom|My name is tyrone
|c|☆kibos bathroom|bro we garbo
|c|☆kibos bathroom|I am excluded from your garbageness
|c| SolaceAcheron|yo take your schizo pills
|inactive|kibos bathroom has 30 seconds left.
|
|t:|1635632864
|cant|p2a: Sableye|par
|move|p1a: Corviknight|U-turn|p2a: Sableye
|-damage|p2a: Sableye|69/100 par
|inactive|kibos bathroom has 30 seconds left this turn.
|
|t:|1635632868
|switch|p1a: Nidoking|Nidoking, M|100/100|[from]move: U-turn
|
|upkeep
|turn|11
|c|☆kibos bathroom|Outplayed.
|c|☆kibos bathroom|ye
|c|☆kibos bathroom|ye
|c|☆kibos bathroom|ye
|l| OneTwoSeven
|c|☆kibos bathroom|ye
|c|☆kibos bathroom|In reality I am just 1 dude with multiple personality disorder im sorry
|
|t:|1635632887
|move|p1a: Nidoking|Earth Power|p2a: Sableye
|-damage|p2a: Sableye|0 fnt
|faint|p2a: Sableye
|
|upkeep
|c|☆kibos bathroom|Shut the fuck up jeff
|c|☆kibos bathroom|im so hard rn
|inactive|Mimikyu Stardust has 120 seconds left.
|c|☆kibos bathroom|who's jeff
|
|t:|1635632903
|switch|p2a: Avalugg|Avalugg, M|100/100
|turn|12
|j| gewwge
|c|☆kibos bathroom|LOL
|c| gewwge|hi
|c|☆kibos bathroom|welcome
|c|☆kibos bathroom|u guys r sostupid lmfao
|c|☆kibos bathroom|Hii :3
|c|☆kibos bathroom|No u
|c|☆kibos bathroom|are u a girl
|c|☆kibos bathroom|no you dumbass
|inactive|kibos bathroom has 30 seconds left.
|c|☆kibos bathroom|No you bitch ass
|
|t:|1635632929
|switch|p1a: Corviknight|Corviknight, M|93/100
|-ability|p1a: Corviknight|Pressure
|move|p2a: Avalugg|Avalanche|p1a: Corviknight
|-damage|p1a: Corviknight|78/100
|
|upkeep
|turn|13
|inactive|kibos bathroom has 30 seconds left.
|c|☆kibos bathroom|no you goofy ass
|c|☆Mimikyu Stardust|someone here is a girl
|c| gewwge|chill guys
|c|☆kibos bathroom|stfu I am making the plays here
|
|t:|1635632939
|move|p1a: Corviknight|U-turn|p2a: Avalugg
|-damage|p2a: Avalugg|95/100
|inactive|kibos bathroom has 30 seconds left this turn.
|j| Feuntre
|c|☆Mimikyu Stardust|nice play
|c|☆kibos bathroom|thx
|c|☆kibos bathroom|:D
|inactive|kibos bathroom has 20 seconds left.
|
|t:|1635632954
|switch|p1a: Urshifu|Urshifu-Rapid-Strike, M|100/100|[from]move: U-turn
|move|p2a: Avalugg|Rapid Spin|p1a: Urshifu
|-damage|p1a: Urshifu|88/100
|-boost|p2a: Avalugg|spe|1
|-sideend|p2: Mimikyu Stardust|Stealth Rock|[from] move: Rapid Spin|[of] p2a: Avalugg
|
|upkeep
|turn|14
|inactive|kibos bathroom has 30 seconds left this turn.
|c|☆kibos bathroom|guys omg move
|c|☆kibos bathroom|We're playing amongus except with impostors its women
|c|☆kibos bathroom|were getting timered
|c|☆kibos bathroom|LOL
|inactive|kibos bathroom has 20 seconds left.
|
|t:|1635632969
|switch|p1a: Nidoking|Nidoking, M|100/100
|switch|p2a: Shedinja|Shedinja|100/100
|
|upkeep
|turn|15
|inactive|kibos bathroom has 30 seconds left this turn.
|c|☆Mimikyu Stardust|Imposter Syndrome
|
|t:|1635632976
|move|p2a: Shedinja|Protect|p2a: Shedinja
|-singleturn|p2a: Shedinja|Protect
|move|p1a: Nidoking|Flamethrower|p2a: Shedinja
|-activate|p2a: Shedinja|move: Protect
|
|upkeep
|turn|16
|l| Feuntre
|
|t:|1635632985
|switch|p2a: Altaria|Altaria, M|100/100
|move|p1a: Nidoking|Flamethrower|p2a: Altaria
|-resisted|p2a: Altaria
|-damage|p2a: Altaria|79/100
|
|upkeep
|turn|17
|c|☆Mimikyu Stardust|im scarf
|
|t:|1635632991
|move|p1a: Nidoking|Ice Beam|p2a: Altaria
|-supereffective|p2a: Altaria
|-damage|p2a: Altaria|0 fnt
|faint|p2a: Altaria
|
|upkeep
|c|☆Mimikyu Stardust|fuck
|
|t:|1635632996
|switch|p2a: Pyukumuku|Pyukumuku, F|100/100
|turn|18
|c|☆kibos bathroom|nice scarf bro
|c|☆kibos bathroom|LOL
|
|t:|1635633006
|switch|p1a: Corviknight|Corviknight, M|78/100
|-ability|p1a: Corviknight|Pressure
|move|p2a: Pyukumuku|Soak|p1a: Corviknight
|-start|p1a: Corviknight|typechange|Water
|
|upkeep
|turn|19
|
|t:|1635633015
|move|p1a: Corviknight|U-turn|p2a: Pyukumuku
|-damage|p2a: Pyukumuku|90/100
|c| SolaceAcheron|scarf altaria psshh you are obviously fire spin perish
|
|t:|1635633018
|switch|p1a: Blissey|Blissey, F|73/100|[from]move: U-turn
|move|p2a: Pyukumuku|Soak|p1a: Blissey
|-start|p1a: Blissey|typechange|Water
|
|-heal|p2a: Pyukumuku|96/100|[from] item: Leftovers
|upkeep
|turn|20
|c|☆kibos bathroom|Dam
|c|☆kibos bathroom|We got played
|
|t:|1635633026
|move|p1a: Blissey|Thunder Wave|p2a: Pyukumuku
|-status|p2a: Pyukumuku|par
|move|p2a: Pyukumuku|Toxic|p1a: Blissey
|-status|p1a: Blissey|tox
|
|-heal|p2a: Pyukumuku|100/100 par|[from] item: Leftovers
|-damage|p1a: Blissey|67/100 tox|[from] psn
|upkeep
|turn|21
|inactive|kibos bathroom has 60 seconds left.
|
|t:|1635633046
|move|p2a: Pyukumuku|Block|p1a: Blissey
|-activate|p1a: Blissey|trapped
|move|p1a: Blissey|Teleport|p1a: Blissey
|inactive|kibos bathroom has 60 seconds left.
|c|☆Mimikyu Stardust|fuck
|
|t:|1635633064
|-curestatus|p1a: Blissey|tox|[from] ability: Natural Cure
|switch|p1a: Landorus|Landorus-Therian, M, shiny|69/100 brn|[from]move: Teleport
|-ability|p1a: Landorus|Intimidate|boost
|-unboost|p2a: Pyukumuku|atk|1
|
|-damage|p1a: Landorus|63/100 brn|[from] brn
|upkeep
|turn|22
|c| gewwge|how to trap mons with moves like u turn, teleport?
|c| gewwge|or we just cant
|c|☆kibos bathroom|imprison
|c|☆kibos bathroom|what
|c|☆kibos bathroom|what is your english
|c|☆Mimikyu Stardust|chloroforming the player
|inactive|Mimikyu Stardust has 120 seconds left.
|
|t:|1635633100
|switch|p2a: Avalugg|Avalugg, M|95/100
|move|p1a: Landorus|Knock Off|p2a: Avalugg
|-damage|p2a: Avalugg|89/100
|-enditem|p2a: Avalugg|Heavy-Duty Boots|[from] move: Knock Off|[of] p1a: Landorus
|
|-damage|p1a: Landorus|57/100 brn|[from] brn
|upkeep
|turn|23
|inactive|kibos bathroom has 60 seconds left.
|inactive|Mimikyu Stardust has 120 seconds left.
|c|☆kibos bathroom|Free
|
|t:|1635633123
|move|p1a: Landorus|Stealth Rock|p2a: Avalugg
|-sidestart|p2: Mimikyu Stardust|move: Stealth Rock
|move|p2a: Avalugg|Avalanche|p1a: Landorus
|-supereffective|p1a: Landorus
|-damage|p1a: Landorus|0 fnt
|faint|p1a: Landorus
|
|upkeep
|j| Draugadrottinn
|
|t:|1635633125
|switch|p1a: Nidoking|Nidoking, M|100/100
|turn|24
|c|☆kibos bathroom|free death
|
|t:|1635633130
|move|p1a: Nidoking|Flamethrower|p2a: Avalugg
|-supereffective|p2a: Avalugg
|-damage|p2a: Avalugg|0 fnt
|faint|p2a: Avalugg
|
|upkeep
|
|t:|1635633133
|switch|p2a: Pyukumuku|Pyukumuku, F|100/100 par
|-damage|p2a: Pyukumuku|88/100 par|[from] Stealth Rock
|turn|25
|l| Draugadrottinn
|c|☆kibos bathroom|I ded
|c| SolaceAcheron|i guess they stay up
|
|t:|1635633146
|switch|p1a: Urshifu|Urshifu-Rapid-Strike, M|88/100
|switch|p2a: Shedinja|Shedinja|100/100
|
|upkeep
|turn|26
|
|t:|1635633158
|switch|p1a: Blissey|Blissey, F|67/100
|move|p2a: Shedinja|Will-O-Wisp|p1a: Blissey
|-status|p1a: Blissey|brn
|
|-damage|p1a: Blissey|61/100 brn|[from] brn
|upkeep
|turn|27
|
|t:|1635633169
|move|p2a: Shedinja|Will-O-Wisp|p1a: Blissey
|-fail|p1a: Blissey|brn
|move|p1a: Blissey|Teleport|p1a: Blissey
|
|t:|1635633173
|-curestatus|p1a: Blissey|brn|[from] ability: Natural Cure
|switch|p1a: Dragapult|Dragapult, F|100/100|[from]move: Teleport
|
|upkeep
|turn|28
|c|☆kibos bathroom|up
|c|☆Mimikyu Stardust|6% chip
|
|t:|1635633180
|move|p2a: Shedinja|Protect|p2a: Shedinja
|-singleturn|p2a: Shedinja|Protect
|move|p1a: Dragapult|Shadow Ball|p2a: Shedinja
|-activate|p2a: Shedinja|move: Protect
|
|upkeep
|turn|29
|
|t:|1635633183
|switch|p2a: Clefairy|Clefairy, M|100/100
|move|p1a: Dragapult|Shadow Ball|p2a: Clefairy
|-damage|p2a: Clefairy|66/100
|
|upkeep
|turn|30
|c|☆kibos bathroom|wtf
|c|☆kibos bathroom|34
|c|☆kibos bathroom|LOL
|inactive|kibos bathroom has 90 seconds left.
|c|☆Mimikyu Stardust|373 spdef
|c| SolaceAcheron|full sp def clefairy lol
|
|t:|1635633205
|switch|p1a: Blissey|Blissey, F|61/100
|move|p2a: Clefairy|Soft-Boiled|p2a: Clefairy
|-heal|p2a: Clefairy|100/100
|
|upkeep
|turn|31
|inactive|kibos bathroom has 90 seconds left.
|
|t:|1635633212
|move|p1a: Blissey|Thunder Wave|p2a: Clefairy
|-status|p2a: Clefairy|par
|move|p2a: Clefairy|Thunder Wave|p1a: Blissey
|-status|p1a: Blissey|par
|
|upkeep
|turn|32
|
|t:|1635633220
|move|p2a: Clefairy|Heal Bell|p2a: Clefairy
|-activate|p2a: Clefairy|move: Heal Bell
|-curestatus|p2a: Clefairy|par|[msg]
|-curestatus|p2: Pyukumuku|par|[msg]
|cant|p1a: Blissey|par
|
|upkeep
|turn|33
|
|t:|1635633224
|move|p2a: Clefairy|Moonblast|p1a: Blissey
|-damage|p1a: Blissey|53/100 par
|-unboost|p1a: Blissey|spa|1
|move|p1a: Blissey|Thunder Wave|p2a: Clefairy
|-status|p2a: Clefairy|par
|
|upkeep
|turn|34
|
|t:|1635633228
|move|p1a: Blissey|Soft-Boiled|p1a: Blissey
|-heal|p1a: Blissey|100/100 par
|move|p2a: Clefairy|Heal Bell|p2a: Clefairy
|-activate|p2a: Clefairy|move: Heal Bell
|-curestatus|p2a: Clefairy|par|[msg]
|
|upkeep
|turn|35
|
|t:|1635633231
|move|p2a: Clefairy|Moonblast|p1a: Blissey
|-damage|p1a: Blissey|92/100 par
|move|p1a: Blissey|Thunder Wave|p2a: Clefairy
|-status|p2a: Clefairy|par
|
|upkeep
|turn|36
|c|☆Mimikyu Stardust|god
|
|t:|1635633237
|move|p2a: Clefairy|Moonblast|p1a: Blissey
|-damage|p1a: Blissey|84/100 par
|move|p1a: Blissey|Teleport|p1a: Blissey
|
|t:|1635633242
|-curestatus|p1a: Blissey|par|[from] ability: Natural Cure
|switch|p1a: Nidoking|Nidoking, M|100/100|[from]move: Teleport
|
|upkeep
|turn|37
|c|☆kibos bathroom|its called playing safe
|c|☆Mimikyu Stardust|u kno this aint killing
|
|t:|1635633253
|move|p1a: Nidoking|Sludge Wave|p2a: Clefairy
|-supereffective|p2a: Clefairy
|-damage|p2a: Clefairy|10/100 par
|move|p2a: Clefairy|Moonblast|p1a: Nidoking
|-resisted|p1a: Nidoking
|-crit|p1a: Nidoking
|-damage|p1a: Nidoking|77/100
|
|upkeep
|turn|38
|c|☆kibos bathroom|we dont care
|
|t:|1635633259
|move|p1a: Nidoking|Flamethrower|p2a: Clefairy
|-damage|p2a: Clefairy|0 fnt
|faint|p2a: Clefairy
|
|upkeep
|c|☆Mimikyu Stardust|crit
|
|t:|1635633264
|switch|p2a: Shedinja|Shedinja|100/100
|turn|39
|c|☆Mimikyu Stardust|gen 1 miss
|
|t:|1635633269
|move|p1a: Nidoking|Flamethrower|p2a: Shedinja
|-supereffective|p2a: Shedinja
|-damage|p2a: Shedinja|0 fnt
|faint|p2a: Shedinja
|
|upkeep
|c|☆Mimikyu Stardust|damn
|
|t:|1635633274
|switch|p2a: Pyukumuku|Pyukumuku, F|88/100
|-damage|p2a: Pyukumuku|76/100|[from] Stealth Rock
|turn|40
|c|☆kibos bathroom|imagine
|c|☆kibos bathroom|LOL
|
|t:|1635633279
|switch|p1a: Corviknight|Corviknight, M|78/100
|-ability|p1a: Corviknight|Pressure
|move|p2a: Pyukumuku|Soak|p1a: Corviknight
|-start|p1a: Corviknight|typechange|Water
|
|-heal|p2a: Pyukumuku|82/100|[from] item: Leftovers
|upkeep
|turn|41
|j| Waffleztastegood
|
|t:|1635633284
|switch|p1a: Nidoking|Nidoking, M|77/100
|move|p2a: Pyukumuku|Soak|p1a: Nidoking
|-start|p1a: Nidoking|typechange|Water
|
|-heal|p2a: Pyukumuku|88/100|[from] item: Leftovers
|upkeep
|turn|42
|
|t:|1635633288
|switch|p1a: Corviknight|Corviknight, M|78/100
|-ability|p1a: Corviknight|Pressure
|move|p2a: Pyukumuku|Block|p1a: Corviknight
|-activate|p1a: Corviknight|trapped
|
|-heal|p2a: Pyukumuku|94/100|[from] item: Leftovers
|upkeep
|turn|43
|
|t:|1635633291
|move|p1a: Corviknight|U-turn|p2a: Pyukumuku
|-damage|p2a: Pyukumuku|83/100
|
|t:|1635633293
|switch|p1a: Blissey|Blissey, F|84/100|[from]move: U-turn
|move|p2a: Pyukumuku|Block|p1a: Blissey
|-activate|p1a: Blissey|trapped
|
|-heal|p2a: Pyukumuku|89/100|[from] item: Leftovers
|upkeep
|turn|44
|
|t:|1635633297
|move|p2a: Pyukumuku|Toxic|p1a: Blissey
|-status|p1a: Blissey|tox
|move|p1a: Blissey|Teleport|p1a: Blissey
|
|t:|1635633298
|-curestatus|p1a: Blissey|tox|[from] ability: Natural Cure
|switch|p1a: Corviknight|Corviknight, M|78/100|[from]move: Teleport
|-ability|p1a: Corviknight|Pressure
|
|-heal|p2a: Pyukumuku|95/100|[from] item: Leftovers
|upkeep
|turn|45
|c|☆Mimikyu Stardust|why you making good plays
|c|☆kibos bathroom|LOL
|c|☆kibos bathroom|dude I loved using this Pyuku set in gen 7 zu
|
|t:|1635633314
|move|p1a: Corviknight|Body Press|p2a: Pyukumuku
|-damage|p2a: Pyukumuku|78/100
|move|p2a: Pyukumuku|Soak|p1a: Corviknight
|-start|p1a: Corviknight|typechange|Water
|
|-heal|p2a: Pyukumuku|84/100|[from] item: Leftovers
|upkeep
|turn|46
|c|☆kibos bathroom|We're broken
|c|☆kibos bathroom|kibos bathroom
|
|t:|1635633323
|move|p1a: Corviknight|U-turn|p2a: Pyukumuku
|-damage|p2a: Pyukumuku|74/100
|
|t:|1635633326
|switch|p1a: Blissey|Blissey, F|84/100|[from]move: U-turn
|move|p2a: Pyukumuku|Soak|p1a: Blissey
|-start|p1a: Blissey|typechange|Water
|
|-heal|p2a: Pyukumuku|80/100|[from] item: Leftovers
|upkeep
|turn|47
|
|t:|1635633332
|move|p2a: Pyukumuku|Toxic|p1a: Blissey
|-status|p1a: Blissey|tox
|move|p1a: Blissey|Teleport|p1a: Blissey
|
|t:|1635633334
|-curestatus|p1a: Blissey|tox|[from] ability: Natural Cure
|switch|p1a: Corviknight|Corviknight, M|78/100|[from]move: Teleport
|-ability|p1a: Corviknight|Pressure
|
|-heal|p2a: Pyukumuku|86/100|[from] item: Leftovers
|upkeep
|turn|48
|
|t:|1635633337
|move|p1a: Corviknight|Body Press|p2a: Pyukumuku
|-damage|p2a: Pyukumuku|67/100
|move|p2a: Pyukumuku|Toxic|p1a: Corviknight
|-immune|p1a: Corviknight
|
|-heal|p2a: Pyukumuku|73/100|[from] item: Leftovers
|upkeep
|turn|49
|
|t:|1635633340
|move|p1a: Corviknight|Body Press|p2a: Pyukumuku
|-damage|p2a: Pyukumuku|53/100
|move|p2a: Pyukumuku|Toxic|p1a: Corviknight
|-immune|p1a: Corviknight
|
|-heal|p2a: Pyukumuku|59/100|[from] item: Leftovers
|upkeep
|turn|50
|c| SolaceAcheron|i just imagine 7 sweaty guys in a single bathroom playing rn
|
|t:|1635633343
|move|p1a: Corviknight|Body Press|p2a: Pyukumuku
|-damage|p2a: Pyukumuku|41/100
|move|p2a: Pyukumuku|Soak|p1a: Corviknight
|-start|p1a: Corviknight|typechange|Water
|
|-heal|p2a: Pyukumuku|47/100|[from] item: Leftovers
|upkeep
|turn|51
|c|☆kibos bathroom|LMAO
|c|☆Mimikyu Stardust|grrr
|c|☆kibos bathroom|HAHAHAHAHAH
|c|☆kibos bathroom|XDDDD
|c|☆Mimikyu Stardust|im tired of this
|c|☆Mimikyu Stardust|*yawn*
|
|t:|1635633355
|move|p1a: Corviknight|U-turn|p2a: Pyukumuku
|-damage|p2a: Pyukumuku|37/100
|c| gewwge|two playing and 5 watching
|
|t:|1635633357
|switch|p1a: Blissey|Blissey, F|84/100|[from]move: U-turn
|move|p2a: Pyukumuku|Rest|p2a: Pyukumuku
|-status|p2a: Pyukumuku|slp|[from] move: Rest
|-heal|p2a: Pyukumuku|100/100 slp|[silent]
|
|upkeep
|turn|52
|c|☆kibos bathroom|lmaooooo
|
|t:|1635633367
|move|p1a: Blissey|Seismic Toss|p2a: Pyukumuku
|-damage|p2a: Pyukumuku|69/100 slp
|cant|p2a: Pyukumuku|slp
|
|-heal|p2a: Pyukumuku|75/100 slp|[from] item: Leftovers
|upkeep
|turn|53
|
|t:|1635633370
|move|p1a: Blissey|Seismic Toss|p2a: Pyukumuku
|-damage|p2a: Pyukumuku|43/100 slp
|cant|p2a: Pyukumuku|slp
|
|-heal|p2a: Pyukumuku|49/100 slp|[from] item: Leftovers
|upkeep
|turn|54
|
|t:|1635633374
|move|p1a: Blissey|Seismic Toss|p2a: Pyukumuku
|-damage|p2a: Pyukumuku|17/100 slp
|-curestatus|p2a: Pyukumuku|slp|[msg]
|move|p2a: Pyukumuku|Rest|p2a: Pyukumuku
|-status|p2a: Pyukumuku|slp|[from] move: Rest
|-heal|p2a: Pyukumuku|100/100 slp|[silent]
|
|upkeep
|turn|55
|
|t:|1635633376
|cant|p2a: Pyukumuku|slp
|move|p1a: Blissey|Teleport|p1a: Blissey
|
|t:|1635633379
|switch|p1a: Dragapult|Dragapult, F|100/100|[from]move: Teleport
|
|upkeep
|turn|56
|c|☆kibos bathroom|chip
|
|t:|1635633383
|move|p1a: Dragapult|Shadow Ball|p2a: Pyukumuku
|-damage|p2a: Pyukumuku|61/100 slp
|cant|p2a: Pyukumuku|slp
|
|-heal|p2a: Pyukumuku|67/100 slp|[from] item: Leftovers
|upkeep
|turn|57
|
|t:|1635633388
|move|p1a: Dragapult|Shadow Ball|p2a: Pyukumuku
|-damage|p2a: Pyukumuku|27/100 slp
|-unboost|p2a: Pyukumuku|spd|1
|-curestatus|p2a: Pyukumuku|slp|[msg]
|move|p2a: Pyukumuku|Rest|p2a: Pyukumuku
|-status|p2a: Pyukumuku|slp|[from] move: Rest
|-heal|p2a: Pyukumuku|100/100 slp|[silent]
|
|upkeep
|turn|58
|
|t:|1635633391
|move|p1a: Dragapult|Shadow Ball|p2a: Pyukumuku
|-damage|p2a: Pyukumuku|41/100 slp
|cant|p2a: Pyukumuku|slp
|
|-heal|p2a: Pyukumuku|47/100 slp|[from] item: Leftovers
|upkeep
|turn|59
|c|☆Mimikyu Stardust|noo
|c|☆Mimikyu Stardust|cucumber man
|c|☆kibos bathroom|gg
|c|☆Mimikyu Stardust|ggg
|c| gewwge|oh well
|c|☆kibos bathroom|Join our bathroom
|c| gewwge|gg
|
|t:|1635633403
|move|p1a: Dragapult|Shadow Ball|p2a: Pyukumuku
|-damage|p2a: Pyukumuku|0 fnt
|faint|p2a: Pyukumuku
|
|win|kibos bathroom
|n|☆kibos bathroom|kibosbathroom
|n|☆Mimikyu Stardust|mimikyustardust
|n| SolaceAcheron|solaceacheron
|n| h moment|hmoment
|n| HYper|hyper
|n| gewwge|gewwge
|n| Waffleztastegood|waffleztastegood
|l| HYper
|l|☆Mimikyu Stardust
|c|☆kibos bathroom|join the bathroom
|c|☆kibos bathroom|thats gay
|l| SolaceAcheron
|c|☆kibos bathroom|not if you don't wear socks
|l| Waffleztastegood
|l| gewwge
|c|☆kibos bathroom|or if you do
|c|☆kibos bathroom|idk
|c|☆kibos bathroom|if u guys dont win now after talking big game ima laugh at u
|j| SpookyPatata
