|j|☆Stellar Flares
|j|☆Just for laddering
|inactive|Battle timer is ON: inactive players will automatically lose when time's up.
|t:|1643195135
|gametype|singles
|player|p1|Stellar Flares|palmer|
|player|p2|Just for laddering|az|
|teamsize|p1|6
|teamsize|p2|6
|gen|8
|tier|[Gen 8] OU
|rated|Tournament battle
|rule|Sleep Clause Mod: Limit one foe put to sleep
|rule|Species Clause: Limit one of each Pokémon
|rule|OHKO Clause: OHKO moves are banned
|rule|Evasion Moves Clause: Evasion moves are banned
|rule|Endless Battle Clause: Forcing endless battles is banned
|rule|HP Percentage Mod: HP is shown in percentages
|rule|Dynamax Clause: You cannot dynamax
|clearpoke
|poke|p1|Espeon, F|
|poke|p1|Buzzwole|
|poke|p1|Corviknight, M|
|poke|p1|Quagsire, F|
|poke|p1|Blissey, F|
|poke|p1|Toxapex, M|
|poke|p2|Zapdos-Galar|
|poke|p2|Zeraora|
|poke|p2|Garchomp, F|
|poke|p2|Ferrothorn, M|
|poke|p2|Tornadus-Therian, M|
|poke|p2|Tapu Fini|
|teampreview
|
|t:|1643195147
|start
|switch|p1a: Toxapex|Toxapex, M|100/100
|switch|p2a: Garchomp|Garchomp, F|100/100
|turn|1
|
|t:|1643195152
|switch|p1a: Corviknight|Corviknight, M|100/100
|-ability|p1a: Corviknight|Pressure
|move|p2a: Garchomp|Earthquake|p1a: Corviknight
|-immune|p1a: Corviknight
|
|upkeep
|turn|2
|
|t:|1643195154
|move|p2a: Garchomp|Stealth Rock|p1a: Corviknight
|-sidestart|p1: Stellar Flares|move: Stealth Rock
|move|p1a: Corviknight|Bulk Up|p1a: Corviknight
|-boost|p1a: Corviknight|atk|1
|-boost|p1a: Corviknight|def|1
|
|upkeep
|turn|3
|
|t:|1643195161
|switch|p2a: Tapu Fini|Tapu Fini|100/100
|-fieldstart|move: Misty Terrain|[from] ability: Misty Surge|[of] p2a: Tapu Fini
|move|p1a: Corviknight|Defog|p2a: Tapu Fini
|-unboost|p2a: Tapu Fini|evasion|1
|-sideend|p1: Stellar Flares|Stealth Rock|[from] move: Defog|[of] p1a: Corviknight
|-fieldend|Misty Terrain
|
|upkeep
|turn|4
|
|t:|1643195166
|switch|p1a: Toxapex|Toxapex, M|100/100
|move|p2a: Tapu Fini|Taunt|p1a: Toxapex
|-start|p1a: Toxapex|move: Taunt
|
|upkeep
|turn|5
|
|t:|1643195170
|switch|p2a: Garchomp|Garchomp, F|100/100
|move|p1a: Toxapex|Knock Off|p2a: Garchomp
|-damage|p2a: Garchomp|89/100
|-damage|p1a: Toxapex|88/100|[from] ability: Rough Skin|[of] p2a: Garchomp
|-enditem|p2a: Garchomp|Leftovers|[from] move: Knock Off|[of] p1a: Toxapex
|
|upkeep
|turn|6
|
|t:|1643195177
|switch|p2a: Tapu Fini|Tapu Fini|100/100
|-fieldstart|move: Misty Terrain|[from] ability: Misty Surge|[of] p2a: Tapu Fini
|switch|p1a: Corviknight|Corviknight, M|100/100
|-ability|p1a: Corviknight|Pressure
|
|upkeep
|turn|7
|
|t:|1643195180
|switch|p1a: Toxapex|Toxapex, M|100/100
|move|p2a: Tapu Fini|Whirlpool|p1a: Toxapex
|-resisted|p1a: Toxapex
|-damage|p1a: Toxapex|97/100
|-activate|p1a: Toxapex|move: Whirlpool|[of] p2a: Tapu Fini
|
|-damage|p1a: Toxapex|84/100|[from] move: Whirlpool|[partiallytrapped]
|upkeep
|turn|8
|
|t:|1643195185
|move|p2a: Tapu Fini|Taunt|p1a: Toxapex
|-start|p1a: Toxapex|move: Taunt
|move|p1a: Toxapex|Knock Off|p2a: Tapu Fini
|-resisted|p2a: Tapu Fini
|-damage|p2a: Tapu Fini|95/100
|-enditem|p2a: Tapu Fini|Leftovers|[from] move: Knock Off|[of] p1a: Toxapex
|
|-damage|p1a: Toxapex|72/100|[from] move: Whirlpool|[partiallytrapped]
|upkeep
|turn|9
|
|t:|1643195191
|switch|p1a: Espeon|Espeon, F|100/100
|move|p2a: Tapu Fini|Nature's Madness|p1a: Espeon
|-damage|p1a: Espeon|50/100
|
|-heal|p1a: Espeon|56/100|[from] item: Leftovers
|upkeep
|turn|10
|
|t:|1643195200
|move|p1a: Espeon|Copycat|p1a: Espeon
|move|p1a: Espeon|Nature's Madness|p2a: Tapu Fini|[from]move: Copycat
|-damage|p2a: Tapu Fini|48/100
|move|p2a: Tapu Fini|Moonblast|p1a: Espeon
|-damage|p1a: Espeon|32/100
|-unboost|p1a: Espeon|spa|1
|
|-heal|p1a: Espeon|38/100|[from] item: Leftovers
|-fieldend|Misty Terrain
|upkeep
|turn|11
|
|t:|1643195207
|move|p1a: Espeon|Wish|p1a: Espeon
|move|p2a: Tapu Fini|Whirlpool|p1a: Espeon
|-damage|p1a: Espeon|30/100
|-activate|p1a: Espeon|move: Whirlpool|[of] p2a: Tapu Fini
|
|-heal|p1a: Espeon|36/100|[from] item: Leftovers
|-damage|p1a: Espeon|23/100|[from] move: Whirlpool|[partiallytrapped]
|upkeep
|turn|12
|j| Stunfisk2140
|
|t:|1643195214
|move|p1a: Espeon|Protect|p1a: Espeon
|-singleturn|p1a: Espeon|Protect
|move|p2a: Tapu Fini|Moonblast|p1a: Espeon
|-activate|p1a: Espeon|move: Protect
|
|-heal|p1a: Espeon|73/100|[from] move: Wish|[wisher] Espeon
|-heal|p1a: Espeon|79/100|[from] item: Leftovers
|-damage|p1a: Espeon|67/100|[from] move: Whirlpool|[partiallytrapped]
|upkeep
|turn|13
|l| Stunfisk2140
|
|t:|1643195219
|move|p1a: Espeon|Wish|p1a: Espeon
|move|p2a: Tapu Fini|Taunt|p1a: Espeon
|move|p1a: Espeon|Taunt|p2a: Tapu Fini|[from]ability: Magic Bounce
|-start|p2a: Tapu Fini|move: Taunt
|
|-heal|p1a: Espeon|73/100|[from] item: Leftovers
|-damage|p1a: Espeon|61/100|[from] move: Whirlpool|[partiallytrapped]
|upkeep
|turn|14
|
|t:|1643195227
|switch|p2a: Ferrothorn|Ferrothorn, M|100/100
|move|p1a: Espeon|Psychic|p2a: Ferrothorn
|-resisted|p2a: Ferrothorn
|-damage|p2a: Ferrothorn|90/100
|
|-heal|p1a: Espeon|100/100|[from] move: Wish|[wisher] Espeon
|-heal|p2a: Ferrothorn|97/100|[from] item: Leftovers
|-end|p1a: Espeon|Whirlpool|[partiallytrapped]|[silent]
|upkeep
|turn|15
|
|t:|1643195233
|switch|p1a: Toxapex|Toxapex, M|100/100
|move|p2a: Ferrothorn|Knock Off|p1a: Toxapex
|-damage|p1a: Toxapex|87/100
|-enditem|p1a: Toxapex|Shed Shell|[from] move: Knock Off|[of] p2a: Ferrothorn
|
|-heal|p2a: Ferrothorn|100/100|[from] item: Leftovers
|upkeep
|turn|16
|
|t:|1643195237
|move|p1a: Toxapex|Scald|p2a: Ferrothorn
|-resisted|p2a: Ferrothorn
|-damage|p2a: Ferrothorn|94/100
|move|p2a: Ferrothorn|Spikes|p1a: Toxapex
|-sidestart|p1: Stellar Flares|Spikes
|
|-heal|p2a: Ferrothorn|99/100|[from] item: Leftovers
|upkeep
|turn|17
|
|t:|1643195246
|move|p1a: Toxapex|Scald|p2a: Ferrothorn
|-resisted|p2a: Ferrothorn
|-damage|p2a: Ferrothorn|93/100
|move|p2a: Ferrothorn|Leech Seed|p1a: Toxapex
|-start|p1a: Toxapex|move: Leech Seed
|
|-heal|p2a: Ferrothorn|99/100|[from] item: Leftovers
|-damage|p1a: Toxapex|74/100|[from] Leech Seed|[of] p2a: Ferrothorn
|-heal|p2a: Ferrothorn|100/100|[silent]
|upkeep
|turn|18
|
|t:|1643195252
|move|p1a: Toxapex|Scald|p2a: Ferrothorn
|-resisted|p2a: Ferrothorn
|-damage|p2a: Ferrothorn|93/100
|move|p2a: Ferrothorn|Spikes|p1a: Toxapex
|-sidestart|p1: Stellar Flares|Spikes
|
|-heal|p2a: Ferrothorn|99/100|[from] item: Leftovers
|-damage|p1a: Toxapex|62/100|[from] Leech Seed|[of] p2a: Ferrothorn
|-heal|p2a: Ferrothorn|100/100|[silent]
|upkeep
|turn|19
|
|t:|1643195262
|switch|p1a: Corviknight|Corviknight, M|100/100
|-ability|p1a: Corviknight|Pressure
|switch|p2a: Tapu Fini|Tapu Fini|48/100
|-fieldstart|move: Misty Terrain|[from] ability: Misty Surge|[of] p2a: Tapu Fini
|
|upkeep
|turn|20
|
|t:|1643195265
|switch|p1a: Espeon|Espeon, F|100/100
|-damage|p1a: Espeon|84/100|[from] Spikes
|move|p2a: Tapu Fini|Whirlpool|p1a: Espeon
|-damage|p1a: Espeon|75/100
|-activate|p1a: Espeon|move: Whirlpool|[of] p2a: Tapu Fini
|
|-heal|p1a: Espeon|81/100|[from] item: Leftovers
|-damage|p1a: Espeon|69/100|[from] move: Whirlpool|[partiallytrapped]
|upkeep
|turn|21
|
|t:|1643195274
|switch|p2a: Zeraora|Zeraora|100/100
|move|p1a: Espeon|Wish|p1a: Espeon
|
|-heal|p1a: Espeon|75/100|[from] item: Leftovers
|-end|p1a: Espeon|Whirlpool|[partiallytrapped]|[silent]
|upkeep
|turn|22
|
|t:|1643195302
|switch|p2a: Ferrothorn|Ferrothorn, M|100/100
|move|p1a: Espeon|Protect||[still]
|-fail|p1a: Espeon
|
|-heal|p1a: Espeon|100/100|[from] move: Wish|[wisher] Espeon
|upkeep
|turn|23
|
|t:|1643195307
|switch|p1a: Corviknight|Corviknight, M|100/100
|-ability|p1a: Corviknight|Pressure
|move|p2a: Ferrothorn|Knock Off|p1a: Corviknight
|-damage|p1a: Corviknight|84/100
|-enditem|p1a: Corviknight|Leftovers|[from] move: Knock Off|[of] p2a: Ferrothorn
|
|-fieldend|Misty Terrain
|upkeep
|turn|24
|
|t:|1643195314
|move|p1a: Corviknight|Bulk Up|p1a: Corviknight
|-boost|p1a: Corviknight|atk|1
|-boost|p1a: Corviknight|def|1
|move|p2a: Ferrothorn|Leech Seed|p1a: Corviknight
|-start|p1a: Corviknight|move: Leech Seed
|
|-damage|p1a: Corviknight|72/100|[from] Leech Seed|[of] p2a: Ferrothorn
|upkeep
|turn|25
|
|t:|1643195321
|switch|p2a: Tapu Fini|Tapu Fini|48/100
|-fieldstart|move: Misty Terrain|[from] ability: Misty Surge|[of] p2a: Tapu Fini
|move|p1a: Corviknight|Defog|p2a: Tapu Fini
|-unboost|p2a: Tapu Fini|evasion|1
|-sideend|p1: Stellar Flares|Spikes|[from] move: Defog|[of] p1a: Corviknight
|-fieldend|Misty Terrain
|
|-damage|p1a: Corviknight|59/100|[from] Leech Seed|[of] p2a: Tapu Fini
|-heal|p2a: Tapu Fini|62/100|[silent]
|upkeep
|turn|26
|
|t:|1643195331
|switch|p2a: Ferrothorn|Ferrothorn, M|100/100
|switch|p1a: Espeon|Espeon, F|100/100
|
|upkeep
|turn|27
|
|t:|1643195336
|switch|p1a: Toxapex|Toxapex, M|96/100
|move|p2a: Ferrothorn|Knock Off|p1a: Toxapex
|-damage|p1a: Toxapex|87/100
|
|upkeep
|turn|28
|
|t:|1643195340
|move|p1a: Toxapex|Scald|p2a: Ferrothorn
|-resisted|p2a: Ferrothorn
|-damage|p2a: Ferrothorn|94/100
|-status|p2a: Ferrothorn|brn
|move|p2a: Ferrothorn|Leech Seed|p1a: Toxapex|[miss]
|-miss|p2a: Ferrothorn|p1a: Toxapex
|
|-heal|p2a: Ferrothorn|99/100 brn|[from] item: Leftovers
|-damage|p2a: Ferrothorn|94/100 brn|[from] brn
|upkeep
|turn|29
|
|t:|1643195348
|switch|p1a: Espeon|Espeon, F|100/100
|move|p2a: Ferrothorn|Spikes|p1a: Espeon
|move|p1a: Espeon|Spikes|p2a: Ferrothorn|[from]ability: Magic Bounce
|-sidestart|p2: Just for laddering|Spikes
|
|-heal|p2a: Ferrothorn|99/100 brn|[from] item: Leftovers
|-damage|p2a: Ferrothorn|94/100 brn|[from] brn
|upkeep
|turn|30
|j| Goktugra2
|l| Goktugra2
|
|t:|1643195357
|switch|p2a: Zapdos|Zapdos-Galar|100/100
|move|p1a: Espeon|Copycat|p1a: Espeon
|move|p1a: Espeon|Spikes|p2a: Zapdos|[from]move: Copycat
|-sidestart|p2: Just for laddering|Spikes
|
|upkeep
|turn|31
|
|t:|1643195366
|move|p1a: Espeon|Protect|p1a: Espeon
|-singleturn|p1a: Espeon|Protect
|move|p2a: Zapdos|Brave Bird|p1a: Espeon
|-activate|p1a: Espeon|move: Protect
|
|upkeep
|turn|32
|
|t:|1643195372
|switch|p1a: Toxapex|Toxapex, M|100/100
|move|p2a: Zapdos|Brave Bird|p1a: Toxapex
|-damage|p1a: Toxapex|39/100
|-damage|p2a: Zapdos|81/100|[from] Recoil
|
|upkeep
|turn|33
|
|t:|1643195390
|switch|p1a: Buzzwole|Buzzwole|100/100
|move|p2a: Zapdos|Brave Bird|p1a: Buzzwole
|-supereffective|p1a: Buzzwole
|-damage|p1a: Buzzwole|0 fnt
|-damage|p2a: Zapdos|65/100|[from] item: Rocky Helmet|[of] p1a: Buzzwole
|faint|p1a: Buzzwole
|-damage|p2a: Zapdos|22/100|[from] Recoil
|
|upkeep
|
|t:|1643195393
|switch|p1a: Corviknight|Corviknight, M|59/100
|-ability|p1a: Corviknight|Pressure
|turn|34
|
|t:|1643195408
|switch|p2a: Tornadus|Tornadus-Therian, M|100/100
|move|p1a: Corviknight|Roost|p1a: Corviknight
|-heal|p1a: Corviknight|100/100
|-singleturn|p1a: Corviknight|move: Roost
|
|upkeep
|turn|35
|
|t:|1643195421
|switch|p1a: Toxapex|Toxapex, M|72/100
|move|p2a: Tornadus|Hurricane|p1a: Toxapex|[miss]
|-miss|p2a: Tornadus|p1a: Toxapex
|
|upkeep
|turn|36
|
|t:|1643195430
|move|p2a: Tornadus|U-turn|p1a: Toxapex
|-resisted|p1a: Toxapex
|-damage|p1a: Toxapex|67/100
|
|t:|1643195433
|switch|p2a: Ferrothorn|Ferrothorn, M|94/100 brn|[from]move: U-turn
|-damage|p2a: Ferrothorn|77/100 brn|[from] Spikes
|move|p1a: Toxapex|Recover|p1a: Toxapex
|-heal|p1a: Toxapex|100/100
|
|-heal|p2a: Ferrothorn|83/100 brn|[from] item: Leftovers
|-damage|p2a: Ferrothorn|77/100 brn|[from] brn
|upkeep
|turn|37
|
|t:|1643195443
|switch|p1a: Espeon|Espeon, F|100/100
|move|p2a: Ferrothorn|Knock Off|p1a: Espeon
|-supereffective|p1a: Espeon
|-damage|p1a: Espeon|68/100
|-enditem|p1a: Espeon|Leftovers|[from] move: Knock Off|[of] p2a: Ferrothorn
|
|-heal|p2a: Ferrothorn|83/100 brn|[from] item: Leftovers
|-damage|p2a: Ferrothorn|77/100 brn|[from] brn
|upkeep
|turn|38
|
|t:|1643195450
|move|p1a: Espeon|Wish|p1a: Espeon
|move|p2a: Ferrothorn|Iron Head|p1a: Espeon
|-damage|p1a: Espeon|47/100
|
|-heal|p2a: Ferrothorn|83/100 brn|[from] item: Leftovers
|-damage|p2a: Ferrothorn|77/100 brn|[from] brn
|upkeep
|turn|39
|
|t:|1643195458
|switch|p2a: Tornadus|Tornadus-Therian, M|100/100
|move|p1a: Espeon|Psychic|p2a: Tornadus
|-damage|p2a: Tornadus|74/100
|
|-heal|p1a: Espeon|97/100|[from] move: Wish|[wisher] Espeon
|upkeep
|turn|40
|
|t:|1643195482
|switch|p1a: Corviknight|Corviknight, M|100/100
|-ability|p1a: Corviknight|Pressure
|move|p2a: Tornadus|U-turn|p1a: Corviknight
|-resisted|p1a: Corviknight
|-damage|p1a: Corviknight|98/100
|
|t:|1643195486
|switch|p2a: Garchomp|Garchomp, F|89/100|[from]move: U-turn
|-damage|p2a: Garchomp|72/100|[from] Spikes
|
|upkeep
|turn|41
|
|t:|1643195492
|move|p2a: Garchomp|Earthquake|p1a: Corviknight
|-immune|p1a: Corviknight
|move|p1a: Corviknight|Bulk Up|p1a: Corviknight
|-boost|p1a: Corviknight|atk|1
|-boost|p1a: Corviknight|def|1
|
|upkeep
|turn|42
|
|t:|1643195496
|move|p2a: Garchomp|Stealth Rock|p1a: Corviknight
|-sidestart|p1: Stellar Flares|move: Stealth Rock
|move|p1a: Corviknight|Brave Bird|p2a: Garchomp
|-damage|p2a: Garchomp|33/100
|-damage|p1a: Corviknight|85/100|[from] ability: Rough Skin|[of] p2a: Garchomp
|-damage|p1a: Corviknight|72/100|[from] Recoil
|
|upkeep
|turn|43
|
|t:|1643195510
|switch|p2a: Tornadus|Tornadus-Therian, M|100/100
|move|p1a: Corviknight|Defog|p2a: Tornadus
|-unboost|p2a: Tornadus|evasion|1
|-sideend|p2: Just for laddering|Spikes|[from] move: Defog|[of] p1a: Corviknight
|-sideend|p1: Stellar Flares|Stealth Rock|[from] move: Defog|[of] p1a: Corviknight
|
|upkeep
|turn|44
|
|t:|1643195518
|move|p2a: Tornadus|Heat Wave|p1a: Corviknight|[miss]
|-miss|p2a: Tornadus|p1a: Corviknight
|move|p1a: Corviknight|Roost|p1a: Corviknight
|-heal|p1a: Corviknight|100/100
|-singleturn|p1a: Corviknight|move: Roost
|
|upkeep
|turn|45
|
|t:|1643195525
|switch|p2a: Garchomp|Garchomp, F|33/100
|switch|p1a: Toxapex|Toxapex, M|100/100
|
|upkeep
|turn|46
|inactive|Stellar Flares has 120 seconds left.
|
|t:|1643195579
|switch|p1a: Corviknight|Corviknight, M|100/100
|-ability|p1a: Corviknight|Pressure
|move|p2a: Garchomp|Earthquake|p1a: Corviknight
|-immune|p1a: Corviknight
|
|upkeep
|turn|47
|
|t:|1643195583
|move|p2a: Garchomp|Stealth Rock|p1a: Corviknight
|-sidestart|p1: Stellar Flares|move: Stealth Rock
|move|p1a: Corviknight|Bulk Up|p1a: Corviknight
|-boost|p1a: Corviknight|atk|1
|-boost|p1a: Corviknight|def|1
|
|upkeep
|turn|48
|
|t:|1643195587
|switch|p2a: Zapdos|Zapdos-Galar|22/100
|move|p1a: Corviknight|Defog|p2a: Zapdos
|-unboost|p2a: Zapdos|evasion|1
|-ability|p2a: Zapdos|Defiant
|-boost|p2a: Zapdos|atk|2
|-sideend|p1: Stellar Flares|Stealth Rock|[from] move: Defog|[of] p1a: Corviknight
|
|upkeep
|turn|49
|inactive|Stellar Flares has 120 seconds left.
|
|t:|1643195623
|switch|p1a: Toxapex|Toxapex, M|100/100
|move|p2a: Zapdos|Close Combat|p1a: Toxapex
|-resisted|p1a: Toxapex
|-damage|p1a: Toxapex|45/100
|-unboost|p2a: Zapdos|def|1
|-unboost|p2a: Zapdos|spd|1
|
|upkeep
|turn|50
|inactive|Stellar Flares has 90 seconds left.
|
|t:|1643195640
|switch|p1a: Blissey|Blissey, F|100/100
|move|p2a: Zapdos|Close Combat|p1a: Blissey
|-supereffective|p1a: Blissey
|-damage|p1a: Blissey|0 fnt
|-unboost|p2a: Zapdos|def|1
|-unboost|p2a: Zapdos|spd|1
|faint|p1a: Blissey
|
|upkeep
|
|t:|1643195644
|switch|p1a: Toxapex|Toxapex, M|79/100
|turn|51
|
|t:|1643195649
|switch|p2a: Garchomp|Garchomp, F|33/100
|move|p1a: Toxapex|Scald|p2a: Garchomp
|-crit|p2a: Garchomp
|-damage|p2a: Garchomp|8/100
|
|upkeep
|turn|52
|
|t:|1643195652
|switch|p1a: Corviknight|Corviknight, M|100/100
|-ability|p1a: Corviknight|Pressure
|move|p2a: Garchomp|Stealth Rock|p1a: Corviknight
|-sidestart|p1: Stellar Flares|move: Stealth Rock
|
|upkeep
|turn|53
|inactive|Stellar Flares has 120 seconds left.
|
|t:|1643195678
|switch|p2a: Zapdos|Zapdos-Galar|22/100
|move|p1a: Corviknight|Bulk Up|p1a: Corviknight
|-boost|p1a: Corviknight|atk|1
|-boost|p1a: Corviknight|def|1
|
|upkeep
|turn|54
|
|t:|1643195684
|switch|p2a: Garchomp|Garchomp, F|8/100
|move|p1a: Corviknight|Roost||[still]
|-fail|p1a: Corviknight|heal
|
|upkeep
|turn|55
|
|t:|1643195689
|switch|p2a: Zapdos|Zapdos-Galar|22/100
|move|p1a: Corviknight|Bulk Up|p1a: Corviknight
|-boost|p1a: Corviknight|atk|1
|-boost|p1a: Corviknight|def|1
|
|upkeep
|turn|56
|inactive|Stellar Flares has 120 seconds left.
|
|t:|1643195703
|switch|p2a: Tapu Fini|Tapu Fini|62/100
|-fieldstart|move: Misty Terrain|[from] ability: Misty Surge|[of] p2a: Tapu Fini
|move|p1a: Corviknight|Roost||[still]
|-fail|p1a: Corviknight|heal
|
|upkeep
|turn|57
|inactive|Stellar Flares has 120 seconds left.
|
|t:|1643195716
|switch|p1a: Espeon|Espeon, F|97/100
|-damage|p1a: Espeon|84/100|[from] Stealth Rock
|move|p2a: Tapu Fini|Whirlpool|p1a: Espeon
|-damage|p1a: Espeon|76/100
|-activate|p1a: Espeon|move: Whirlpool|[of] p2a: Tapu Fini
|
|-damage|p1a: Espeon|64/100|[from] move: Whirlpool|[partiallytrapped]
|upkeep
|turn|58
|inactive|Stellar Flares has 120 seconds left.
|inactive|Just for laddering has 120 seconds left.
|
|t:|1643195748
|switch|p2a: Tornadus|Tornadus-Therian, M|100/100
|move|p1a: Espeon|Wish|p1a: Espeon
|
|-end|p1a: Espeon|Whirlpool|[partiallytrapped]|[silent]
|upkeep
|turn|59
|inactive|Stellar Flares has 120 seconds left.
|
|t:|1643195760
|move|p1a: Espeon|Protect|p1a: Espeon
|-singleturn|p1a: Espeon|Protect
|move|p2a: Tornadus|Hurricane|p1a: Espeon
|-activate|p1a: Espeon|move: Protect
|
|-heal|p1a: Espeon|100/100|[from] move: Wish|[wisher] Espeon
|upkeep
|turn|60
|
|t:|1643195766
|move|p2a: Tornadus|U-turn|p1a: Espeon
|-supereffective|p1a: Espeon
|-damage|p1a: Espeon|58/100
|
|t:|1643195769
|switch|p2a: Ferrothorn|Ferrothorn, M|77/100 brn|[from]move: U-turn
|move|p1a: Espeon|Wish|p1a: Espeon
|
|-heal|p2a: Ferrothorn|83/100 brn|[from] item: Leftovers
|-damage|p2a: Ferrothorn|77/100 brn|[from] brn
|-fieldend|Misty Terrain
|upkeep
|turn|61
|
|t:|1643195773
|switch|p2a: Tornadus|Tornadus-Therian, M|100/100
|move|p1a: Espeon|Psychic|p2a: Tornadus
|-damage|p2a: Tornadus|72/100
|
|-heal|p1a: Espeon|100/100|[from] move: Wish|[wisher] Espeon
|upkeep
|turn|62
|
|t:|1643195780
|switch|p2a: Ferrothorn|Ferrothorn, M|77/100 brn
|switch|p1a: Toxapex|Toxapex, M|100/100
|-damage|p1a: Toxapex|88/100|[from] Stealth Rock
|
|-heal|p2a: Ferrothorn|83/100 brn|[from] item: Leftovers
|-damage|p2a: Ferrothorn|77/100 brn|[from] brn
|upkeep
|turn|63
|inactive|Just for laddering has 120 seconds left.
|
|t:|1643195810
|switch|p2a: Garchomp|Garchomp, F|8/100
|move|p1a: Toxapex|Knock Off|p2a: Garchomp
|-damage|p2a: Garchomp|1/100
|-damage|p1a: Toxapex|76/100|[from] ability: Rough Skin|[of] p2a: Garchomp
|
|upkeep
|turn|64
|inactive|Just for laddering has 120 seconds left.
|
|t:|1643195823
|switch|p2a: Zeraora|Zeraora|100/100
|move|p1a: Toxapex|Scald|p2a: Zeraora
|-damage|p2a: Zeraora|79/100
|
|upkeep
|turn|65
|
|t:|1643195833
|switch|p2a: Tapu Fini|Tapu Fini|62/100
|-fieldstart|move: Misty Terrain|[from] ability: Misty Surge|[of] p2a: Tapu Fini
|switch|p1a: Quagsire|Quagsire, F|100/100
|-damage|p1a: Quagsire|94/100|[from] Stealth Rock
|
|-heal|p1a: Quagsire|100/100|[from] item: Leftovers
|upkeep
|turn|66
|
|t:|1643195841
|switch|p2a: Tornadus|Tornadus-Therian, M|100/100
|switch|p1a: Espeon|Espeon, F|100/100
|-damage|p1a: Espeon|88/100|[from] Stealth Rock
|
|upkeep
|turn|67
|
|t:|1643195845
|move|p2a: Tornadus|Hurricane|p1a: Espeon
|-damage|p1a: Espeon|59/100
|move|p1a: Espeon|Wish|p1a: Espeon
|
|upkeep
|turn|68
|
|t:|1643195852
|move|p1a: Espeon|Protect|p1a: Espeon
|-singleturn|p1a: Espeon|Protect
|move|p2a: Tornadus|U-turn|p1a: Espeon
|-activate|p1a: Espeon|move: Protect
|
|-heal|p1a: Espeon|100/100|[from] move: Wish|[wisher] Espeon
|upkeep
|turn|69
|
|t:|1643195856
|switch|p1a: Toxapex|Toxapex, M|100/100
|-damage|p1a: Toxapex|88/100|[from] Stealth Rock
|move|p2a: Tornadus|U-turn|p1a: Toxapex
|-resisted|p1a: Toxapex
|-damage|p1a: Toxapex|84/100
|
|t:|1643195860
|switch|p2a: Garchomp|Garchomp, F|1/100|[from]move: U-turn
|
|-fieldend|Misty Terrain
|upkeep
|turn|70
|
|t:|1643195862
|move|p2a: Garchomp|Earthquake|p1a: Toxapex
|-supereffective|p1a: Toxapex
|-damage|p1a: Toxapex|24/100
|move|p1a: Toxapex|Scald|p2a: Garchomp
|-crit|p2a: Garchomp
|-damage|p2a: Garchomp|0 fnt
|faint|p2a: Garchomp
|
|upkeep
|
|t:|1643195873
|switch|p2a: Zapdos|Zapdos-Galar|22/100
|turn|71
|
|t:|1643195902
|switch|p1a: Corviknight|Corviknight, M|100/100
|-damage|p1a: Corviknight|88/100|[from] Stealth Rock
|-ability|p1a: Corviknight|Pressure
|move|p2a: Zapdos|Close Combat|p1a: Corviknight
|-damage|p1a: Corviknight|16/100
|-unboost|p2a: Zapdos|def|1
|-unboost|p2a: Zapdos|spd|1
|
|upkeep
|turn|72
|
|t:|1643195908
|move|p2a: Zapdos|Close Combat|p1a: Corviknight
|-damage|p1a: Corviknight|0 fnt
|-unboost|p2a: Zapdos|def|1
|-unboost|p2a: Zapdos|spd|1
|faint|p1a: Corviknight
|
|upkeep
|
|t:|1643195912
|switch|p1a: Toxapex|Toxapex, M|57/100
|-damage|p1a: Toxapex|45/100|[from] Stealth Rock
|turn|73
|
|t:|1643195916
|switch|p2a: Ferrothorn|Ferrothorn, M|77/100 brn
|move|p1a: Toxapex|Recover|p1a: Toxapex
|-heal|p1a: Toxapex|95/100
|
|-heal|p2a: Ferrothorn|83/100 brn|[from] item: Leftovers
|-damage|p2a: Ferrothorn|77/100 brn|[from] brn
|upkeep
|turn|74
|
|t:|1643195921
|switch|p1a: Espeon|Espeon, F|100/100
|-damage|p1a: Espeon|88/100|[from] Stealth Rock
|move|p2a: Ferrothorn|Leech Seed|p1a: Espeon
|move|p1a: Espeon|Leech Seed|p2a: Ferrothorn|[from]ability: Magic Bounce
|-immune|p2a: Ferrothorn
|
|-heal|p2a: Ferrothorn|83/100 brn|[from] item: Leftovers
|-damage|p2a: Ferrothorn|77/100 brn|[from] brn
|upkeep
|turn|75
|
|t:|1643195929
|switch|p2a: Tornadus|Tornadus-Therian, M|100/100
|move|p1a: Espeon|Copycat|p1a: Espeon
|move|p1a: Espeon|Leech Seed|p2a: Tornadus|[from]move: Copycat
|-start|p2a: Tornadus|move: Leech Seed
|
|-damage|p2a: Tornadus|88/100|[from] Leech Seed|[of] p1a: Espeon
|-heal|p1a: Espeon|100/100|[silent]
|upkeep
|turn|76
|
|t:|1643195934
|move|p2a: Tornadus|U-turn|p1a: Espeon
|-supereffective|p1a: Espeon
|-damage|p1a: Espeon|59/100
|
|t:|1643195938
|switch|p2a: Zeraora|Zeraora|79/100|[from]move: U-turn
|move|p1a: Espeon|Wish|p1a: Espeon
|
|upkeep
|turn|77
|
|t:|1643195942
|move|p1a: Espeon|Protect|p1a: Espeon
|-singleturn|p1a: Espeon|Protect
|move|p2a: Zeraora|Knock Off|p1a: Espeon
|-activate|p1a: Espeon|move: Protect
|
|-heal|p1a: Espeon|100/100|[from] move: Wish|[wisher] Espeon
|upkeep
|turn|78
|
|t:|1643195946
|switch|p2a: Tornadus|Tornadus-Therian, M|100/100
|switch|p1a: Quagsire|Quagsire, F|100/100
|-damage|p1a: Quagsire|94/100|[from] Stealth Rock
|
|-heal|p1a: Quagsire|100/100|[from] item: Leftovers
|upkeep
|turn|79
|
|t:|1643195951
|switch|p1a: Toxapex|Toxapex, M|100/100
|-damage|p1a: Toxapex|88/100|[from] Stealth Rock
|move|p2a: Tornadus|U-turn|p1a: Toxapex
|-resisted|p1a: Toxapex
|-damage|p1a: Toxapex|84/100
|
|t:|1643195955
|switch|p2a: Zeraora|Zeraora|79/100|[from]move: U-turn
|
|upkeep
|turn|80
|
|t:|1643195960
|switch|p1a: Quagsire|Quagsire, F|100/100
|-damage|p1a: Quagsire|94/100|[from] Stealth Rock
|move|p2a: Zeraora|Knock Off|p1a: Quagsire
|-damage|p1a: Quagsire|75/100
|-enditem|p1a: Quagsire|Leftovers|[from] move: Knock Off|[of] p2a: Zeraora
|
|upkeep
|turn|81
|
|t:|1643195967
|switch|p2a: Tornadus|Tornadus-Therian, M|100/100
|move|p1a: Quagsire|Toxic|p2a: Tornadus|[miss]
|-miss|p1a: Quagsire|p2a: Tornadus
|
|upkeep
|turn|82
|
|t:|1643195981
|switch|p1a: Toxapex|Toxapex, M|100/100
|-damage|p1a: Toxapex|88/100|[from] Stealth Rock
|move|p2a: Tornadus|U-turn|p1a: Toxapex
|-resisted|p1a: Toxapex
|-damage|p1a: Toxapex|84/100
|
|t:|1643195985
|switch|p2a: Tapu Fini|Tapu Fini|62/100|[from]move: U-turn
|-fieldstart|move: Misty Terrain|[from] ability: Misty Surge|[of] p2a: Tapu Fini
|
|upkeep
|turn|83
|
|t:|1643195990
|switch|p2a: Zapdos|Zapdos-Galar|22/100
|switch|p1a: Espeon|Espeon, F|100/100
|-damage|p1a: Espeon|88/100|[from] Stealth Rock
|
|upkeep
|turn|84
|
|t:|1643195994
|move|p1a: Espeon|Protect|p1a: Espeon
|-singleturn|p1a: Espeon|Protect
|move|p2a: Zapdos|Drill Peck|p1a: Espeon
|-activate|p1a: Espeon|move: Protect
|
|upkeep
|turn|85
|
|t:|1643196001
|switch|p1a: Toxapex|Toxapex, M|100/100
|-damage|p1a: Toxapex|88/100|[from] Stealth Rock
|move|p2a: Zapdos|Drill Peck|p1a: Toxapex
|-damage|p1a: Toxapex|52/100
|
|upkeep
|turn|86
|
|t:|1643196017
|move|p2a: Zapdos|Drill Peck|p1a: Toxapex
|-damage|p1a: Toxapex|16/100
|move|p1a: Toxapex|Recover|p1a: Toxapex
|-heal|p1a: Toxapex|67/100
|
|-fieldend|Misty Terrain
|upkeep
|turn|87
|
|t:|1643196022
|switch|p2a: Ferrothorn|Ferrothorn, M|77/100 brn
|move|p1a: Toxapex|Recover|p1a: Toxapex
|-heal|p1a: Toxapex|100/100
|
|-heal|p2a: Ferrothorn|83/100 brn|[from] item: Leftovers
|-damage|p2a: Ferrothorn|77/100 brn|[from] brn
|upkeep
|turn|88
|
|t:|1643196028
|switch|p1a: Espeon|Espeon, F|88/100
|-damage|p1a: Espeon|76/100|[from] Stealth Rock
|move|p2a: Ferrothorn|Leech Seed|p1a: Espeon
|move|p1a: Espeon|Leech Seed|p2a: Ferrothorn|[from]ability: Magic Bounce
|-immune|p2a: Ferrothorn
|
|-heal|p2a: Ferrothorn|83/100 brn|[from] item: Leftovers
|-damage|p2a: Ferrothorn|77/100 brn|[from] brn
|upkeep
|turn|89
|
|t:|1643196032
|move|p1a: Espeon|Copycat|p1a: Espeon
|move|p1a: Espeon|Leech Seed|p2a: Ferrothorn|[from]move: Copycat
|-immune|p2a: Ferrothorn
|move|p2a: Ferrothorn|Knock Off|p1a: Espeon
|-supereffective|p1a: Espeon
|-damage|p1a: Espeon|55/100
|
|-heal|p2a: Ferrothorn|83/100 brn|[from] item: Leftovers
|-damage|p2a: Ferrothorn|77/100 brn|[from] brn
|upkeep
|turn|90
|
|t:|1643196040
|move|p1a: Espeon|Wish|p1a: Espeon
|move|p2a: Ferrothorn|Iron Head|p1a: Espeon
|-damage|p1a: Espeon|34/100
|
|-heal|p2a: Ferrothorn|83/100 brn|[from] item: Leftovers
|-damage|p2a: Ferrothorn|77/100 brn|[from] brn
|upkeep
|turn|91
|
|t:|1643196048
|move|p1a: Espeon|Psychic|p2a: Ferrothorn
|-resisted|p2a: Ferrothorn
|-damage|p2a: Ferrothorn|63/100 brn
|move|p2a: Ferrothorn|Knock Off|p1a: Espeon
|-supereffective|p1a: Espeon
|-damage|p1a: Espeon|12/100
|
|-heal|p1a: Espeon|62/100|[from] move: Wish|[wisher] Espeon
|-heal|p2a: Ferrothorn|69/100 brn|[from] item: Leftovers
|-damage|p2a: Ferrothorn|63/100 brn|[from] brn
|upkeep
|turn|92
|
|t:|1643196054
|switch|p2a: Tornadus|Tornadus-Therian, M|100/100
|move|p1a: Espeon|Wish|p1a: Espeon
|
|upkeep
|turn|93
|
|t:|1643196059
|switch|p2a: Ferrothorn|Ferrothorn, M|63/100 brn
|move|p1a: Espeon|Protect||[still]
|-fail|p1a: Espeon
|
|-heal|p1a: Espeon|100/100|[from] move: Wish|[wisher] Espeon
|-heal|p2a: Ferrothorn|69/100 brn|[from] item: Leftovers
|-damage|p2a: Ferrothorn|63/100 brn|[from] brn
|upkeep
|turn|94
|
|t:|1643196062
|switch|p2a: Tornadus|Tornadus-Therian, M|100/100
|move|p1a: Espeon|Psychic|p2a: Tornadus
|-damage|p2a: Tornadus|76/100
|
|upkeep
|turn|95
|
|t:|1643196071
|switch|p1a: Toxapex|Toxapex, M|100/100
|-damage|p1a: Toxapex|88/100|[from] Stealth Rock
|move|p2a: Tornadus|U-turn|p1a: Toxapex
|-resisted|p1a: Toxapex
|-damage|p1a: Toxapex|84/100
|
|t:|1643196074
|switch|p2a: Ferrothorn|Ferrothorn, M|63/100 brn|[from]move: U-turn
|
|-heal|p2a: Ferrothorn|69/100 brn|[from] item: Leftovers
|-damage|p2a: Ferrothorn|63/100 brn|[from] brn
|upkeep
|turn|96
|
|t:|1643196077
|move|p1a: Toxapex|Knock Off|p2a: Ferrothorn
|-damage|p2a: Ferrothorn|53/100 brn
|-damage|p1a: Toxapex|71/100|[from] ability: Iron Barbs|[of] p2a: Ferrothorn
|-enditem|p2a: Ferrothorn|Leftovers|[from] move: Knock Off|[of] p1a: Toxapex
|move|p2a: Ferrothorn|Knock Off|p1a: Toxapex
|-damage|p1a: Toxapex|67/100
|
|-damage|p2a: Ferrothorn|47/100 brn|[from] brn
|upkeep
|turn|97
|
|t:|1643196080
|switch|p1a: Espeon|Espeon, F|100/100
|-damage|p1a: Espeon|88/100|[from] Stealth Rock
|move|p2a: Ferrothorn|Spikes|p1a: Espeon
|move|p1a: Espeon|Spikes|p2a: Ferrothorn|[from]ability: Magic Bounce
|-sidestart|p2: Just for laddering|Spikes
|
|-damage|p2a: Ferrothorn|41/100 brn|[from] brn
|upkeep
|turn|98
|
|t:|1643196083
|move|p1a: Espeon|Copycat|p1a: Espeon
|move|p1a: Espeon|Spikes|p2a: Ferrothorn|[from]move: Copycat
|-sidestart|p2: Just for laddering|Spikes
|move|p2a: Ferrothorn|Knock Off|p1a: Espeon
|-supereffective|p1a: Espeon
|-damage|p1a: Espeon|67/100
|
|-damage|p2a: Ferrothorn|34/100 brn|[from] brn
|upkeep
|turn|99
|
|t:|1643196095
|switch|p2a: Zapdos|Zapdos-Galar|22/100
|move|p1a: Espeon|Wish|p1a: Espeon
|
|upkeep
|turn|100
|
|t:|1643196108
|move|p1a: Espeon|Protect|p1a: Espeon
|-singleturn|p1a: Espeon|Protect
|move|p2a: Zapdos|Drill Peck|p1a: Espeon
|-activate|p1a: Espeon|move: Protect
|
|-heal|p1a: Espeon|100/100|[from] move: Wish|[wisher] Espeon
|upkeep
|turn|101
|
|t:|1643196114
|switch|p1a: Toxapex|Toxapex, M|100/100
|-damage|p1a: Toxapex|88/100|[from] Stealth Rock
|move|p2a: Zapdos|Drill Peck|p1a: Toxapex
|-damage|p1a: Toxapex|50/100
|
|upkeep
|turn|102
|
|t:|1643196122
|move|p2a: Zapdos|Drill Peck|p1a: Toxapex
|-damage|p1a: Toxapex|10/100
|move|p1a: Toxapex|Recover|p1a: Toxapex
|-heal|p1a: Toxapex|60/100
|
|upkeep
|turn|103
|
|t:|1643196126
|move|p2a: Zapdos|Drill Peck|p1a: Toxapex
|-damage|p1a: Toxapex|18/100
|move|p1a: Toxapex|Recover|p1a: Toxapex
|-heal|p1a: Toxapex|68/100
|
|upkeep
|turn|104
|
|t:|1643196132
|switch|p2a: Tornadus|Tornadus-Therian, M|100/100
|move|p1a: Toxapex|Scald|p2a: Tornadus
|-damage|p2a: Tornadus|89/100
|
|upkeep
|turn|105
|
|t:|1643196137
|move|p2a: Tornadus|Hurricane|p1a: Toxapex|[miss]
|-miss|p2a: Tornadus|p1a: Toxapex
|move|p1a: Toxapex|Recover|p1a: Toxapex
|-heal|p1a: Toxapex|100/100
|
|upkeep
|turn|106
|
|t:|1643196143
|move|p2a: Tornadus|Hurricane|p1a: Toxapex
|-damage|p1a: Toxapex|67/100
|-start|p1a: Toxapex|confusion
|-activate|p1a: Toxapex|confusion
|-damage|p1a: Toxapex|63/100|[from] confusion
|
|upkeep
|turn|107
|
|t:|1643196148
|move|p2a: Tornadus|Hurricane|p1a: Toxapex
|-damage|p1a: Toxapex|31/100
|-activate|p1a: Toxapex|confusion
|move|p1a: Toxapex|Recover|p1a: Toxapex
|-heal|p1a: Toxapex|81/100
|
|upkeep
|turn|108
|
|t:|1643196153
|move|p2a: Tornadus|Hurricane|p1a: Toxapex|[miss]
|-miss|p2a: Tornadus|p1a: Toxapex
|-activate|p1a: Toxapex|confusion
|move|p1a: Toxapex|Light Screen|p1a: Toxapex
|-sidestart|p1: Stellar Flares|move: Light Screen
|
|upkeep
|turn|109
|
|t:|1643196156
|move|p2a: Tornadus|Hurricane|p1a: Toxapex
|-damage|p1a: Toxapex|64/100
|-activate|p1a: Toxapex|confusion
|move|p1a: Toxapex|Knock Off|p2a: Tornadus
|-damage|p2a: Tornadus|71/100
|-enditem|p2a: Tornadus|Assault Vest|[from] move: Knock Off|[of] p1a: Toxapex
|
|upkeep
|turn|110
|
|t:|1643196164
|move|p2a: Tornadus|Hurricane|p1a: Toxapex
|-damage|p1a: Toxapex|47/100
|-end|p1a: Toxapex|confusion
|move|p1a: Toxapex|Recover|p1a: Toxapex
|-heal|p1a: Toxapex|97/100
|
|upkeep
|turn|111
|
|t:|1643196171
|move|p2a: Tornadus|Hurricane|p1a: Toxapex
|-damage|p1a: Toxapex|81/100
|move|p1a: Toxapex|Scald|p2a: Tornadus
|-damage|p2a: Tornadus|55/100
|
|upkeep
|turn|112
|inactive|Just for laddering has 120 seconds left.
|
|t:|1643196220
|move|p2a: Tornadus|Hurricane|p1a: Toxapex
|-damage|p1a: Toxapex|65/100
|move|p1a: Toxapex|Scald|p2a: Tornadus
|-damage|p2a: Tornadus|39/100
|-status|p2a: Tornadus|brn
|
|-damage|p2a: Tornadus|33/100 brn|[from] brn
|-sideend|p1: Stellar Flares|move: Light Screen
|upkeep
|turn|113
|j| Xeriphes
|
|t:|1643196229
|move|p2a: Tornadus|Hurricane|p1a: Toxapex
|-damage|p1a: Toxapex|32/100
|move|p1a: Toxapex|Recover|p1a: Toxapex
|-heal|p1a: Toxapex|82/100
|
|-damage|p2a: Tornadus|26/100 brn|[from] brn
|upkeep
|turn|114
|
|t:|1643196235
|move|p2a: Tornadus|Hurricane|p1a: Toxapex
|-damage|p1a: Toxapex|50/100
|-start|p1a: Toxapex|confusion
|-activate|p1a: Toxapex|confusion
|move|p1a: Toxapex|Light Screen|p1a: Toxapex
|-sidestart|p1: Stellar Flares|move: Light Screen
|
|-damage|p2a: Tornadus|20/100 brn|[from] brn
|upkeep
|turn|115
|
|t:|1643196242
|move|p2a: Tornadus|Hurricane|p1a: Toxapex
|-damage|p1a: Toxapex|34/100
|-activate|p1a: Toxapex|confusion
|-damage|p1a: Toxapex|30/100|[from] confusion
|
|-damage|p2a: Tornadus|14/100 brn|[from] brn
|upkeep
|turn|116
|
|t:|1643196247
|switch|p2a: Zapdos|Zapdos-Galar|22/100
|-end|p1a: Toxapex|confusion
|move|p1a: Toxapex|Recover|p1a: Toxapex
|-heal|p1a: Toxapex|80/100
|
|upkeep
|turn|117
|
|t:|1643196251
|switch|p2a: Tornadus|Tornadus-Therian, M|47/100 brn
|move|p1a: Toxapex|Scald|p2a: Tornadus
|-damage|p2a: Tornadus|30/100 brn
|
|-damage|p2a: Tornadus|24/100 brn|[from] brn
|upkeep
|turn|118
|
|t:|1643196253
|move|p2a: Tornadus|Hurricane|p1a: Toxapex
|-damage|p1a: Toxapex|64/100
|move|p1a: Toxapex|Scald|p2a: Tornadus
|-damage|p2a: Tornadus|6/100 brn
|
|-damage|p2a: Tornadus|0 fnt|[from] brn
|faint|p2a: Tornadus
|-sideend|p1: Stellar Flares|move: Light Screen
|upkeep
|
|t:|1643196259
|switch|p2a: Zapdos|Zapdos-Galar|22/100
|turn|119
|
|t:|1643196267
|move|p2a: Zapdos|Brave Bird|p1a: Toxapex
|-crit|p1a: Toxapex
|-damage|p1a: Toxapex|0 fnt
|faint|p1a: Toxapex
|-damage|p2a: Zapdos|2/100|[from] Recoil
|
|upkeep
|
|t:|1643196289
|switch|p1a: Quagsire|Quagsire, F|75/100
|-damage|p1a: Quagsire|69/100|[from] Stealth Rock
|turn|120
|
|t:|1643196293
|move|p2a: Zapdos|Brave Bird|p1a: Quagsire
|-damage|p1a: Quagsire|2/100
|-damage|p2a: Zapdos|0 fnt|[from] Recoil
|faint|p2a: Zapdos
|move|p1a: Quagsire|Recover|p1a: Quagsire
|-heal|p1a: Quagsire|52/100
|
|upkeep
|
|t:|1643196298
|switch|p2a: Tapu Fini|Tapu Fini|62/100
|-damage|p2a: Tapu Fini|46/100|[from] Spikes
|-fieldstart|move: Misty Terrain|[from] ability: Misty Surge|[of] p2a: Tapu Fini
|turn|121
|
|t:|1643196305
|switch|p1a: Espeon|Espeon, F|100/100
|-damage|p1a: Espeon|88/100|[from] Stealth Rock
|move|p2a: Tapu Fini|Taunt|p1a: Espeon
|move|p1a: Espeon|Taunt|p2a: Tapu Fini|[from]ability: Magic Bounce
|-start|p2a: Tapu Fini|move: Taunt
|
|upkeep
|turn|122
|
|t:|1643196314
|switch|p2a: Ferrothorn|Ferrothorn, M|34/100 brn
|-damage|p2a: Ferrothorn|18/100 brn|[from] Spikes
|move|p1a: Espeon|Wish|p1a: Espeon
|
|-damage|p2a: Ferrothorn|12/100 brn|[from] brn
|upkeep
|turn|123
|
|t:|1643196329
|switch|p1a: Quagsire|Quagsire, F|52/100
|-damage|p1a: Quagsire|46/100|[from] Stealth Rock
|move|p2a: Ferrothorn|Leech Seed|p1a: Quagsire
|-start|p1a: Quagsire|move: Leech Seed
|
|-heal|p1a: Quagsire|89/100|[from] move: Wish|[wisher] Espeon
|-damage|p1a: Quagsire|76/100|[from] Leech Seed|[of] p2a: Ferrothorn
|-heal|p2a: Ferrothorn|25/100 brn|[silent]
|-damage|p2a: Ferrothorn|19/100 brn|[from] brn
|upkeep
|turn|124
|
|t:|1643196340
|switch|p1a: Espeon|Espeon, F|88/100
|-damage|p1a: Espeon|76/100|[from] Stealth Rock
|move|p2a: Ferrothorn|Spikes|p1a: Espeon
|move|p1a: Espeon|Spikes|p2a: Ferrothorn|[from]ability: Magic Bounce
|-sidestart|p2: Just for laddering|Spikes
|
|-damage|p2a: Ferrothorn|13/100 brn|[from] brn
|upkeep
|turn|125
|
|t:|1643196343
|move|p1a: Espeon|Wish|p1a: Espeon
|move|p2a: Ferrothorn|Spikes|p1a: Espeon
|move|p1a: Espeon|Spikes||[from]ability: Magic Bounce|[still]
|-fail|p1a: Espeon
|
|-damage|p2a: Ferrothorn|7/100 brn|[from] brn
|-fieldend|Misty Terrain
|upkeep
|turn|126
|
|t:|1643196346
|move|p1a: Espeon|Psychic|p2a: Ferrothorn
|-resisted|p2a: Ferrothorn
|-damage|p2a: Ferrothorn|0 fnt
|faint|p2a: Ferrothorn
|
|-heal|p1a: Espeon|100/100|[from] move: Wish|[wisher] Espeon
|upkeep
|c|☆Stellar Flares|gg
|
|t:|1643196349
|switch|p2a: Zeraora|Zeraora|79/100
|turn|127
|-message|Just for laddering forfeited.
|
|win|Stellar Flares
|n|☆Stellar Flares|stellarflares
|n|☆Just for laddering|justforladdering
|n| Xeriphes|xeriphes
|l|☆Just for laddering
