|raw|<div class="broadcast-blue"><strong>This battle is required to be public due to a player having a name starting with 'lt93oq'.</div>
|j|☆Lenape
|j|☆LT93OQ Luna
|t:|1660768505
|gametype|singles
|player|p1|Lenape|265|1725
|player|p2|LT93OQ Luna|picnicker|1751
|teamsize|p1|6
|teamsize|p2|6
|gen|8
|tier|[Gen 8] OU
|rated|
|rule|Sleep Clause Mod: Limit one foe put to sleep
|rule|Species Clause: Limit one of each Pokémon
|rule|OHKO Clause: OHKO moves are banned
|rule|Evasion Items Clause: Evasion items are banned
|rule|Evasion Moves Clause: Evasion moves are banned
|rule|Endless Battle Clause: Forcing endless battles is banned
|rule|HP Percentage Mod: HP is shown in percentages
|rule|Dynamax Clause: You cannot dynamax
|clearpoke
|poke|p1|Rhyperior, F|
|poke|p1|Toxapex, F|
|poke|p1|Corviknight, F|
|poke|p1|Umbreon, F|
|poke|p1|Sylveon, M|
|poke|p1|Rotom-Heat|
|poke|p2|Clefable, F|
|poke|p2|Rillaboom, M|
|poke|p2|Gastrodon, F|
|poke|p2|Kartana|
|poke|p2|Heatran, M|
|poke|p2|Zapdos|
|teampreview
|inactive|Battle timer is ON: inactive players will automatically lose when time's up. (requested by Lenape)
|
|t:|1660768512
|start
|switch|p1a: Rotom|Rotom-Heat|100/100
|switch|p2a: Gastrodon|Gastrodon, F|100/100
|turn|1
|
|t:|1660768516
|switch|p2a: Clefable|Clefable, F|100/100
|move|p1a: Rotom|Trick|p2a: Clefable
|-activate|p1a: Rotom|move: Trick|[of] p2a: Clefable
|-item|p2a: Clefable|Choice Scarf|[from] move: Trick
|-item|p1a: Rotom|Rocky Helmet|[from] move: Trick
|
|upkeep
|turn|2
|
|t:|1660768520
|switch|p2a: Gastrodon|Gastrodon, F|100/100
|move|p1a: Rotom|Discharge|p2a: Gastrodon
|-immune|p2a: Gastrodon
|
|upkeep
|turn|3
|
|t:|1660768522
|switch|p1a: Toxapex|Toxapex, F|100/100
|move|p2a: Gastrodon|Scald|p1a: Toxapex
|-resisted|p1a: Toxapex
|-damage|p1a: Toxapex|89/100
|
|-heal|p1a: Toxapex|95/100|[from] item: Black Sludge
|upkeep
|turn|4
|
|t:|1660768534
|switch|p2a: Clefable|Clefable, F|100/100
|move|p1a: Toxapex|Toxic|p2a: Clefable
|-status|p2a: Clefable|tox
|
|-heal|p1a: Toxapex|100/100|[from] item: Black Sludge
|upkeep
|turn|5
|
|t:|1660768537
|switch|p1a: Rotom|Rotom-Heat|100/100
|move|p2a: Clefable|Knock Off|p1a: Rotom
|-damage|p1a: Rotom|86/100
|-enditem|p1a: Rotom|Rocky Helmet|[from] move: Knock Off|[of] p2a: Clefable
|
|upkeep
|turn|6
|
|t:|1660768542
|switch|p1a: Toxapex|Toxapex, F|100/100
|switch|p2a: Gastrodon|Gastrodon, F|100/100
|
|upkeep
|turn|7
|
|t:|1660768556
|switch|p2a: Clefable|Clefable, F|100/100 tox
|move|p1a: Toxapex|Toxic|p2a: Clefable
|-fail|p2a: Clefable|tox
|
|upkeep
|turn|8
|
|t:|1660768560
|switch|p1a: Rotom|Rotom-Heat|86/100
|move|p2a: Clefable|Knock Off|p1a: Rotom
|-damage|p1a: Rotom|76/100
|
|upkeep
|turn|9
|j| Santiago Bernabeu
|
|t:|1660768562
|switch|p2a: Gastrodon|Gastrodon, F|100/100
|move|p1a: Rotom|Will-O-Wisp|p2a: Gastrodon
|-status|p2a: Gastrodon|brn
|
|-damage|p2a: Gastrodon|94/100 brn|[from] brn
|upkeep
|turn|10
|
|t:|1660768564
|switch|p1a: Toxapex|Toxapex, F|100/100
|move|p2a: Gastrodon|Scald|p1a: Toxapex
|-resisted|p1a: Toxapex
|-damage|p1a: Toxapex|90/100
|
|-heal|p2a: Gastrodon|100/100 brn|[from] item: Leftovers
|-heal|p1a: Toxapex|96/100|[from] item: Black Sludge
|-damage|p2a: Gastrodon|94/100 brn|[from] brn
|upkeep
|turn|11
|
|t:|1660768569
|move|p2a: Gastrodon|Scald|p1a: Toxapex
|-resisted|p1a: Toxapex
|-damage|p1a: Toxapex|85/100
|-status|p1a: Toxapex|brn
|move|p1a: Toxapex|Toxic||[still]
|-fail|p1a: Toxapex
|
|-heal|p2a: Gastrodon|100/100 brn|[from] item: Leftovers
|-heal|p1a: Toxapex|91/100 brn|[from] item: Black Sludge
|-damage|p2a: Gastrodon|94/100 brn|[from] brn
|-damage|p1a: Toxapex|85/100 brn|[from] brn
|upkeep
|turn|12
|
|t:|1660768572
|switch|p2a: Clefable|Clefable, F|100/100 tox
|move|p1a: Toxapex|Recover|p1a: Toxapex
|-heal|p1a: Toxapex|100/100 brn
|
|-damage|p1a: Toxapex|94/100 brn|[from] brn
|upkeep
|turn|13
|
|t:|1660768576
|switch|p1a: Rotom|Rotom-Heat|76/100
|move|p2a: Clefable|Knock Off|p1a: Rotom
|-damage|p1a: Rotom|66/100
|
|upkeep
|turn|14
|
|t:|1660768578
|switch|p2a: Heatran|Heatran, M|100/100
|move|p1a: Rotom|Discharge|p2a: Heatran
|-damage|p2a: Heatran|82/100
|
|-heal|p2a: Heatran|88/100|[from] item: Leftovers
|upkeep
|turn|15
|
|t:|1660768583
|switch|p2a: Gastrodon|Gastrodon, F|94/100 brn
|move|p1a: Rotom|Discharge|p2a: Gastrodon
|-immune|p2a: Gastrodon
|
|-heal|p2a: Gastrodon|100/100 brn|[from] item: Leftovers
|-damage|p2a: Gastrodon|94/100 brn|[from] brn
|upkeep
|turn|16
|
|t:|1660768586
|switch|p2a: Heatran|Heatran, M|88/100
|move|p1a: Rotom|Trick|p2a: Heatran
|-activate|p1a: Rotom|move: Trick|[of] p2a: Heatran
|-enditem|p2a: Heatran|Leftovers|[silent]|[from] move: Trick
|-item|p1a: Rotom|Leftovers|[from] move: Trick
|
|-heal|p1a: Rotom|72/100|[from] item: Leftovers
|upkeep
|turn|17
|
|t:|1660768592
|switch|p2a: Gastrodon|Gastrodon, F|94/100 brn
|move|p1a: Rotom|Discharge|p2a: Gastrodon
|-immune|p2a: Gastrodon
|
|-heal|p1a: Rotom|78/100|[from] item: Leftovers
|-heal|p2a: Gastrodon|100/100 brn|[from] item: Leftovers
|-damage|p2a: Gastrodon|94/100 brn|[from] brn
|upkeep
|turn|18
|
|t:|1660768596
|switch|p1a: Sylveon|Sylveon, M|100/100
|move|p2a: Gastrodon|Scald|p1a: Sylveon
|-damage|p1a: Sylveon|84/100
|
|-heal|p1a: Sylveon|90/100|[from] item: Leftovers
|-heal|p2a: Gastrodon|100/100 brn|[from] item: Leftovers
|-damage|p2a: Gastrodon|94/100 brn|[from] brn
|upkeep
|turn|19
|
|t:|1660768601
|switch|p1a: Rhyperior|Rhyperior, F|100/100
|move|p2a: Gastrodon|Toxic|p1a: Rhyperior
|-status|p1a: Rhyperior|tox
|
|-heal|p2a: Gastrodon|100/100 brn|[from] item: Leftovers
|-damage|p1a: Rhyperior|94/100 tox|[from] psn
|-damage|p2a: Gastrodon|94/100 brn|[from] brn
|upkeep
|turn|20
|
|t:|1660768603
|switch|p1a: Umbreon|Umbreon, F|100/100
|move|p2a: Gastrodon|Protect||[still]
|-fail|p2a: Gastrodon
|
|-heal|p2a: Gastrodon|100/100 brn|[from] item: Leftovers
|-damage|p2a: Gastrodon|94/100 brn|[from] brn
|upkeep
|turn|21
|
|t:|1660768610
|switch|p2a: Heatran|Heatran, M|88/100
|move|p1a: Umbreon|Protect||[still]
|-fail|p1a: Umbreon
|
|upkeep
|turn|22
|
|t:|1660768617
|move|p2a: Heatran|Stealth Rock|p1a: Umbreon
|-sidestart|p1: Lenape|move: Stealth Rock
|move|p1a: Umbreon|Heal Bell|p1a: Umbreon
|-activate|p1a: Umbreon|move: Heal Bell
|-curestatus|p1: Toxapex|brn|[msg]
|-curestatus|p1: Rhyperior|tox|[msg]
|
|upkeep
|turn|23
|
|t:|1660768625
|switch|p2a: Zapdos|Zapdos|100/100
|switch|p1a: Rhyperior|Rhyperior, F|94/100
|-damage|p1a: Rhyperior|88/100|[from] Stealth Rock
|
|-heal|p1a: Rhyperior|94/100|[from] item: Leftovers
|upkeep
|turn|24
|
|t:|1660768629
|switch|p2a: Rillaboom|Rillaboom, M|100/100
|-fieldstart|move: Grassy Terrain|[from] ability: Grassy Surge|[of] p2a: Rillaboom
|move|p1a: Rhyperior|Stealth Rock|p2a: Rillaboom
|-sidestart|p2: LT93OQ Luna|move: Stealth Rock
|
|-heal|p1a: Rhyperior|100/100|[from] Grassy Terrain
|upkeep
|turn|25
|
|t:|1660768632
|switch|p1a: Toxapex|Toxapex, F|100/100
|-damage|p1a: Toxapex|88/100|[from] Stealth Rock
|move|p2a: Rillaboom|Swords Dance|p2a: Rillaboom
|-boost|p2a: Rillaboom|atk|2
|
|-heal|p1a: Toxapex|94/100|[from] Grassy Terrain
|-heal|p1a: Toxapex|100/100|[from] item: Black Sludge
|upkeep
|turn|26
|
|t:|1660768635
|move|p2a: Rillaboom|Knock Off|p1a: Toxapex
|-damage|p1a: Toxapex|59/100
|-enditem|p1a: Toxapex|Black Sludge|[from] move: Knock Off|[of] p2a: Rillaboom
|move|p1a: Toxapex|Toxic|p2a: Rillaboom
|-status|p2a: Rillaboom|tox
|
|-heal|p1a: Toxapex|65/100|[from] Grassy Terrain
|-damage|p2a: Rillaboom|94/100 tox|[from] psn
|upkeep
|turn|27
|
|t:|1660768640
|move|p2a: Rillaboom|Grassy Glide|p1a: Toxapex
|-damage|p1a: Toxapex|4/100
|move|p1a: Toxapex|Recover|p1a: Toxapex
|-heal|p1a: Toxapex|54/100
|
|-heal|p2a: Rillaboom|100/100 tox|[from] Grassy Terrain
|-heal|p1a: Toxapex|60/100|[from] Grassy Terrain
|-damage|p2a: Rillaboom|88/100 tox|[from] psn
|upkeep
|turn|28
|
|t:|1660768644
|move|p1a: Toxapex|Baneful Bunker|p1a: Toxapex
|-singleturn|p1a: Toxapex|move: Protect
|move|p2a: Rillaboom|Knock Off|p1a: Toxapex
|-activate|p1a: Toxapex|move: Protect
|
|-heal|p2a: Rillaboom|94/100 tox|[from] Grassy Terrain
|-heal|p1a: Toxapex|66/100|[from] Grassy Terrain
|-damage|p2a: Rillaboom|76/100 tox|[from] psn
|upkeep
|turn|29
|
|t:|1660768646
|move|p2a: Rillaboom|Grassy Glide|p1a: Toxapex
|-damage|p1a: Toxapex|2/100
|move|p1a: Toxapex|Recover|p1a: Toxapex
|-heal|p1a: Toxapex|52/100
|
|-heal|p2a: Rillaboom|82/100 tox|[from] Grassy Terrain
|-heal|p1a: Toxapex|58/100|[from] Grassy Terrain
|-damage|p2a: Rillaboom|57/100 tox|[from] psn
|upkeep
|turn|30
|
|t:|1660768650
|move|p1a: Toxapex|Baneful Bunker|p1a: Toxapex
|-singleturn|p1a: Toxapex|move: Protect
|move|p2a: Rillaboom|Swords Dance|p2a: Rillaboom
|-boost|p2a: Rillaboom|atk|2
|
|-heal|p2a: Rillaboom|63/100 tox|[from] Grassy Terrain
|-heal|p1a: Toxapex|64/100|[from] Grassy Terrain
|-damage|p2a: Rillaboom|32/100 tox|[from] psn
|upkeep
|turn|31
|
|t:|1660768666
|switch|p1a: Rotom|Rotom-Heat|78/100
|-damage|p1a: Rotom|53/100|[from] Stealth Rock
|move|p2a: Rillaboom|Superpower|p1a: Rotom
|-damage|p1a: Rotom|0 fnt
|-unboost|p2a: Rillaboom|atk|1
|-unboost|p2a: Rillaboom|def|1
|faint|p1a: Rotom
|
|-heal|p2a: Rillaboom|39/100 tox|[from] Grassy Terrain
|-damage|p2a: Rillaboom|1/100 tox|[from] psn
|-fieldend|move: Grassy Terrain
|upkeep
|
|t:|1660768668
|switch|p1a: Toxapex|Toxapex, F|98/100
|-damage|p1a: Toxapex|85/100|[from] Stealth Rock
|turn|32
|
|t:|1660768670
|move|p1a: Toxapex|Baneful Bunker|p1a: Toxapex
|-singleturn|p1a: Toxapex|move: Protect
|move|p2a: Rillaboom|Grassy Glide|p1a: Toxapex
|-activate|p1a: Toxapex|move: Protect
|
|-damage|p2a: Rillaboom|0 fnt|[from] psn
|faint|p2a: Rillaboom
|upkeep
|
|t:|1660768675
|switch|p2a: Heatran|Heatran, M|88/100
|-damage|p2a: Heatran|75/100|[from] Stealth Rock
|turn|33
|
|t:|1660768678
|switch|p1a: Rhyperior|Rhyperior, F|100/100
|-damage|p1a: Rhyperior|94/100|[from] Stealth Rock
|move|p2a: Heatran|Earth Power|p1a: Rhyperior
|-supereffective|p1a: Rhyperior
|-damage|p1a: Rhyperior|60/100
|
|-heal|p1a: Rhyperior|67/100|[from] item: Leftovers
|upkeep
|turn|34
|
|t:|1660768684
|move|p2a: Heatran|Earth Power|p1a: Rhyperior
|-supereffective|p1a: Rhyperior
|-damage|p1a: Rhyperior|37/100
|move|p1a: Rhyperior|Earthquake|p2a: Heatran
|-supereffective|p2a: Heatran
|-damage|p2a: Heatran|0 fnt
|faint|p2a: Heatran
|
|-heal|p1a: Rhyperior|43/100|[from] item: Leftovers
|upkeep
|
|t:|1660768686
|switch|p2a: Kartana|Kartana|100/100
|-damage|p2a: Kartana|94/100|[from] Stealth Rock
|turn|35
|
|t:|1660768690
|switch|p1a: Umbreon|Umbreon, F|100/100
|-damage|p1a: Umbreon|88/100|[from] Stealth Rock
|move|p2a: Kartana|Knock Off|p1a: Umbreon
|-resisted|p1a: Umbreon
|-damage|p1a: Umbreon|75/100
|-enditem|p1a: Umbreon|Leftovers|[from] move: Knock Off|[of] p2a: Kartana
|
|upkeep
|turn|36
|
|t:|1660768694
|move|p2a: Kartana|Leaf Blade|p1a: Umbreon
|-damage|p1a: Umbreon|38/100
|move|p1a: Umbreon|Wish|p1a: Umbreon
|
|upkeep
|turn|37
|
|t:|1660768697
|move|p1a: Umbreon|Protect|p1a: Umbreon
|-singleturn|p1a: Umbreon|Protect
|move|p2a: Kartana|Swords Dance|p2a: Kartana
|-boost|p2a: Kartana|atk|2
|
|-heal|p1a: Umbreon|88/100|[from] move: Wish|[wisher] Umbreon
|upkeep
|turn|38
|
|t:|1660768700
|move|p2a: Kartana|Leaf Blade|p1a: Umbreon
|-damage|p1a: Umbreon|13/100
|move|p1a: Umbreon|Foul Play|p2a: Kartana
|-damage|p2a: Kartana|0 fnt
|faint|p2a: Kartana
|
|upkeep
|
|t:|1660768704
|switch|p2a: Zapdos|Zapdos|100/100
|turn|39
|
|t:|1660768707
|move|p1a: Umbreon|Protect|p1a: Umbreon
|-singleturn|p1a: Umbreon|Protect
|move|p2a: Zapdos|Hurricane|p1a: Umbreon
|-activate|p1a: Umbreon|move: Protect
|
|upkeep
|turn|40
|
|t:|1660768713
|move|p2a: Zapdos|Hurricane|p1a: Umbreon
|-damage|p1a: Umbreon|0 fnt
|faint|p1a: Umbreon
|
|upkeep
|
|t:|1660768724
|switch|p1a: Sylveon|Sylveon, M|90/100
|-damage|p1a: Sylveon|77/100|[from] Stealth Rock
|turn|41
|
|t:|1660768733
|move|p1a: Sylveon|Protect|p1a: Sylveon
|-singleturn|p1a: Sylveon|Protect
|move|p2a: Zapdos|Volt Switch|p1a: Sylveon
|-activate|p1a: Sylveon|move: Protect
|
|-heal|p1a: Sylveon|83/100|[from] item: Leftovers
|upkeep
|turn|42
|
|t:|1660768735
|move|p2a: Zapdos|Volt Switch|p1a: Sylveon
|-damage|p1a: Sylveon|59/100
|
|t:|1660768738
|switch|p2a: Gastrodon|Gastrodon, F|94/100 brn|[from]move: Volt Switch
|-damage|p2a: Gastrodon|88/100 brn|[from] Stealth Rock
|move|p1a: Sylveon|Wish|p1a: Sylveon
|
|-heal|p1a: Sylveon|65/100|[from] item: Leftovers
|-heal|p2a: Gastrodon|94/100 brn|[from] item: Leftovers
|-damage|p2a: Gastrodon|88/100 brn|[from] brn
|upkeep
|turn|43
|
|t:|1660768743
|move|p1a: Sylveon|Protect|p1a: Sylveon
|-singleturn|p1a: Sylveon|Protect
|move|p2a: Gastrodon|Scald|p1a: Sylveon
|-activate|p1a: Sylveon|move: Protect
|
|-heal|p1a: Sylveon|100/100|[from] move: Wish|[wisher] Sylveon
|-heal|p2a: Gastrodon|94/100 brn|[from] item: Leftovers
|-damage|p2a: Gastrodon|88/100 brn|[from] brn
|upkeep
|turn|44
|
|t:|1660768745
|switch|p1a: Corviknight|Corviknight, F|100/100
|-damage|p1a: Corviknight|88/100|[from] Stealth Rock
|-ability|p1a: Corviknight|Pressure
|move|p2a: Gastrodon|Toxic|p1a: Corviknight
|-immune|p1a: Corviknight
|
|-heal|p1a: Corviknight|94/100|[from] item: Leftovers
|-heal|p2a: Gastrodon|94/100 brn|[from] item: Leftovers
|-damage|p2a: Gastrodon|88/100 brn|[from] brn
|upkeep
|turn|45
|
|t:|1660768747
|move|p1a: Corviknight|Substitute|p1a: Corviknight
|-start|p1a: Corviknight|Substitute
|-damage|p1a: Corviknight|69/100
|move|p2a: Gastrodon|Scald|p1a: Corviknight
|-activate|p1a: Corviknight|move: Substitute|[damage]
|
|-heal|p1a: Corviknight|75/100|[from] item: Leftovers
|-heal|p2a: Gastrodon|94/100 brn|[from] item: Leftovers
|-damage|p2a: Gastrodon|88/100 brn|[from] brn
|upkeep
|turn|46
|
|t:|1660768749
|move|p1a: Corviknight|Bulk Up|p1a: Corviknight
|-boost|p1a: Corviknight|atk|1
|-boost|p1a: Corviknight|def|1
|move|p2a: Gastrodon|Scald|p1a: Corviknight
|-end|p1a: Corviknight|Substitute
|
|-heal|p1a: Corviknight|82/100|[from] item: Leftovers
|-heal|p2a: Gastrodon|94/100 brn|[from] item: Leftovers
|-damage|p2a: Gastrodon|88/100 brn|[from] brn
|upkeep
|turn|47
|
|t:|1660768752
|switch|p2a: Zapdos|Zapdos|100/100
|move|p1a: Corviknight|Substitute|p1a: Corviknight
|-start|p1a: Corviknight|Substitute
|-damage|p1a: Corviknight|57/100
|
|-heal|p1a: Corviknight|63/100|[from] item: Leftovers
|upkeep
|turn|48
|
|t:|1660768754
|move|p2a: Zapdos|Volt Switch|p1a: Corviknight
|-supereffective|p1a: Corviknight
|-end|p1a: Corviknight|Substitute
|
|t:|1660768755
|switch|p2a: Gastrodon|Gastrodon, F|88/100 brn|[from]move: Volt Switch
|-damage|p2a: Gastrodon|82/100 brn|[from] Stealth Rock
|move|p1a: Corviknight|Substitute|p1a: Corviknight
|-start|p1a: Corviknight|Substitute
|-damage|p1a: Corviknight|38/100
|
|-heal|p1a: Corviknight|44/100|[from] item: Leftovers
|-heal|p2a: Gastrodon|88/100 brn|[from] item: Leftovers
|-damage|p2a: Gastrodon|82/100 brn|[from] brn
|upkeep
|turn|49
|
|t:|1660768757
|switch|p2a: Zapdos|Zapdos|100/100
|move|p1a: Corviknight|Roost|p1a: Corviknight
|-heal|p1a: Corviknight|94/100
|-singleturn|p1a: Corviknight|move: Roost
|
|-heal|p1a: Corviknight|100/100|[from] item: Leftovers
|upkeep
|turn|50
|
|t:|1660768758
|move|p2a: Zapdos|Volt Switch|p1a: Corviknight
|-supereffective|p1a: Corviknight
|-end|p1a: Corviknight|Substitute
|
|t:|1660768760
|switch|p2a: Gastrodon|Gastrodon, F|82/100 brn|[from]move: Volt Switch
|-damage|p2a: Gastrodon|76/100 brn|[from] Stealth Rock
|move|p1a: Corviknight|Substitute|p1a: Corviknight
|-start|p1a: Corviknight|Substitute
|-damage|p1a: Corviknight|75/100
|
|-heal|p1a: Corviknight|82/100|[from] item: Leftovers
|-heal|p2a: Gastrodon|82/100 brn|[from] item: Leftovers
|-damage|p2a: Gastrodon|76/100 brn|[from] brn
|upkeep
|turn|51
|-message|LT93OQ Luna forfeited.
|
|win|Lenape
|raw|Lenape's rating: 1725 &rarr; <strong>1747</strong><br />(+22 for winning)
|raw|LT93OQ Luna's rating: 1768 &rarr; <strong>1746</strong><br />(-22 for losing)
|l|☆Lenape
|l|☆LT93OQ Luna
