|j|☆Contorted Lies
|j|☆jeanmilapipe
|t:|1608680317
|player|p1|Contorted Lies|1|1808
|player|p2|jeanmilapipe|n|1740
|teamsize|p1|6
|teamsize|p2|6
|gametype|singles
|gen|8
|tier|[Gen 8] OU
|rated|
|clearpoke
|poke|p1|Nidoking, M|
|poke|p1|Kartana|
|poke|p1|Slowking-Galar, M|
|poke|p1|Landorus-Therian, M|
|poke|p1|Clefable, M|
|poke|p1|Hydreigon, M|
|poke|p2|Dragapult, F|
|poke|p2|Aegislash, M|
|poke|p2|Conkeldurr, F|
|poke|p2|Mandibuzz, F|
|poke|p2|Blaziken, M|
|poke|p2|Rillaboom, M|
|rule|Sleep Clause Mod: Limit one foe put to sleep
|rule|Species Clause: Limit one of each Pokémon
|rule|OHKO Clause: OHKO moves are banned
|rule|Evasion Moves Clause: Evasion moves are banned
|rule|Endless Battle Clause: Forcing endless battles is banned
|rule|HP Percentage Mod: HP is shown in percentages
|rule|Dynamax Clause: You cannot dynamax
|teampreview
|
|t:|1608680333
|start
|switch|p1a: Clefable|Clefable, M|100/100
|switch|p2a: Mandibuzz|Mandibuzz, F|100/100
|turn|1
|
|t:|1608680342
|move|p2a: Mandibuzz|U-turn|p1a: Clefable
|-resisted|p1a: Clefable
|-damage|p1a: Clefable|96/100
|
|t:|1608680350
|switch|p2a: Aegislash|Aegislash, M|100/100|[from]move: U-turn
|move|p1a: Clefable|Thunder Wave|p2a: Aegislash
|-status|p2a: Aegislash|par
|
|-heal|p1a: Clefable|100/100|[from] item: Leftovers
|upkeep
|turn|2
|
|t:|1608680361
|move|p1a: Clefable|Stealth Rock|p2a: Aegislash
|-sidestart|p2: jeanmilapipe|move: Stealth Rock
|-formechange|p2a: Aegislash|Aegislash-Blade||[from] ability: Stance Change
|move|p2a: Aegislash|Iron Head|p1a: Clefable
|-supereffective|p1a: Clefable
|-crit|p1a: Clefable
|-damage|p1a: Clefable|0 fnt
|faint|p1a: Clefable
|
|upkeep
|j| Isososkxxk
|
|t:|1608680372
|switch|p1a: Hydreigon|Hydreigon, M|100/100
|turn|3
|
|t:|1608680377
|move|p1a: Hydreigon|Draco Meteor|p2a: Aegislash
|-resisted|p2a: Aegislash
|-damage|p2a: Aegislash|0 fnt
|-unboost|p1a: Hydreigon|spa|2
|-damage|p1a: Hydreigon|91/100|[from] item: Life Orb
|faint|p2a: Aegislash
|
|upkeep
|
|t:|1608680389
|switch|p2a: Conkeldurr|Conkeldurr, F|100/100
|-damage|p2a: Conkeldurr|94/100|[from] Stealth Rock
|turn|4
|
|t:|1608680397
|switch|p1a: Landorus|Landorus-Therian, M|100/100
|-ability|p1a: Landorus|Intimidate|boost
|-unboost|p2a: Conkeldurr|atk|1
|move|p2a: Conkeldurr|Bulk Up|p2a: Conkeldurr
|-boost|p2a: Conkeldurr|atk|1
|-boost|p2a: Conkeldurr|def|1
|
|-status|p2a: Conkeldurr|brn|[from] item: Flame Orb
|upkeep
|turn|5
|
|t:|1608680410
|move|p1a: Landorus|Explosion|p2a: Conkeldurr
|-damage|p2a: Conkeldurr|38/100 brn
|faint|p1a: Landorus
|move|p2a: Conkeldurr|Facade|p1: Landorus|[notarget]
|-fail|p2a: Conkeldurr
|
|-damage|p2a: Conkeldurr|32/100 brn|[from] brn
|upkeep
|
|t:|1608680413
|switch|p1a: Nidoking|Nidoking, M|100/100
|turn|6
|
|t:|1608680423
|switch|p2a: Mandibuzz|Mandibuzz, F|100/100
|move|p1a: Nidoking|Sludge Wave|p2a: Mandibuzz
|-damage|p2a: Mandibuzz|39/100
|
|upkeep
|turn|7
|j| DittoTang
|
|t:|1608680430
|move|p1a: Nidoking|Sludge Wave|p2a: Mandibuzz
|-damage|p2a: Mandibuzz|0 fnt
|faint|p2a: Mandibuzz
|
|upkeep
|
|t:|1608680439
|switch|p2a: Dragapult|Dragapult, F|100/100
|-damage|p2a: Dragapult|88/100|[from] Stealth Rock
|turn|8
|l| DittoTang
|
|t:|1608680445
|move|p2a: Dragapult|Dragon Darts|p1a: Nidoking
|-damage|p1a: Nidoking|53/100
|-anim|p2a: Dragapult|Dragon Darts|p1a: Nidoking
|-crit|p1a: Nidoking
|-damage|p1a: Nidoking|0 fnt
|-damage|p2a: Dragapult|78/100|[from] item: Life Orb
|faint|p1a: Nidoking
|
|upkeep
|
|t:|1608680458
|switch|p1a: Kartana|Kartana|100/100
|turn|9
|
|t:|1608680466
|switch|p2a: Rillaboom|Rillaboom, M|100/100
|-damage|p2a: Rillaboom|88/100|[from] Stealth Rock
|-fieldstart|move: Grassy Terrain|[from] ability: Grassy Surge|[of] p2a: Rillaboom
|move|p1a: Kartana|Smart Strike|p2a: Rillaboom
|-damage|p2a: Rillaboom|8/100
|
|-heal|p2a: Rillaboom|14/100|[from] Grassy Terrain
|upkeep
|turn|10
|
|t:|1608680477
|move|p2a: Rillaboom|Grassy Glide|p1a: Kartana
|-resisted|p1a: Kartana
|-damage|p1a: Kartana|84/100
|-damage|p2a: Rillaboom|4/100|[from] item: Life Orb
|move|p1a: Kartana|Smart Strike|p2a: Rillaboom
|-damage|p2a: Rillaboom|0 fnt
|faint|p2a: Rillaboom
|-ability|p1a: Kartana|Beast Boost|boost
|-boost|p1a: Kartana|atk|1
|
|-heal|p1a: Kartana|90/100|[from] Grassy Terrain
|upkeep
|j| HarryPS
|
|t:|1608680488
|switch|p2a: Blaziken|Blaziken, M|100/100
|-damage|p2a: Blaziken|88/100|[from] Stealth Rock
|turn|11
|j| Irinacio
|
|t:|1608680503
|move|p1a: Kartana|Smart Strike|p2a: Blaziken
|-resisted|p2a: Blaziken
|-damage|p2a: Blaziken|14/100
|move|p2a: Blaziken|Swords Dance|p2a: Blaziken
|-boost|p2a: Blaziken|atk|2
|
|-heal|p1a: Kartana|96/100|[from] Grassy Terrain
|-heal|p2a: Blaziken|20/100|[from] Grassy Terrain
|-ability|p2a: Blaziken|Speed Boost|boost
|-boost|p2a: Blaziken|spe|1
|upkeep
|turn|12
|
|t:|1608680515
|switch|p1a: Slowking|Slowking-Galar, M|100/100
|move|p2a: Blaziken|Blaze Kick|p1a: Slowking|[miss]
|-miss|p2a: Blaziken|p1a: Slowking
|
|-heal|p2a: Blaziken|26/100|[from] Grassy Terrain
|-ability|p2a: Blaziken|Speed Boost|boost
|-boost|p2a: Blaziken|spe|1
|upkeep
|turn|13
|
|t:|1608680523
|move|p2a: Blaziken|Blaze Kick|p1a: Slowking
|-damage|p1a: Slowking|16/100
|move|p1a: Slowking|Psychic|p2a: Blaziken
|-supereffective|p2a: Blaziken
|-damage|p2a: Blaziken|0 fnt
|faint|p2a: Blaziken
|
|-heal|p1a: Slowking|22/100|[from] Grassy Terrain
|-fieldend|move: Grassy Terrain
|upkeep
|
|t:|1608680548
|switch|p2a: Dragapult|Dragapult, F|78/100
|-damage|p2a: Dragapult|66/100|[from] Stealth Rock
|turn|14
|inactive|Battle timer is ON: inactive players will automatically lose when time's up. (requested by Contorted Lies)
|
|t:|1608680558
|move|p2a: Dragapult|Dragon Darts|p1a: Slowking
|-damage|p1a: Slowking|0 fnt
|-damage|p2a: Dragapult|56/100|[from] item: Life Orb
|faint|p1a: Slowking
|
|upkeep
|
|t:|1608680560
|switch|p1a: Kartana|Kartana|96/100
|turn|15
|
|t:|1608680564
|move|p2a: Dragapult|Phantom Force||[still]
|-prepare|p2a: Dragapult|Phantom Force
|move|p1a: Kartana|Smart Strike|p2a: Dragapult|[miss]
|-miss|p1a: Kartana|p2a: Dragapult
|
|upkeep
|turn|16
|
|t:|1608680570
|move|p2a: Dragapult|Phantom Force|p1a: Kartana|[from]lockedmove
|-damage|p1a: Kartana|33/100
|-damage|p2a: Dragapult|47/100|[from] item: Life Orb
|move|p1a: Kartana|Smart Strike|p2a: Dragapult
|-damage|p2a: Dragapult|0 fnt
|faint|p2a: Dragapult
|-ability|p1a: Kartana|Beast Boost|boost
|-boost|p1a: Kartana|atk|1
|
|upkeep
|j| tester kk
|
|t:|1608680579
|switch|p2a: Conkeldurr|Conkeldurr, F|32/100 brn
|-damage|p2a: Conkeldurr|26/100 brn|[from] Stealth Rock
|turn|17
|
|t:|1608680583
|move|p2a: Conkeldurr|Mach Punch|p1a: Kartana
|-supereffective|p1a: Kartana
|-damage|p1a: Kartana|0 fnt
|faint|p1a: Kartana
|
|-damage|p2a: Conkeldurr|20/100 brn|[from] brn
|upkeep
|l| tester kk
|
|t:|1608680591
|switch|p1a: Hydreigon|Hydreigon, M|91/100
|turn|18
|
|t:|1608680594
|move|p2a: Conkeldurr|Mach Punch|p1a: Hydreigon
|-supereffective|p1a: Hydreigon
|-damage|p1a: Hydreigon|7/100
|move|p1a: Hydreigon|Earth Power|p2a: Conkeldurr
|-damage|p2a: Conkeldurr|0 fnt
|-damage|p1a: Hydreigon|0 fnt|[from] item: Life Orb
|faint|p2a: Conkeldurr
|faint|p1a: Hydreigon
|
|win|Contorted Lies
|c| Irinacio|The guy who created 95% accuracy moves is like Hitler but even Hitler cared about Germany or something
|c|☆jeanmilapipe|agreed
|l|☆Contorted Lies
|l|☆jeanmilapipe
