|raw|<div class="broadcast-blue"><strong>This battle is required to be public due to a player having a name starting with 'lt94je'.</div>
|j|☆LT94JE Minerva
|j|☆return nirvana
|t:|1661614394
|gametype|singles
|player|p1|LT94JE Minerva|cynthia-gen7|1733
|player|p2|return nirvana|cynthia-masters2|1833
|teamsize|p1|6
|teamsize|p2|6
|gen|8
|tier|[Gen 8] OU
|rated|
|rule|Sleep Clause Mod: Limit one foe put to sleep
|rule|Species Clause: Limit one of each Pokémon
|rule|OHKO Clause: OHKO moves are banned
|rule|Evasion Items Clause: Evasion items are banned
|rule|Evasion Moves Clause: Evasion moves are banned
|rule|Endless Battle Clause: Forcing endless battles is banned
|rule|HP Percentage Mod: HP is shown in percentages
|rule|Dynamax Clause: You cannot dynamax
|clearpoke
|poke|p1|Tapu Lele|
|poke|p1|Kartana|
|poke|p1|Magnezone|
|poke|p1|Mandibuzz, F|
|poke|p1|Slowking, M|
|poke|p1|Landorus-Therian, M|
|poke|p2|Mew|
|poke|p2|Blacephalon|
|poke|p2|Whimsicott, F|
|poke|p2|Kartana|
|poke|p2|Urshifu-*, M|
|poke|p2|Tornadus, M|
|teampreview
|j| Fleeting Lullaby
|
|t:|1661614421
|start
|switch|p1a: Eraser Girl|Tapu Lele|100/100
|switch|p2a: Mew|Mew, shiny|100/100
|-fieldstart|move: Psychic Terrain|[from] ability: Psychic Surge|[of] p1a: Eraser Girl
|turn|1
|j| LT94JE Genesis
|
|t:|1661614424
|move|p2a: Mew|Stealth Rock|p1a: Eraser Girl
|-sidestart|p1: LT94JE Minerva|move: Stealth Rock
|move|p1a: Eraser Girl|Moonblast|p2a: Mew
|-damage|p2a: Mew|17/100
|
|upkeep
|turn|2
|
|t:|1661614430
|move|p2a: Mew|Tailwind|p2a: Mew
|-sidestart|p2: return nirvana|move: Tailwind
|move|p1a: Eraser Girl|Moonblast|p2a: Mew
|-damage|p2a: Mew|0 fnt
|faint|p2a: Mew
|
|upkeep
|
|t:|1661614436
|switch|p2a: Urshifu|Urshifu-Rapid-Strike, M|100/100
|turn|3
|
|t:|1661614439
|switch|p1a: Motherland|Slowking, M|100/100
|move|p2a: Urshifu|Surging Strikes|p1a: Motherland
|-resisted|p1a: Motherland
|-crit|p1a: Motherland
|-damage|p1a: Motherland|85/100
|-resisted|p1a: Motherland
|-crit|p1a: Motherland
|-damage|p1a: Motherland|69/100
|-resisted|p1a: Motherland
|-crit|p1a: Motherland
|-damage|p1a: Motherland|54/100
|-hitcount|p1a: Motherland|3
|
|upkeep
|turn|4
|
|t:|1661614445
|switch|p2a: Kartana|Kartana, shiny|100/100
|move|p1a: Motherland|Teleport|p1a: Motherland
|
|t:|1661614452
|switch|p1a: Ashura Chan|Mandibuzz, F|100/100|[from]move: Teleport
|
|upkeep
|turn|5
|
|t:|1661614457
|move|p2a: Kartana|Smart Strike|p1a: Ashura Chan
|-damage|p1a: Ashura Chan|58/100
|move|p1a: Ashura Chan|Defog|p2a: Kartana
|-unboost|p2a: Kartana|evasion|1
|-sideend|p1: LT94JE Minerva|Stealth Rock|[from] move: Defog|[of] p1a: Ashura Chan
|-fieldend|move: Psychic Terrain
|
|-sideend|p2: return nirvana|move: Tailwind
|upkeep
|turn|6
|
|t:|1661614463
|switch|p2a: Tornadus|Tornadus, M, shiny|100/100
|move|p1a: Ashura Chan|Roost|p1a: Ashura Chan
|-heal|p1a: Ashura Chan|100/100
|-singleturn|p1a: Ashura Chan|move: Roost
|
|upkeep
|turn|7
|
|t:|1661614466
|move|p2a: Tornadus|Hurricane|p1a: Ashura Chan
|-damage|p1a: Ashura Chan|47/100
|-start|p1a: Ashura Chan|confusion
|-damage|p2a: Tornadus|91/100|[from] item: Life Orb
|-activate|p1a: Ashura Chan|confusion
|-damage|p1a: Ashura Chan|43/100|[from] confusion
|
|upkeep
|turn|8
|
|t:|1661614471
|switch|p1a: Motherland|Slowking, M|87/100
|move|p2a: Tornadus|Hurricane|p1a: Motherland
|-damage|p1a: Motherland|41/100
|-damage|p2a: Tornadus|81/100|[from] item: Life Orb
|
|upkeep
|turn|9
|l| LT94JE Genesis
|
|t:|1661614492
|switch|p1a: Radio Noise|Magnezone|100/100
|move|p2a: Tornadus|Hurricane|p1a: Radio Noise
|-resisted|p1a: Radio Noise
|-damage|p1a: Radio Noise|78/100
|-damage|p2a: Tornadus|71/100|[from] item: Life Orb
|
|-heal|p1a: Radio Noise|84/100|[from] item: Leftovers
|upkeep
|turn|10
|
|t:|1661614496
|switch|p1a: Motherland|Slowking, M|75/100
|move|p2a: Tornadus|Hurricane|p1a: Motherland
|-damage|p1a: Motherland|25/100
|-damage|p2a: Tornadus|62/100|[from] item: Life Orb
|
|upkeep
|turn|11
|
|t:|1661614502
|switch|p1a: Radio Noise|Magnezone|84/100
|move|p2a: Tornadus|Hurricane|p1a: Radio Noise
|-resisted|p1a: Radio Noise
|-damage|p1a: Radio Noise|61/100
|-damage|p2a: Tornadus|52/100|[from] item: Life Orb
|
|-heal|p1a: Radio Noise|67/100|[from] item: Leftovers
|upkeep
|turn|12
|
|t:|1661614506
|move|p2a: Tornadus|Heat Wave|p1a: Radio Noise|[miss]
|-miss|p2a: Tornadus|p1a: Radio Noise
|move|p1a: Radio Noise|Thunderbolt|p2a: Tornadus
|-supereffective|p2a: Tornadus
|-damage|p2a: Tornadus|0 fnt
|faint|p2a: Tornadus
|
|-heal|p1a: Radio Noise|73/100|[from] item: Leftovers
|upkeep
|
|t:|1661614522
|switch|p2a: Blacephalon|Blacephalon, shiny|100/100
|turn|13
|
|t:|1661614528
|move|p2a: Blacephalon|Shadow Ball|p1a: Radio Noise
|-damage|p1a: Radio Noise|0 fnt
|faint|p1a: Radio Noise
|-ability|p2a: Blacephalon|Beast Boost|boost
|-boost|p2a: Blacephalon|spa|1
|
|upkeep
|
|t:|1661614538
|switch|p1a: Readymade|Kartana|100/100
|turn|14
|
|t:|1661614540
|switch|p2a: Urshifu|Urshifu-Rapid-Strike, M|100/100
|move|p1a: Readymade|Knock Off|p2a: Urshifu
|-resisted|p2a: Urshifu
|-damage|p2a: Urshifu|79/100
|-enditem|p2a: Urshifu|Choice Band|[from] move: Knock Off|[of] p1a: Readymade
|
|upkeep
|turn|15
|
|t:|1661614546
|switch|p1a: Motherland|Slowking, M|58/100
|move|p2a: Urshifu|Surging Strikes|p1a: Motherland
|-resisted|p1a: Motherland
|-crit|p1a: Motherland
|-damage|p1a: Motherland|49/100
|-resisted|p1a: Motherland
|-crit|p1a: Motherland
|-damage|p1a: Motherland|38/100
|-resisted|p1a: Motherland
|-crit|p1a: Motherland
|-damage|p1a: Motherland|28/100
|-hitcount|p1a: Motherland|3
|
|upkeep
|turn|16
|
|t:|1661614551
|switch|p1a: Rasen|Landorus-Therian, M|100/100
|-ability|p1a: Rasen|Intimidate|boost
|-unboost|p2a: Urshifu|atk|1
|move|p2a: Urshifu|Close Combat|p1a: Rasen
|-resisted|p1a: Rasen
|-damage|p1a: Rasen|78/100
|-unboost|p2a: Urshifu|def|1
|-unboost|p2a: Urshifu|spd|1
|
|-heal|p1a: Rasen|84/100|[from] item: Leftovers
|upkeep
|turn|17
|
|t:|1661614554
|switch|p1a: Motherland|Slowking, M|61/100
|move|p2a: Urshifu|Surging Strikes|p1a: Motherland
|-resisted|p1a: Motherland
|-crit|p1a: Motherland
|-damage|p1a: Motherland|50/100
|-resisted|p1a: Motherland
|-crit|p1a: Motherland
|-damage|p1a: Motherland|40/100
|-resisted|p1a: Motherland
|-crit|p1a: Motherland
|-damage|p1a: Motherland|30/100
|-hitcount|p1a: Motherland|3
|
|upkeep
|turn|18
|
|t:|1661614559
|move|p2a: Urshifu|Surging Strikes|p1a: Motherland
|-resisted|p1a: Motherland
|-crit|p1a: Motherland
|-damage|p1a: Motherland|20/100
|-resisted|p1a: Motherland
|-crit|p1a: Motherland
|-damage|p1a: Motherland|10/100
|-resisted|p1a: Motherland
|-crit|p1a: Motherland
|-damage|p1a: Motherland|0 fnt
|faint|p1a: Motherland
|-hitcount|p1: Motherland|3
|
|upkeep
|
|t:|1661614561
|switch|p1a: Readymade|Kartana|100/100
|turn|19
|
|t:|1661614592
|move|p1a: Readymade|Leaf Blade|p2a: Urshifu
|-supereffective|p2a: Urshifu
|-damage|p2a: Urshifu|0 fnt
|faint|p2a: Urshifu
|-ability|p1a: Readymade|Beast Boost|boost
|-boost|p1a: Readymade|atk|1
|
|upkeep
|
|t:|1661614593
|switch|p2a: Whimsicott|Whimsicott, F, shiny|100/100
|turn|20
|
|t:|1661614602
|move|p1a: Readymade|Leaf Blade|p2a: Whimsicott
|-resisted|p2a: Whimsicott
|-crit|p2a: Whimsicott
|-damage|p2a: Whimsicott|26/100
|move|p2a: Whimsicott|U-turn|p1a: Readymade
|-crit|p1a: Readymade
|-damage|p1a: Readymade|81/100
|
|t:|1661614607
|switch|p2a: Kartana|Kartana, shiny|100/100|[from]move: U-turn
|
|upkeep
|turn|21
|
|t:|1661614611
|switch|p1a: Rasen|Landorus-Therian, M|84/100
|-ability|p1a: Rasen|Intimidate|boost
|-unboost|p2a: Kartana|atk|1
|move|p2a: Kartana|Smart Strike|p1a: Rasen
|-damage|p1a: Rasen|42/100
|
|-heal|p1a: Rasen|48/100|[from] item: Leftovers
|upkeep
|turn|22
|
|t:|1661614615
|move|p2a: Kartana|Smart Strike|p1a: Rasen
|-damage|p1a: Rasen|2/100
|move|p1a: Rasen|Stealth Rock|p2a: Kartana
|-sidestart|p2: return nirvana|move: Stealth Rock
|
|-heal|p1a: Rasen|8/100|[from] item: Leftovers
|upkeep
|turn|23
|
|t:|1661614619
|move|p2a: Kartana|Smart Strike|p1a: Rasen
|-damage|p1a: Rasen|0 fnt
|faint|p1a: Rasen
|-ability|p2a: Kartana|Beast Boost|boost
|-boost|p2a: Kartana|atk|1
|
|upkeep
|
|t:|1661614621
|switch|p1a: Readymade|Kartana|81/100
|turn|24
|
|t:|1661614625
|switch|p2a: Blacephalon|Blacephalon, shiny|100/100
|-damage|p2a: Blacephalon|76/100|[from] Stealth Rock
|move|p1a: Readymade|Knock Off|p2a: Blacephalon
|-supereffective|p2a: Blacephalon
|-damage|p2a: Blacephalon|0 fnt
|-enditem|p2a: Blacephalon|Choice Specs|[from] move: Knock Off|[of] p1a: Readymade
|faint|p2a: Blacephalon
|-ability|p1a: Readymade|Beast Boost|boost
|-boost|p1a: Readymade|atk|1
|
|upkeep
|
|t:|1661614628
|switch|p2a: Kartana|Kartana, shiny|100/100
|-damage|p2a: Kartana|94/100|[from] Stealth Rock
|turn|25
|
|t:|1661614631
|move|p1a: Readymade|Knock Off|p2a: Kartana
|-damage|p2a: Kartana|26/100
|-enditem|p2a: Kartana|Choice Band|[from] move: Knock Off|[of] p1a: Readymade
|move|p2a: Kartana|Sacred Sword|p1a: Readymade
|-supereffective|p1a: Readymade
|-damage|p1a: Readymade|0 fnt
|faint|p1a: Readymade
|-ability|p2a: Kartana|Beast Boost|boost
|-boost|p2a: Kartana|atk|1
|
|upkeep
|
|t:|1661614639
|switch|p1a: Ashura Chan|Mandibuzz, F|43/100
|turn|26
|
|t:|1661614649
|move|p2a: Kartana|Smart Strike|p1a: Ashura Chan
|-damage|p1a: Ashura Chan|0 fnt
|faint|p1a: Ashura Chan
|-ability|p2a: Kartana|Beast Boost|boost
|-boost|p2a: Kartana|atk|1
|
|upkeep
|-message|LT94JE Minerva forfeited.
|
|win|return nirvana
|raw|LT94JE Minerva's rating: 1733 &rarr; <strong>1717</strong><br />(-16 for losing)
|raw|return nirvana's rating: 1808 &rarr; <strong>1824</strong><br />(+16 for winning)
|l|☆LT94JE Minerva
