|j|☆TheCuriousShuckle
|j|☆Daunzu
|t:|1606593493
|player|p1|TheCuriousShuckle|crasherwake|1475
|player|p2|Daunzu|ingo|1538
|teamsize|p1|6
|teamsize|p2|6
|gametype|singles
|gen|8
|tier|[Gen 8] OU
|rated|
|clearpoke
|poke|p1|Cinderace, M|
|poke|p1|Rillaboom, M|
|poke|p1|Toxapex, F|
|poke|p1|Slowking-Galar, M|
|poke|p1|Kyurem|
|poke|p1|Zapdos|
|poke|p2|Landorus-Therian, M|
|poke|p2|Swampert, M|
|poke|p2|Tapu Fini|
|poke|p2|Nidoking, M|
|poke|p2|Tapu Koko|
|poke|p2|Corviknight, F|
|rule|Sleep Clause Mod: Limit one foe put to sleep
|rule|Species Clause: Limit one of each Pokémon
|rule|OHKO Clause: OHKO moves are banned
|rule|Evasion Moves Clause: Evasion moves are banned
|rule|Endless Battle Clause: Forcing endless battles is banned
|rule|HP Percentage Mod: HP is shown in percentages
|rule|Dynamax Clause: You cannot dynamax
|teampreview
|inactive|Battle timer is ON: inactive players will automatically lose when time's up. (requested by Daunzu)
|
|t:|1606593506
|start
|switch|p1a: Kyurem|Kyurem, shiny|100/100
|switch|p2a: Swampert|Swampert, M|100/100
|-ability|p1a: Kyurem|Pressure
|turn|1
|
|t:|1606593515
|switch|p1a: Zapdos|Zapdos, shiny|100/100
|-ability|p1a: Zapdos|Pressure
|switch|p2a: Corviknight|Corviknight, F|100/100
|
|upkeep
|turn|2
|
|t:|1606593523
|switch|p2a: Landorus|Landorus-Therian, M|100/100
|-ability|p2a: Landorus|Intimidate|boost
|-unboost|p1a: Zapdos|atk|1
|move|p1a: Zapdos|Hurricane|p2a: Landorus
|-damage|p2a: Landorus|44/100
|
|-heal|p2a: Landorus|50/100|[from] item: Leftovers
|upkeep
|turn|3
|
|t:|1606593538
|switch|p2a: Swampert|Swampert, M|100/100
|move|p1a: Zapdos|Hurricane|p2a: Swampert|[miss]
|-miss|p1a: Zapdos|p2a: Swampert
|
|upkeep
|turn|4
|
|t:|1606593551
|switch|p1a: Slowking|Slowking-Galar, M, shiny|100/100
|move|p2a: Swampert|Stealth Rock|p1a: Slowking
|-sidestart|p1: TheCuriousShuckle|move: Stealth Rock
|
|upkeep
|turn|5
|
|t:|1606593557
|switch|p1a: Zapdos|Zapdos, shiny|100/100
|-ability|p1a: Zapdos|Pressure
|move|p2a: Swampert|Earthquake|p1a: Zapdos
|-immune|p1a: Zapdos
|
|upkeep
|turn|6
|
|t:|1606593566
|move|p1a: Zapdos|Defog|p2a: Swampert
|-unboost|p2a: Swampert|evasion|1
|-sideend|p1: TheCuriousShuckle|Stealth Rock|[from] move: Defog|[of] p1a: Zapdos
|move|p2a: Swampert|Toxic|p1a: Zapdos
|-status|p1a: Zapdos|tox
|
|-damage|p1a: Zapdos|94/100 tox|[from] psn
|upkeep
|turn|7
|
|t:|1606593575
|move|p1a: Zapdos|Hurricane|p2a: Swampert
|-damage|p2a: Swampert|63/100
|-start|p2a: Swampert|confusion
|-activate|p2a: Swampert|confusion
|move|p2a: Swampert|Stealth Rock|p1a: Zapdos
|-sidestart|p1: TheCuriousShuckle|move: Stealth Rock
|
|-heal|p2a: Swampert|69/100|[from] item: Leftovers
|-damage|p1a: Zapdos|82/100 tox|[from] psn
|upkeep
|turn|8
|
|t:|1606593586
|switch|p2a: Nidoking|Nidoking, M|100/100
|move|p1a: Zapdos|Defog|p2a: Nidoking
|-unboost|p2a: Nidoking|evasion|1
|-sideend|p1: TheCuriousShuckle|Stealth Rock|[from] move: Defog|[of] p1a: Zapdos
|
|-damage|p1a: Zapdos|64/100 tox|[from] psn
|upkeep
|turn|9
|
|t:|1606593605
|move|p2a: Nidoking|Ice Beam|p1a: Zapdos
|-supereffective|p1a: Zapdos
|-damage|p1a: Zapdos|0 fnt
|faint|p1a: Zapdos
|
|upkeep
|
|t:|1606593616
|switch|p1a: Kyurem|Kyurem, shiny|100/100
|-ability|p1a: Kyurem|Pressure
|turn|10
|
|t:|1606593634
|switch|p2a: Swampert|Swampert, M|69/100
|move|p1a: Kyurem|Freeze-Dry|p2a: Swampert
|-supereffective|p2a: Swampert
|-damage|p2a: Swampert|0 fnt
|faint|p2a: Swampert
|
|upkeep
|
|t:|1606593638
|switch|p2a: Corviknight|Corviknight, F|100/100
|turn|11
|
|t:|1606593646
|switch|p1a: Toxapex|Toxapex, F, shiny|100/100
|move|p2a: Corviknight|U-turn|p1a: Toxapex
|-resisted|p1a: Toxapex
|-damage|p1a: Toxapex|96/100
|-damage|p2a: Corviknight|84/100|[from] item: Rocky Helmet|[of] p1a: Toxapex
|
|t:|1606593654
|switch|p2a: Nidoking|Nidoking, M|100/100|[from]move: U-turn
|
|upkeep
|turn|12
|
|t:|1606593660
|move|p2a: Nidoking|Earth Power|p1a: Toxapex
|-supereffective|p1a: Toxapex
|-damage|p1a: Toxapex|0 fnt
|faint|p1a: Toxapex
|
|upkeep
|
|t:|1606593669
|switch|p1a: Kyurem|Kyurem, shiny|100/100
|-ability|p1a: Kyurem|Pressure
|turn|13
|inactive|Daunzu has 120 seconds left.
|
|t:|1606593717
|move|p1a: Kyurem|Draco Meteor|p2a: Nidoking
|-damage|p2a: Nidoking|1/100
|-unboost|p1a: Kyurem|spa|2
|move|p2a: Nidoking|Sludge Wave|p1a: Kyurem
|-damage|p1a: Kyurem|41/100
|
|upkeep
|turn|14
|
|t:|1606593731
|switch|p1a: Slowking|Slowking-Galar, M, shiny|100/100
|switch|p2a: Corviknight|Corviknight, F|84/100
|
|-heal|p2a: Corviknight|90/100|[from] item: Leftovers
|upkeep
|turn|15
|
|t:|1606593746
|switch|p2a: Landorus|Landorus-Therian, M|50/100
|-ability|p2a: Landorus|Intimidate|boost
|-unboost|p1a: Slowking|atk|1
|move|p1a: Slowking|Future Sight|p2a: Landorus
|-start|p1a: Slowking|move: Future Sight
|
|-heal|p2a: Landorus|56/100|[from] item: Leftovers
|upkeep
|turn|16
|
|t:|1606593760
|move|p2a: Landorus|Knock Off|p1a: Slowking
|-supereffective|p1a: Slowking
|-damage|p1a: Slowking|32/100
|-enditem|p1a: Slowking|Assault Vest|[from] move: Knock Off|[of] p2a: Landorus
|move|p1a: Slowking|Flamethrower|p2a: Landorus
|-damage|p2a: Landorus|22/100
|
|-heal|p2a: Landorus|28/100|[from] item: Leftovers
|upkeep
|turn|17
|
|t:|1606593771
|switch|p1a: Rillaboom|Rillaboom, M, shiny|100/100
|-fieldstart|move: Grassy Terrain|[from] ability: Grassy Surge|[of] p1a: Rillaboom
|move|p2a: Landorus|Stealth Rock|p1a: Rillaboom
|-sidestart|p1: TheCuriousShuckle|move: Stealth Rock
|
|-end|p2a: Landorus|move: Future Sight
|-damage|p2a: Landorus|0 fnt
|faint|p2a: Landorus
|upkeep
|
|t:|1606593776
|switch|p2a: Tapu Koko|Tapu Koko|100/100
|-fieldstart|move: Electric Terrain|[from] ability: Electric Surge|[of] p2a: Tapu Koko
|turn|18
|
|t:|1606593788
|switch|p1a: Slowking|Slowking-Galar, M, shiny|65/100
|-damage|p1a: Slowking|53/100|[from] Stealth Rock
|move|p2a: Tapu Koko|U-turn|p1a: Slowking
|-damage|p1a: Slowking|35/100
|
|t:|1606593792
|switch|p2a: Nidoking|Nidoking, M|1/100|[from]move: U-turn
|
|upkeep
|turn|19
|
|t:|1606593810
|switch|p1a: Rillaboom|Rillaboom, M, shiny|100/100
|-damage|p1a: Rillaboom|88/100|[from] Stealth Rock
|-fieldstart|move: Grassy Terrain|[from] ability: Grassy Surge|[of] p1a: Rillaboom
|move|p2a: Nidoking|Earth Power|p1a: Rillaboom
|-resisted|p1a: Rillaboom
|-damage|p1a: Rillaboom|45/100
|
|-heal|p2a: Nidoking|8/100|[from] Grassy Terrain
|-heal|p1a: Rillaboom|51/100|[from] Grassy Terrain
|upkeep
|turn|20
|
|t:|1606593823
|switch|p2a: Corviknight|Corviknight, F|90/100
|move|p1a: Rillaboom|U-turn|p2a: Corviknight
|-resisted|p2a: Corviknight
|-damage|p2a: Corviknight|85/100
|
|t:|1606593831
|switch|p1a: Slowking|Slowking-Galar, M, shiny|69/100|[from]move: U-turn
|-damage|p1a: Slowking|56/100|[from] Stealth Rock
|
|-heal|p2a: Corviknight|91/100|[from] item: Leftovers
|-heal|p1a: Slowking|62/100|[from] Grassy Terrain
|upkeep
|turn|21
|
|t:|1606593844
|switch|p2a: Tapu Fini|Tapu Fini|100/100
|-fieldstart|move: Misty Terrain|[from] ability: Misty Surge|[of] p2a: Tapu Fini
|move|p1a: Slowking|Future Sight|p2a: Tapu Fini
|-start|p1a: Slowking|move: Future Sight
|
|upkeep
|turn|22
|
|t:|1606593851
|move|p2a: Tapu Fini|Surf|p1a: Slowking
|-damage|p1a: Slowking|38/100
|move|p1a: Slowking|Sludge Bomb|p2a: Tapu Fini
|-supereffective|p2a: Tapu Fini
|-damage|p2a: Tapu Fini|41/100
|
|-heal|p2a: Tapu Fini|47/100|[from] item: Leftovers
|upkeep
|turn|23
|l|☆TheCuriousShuckle
|inactive|TheCuriousShuckle disconnected and has a minute to reconnect!
|player|p1|
|j|☆TheCuriousShuckle
|inactive|TheCuriousShuckle reconnected and has 115 seconds left.
|player|p1|TheCuriousShuckle|crasherwake
|
|t:|1606593892
|switch|p1a: Rillaboom|Rillaboom, M, shiny|51/100
|-damage|p1a: Rillaboom|39/100|[from] Stealth Rock
|-fieldstart|move: Grassy Terrain|[from] ability: Grassy Surge|[of] p1a: Rillaboom
|move|p2a: Tapu Fini|Moonblast|p1a: Rillaboom
|-damage|p1a: Rillaboom|0 fnt
|faint|p1a: Rillaboom
|
|-end|p2a: Tapu Fini|move: Future Sight
|-damage|p2a: Tapu Fini|8/100
|-heal|p2a: Tapu Fini|14/100|[from] item: Leftovers
|-heal|p2a: Tapu Fini|20/100|[from] Grassy Terrain
|upkeep
|
|t:|1606593915
|switch|p1a: Kyurem|Kyurem, shiny|41/100
|-damage|p1a: Kyurem|17/100|[from] Stealth Rock
|-ability|p1a: Kyurem|Pressure
|turn|24
|
|t:|1606593934
|switch|p1a: Cinderace|Cinderace, M, shiny|100/100
|switch|p2a: Corviknight|Corviknight, F|91/100
|
|-heal|p2a: Corviknight|97/100|[from] item: Leftovers
|upkeep
|turn|25
|
|t:|1606593945
|switch|p2a: Tapu Fini|Tapu Fini|20/100
|-fieldstart|move: Misty Terrain|[from] ability: Misty Surge|[of] p2a: Tapu Fini
|move|p1a: Cinderace|U-turn|p2a: Tapu Fini
|-start|p1a: Cinderace|typechange|Bug|[from] ability: Libero
|-resisted|p2a: Tapu Fini
|-damage|p2a: Tapu Fini|6/100
|inactive|TheCuriousShuckle has 90 seconds left.
|
|t:|1606593956
|switch|p1a: Slowking|Slowking-Galar, M, shiny|72/100|[from]move: U-turn
|-damage|p1a: Slowking|59/100|[from] Stealth Rock
|
|-heal|p2a: Tapu Fini|12/100|[from] item: Leftovers
|upkeep
|turn|26
|
|t:|1606593965
|move|p2a: Tapu Fini|Surf|p1a: Slowking
|-damage|p1a: Slowking|37/100
|move|p1a: Slowking|Psychic|p2a: Tapu Fini
|-damage|p2a: Tapu Fini|0 fnt
|faint|p2a: Tapu Fini
|
|upkeep
|
|t:|1606593969
|switch|p2a: Nidoking|Nidoking, M|8/100
|turn|27
|
|t:|1606593984
|switch|p1a: Kyurem|Kyurem, shiny|17/100
|-damage|p1a: Kyurem|0 fnt|[from] Stealth Rock
|faint|p1a: Kyurem
|move|p2a: Nidoking|Earth Power|p1: Kyurem|[notarget]
|-fail|p2a: Nidoking
|
|upkeep
|
|t:|1606593993
|switch|p1a: Cinderace|Cinderace, M, shiny|100/100
|turn|28
|
|t:|1606593997
|switch|p2a: Corviknight|Corviknight, F|97/100
|move|p1a: Cinderace|Pyro Ball|p2a: Corviknight
|-supereffective|p2a: Corviknight
|-damage|p2a: Corviknight|23/100
|
|-heal|p2a: Corviknight|29/100|[from] item: Leftovers
|upkeep
|turn|29
|
|t:|1606594006
|move|p1a: Cinderace|Pyro Ball|p2a: Corviknight
|-supereffective|p2a: Corviknight
|-damage|p2a: Corviknight|0 fnt
|faint|p2a: Corviknight
|
|-fieldend|Misty Terrain
|upkeep
|
|t:|1606594008
|switch|p2a: Tapu Koko|Tapu Koko|100/100
|-fieldstart|move: Electric Terrain|[from] ability: Electric Surge|[of] p2a: Tapu Koko
|turn|30
|
|t:|1606594017
|move|p2a: Tapu Koko|Thunderbolt|p1a: Cinderace
|-damage|p1a: Cinderace|27/100
|move|p1a: Cinderace|Pyro Ball|p2a: Tapu Koko
|-damage|p2a: Tapu Koko|16/100
|-status|p2a: Tapu Koko|brn
|
|-damage|p2a: Tapu Koko|10/100 brn|[from] brn
|upkeep
|turn|31
|
|t:|1606594027
|move|p1a: Cinderace|Sucker Punch|p2a: Tapu Koko
|-start|p1a: Cinderace|typechange|Dark|[from] ability: Libero
|-resisted|p2a: Tapu Koko
|-damage|p2a: Tapu Koko|0 fnt
|faint|p2a: Tapu Koko
|
|upkeep
|
|t:|1606594030
|switch|p2a: Nidoking|Nidoking, M|8/100
|turn|32
|
|t:|1606594037
|move|p1a: Cinderace|U-turn|p2a: Nidoking
|-start|p1a: Cinderace|typechange|Bug|[from] ability: Libero
|-resisted|p2a: Nidoking
|-damage|p2a: Nidoking|0 fnt
|faint|p2a: Nidoking
|
|win|TheCuriousShuckle
|l|☆Daunzu
