|j|☆Felasmiguel
|j|☆2(H2O)-Alt
|t:|1655498665
|gametype|singles
|player|p1|Felasmiguel|chuck|1757
|player|p2|2(H2O)-Alt|lady|1701
|teamsize|p1|6
|teamsize|p2|6
|gen|8
|tier|[Gen 8] OU
|rated|
|rule|Sleep Clause Mod: Limit one foe put to sleep
|rule|Species Clause: Limit one of each Pokémon
|rule|OHKO Clause: OHKO moves are banned
|rule|Evasion Moves Clause: Evasion moves are banned
|rule|Endless Battle Clause: Forcing endless battles is banned
|rule|HP Percentage Mod: HP is shown in percentages
|rule|Dynamax Clause: You cannot dynamax
|clearpoke
|poke|p1|Crobat, M|
|poke|p1|Swampert, M|
|poke|p1|Magnezone|
|poke|p1|Ninetales-Alola, M|
|poke|p1|Weavile, M|
|poke|p1|Latias, F|
|poke|p2|Tapu Lele|
|poke|p2|Victini|
|poke|p2|Melmetal|
|poke|p2|Landorus-Therian, M|
|poke|p2|Urshifu-*, M|
|poke|p2|Dragonite, M|
|teampreview
|
|t:|1655498671
|start
|switch|p1a: Crobat|Crobat, M|100/100
|switch|p2a: Urshifu|Urshifu-Rapid-Strike, M|100/100
|turn|1
|inactive|Battle timer is ON: inactive players will automatically lose when time's up. (requested by 2(H2O)-Alt)
|
|t:|1655498675
|switch|p2a: Melmetal|Melmetal|100/100
|move|p1a: Crobat|Brave Bird|p2a: Melmetal
|-resisted|p2a: Melmetal
|-damage|p2a: Melmetal|79/100
|-damage|p1a: Crobat|91/100|[from] Recoil
|
|upkeep
|turn|2
|
|t:|1655498684
|switch|p1a: Magnezone|Magnezone|100/100
|move|p2a: Melmetal|Earthquake|p1a: Magnezone
|-supereffective|p1a: Magnezone
|-damage|p1a: Magnezone|0 fnt
|faint|p1a: Magnezone
|
|upkeep
|
|t:|1655498690
|switch|p1a: Swampert|Swampert, M|100/100
|turn|3
|
|t:|1655498693
|switch|p2a: Urshifu|Urshifu-Rapid-Strike, M|100/100
|move|p1a: Swampert|Bulk Up|p1a: Swampert
|-boost|p1a: Swampert|atk|1
|-boost|p1a: Swampert|def|1
|
|upkeep
|turn|4
|
|t:|1655498697
|move|p2a: Urshifu|Surging Strikes|p1a: Swampert
|-crit|p1a: Swampert
|-damage|p1a: Swampert|75/100
|-crit|p1a: Swampert
|-damage|p1a: Swampert|49/100
|-crit|p1a: Swampert
|-damage|p1a: Swampert|22/100
|-hitcount|p1a: Swampert|3
|move|p1a: Swampert|Earthquake|p2a: Urshifu
|-damage|p2a: Urshifu|23/100
|
|-heal|p1a: Swampert|28/100|[from] item: Leftovers
|upkeep
|turn|5
|
|t:|1655498705
|move|p2a: Urshifu|Surging Strikes|p1a: Swampert
|-crit|p1a: Swampert
|-damage|p1a: Swampert|0 fnt
|faint|p1a: Swampert
|-hitcount|p1: Swampert|1
|
|upkeep
|
|t:|1655498710
|switch|p1a: Ninetales|Ninetales-Alola, M|100/100
|-weather|Hail|[from] ability: Snow Warning|[of] p1a: Ninetales
|turn|6
|
|t:|1655498714
|switch|p2a: Melmetal|Melmetal|79/100
|move|p1a: Ninetales|Aurora Veil|p1a: Ninetales
|-sidestart|p1: Felasmiguel|move: Aurora Veil
|
|-weather|Hail|[upkeep]
|-damage|p2a: Melmetal|73/100|[from] Hail
|upkeep
|turn|7
|j| Chlodovechus
|l| Chlodovechus
|
|t:|1655498734
|move|p1a: Ninetales|Nasty Plot|p1a: Ninetales
|-boost|p1a: Ninetales|spa|2
|move|p2a: Melmetal|Double Iron Bash|p1a: Ninetales
|-supereffective|p1a: Ninetales
|-damage|p1a: Ninetales|0 fnt
|faint|p1a: Ninetales
|-hitcount|p1: Ninetales|1
|
|-weather|Hail|[upkeep]
|-damage|p2a: Melmetal|67/100|[from] Hail
|upkeep
|
|t:|1655498736
|switch|p1a: Latias|Latias, F|100/100
|turn|8
|
|t:|1655498739
|switch|p2a: Landorus|Landorus-Therian, M|100/100
|-ability|p2a: Landorus|Intimidate|boost
|-unboost|p1a: Latias|atk|1
|move|p1a: Latias|Calm Mind|p1a: Latias
|-boost|p1a: Latias|spa|1
|-boost|p1a: Latias|spd|1
|
|-weather|Hail|[upkeep]
|-damage|p1a: Latias|94/100|[from] Hail
|-damage|p2a: Landorus|94/100|[from] Hail
|-heal|p2a: Landorus|100/100|[from] item: Leftovers
|upkeep
|turn|9
|
|t:|1655498741
|move|p1a: Latias|Calm Mind|p1a: Latias
|-boost|p1a: Latias|spa|1
|-boost|p1a: Latias|spd|1
|move|p2a: Landorus|Toxic|p1a: Latias
|-status|p1a: Latias|tox
|
|-weather|Hail|[upkeep]
|-damage|p1a: Latias|88/100 tox|[from] Hail
|-damage|p2a: Landorus|94/100|[from] Hail
|-heal|p2a: Landorus|100/100|[from] item: Leftovers
|-damage|p1a: Latias|82/100 tox|[from] psn
|upkeep
|turn|10
|-message|Felasmiguel forfeited.
|
|win|2(H2O)-Alt
|raw|Felasmiguel's rating: 1757 &rarr; <strong>1734</strong><br />(-23 for losing)
|raw|2(H2O)-Alt's rating: 1701 &rarr; <strong>1724</strong><br />(+23 for winning)
|l|☆Felasmiguel
||Ladder isn't responding, score probably updated but might not have (Request timeout).
