|j|☆Allelaja
|j|☆LT71LX Allistair
|t:|1645180023
|gametype|singles
|player|p1|Allelaja|richboy-gen4|1742
|player|p2|LT71LX Allistair|1|1726
|teamsize|p1|6
|teamsize|p2|6
|gen|8
|tier|[Gen 8] OU
|rated|
|rule|Sleep Clause Mod: Limit one foe put to sleep
|rule|Species Clause: Limit one of each Pokémon
|rule|OHKO Clause: OHKO moves are banned
|rule|Evasion Moves Clause: Evasion moves are banned
|rule|Endless Battle Clause: Forcing endless battles is banned
|rule|HP Percentage Mod: HP is shown in percentages
|rule|Dynamax Clause: You cannot dynamax
|clearpoke
|poke|p1|Urshifu-*, M|
|poke|p1|Bisharp, F|
|poke|p1|Zapdos|
|poke|p1|Nidoking, M|
|poke|p1|Tapu Lele|
|poke|p1|Blissey, F|
|poke|p2|Mew|
|poke|p2|Tapu Fini|
|poke|p2|Slurpuff, M|
|poke|p2|Zeraora|
|poke|p2|Vanilluxe, F|
|poke|p2|Blaziken, M|
|teampreview
|inactive|Battle timer is ON: inactive players will automatically lose when time's up. (requested by Allelaja)
|
|t:|1645180027
|start
|switch|p1a: Eric Cantona|Urshifu-Rapid-Strike, M|100/100
|switch|p2a: Slurpuff|Slurpuff, M|100/100
|turn|1
|
|t:|1645180030
|move|p1a: Eric Cantona|Surging Strikes|p2a: Slurpuff
|-crit|p2a: Slurpuff
|-damage|p2a: Slurpuff|69/100
|-crit|p2a: Slurpuff
|-damage|p2a: Slurpuff|38/100
|-crit|p2a: Slurpuff
|-damage|p2a: Slurpuff|8/100
|-hitcount|p2a: Slurpuff|3
|move|p2a: Slurpuff|Sticky Web|p1a: Eric Cantona
|-sidestart|p1: Allelaja|move: Sticky Web
|
|upkeep
|turn|2
|
|t:|1645180038
|move|p1a: Eric Cantona|Surging Strikes|p2a: Slurpuff
|-crit|p2a: Slurpuff
|-damage|p2a: Slurpuff|0 fnt
|faint|p2a: Slurpuff
|-hitcount|p2: Slurpuff|1
|
|upkeep
|
|t:|1645180046
|switch|p2a: Tapu Fini|Tapu Fini|100/100
|-fieldstart|move: Misty Terrain|[from] ability: Misty Surge|[of] p2a: Tapu Fini
|turn|3
|
|t:|1645180050
|move|p1a: Eric Cantona|Surging Strikes|p2a: Tapu Fini
|-resisted|p2a: Tapu Fini
|-crit|p2a: Tapu Fini
|-damage|p2a: Tapu Fini|83/100
|-resisted|p2a: Tapu Fini
|-crit|p2a: Tapu Fini
|-damage|p2a: Tapu Fini|67/100
|-resisted|p2a: Tapu Fini
|-crit|p2a: Tapu Fini
|-damage|p2a: Tapu Fini|52/100
|-hitcount|p2a: Tapu Fini|3
|move|p2a: Tapu Fini|Draining Kiss|p1a: Eric Cantona
|-supereffective|p1a: Eric Cantona
|-damage|p1a: Eric Cantona|40/100
|-heal|p2a: Tapu Fini|100/100|[from] drain|[of] p1a: Eric Cantona
|
|upkeep
|turn|4
|
|t:|1645180061
|move|p1a: Eric Cantona|Surging Strikes|p2a: Tapu Fini
|-resisted|p2a: Tapu Fini
|-crit|p2a: Tapu Fini
|-damage|p2a: Tapu Fini|84/100
|-resisted|p2a: Tapu Fini
|-crit|p2a: Tapu Fini
|-damage|p2a: Tapu Fini|69/100
|-resisted|p2a: Tapu Fini
|-crit|p2a: Tapu Fini
|-damage|p2a: Tapu Fini|54/100
|-hitcount|p2a: Tapu Fini|3
|move|p2a: Tapu Fini|Surf|p1a: Eric Cantona
|-resisted|p1a: Eric Cantona
|-damage|p1a: Eric Cantona|14/100
|
|upkeep
|turn|5
|
|t:|1645180068
|move|p1a: Eric Cantona|Surging Strikes|p2a: Tapu Fini
|-resisted|p2a: Tapu Fini
|-crit|p2a: Tapu Fini
|-damage|p2a: Tapu Fini|39/100
|-resisted|p2a: Tapu Fini
|-crit|p2a: Tapu Fini
|-damage|p2a: Tapu Fini|22/100
|-resisted|p2a: Tapu Fini
|-crit|p2a: Tapu Fini
|-damage|p2a: Tapu Fini|6/100
|-hitcount|p2a: Tapu Fini|3
|move|p2a: Tapu Fini|Draining Kiss|p1a: Eric Cantona
|-supereffective|p1a: Eric Cantona
|-damage|p1a: Eric Cantona|0 fnt
|-heal|p2a: Tapu Fini|19/100|[from] drain|[of] p1a: Eric Cantona
|faint|p1a: Eric Cantona
|
|upkeep
|
|t:|1645180080
|switch|p1a: Yaya Sanogo|Tapu Lele|100/100
|-activate|p1a: Yaya Sanogo|move: Sticky Web
|-unboost|p1a: Yaya Sanogo|spe|1
|-fieldstart|move: Psychic Terrain|[from] ability: Psychic Surge|[of] p1a: Yaya Sanogo
|turn|6
|
|t:|1645180086
|switch|p2a: Mew|Mew|100/100
|move|p1a: Yaya Sanogo|Psychic|p2a: Mew
|-resisted|p2a: Mew
|-crit|p2a: Mew
|-damage|p2a: Mew|61/100
|
|upkeep
|turn|7
|
|t:|1645180091
|switch|p1a: Benoît Pedretti|Zapdos|100/100
|move|p2a: Mew|Roost|p2a: Mew
|-heal|p2a: Mew|100/100
|-singleturn|p2a: Mew|move: Roost
|
|upkeep
|turn|8
|j| 0SiegeWarfare
|
|t:|1645180097
|move|p2a: Mew|Taunt|p1a: Benoît Pedretti
|-start|p1a: Benoît Pedretti|move: Taunt
|cant|p1a: Benoît Pedretti|move: Taunt|Toxic
|
|upkeep
|turn|9
|
|t:|1645180102
|switch|p2a: Zeraora|Zeraora|100/100
|move|p1a: Benoît Pedretti|Volt Switch|p2a: Zeraora
|-immune|p2a: Zeraora|[from] ability: Volt Absorb
|
|upkeep
|turn|10
|
|t:|1645180110
|switch|p1a: Stéphane Guivarc'h|Blissey, F|100/100
|move|p2a: Zeraora|Knock Off|p1a: Stéphane Guivarc'h
|-damage|p1a: Stéphane Guivarc'h|76/100
|-enditem|p1a: Stéphane Guivarc'h|Heavy-Duty Boots|[from] move: Knock Off|[of] p2a: Zeraora
|
|-fieldend|move: Psychic Terrain
|upkeep
|turn|11
|
|t:|1645180122
|switch|p2a: Vanilluxe|Vanilluxe, F|100/100
|-weather|Hail|[from] ability: Snow Warning|[of] p2a: Vanilluxe
|move|p1a: Stéphane Guivarc'h|Toxic|p2a: Vanilluxe
|-status|p2a: Vanilluxe|tox
|
|-weather|Hail|[upkeep]
|-damage|p1a: Stéphane Guivarc'h|70/100|[from] Hail
|-damage|p2a: Vanilluxe|94/100 tox|[from] psn
|upkeep
|turn|12
|
|t:|1645180125
|move|p2a: Vanilluxe|Aurora Veil|p2a: Vanilluxe
|-sidestart|p2: LT71LX Allistair|move: Aurora Veil
|move|p1a: Stéphane Guivarc'h|Stealth Rock|p2a: Vanilluxe
|-sidestart|p2: LT71LX Allistair|move: Stealth Rock
|
|-weather|Hail|[upkeep]
|-damage|p1a: Stéphane Guivarc'h|63/100|[from] Hail
|-damage|p2a: Vanilluxe|82/100 tox|[from] psn
|upkeep
|turn|13
|
|t:|1645180129
|move|p2a: Vanilluxe|Taunt|p1a: Stéphane Guivarc'h
|-start|p1a: Stéphane Guivarc'h|move: Taunt
|cant|p1a: Stéphane Guivarc'h|move: Taunt|Soft-Boiled
|
|-weather|Hail|[upkeep]
|-damage|p1a: Stéphane Guivarc'h|57/100|[from] Hail
|-damage|p2a: Vanilluxe|64/100 tox|[from] psn
|upkeep
|turn|14
|
|t:|1645180134
|move|p2a: Vanilluxe|Explosion|p1a: Stéphane Guivarc'h
|-damage|p1a: Stéphane Guivarc'h|0 fnt
|faint|p2a: Vanilluxe
|faint|p1a: Stéphane Guivarc'h
|
|-weather|Hail|[upkeep]
|upkeep
|
|t:|1645180152
|switch|p2a: Zeraora|Zeraora|100/100
|switch|p1a: Stéphane Grichting|Bisharp, F|100/100
|-activate|p1a: Stéphane Grichting|move: Sticky Web
|-unboost|p1a: Stéphane Grichting|spe|1
|-ability|p1a: Stéphane Grichting|Defiant
|-boost|p1a: Stéphane Grichting|atk|2
|turn|15
|
|t:|1645180157
|switch|p1a: Benoît Pedretti|Zapdos|100/100
|move|p2a: Zeraora|Bulk Up|p2a: Zeraora
|-boost|p2a: Zeraora|atk|1
|-boost|p2a: Zeraora|def|1
|
|-weather|none
|upkeep
|turn|16
|
|t:|1645180164
|move|p2a: Zeraora|Taunt|p1a: Benoît Pedretti
|-start|p1a: Benoît Pedretti|move: Taunt
|cant|p1a: Benoît Pedretti|move: Taunt|Defog
|
|upkeep
|turn|17
|
|t:|1645180168
|switch|p1a: Stéphane Grichting|Bisharp, F|100/100
|-activate|p1a: Stéphane Grichting|move: Sticky Web
|-unboost|p1a: Stéphane Grichting|spe|1
|-ability|p1a: Stéphane Grichting|Defiant
|-boost|p1a: Stéphane Grichting|atk|2
|move|p2a: Zeraora|Bulk Up|p2a: Zeraora
|-boost|p2a: Zeraora|atk|1
|-boost|p2a: Zeraora|def|1
|
|upkeep
|turn|18
|-message|Allelaja forfeited.
|
|win|LT71LX Allistair
|raw|Allelaja's rating: 1742 &rarr; <strong>1721</strong><br />(-21 for losing)
|raw|LT71LX Allistair's rating: 1726 &rarr; <strong>1747</strong><br />(+21 for winning)
|l|☆Allelaja
