|j|☆Greengamer12
|j|☆shikshtenaan
|t:|1660076109
|gametype|singles
|player|p1|Greengamer12|170|1496
|player|p2|shikshtenaan|170|1564
|teamsize|p1|6
|teamsize|p2|6
|gen|8
|tier|[Gen 8] OU
|rated|
|rule|Sleep Clause Mod: Limit one foe put to sleep
|rule|Species Clause: Limit one of each Pokémon
|rule|OHKO Clause: OHKO moves are banned
|rule|Evasion Items Clause: Evasion items are banned
|rule|Evasion Moves Clause: Evasion moves are banned
|rule|Endless Battle Clause: Forcing endless battles is banned
|rule|HP Percentage Mod: HP is shown in percentages
|rule|Dynamax Clause: You cannot dynamax
|clearpoke
|poke|p1|Landorus-Therian, M|
|poke|p1|Ferrothorn, M|
|poke|p1|Slowbro, M|
|poke|p1|Zeraora|
|poke|p1|Zapdos-Galar|
|poke|p1|Clefable, M|
|poke|p2|Mew|
|poke|p2|Tyranitar, F|
|poke|p2|Terrakion|
|poke|p2|Buzzwole|
|poke|p2|Dragapult, F|
|poke|p2|Excadrill, M|
|teampreview
|inactive|Battle timer is ON: inactive players will automatically lose when time's up. (requested by Greengamer12)
|
|t:|1660076127
|start
|switch|p1a: Zeraora|Zeraora|100/100
|switch|p2a: Mew|Mew|100/100
|turn|1
|
|t:|1660076140
|switch|p2a: Buzzwole|Buzzwole|100/100
|move|p1a: Zeraora|Knock Off|p2a: Buzzwole
|-resisted|p2a: Buzzwole
|-damage|p2a: Buzzwole|93/100
|-damage|p1a: Zeraora|84/100|[from] item: Rocky Helmet|[of] p2a: Buzzwole
|-enditem|p2a: Buzzwole|Rocky Helmet|[from] move: Knock Off|[of] p1a: Zeraora
|
|upkeep
|turn|2
|
|t:|1660076149
|switch|p1a: Slowbro|Slowbro, M|100/100
|switch|p2a: Excadrill|Excadrill, M|100/100
|-item|p2a: Excadrill|Air Balloon
|
|upkeep
|turn|3
|
|t:|1660076152
|move|p2a: Excadrill|Stealth Rock|p1a: Slowbro
|-sidestart|p1: Greengamer12|move: Stealth Rock
|move|p1a: Slowbro|Scald|p2a: Excadrill
|-supereffective|p2a: Excadrill
|-damage|p2a: Excadrill|21/100
|-status|p2a: Excadrill|brn
|-enditem|p2a: Excadrill|Air Balloon
|
|-damage|p2a: Excadrill|15/100 brn|[from] brn
|upkeep
|turn|4
|
|t:|1660076163
|switch|p2a: Mew|Mew|100/100
|move|p1a: Slowbro|Future Sight|p2a: Mew
|-start|p1a: Slowbro|move: Future Sight
|
|upkeep
|turn|5
|
|t:|1660076170
|move|p2a: Mew|Energy Ball|p1a: Slowbro
|-supereffective|p1a: Slowbro
|-damage|p1a: Slowbro|41/100
|move|p1a: Slowbro|Teleport|p1a: Slowbro
|
|t:|1660076191
|switch|p1a: Clefable|Clefable, M|100/100|[from]move: Teleport
|
|upkeep
|turn|6
|
|t:|1660076193
|switch|p2a: Tyranitar|Tyranitar, F|100/100
|-weather|Sandstorm|[from] ability: Sand Stream|[of] p2a: Tyranitar
|move|p1a: Clefable|Calm Mind|p1a: Clefable
|-boost|p1a: Clefable|spa|1
|-boost|p1a: Clefable|spd|1
|
|-weather|Sandstorm|[upkeep]
|-end|p2a: Tyranitar|move: Future Sight
|-immune|p2a: Tyranitar
|upkeep
|turn|7
|
|t:|1660076200
|move|p2a: Tyranitar|Ice Beam|p1a: Clefable
|-damage|p1a: Clefable|88/100
|move|p1a: Clefable|Moonblast|p2a: Tyranitar
|-supereffective|p2a: Tyranitar
|-damage|p2a: Tyranitar|63/100
|
|-weather|Sandstorm|[upkeep]
|-heal|p1a: Clefable|94/100|[from] item: Leftovers
|upkeep
|turn|8
|
|t:|1660076206
|move|p2a: Tyranitar|Heavy Slam|p1a: Clefable
|-supereffective|p1a: Clefable
|-damage|p1a: Clefable|27/100
|move|p1a: Clefable|Calm Mind|p1a: Clefable
|-boost|p1a: Clefable|spa|1
|-boost|p1a: Clefable|spd|1
|
|-weather|Sandstorm|[upkeep]
|-heal|p1a: Clefable|33/100|[from] item: Leftovers
|upkeep
|turn|9
|
|t:|1660076212
|move|p2a: Tyranitar|Heavy Slam|p1a: Clefable
|-supereffective|p1a: Clefable
|-damage|p1a: Clefable|0 fnt
|faint|p1a: Clefable
|
|-weather|Sandstorm|[upkeep]
|upkeep
|
|t:|1660076215
|switch|p1a: Zapdos|Zapdos-Galar|100/100
|-damage|p1a: Zapdos|88/100|[from] Stealth Rock
|turn|10
|
|t:|1660076225
|switch|p2a: Dragapult|Dragapult, F|100/100
|move|p1a: Zapdos|U-turn|p2a: Dragapult
|-resisted|p2a: Dragapult
|-damage|p2a: Dragapult|77/100
|
|t:|1660076234
|switch|p1a: Zeraora|Zeraora|84/100|[from]move: U-turn
|
|-weather|none
|upkeep
|turn|11
|
|t:|1660076252
|switch|p1a: Zapdos|Zapdos-Galar|88/100
|-damage|p1a: Zapdos|76/100|[from] Stealth Rock
|switch|p2a: Buzzwole|Buzzwole|93/100
|
|upkeep
|turn|12
|
|t:|1660076259
|switch|p2a: Excadrill|Excadrill, M|15/100 brn
|move|p1a: Zapdos|Drill Peck|p2a: Excadrill
|-resisted|p2a: Excadrill
|-damage|p2a: Excadrill|0 fnt
|faint|p2a: Excadrill
|
|upkeep
|
|t:|1660076268
|switch|p2a: Terrakion|Terrakion|100/100
|turn|13
|
|t:|1660076279
|switch|p2a: Mew|Mew|100/100
|switch|p1a: Landorus|Landorus-Therian, M|100/100
|-damage|p1a: Landorus|88/100|[from] Stealth Rock
|-ability|p1a: Landorus|Intimidate|boost
|-unboost|p2a: Mew|atk|1
|
|-heal|p1a: Landorus|94/100|[from] item: Leftovers
|upkeep
|turn|14
|
|t:|1660076291
|switch|p1a: Slowbro|Slowbro, M|74/100
|move|p2a: Mew|Ice Beam|p1a: Slowbro
|-resisted|p1a: Slowbro
|-damage|p1a: Slowbro|62/100
|
|upkeep
|turn|15
|
|t:|1660076294
|move|p2a: Mew|Energy Ball|p1a: Slowbro
|-supereffective|p1a: Slowbro
|-damage|p1a: Slowbro|0 fnt
|faint|p1a: Slowbro
|
|upkeep
|
|t:|1660076307
|switch|p1a: Zapdos|Zapdos-Galar|76/100
|-damage|p1a: Zapdos|63/100|[from] Stealth Rock
|turn|16
|
|t:|1660076321
|move|p1a: Zapdos|Brave Bird|p2a: Mew
|-crit|p2a: Mew
|-damage|p2a: Mew|0 fnt
|faint|p2a: Mew
|-damage|p1a: Zapdos|28/100|[from] Recoil
|
|upkeep
|
|t:|1660076330
|switch|p2a: Terrakion|Terrakion|100/100
|turn|17
|
|t:|1660076338
|switch|p1a: Landorus|Landorus-Therian, M|94/100
|-damage|p1a: Landorus|82/100|[from] Stealth Rock
|-ability|p1a: Landorus|Intimidate|boost
|-unboost|p2a: Terrakion|atk|1
|move|p2a: Terrakion|Stone Edge|p1a: Landorus
|-damage|p1a: Landorus|50/100
|
|-heal|p1a: Landorus|56/100|[from] item: Leftovers
|upkeep
|turn|18
|
|t:|1660076342
|switch|p2a: Buzzwole|Buzzwole|93/100
|move|p1a: Landorus|Toxic|p2a: Buzzwole
|-status|p2a: Buzzwole|tox
|
|-heal|p1a: Landorus|62/100|[from] item: Leftovers
|-damage|p2a: Buzzwole|87/100 tox|[from] psn
|upkeep
|turn|19
|
|t:|1660076354
|move|p1a: Landorus|Stealth Rock|p2a: Buzzwole
|-sidestart|p2: shikshtenaan|move: Stealth Rock
|move|p2a: Buzzwole|Ice Punch|p1a: Landorus
|-supereffective|p1a: Landorus
|-damage|p1a: Landorus|0 fnt
|faint|p1a: Landorus
|-ability|p2a: Buzzwole|Beast Boost|boost
|-boost|p2a: Buzzwole|def|1
|
|-damage|p2a: Buzzwole|74/100 tox|[from] psn
|upkeep
|
|t:|1660076363
|switch|p1a: Zapdos|Zapdos-Galar|28/100
|-damage|p1a: Zapdos|15/100|[from] Stealth Rock
|turn|20
|
|t:|1660076380
|switch|p2a: Tyranitar|Tyranitar, F|63/100
|-damage|p2a: Tyranitar|50/100|[from] Stealth Rock
|-weather|Sandstorm|[from] ability: Sand Stream|[of] p2a: Tyranitar
|move|p1a: Zapdos|Drill Peck|p2a: Tyranitar
|-resisted|p2a: Tyranitar
|-damage|p2a: Tyranitar|26/100
|
|-weather|Sandstorm|[upkeep]
|-damage|p1a: Zapdos|9/100|[from] Sandstorm
|upkeep
|turn|21
|
|t:|1660076397
|move|p1a: Zapdos|Drill Peck|p2a: Tyranitar
|-resisted|p2a: Tyranitar
|-damage|p2a: Tyranitar|0 fnt
|faint|p2a: Tyranitar
|
|-weather|Sandstorm|[upkeep]
|-damage|p1a: Zapdos|3/100|[from] Sandstorm
|upkeep
|
|t:|1660076404
|switch|p2a: Dragapult|Dragapult, F|77/100
|-damage|p2a: Dragapult|64/100|[from] Stealth Rock
|turn|22
|
|t:|1660076415
|move|p2a: Dragapult|Dragon Dance|p2a: Dragapult
|-boost|p2a: Dragapult|atk|1
|-boost|p2a: Dragapult|spe|1
|move|p1a: Zapdos|Drill Peck|p2a: Dragapult
|-damage|p2a: Dragapult|0 fnt
|faint|p2a: Dragapult
|
|-weather|Sandstorm|[upkeep]
|-damage|p1a: Zapdos|0 fnt|[from] Sandstorm
|faint|p1a: Zapdos
|upkeep
|
|t:|1660076423
|switch|p2a: Terrakion|Terrakion|100/100
|switch|p1a: Zeraora|Zeraora|84/100
|-damage|p2a: Terrakion|94/100|[from] Stealth Rock
|turn|23
|
|t:|1660076438
|switch|p2a: Buzzwole|Buzzwole|74/100 tox
|-damage|p2a: Buzzwole|62/100 tox|[from] Stealth Rock
|move|p1a: Zeraora|Bulk Up|p1a: Zeraora
|-boost|p1a: Zeraora|atk|1
|-boost|p1a: Zeraora|def|1
|
|-weather|Sandstorm|[upkeep]
|-damage|p1a: Zeraora|78/100|[from] Sandstorm
|-damage|p2a: Buzzwole|56/100 tox|[from] Sandstorm
|-damage|p2a: Buzzwole|50/100 tox|[from] psn
|upkeep
|turn|24
|
|t:|1660076442
|move|p1a: Zeraora|Plasma Fists|p2a: Buzzwole
|-damage|p2a: Buzzwole|16/100 tox
|-fieldactivate|move: Ion Deluge
|-hint|Normal-type moves become Electric-type after using Plasma Fists.
|move|p2a: Buzzwole|Earthquake|p1a: Zeraora
|-supereffective|p1a: Zeraora
|-damage|p1a: Zeraora|24/100
|
|-weather|none
|-damage|p2a: Buzzwole|3/100 tox|[from] psn
|upkeep
|turn|25
|
|t:|1660076448
|move|p1a: Zeraora|Plasma Fists|p2a: Buzzwole
|-damage|p2a: Buzzwole|0 fnt
|-fieldactivate|move: Ion Deluge
|-hint|Normal-type moves become Electric-type after using Plasma Fists.
|faint|p2a: Buzzwole
|
|upkeep
|
|t:|1660076449
|switch|p2a: Terrakion|Terrakion|94/100
|-damage|p2a: Terrakion|88/100|[from] Stealth Rock
|turn|26
|
|t:|1660076454
|move|p1a: Zeraora|Close Combat|p2a: Terrakion
|-supereffective|p2a: Terrakion
|-damage|p2a: Terrakion|0 fnt
|-unboost|p1a: Zeraora|def|1
|-unboost|p1a: Zeraora|spd|1
|faint|p2a: Terrakion
|
|win|Greengamer12
|raw|Greengamer12's rating: 1496 &rarr; <strong>1520</strong><br />(+24 for winning)
|raw|shikshtenaan's rating: 1564 &rarr; <strong>1540</strong><br />(-24 for losing)
|l|☆shikshtenaan
|l|☆Greengamer12
||Ladder isn't responding, score probably updated but might not have (Request timeout).
|j|☆Greengamer12
|player|p1|Greengamer12|170
