|j|☆Magatsu(S.Bisharp)
|j|☆Sww-Suwa
|inactive|Battle timer is ON: inactive players will automatically lose when time's up.
|t:|1658612562
|gametype|singles
|player|p1|Magatsu(S.Bisharp)|265|
|player|p2|Sww-Suwa|lisia|
|teamsize|p1|3
|teamsize|p2|3
|gen|8
|tier|[Gen 8] OU
|rated|Tournament battle
|rule|Sleep Clause Mod: Limit one foe put to sleep
|rule|Species Clause: Limit one of each Pokémon
|rule|OHKO Clause: OHKO moves are banned
|rule|Evasion Moves Clause: Evasion moves are banned
|rule|Endless Battle Clause: Forcing endless battles is banned
|rule|HP Percentage Mod: HP is shown in percentages
|clearpoke
|poke|p1|Sceptile, F|
|poke|p1|Blaziken, F|
|poke|p1|Swampert, F|
|poke|p2|Swampert, M|
|poke|p2|Blaziken, F|
|poke|p2|Sceptile, F|
|teampreview
|c|☆Sww-Suwa|hf
|j| yaboiAshK.
|j|+Pinkacross
|
|t:|1658612569
|start
|switch|p1a: Sceptile|Sceptile, F|100/100
|switch|p2a: Swampert|Swampert, M|100/100
|turn|1
|j| SubmergedWater
|j| Forwards
|j| ChrisUchiha
|c|☆Magatsu(S.Bisharp)|glhf.
|
|t:|1658612583
|detailschange|p1a: Sceptile|Sceptile-Mega, F
|-mega|p1a: Sceptile|Sceptile|Sceptilite
|move|p1a: Sceptile|Dragon Dance|p1a: Sceptile
|-boost|p1a: Sceptile|atk|1
|-boost|p1a: Sceptile|spe|1
|move|p2a: Swampert|Endeavor|p1a: Sceptile
|-immune|p1a: Sceptile
|
|upkeep
|turn|2
|c| yaboiAshK.|exposed
|
|t:|1658612598
|move|p1a: Sceptile|Earthquake|p2a: Swampert
|-damage|p2a: Swampert|49/100
|move|p2a: Swampert|Ice Punch|p1a: Sceptile
|-supereffective|p1a: Sceptile
|-damage|p1a: Sceptile|0 fnt
|faint|p1a: Sceptile
|
|upkeep
|c|☆Sww-Suwa|k
|j| drop a wooper
|c| yaboiAshK.|pls
|
|t:|1658612609
|switch|p1a: Blaziken|Blaziken, F|100/100
|turn|3
|
|t:|1658612616
|move|p1a: Blaziken|Close Combat|p2a: Swampert
|-damage|p2a: Swampert|0 fnt
|-unboost|p1a: Blaziken|def|1
|-unboost|p1a: Blaziken|spd|1
|faint|p2a: Swampert
|
|-ability|p1a: Blaziken|Speed Boost|boost
|-boost|p1a: Blaziken|spe|1
|upkeep
|
|t:|1658612620
|switch|p2a: Blaziken|Blaziken, F|100/100
|turn|4
|
|t:|1658612626
|-start|p2a: Blaziken|Dynamax|
|-heal|p2a: Blaziken|100/100|[silent]
|-zpower|p1a: Blaziken
|move|p1a: Blaziken|All-Out Pummeling|p2a: Blaziken|[zeffect]
|-damage|p2a: Blaziken|27/100
|move|p2a: Blaziken|Max Airstream|p1a: Blaziken
|-supereffective|p1a: Blaziken
|-damage|p1a: Blaziken|0 fnt
|-boost|p2a: Blaziken|spe|1
|faint|p1a: Blaziken
|
|-ability|p2a: Blaziken|Speed Boost|boost
|-boost|p2a: Blaziken|spe|1
|upkeep
|j| TheNewBrends11@!
|j| Pikablu007
|
|t:|1658612636
|switch|p1a: Swampert|Swampert, F|100/100
|turn|5
|c| drop a wooper|why z-fight and not z-fly
|c| drop a wooper|or z-gras
|
|t:|1658612647
|-start|p1a: Swampert|Dynamax|
|-heal|p1a: Swampert|100/100|[silent]
|move|p2a: Blaziken|Max Knuckle|p1a: Swampert
|-damage|p1a: Swampert|79/100
|-boost|p2a: Blaziken|atk|1
|move|p1a: Swampert|Max Quake|p2a: Blaziken
|-supereffective|p2a: Blaziken
|-enditem|p2a: Blaziken|Shuca Berry|[eat]
|-enditem|p2a: Blaziken|Shuca Berry|[weaken]
|-damage|p2a: Blaziken|0 fnt
|-boost|p1a: Swampert|spd|1
|faint|p2a: Blaziken
|-damage|p1a: Swampert|74/100|[from] item: Life Orb
|
|upkeep
|
|t:|1658612655
|switch|p2a: Sceptile|Sceptile, F|100/100
|turn|6
|j| arnavgupta
|c| drop a wooper|imagine not being max solar beam
|c|☆Magatsu(S.Bisharp)|Was made to kill Swamp, not Dmax Blazi.
|
|t:|1658612675
|move|p2a: Sceptile|Substitute|p2a: Sceptile
|-start|p2a: Sceptile|Substitute
|-damage|p2a: Sceptile|76/100
|move|p1a: Swampert|Max Ooze|p2a: Sceptile
|-supereffective|p2a: Sceptile
|-end|p2a: Sceptile|Substitute
|-boost|p1a: Swampert|spa|1
|-damage|p1a: Swampert|69/100|[from] item: Life Orb
|
|upkeep
|turn|7
|c| drop a wooper|z-solar beam ohkos swampert
|j| fdfjhyk
|
|t:|1658612682
|move|p2a: Sceptile|Substitute|p2a: Sceptile
|-start|p2a: Sceptile|Substitute
|-damage|p2a: Sceptile|51/100
|move|p1a: Swampert|Max Ooze|p2a: Sceptile
|-supereffective|p2a: Sceptile
|-end|p2a: Sceptile|Substitute
|-boost|p1a: Swampert|spa|1
|-damage|p1a: Swampert|64/100|[from] item: Life Orb
|
|upkeep
|-end|p1a: Swampert|Dynamax
|-heal|p1a: Swampert|64/100|[silent]
|turn|8
|
|t:|1658612689
|move|p2a: Sceptile|Substitute|p2a: Sceptile
|-start|p2a: Sceptile|Substitute
|-damage|p2a: Sceptile|26/100
|move|p1a: Swampert|Sludge Wave|p2a: Sceptile
|-supereffective|p2a: Sceptile
|-end|p2a: Sceptile|Substitute
|-damage|p1a: Swampert|54/100|[from] item: Life Orb
|
|upkeep
|turn|9
|
|t:|1658612693
|move|p2a: Sceptile|Leaf Blade|p1a: Swampert
|-supereffective|p1a: Swampert
|-crit|p1a: Swampert
|-damage|p1a: Swampert|0 fnt
|faint|p1a: Swampert
|
|win|Sww-Suwa
|n|☆Magatsu(S.Bisharp)|magatsusbisharp
|n|☆Sww-Suwa|swwsuwa
|n| yaboiAshK.|yaboiashk
|n| Pinkacross|pinkacross
|n| SubmergedWater|submergedwater
|n| Forwards|forwards
|n| ChrisUchiha|chrisuchiha
|n| drop a wooper|dropawooper
|n| TheNewBrends11@!|thenewbrends11
|n| Pikablu007|pikablu007
|n| arnavgupta|arnavgupta
|n| fdfjhyk|fdfjhyk
|c|☆Sww-Suwa|gg
|l| Pikablu007
|l| arnavgupta
|c|☆Magatsu(S.Bisharp)|gg
|l| yaboiAshK.
|l|☆Sww-Suwa
|l| Forwards
