|j|☆FENDINI
|j|☆Georgina Tropicana
|inactive|Battle timer is ON: inactive players will automatically lose when time's up.
|t:|1667530132
|gametype|singles
|player|p1|FENDINI|ethan-masters|
|player|p2|Georgina Tropicana|nita|
|teamsize|p1|6
|teamsize|p2|6
|gen|8
|tier|[Gen 8] OU
|rated|Tournament battle
|rule|Sleep Clause Mod: Limit one foe put to sleep
|rule|Species Clause: Limit one of each Pokémon
|rule|OHKO Clause: OHKO moves are banned
|rule|Evasion Items Clause: Evasion items are banned
|rule|Evasion Moves Clause: Evasion moves are banned
|rule|Endless Battle Clause: Forcing endless battles is banned
|rule|HP Percentage Mod: HP is shown in percentages
|rule|Dynamax Clause: You cannot dynamax
|clearpoke
|poke|p1|Primarina, F|
|poke|p1|Blaziken, M|
|poke|p1|Rillaboom, M|
|poke|p1|Nidoking, M|
|poke|p1|Weavile, F|
|poke|p1|Lycanroc-Dusk, M|
|poke|p2|Blaziken, M|
|poke|p2|Rillaboom, M|
|poke|p2|Weavile, M|
|poke|p2|Lycanroc-Dusk, M|
|poke|p2|Excadrill, M|
|poke|p2|Diggersby, M|
|teampreview
|j| Sendpais
|
|t:|1667530140
|start
|switch|p1a: Lycanroc|Lycanroc-Dusk, M|100/100
|switch|p2a: Excadrill|Excadrill, M, shiny|100/100
|-ability|p2a: Excadrill|Mold Breaker
|turn|1
|j| cypherstest
|j| Rosaism
|
|t:|1667530155
|move|p1a: Lycanroc|Taunt|p2a: Excadrill
|-start|p2a: Excadrill|move: Taunt
|cant|p2a: Excadrill|move: Taunt|Stealth Rock
|
|upkeep
|turn|2
|
|t:|1667530163
|move|p1a: Lycanroc|Stealth Rock|p2a: Excadrill
|-sidestart|p2: Georgina Tropicana|move: Stealth Rock
|move|p2a: Excadrill|Rapid Spin|p1a: Lycanroc
|-resisted|p1a: Lycanroc
|-crit|p1a: Lycanroc
|-damage|p1a: Lycanroc|78/100
|-boost|p2a: Excadrill|spe|1
|-sideend|p2: Georgina Tropicana|Stealth Rock|[from] move: Rapid Spin|[of] p2a: Excadrill
|
|upkeep
|turn|3
|
|t:|1667530175
|switch|p1a: Primarina|Primarina, F|100/100
|move|p2a: Excadrill|Earthquake|p1a: Primarina
|-damage|p1a: Primarina|57/100
|
|-heal|p1a: Primarina|63/100|[from] item: Leftovers
|-end|p2a: Excadrill|move: Taunt
|upkeep
|turn|4
|
|t:|1667530178
|move|p2a: Excadrill|Stealth Rock|p1a: Primarina
|-sidestart|p1: FENDINI|move: Stealth Rock
|move|p1a: Primarina|Scald|p2a: Excadrill
|-supereffective|p2a: Excadrill
|-damage|p2a: Excadrill|12/100
|-status|p2a: Excadrill|brn
|
|-heal|p1a: Primarina|69/100|[from] item: Leftovers
|-damage|p2a: Excadrill|6/100 brn|[from] brn
|upkeep
|turn|5
|
|t:|1667530185
|switch|p1a: Lycanroc|Lycanroc-Dusk, M|78/100
|-damage|p1a: Lycanroc|65/100|[from] Stealth Rock
|move|p2a: Excadrill|Earthquake|p1a: Lycanroc
|-supereffective|p1a: Lycanroc
|-damage|p1a: Lycanroc|0 fnt
|faint|p1a: Lycanroc
|
|-damage|p2a: Excadrill|0 fnt|[from] brn
|faint|p2a: Excadrill
|upkeep
|
|t:|1667530200
|switch|p1a: Blaziken|Blaziken, M|100/100
|switch|p2a: Diggersby|Diggersby, M, shiny|100/100
|-damage|p1a: Blaziken|88/100|[from] Stealth Rock
|turn|6
|
|t:|1667530204
|move|p1a: Blaziken|Protect|p1a: Blaziken
|-singleturn|p1a: Blaziken|Protect
|move|p2a: Diggersby|Spikes|p1a: Blaziken
|-sidestart|p1: FENDINI|Spikes
|
|-heal|p1a: Blaziken|94/100|[from] item: Leftovers
|-ability|p1a: Blaziken|Speed Boost|boost
|-boost|p1a: Blaziken|spe|1
|upkeep
|turn|7
|
|t:|1667530209
|move|p1a: Blaziken|Close Combat|p2a: Diggersby
|-supereffective|p2a: Diggersby
|-enditem|p2a: Diggersby|Focus Sash
|-damage|p2a: Diggersby|1/100
|-unboost|p1a: Blaziken|def|1
|-unboost|p1a: Blaziken|spd|1
|move|p2a: Diggersby|Earthquake|p1a: Blaziken
|-supereffective|p1a: Blaziken
|-crit|p1a: Blaziken
|-damage|p1a: Blaziken|0 fnt
|faint|p1a: Blaziken
|
|upkeep
|
|t:|1667530231
|switch|p1a: Weavile|Weavile, F|100/100
|-damage|p1a: Weavile|76/100|[from] Stealth Rock
|-damage|p1a: Weavile|63/100|[from] Spikes
|-ability|p1a: Weavile|Pressure
|turn|8
|
|t:|1667530235
|move|p1a: Weavile|Ice Shard|p2a: Diggersby
|-supereffective|p2a: Diggersby
|-damage|p2a: Diggersby|0 fnt
|faint|p2a: Diggersby
|-damage|p1a: Weavile|53/100|[from] item: Life Orb
|
|upkeep
|
|t:|1667530248
|switch|p2a: Blaziken|Blaziken, M, shiny|100/100
|turn|9
|
|t:|1667530252
|move|p1a: Weavile|Knock Off|p2a: Blaziken
|-resisted|p2a: Blaziken
|-damage|p2a: Blaziken|44/100
|-enditem|p2a: Blaziken|Life Orb|[from] move: Knock Off|[of] p1a: Weavile
|-damage|p1a: Weavile|43/100|[from] item: Life Orb
|move|p2a: Blaziken|Thunder Punch|p1a: Weavile
|-damage|p1a: Weavile|0 fnt
|faint|p1a: Weavile
|
|-ability|p2a: Blaziken|Speed Boost|boost
|-boost|p2a: Blaziken|spe|1
|upkeep
|
|t:|1667530264
|switch|p1a: Nidoking|Nidoking, M|100/100
|-damage|p1a: Nidoking|95/100|[from] Stealth Rock
|-damage|p1a: Nidoking|82/100|[from] Spikes
|turn|10
|
|t:|1667530267
|move|p2a: Blaziken|Flare Blitz|p1a: Nidoking
|-damage|p1a: Nidoking|0 fnt
|faint|p1a: Nidoking
|-damage|p2a: Blaziken|17/100|[from] Recoil
|
|-ability|p2a: Blaziken|Speed Boost|boost
|-boost|p2a: Blaziken|spe|1
|upkeep
|
|t:|1667530269
|switch|p1a: Rillaboom|Rillaboom, M|100/100
|-damage|p1a: Rillaboom|88/100|[from] Stealth Rock
|-damage|p1a: Rillaboom|76/100|[from] Spikes
|-fieldstart|move: Grassy Terrain|[from] ability: Grassy Surge|[of] p1a: Rillaboom
|turn|11
|
|t:|1667530271
|move|p1a: Rillaboom|Grassy Glide|p2a: Blaziken
|-resisted|p2a: Blaziken
|-damage|p2a: Blaziken|0 fnt
|faint|p2a: Blaziken
|
|-heal|p1a: Rillaboom|82/100|[from] Grassy Terrain
|upkeep
|l| Sendpais
|
|t:|1667530285
|switch|p2a: Lycanroc|Lycanroc-Dusk, M, shiny|100/100
|turn|12
|
|t:|1667530292
|move|p2a: Lycanroc|Accelerock|p1a: Rillaboom
|-damage|p1a: Rillaboom|38/100
|move|p1a: Rillaboom|Grassy Glide|p2a: Lycanroc
|-supereffective|p2a: Lycanroc
|-crit|p2a: Lycanroc
|-damage|p2a: Lycanroc|0 fnt
|faint|p2a: Lycanroc
|
|-heal|p1a: Rillaboom|44/100|[from] Grassy Terrain
|upkeep
|
|t:|1667530294
|switch|p2a: Weavile|Weavile, M, shiny|100/100
|-ability|p2a: Weavile|Pressure
|turn|13
|
|t:|1667530298
|switch|p1a: Primarina|Primarina, F|69/100
|-damage|p1a: Primarina|56/100|[from] Stealth Rock
|-damage|p1a: Primarina|44/100|[from] Spikes
|move|p2a: Weavile|Ice Shard|p1a: Primarina
|-resisted|p1a: Primarina
|-damage|p1a: Primarina|32/100
|-damage|p2a: Weavile|91/100|[from] item: Life Orb
|
|-heal|p2a: Weavile|97/100|[from] Grassy Terrain
|-heal|p1a: Primarina|39/100|[from] Grassy Terrain
|-heal|p1a: Primarina|45/100|[from] item: Leftovers
|upkeep
|turn|14
|j| lowelofunn
|j|%htcl
|
|t:|1667530306
|switch|p2a: Rillaboom|Rillaboom, M, shiny|100/100
|move|p1a: Primarina|Moonblast|p2a: Rillaboom
|-damage|p2a: Rillaboom|43/100
|-unboost|p2a: Rillaboom|spa|1
|
|-heal|p2a: Rillaboom|49/100|[from] Grassy Terrain
|-heal|p1a: Primarina|51/100|[from] Grassy Terrain
|-heal|p1a: Primarina|57/100|[from] item: Leftovers
|upkeep
|turn|15
|j| bonkerzz
|
|t:|1667530324
|switch|p1a: Rillaboom|Rillaboom, M|44/100
|-damage|p1a: Rillaboom|32/100|[from] Stealth Rock
|-damage|p1a: Rillaboom|20/100|[from] Spikes
|move|p2a: Rillaboom|Grassy Glide|p1a: Rillaboom
|-resisted|p1a: Rillaboom
|-damage|p1a: Rillaboom|0 fnt
|faint|p1a: Rillaboom
|-damage|p2a: Rillaboom|40/100|[from] item: Life Orb
|
|-heal|p2a: Rillaboom|46/100|[from] Grassy Terrain
|-fieldend|move: Grassy Terrain
|upkeep
|
|t:|1667530325
|switch|p1a: Primarina|Primarina, F|57/100
|-damage|p1a: Primarina|44/100|[from] Stealth Rock
|-damage|p1a: Primarina|32/100|[from] Spikes
|turn|16
|
|t:|1667530329
|move|p2a: Rillaboom|Grassy Glide|p1a: Primarina
|-supereffective|p1a: Primarina
|-damage|p1a: Primarina|0 fnt
|faint|p1a: Primarina
|-damage|p2a: Rillaboom|36/100|[from] item: Life Orb
|
|win|Georgina Tropicana
|n|☆FENDINI|fendini
|n|☆Georgina Tropicana|georginatropicana
|n| cypherstest|cypherstest
|n| Rosaism|rosaism
|n| lowelofunn|lowelofunn
|n| htcl|htcl
|n| bonkerzz|bonkerzz
