|raw|<div class="broadcast-blue"><strong>This battle is required to be public due to a player having a name starting with 'lt93oq'.</div>
|j|☆LT93OQ Lio
|j|☆cump3
|t:|1660345257
|gametype|singles
|player|p1|LT93OQ Lio|2|1745
|player|p2|cump3|pilot|1665
|teamsize|p1|6
|teamsize|p2|6
|gen|8
|tier|[Gen 8] OU
|rated|
|rule|Sleep Clause Mod: Limit one foe put to sleep
|rule|Species Clause: Limit one of each Pokémon
|rule|OHKO Clause: OHKO moves are banned
|rule|Evasion Items Clause: Evasion items are banned
|rule|Evasion Moves Clause: Evasion moves are banned
|rule|Endless Battle Clause: Forcing endless battles is banned
|rule|HP Percentage Mod: HP is shown in percentages
|rule|Dynamax Clause: You cannot dynamax
|clearpoke
|poke|p1|Keldeo-Resolute|
|poke|p1|Kartana|
|poke|p1|Heatran, F|
|poke|p1|Landorus-Therian, M|
|poke|p1|Dragapult, F|
|poke|p1|Clefable, M|
|poke|p2|Ferrothorn, F|
|poke|p2|Tornadus-Therian, M|
|poke|p2|Slowking, M|
|poke|p2|Urshifu-*, F|
|poke|p2|Porygon-Z|
|poke|p2|Krookodile, M|
|teampreview
|c|☆cump3|hf
|c|☆LT93OQ Lio|hf
|
|t:|1660345272
|start
|switch|p1a: Clefable|Clefable, M|100/100
|switch|p2a: Tornadus|Tornadus-Therian, M, shiny|100/100
|turn|1
|
|t:|1660345274
|move|p2a: Tornadus|Taunt|p1a: Clefable
|-start|p1a: Clefable|move: Taunt
|cant|p1a: Clefable|move: Taunt|Thunder Wave
|
|upkeep
|turn|2
|
|t:|1660345276
|switch|p1a: Heatran|Heatran, F|100/100
|move|p2a: Tornadus|Knock Off|p1a: Heatran
|-damage|p1a: Heatran|83/100
|-status|p2a: Tornadus|brn|[from] ability: Flame Body|[of] p1a: Heatran
|-enditem|p1a: Heatran|Leftovers|[from] move: Knock Off|[of] p2a: Tornadus
|
|-damage|p2a: Tornadus|94/100 brn|[from] brn
|upkeep
|turn|3
|
|t:|1660345279
|switch|p2a: Urshifu|Urshifu-Rapid-Strike, F|100/100
|move|p1a: Heatran|Stealth Rock|p2a: Urshifu
|-sidestart|p2: cump3|move: Stealth Rock
|
|upkeep
|turn|4
|
|t:|1660345284
|switch|p1a: Dragapult|Dragapult, F|100/100
|move|p2a: Urshifu|Surging Strikes|p1a: Dragapult
|-resisted|p1a: Dragapult
|-crit|p1a: Dragapult
|-damage|p1a: Dragapult|85/100
|-resisted|p1a: Dragapult
|-crit|p1a: Dragapult
|-damage|p1a: Dragapult|71/100
|-resisted|p1a: Dragapult
|-crit|p1a: Dragapult
|-damage|p1a: Dragapult|58/100
|-hitcount|p1a: Dragapult|3
|
|upkeep
|turn|5
|j| amogusroxyrrrr
|j| LT93OQ Nowelle
|
|t:|1660345294
|switch|p2a: Slowking|Slowking, M, shiny|100/100
|move|p1a: Dragapult|Shadow Ball|p2a: Slowking
|-supereffective|p2a: Slowking
|-damage|p2a: Slowking|35/100
|-unboost|p2a: Slowking|spd|1
|
|upkeep
|turn|6
|l| LT93OQ Nowelle
|
|t:|1660345297
|switch|p2a: Porygon-Z|Porygon-Z, shiny|100/100
|-damage|p2a: Porygon-Z|88/100|[from] Stealth Rock
|-ability|p2a: Porygon-Z|Download|boost
|-boost|p2a: Porygon-Z|atk|1
|move|p1a: Dragapult|Shadow Ball|p2a: Porygon-Z
|-immune|p2a: Porygon-Z
|
|upkeep
|turn|7
|
|t:|1660345302
|switch|p1a: Heatran|Heatran, F|83/100
|move|p2a: Porygon-Z|Tri Attack|p1a: Heatran
|-resisted|p1a: Heatran
|-damage|p1a: Heatran|61/100
|
|upkeep
|turn|8
|j| chokst du
|
|t:|1660345306
|switch|p2a: Slowking|Slowking, M, shiny|68/100
|move|p1a: Heatran|Magma Storm|p2a: Slowking
|-resisted|p2a: Slowking
|-damage|p2a: Slowking|56/100
|-activate|p2a: Slowking|move: Magma Storm|[of] p1a: Heatran
|
|-damage|p2a: Slowking|43/100|[from] move: Magma Storm|[partiallytrapped]
|upkeep
|turn|9
|
|t:|1660345309
|move|p1a: Heatran|Toxic|p2a: Slowking
|-status|p2a: Slowking|tox
|move|p2a: Slowking|Scald|p1a: Heatran
|-supereffective|p1a: Heatran
|-damage|p1a: Heatran|28/100
|
|-damage|p2a: Slowking|37/100 tox|[from] psn
|-damage|p2a: Slowking|25/100 tox|[from] move: Magma Storm|[partiallytrapped]
|upkeep
|turn|10
|
|t:|1660345312
|switch|p1a: Dragapult|Dragapult, F|58/100
|move|p2a: Slowking|Scald|p1a: Dragapult
|-resisted|p1a: Dragapult
|-damage|p1a: Dragapult|39/100
|
|-damage|p2a: Slowking|12/100 tox|[from] psn
|-end|p2a: Slowking|Magma Storm|[partiallytrapped]|[silent]
|upkeep
|turn|11
|
|t:|1660345324
|switch|p2a: Ferrothorn|Ferrothorn, F|100/100
|-damage|p2a: Ferrothorn|95/100|[from] Stealth Rock
|move|p1a: Dragapult|U-turn|p2a: Ferrothorn
|-damage|p2a: Ferrothorn|85/100
|-damage|p1a: Dragapult|27/100|[from] ability: Iron Barbs|[of] p2a: Ferrothorn
|-damage|p1a: Dragapult|10/100|[from] item: Rocky Helmet|[of] p2a: Ferrothorn
|
|t:|1660345327
|switch|p1a: Heatran|Heatran, F|28/100|[from]move: U-turn
|
|upkeep
|turn|12
|
|t:|1660345332
|switch|p1a: Dragapult|Dragapult, F|10/100
|switch|p2a: Urshifu|Urshifu-Rapid-Strike, F|100/100
|-damage|p2a: Urshifu|94/100|[from] Stealth Rock
|
|upkeep
|turn|13
|
|t:|1660345340
|switch|p1a: Kartana|Kartana|100/100
|move|p2a: Urshifu|Aqua Jet|p1a: Kartana
|-resisted|p1a: Kartana
|-damage|p1a: Kartana|88/100
|
|upkeep
|turn|14
|
|t:|1660345345
|switch|p2a: Tornadus|Tornadus-Therian, M, shiny|100/100 brn
|move|p1a: Kartana|Knock Off|p2a: Tornadus
|-crit|p2a: Tornadus
|-damage|p2a: Tornadus|4/100 brn
|-enditem|p2a: Tornadus|Heavy-Duty Boots|[from] move: Knock Off|[of] p1a: Kartana
|
|-damage|p2a: Tornadus|0 fnt|[from] brn
|faint|p2a: Tornadus
|upkeep
|
|t:|1660345350
|switch|p2a: Krookodile|Krookodile, M|100/100
|-damage|p2a: Krookodile|94/100|[from] Stealth Rock
|turn|15
|
|t:|1660345353
|switch|p1a: Landorus|Landorus-Therian, M|100/100
|-ability|p1a: Landorus|Intimidate|boost
|-unboost|p2a: Krookodile|atk|1
|move|p2a: Krookodile|Toxic|p1a: Landorus
|-status|p1a: Landorus|tox
|
|-damage|p1a: Landorus|94/100 tox|[from] psn
|upkeep
|turn|16
|
|t:|1660345358
|switch|p2a: Ferrothorn|Ferrothorn, F|85/100
|-damage|p2a: Ferrothorn|79/100|[from] Stealth Rock
|move|p1a: Landorus|U-turn|p2a: Ferrothorn
|-damage|p2a: Ferrothorn|65/100
|-damage|p1a: Landorus|82/100 tox|[from] ability: Iron Barbs|[of] p2a: Ferrothorn
|-damage|p1a: Landorus|66/100 tox|[from] item: Rocky Helmet|[of] p2a: Ferrothorn
|
|t:|1660345365
|switch|p1a: Kartana|Kartana|88/100|[from]move: U-turn
|
|upkeep
|turn|17
|
|t:|1660345377
|move|p1a: Kartana|Sacred Sword|p2a: Ferrothorn
|-supereffective|p2a: Ferrothorn
|-damage|p2a: Ferrothorn|0 fnt
|-damage|p1a: Kartana|75/100|[from] ability: Iron Barbs|[of] p2a: Ferrothorn
|-damage|p1a: Kartana|59/100|[from] item: Rocky Helmet|[of] p2a: Ferrothorn
|faint|p2a: Ferrothorn
|-ability|p1a: Kartana|Beast Boost|boost
|-boost|p1a: Kartana|atk|1
|
|upkeep
|
|t:|1660345379
|switch|p2a: Krookodile|Krookodile, M|94/100
|-damage|p2a: Krookodile|88/100|[from] Stealth Rock
|turn|18
|
|t:|1660345383
|switch|p1a: Landorus|Landorus-Therian, M|66/100 tox
|-ability|p1a: Landorus|Intimidate|boost
|-unboost|p2a: Krookodile|atk|1
|move|p2a: Krookodile|Close Combat|p1a: Landorus
|-resisted|p1a: Landorus
|-damage|p1a: Landorus|57/100 tox
|-unboost|p2a: Krookodile|def|1
|-unboost|p2a: Krookodile|spd|1
|
|-heal|p1a: Landorus|63/100 tox|[from] item: Leftovers
|-damage|p1a: Landorus|57/100 tox|[from] psn
|upkeep
|turn|19
|
|t:|1660345387
|switch|p2a: Slowking|Slowking, M, shiny|46/100 tox
|move|p1a: Landorus|U-turn|p2a: Slowking
|-supereffective|p2a: Slowking
|-damage|p2a: Slowking|0 fnt
|faint|p2a: Slowking
|
|t:|1660345391
|switch|p1a: Clefable|Clefable, M|100/100|[from]move: U-turn
|
|upkeep
|
|t:|1660345394
|switch|p2a: Porygon-Z|Porygon-Z, shiny|88/100
|-damage|p2a: Porygon-Z|76/100|[from] Stealth Rock
|-ability|p2a: Porygon-Z|Download|boost
|-boost|p2a: Porygon-Z|atk|1
|turn|20
|
|t:|1660345403
|switch|p1a: Dragapult|Dragapult, F|10/100
|move|p2a: Porygon-Z|Tri Attack|p1a: Dragapult
|-immune|p1a: Dragapult
|
|upkeep
|turn|21
|
|t:|1660345405
|switch|p2a: Krookodile|Krookodile, M|88/100
|-damage|p2a: Krookodile|82/100|[from] Stealth Rock
|move|p1a: Dragapult|Draco Meteor|p2a: Krookodile|[miss]
|-miss|p1a: Dragapult|p2a: Krookodile
|
|upkeep
|turn|22
|
|t:|1660345411
|switch|p1a: Landorus|Landorus-Therian, M|57/100 tox
|-ability|p1a: Landorus|Intimidate|boost
|-unboost|p2a: Krookodile|atk|1
|move|p2a: Krookodile|Knock Off|p1a: Landorus
|-damage|p1a: Landorus|35/100 tox
|-enditem|p1a: Landorus|Leftovers|[from] move: Knock Off|[of] p2a: Krookodile
|
|-damage|p1a: Landorus|29/100 tox|[from] psn
|upkeep
|turn|23
|
|t:|1660345423
|switch|p2a: Urshifu|Urshifu-Rapid-Strike, F|94/100
|-damage|p2a: Urshifu|88/100|[from] Stealth Rock
|move|p1a: Landorus|U-turn|p2a: Urshifu
|-resisted|p2a: Urshifu
|-damage|p2a: Urshifu|76/100
|
|t:|1660345426
|switch|p1a: Kartana|Kartana|59/100|[from]move: U-turn
|
|upkeep
|turn|24
|
|t:|1660345432
|move|p2a: Urshifu|Aqua Jet|p1a: Kartana
|-resisted|p1a: Kartana
|-damage|p1a: Kartana|47/100
|move|p1a: Kartana|Leaf Blade|p2a: Urshifu
|-supereffective|p2a: Urshifu
|-damage|p2a: Urshifu|0 fnt
|faint|p2a: Urshifu
|-ability|p1a: Kartana|Beast Boost|boost
|-boost|p1a: Kartana|atk|1
|
|upkeep
|
|t:|1660345437
|switch|p2a: Krookodile|Krookodile, M|82/100
|-damage|p2a: Krookodile|75/100|[from] Stealth Rock
|turn|25
|
|t:|1660345441
|switch|p1a: Landorus|Landorus-Therian, M|29/100 tox
|-ability|p1a: Landorus|Intimidate|boost
|-unboost|p2a: Krookodile|atk|1
|move|p2a: Krookodile|Knock Off|p1a: Landorus
|-damage|p1a: Landorus|13/100 tox
|
|-damage|p1a: Landorus|7/100 tox|[from] psn
|upkeep
|turn|26
|
|t:|1660345450
|switch|p1a: Keldeo|Keldeo-Resolute|100/100
|move|p2a: Krookodile|Knock Off|p1a: Keldeo
|-resisted|p1a: Keldeo
|-damage|p1a: Keldeo|82/100
|-ability|p1a: Keldeo|Justified|boost
|-boost|p1a: Keldeo|atk|1
|-enditem|p1a: Keldeo|Leftovers|[from] move: Knock Off|[of] p2a: Krookodile
|
|upkeep
|turn|27
|
|t:|1660345453
|switch|p2a: Porygon-Z|Porygon-Z, shiny|76/100
|-damage|p2a: Porygon-Z|64/100|[from] Stealth Rock
|-ability|p2a: Porygon-Z|Download|boost
|-boost|p2a: Porygon-Z|atk|1
|move|p1a: Keldeo|Substitute|p1a: Keldeo
|-start|p1a: Keldeo|Substitute
|-damage|p1a: Keldeo|57/100
|
|upkeep
|turn|28
|
|t:|1660345458
|move|p1a: Keldeo|Secret Sword|p2a: Porygon-Z
|-supereffective|p2a: Porygon-Z
|-damage|p2a: Porygon-Z|0 fnt
|faint|p2a: Porygon-Z
|
|upkeep
|c|☆cump3|gg
|
|t:|1660345462
|switch|p2a: Krookodile|Krookodile, M|75/100
|-damage|p2a: Krookodile|69/100|[from] Stealth Rock
|turn|29
|
|t:|1660345464
|move|p2a: Krookodile|Earthquake|p1a: Keldeo
|-end|p1a: Keldeo|Substitute
|move|p1a: Keldeo|Scald|p2a: Krookodile
|-supereffective|p2a: Krookodile
|-damage|p2a: Krookodile|0 fnt
|faint|p2a: Krookodile
|
|win|LT93OQ Lio
|raw|LT93OQ Lio's rating: 1745 &rarr; <strong>1760</strong><br />(+15 for winning)
|raw|cump3's rating: 1665 &rarr; <strong>1650</strong><br />(-15 for losing)
|c|☆LT93OQ Lio|gg
|l|☆cump3
|l| chokst du
||Ladder isn't responding, score probably updated but might not have (Request timeout).
