|j|☆EG Starwind
|j|☆SuperTheoryBros
|t:|1606832007
|player|p1|EG Starwind|2|1747
|player|p2|SuperTheoryBros|102|1791
|teamsize|p1|6
|teamsize|p2|6
|gametype|singles
|gen|8
|tier|[Gen 8] OU
|rated|
|clearpoke
|poke|p1|Slowking-Galar, M|
|poke|p1|Urshifu-*, F|
|poke|p1|Rillaboom, M|
|poke|p1|Kommo-o, F|
|poke|p1|Spectrier|
|poke|p1|Buzzwole|
|poke|p2|Chansey, F|
|poke|p2|Heatran, F|
|poke|p2|Landorus-Therian, M|
|poke|p2|Toxapex, M|
|poke|p2|Regieleki|
|poke|p2|Clefable, F|
|rule|Sleep Clause Mod: Limit one foe put to sleep
|rule|Species Clause: Limit one of each Pokémon
|rule|OHKO Clause: OHKO moves are banned
|rule|Evasion Moves Clause: Evasion moves are banned
|rule|Endless Battle Clause: Forcing endless battles is banned
|rule|HP Percentage Mod: HP is shown in percentages
|rule|Dynamax Clause: You cannot dynamax
|teampreview
|inactive|Battle timer is ON: inactive players will automatically lose when time's up. (requested by SuperTheoryBros)
|j| si.tole
|
|t:|1606832034
|start
|switch|p1a: Kommo-o|Kommo-o, F|100/100
|switch|p2a: Landorus|Landorus-Therian, M|100/100
|-ability|p2a: Landorus|Intimidate|boost
|-unboost|p1a: Kommo-o|atk|1
|turn|1
|
|t:|1606832048
|switch|p2a: Toxapex|Toxapex, M|100/100
|move|p1a: Kommo-o|Stealth Rock|p2a: Toxapex
|-sidestart|p2: SuperTheoryBros|move: Stealth Rock
|
|upkeep
|turn|2
|
|t:|1606832055
|switch|p1a: Rillaboom|Rillaboom, M|100/100
|-fieldstart|move: Grassy Terrain|[from] ability: Grassy Surge|[of] p1a: Rillaboom
|move|p2a: Toxapex|Knock Off|p1a: Rillaboom
|-damage|p1a: Rillaboom|84/100
|-enditem|p1a: Rillaboom|Choice Band|[from] move: Knock Off|[of] p2a: Toxapex
|
|-heal|p1a: Rillaboom|90/100|[from] Grassy Terrain
|upkeep
|turn|3
|j| Luckpup
|l| Luckpup
|
|t:|1606832073
|move|p1a: Rillaboom|Wood Hammer|p2a: Toxapex
|-damage|p2a: Toxapex|49/100
|-damage|p1a: Rillaboom|74/100|[from] item: Rocky Helmet|[of] p2a: Toxapex
|-damage|p1a: Rillaboom|58/100|[from] Recoil
|move|p2a: Toxapex|Recover|p2a: Toxapex
|-heal|p2a: Toxapex|99/100
|
|-heal|p1a: Rillaboom|64/100|[from] Grassy Terrain
|-heal|p2a: Toxapex|100/100|[from] Grassy Terrain
|upkeep
|turn|4
|
|t:|1606832093
|move|p1a: Rillaboom|Wood Hammer|p2a: Toxapex
|-damage|p2a: Toxapex|56/100
|-damage|p1a: Rillaboom|48/100|[from] item: Rocky Helmet|[of] p2a: Toxapex
|-damage|p1a: Rillaboom|35/100|[from] Recoil
|move|p2a: Toxapex|Toxic Spikes|p1a: Rillaboom
|-sidestart|p1: EG Starwind|move: Toxic Spikes
|
|-heal|p1a: Rillaboom|41/100|[from] Grassy Terrain
|-heal|p2a: Toxapex|62/100|[from] Grassy Terrain
|upkeep
|turn|5
|
|t:|1606832107
|switch|p1a: Slowking|Slowking-Galar, M|100/100
|-sideend|p1: EG Starwind|move: Toxic Spikes|[of] p1a: Slowking
|move|p2a: Toxapex|Recover|p2a: Toxapex
|-heal|p2a: Toxapex|100/100
|
|upkeep
|turn|6
|
|t:|1606832116
|move|p2a: Toxapex|Knock Off|p1a: Slowking
|-supereffective|p1a: Slowking
|-damage|p1a: Slowking|65/100
|-enditem|p1a: Slowking|Assault Vest|[from] move: Knock Off|[of] p2a: Toxapex
|move|p1a: Slowking|Future Sight|p2a: Toxapex
|-start|p1a: Slowking|move: Future Sight
|
|-heal|p1a: Slowking|71/100|[from] Grassy Terrain
|-fieldend|move: Grassy Terrain
|upkeep
|turn|7
|j| PrezBoy10
|j| Lispers
|j| Grimmisnarl
|j| JustPickATopTier
|inactive|SuperTheoryBros has 120 seconds left.
|
|t:|1606832138
|switch|p2a: Clefable|Clefable, F|100/100
|switch|p1a: Urshifu|Urshifu, F|100/100
|
|upkeep
|turn|8
|inactive|SuperTheoryBros has 120 seconds left.
|j| rylon
|
|t:|1606832166
|move|p1a: Urshifu|U-turn|p2a: Clefable
|-resisted|p2a: Clefable
|-damage|p2a: Clefable|87/100
|
|t:|1606832169
|switch|p1a: Slowking|Slowking-Galar, M|100/100|[from]move: U-turn
|move|p2a: Clefable|Moonblast|p1a: Slowking
|-resisted|p1a: Slowking
|-damage|p1a: Slowking|90/100
|
|-end|p2a: Clefable|move: Future Sight
|-crit|p2a: Clefable
|-damage|p2a: Clefable|6/100
|upkeep
|turn|9
|j| jojo100000
|
|t:|1606832196
|switch|p2a: Heatran|Heatran, F|100/100
|-damage|p2a: Heatran|88/100|[from] Stealth Rock
|-item|p2a: Heatran|Air Balloon
|move|p1a: Slowking|Eerie Spell|p2a: Heatran
|-resisted|p2a: Heatran
|-damage|p2a: Heatran|77/100
|-enditem|p2a: Heatran|Air Balloon
|
|upkeep
|turn|10
|j| InnocentFunHaver
|j| Darkmatter Lv.5
|inactive|SuperTheoryBros has 90 seconds left.
|
|t:|1606832217
|switch|p1a: Kommo-o|Kommo-o, F|100/100
|move|p2a: Heatran|Magma Storm|p1a: Kommo-o
|-resisted|p1a: Kommo-o
|-damage|p1a: Kommo-o|73/100
|-activate|p1a: Kommo-o|move: Magma Storm|[of] p2a: Heatran
|
|-damage|p1a: Kommo-o|61/100|[from] move: Magma Storm|[partiallytrapped]
|upkeep
|turn|11
|inactive|SuperTheoryBros has 90 seconds left.
|
|t:|1606832234
|switch|p2a: Toxapex|Toxapex, M|100/100
|-damage|p2a: Toxapex|88/100|[from] Stealth Rock
|move|p1a: Kommo-o|Clanging Scales|p2a: Toxapex
|-damage|p2a: Toxapex|33/100
|-unboost|p1a: Kommo-o|def|1
|-damage|p1a: Kommo-o|51/100|[from] item: Life Orb
|
|-end|p1a: Kommo-o|Magma Storm|[partiallytrapped]|[silent]
|upkeep
|turn|12
|inactive|SuperTheoryBros has 90 seconds left.
|j| Sushshjs
|inactive|SuperTheoryBros has 60 seconds left.
|
|t:|1606832279
|switch|p2a: Chansey|Chansey, F|100/100
|-damage|p2a: Chansey|88/100|[from] Stealth Rock
|move|p1a: Kommo-o|Clanging Scales|p2a: Chansey
|-damage|p2a: Chansey|70/100
|-unboost|p1a: Kommo-o|def|1
|-damage|p1a: Kommo-o|41/100|[from] item: Life Orb
|
|upkeep
|turn|13
|
|t:|1606832289
|switch|p2a: Landorus|Landorus-Therian, M|100/100
|-damage|p2a: Landorus|88/100|[from] Stealth Rock
|-ability|p2a: Landorus|Intimidate|boost
|-unboost|p1a: Kommo-o|atk|1
|move|p1a: Kommo-o|Close Combat|p2a: Landorus
|-resisted|p2a: Landorus
|-damage|p2a: Landorus|70/100
|-unboost|p1a: Kommo-o|def|1
|-unboost|p1a: Kommo-o|spd|1
|-damage|p1a: Kommo-o|31/100|[from] item: Life Orb
|
|upkeep
|turn|14
|
|t:|1606832304
|move|p2a: Landorus|U-turn|p1a: Kommo-o
|-resisted|p1a: Kommo-o
|-damage|p1a: Kommo-o|3/100
|
|t:|1606832317
|switch|p2a: Chansey|Chansey, F|70/100|[from]move: U-turn
|-damage|p2a: Chansey|58/100|[from] Stealth Rock
|move|p1a: Kommo-o|Clanging Scales|p2a: Chansey
|-damage|p2a: Chansey|42/100
|-unboost|p1a: Kommo-o|def|1
|-damage|p1a: Kommo-o|0 fnt|[from] item: Life Orb
|faint|p1a: Kommo-o
|
|upkeep
|
|t:|1606832327
|switch|p1a: Urshifu|Urshifu, F|100/100
|turn|15
|
|t:|1606832335
|switch|p2a: Clefable|Clefable, F|6/100
|move|p1a: Urshifu|Wicked Blow|p2a: Clefable
|-resisted|p2a: Clefable
|-crit|p2a: Clefable
|-damage|p2a: Clefable|0 fnt
|faint|p2a: Clefable
|
|upkeep
|inactive|SuperTheoryBros has 30 seconds left.
|inactive|SuperTheoryBros has 20 seconds left.
|
|t:|1606832378
|switch|p2a: Regieleki|Regieleki|100/100
|turn|16
|inactive|SuperTheoryBros has 30 seconds left this turn.
|
|t:|1606832383
|move|p2a: Regieleki|Volt Switch|p1a: Urshifu
|-crit|p1a: Urshifu
|-damage|p1a: Urshifu|0 fnt
|faint|p1a: Urshifu
|inactive|SuperTheoryBros has 30 seconds left this turn.
|c|☆EG Starwind|Loo
|c| PrezBoy10|oof
|
|t:|1606832391
|switch|p2a: Toxapex|Toxapex, M|66/100|[from]move: Volt Switch
|-damage|p2a: Toxapex|54/100|[from] Stealth Rock
|
|upkeep
|inactive|SuperTheoryBros has 30 seconds left this turn.
|
|t:|1606832402
|switch|p1a: Slowking|Slowking-Galar, M|100/100
|turn|17
|l| rylon
|inactive|SuperTheoryBros has 30 seconds left.
|
|t:|1606832421
|switch|p2a: Chansey|Chansey, F|42/100
|-damage|p2a: Chansey|30/100|[from] Stealth Rock
|move|p1a: Slowking|Future Sight|p2a: Chansey
|-start|p1a: Slowking|move: Future Sight
|
|upkeep
|turn|18
|inactive|SuperTheoryBros has 30 seconds left.
|
|t:|1606832428
|switch|p1a: Buzzwole|Buzzwole|100/100
|move|p2a: Chansey|Soft-Boiled|p2a: Chansey
|-heal|p2a: Chansey|80/100
|
|upkeep
|turn|19
|inactive|SuperTheoryBros has 30 seconds left.
|inactive|SuperTheoryBros has 20 seconds left.
|inactive|SuperTheoryBros has 15 seconds left.
|
|t:|1606832453
|switch|p2a: Landorus|Landorus-Therian, M|70/100
|-damage|p2a: Landorus|58/100|[from] Stealth Rock
|-ability|p2a: Landorus|Intimidate|boost
|-unboost|p1a: Buzzwole|atk|1
|move|p1a: Buzzwole|Close Combat|p2a: Landorus
|-resisted|p2a: Landorus
|-damage|p2a: Landorus|24/100
|-unboost|p1a: Buzzwole|def|1
|-unboost|p1a: Buzzwole|spd|1
|
|-end|p2a: Landorus|move: Future Sight
|-damage|p2a: Landorus|0 fnt
|upkeep
|faint|p2a: Landorus
|inactive|SuperTheoryBros has 20 seconds left this turn.
|inactive|SuperTheoryBros has 15 seconds left.
|inactive|SuperTheoryBros has 10 seconds left.
|
|t:|1606832466
|switch|p2a: Regieleki|Regieleki|100/100
|turn|20
|inactive|SuperTheoryBros has 20 seconds left this turn.
|
|t:|1606832470
|switch|p1a: Slowking|Slowking-Galar, M|100/100
|move|p2a: Regieleki|Thunderbolt|p1a: Slowking
|-damage|p1a: Slowking|55/100
|-status|p1a: Slowking|par
|
|upkeep
|turn|21
|inactive|SuperTheoryBros has 30 seconds left this turn.
|inactive|SuperTheoryBros has 20 seconds left.
|
|t:|1606832483
|move|p2a: Regieleki|Rapid Spin|p1a: Slowking
|-damage|p1a: Slowking|44/100 par
|-boost|p2a: Regieleki|spe|1
|-sideend|p2: SuperTheoryBros|Stealth Rock|[from] move: Rapid Spin|[of] p2a: Regieleki
|move|p1a: Slowking|Sludge Bomb|p2a: Regieleki
|-damage|p2a: Regieleki|26/100
|
|upkeep
|turn|22
|inactive|SuperTheoryBros has 30 seconds left this turn.
|l| Sushshjs
|inactive|SuperTheoryBros has 20 seconds left.
|inactive|SuperTheoryBros has 15 seconds left.
|inactive|SuperTheoryBros has 10 seconds left.
|
|t:|1606832505
|switch|p1a: Rillaboom|Rillaboom, M|41/100
|-fieldstart|move: Grassy Terrain|[from] ability: Grassy Surge|[of] p1a: Rillaboom
|move|p2a: Regieleki|Volt Switch|p1a: Rillaboom
|-resisted|p1a: Rillaboom
|-damage|p1a: Rillaboom|6/100
|inactive|SuperTheoryBros has 15 seconds left this turn.
|inactive|SuperTheoryBros has 10 seconds left.
|
|t:|1606832513
|switch|p2a: Toxapex|Toxapex, M|87/100|[from]move: Volt Switch
|
|-heal|p1a: Rillaboom|12/100|[from] Grassy Terrain
|-heal|p2a: Toxapex|93/100|[from] Grassy Terrain
|upkeep
|turn|23
|inactive|SuperTheoryBros has 20 seconds left this turn.
|inactive|SuperTheoryBros has 15 seconds left.
|
|t:|1606832522
|switch|p1a: Slowking|Slowking-Galar, M|77/100 par
|move|p2a: Toxapex|Recover|p2a: Toxapex
|-heal|p2a: Toxapex|100/100
|
|-heal|p1a: Slowking|83/100 par|[from] Grassy Terrain
|upkeep
|turn|24
|inactive|SuperTheoryBros has 25 seconds left this turn.
|inactive|SuperTheoryBros has 20 seconds left.
|
|t:|1606832531
|switch|p2a: Chansey|Chansey, F|80/100
|cant|p1a: Slowking|par
|
|-heal|p2a: Chansey|86/100|[from] Grassy Terrain
|-heal|p1a: Slowking|90/100 par|[from] Grassy Terrain
|upkeep
|turn|25
|inactive|SuperTheoryBros has 30 seconds left this turn.
|
|t:|1606832540
|switch|p1a: Buzzwole|Buzzwole|100/100
|move|p2a: Chansey|Stealth Rock|p1a: Buzzwole
|-sidestart|p1: EG Starwind|move: Stealth Rock
|
|-heal|p2a: Chansey|92/100|[from] Grassy Terrain
|upkeep
|turn|26
|inactive|SuperTheoryBros has 30 seconds left.
|inactive|SuperTheoryBros has 20 seconds left.
|inactive|SuperTheoryBros has 15 seconds left.
|
|t:|1606832562
|move|p1a: Buzzwole|Close Combat|p2a: Chansey
|-supereffective|p2a: Chansey
|-damage|p2a: Chansey|0 fnt
|-unboost|p1a: Buzzwole|def|1
|-unboost|p1a: Buzzwole|spd|1
|faint|p2a: Chansey
|-ability|p1a: Buzzwole|Beast Boost|boost
|-boost|p1a: Buzzwole|atk|1
|
|-fieldend|move: Grassy Terrain
|upkeep
|inactive|SuperTheoryBros has 20 seconds left this turn.
|inactive|SuperTheoryBros has 15 seconds left.
|
|t:|1606832572
|switch|p2a: Heatran|Heatran, F|77/100
|turn|27
|inactive|SuperTheoryBros has 25 seconds left this turn.
|
|t:|1606832576
|move|p1a: Buzzwole|Close Combat|p2a: Heatran
|-supereffective|p2a: Heatran
|-damage|p2a: Heatran|0 fnt
|-unboost|p1a: Buzzwole|def|1
|-unboost|p1a: Buzzwole|spd|1
|faint|p2a: Heatran
|-ability|p1a: Buzzwole|Beast Boost|boost
|-boost|p1a: Buzzwole|atk|1
|
|upkeep
|inactive|SuperTheoryBros has 30 seconds left this turn.
|
|t:|1606832578
|switch|p2a: Regieleki|Regieleki|26/100
|turn|28
|
|t:|1606832587
|switch|p1a: Rillaboom|Rillaboom, M|12/100
|-damage|p1a: Rillaboom|0 fnt|[from] Stealth Rock
|faint|p1a: Rillaboom
|move|p2a: Regieleki|Thunder Cage|p1: Rillaboom|[notarget]
|-fail|p2a: Regieleki
|
|upkeep
|j| Coronavirus EUW
|
|t:|1606832593
|switch|p1a: Spectrier|Spectrier|100/100
|-damage|p1a: Spectrier|88/100|[from] Stealth Rock
|turn|29
|
|t:|1606832601
|move|p1a: Spectrier|Shadow Ball|p2a: Regieleki
|-damage|p2a: Regieleki|0 fnt
|faint|p2a: Regieleki
|-ability|p1a: Spectrier|Grim Neigh|boost
|-boost|p1a: Spectrier|spa|1
|
|upkeep
|
|t:|1606832607
|switch|p2a: Toxapex|Toxapex, M|100/100
|turn|30
|
|t:|1606832617
|move|p1a: Spectrier|Shadow Ball|p2a: Toxapex
|-damage|p2a: Toxapex|46/100
|move|p2a: Toxapex|Knock Off|p1a: Spectrier
|-supereffective|p1a: Spectrier
|-damage|p1a: Spectrier|38/100
|-enditem|p1a: Spectrier|Choice Scarf|[from] move: Knock Off|[of] p2a: Toxapex
|
|upkeep
|turn|31
|l| Coronavirus EUW
|-message|SuperTheoryBros forfeited.
|
|win|EG Starwind
|l|☆SuperTheoryBros
|l| JustPickATopTier
|l| PrezBoy10
|j| sabarae
|l| jojo100000
||Ladder (probably) updated, but score could not be retrieved (Request timeout).
|l| Lispers
