|raw|<div class="broadcast-blue"><strong>This battle is required to be public due to a player having a name starting with 'lt93oq'.</div>
|j|☆LT93OQ Lio
|j|☆2(H2O)
|t:|1660394632
|gametype|singles
|player|p1|LT93OQ Lio|2|1713
|player|p2|2(H2O)|chase|1625
|teamsize|p1|6
|teamsize|p2|6
|gen|8
|tier|[Gen 8] OU
|rated|
|rule|Sleep Clause Mod: Limit one foe put to sleep
|rule|Species Clause: Limit one of each Pokémon
|rule|OHKO Clause: OHKO moves are banned
|rule|Evasion Items Clause: Evasion items are banned
|rule|Evasion Moves Clause: Evasion moves are banned
|rule|Endless Battle Clause: Forcing endless battles is banned
|rule|HP Percentage Mod: HP is shown in percentages
|rule|Dynamax Clause: You cannot dynamax
|clearpoke
|poke|p1|Pelipper, M|
|poke|p1|Ferrothorn, F|
|poke|p1|Barraskewda, F|
|poke|p1|Zapdos|
|poke|p1|Omastar, F|
|poke|p1|Tapu Lele|
|poke|p2|Tapu Lele|
|poke|p2|Victini|
|poke|p2|Melmetal|
|poke|p2|Dragonite, M|
|poke|p2|Landorus-Therian, M|
|poke|p2|Urshifu-*, M|
|teampreview
|inactive|Battle timer is ON: inactive players will automatically lose when time's up. (requested by 2(H2O))
|
|t:|1660394651
|start
|switch|p1a: Pelipper|Pelipper, M|100/100
|switch|p2a: Tapu Lele|Tapu Lele|100/100
|-fieldstart|move: Psychic Terrain|[from] ability: Psychic Surge|[of] p2a: Tapu Lele
|-weather|RainDance|[from] ability: Drizzle|[of] p1a: Pelipper
|turn|1
|
|t:|1660394660
|switch|p1a: Ferrothorn|Ferrothorn, F|100/100
|move|p2a: Tapu Lele|Future Sight|p1a: Ferrothorn
|-start|p2a: Tapu Lele|move: Future Sight
|
|-weather|RainDance|[upkeep]
|upkeep
|turn|2
|
|t:|1660394664
|switch|p2a: Urshifu|Urshifu-Rapid-Strike, M|100/100
|move|p1a: Ferrothorn|Knock Off|p2a: Urshifu
|-resisted|p2a: Urshifu
|-damage|p2a: Urshifu|89/100
|-enditem|p2a: Urshifu|Choice Band|[from] move: Knock Off|[of] p1a: Ferrothorn
|
|-weather|RainDance|[upkeep]
|upkeep
|turn|3
|j| LT93OQ rej?
|j| LT93OQ antisocial
|
|t:|1660394675
|switch|p1a: Tapu Lele|Tapu Lele|100/100
|move|p2a: Urshifu|Close Combat|p1a: Tapu Lele
|-resisted|p1a: Tapu Lele
|-damage|p1a: Tapu Lele|75/100
|-unboost|p2a: Urshifu|def|1
|-unboost|p2a: Urshifu|spd|1
|
|-weather|RainDance|[upkeep]
|-end|p1a: Tapu Lele|move: Future Sight
|-resisted|p1a: Tapu Lele
|-damage|p1a: Tapu Lele|27/100
|upkeep
|turn|4
|l| LT93OQ antisocial
|
|t:|1660394685
|switch|p2a: Victini|Victini|100/100
|switch|p1a: Pelipper|Pelipper, M|100/100
|
|-weather|RainDance|[upkeep]
|upkeep
|turn|5
|
|t:|1660394693
|switch|p1a: Ferrothorn|Ferrothorn, F|100/100
|move|p2a: Victini|Bolt Strike|p1a: Ferrothorn
|-resisted|p1a: Ferrothorn
|-damage|p1a: Ferrothorn|86/100
|-damage|p2a: Victini|88/100|[from] ability: Iron Barbs|[of] p1a: Ferrothorn
|
|-weather|RainDance|[upkeep]
|-heal|p1a: Ferrothorn|92/100|[from] item: Leftovers
|-fieldend|move: Psychic Terrain
|upkeep
|turn|6
|
|t:|1660394696
|switch|p1a: Omastar|Omastar, F|100/100
|move|p2a: Victini|V-create|p1a: Omastar
|-resisted|p1a: Omastar
|-damage|p1a: Omastar|91/100
|-unboost|p2a: Victini|spe|1
|-unboost|p2a: Victini|def|1
|-unboost|p2a: Victini|spd|1
|
|-weather|RainDance|[upkeep]
|upkeep
|turn|7
|
|t:|1660394704
|switch|p2a: Melmetal|Melmetal|100/100
|move|p1a: Omastar|Surf|p2a: Melmetal
|-crit|p2a: Melmetal
|-damage|p2a: Melmetal|24/100
|-damage|p1a: Omastar|81/100|[from] item: Life Orb
|
|-weather|RainDance|[upkeep]
|upkeep
|turn|8
|
|t:|1660394709
|move|p1a: Omastar|Surf|p2a: Melmetal
|-damage|p2a: Melmetal|0 fnt
|faint|p2a: Melmetal
|-damage|p1a: Omastar|71/100|[from] item: Life Orb
|
|-weather|none
|upkeep
|
|t:|1660394712
|switch|p2a: Urshifu|Urshifu-Rapid-Strike, M|89/100
|turn|9
|j| chokst du
|
|t:|1660394716
|switch|p1a: Pelipper|Pelipper, M|100/100
|-weather|RainDance|[from] ability: Drizzle|[of] p1a: Pelipper
|move|p2a: Urshifu|Surging Strikes|p1a: Pelipper
|-resisted|p1a: Pelipper
|-crit|p1a: Pelipper
|-damage|p1a: Pelipper|88/100
|-resisted|p1a: Pelipper
|-crit|p1a: Pelipper
|-damage|p1a: Pelipper|78/100
|-resisted|p1a: Pelipper
|-crit|p1a: Pelipper
|-damage|p1a: Pelipper|66/100
|-hitcount|p1a: Pelipper|3
|
|-weather|RainDance|[upkeep]
|upkeep
|turn|10
|
|t:|1660394724
|move|p2a: Urshifu|Surging Strikes|p1a: Pelipper
|-resisted|p1a: Pelipper
|-crit|p1a: Pelipper
|-damage|p1a: Pelipper|55/100
|-resisted|p1a: Pelipper
|-crit|p1a: Pelipper
|-damage|p1a: Pelipper|44/100
|-resisted|p1a: Pelipper
|-crit|p1a: Pelipper
|-damage|p1a: Pelipper|33/100
|-hitcount|p1a: Pelipper|3
|move|p1a: Pelipper|U-turn|p2a: Urshifu
|-resisted|p2a: Urshifu
|-damage|p2a: Urshifu|86/100
|
|t:|1660394727
|switch|p1a: Zapdos|Zapdos|100/100|[from]move: U-turn
|
|-weather|RainDance|[upkeep]
|upkeep
|turn|11
|
|t:|1660394734
|switch|p2a: Landorus|Landorus-Therian, M|100/100
|-ability|p2a: Landorus|Intimidate|boost
|-unboost|p1a: Zapdos|atk|1
|move|p1a: Zapdos|Hurricane|p2a: Landorus
|-damage|p2a: Landorus|62/100
|
|-weather|RainDance|[upkeep]
|-heal|p2a: Landorus|68/100|[from] item: Leftovers
|upkeep
|turn|12
|
|t:|1660394737
|move|p1a: Zapdos|Weather Ball|p2a: Landorus
|-supereffective|p2a: Landorus
|-damage|p2a: Landorus|0 fnt
|faint|p2a: Landorus
|
|-weather|RainDance|[upkeep]
|upkeep
|
|t:|1660394739
|switch|p2a: Tapu Lele|Tapu Lele|100/100
|-fieldstart|move: Psychic Terrain|[from] ability: Psychic Surge|[of] p2a: Tapu Lele
|turn|13
|
|t:|1660394749
|switch|p1a: Tapu Lele|Tapu Lele|27/100
|move|p2a: Tapu Lele|Future Sight|p1a: Tapu Lele
|-start|p2a: Tapu Lele|move: Future Sight
|
|-weather|RainDance|[upkeep]
|upkeep
|turn|14
|
|t:|1660394754
|switch|p2a: Victini|Victini|88/100
|move|p1a: Tapu Lele|Thunder|p2a: Victini
|-damage|p2a: Victini|25/100
|
|-weather|RainDance|[upkeep]
|upkeep
|turn|15
|
|t:|1660394759
|move|p2a: Victini|U-turn|p1a: Tapu Lele
|-damage|p1a: Tapu Lele|0 fnt
|faint|p1a: Tapu Lele
|
|t:|1660394763
|switch|p2a: Tapu Lele|Tapu Lele|100/100|[from]move: U-turn
|
|-weather|RainDance|[upkeep]
|-hint|Future Sight did not hit because the target is fainted.
|upkeep
|
|t:|1660394766
|switch|p1a: Barraskewda|Barraskewda, F|100/100
|turn|16
|
|t:|1660394768
|switch|p2a: Dragonite|Dragonite, M|100/100
|move|p1a: Barraskewda|Flip Turn|p2a: Dragonite
|-resisted|p2a: Dragonite
|-damage|p2a: Dragonite|88/100
|
|t:|1660394783
|switch|p1a: Omastar|Omastar, F|71/100|[from]move: Flip Turn
|
|-weather|none
|upkeep
|turn|17
|
|t:|1660394788
|switch|p1a: Pelipper|Pelipper, M|33/100
|-weather|RainDance|[from] ability: Drizzle|[of] p1a: Pelipper
|switch|p2a: Urshifu|Urshifu-Rapid-Strike, M|86/100
|
|-weather|RainDance|[upkeep]
|-fieldend|move: Psychic Terrain
|upkeep
|turn|18
|
|t:|1660394796
|move|p2a: Urshifu|Close Combat|p1a: Pelipper
|-resisted|p1a: Pelipper
|-damage|p1a: Pelipper|10/100
|-unboost|p2a: Urshifu|def|1
|-unboost|p2a: Urshifu|spd|1
|move|p1a: Pelipper|U-turn|p2a: Urshifu
|-resisted|p2a: Urshifu
|-damage|p2a: Urshifu|79/100
|
|t:|1660394797
|switch|p1a: Zapdos|Zapdos|100/100|[from]move: U-turn
|
|-weather|RainDance|[upkeep]
|upkeep
|turn|19
|
|t:|1660394805
|switch|p2a: Tapu Lele|Tapu Lele|100/100
|-fieldstart|move: Psychic Terrain|[from] ability: Psychic Surge|[of] p2a: Tapu Lele
|move|p1a: Zapdos|Thunder|p2a: Tapu Lele
|-damage|p2a: Tapu Lele|35/100
|
|-weather|RainDance|[upkeep]
|upkeep
|turn|20
|
|t:|1660394820
|move|p2a: Tapu Lele|Future Sight|p1a: Zapdos
|-start|p2a: Tapu Lele|move: Future Sight
|move|p1a: Zapdos|Thunder|p2a: Tapu Lele
|-crit|p2a: Tapu Lele
|-damage|p2a: Tapu Lele|0 fnt
|faint|p2a: Tapu Lele
|
|-weather|RainDance|[upkeep]
|upkeep
|
|t:|1660394826
|switch|p2a: Urshifu|Urshifu-Rapid-Strike, M|79/100
|turn|21
|
|t:|1660394831
|switch|p2a: Dragonite|Dragonite, M|88/100
|move|p1a: Zapdos|Thunder|p2a: Dragonite
|-damage|p2a: Dragonite|44/100
|-status|p2a: Dragonite|par
|
|-weather|RainDance|[upkeep]
|upkeep
|turn|22
|
|t:|1660394836
|move|p1a: Zapdos|Thunder|p2a: Dragonite
|-damage|p2a: Dragonite|2/100 par
|move|p2a: Dragonite|Roost|p2a: Dragonite
|-heal|p2a: Dragonite|52/100 par
|-singleturn|p2a: Dragonite|move: Roost
|
|-weather|RainDance|[upkeep]
|-end|p1a: Zapdos|move: Future Sight
|-damage|p1a: Zapdos|0 fnt
|faint|p1a: Zapdos
|upkeep
|
|t:|1660394841
|switch|p1a: Omastar|Omastar, F|71/100
|turn|23
|
|t:|1660394844
|switch|p2a: Urshifu|Urshifu-Rapid-Strike, M|79/100
|move|p1a: Omastar|Ice Beam|p2a: Urshifu
|-resisted|p2a: Urshifu
|-damage|p2a: Urshifu|47/100
|-damage|p1a: Omastar|61/100|[from] item: Life Orb
|
|-weather|RainDance|[upkeep]
|-fieldend|move: Psychic Terrain
|upkeep
|turn|24
|
|t:|1660394849
|move|p1a: Omastar|Surf|p2a: Urshifu
|-resisted|p2a: Urshifu
|-damage|p2a: Urshifu|0 fnt
|faint|p2a: Urshifu
|-damage|p1a: Omastar|51/100|[from] item: Life Orb
|
|-weather|none
|upkeep
|
|t:|1660394851
|switch|p2a: Victini|Victini|25/100
|turn|25
|
|t:|1660394854
|switch|p1a: Pelipper|Pelipper, M|10/100
|-weather|RainDance|[from] ability: Drizzle|[of] p1a: Pelipper
|move|p2a: Victini|Bolt Strike|p1a: Pelipper
|-supereffective|p1a: Pelipper
|-damage|p1a: Pelipper|0 fnt
|faint|p1a: Pelipper
|
|-weather|RainDance|[upkeep]
|upkeep
|
|t:|1660394858
|switch|p1a: Omastar|Omastar, F|51/100
|turn|26
|
|t:|1660394860
|move|p1a: Omastar|Surf|p2a: Victini
|-supereffective|p2a: Victini
|-damage|p2a: Victini|0 fnt
|faint|p2a: Victini
|-damage|p1a: Omastar|41/100|[from] item: Life Orb
|
|-weather|RainDance|[upkeep]
|upkeep
|
|t:|1660394862
|switch|p2a: Dragonite|Dragonite, M|52/100 par
|turn|27
|
|t:|1660394865
|move|p1a: Omastar|Ice Beam|p2a: Dragonite
|-supereffective|p2a: Dragonite
|-damage|p2a: Dragonite|0 fnt
|faint|p2a: Dragonite
|-damage|p1a: Omastar|31/100|[from] item: Life Orb
|
|win|LT93OQ Lio
|raw|LT93OQ Lio's rating: 1713 &rarr; <strong>1728</strong><br />(+15 for winning)
|raw|2(H2O)'s rating: 1625 &rarr; <strong>1610</strong><br />(-15 for losing)
|l|☆2(H2O)
||Ladder isn't responding, score probably updated but might not have (Request timeout).
