|html|<div class="broadcast-blue"><strong>[Gen 8] OU is currently suspecting Melmetal! For information on how to participate check out the <a href="https://www.smogon.com/forums/threads/np-ss-ou-suspect-process-round-12-monster-mash.3709234/">suspect thread</a>.</strong></div>
|j|☆SeigneurFou
|j|☆IVodyne
|t:|1666262250
|gametype|singles
|player|p1|SeigneurFou|169|1563
|player|p2|IVodyne|265|1657
|teamsize|p1|6
|teamsize|p2|6
|gen|8
|tier|[Gen 8] OU
|rated|
|rule|Sleep Clause Mod: Limit one foe put to sleep
|rule|Species Clause: Limit one of each Pokémon
|rule|OHKO Clause: OHKO moves are banned
|rule|Evasion Items Clause: Evasion items are banned
|rule|Evasion Moves Clause: Evasion moves are banned
|rule|Endless Battle Clause: Forcing endless battles is banned
|rule|HP Percentage Mod: HP is shown in percentages
|rule|Dynamax Clause: You cannot dynamax
|clearpoke
|poke|p1|Zapdos|
|poke|p1|Landorus-Therian, M|
|poke|p1|Hydreigon, M|
|poke|p1|Melmetal|
|poke|p1|Clefable, M|
|poke|p1|Dragapult, F|
|poke|p2|Snorlax, M|
|poke|p2|Suicune|
|poke|p2|Melmetal|
|poke|p2|Victini|
|poke|p2|Landorus-Therian, M|
|poke|p2|Zapdos|
|teampreview
|inactive|Battle timer is ON: inactive players will automatically lose when time's up. (requested by SeigneurFou)
|c|☆IVodyne|hf
|
|t:|1666262268
|start
|switch|p1a: Landorus|Landorus-Therian, M|100/100
|switch|p2a: Suicune|Suicune|100/100
|-ability|p1a: Landorus|Intimidate|boost
|-unboost|p2a: Suicune|atk|1
|-ability|p2a: Suicune|Pressure
|turn|1
|
|t:|1666262281
|move|p1a: Landorus|Knock Off|p2a: Suicune
|-damage|p2a: Suicune|83/100
|-enditem|p2a: Suicune|Leftovers|[from] move: Knock Off|[of] p1a: Landorus
|move|p2a: Suicune|Ice Beam|p1a: Landorus
|-supereffective|p1a: Landorus
|-damage|p1a: Landorus|24/100
|
|-heal|p1a: Landorus|30/100|[from] item: Leftovers
|upkeep
|turn|2
|
|t:|1666262297
|switch|p1a: Clefable|Clefable, M|100/100
|switch|p2a: Zapdos|Zapdos|100/100
|
|upkeep
|turn|3
|
|t:|1666262303
|move|p2a: Zapdos|Hurricane|p1a: Clefable
|-damage|p1a: Clefable|43/100
|move|p1a: Clefable|Wish|p1a: Clefable
|
|-heal|p1a: Clefable|49/100|[from] item: Leftovers
|upkeep
|turn|4
|
|t:|1666262311
|move|p1a: Clefable|Protect|p1a: Clefable
|-singleturn|p1a: Clefable|Protect
|move|p2a: Zapdos|Hurricane|p1a: Clefable
|-activate|p1a: Clefable|move: Protect
|
|-heal|p1a: Clefable|99/100|[from] move: Wish|[wisher] Clefable
|-heal|p1a: Clefable|100/100|[from] item: Leftovers
|upkeep
|turn|5
|
|t:|1666262319
|move|p2a: Zapdos|Volt Switch|p1a: Clefable
|-damage|p1a: Clefable|62/100
|
|t:|1666262323
|switch|p2a: Victini|Victini|100/100|[from]move: Volt Switch
|move|p1a: Clefable|Wish|p1a: Clefable
|
|-heal|p1a: Clefable|69/100|[from] item: Leftovers
|upkeep
|turn|6
|
|t:|1666262330
|switch|p1a: Zapdos|Zapdos|100/100
|move|p2a: Victini|V-create|p1a: Zapdos
|-damage|p1a: Zapdos|0 fnt
|-unboost|p2a: Victini|spe|1
|-unboost|p2a: Victini|def|1
|-unboost|p2a: Victini|spd|1
|-status|p2a: Victini|par|[from] ability: Static|[of] p1a: Zapdos
|faint|p1a: Zapdos
|
|upkeep
|
|t:|1666262349
|switch|p1a: Hydreigon|Hydreigon, M|100/100
|turn|7
|
|t:|1666262354
|switch|p2a: Snorlax|Snorlax, M|100/100
|move|p1a: Hydreigon|Nasty Plot|p1a: Hydreigon
|-boost|p1a: Hydreigon|spa|2
|
|upkeep
|turn|8
|
|t:|1666262359
|move|p1a: Hydreigon|Substitute|p1a: Hydreigon
|-start|p1a: Hydreigon|Substitute
|-damage|p1a: Hydreigon|76/100
|move|p2a: Snorlax|Body Slam|p1a: Hydreigon
|-end|p1a: Hydreigon|Substitute
|
|-heal|p1a: Hydreigon|82/100|[from] item: Leftovers
|upkeep
|turn|9
|
|t:|1666262372
|move|p1a: Hydreigon|Dark Pulse|p2a: Snorlax
|-damage|p2a: Snorlax|64/100
|move|p2a: Snorlax|Body Slam|p1a: Hydreigon
|-damage|p1a: Hydreigon|45/100
|
|-heal|p1a: Hydreigon|52/100|[from] item: Leftovers
|-heal|p2a: Snorlax|70/100|[from] item: Leftovers
|upkeep
|turn|10
|j| qxfn143
|l| qxfn143
|
|t:|1666262384
|move|p1a: Hydreigon|Dark Pulse|p2a: Snorlax
|-damage|p2a: Snorlax|35/100
|move|p2a: Snorlax|Body Slam|p1a: Hydreigon
|-damage|p1a: Hydreigon|14/100
|
|-heal|p1a: Hydreigon|20/100|[from] item: Leftovers
|-heal|p2a: Snorlax|41/100|[from] item: Leftovers
|upkeep
|turn|11
|
|t:|1666262394
|move|p1a: Hydreigon|Dark Pulse|p2a: Snorlax
|-damage|p2a: Snorlax|7/100
|cant|p2a: Snorlax|flinch
|
|-heal|p1a: Hydreigon|26/100|[from] item: Leftovers
|-heal|p2a: Snorlax|13/100|[from] item: Leftovers
|upkeep
|turn|12
|
|t:|1666262401
|move|p1a: Hydreigon|Dark Pulse|p2a: Snorlax
|-damage|p2a: Snorlax|0 fnt
|faint|p2a: Snorlax
|
|-heal|p1a: Hydreigon|32/100|[from] item: Leftovers
|upkeep
|
|t:|1666262406
|switch|p2a: Landorus|Landorus-Therian, M|100/100
|-ability|p2a: Landorus|Intimidate|boost
|-unboost|p1a: Hydreigon|atk|1
|turn|13
|l|☆IVodyne
|inactive|IVodyne disconnected and has a minute to reconnect!
|player|p2|
|
|t:|1666262417
|switch|p1a: Clefable|Clefable, M|69/100
|move|p2a: Landorus|U-turn|p1a: Clefable
|-resisted|p1a: Clefable
|-crit|p1a: Clefable
|-damage|p1a: Clefable|53/100
|j|☆IVodyne
|inactive|IVodyne reconnected and has 130 seconds left.
|player|p2|IVodyne|265
|
|t:|1666262443
|switch|p2a: Victini|Victini|100/100 par|[from]move: U-turn
|
|-heal|p1a: Clefable|59/100|[from] item: Leftovers
|upkeep
|turn|14
|
|t:|1666262450
|move|p1a: Clefable|Protect|p1a: Clefable
|-singleturn|p1a: Clefable|Protect
|move|p2a: Victini|V-create|p1a: Clefable
|-activate|p1a: Clefable|move: Protect
|
|-heal|p1a: Clefable|65/100|[from] item: Leftovers
|upkeep
|turn|15
|
|t:|1666262467
|switch|p1a: Hydreigon|Hydreigon, M|32/100
|move|p2a: Victini|V-create|p1a: Hydreigon
|-resisted|p1a: Hydreigon
|-damage|p1a: Hydreigon|0 fnt
|-unboost|p2a: Victini|spe|1
|-unboost|p2a: Victini|def|1
|-unboost|p2a: Victini|spd|1
|faint|p1a: Hydreigon
|
|upkeep
|
|t:|1666262475
|switch|p1a: Landorus|Landorus-Therian, M|30/100
|-ability|p1a: Landorus|Intimidate|boost
|-unboost|p2a: Victini|atk|1
|turn|16
|
|t:|1666262480
|switch|p2a: Zapdos|Zapdos|100/100
|move|p1a: Landorus|Stealth Rock|p2a: Zapdos
|-sidestart|p2: IVodyne|move: Stealth Rock
|
|-heal|p1a: Landorus|36/100|[from] item: Leftovers
|upkeep
|turn|17
|
|t:|1666262487
|switch|p1a: Clefable|Clefable, M|65/100
|move|p2a: Zapdos|Defog|p1a: Clefable
|-unboost|p1a: Clefable|evasion|1
|-sideend|p2: IVodyne|Stealth Rock|[from] move: Defog|[of] p2a: Zapdos
|
|-heal|p1a: Clefable|71/100|[from] item: Leftovers
|upkeep
|turn|18
|
|t:|1666262494
|move|p2a: Zapdos|Hurricane|p1a: Clefable
|-damage|p1a: Clefable|12/100
|move|p1a: Clefable|Wish|p1a: Clefable
|
|-heal|p1a: Clefable|18/100|[from] item: Leftovers
|upkeep
|turn|19
|
|t:|1666262501
|move|p1a: Clefable|Protect|p1a: Clefable
|-singleturn|p1a: Clefable|Protect
|move|p2a: Zapdos|Heat Wave|p1a: Clefable
|-activate|p1a: Clefable|move: Protect
|
|-heal|p1a: Clefable|68/100|[from] move: Wish|[wisher] Clefable
|-heal|p1a: Clefable|74/100|[from] item: Leftovers
|upkeep
|turn|20
|
|t:|1666262527
|switch|p1a: Melmetal|Melmetal|100/100
|move|p2a: Zapdos|Hurricane|p1a: Melmetal|[miss]
|-miss|p2a: Zapdos|p1a: Melmetal
|
|upkeep
|turn|21
|
|t:|1666262534
|move|p2a: Zapdos|Volt Switch|p1a: Melmetal
|-crit|p1a: Melmetal
|-damage|p1a: Melmetal|42/100
|
|t:|1666262541
|switch|p2a: Victini|Victini|100/100 par|[from]move: Volt Switch
|move|p1a: Melmetal|Ice Punch|p2a: Victini
|-resisted|p2a: Victini
|-damage|p2a: Victini|73/100 par
|
|upkeep
|turn|22
|
|t:|1666262556
|switch|p1a: Dragapult|Dragapult, F|100/100
|move|p2a: Victini|V-create|p1a: Dragapult
|-resisted|p1a: Dragapult
|-damage|p1a: Dragapult|24/100
|-unboost|p2a: Victini|spe|1
|-unboost|p2a: Victini|def|1
|-unboost|p2a: Victini|spd|1
|
|upkeep
|turn|23
|
|t:|1666262568
|switch|p2a: Melmetal|Melmetal|100/100
|move|p1a: Dragapult|Shadow Ball|p2a: Melmetal
|-damage|p2a: Melmetal|65/100
|
|upkeep
|turn|24
|
|t:|1666262588
|switch|p1a: Melmetal|Melmetal|42/100
|move|p2a: Melmetal|Double Iron Bash|p1a: Melmetal
|-resisted|p1a: Melmetal
|-damage|p1a: Melmetal|31/100
|-resisted|p1a: Melmetal
|-damage|p1a: Melmetal|20/100
|-hitcount|p1a: Melmetal|2
|
|upkeep
|turn|25
|inactive|SeigneurFou has 120 seconds left.
|
|t:|1666262617
|switch|p2a: Suicune|Suicune|83/100
|-ability|p2a: Suicune|Pressure
|switch|p1a: Landorus|Landorus-Therian, M|36/100
|-ability|p1a: Landorus|Intimidate|boost
|-unboost|p2a: Suicune|atk|1
|
|-heal|p1a: Landorus|42/100|[from] item: Leftovers
|upkeep
|turn|26
|
|t:|1666262626
|move|p1a: Landorus|Stealth Rock|p2a: Suicune
|-sidestart|p2: IVodyne|move: Stealth Rock
|move|p2a: Suicune|Ice Beam|p1a: Landorus
|-supereffective|p1a: Landorus
|-damage|p1a: Landorus|0 fnt
|faint|p1a: Landorus
|
|upkeep
|
|t:|1666262632
|switch|p1a: Clefable|Clefable, M|74/100
|turn|27
|
|t:|1666262641
|switch|p2a: Zapdos|Zapdos|100/100
|move|p1a: Clefable|Wish|p1a: Clefable
|
|-heal|p1a: Clefable|80/100|[from] item: Leftovers
|upkeep
|turn|28
|
|t:|1666262651
|switch|p1a: Dragapult|Dragapult, F|24/100
|move|p2a: Zapdos|Volt Switch|p1a: Dragapult
|-resisted|p1a: Dragapult
|-damage|p1a: Dragapult|0 fnt
|faint|p1a: Dragapult
|
|t:|1666262658
|switch|p2a: Landorus|Landorus-Therian, M|100/100|[from]move: Volt Switch
|-damage|p2a: Landorus|88/100|[from] Stealth Rock
|
|upkeep
|
|t:|1666262662
|switch|p1a: Melmetal|Melmetal|20/100
|turn|29
|
|t:|1666262664
|move|p2a: Landorus|Earthquake|p1a: Melmetal
|-supereffective|p1a: Melmetal
|-damage|p1a: Melmetal|0 fnt
|faint|p1a: Melmetal
|
|upkeep
|c|☆SeigneurFou|gg
|c|☆IVodyne|gg
|-message|SeigneurFou forfeited.
|
|win|IVodyne
|raw|SeigneurFou's rating: 1563 &rarr; <strong>1548</strong><br />(-15 for losing)
|raw|IVodyne's rating: 1657 &rarr; <strong>1672</strong><br />(+15 for winning)
|l|☆SeigneurFou
|l|☆IVodyne
|j|☆IVodyne
|player|p2|IVodyne|265
||Ladder isn't responding, score probably updated but might not have (Request timeout).
