|html|<div class="broadcast-blue"><strong>[Gen 8] OU is currently suspecting Melmetal! For information on how to participate check out the <a href="https://www.smogon.com/forums/threads/np-ss-ou-suspect-process-round-12-monster-mash.3709234/">suspect thread</a>.</strong></div>
|j|☆Ghecisbestvillain
|j|☆BugCatcherWeevil
|t:|1666561611
|gametype|singles
|player|p1|Ghecisbestvillain|scientist-gen4|1745
|player|p2|BugCatcherWeevil|265|1867
|teamsize|p1|6
|teamsize|p2|6
|gen|8
|tier|[Gen 8] OU
|rated|
|rule|Sleep Clause Mod: Limit one foe put to sleep
|rule|Species Clause: Limit one of each Pokémon
|rule|OHKO Clause: OHKO moves are banned
|rule|Evasion Items Clause: Evasion items are banned
|rule|Evasion Moves Clause: Evasion moves are banned
|rule|Endless Battle Clause: Forcing endless battles is banned
|rule|HP Percentage Mod: HP is shown in percentages
|rule|Dynamax Clause: You cannot dynamax
|clearpoke
|poke|p1|Chansey, F|
|poke|p1|Toxapex, M|
|poke|p1|Buzzwole|
|poke|p1|Landorus-Therian, M|
|poke|p1|Slowking, M|
|poke|p1|Moltres-Galar|
|poke|p2|Arctozolt|
|poke|p2|Tornadus-Therian, M|
|poke|p2|Heatran, F|
|poke|p2|Landorus-Therian, M|
|poke|p2|Hatterene, F|
|poke|p2|Vanilluxe, M|
|teampreview
|j|+eris
|inactive|Battle timer is ON: inactive players will automatically lose when time's up. (requested by Ghecisbestvillain)
|inactive|BugCatcherWeevil has 120 seconds left.
|j| Shotintheheart
|
|t:|1666561698
|start
|switch|p1a: Evangelion boring|Landorus-Therian, M|100/100
|switch|p2a: Vanilluxe|Vanilluxe, M|100/100
|-weather|Hail|[from] ability: Snow Warning|[of] p2a: Vanilluxe
|-ability|p1a: Evangelion boring|Intimidate|boost
|-unboost|p2a: Vanilluxe|atk|1
|turn|1
|
|t:|1666561719
|switch|p1a: One Piece shitty|Slowking, M|100/100
|move|p2a: Vanilluxe|Blizzard|p1a: One Piece shitty
|-resisted|p1a: One Piece shitty
|-damage|p1a: One Piece shitty|86/100
|
|-weather|Hail|[upkeep]
|-damage|p1a: One Piece shitty|80/100|[from] Hail
|upkeep
|turn|2
|j| BezerraDaSilva
|
|t:|1666561727
|move|p2a: Vanilluxe|Freeze-Dry|p1a: One Piece shitty
|-supereffective|p1a: One Piece shitty
|-damage|p1a: One Piece shitty|46/100
|move|p1a: One Piece shitty|Future Sight|p2a: Vanilluxe
|-start|p1a: One Piece shitty|move: Future Sight
|
|-weather|Hail|[upkeep]
|-damage|p1a: One Piece shitty|40/100|[from] Hail
|upkeep
|turn|3
|
|t:|1666561733
|switch|p2a: Tornadus|Tornadus-Therian, M|100/100
|switch|p1a: HXH is overrated|Chansey, F|100/100
|
|-weather|Hail|[upkeep]
|-damage|p2a: Tornadus|94/100|[from] Hail
|-damage|p1a: HXH is overrated|94/100|[from] Hail
|upkeep
|turn|4
|
|t:|1666561742
|switch|p1a: Naruto garbage|Moltres-Galar|100/100
|move|p2a: Tornadus|Knock Off|p1a: Naruto garbage
|-resisted|p1a: Naruto garbage
|-damage|p1a: Naruto garbage|90/100
|-enditem|p1a: Naruto garbage|Heavy-Duty Boots|[from] move: Knock Off|[of] p2a: Tornadus
|
|-weather|Hail|[upkeep]
|-damage|p2a: Tornadus|88/100|[from] Hail
|-damage|p1a: Naruto garbage|84/100|[from] Hail
|-end|p2a: Tornadus|move: Future Sight
|-crit|p2a: Tornadus
|-damage|p2a: Tornadus|47/100
|upkeep
|turn|5
|
|t:|1666561754
|move|p2a: Tornadus|U-turn|p1a: Naruto garbage
|-damage|p1a: Naruto garbage|70/100
|
|t:|1666561756
|switch|p2a: Landorus|Landorus-Therian, M|100/100|[from]move: U-turn
|-ability|p2a: Landorus|Intimidate|boost
|-unboost|p1a: Naruto garbage|atk|1
|move|p1a: Naruto garbage|Nasty Plot|p1a: Naruto garbage
|-boost|p1a: Naruto garbage|spa|2
|
|-weather|none
|upkeep
|turn|6
|
|t:|1666561764
|move|p1a: Naruto garbage|Fiery Wrath|p2a: Landorus
|-damage|p2a: Landorus|53/100
|move|p2a: Landorus|Toxic|p1a: Naruto garbage
|-status|p1a: Naruto garbage|tox
|
|-heal|p2a: Landorus|59/100|[from] item: Leftovers
|-damage|p1a: Naruto garbage|64/100 tox|[from] psn
|upkeep
|turn|7
|
|t:|1666561773
|switch|p2a: Tornadus|Tornadus-Therian, M|80/100
|move|p1a: Naruto garbage|Fiery Wrath|p2a: Tornadus
|-damage|p2a: Tornadus|32/100
|
|-damage|p1a: Naruto garbage|52/100 tox|[from] psn
|upkeep
|turn|8
|
|t:|1666561780
|switch|p2a: Heatran|Heatran, F|100/100
|move|p1a: Naruto garbage|Rest|p1a: Naruto garbage
|-status|p1a: Naruto garbage|slp|[from] move: Rest
|-heal|p1a: Naruto garbage|100/100 slp|[silent]
|
|upkeep
|turn|9
|
|t:|1666561787
|switch|p2a: Vanilluxe|Vanilluxe, M|100/100
|-weather|Hail|[from] ability: Snow Warning|[of] p2a: Vanilluxe
|cant|p1a: Naruto garbage|slp
|
|-weather|Hail|[upkeep]
|-damage|p1a: Naruto garbage|94/100 slp|[from] Hail
|upkeep
|turn|10
|
|t:|1666561796
|switch|p1a: One Piece shitty|Slowking, M|73/100
|move|p2a: Vanilluxe|Blizzard|p1a: One Piece shitty
|-resisted|p1a: One Piece shitty
|-damage|p1a: One Piece shitty|59/100
|
|-weather|Hail|[upkeep]
|-damage|p1a: One Piece shitty|52/100|[from] Hail
|upkeep
|turn|11
|
|t:|1666561804
|switch|p1a: HXH is overrated|Chansey, F|94/100
|move|p2a: Vanilluxe|Freeze-Dry|p1a: HXH is overrated
|-damage|p1a: HXH is overrated|82/100
|
|-weather|Hail|[upkeep]
|-damage|p1a: HXH is overrated|75/100|[from] Hail
|upkeep
|turn|12
|
|t:|1666561811
|move|p2a: Vanilluxe|Taunt|p1a: HXH is overrated
|-start|p1a: HXH is overrated|move: Taunt
|cant|p1a: HXH is overrated|move: Taunt|Stealth Rock
|
|-weather|Hail|[upkeep]
|-damage|p1a: HXH is overrated|69/100|[from] Hail
|upkeep
|turn|13
|
|t:|1666561819
|switch|p2a: Tornadus|Tornadus-Therian, M|66/100
|move|p1a: HXH is overrated|Seismic Toss|p2a: Tornadus
|-damage|p2a: Tornadus|38/100
|
|-weather|none
|upkeep
|turn|14
|j| gare23limit
|
|t:|1666561825
|switch|p1a: Naruto garbage|Moltres-Galar|94/100 slp
|move|p2a: Tornadus|U-turn|p1a: Naruto garbage
|-damage|p1a: Naruto garbage|80/100 slp
|
|t:|1666561829
|switch|p2a: Vanilluxe|Vanilluxe, M|100/100|[from]move: U-turn
|-weather|Hail|[from] ability: Snow Warning|[of] p2a: Vanilluxe
|
|-weather|Hail|[upkeep]
|-damage|p1a: Naruto garbage|74/100 slp|[from] Hail
|upkeep
|turn|15
|
|t:|1666561836
|switch|p1a: One Piece shitty|Slowking, M|86/100
|move|p2a: Vanilluxe|Freeze-Dry|p1a: One Piece shitty
|-supereffective|p1a: One Piece shitty
|-damage|p1a: One Piece shitty|51/100
|
|-weather|Hail|[upkeep]
|-damage|p1a: One Piece shitty|44/100|[from] Hail
|upkeep
|turn|16
|
|t:|1666561844
|move|p2a: Vanilluxe|Freeze-Dry|p1a: One Piece shitty
|-supereffective|p1a: One Piece shitty
|-damage|p1a: One Piece shitty|11/100
|move|p1a: One Piece shitty|Flamethrower|p2a: Vanilluxe
|-supereffective|p2a: Vanilluxe
|-damage|p2a: Vanilluxe|54/100
|
|-weather|Hail|[upkeep]
|-damage|p1a: One Piece shitty|5/100|[from] Hail
|upkeep
|turn|17
|
|t:|1666561855
|switch|p1a: Evangelion trashy|Toxapex, M|100/100
|move|p2a: Vanilluxe|Blizzard|p1a: Evangelion trashy
|-resisted|p1a: Evangelion trashy
|-damage|p1a: Evangelion trashy|74/100
|
|-weather|Hail|[upkeep]
|-damage|p1a: Evangelion trashy|68/100|[from] Hail
|upkeep
|turn|18
|
|t:|1666561863
|switch|p2a: Tornadus|Tornadus-Therian, M|71/100
|switch|p1a: HXH is overrated|Chansey, F|69/100
|
|-weather|none
|upkeep
|turn|19
|
|t:|1666561868
|move|p2a: Tornadus|Knock Off|p1a: HXH is overrated
|-damage|p1a: HXH is overrated|55/100
|-enditem|p1a: HXH is overrated|Eviolite|[from] move: Knock Off|[of] p2a: Tornadus
|move|p1a: HXH is overrated|Aromatherapy|p1a: HXH is overrated
|-activate|p1a: HXH is overrated|move: Aromatherapy
|-curestatus|p1: Naruto garbage|slp|[msg]
|
|upkeep
|turn|20
|
|t:|1666561876
|move|p2a: Tornadus|U-turn|p1a: HXH is overrated
|-damage|p1a: HXH is overrated|38/100
|
|t:|1666561878
|switch|p2a: Landorus|Landorus-Therian, M|59/100|[from]move: U-turn
|-ability|p2a: Landorus|Intimidate|boost
|-unboost|p1a: HXH is overrated|atk|1
|move|p1a: HXH is overrated|Soft-Boiled|p1a: HXH is overrated
|-heal|p1a: HXH is overrated|88/100
|
|-heal|p2a: Landorus|65/100|[from] item: Leftovers
|upkeep
|turn|21
|j| Anibunnysomoney
|
|t:|1666561887
|switch|p1a: Evangelion boring|Landorus-Therian, M|100/100
|-ability|p1a: Evangelion boring|Intimidate|boost
|-unboost|p2a: Landorus|atk|1
|move|p2a: Landorus|U-turn|p1a: Evangelion boring
|-resisted|p1a: Evangelion boring
|-damage|p1a: Evangelion boring|95/100
|
|t:|1666561890
|switch|p2a: Vanilluxe|Vanilluxe, M|54/100|[from]move: U-turn
|-weather|Hail|[from] ability: Snow Warning|[of] p2a: Vanilluxe
|
|-weather|Hail|[upkeep]
|-damage|p1a: Evangelion boring|89/100|[from] Hail
|-heal|p1a: Evangelion boring|95/100|[from] item: Leftovers
|upkeep
|turn|22
|
|t:|1666561901
|switch|p1a: Evangelion trashy|Toxapex, M|100/100
|move|p2a: Vanilluxe|Freeze-Dry|p1a: Evangelion trashy
|-supereffective|p1a: Evangelion trashy
|-damage|p1a: Evangelion trashy|34/100
|
|-weather|Hail|[upkeep]
|-damage|p1a: Evangelion trashy|29/100|[from] Hail
|upkeep
|turn|23
|
|t:|1666561913
|switch|p1a: HXH is overrated|Chansey, F|88/100
|move|p2a: Vanilluxe|Freeze-Dry|p1a: HXH is overrated
|-damage|p1a: HXH is overrated|71/100
|-status|p1a: HXH is overrated|frz
|
|-weather|Hail|[upkeep]
|-damage|p1a: HXH is overrated|64/100 frz|[from] Hail
|upkeep
|turn|24
|j| aww damn
|
|t:|1666561929
|switch|p2a: Arctozolt|Arctozolt|100/100
|-curestatus|p1a: HXH is overrated|frz|[msg]
|move|p1a: HXH is overrated|Seismic Toss|p2a: Arctozolt
|-damage|p2a: Arctozolt|69/100
|
|-weather|Hail|[upkeep]
|-damage|p1a: HXH is overrated|58/100|[from] Hail
|upkeep
|turn|25
|j| iced out samsung
|
|t:|1666561939
|switch|p1a: DB Super shoddy|Buzzwole|100/100
|move|p2a: Arctozolt|Blizzard|p1a: DB Super shoddy
|-damage|p1a: DB Super shoddy|52/100
|
|-weather|none
|upkeep
|turn|26
|
|t:|1666561946
|switch|p2a: Tornadus|Tornadus-Therian, M|100/100
|move|p1a: DB Super shoddy|Roost|p1a: DB Super shoddy
|-heal|p1a: DB Super shoddy|100/100
|-singleturn|p1a: DB Super shoddy|move: Roost
|
|upkeep
|turn|27
|
|t:|1666561952
|switch|p1a: Evangelion trashy|Toxapex, M|62/100
|move|p2a: Tornadus|U-turn|p1a: Evangelion trashy
|-resisted|p1a: Evangelion trashy
|-damage|p1a: Evangelion trashy|57/100
|-damage|p2a: Tornadus|84/100|[from] item: Rocky Helmet|[of] p1a: Evangelion trashy
|
|t:|1666561956
|switch|p2a: Vanilluxe|Vanilluxe, M|54/100|[from]move: U-turn
|-weather|Hail|[from] ability: Snow Warning|[of] p2a: Vanilluxe
|
|-weather|Hail|[upkeep]
|-damage|p1a: Evangelion trashy|51/100|[from] Hail
|upkeep
|turn|28
|
|t:|1666561966
|switch|p1a: HXH is overrated|Chansey, F|58/100
|move|p2a: Vanilluxe|Freeze-Dry|p1a: HXH is overrated
|-damage|p1a: HXH is overrated|41/100
|
|-weather|Hail|[upkeep]
|-damage|p1a: HXH is overrated|35/100|[from] Hail
|upkeep
|turn|29
|
|t:|1666561973
|switch|p2a: Landorus|Landorus-Therian, M|65/100
|-ability|p2a: Landorus|Intimidate|boost
|-unboost|p1a: HXH is overrated|atk|1
|move|p1a: HXH is overrated|Seismic Toss|p2a: Landorus
|-damage|p2a: Landorus|39/100
|
|-weather|Hail|[upkeep]
|-damage|p2a: Landorus|33/100|[from] Hail
|-damage|p1a: HXH is overrated|29/100|[from] Hail
|-heal|p2a: Landorus|39/100|[from] item: Leftovers
|upkeep
|turn|30
|
|t:|1666561983
|move|p2a: Landorus|U-turn|p1a: HXH is overrated
|-damage|p1a: HXH is overrated|4/100
|
|t:|1666561986
|switch|p2a: Arctozolt|Arctozolt|69/100|[from]move: U-turn
|move|p1a: HXH is overrated|Soft-Boiled|p1a: HXH is overrated
|-heal|p1a: HXH is overrated|54/100
|
|-weather|Hail|[upkeep]
|-damage|p1a: HXH is overrated|48/100|[from] Hail
|upkeep
|turn|31
|
|t:|1666561994
|switch|p1a: DB Super shoddy|Buzzwole|100/100
|move|p2a: Arctozolt|Bolt Beak|p1a: DB Super shoddy
|-damage|p1a: DB Super shoddy|66/100
|
|-weather|none
|upkeep
|turn|32
|
|t:|1666562000
|switch|p2a: Hatterene|Hatterene, F|100/100
|move|p1a: DB Super shoddy|Roost|p1a: DB Super shoddy
|-heal|p1a: DB Super shoddy|100/100
|-singleturn|p1a: DB Super shoddy|move: Roost
|
|upkeep
|turn|33
|c| iced out samsung|Ghecisbestvillain pex & lando nicknames valid
|
|t:|1666562011
|switch|p1a: One Piece shitty|Slowking, M|38/100
|move|p2a: Hatterene|Calm Mind|p2a: Hatterene
|-boost|p2a: Hatterene|spa|1
|-boost|p2a: Hatterene|spd|1
|
|upkeep
|turn|34
|l| aww damn
|j| Liaxou
|inactive|Ghecisbestvillain has 120 seconds left.
|c| Anibunnysomoney|Only if you have 0 taste yeah
|
|t:|1666562057
|switch|p1a: Naruto garbage|Moltres-Galar|74/100
|move|p2a: Hatterene|Calm Mind|p2a: Hatterene
|-boost|p2a: Hatterene|spa|1
|-boost|p2a: Hatterene|spd|1
|
|upkeep
|turn|35
|
|t:|1666562063
|switch|p1a: Evangelion trashy|Toxapex, M|85/100
|move|p2a: Hatterene|Draining Kiss|p1a: Evangelion trashy
|-resisted|p1a: Evangelion trashy
|-damage|p1a: Evangelion trashy|65/100
|-damage|p2a: Hatterene|84/100|[from] item: Rocky Helmet|[of] p1a: Evangelion trashy
|
|-heal|p2a: Hatterene|90/100|[from] item: Leftovers
|upkeep
|turn|36
|l| Liaxou
|
|t:|1666562071
|move|p1a: Evangelion trashy|Haze|p1a: Evangelion trashy
|-clearallboost
|move|p2a: Hatterene|Future Sight|p1a: Evangelion trashy
|-start|p2a: Hatterene|move: Future Sight
|
|-heal|p2a: Hatterene|96/100|[from] item: Leftovers
|upkeep
|turn|37
|inactive|Ghecisbestvillain has 120 seconds left.
|c| BezerraDaSilva|i find it funny that he had to repeat EVA
|
|t:|1666562080
|switch|p2a: Tornadus|Tornadus-Therian, M|100/100
|move|p1a: Evangelion trashy|Knock Off|p2a: Tornadus
|-damage|p2a: Tornadus|84/100
|-enditem|p2a: Tornadus|Assault Vest|[from] move: Knock Off|[of] p1a: Evangelion trashy
|
|upkeep
|turn|38
|
|t:|1666562087
|switch|p1a: Naruto garbage|Moltres-Galar|74/100
|move|p2a: Tornadus|U-turn|p1a: Naruto garbage
|-damage|p1a: Naruto garbage|59/100
|c| iced out samsung|for good reason tho
|
|t:|1666562093
|switch|p2a: Vanilluxe|Vanilluxe, M|54/100|[from]move: U-turn
|-weather|Hail|[from] ability: Snow Warning|[of] p2a: Vanilluxe
|
|-weather|Hail|[upkeep]
|-damage|p1a: Naruto garbage|52/100|[from] Hail
|-end|p1a: Naruto garbage|move: Future Sight
|-immune|p1a: Naruto garbage
|upkeep
|turn|39
|c| iced out samsung|that shit is garbage
|c| BezerraDaSilva|kinda breaks the pattern tho
|
|t:|1666562109
|switch|p1a: One Piece shitty|Slowking, M|71/100
|move|p2a: Vanilluxe|Freeze-Dry|p1a: One Piece shitty
|-supereffective|p1a: One Piece shitty
|-damage|p1a: One Piece shitty|32/100
|
|-weather|Hail|[upkeep]
|-damage|p1a: One Piece shitty|26/100|[from] Hail
|upkeep
|turn|40
|inactive|Ghecisbestvillain has 120 seconds left.
|
|t:|1666562148
|switch|p1a: Evangelion trashy|Toxapex, M|98/100
|move|p2a: Vanilluxe|Freeze-Dry|p1a: Evangelion trashy
|-supereffective|p1a: Evangelion trashy
|-damage|p1a: Evangelion trashy|25/100
|
|-weather|Hail|[upkeep]
|-damage|p1a: Evangelion trashy|19/100|[from] Hail
|upkeep
|turn|41
|
|t:|1666562157
|switch|p1a: One Piece shitty|Slowking, M|60/100
|move|p2a: Vanilluxe|Freeze-Dry|p1a: One Piece shitty
|-supereffective|p1a: One Piece shitty
|-damage|p1a: One Piece shitty|23/100
|
|-weather|Hail|[upkeep]
|-damage|p1a: One Piece shitty|17/100|[from] Hail
|upkeep
|turn|42
|inactive|Ghecisbestvillain has 120 seconds left.
|
|t:|1666562167
|switch|p1a: HXH is overrated|Chansey, F|48/100
|move|p2a: Vanilluxe|Freeze-Dry|p1a: HXH is overrated
|-damage|p1a: HXH is overrated|31/100
|
|-weather|none
|upkeep
|turn|43
|
|t:|1666562177
|switch|p2a: Heatran|Heatran, F|100/100
|move|p1a: HXH is overrated|Soft-Boiled|p1a: HXH is overrated
|-heal|p1a: HXH is overrated|81/100
|
|upkeep
|turn|44
|
|t:|1666562184
|switch|p2a: Hatterene|Hatterene, F|96/100
|switch|p1a: Naruto garbage|Moltres-Galar|52/100
|
|-heal|p2a: Hatterene|100/100|[from] item: Leftovers
|upkeep
|turn|45
|
|t:|1666562195
|move|p1a: Naruto garbage|Nasty Plot|p1a: Naruto garbage
|-boost|p1a: Naruto garbage|spa|2
|move|p2a: Hatterene|Calm Mind|p2a: Hatterene
|-boost|p2a: Hatterene|spa|1
|-boost|p2a: Hatterene|spd|1
|
|upkeep
|turn|46
|
|t:|1666562202
|switch|p1a: Evangelion trashy|Toxapex, M|52/100
|move|p2a: Hatterene|Draining Kiss|p1a: Evangelion trashy
|-resisted|p1a: Evangelion trashy
|-damage|p1a: Evangelion trashy|37/100
|-damage|p2a: Hatterene|84/100|[from] item: Rocky Helmet|[of] p1a: Evangelion trashy
|
|-heal|p2a: Hatterene|90/100|[from] item: Leftovers
|upkeep
|turn|47
|
|t:|1666562209
|move|p1a: Evangelion trashy|Haze|p1a: Evangelion trashy
|-clearallboost
|move|p2a: Hatterene|Future Sight|p1a: Evangelion trashy
|-start|p2a: Hatterene|move: Future Sight
|
|-heal|p2a: Hatterene|96/100|[from] item: Leftovers
|upkeep
|turn|48
|
|t:|1666562216
|switch|p2a: Heatran|Heatran, F|100/100
|move|p1a: Evangelion trashy|Knock Off|p2a: Heatran
|-damage|p2a: Heatran|89/100
|-enditem|p2a: Heatran|Leftovers|[from] move: Knock Off|[of] p1a: Evangelion trashy
|
|upkeep
|turn|49
|
|t:|1666562223
|switch|p1a: Naruto garbage|Moltres-Galar|52/100
|move|p2a: Heatran|Stealth Rock|p1a: Naruto garbage
|-sidestart|p1: Ghecisbestvillain|move: Stealth Rock
|
|-end|p1a: Naruto garbage|move: Future Sight
|-immune|p1a: Naruto garbage
|upkeep
|turn|50
|
|t:|1666562232
|move|p1a: Naruto garbage|Nasty Plot|p1a: Naruto garbage
|-boost|p1a: Naruto garbage|spa|2
|move|p2a: Heatran|Heavy Slam|p1a: Naruto garbage
|-damage|p1a: Naruto garbage|18/100
|-ability|p1a: Naruto garbage|Berserk|boost
|-boost|p1a: Naruto garbage|spa|1
|
|upkeep
|turn|51
|
|t:|1666562241
|move|p1a: Naruto garbage|Fiery Wrath|p2a: Heatran
|-damage|p2a: Heatran|34/100
|move|p2a: Heatran|Heavy Slam|p1a: Naruto garbage
|-damage|p1a: Naruto garbage|0 fnt
|faint|p1a: Naruto garbage
|
|upkeep
|
|t:|1666562247
|switch|p1a: Evangelion boring|Landorus-Therian, M|95/100
|-damage|p1a: Evangelion boring|83/100|[from] Stealth Rock
|-ability|p1a: Evangelion boring|Intimidate|boost
|-unboost|p2a: Heatran|atk|1
|turn|52
|
|t:|1666562253
|move|p1a: Evangelion boring|Defog|p2a: Heatran
|-unboost|p2a: Heatran|evasion|1
|-sideend|p1: Ghecisbestvillain|Stealth Rock|[from] move: Defog|[of] p1a: Evangelion boring
|move|p2a: Heatran|Lava Plume|p1a: Evangelion boring
|-damage|p1a: Evangelion boring|44/100
|-status|p1a: Evangelion boring|brn
|
|-heal|p1a: Evangelion boring|50/100 brn|[from] item: Leftovers
|-damage|p1a: Evangelion boring|44/100 brn|[from] brn
|upkeep
|turn|53
|
|t:|1666562263
|switch|p2a: Tornadus|Tornadus-Therian, M|100/100
|move|p1a: Evangelion boring|Rest|p1a: Evangelion boring
|-status|p1a: Evangelion boring|slp|[from] move: Rest
|-heal|p1a: Evangelion boring|100/100 slp|[silent]
|
|upkeep
|turn|54
|
|t:|1666562271
|switch|p1a: HXH is overrated|Chansey, F|81/100
|move|p2a: Tornadus|U-turn|p1a: HXH is overrated
|-damage|p1a: HXH is overrated|66/100
|
|t:|1666562277
|switch|p2a: Landorus|Landorus-Therian, M|39/100|[from]move: U-turn
|-ability|p2a: Landorus|Intimidate|boost
|-unboost|p1a: HXH is overrated|atk|1
|
|-heal|p2a: Landorus|45/100|[from] item: Leftovers
|upkeep
|turn|55
|
|t:|1666562283
|move|p2a: Landorus|U-turn|p1a: HXH is overrated
|-damage|p1a: HXH is overrated|41/100
|
|t:|1666562285
|switch|p2a: Hatterene|Hatterene, F|96/100|[from]move: U-turn
|move|p1a: HXH is overrated|Soft-Boiled|p1a: HXH is overrated
|-heal|p1a: HXH is overrated|91/100
|
|-heal|p2a: Hatterene|100/100|[from] item: Leftovers
|upkeep
|turn|56
|
|t:|1666562303
|switch|p1a: Evangelion trashy|Toxapex, M|71/100
|move|p2a: Hatterene|Calm Mind|p2a: Hatterene
|-boost|p2a: Hatterene|spa|1
|-boost|p2a: Hatterene|spd|1
|
|upkeep
|turn|57
|
|t:|1666562309
|move|p1a: Evangelion trashy|Knock Off|p2a: Hatterene
|-damage|p2a: Hatterene|88/100
|-enditem|p2a: Hatterene|Leftovers|[from] move: Knock Off|[of] p1a: Evangelion trashy
|move|p2a: Hatterene|Future Sight|p1a: Evangelion trashy
|-start|p2a: Hatterene|move: Future Sight
|
|upkeep
|turn|58
|
|t:|1666562315
|switch|p2a: Vanilluxe|Vanilluxe, M|54/100
|-weather|Hail|[from] ability: Snow Warning|[of] p2a: Vanilluxe
|move|p1a: Evangelion trashy|Haze|p1a: Evangelion trashy
|-clearallboost
|
|-weather|Hail|[upkeep]
|-damage|p1a: Evangelion trashy|65/100|[from] Hail
|upkeep
|turn|59
|
|t:|1666562324
|switch|p1a: HXH is overrated|Chansey, F|91/100
|move|p2a: Vanilluxe|Freeze-Dry|p1a: HXH is overrated
|-damage|p1a: HXH is overrated|72/100
|-status|p1a: HXH is overrated|frz
|
|-weather|Hail|[upkeep]
|-damage|p1a: HXH is overrated|66/100 frz|[from] Hail
|-end|p1a: HXH is overrated|move: Future Sight
|-damage|p1a: HXH is overrated|45/100 frz
|upkeep
|turn|60
|
|t:|1666562335
|-curestatus|p1a: HXH is overrated|frz|[from] ability: Natural Cure
|switch|p1a: Evangelion trashy|Toxapex, M|98/100
|move|p2a: Vanilluxe|Blizzard|p1a: Evangelion trashy
|-resisted|p1a: Evangelion trashy
|-damage|p1a: Evangelion trashy|71/100
|
|-weather|Hail|[upkeep]
|-damage|p1a: Evangelion trashy|66/100|[from] Hail
|upkeep
|turn|61
|
|t:|1666562346
|switch|p1a: HXH is overrated|Chansey, F|45/100
|move|p2a: Vanilluxe|Freeze-Dry|p1a: HXH is overrated
|-damage|p1a: HXH is overrated|28/100
|
|-weather|Hail|[upkeep]
|-damage|p1a: HXH is overrated|22/100|[from] Hail
|upkeep
|turn|62
|
|t:|1666562353
|move|p2a: Vanilluxe|Blizzard|p1a: HXH is overrated
|-damage|p1a: HXH is overrated|0 fnt
|faint|p1a: HXH is overrated
|
|-weather|none
|upkeep
|
|t:|1666562358
|switch|p1a: One Piece shitty|Slowking, M|50/100
|turn|63
|
|t:|1666562363
|switch|p2a: Tornadus|Tornadus-Therian, M|100/100
|move|p1a: One Piece shitty|Flamethrower|p2a: Tornadus
|-damage|p2a: Tornadus|78/100
|
|upkeep
|turn|64
|
|t:|1666562369
|move|p2a: Tornadus|Knock Off|p1a: One Piece shitty
|-supereffective|p1a: One Piece shitty
|-damage|p1a: One Piece shitty|13/100
|-enditem|p1a: One Piece shitty|Assault Vest|[from] move: Knock Off|[of] p2a: Tornadus
|move|p1a: One Piece shitty|Future Sight|p2a: Tornadus
|-start|p1a: One Piece shitty|move: Future Sight
|
|upkeep
|turn|65
|
|t:|1666562376
|switch|p1a: Evangelion trashy|Toxapex, M|99/100
|move|p2a: Tornadus|Hurricane|p1a: Evangelion trashy
|-damage|p1a: Evangelion trashy|63/100
|
|upkeep
|turn|66
|
|t:|1666562384
|move|p2a: Tornadus|Knock Off|p1a: Evangelion trashy
|-damage|p1a: Evangelion trashy|51/100
|-damage|p2a: Tornadus|61/100|[from] item: Rocky Helmet|[of] p1a: Evangelion trashy
|-enditem|p1a: Evangelion trashy|Rocky Helmet|[from] move: Knock Off|[of] p2a: Tornadus
|move|p1a: Evangelion trashy|Knock Off|p2a: Tornadus
|-damage|p2a: Tornadus|50/100
|
|-end|p2a: Tornadus|move: Future Sight
|-damage|p2a: Tornadus|10/100
|upkeep
|turn|67
|
|t:|1666562394
|move|p2a: Tornadus|U-turn|p1a: Evangelion trashy
|-resisted|p1a: Evangelion trashy
|-damage|p1a: Evangelion trashy|47/100
|
|t:|1666562397
|switch|p2a: Landorus|Landorus-Therian, M|45/100|[from]move: U-turn
|-ability|p2a: Landorus|Intimidate|boost
|-unboost|p1a: Evangelion trashy|atk|1
|move|p1a: Evangelion trashy|Knock Off|p2a: Landorus
|-damage|p2a: Landorus|35/100
|-enditem|p2a: Landorus|Leftovers|[from] move: Knock Off|[of] p1a: Evangelion trashy
|
|upkeep
|turn|68
|
|t:|1666562406
|switch|p1a: Evangelion boring|Landorus-Therian, M|100/100 slp
|-ability|p1a: Evangelion boring|Intimidate|boost
|-unboost|p2a: Landorus|atk|1
|move|p2a: Landorus|U-turn|p1a: Evangelion boring
|-resisted|p1a: Evangelion boring
|-damage|p1a: Evangelion boring|95/100 slp
|
|t:|1666562409
|switch|p2a: Vanilluxe|Vanilluxe, M|54/100|[from]move: U-turn
|-weather|Hail|[from] ability: Snow Warning|[of] p2a: Vanilluxe
|
|-weather|Hail|[upkeep]
|-damage|p1a: Evangelion boring|89/100 slp|[from] Hail
|-heal|p1a: Evangelion boring|95/100 slp|[from] item: Leftovers
|upkeep
|turn|69
|-message|Ghecisbestvillain forfeited.
|
|win|BugCatcherWeevil
|raw|Ghecisbestvillain's rating: 1745 &rarr; <strong>1732</strong><br />(-13 for losing)
|raw|BugCatcherWeevil's rating: 1867 &rarr; <strong>1880</strong><br />(+13 for winning)
|l|☆Ghecisbestvillain
|c|☆BugCatcherWeevil|GG
|l|+eris
|l| iced out samsung
|l| Shotintheheart
||Ladder isn't responding, score probably updated but might not have (Request timeout).
