|j|☆Steelix Fusion
|j|☆Pinecoishot
|t:|1657338984
|gametype|singles
|player|p1|Steelix Fusion|marshal|1720
|player|p2|Pinecoishot|teacher-gen7|1970
|teamsize|p1|6
|teamsize|p2|6
|gen|8
|tier|[Gen 8] OU
|rated|
|rule|Sleep Clause Mod: Limit one foe put to sleep
|rule|Species Clause: Limit one of each Pokémon
|rule|OHKO Clause: OHKO moves are banned
|rule|Evasion Moves Clause: Evasion moves are banned
|rule|Endless Battle Clause: Forcing endless battles is banned
|rule|HP Percentage Mod: HP is shown in percentages
|rule|Dynamax Clause: You cannot dynamax
|clearpoke
|poke|p1|Ninetales-Alola, F|
|poke|p1|Klefki, M|
|poke|p1|Flygon, F|
|poke|p1|Braviary, M|
|poke|p1|Escavalier, F|
|poke|p1|Sylveon, F|
|poke|p2|Ferrothorn, F|
|poke|p2|Necrozma|
|poke|p2|Moltres-Galar|
|poke|p2|Garchomp, M|
|poke|p2|Tapu Fini|
|poke|p2|Blaziken, M|
|teampreview
|j| BabyPigsAreLaughin
|inactive|Battle timer is ON: inactive players will automatically lose when time's up. (requested by Steelix Fusion)
|
|t:|1657338997
|start
|switch|p1a: Ninetales|Ninetales-Alola, F|100/100
|switch|p2a: Assassin|Tapu Fini, shiny|100/100
|-fieldstart|move: Misty Terrain|[from] ability: Misty Surge|[of] p2a: Assassin
|-weather|Hail|[from] ability: Snow Warning|[of] p1a: Ninetales
|turn|1
|
|t:|1657339004
|move|p2a: Assassin|Trick|p1a: Ninetales
|-activate|p2a: Assassin|move: Trick|[of] p1a: Ninetales
|-item|p1a: Ninetales|Choice Scarf|[from] move: Trick
|-item|p2a: Assassin|Light Clay|[from] move: Trick
|move|p1a: Ninetales|Aurora Veil|p1a: Ninetales
|-sidestart|p1: Steelix Fusion|move: Aurora Veil
|
|-weather|Hail|[upkeep]
|-damage|p2a: Assassin|94/100|[from] Hail
|upkeep
|turn|2
|
|t:|1657339010
|switch|p1a: Klefki|Klefki, M|100/100
|move|p2a: Assassin|Defog|p1a: Klefki
|-unboost|p1a: Klefki|evasion|1
|-sideend|p1: Steelix Fusion|move: Aurora Veil
|-fieldend|Misty Terrain
|
|-weather|Hail|[upkeep]
|-damage|p2a: Assassin|88/100|[from] Hail
|-damage|p1a: Klefki|94/100|[from] Hail
|upkeep
|turn|3
|c|☆Steelix Fusion|ppl dco the samething
|c|☆Steelix Fusion|always
|
|t:|1657339022
|switch|p2a: Enforcer|Garchomp, M|100/100
|move|p1a: Klefki|Thunder Wave|p2a: Enforcer
|-immune|p2a: Enforcer
|
|-weather|Hail|[upkeep]
|-damage|p2a: Enforcer|94/100|[from] Hail
|-damage|p1a: Klefki|88/100|[from] Hail
|-heal|p2a: Enforcer|100/100|[from] item: Leftovers
|upkeep
|turn|4
|
|t:|1657339031
|move|p1a: Klefki|Reflect|p1a: Klefki
|-sidestart|p1: Steelix Fusion|Reflect
|move|p2a: Enforcer|Stealth Rock|p1a: Klefki
|-sidestart|p1: Steelix Fusion|move: Stealth Rock
|
|-weather|Hail|[upkeep]
|-damage|p2a: Enforcer|94/100|[from] Hail
|-damage|p1a: Klefki|82/100|[from] Hail
|-heal|p2a: Enforcer|100/100|[from] item: Leftovers
|upkeep
|turn|5
|
|t:|1657339040
|switch|p1a: Braviary|Braviary, M|100/100
|move|p2a: Enforcer|Swords Dance|p2a: Enforcer
|-boost|p2a: Enforcer|atk|2
|
|-weather|none
|upkeep
|turn|6
|
|t:|1657339045
|move|p2a: Enforcer|Stone Edge|p1a: Braviary
|-supereffective|p1a: Braviary
|-damage|p1a: Braviary|6/100
|move|p1a: Braviary|Bulk Up|p1a: Braviary
|-boost|p1a: Braviary|atk|1
|-boost|p1a: Braviary|def|1
|
|upkeep
|turn|7
|j| kyonharuhi
|c| BabyPigsAreLaughin|Yeah, they are more or less the same.
|j| imzosi
|
|t:|1657339054
|move|p2a: Enforcer|Stone Edge|p1a: Braviary
|-supereffective|p1a: Braviary
|-damage|p1a: Braviary|0 fnt
|faint|p1a: Braviary
|
|upkeep
|c|☆Steelix Fusion|just playing for fun
|c|☆Steelix Fusion|ppl try hard
|c|☆Steelix Fusion|vs my noob teams
|
|t:|1657339069
|switch|p1a: Sylveon|Sylveon, F|100/100
|-damage|p1a: Sylveon|88/100|[from] Stealth Rock
|turn|8
|
|t:|1657339073
|move|p2a: Enforcer|Earthquake|p1a: Sylveon
|-damage|p1a: Sylveon|37/100
|move|p1a: Sylveon|Hyper Voice|p2a: Enforcer
|-supereffective|p2a: Enforcer
|-damage|p2a: Enforcer|0 fnt
|faint|p2a: Enforcer
|
|-heal|p1a: Sylveon|43/100|[from] item: Leftovers
|upkeep
|j| HPseed
|
|t:|1657339080
|switch|p2a: Prophet|Necrozma, shiny|100/100
|turn|9
|
|t:|1657339083
|switch|p1a: Klefki|Klefki, M|82/100
|-damage|p1a: Klefki|75/100|[from] Stealth Rock
|move|p2a: Prophet|Meteor Beam||[still]
|-prepare|p2a: Prophet|Meteor Beam
|-boost|p2a: Prophet|spa|1
|-enditem|p2a: Prophet|Power Herb
|-anim|p2a: Prophet|Meteor Beam|p1a: Klefki
|-resisted|p1a: Klefki
|-damage|p1a: Klefki|36/100
|
|upkeep
|turn|10
|
|t:|1657339092
|move|p1a: Klefki|Light Screen|p1a: Klefki
|-sidestart|p1: Steelix Fusion|move: Light Screen
|move|p2a: Prophet|Heat Wave|p1a: Klefki
|-supereffective|p1a: Klefki
|-damage|p1a: Klefki|0 fnt
|faint|p1a: Klefki
|
|upkeep
|c|☆Pinecoishot|Ok
|c| BabyPigsAreLaughin|I think it's because they know they'd never defeat you with a serious team.
|c|☆Pinecoishot|Sorry to hear that
|j| CB Bhris Breezy
|
|t:|1657339104
|switch|p1a: Escavalier|Escavalier, F|100/100
|-damage|p1a: Escavalier|88/100|[from] Stealth Rock
|turn|11
|
|t:|1657339108
|switch|p1a: Flygon|Flygon, F|100/100
|-damage|p1a: Flygon|95/100|[from] Stealth Rock
|move|p2a: Prophet|Heat Wave|p1a: Flygon
|-resisted|p1a: Flygon
|-damage|p1a: Flygon|77/100
|
|-sideend|p1: Steelix Fusion|Reflect
|upkeep
|turn|12
|j| playinq
|
|t:|1657339116
|move|p1a: Flygon|Dragon Dance|p1a: Flygon
|-boost|p1a: Flygon|atk|1
|-boost|p1a: Flygon|spe|1
|move|p2a: Prophet|Photon Geyser|p1a: Flygon
|-damage|p1a: Flygon|23/100
|
|upkeep
|turn|13
|c|☆Pinecoishot|No offense any type of veil
|c|☆Pinecoishot|is cheese
|
|t:|1657339125
|move|p1a: Flygon|Outrage|p2a: Prophet
|-damage|p2a: Prophet|0 fnt
|faint|p2a: Prophet
|-damage|p1a: Flygon|13/100|[from] item: Life Orb
|
|upkeep
|
|t:|1657339129
|switch|p2a: Assassin|Tapu Fini, shiny|88/100
|-fieldstart|move: Misty Terrain|[from] ability: Misty Surge|[of] p2a: Assassin
|turn|14
|
|t:|1657339133
|move|p1a: Flygon|Outrage|p2a: Assassin|[from]lockedmove
|-immune|p2a: Assassin
|move|p2a: Assassin|Moonblast|p1a: Flygon
|-supereffective|p1a: Flygon
|-damage|p1a: Flygon|0 fnt
|faint|p1a: Flygon
|
|upkeep
|j| lou dort
|l| HPseed
|
|t:|1657339141
|switch|p1a: Ninetales|Ninetales-Alola, F|100/100
|-damage|p1a: Ninetales|76/100|[from] Stealth Rock
|-weather|Hail|[from] ability: Snow Warning|[of] p1a: Ninetales
|turn|15
|
|t:|1657339145
|switch|p2a: Mercenary|Blaziken, M|100/100
|-item|p2a: Mercenary|Air Balloon
|move|p1a: Ninetales|Freeze-Dry|p2a: Mercenary
|-resisted|p2a: Mercenary
|-damage|p2a: Mercenary|85/100
|-enditem|p2a: Mercenary|Air Balloon
|
|-weather|Hail|[upkeep]
|-damage|p2a: Mercenary|79/100|[from] Hail
|upkeep
|turn|16
|c|☆Pinecoishot|k gg
|
|t:|1657339156
|switch|p1a: Escavalier|Escavalier, F|88/100
|-damage|p1a: Escavalier|76/100|[from] Stealth Rock
|move|p2a: Mercenary|Swords Dance|p2a: Mercenary
|-boost|p2a: Mercenary|atk|2
|
|-weather|Hail|[upkeep]
|-damage|p2a: Mercenary|73/100|[from] Hail
|-damage|p1a: Escavalier|70/100|[from] Hail
|-ability|p2a: Mercenary|Speed Boost|boost
|-boost|p2a: Mercenary|spe|1
|upkeep
|turn|17
|j| yinniy
|c|☆Steelix Fusion|using my noob team
|c|☆Steelix Fusion|take it east
|c|☆Steelix Fusion|easy
|c|☆Pinecoishot|Kk
|c|☆Pinecoishot|cool
|c|☆Pinecoishot|gl man
|c|☆Steelix Fusion|its for fun
|inactive|Steelix Fusion has 120 seconds left.
|c|☆Steelix Fusion|u understand fun?
|c|☆Pinecoishot|Yes I do
|c|☆Steelix Fusion|if i used my mains
|c|☆Steelix Fusion|you'd get crushed
|c|☆Pinecoishot|i faced you with your main team
|c|☆Pinecoishot|you got
|c|☆Pinecoishot|6-0d
|c|☆Steelix Fusion|u wish
|c|☆Steelix Fusion|lmao
|j| 1-800-CallMyBluff
|c|☆Steelix Fusion|that team u have sucks
|c|☆Pinecoishot|I mean I don’t have too
|inactive|Steelix Fusion has 90 seconds left.
|c|☆Pinecoishot|Because I did
|j| HPseed
|c|☆Pinecoishot|so :/
|c| BabyPigsAreLaughin|to*
|c|☆Steelix Fusion|everyone talks
|c|☆Steelix Fusion|when they win vs my noob teams
|c|☆Steelix Fusion|lmao
|c|☆Steelix Fusion|its insane
|c|☆Pinecoishot|They do
|c|☆Steelix Fusion|how this behavior is
|c|☆Pinecoishot|maybe don’t talk
|c|☆Pinecoishot|then people don’t talk
|inactive|Steelix Fusion has 60 seconds left.
|l| HPseed
|c|☆Steelix Fusion|https://play.pokemonshowdown.com/battle-gen8ou-1613415766
|c|☆Steelix Fusion|have fun rotting
|c| CB Bhris Breezy|this game is getting toxic my favorite
|c|☆Pinecoishot|its considered nice to talk to people who need to be less lonely
|c|☆Pinecoishot|Make some friends bro
|c|☆Pinecoishot|go outside
|c|☆Pinecoishot|idk
|c| BabyPigsAreLaughin|Yeah, they really think that they achieved greatness by defeating a novelty team.
|c|☆Pinecoishot|I vibe with you though
|inactive|Steelix Fusion has 30 seconds left.
|c|☆Pinecoishot|you play the character well
|inactive|Steelix Fusion has 20 seconds left.
|inactive|Steelix Fusion has 15 seconds left.
|inactive|Steelix Fusion has 10 seconds left.
|inactive|Steelix Fusion has 5 seconds left.
|-message|Steelix Fusion lost due to inactivity.
|
|win|Pinecoishot
|raw|Steelix Fusion's rating: 1720 &rarr; <strong>1713</strong><br />(-7 for losing)
|raw|Pinecoishot's rating: 1990 &rarr; <strong>1997</strong><br />(+7 for winning)
|c|☆Pinecoishot|ggs
|l|☆Pinecoishot
|l| imzosi
|j|☆Pinecoishot
|player|p2|Pinecoishot|teacher-gen7
|l|☆Pinecoishot
|player|p2|
||Ladder isn't responding, score probably updated but might not have (Request timeout).
|l| lou dort
|j| DeadMan'sTetris
|l|☆Steelix Fusion
