|raw|<div class="broadcast-blue"><strong>This battle is required to be public due to a player having a name starting with 'lt84jm'.</div>
|j|☆LT84JM Bardock
|j|☆Bannedbyweek2
|t:|1627696835
|gametype|singles
|player|p1|LT84JM Bardock|hilbert-wonderlauncher|1879
|player|p2|Bannedbyweek2|unknown|1906
|teamsize|p1|6
|teamsize|p2|6
|gen|8
|tier|[Gen 8] OU
|rated|
|rule|Sleep Clause Mod: Limit one foe put to sleep
|rule|Species Clause: Limit one of each Pokémon
|rule|OHKO Clause: OHKO moves are banned
|rule|Evasion Moves Clause: Evasion moves are banned
|rule|Endless Battle Clause: Forcing endless battles is banned
|rule|HP Percentage Mod: HP is shown in percentages
|rule|Dynamax Clause: You cannot dynamax
|clearpoke
|poke|p1|Landorus-Therian, M|
|poke|p1|Urshifu-*, M|
|poke|p1|Magnezone|
|poke|p1|Tapu Lele|
|poke|p1|Dragapult, M|
|poke|p1|Weavile, F|
|poke|p2|Hippowdon, F|
|poke|p2|Corviknight, F|
|poke|p2|Toxapex, M|
|poke|p2|Tapu Lele|
|poke|p2|Tornadus-Therian, M|
|poke|p2|Blissey, F|
|teampreview
|j|+tjay
|inactive|Battle timer is ON: inactive players will automatically lose when time's up. (requested by Bannedbyweek2)
|j| Toxabelle
|
|t:|1627696865
|start
|switch|p1a: NORTHERN DESERT|Landorus-Therian, M, shiny|100/100
|switch|p2a: Tapu Lele|Tapu Lele|100/100
|-fieldstart|move: Psychic Terrain|[from] ability: Psychic Surge|[of] p2a: Tapu Lele
|-ability|p1a: NORTHERN DESERT|Intimidate|boost
|-unboost|p2a: Tapu Lele|atk|1
|turn|1
|
|t:|1627696881
|switch|p1a: AMP PLAINS|Magnezone|100/100
|move|p2a: Tapu Lele|Psychic|p1a: AMP PLAINS
|-resisted|p1a: AMP PLAINS
|-damage|p1a: AMP PLAINS|39/100
|
|upkeep
|turn|2
|j| LT81YL Ruby
|
|t:|1627696887
|switch|p1a: VAST ICE MOUNTAIN|Weavile, F|100/100
|-ability|p1a: VAST ICE MOUNTAIN|Pressure
|move|p2a: Tapu Lele|Psychic|p1a: VAST ICE MOUNTAIN
|-immune|p1a: VAST ICE MOUNTAIN
|
|upkeep
|turn|3
|
|t:|1627696906
|switch|p1a: NORTHERN DESERT|Landorus-Therian, M, shiny|100/100
|-ability|p1a: NORTHERN DESERT|Intimidate|boost
|-unboost|p2a: Tapu Lele|atk|1
|switch|p2a: Toxapex|Toxapex, M|100/100
|
|upkeep
|turn|4
|
|t:|1627696913
|move|p1a: NORTHERN DESERT|Stealth Rock|p2a: Toxapex
|-sidestart|p2: Bannedbyweek2|move: Stealth Rock
|move|p2a: Toxapex|Knock Off|p1a: NORTHERN DESERT
|-damage|p1a: NORTHERN DESERT|87/100
|-enditem|p1a: NORTHERN DESERT|Leftovers|[from] move: Knock Off|[of] p2a: Toxapex
|
|upkeep
|turn|5
|
|t:|1627696919
|move|p1a: NORTHERN DESERT|U-turn|p2a: Toxapex
|-resisted|p2a: Toxapex
|-damage|p2a: Toxapex|93/100
|j| yacht
|
|t:|1627696929
|switch|p1a: SEALED RUIN|Dragapult, M, shiny|100/100|[from]move: U-turn
|move|p2a: Toxapex|Scald|p1a: SEALED RUIN
|-resisted|p1a: SEALED RUIN
|-damage|p1a: SEALED RUIN|90/100
|-status|p1a: SEALED RUIN|brn
|
|-damage|p1a: SEALED RUIN|84/100 brn|[from] brn
|-fieldend|move: Psychic Terrain
|upkeep
|turn|6
|
|t:|1627696940
|switch|p1a: NORTHERN DESERT|Landorus-Therian, M, shiny|87/100
|-ability|p1a: NORTHERN DESERT|Intimidate|boost
|-unboost|p2a: Toxapex|atk|1
|move|p2a: Toxapex|Knock Off|p1a: NORTHERN DESERT
|-damage|p1a: NORTHERN DESERT|81/100
|
|upkeep
|turn|7
|
|t:|1627696945
|switch|p2a: Tornadus|Tornadus-Therian, M, shiny|100/100
|move|p1a: NORTHERN DESERT|U-turn|p2a: Tornadus
|-resisted|p2a: Tornadus
|-damage|p2a: Tornadus|88/100
|
|t:|1627696950
|switch|p1a: VAST ICE MOUNTAIN|Weavile, F|100/100|[from]move: U-turn
|-ability|p1a: VAST ICE MOUNTAIN|Pressure
|
|upkeep
|turn|8
|
|t:|1627696957
|switch|p2a: Toxapex|Toxapex, M|100/100
|-damage|p2a: Toxapex|88/100|[from] Stealth Rock
|move|p1a: VAST ICE MOUNTAIN|Swords Dance|p1a: VAST ICE MOUNTAIN
|-boost|p1a: VAST ICE MOUNTAIN|atk|2
|
|upkeep
|turn|9
|
|t:|1627696968
|move|p1a: VAST ICE MOUNTAIN|Knock Off|p2a: Toxapex
|-damage|p2a: Toxapex|32/100
|-enditem|p2a: Toxapex|Shed Shell|[from] move: Knock Off|[of] p1a: VAST ICE MOUNTAIN
|move|p2a: Toxapex|Haze|p2a: Toxapex
|-clearallboost
|
|upkeep
|turn|10
|
|t:|1627696994
|move|p1a: VAST ICE MOUNTAIN|Swords Dance|p1a: VAST ICE MOUNTAIN
|-boost|p1a: VAST ICE MOUNTAIN|atk|2
|move|p2a: Toxapex|Recover|p2a: Toxapex
|-heal|p2a: Toxapex|82/100
|
|upkeep
|turn|11
|
|t:|1627697000
|move|p1a: VAST ICE MOUNTAIN|Knock Off|p2a: Toxapex
|-damage|p2a: Toxapex|44/100
|move|p2a: Toxapex|Haze|p2a: Toxapex
|-clearallboost
|
|upkeep
|turn|12
|
|t:|1627697006
|switch|p1a: CRYSTAL CAVE|Tapu Lele|100/100
|-fieldstart|move: Psychic Terrain|[from] ability: Psychic Surge|[of] p1a: CRYSTAL CAVE
|move|p2a: Toxapex|Recover|p2a: Toxapex
|-heal|p2a: Toxapex|94/100
|
|upkeep
|turn|13
|
|t:|1627697020
|switch|p2a: Corviknight|Corviknight, F|100/100
|-damage|p2a: Corviknight|88/100|[from] Stealth Rock
|-ability|p2a: Corviknight|Pressure
|move|p1a: CRYSTAL CAVE|Future Sight|p2a: Corviknight
|-start|p1a: CRYSTAL CAVE|move: Future Sight
|
|-heal|p2a: Corviknight|94/100|[from] item: Leftovers
|upkeep
|turn|14
|
|t:|1627697045
|move|p1a: CRYSTAL CAVE|Focus Blast|p2a: Corviknight
|-damage|p2a: Corviknight|51/100
|move|p2a: Corviknight|Body Press|p1a: CRYSTAL CAVE
|-resisted|p1a: CRYSTAL CAVE
|-damage|p1a: CRYSTAL CAVE|92/100
|
|-heal|p2a: Corviknight|57/100|[from] item: Leftovers
|upkeep
|turn|15
|
|t:|1627697054
|switch|p1a: AMP PLAINS|Magnezone|39/100
|move|p2a: Corviknight|Roost|p2a: Corviknight
|-heal|p2a: Corviknight|100/100
|-singleturn|p2a: Corviknight|move: Roost
|
|-end|p2a: Corviknight|move: Future Sight
|-resisted|p2a: Corviknight
|-crit|p2a: Corviknight
|-damage|p2a: Corviknight|43/100
|-heal|p2a: Corviknight|50/100|[from] item: Leftovers
|upkeep
|turn|16
|
|t:|1627697061
|move|p1a: AMP PLAINS|Thunderbolt|p2a: Corviknight
|-supereffective|p2a: Corviknight
|-damage|p2a: Corviknight|0 fnt
|faint|p2a: Corviknight
|
|-fieldend|move: Psychic Terrain
|upkeep
|
|t:|1627697066
|switch|p2a: Tapu Lele|Tapu Lele|100/100
|-damage|p2a: Tapu Lele|88/100|[from] Stealth Rock
|-fieldstart|move: Psychic Terrain|[from] ability: Psychic Surge|[of] p2a: Tapu Lele
|turn|17
|l| yacht
|
|t:|1627697074
|move|p2a: Tapu Lele|Moonblast|p1a: AMP PLAINS
|-resisted|p1a: AMP PLAINS
|-damage|p1a: AMP PLAINS|0 fnt
|faint|p1a: AMP PLAINS
|
|upkeep
|j| Limited_Toolkit
|inactive|LT84JM Bardock has 120 seconds left.
|
|t:|1627697124
|switch|p1a: WATERFALL CAVE|Urshifu-Rapid-Strike, M|100/100
|turn|18
|
|t:|1627697128
|switch|p2a: Toxapex|Toxapex, M|100/100
|-damage|p2a: Toxapex|88/100|[from] Stealth Rock
|move|p1a: WATERFALL CAVE|U-turn|p2a: Toxapex
|-resisted|p2a: Toxapex
|-damage|p2a: Toxapex|78/100
|
|t:|1627697132
|switch|p1a: CRYSTAL CAVE|Tapu Lele|92/100|[from]move: U-turn
|
|upkeep
|turn|19
|
|t:|1627697136
|switch|p2a: Hippowdon|Hippowdon, F|100/100
|-damage|p2a: Hippowdon|94/100|[from] Stealth Rock
|-weather|Sandstorm|[from] ability: Sand Stream|[of] p2a: Hippowdon
|move|p1a: CRYSTAL CAVE|Psyshock|p2a: Hippowdon
|-damage|p2a: Hippowdon|49/100
|
|-weather|Sandstorm|[upkeep]
|-damage|p1a: CRYSTAL CAVE|86/100|[from] Sandstorm
|-heal|p2a: Hippowdon|56/100|[from] item: Leftovers
|upkeep
|turn|20
|
|t:|1627697145
|move|p1a: CRYSTAL CAVE|Future Sight|p2a: Hippowdon
|-start|p1a: CRYSTAL CAVE|move: Future Sight
|move|p2a: Hippowdon|Toxic|p1a: CRYSTAL CAVE
|-status|p1a: CRYSTAL CAVE|tox
|
|-weather|Sandstorm|[upkeep]
|-damage|p1a: CRYSTAL CAVE|80/100 tox|[from] Sandstorm
|-heal|p2a: Hippowdon|62/100|[from] item: Leftovers
|-damage|p1a: CRYSTAL CAVE|74/100 tox|[from] psn
|upkeep
|turn|21
|
|t:|1627697150
|switch|p1a: WATERFALL CAVE|Urshifu-Rapid-Strike, M|100/100
|move|p2a: Hippowdon|Slack Off|p2a: Hippowdon
|-heal|p2a: Hippowdon|100/100
|
|-weather|Sandstorm|[upkeep]
|-damage|p1a: WATERFALL CAVE|94/100|[from] Sandstorm
|-fieldend|move: Psychic Terrain
|upkeep
|turn|22
|inactive|Bannedbyweek2 has 120 seconds left.
|
|t:|1627697206
|switch|p2a: Blissey|Blissey, F|100/100
|-damage|p2a: Blissey|88/100|[from] Stealth Rock
|move|p1a: WATERFALL CAVE|Surging Strikes|p2a: Blissey
|-crit|p2a: Blissey
|-damage|p2a: Blissey|61/100
|-crit|p2a: Blissey
|-damage|p2a: Blissey|33/100
|-crit|p2a: Blissey
|-damage|p2a: Blissey|6/100
|-hitcount|p2a: Blissey|3
|
|-weather|Sandstorm|[upkeep]
|-damage|p1a: WATERFALL CAVE|88/100|[from] Sandstorm
|-damage|p2a: Blissey|0 fnt|[from] Sandstorm
|faint|p2a: Blissey
|-hint|Future Sight did not hit because the target is fainted.
|upkeep
|
|t:|1627697210
|switch|p2a: Tornadus|Tornadus-Therian, M, shiny|100/100
|turn|23
|inactive|LT84JM Bardock has 120 seconds left.
|inactive|LT84JM Bardock has 90 seconds left.
|
|t:|1627697274
|switch|p1a: NORTHERN DESERT|Landorus-Therian, M, shiny|81/100
|-ability|p1a: NORTHERN DESERT|Intimidate|boost
|-unboost|p2a: Tornadus|atk|1
|move|p2a: Tornadus|Hurricane|p1a: NORTHERN DESERT
|-damage|p1a: NORTHERN DESERT|49/100
|
|-weather|none
|upkeep
|turn|24
|inactive|LT84JM Bardock has 90 seconds left.
|
|t:|1627697292
|move|p2a: Tornadus|Hurricane|p1a: NORTHERN DESERT
|-damage|p1a: NORTHERN DESERT|17/100
|move|p1a: NORTHERN DESERT|U-turn|p2a: Tornadus
|-resisted|p2a: Tornadus
|-damage|p2a: Tornadus|89/100
|
|t:|1627697308
|switch|p1a: VAST ICE MOUNTAIN|Weavile, F|100/100|[from]move: U-turn
|-ability|p1a: VAST ICE MOUNTAIN|Pressure
|
|upkeep
|turn|25
|inactive|Bannedbyweek2 has 120 seconds left.
|
|t:|1627697320
|switch|p1a: CRYSTAL CAVE|Tapu Lele|74/100 tox
|-fieldstart|move: Psychic Terrain|[from] ability: Psychic Surge|[of] p1a: CRYSTAL CAVE
|switch|p2a: Toxapex|Toxapex, M|100/100
|-damage|p2a: Toxapex|88/100|[from] Stealth Rock
|
|-damage|p1a: CRYSTAL CAVE|67/100 tox|[from] psn
|upkeep
|turn|26
|
|t:|1627697327
|switch|p2a: Tornadus|Tornadus-Therian, M, shiny|100/100
|move|p1a: CRYSTAL CAVE|Future Sight|p2a: Tornadus
|-start|p1a: CRYSTAL CAVE|move: Future Sight
|
|-damage|p1a: CRYSTAL CAVE|55/100 tox|[from] psn
|upkeep
|turn|27
|
|t:|1627697332
|switch|p1a: NORTHERN DESERT|Landorus-Therian, M, shiny|17/100
|-ability|p1a: NORTHERN DESERT|Intimidate|boost
|-unboost|p2a: Tornadus|atk|1
|move|p2a: Tornadus|Hurricane|p1a: NORTHERN DESERT
|-damage|p1a: NORTHERN DESERT|0 fnt
|faint|p1a: NORTHERN DESERT
|
|upkeep
|
|t:|1627697353
|switch|p1a: VAST ICE MOUNTAIN|Weavile, F|100/100
|-ability|p1a: VAST ICE MOUNTAIN|Pressure
|turn|28
|
|t:|1627697367
|switch|p2a: Tapu Lele|Tapu Lele|88/100
|-damage|p2a: Tapu Lele|76/100|[from] Stealth Rock
|move|p1a: VAST ICE MOUNTAIN|Icicle Crash|p2a: Tapu Lele
|-damage|p2a: Tapu Lele|5/100
|
|-end|p2a: Tapu Lele|move: Future Sight
|-resisted|p2a: Tapu Lele
|-damage|p2a: Tapu Lele|0 fnt
|faint|p2a: Tapu Lele
|upkeep
|
|t:|1627697375
|switch|p2a: Toxapex|Toxapex, M|100/100
|-damage|p2a: Toxapex|88/100|[from] Stealth Rock
|turn|29
|
|t:|1627697386
|switch|p1a: SEALED RUIN|Dragapult, M, shiny|84/100 brn
|move|p2a: Toxapex|Knock Off|p1a: SEALED RUIN
|-supereffective|p1a: SEALED RUIN
|-damage|p1a: SEALED RUIN|42/100 brn
|-enditem|p1a: SEALED RUIN|Choice Specs|[from] move: Knock Off|[of] p2a: Toxapex
|
|-damage|p1a: SEALED RUIN|36/100 brn|[from] brn
|-fieldend|move: Psychic Terrain
|upkeep
|turn|30
|
|t:|1627697402
|move|p1a: SEALED RUIN|Shadow Ball|p2a: Toxapex
|-damage|p2a: Toxapex|57/100
|move|p2a: Toxapex|Recover|p2a: Toxapex
|-heal|p2a: Toxapex|100/100
|
|-damage|p1a: SEALED RUIN|30/100 brn|[from] brn
|upkeep
|turn|31
|
|t:|1627697408
|move|p1a: SEALED RUIN|Shadow Ball|p2a: Toxapex
|-damage|p2a: Toxapex|67/100
|move|p2a: Toxapex|Knock Off|p1a: SEALED RUIN
|-supereffective|p1a: SEALED RUIN
|-damage|p1a: SEALED RUIN|2/100 brn
|
|-damage|p1a: SEALED RUIN|0 fnt|[from] brn
|faint|p1a: SEALED RUIN
|upkeep
|
|t:|1627697414
|switch|p1a: CRYSTAL CAVE|Tapu Lele|55/100 tox
|-fieldstart|move: Psychic Terrain|[from] ability: Psychic Surge|[of] p1a: CRYSTAL CAVE
|turn|32
|
|t:|1627697421
|switch|p2a: Hippowdon|Hippowdon, F|100/100
|-damage|p2a: Hippowdon|94/100|[from] Stealth Rock
|-weather|Sandstorm|[from] ability: Sand Stream|[of] p2a: Hippowdon
|move|p1a: CRYSTAL CAVE|Future Sight|p2a: Hippowdon
|-start|p1a: CRYSTAL CAVE|move: Future Sight
|
|-weather|Sandstorm|[upkeep]
|-damage|p1a: CRYSTAL CAVE|49/100 tox|[from] Sandstorm
|-heal|p2a: Hippowdon|100/100|[from] item: Leftovers
|-damage|p1a: CRYSTAL CAVE|43/100 tox|[from] psn
|upkeep
|turn|33
|j| LT84JM Starbit
|
|t:|1627697428
|switch|p1a: WATERFALL CAVE|Urshifu-Rapid-Strike, M|88/100
|move|p2a: Hippowdon|Earthquake|p1a: WATERFALL CAVE
|-damage|p1a: WATERFALL CAVE|52/100
|
|-weather|Sandstorm|[upkeep]
|-damage|p1a: WATERFALL CAVE|46/100|[from] Sandstorm
|upkeep
|turn|34
|inactive|Bannedbyweek2 has 120 seconds left.
|
|t:|1627697464
|move|p1a: WATERFALL CAVE|Surging Strikes|p2a: Hippowdon
|-supereffective|p2a: Hippowdon
|-crit|p2a: Hippowdon
|-damage|p2a: Hippowdon|59/100
|-supereffective|p2a: Hippowdon
|-crit|p2a: Hippowdon
|-damage|p2a: Hippowdon|14/100
|-supereffective|p2a: Hippowdon
|-crit|p2a: Hippowdon
|-damage|p2a: Hippowdon|0 fnt
|faint|p2a: Hippowdon
|-hitcount|p2: Hippowdon|3
|
|-weather|Sandstorm|[upkeep]
|-damage|p1a: WATERFALL CAVE|40/100|[from] Sandstorm
|-hint|Future Sight did not hit because the target is fainted.
|upkeep
|
|t:|1627697471
|switch|p2a: Tornadus|Tornadus-Therian, M, shiny|100/100
|turn|35
|inactive|LT84JM Bardock has 90 seconds left.
|
|t:|1627697492
|move|p2a: Tornadus|Hurricane|p1a: WATERFALL CAVE|[miss]
|-miss|p2a: Tornadus|p1a: WATERFALL CAVE
|move|p1a: WATERFALL CAVE|Surging Strikes|p2a: Tornadus
|-crit|p2a: Tornadus
|-damage|p2a: Tornadus|71/100
|-crit|p2a: Tornadus
|-damage|p2a: Tornadus|42/100
|-crit|p2a: Tornadus
|-damage|p2a: Tornadus|10/100
|-hitcount|p2a: Tornadus|3
|
|-weather|Sandstorm|[upkeep]
|-damage|p2a: Tornadus|4/100|[from] Sandstorm
|-damage|p1a: WATERFALL CAVE|34/100|[from] Sandstorm
|upkeep
|turn|36
|inactive|LT84JM Bardock has 90 seconds left.
|
|t:|1627697511
|move|p2a: Tornadus|Hurricane|p1a: WATERFALL CAVE
|-supereffective|p1a: WATERFALL CAVE
|-damage|p1a: WATERFALL CAVE|0 fnt
|faint|p1a: WATERFALL CAVE
|
|-weather|none
|-fieldend|move: Psychic Terrain
|upkeep
|inactive|LT84JM Bardock has 60 seconds left.
|
|t:|1627697570
|switch|p1a: CRYSTAL CAVE|Tapu Lele|43/100 tox
|-fieldstart|move: Psychic Terrain|[from] ability: Psychic Surge|[of] p1a: CRYSTAL CAVE
|turn|37
|
|t:|1627697579
|move|p2a: Tornadus|Hurricane|p1a: CRYSTAL CAVE|[miss]
|-miss|p2a: Tornadus|p1a: CRYSTAL CAVE
|move|p1a: CRYSTAL CAVE|Psyshock|p2a: Tornadus
|-damage|p2a: Tornadus|0 fnt
|faint|p2a: Tornadus
|
|-damage|p1a: CRYSTAL CAVE|37/100 tox|[from] psn
|upkeep
|
|t:|1627697590
|switch|p2a: Toxapex|Toxapex, M|99/100
|-damage|p2a: Toxapex|88/100|[from] Stealth Rock
|turn|38
|
|t:|1627697593
|move|p1a: CRYSTAL CAVE|Future Sight|p2a: Toxapex
|-start|p1a: CRYSTAL CAVE|move: Future Sight
|move|p2a: Toxapex|Knock Off|p1a: CRYSTAL CAVE
|-damage|p1a: CRYSTAL CAVE|17/100 tox
|-enditem|p1a: CRYSTAL CAVE|Assault Vest|[from] move: Knock Off|[of] p2a: Toxapex
|
|-damage|p1a: CRYSTAL CAVE|5/100 tox|[from] psn
|upkeep
|turn|39
|l| Limited_Toolkit
|inactive|LT84JM Bardock has 60 seconds left.
|
|t:|1627697598
|move|p1a: CRYSTAL CAVE|Psyshock|p2a: Toxapex
|-supereffective|p2a: Toxapex
|-damage|p2a: Toxapex|18/100
|move|p2a: Toxapex|Recover|p2a: Toxapex
|-heal|p2a: Toxapex|68/100
|
|-damage|p1a: CRYSTAL CAVE|0 fnt|[from] psn
|faint|p1a: CRYSTAL CAVE
|upkeep
|
|t:|1627697602
|switch|p1a: VAST ICE MOUNTAIN|Weavile, F|100/100
|-ability|p1a: VAST ICE MOUNTAIN|Pressure
|turn|40
|
|t:|1627697605
|move|p1a: VAST ICE MOUNTAIN|Swords Dance|p1a: VAST ICE MOUNTAIN
|-boost|p1a: VAST ICE MOUNTAIN|atk|2
|move|p2a: Toxapex|Recover|p2a: Toxapex
|-heal|p2a: Toxapex|100/100
|
|-end|p2a: Toxapex|move: Future Sight
|-supereffective|p2a: Toxapex
|-damage|p2a: Toxapex|0 fnt
|faint|p2a: Toxapex
|
|win|LT84JM Bardock
|upkeep
|raw|LT84JM Bardock's rating: 1879 &rarr; <strong>1901</strong><br />(+22 for winning)
|raw|Bannedbyweek2's rating: 1906 &rarr; <strong>1884</strong><br />(-22 for losing)
|j| ThatOneShip
|l|☆Bannedbyweek2
|l| LT81YL Ruby
|l| ThatOneShip
