|j|☆Kazt_5
|j|☆spx1
|inactive|Battle timer is ON: inactive players will automatically lose when time's up.
|t:|1612743996
|player|p1|Kazt_5|dawn|
|player|p2|spx1|acetrainer-gen1rb|
|teamsize|p1|6
|teamsize|p2|6
|gametype|singles
|gen|8
|tier|[Gen 8] OU
|rated|Tournament battle
|clearpoke
|poke|p1|Cinderace, F|
|poke|p1|Slowbro, M|
|poke|p1|Amoonguss, F|
|poke|p1|Hydreigon, M|
|poke|p1|Zapdos-Galar|
|poke|p1|Nidoking, M|
|poke|p2|Gengar, F|
|poke|p2|Scizor, M|
|poke|p2|Dragonite, M|
|poke|p2|Jirachi|
|poke|p2|Hydreigon, F|
|poke|p2|Garchomp, M|
|rule|Sleep Clause Mod: Limit one foe put to sleep
|rule|Species Clause: Limit one of each Pokémon
|rule|OHKO Clause: OHKO moves are banned
|rule|Evasion Moves Clause: Evasion moves are banned
|rule|Endless Battle Clause: Forcing endless battles is banned
|rule|HP Percentage Mod: HP is shown in percentages
|rule|Dynamax Clause: You cannot dynamax
|teampreview
|c|☆Kazt_5|gengar and scizor, nice
|j|+monkfish
|
|t:|1612744025
|start
|switch|p1a: Cinderace|Cinderace, F|100/100
|switch|p2a: Dragonite|Dragonite, M|100/100
|turn|1
|c|☆spx1|not my team
|
|t:|1612744033
|switch|p2a: Garchomp|Garchomp, M|100/100
|move|p1a: Cinderace|U-turn|p2a: Garchomp
|-start|p1a: Cinderace|typechange|Bug|[from] ability: Libero
|-damage|p2a: Garchomp|78/100
|-damage|p1a: Cinderace|88/100|[from] ability: Rough Skin|[of] p2a: Garchomp
|-damage|p1a: Cinderace|72/100|[from] item: Rocky Helmet|[of] p2a: Garchomp
|
|t:|1612744057
|switch|p1a: Amoonguss|Amoonguss, F|100/100|[from]move: U-turn
|
|upkeep
|turn|2
|l|+monkfish
|c|☆Kazt_5|nice team anyway
|
|t:|1612744074
|move|p2a: Garchomp|Stealth Rock|p1a: Amoonguss
|-sidestart|p1: Kazt_5|move: Stealth Rock
|move|p1a: Amoonguss|Spore|p2a: Garchomp
|-status|p2a: Garchomp|slp|[from] move: Spore
|
|upkeep
|turn|3
|
|t:|1612744081
|switch|p2a: Scizor|Scizor, M|100/100
|move|p1a: Amoonguss|Giga Drain|p2a: Scizor
|-resisted|p2a: Scizor
|-damage|p2a: Scizor|93/100
|
|upkeep
|turn|4
|
|t:|1612744097
|move|p2a: Scizor|Swords Dance|p2a: Scizor
|-boost|p2a: Scizor|atk|2
|move|p1a: Amoonguss|Foul Play|p2a: Scizor
|-damage|p2a: Scizor|10/100
|
|upkeep
|turn|5
|
|t:|1612744106
|switch|p1a: Slowbro|Slowbro, M|100/100
|-damage|p1a: Slowbro|88/100|[from] Stealth Rock
|move|p2a: Scizor|Knock Off|p1a: Slowbro
|-supereffective|p1a: Slowbro
|-damage|p1a: Slowbro|0 fnt
|-damage|p2a: Scizor|0 fnt|[from] item: Rocky Helmet|[of] p1a: Slowbro
|faint|p1a: Slowbro
|faint|p2a: Scizor
|
|upkeep
|j| A_Blind_View_VGC
|
|t:|1612744120
|switch|p2a: Jirachi|Jirachi|100/100
|switch|p1a: Nidoking|Nidoking, M|100/100
|-damage|p1a: Nidoking|95/100|[from] Stealth Rock
|turn|6
|
|t:|1612744137
|move|p1a: Nidoking|Earth Power|p2a: Jirachi
|-supereffective|p2a: Jirachi
|-damage|p2a: Jirachi|28/100
|move|p2a: Jirachi|U-turn|p1a: Nidoking
|-resisted|p1a: Nidoking
|-damage|p1a: Nidoking|83/100
|
|t:|1612744140
|switch|p2a: Hydreigon|Hydreigon, F|100/100|[from]move: U-turn
|
|upkeep
|turn|7
|
|t:|1612744144
|-singleturn|p1a: Nidoking|move: Focus Punch
|move|p2a: Hydreigon|Nasty Plot|p2a: Hydreigon
|-boost|p2a: Hydreigon|spa|2
|move|p1a: Nidoking|Focus Punch|p2a: Hydreigon
|-supereffective|p2a: Hydreigon
|-damage|p2a: Hydreigon|0 fnt
|-damage|p1a: Nidoking|73/100|[from] item: Life Orb
|faint|p2a: Hydreigon
|
|upkeep
|
|t:|1612744147
|switch|p2a: Dragonite|Dragonite, M|100/100
|turn|8
|
|t:|1612744161
|move|p1a: Nidoking|Sludge Wave|p2a: Dragonite
|-damage|p2a: Dragonite|69/100
|move|p2a: Dragonite|Dragon Dance|p2a: Dragonite
|-boost|p2a: Dragonite|atk|1
|-boost|p2a: Dragonite|spe|1
|
|upkeep
|turn|9
|
|t:|1612744169
|switch|p1a: Zapdos|Zapdos-Galar|100/100
|-damage|p1a: Zapdos|88/100|[from] Stealth Rock
|move|p2a: Dragonite|Earthquake|p1a: Zapdos
|-immune|p1a: Zapdos
|
|upkeep
|turn|10
|
|t:|1612744173
|move|p2a: Dragonite|Outrage|p1a: Zapdos
|-damage|p1a: Zapdos|0 fnt
|faint|p1a: Zapdos
|
|upkeep
|
|t:|1612744182
|switch|p1a: Amoonguss|Amoonguss, F|100/100
|-damage|p1a: Amoonguss|88/100|[from] Stealth Rock
|turn|11
|
|t:|1612744184
|move|p2a: Dragonite|Outrage|p1a: Amoonguss|[from]lockedmove
|-damage|p1a: Amoonguss|0 fnt
|-start|p2a: Dragonite|confusion|[fatigue]
|faint|p1a: Amoonguss
|
|upkeep
|c|☆Kazt_5|ggs
|-message|Kazt_5 forfeited.
|
|win|spx1
|n|☆Kazt_5|kazt5
|n|☆spx1|spx1
|n| A_Blind_View_VGC|ablindviewvgc
|c|☆Kazt_5|at least i have that hydreigon moment
|c|☆spx1|gg
