|j|☆Johnny Youngster
|j|☆Hgfhhfghfff
|t:|1617589741
|gametype|singles
|player|p1|Johnny Youngster|101|1528
|player|p2|Hgfhhfghfff|101|1565
|teamsize|p1|6
|teamsize|p2|6
|gen|8
|tier|[Gen 8] OU
|rated|
|clearpoke
|poke|p1|Swampert, F|
|poke|p1|Tapu Lele|
|poke|p1|Magnezone|
|poke|p1|Kartana|
|poke|p1|Dragonite, M|
|poke|p1|Slowbro, F|
|poke|p2|Mandibuzz, F|
|poke|p2|Zeraora|
|poke|p2|Rillaboom, M|
|poke|p2|Jirachi|
|poke|p2|Keldeo-Resolute|
|poke|p2|Diancie|
|rule|Sleep Clause Mod: Limit one foe put to sleep
|rule|Species Clause: Limit one of each Pokémon
|rule|OHKO Clause: OHKO moves are banned
|rule|Evasion Moves Clause: Evasion moves are banned
|rule|Endless Battle Clause: Forcing endless battles is banned
|rule|HP Percentage Mod: HP is shown in percentages
|rule|Dynamax Clause: You cannot dynamax
|teampreview
|c|☆Johnny Youngster|glhf
|
|t:|1617589764
|start
|switch|p1a: Magnezone|Magnezone|100/100
|switch|p2a: Rillaboom|Rillaboom, M, shiny|100/100
|-fieldstart|move: Grassy Terrain|[from] ability: Grassy Surge|[of] p2a: Rillaboom
|-item|p1a: Magnezone|Air Balloon
|turn|1
|
|t:|1617589775
|switch|p1a: Tapu Lele|Tapu Lele|100/100
|-fieldstart|move: Psychic Terrain|[from] ability: Psychic Surge|[of] p1a: Tapu Lele
|move|p2a: Rillaboom|Drain Punch|p1a: Tapu Lele
|-resisted|p1a: Tapu Lele
|-damage|p1a: Tapu Lele|84/100
|
|upkeep
|turn|2
|
|t:|1617589786
|switch|p2a: Jirachi|Jirachi, shiny|100/100
|move|p1a: Tapu Lele|Moonblast|p2a: Jirachi
|-resisted|p2a: Jirachi
|-damage|p2a: Jirachi|66/100
|
|-heal|p2a: Jirachi|72/100|[from] item: Leftovers
|upkeep
|turn|3
|
|t:|1617589795
|switch|p1a: Magnezone|Magnezone|100/100
|-item|p1a: Magnezone|Air Balloon
|move|p2a: Jirachi|Aura Sphere|p1a: Magnezone
|-supereffective|p1a: Magnezone
|-damage|p1a: Magnezone|36/100
|-enditem|p1a: Magnezone|Air Balloon
|
|-heal|p2a: Jirachi|79/100|[from] item: Leftovers
|upkeep
|turn|4
|
|t:|1617589804
|switch|p1a: Swampert|Swampert, F|100/100
|move|p2a: Jirachi|Psychic|p1a: Swampert
|-damage|p1a: Swampert|67/100
|
|-heal|p2a: Jirachi|85/100|[from] item: Leftovers
|-heal|p1a: Swampert|73/100|[from] item: Leftovers
|upkeep
|turn|5
|
|t:|1617589813
|switch|p2a: Mandibuzz|Mandibuzz, F, shiny|100/100
|move|p1a: Swampert|Stealth Rock|p2a: Mandibuzz
|-sidestart|p2: Hgfhhfghfff|move: Stealth Rock
|
|-heal|p1a: Swampert|79/100|[from] item: Leftovers
|-fieldend|move: Psychic Terrain
|upkeep
|turn|6
|
|t:|1617589819
|move|p2a: Mandibuzz|Taunt|p1a: Swampert
|-start|p1a: Swampert|move: Taunt
|cant|p1a: Swampert|move: Taunt|Toxic
|
|-heal|p1a: Swampert|86/100|[from] item: Leftovers
|upkeep
|turn|7
|
|t:|1617589824
|switch|p1a: Tapu Lele|Tapu Lele|84/100
|-fieldstart|move: Psychic Terrain|[from] ability: Psychic Surge|[of] p1a: Tapu Lele
|move|p2a: Mandibuzz|Defog|p1a: Tapu Lele
|-unboost|p1a: Tapu Lele|evasion|1
|-sideend|p2: Hgfhhfghfff|Stealth Rock|[from] move: Defog|[of] p2a: Mandibuzz
|-fieldend|move: Psychic Terrain
|
|upkeep
|turn|8
|
|t:|1617589833
|switch|p1a: Swampert|Swampert, F|86/100
|switch|p2a: Jirachi|Jirachi, shiny|85/100
|
|-heal|p2a: Jirachi|91/100|[from] item: Leftovers
|-heal|p1a: Swampert|92/100|[from] item: Leftovers
|upkeep
|turn|9
|
|t:|1617589841
|switch|p2a: Rillaboom|Rillaboom, M, shiny|100/100
|-fieldstart|move: Grassy Terrain|[from] ability: Grassy Surge|[of] p2a: Rillaboom
|move|p1a: Swampert|Toxic|p2a: Rillaboom
|-status|p2a: Rillaboom|tox
|
|-heal|p1a: Swampert|98/100|[from] Grassy Terrain
|-heal|p1a: Swampert|100/100|[from] item: Leftovers
|-damage|p2a: Rillaboom|94/100 tox|[from] psn
|upkeep
|turn|10
|
|t:|1617589848
|switch|p1a: Magnezone|Magnezone|36/100
|move|p2a: Rillaboom|U-turn|p1a: Magnezone
|-resisted|p1a: Magnezone
|-damage|p1a: Magnezone|20/100
|
|t:|1617589859
|switch|p2a: Keldeo|Keldeo-Resolute|100/100|[from]move: U-turn
|
|-heal|p1a: Magnezone|26/100|[from] Grassy Terrain
|upkeep
|turn|11
|
|t:|1617589866
|switch|p1a: Slowbro|Slowbro, F|100/100
|move|p2a: Keldeo|Calm Mind|p2a: Keldeo
|-boost|p2a: Keldeo|spa|1
|-boost|p2a: Keldeo|spd|1
|
|upkeep
|turn|12
|
|t:|1617589873
|move|p2a: Keldeo|Substitute|p2a: Keldeo
|-start|p2a: Keldeo|Substitute
|-damage|p2a: Keldeo|76/100
|move|p1a: Slowbro|Teleport|p1a: Slowbro
|
|t:|1617589884
|switch|p1a: Dragonite|Dragonite, M|100/100|[from]move: Teleport
|
|-heal|p2a: Keldeo|82/100|[from] Grassy Terrain
|-heal|p2a: Keldeo|88/100|[from] item: Leftovers
|upkeep
|turn|13
|inactive|Battle timer is ON: inactive players will automatically lose when time's up. (requested by Hgfhhfghfff)
|
|t:|1617589888
|move|p2a: Keldeo|Scald|p1a: Dragonite
|-resisted|p1a: Dragonite
|-damage|p1a: Dragonite|85/100
|move|p1a: Dragonite|Dual Wingbeat|p2a: Keldeo
|-supereffective|p2a: Keldeo
|-end|p2a: Keldeo|Substitute
|-supereffective|p2a: Keldeo
|-damage|p2a: Keldeo|35/100
|-hitcount|p2a: Keldeo|2
|
|-heal|p2a: Keldeo|42/100|[from] Grassy Terrain
|-heal|p2a: Keldeo|48/100|[from] item: Leftovers
|-fieldend|move: Grassy Terrain
|upkeep
|turn|14
|
|t:|1617589899
|switch|p2a: Diancie|Diancie|100/100
|move|p1a: Dragonite|Dual Wingbeat|p2a: Diancie
|-resisted|p2a: Diancie
|-damage|p2a: Diancie|92/100
|-resisted|p2a: Diancie
|-damage|p2a: Diancie|83/100
|-hitcount|p2a: Diancie|2
|
|upkeep
|turn|15
|
|t:|1617589906
|switch|p1a: Swampert|Swampert, F|100/100
|move|p2a: Diancie|Draining Kiss|p1a: Swampert
|-damage|p1a: Swampert|85/100
|-heal|p2a: Diancie|99/100|[from] drain|[of] p1a: Swampert
|
|-heal|p1a: Swampert|91/100|[from] item: Leftovers
|upkeep
|turn|16
|
|t:|1617589917
|switch|p2a: Rillaboom|Rillaboom, M, shiny|94/100 tox
|-fieldstart|move: Grassy Terrain|[from] ability: Grassy Surge|[of] p2a: Rillaboom
|move|p1a: Swampert|Flip Turn|p2a: Rillaboom
|-resisted|p2a: Rillaboom
|-damage|p2a: Rillaboom|81/100 tox
|
|t:|1617589923
|switch|p1a: Tapu Lele|Tapu Lele|84/100|[from]move: Flip Turn
|-fieldstart|move: Psychic Terrain|[from] ability: Psychic Surge|[of] p1a: Tapu Lele
|
|-damage|p2a: Rillaboom|75/100 tox|[from] psn
|upkeep
|turn|17
|
|t:|1617589928
|switch|p2a: Jirachi|Jirachi, shiny|91/100
|move|p1a: Tapu Lele|Moonblast|p2a: Jirachi
|-resisted|p2a: Jirachi
|-damage|p2a: Jirachi|51/100
|-unboost|p2a: Jirachi|spa|1
|
|-heal|p2a: Jirachi|57/100|[from] item: Leftovers
|upkeep
|turn|18
|
|t:|1617589935
|switch|p1a: Swampert|Swampert, F|91/100
|move|p2a: Jirachi|Iron Head|p1a: Swampert
|-resisted|p1a: Swampert
|-damage|p1a: Swampert|79/100
|
|-heal|p2a: Jirachi|64/100|[from] item: Leftovers
|-heal|p1a: Swampert|85/100|[from] item: Leftovers
|upkeep
|turn|19
|
|t:|1617589942
|move|p2a: Jirachi|Iron Head|p1a: Swampert
|-resisted|p1a: Swampert
|-damage|p1a: Swampert|71/100
|move|p1a: Swampert|Flip Turn|p2a: Jirachi
|-damage|p2a: Jirachi|38/100
|
|t:|1617589950
|switch|p1a: Kartana|Kartana|100/100|[from]move: Flip Turn
|
|-heal|p2a: Jirachi|44/100|[from] item: Leftovers
|upkeep
|turn|20
|
|t:|1617589957
|switch|p2a: Mandibuzz|Mandibuzz, F, shiny|100/100
|move|p1a: Kartana|Knock Off|p2a: Mandibuzz
|-resisted|p2a: Mandibuzz
|-damage|p2a: Mandibuzz|87/100
|-enditem|p2a: Mandibuzz|Heavy-Duty Boots|[from] move: Knock Off|[of] p1a: Kartana
|
|-fieldend|move: Psychic Terrain
|upkeep
|turn|21
|
|t:|1617589966
|switch|p1a: Magnezone|Magnezone|26/100
|switch|p2a: Rillaboom|Rillaboom, M, shiny|75/100 tox
|-fieldstart|move: Grassy Terrain|[from] ability: Grassy Surge|[of] p2a: Rillaboom
|
|-heal|p2a: Rillaboom|81/100 tox|[from] Grassy Terrain
|-heal|p1a: Magnezone|33/100|[from] Grassy Terrain
|-damage|p2a: Rillaboom|75/100 tox|[from] psn
|upkeep
|turn|22
|
|t:|1617589988
|switch|p1a: Dragonite|Dragonite, M|85/100
|move|p2a: Rillaboom|Drain Punch|p1a: Dragonite
|-resisted|p1a: Dragonite
|-damage|p1a: Dragonite|63/100
|-heal|p2a: Rillaboom|86/100 tox|[from] drain|[of] p1a: Dragonite
|
|-heal|p2a: Rillaboom|92/100 tox|[from] Grassy Terrain
|-damage|p2a: Rillaboom|80/100 tox|[from] psn
|upkeep
|turn|23
|
|t:|1617590001
|switch|p1a: Swampert|Swampert, F|71/100
|switch|p2a: Diancie|Diancie|99/100
|
|-heal|p2a: Diancie|100/100|[from] Grassy Terrain
|-heal|p1a: Swampert|77/100|[from] Grassy Terrain
|-heal|p1a: Swampert|83/100|[from] item: Leftovers
|upkeep
|turn|24
|
|t:|1617590010
|switch|p2a: Mandibuzz|Mandibuzz, F, shiny|87/100
|move|p1a: Swampert|Stealth Rock|p2a: Mandibuzz
|-sidestart|p2: Hgfhhfghfff|move: Stealth Rock
|
|-heal|p1a: Swampert|90/100|[from] Grassy Terrain
|-heal|p1a: Swampert|96/100|[from] item: Leftovers
|upkeep
|turn|25
|
|t:|1617590017
|move|p2a: Mandibuzz|Taunt|p1a: Swampert
|-start|p1a: Swampert|move: Taunt
|cant|p1a: Swampert|move: Taunt|Toxic
|
|-heal|p1a: Swampert|100/100|[from] Grassy Terrain
|-fieldend|move: Grassy Terrain
|upkeep
|turn|26
|
|t:|1617590020
|move|p2a: Mandibuzz|Defog|p1a: Swampert
|-unboost|p1a: Swampert|evasion|1
|-sideend|p2: Hgfhhfghfff|Stealth Rock|[from] move: Defog|[of] p2a: Mandibuzz
|move|p1a: Swampert|Flip Turn|p2a: Mandibuzz
|-damage|p2a: Mandibuzz|75/100
|
|t:|1617590022
|switch|p1a: Tapu Lele|Tapu Lele|84/100|[from]move: Flip Turn
|-fieldstart|move: Psychic Terrain|[from] ability: Psychic Surge|[of] p1a: Tapu Lele
|
|upkeep
|turn|27
|
|t:|1617590029
|switch|p2a: Diancie|Diancie|100/100
|move|p1a: Tapu Lele|Moonblast|p2a: Diancie
|-damage|p2a: Diancie|61/100
|
|upkeep
|turn|28
|
|t:|1617590045
|switch|p1a: Magnezone|Magnezone|33/100
|move|p2a: Diancie|Draining Kiss|p1a: Magnezone
|-resisted|p1a: Magnezone
|-damage|p1a: Magnezone|15/100
|-heal|p2a: Diancie|73/100|[from] drain|[of] p1a: Magnezone
|
|upkeep
|turn|29
|
|t:|1617590064
|move|p1a: Magnezone|Body Press|p2a: Diancie
|-damage|p2a: Diancie|52/100
|move|p2a: Diancie|Draining Kiss|p1a: Magnezone
|-resisted|p1a: Magnezone
|-damage|p1a: Magnezone|0 fnt
|-heal|p2a: Diancie|63/100|[from] drain|[of] p1a: Magnezone
|faint|p1a: Magnezone
|
|upkeep
|
|t:|1617590067
|switch|p1a: Swampert|Swampert, F|100/100
|turn|30
|
|t:|1617590078
|switch|p2a: Rillaboom|Rillaboom, M, shiny|80/100 tox
|-fieldstart|move: Grassy Terrain|[from] ability: Grassy Surge|[of] p2a: Rillaboom
|move|p1a: Swampert|Stealth Rock|p2a: Rillaboom
|-sidestart|p2: Hgfhhfghfff|move: Stealth Rock
|
|-heal|p2a: Rillaboom|86/100 tox|[from] Grassy Terrain
|-damage|p2a: Rillaboom|80/100 tox|[from] psn
|upkeep
|turn|31
|
|t:|1617590089
|switch|p1a: Dragonite|Dragonite, M|63/100
|move|p2a: Rillaboom|U-turn|p1a: Dragonite
|-resisted|p1a: Dragonite
|-damage|p1a: Dragonite|40/100
|
|t:|1617590096
|switch|p2a: Jirachi|Jirachi, shiny|44/100|[from]move: U-turn
|-damage|p2a: Jirachi|38/100|[from] Stealth Rock
|
|-heal|p2a: Jirachi|44/100|[from] Grassy Terrain
|-heal|p2a: Jirachi|50/100|[from] item: Leftovers
|upkeep
|turn|32
|
|t:|1617590103
|switch|p1a: Swampert|Swampert, F|100/100
|move|p2a: Jirachi|Icy Wind|p1a: Swampert
|-damage|p1a: Swampert|89/100
|-unboost|p1a: Swampert|spe|1
|
|-heal|p2a: Jirachi|57/100|[from] Grassy Terrain
|-heal|p2a: Jirachi|63/100|[from] item: Leftovers
|-heal|p1a: Swampert|95/100|[from] Grassy Terrain
|-heal|p1a: Swampert|100/100|[from] item: Leftovers
|upkeep
|turn|33
|
|t:|1617590109
|move|p2a: Jirachi|Iron Head|p1a: Swampert
|-resisted|p1a: Swampert
|-damage|p1a: Swampert|89/100
|move|p1a: Swampert|Flip Turn|p2a: Jirachi
|-damage|p2a: Jirachi|40/100
|
|t:|1617590112
|switch|p1a: Kartana|Kartana|100/100|[from]move: Flip Turn
|
|-heal|p2a: Jirachi|46/100|[from] Grassy Terrain
|-heal|p2a: Jirachi|52/100|[from] item: Leftovers
|upkeep
|turn|34
|
|t:|1617590122
|switch|p1a: Tapu Lele|Tapu Lele|84/100
|-fieldstart|move: Psychic Terrain|[from] ability: Psychic Surge|[of] p1a: Tapu Lele
|move|p2a: Jirachi|Aura Sphere|p1a: Tapu Lele
|-resisted|p1a: Tapu Lele
|-damage|p1a: Tapu Lele|78/100
|
|-heal|p2a: Jirachi|58/100|[from] item: Leftovers
|upkeep
|turn|35
|
|t:|1617590129
|switch|p1a: Swampert|Swampert, F|89/100
|move|p2a: Jirachi|Iron Head|p1a: Swampert
|-resisted|p1a: Swampert
|-damage|p1a: Swampert|76/100
|
|-heal|p2a: Jirachi|64/100|[from] item: Leftovers
|-heal|p1a: Swampert|82/100|[from] item: Leftovers
|upkeep
|turn|36
|
|t:|1617590135
|move|p2a: Jirachi|Iron Head|p1a: Swampert
|-resisted|p1a: Swampert
|-damage|p1a: Swampert|69/100
|move|p1a: Swampert|Flip Turn|p2a: Jirachi
|-damage|p2a: Jirachi|41/100
|
|t:|1617590138
|switch|p1a: Kartana|Kartana|100/100|[from]move: Flip Turn
|
|-heal|p2a: Jirachi|47/100|[from] item: Leftovers
|upkeep
|turn|37
|
|t:|1617590143
|switch|p2a: Mandibuzz|Mandibuzz, F, shiny|75/100
|-damage|p2a: Mandibuzz|50/100|[from] Stealth Rock
|move|p1a: Kartana|Knock Off|p2a: Mandibuzz
|-resisted|p2a: Mandibuzz
|-damage|p2a: Mandibuzz|42/100
|
|upkeep
|turn|38
|
|t:|1617590152
|switch|p1a: Tapu Lele|Tapu Lele|78/100
|move|p2a: Mandibuzz|Defog|p1a: Tapu Lele
|-unboost|p1a: Tapu Lele|evasion|1
|-sideend|p2: Hgfhhfghfff|Stealth Rock|[from] move: Defog|[of] p2a: Mandibuzz
|-fieldend|move: Psychic Terrain
|
|upkeep
|turn|39
|
|t:|1617590159
|switch|p2a: Jirachi|Jirachi, shiny|47/100
|move|p1a: Tapu Lele|Moonblast|p2a: Jirachi
|-resisted|p2a: Jirachi
|-damage|p2a: Jirachi|11/100
|
|-heal|p2a: Jirachi|17/100|[from] item: Leftovers
|upkeep
|turn|40
|
|t:|1617590186
|switch|p1a: Slowbro|Slowbro, F|100/100
|move|p2a: Jirachi|Iron Head|p1a: Slowbro
|-resisted|p1a: Slowbro
|-damage|p1a: Slowbro|93/100
|
|-heal|p2a: Jirachi|23/100|[from] item: Leftovers
|upkeep
|turn|41
|
|t:|1617590197
|switch|p2a: Rillaboom|Rillaboom, M, shiny|80/100 tox
|-fieldstart|move: Grassy Terrain|[from] ability: Grassy Surge|[of] p2a: Rillaboom
|move|p1a: Slowbro|Teleport|p1a: Slowbro
|
|t:|1617590204
|switch|p1a: Dragonite|Dragonite, M|40/100|[from]move: Teleport
|
|-heal|p2a: Rillaboom|86/100 tox|[from] Grassy Terrain
|-damage|p2a: Rillaboom|80/100 tox|[from] psn
|upkeep
|turn|42
|
|t:|1617590218
|move|p1a: Dragonite|Dragon Dance|p1a: Dragonite
|-boost|p1a: Dragonite|atk|1
|-boost|p1a: Dragonite|spe|1
|move|p2a: Rillaboom|U-turn|p1a: Dragonite
|-resisted|p1a: Dragonite
|-damage|p1a: Dragonite|20/100
|
|t:|1617590226
|switch|p2a: Diancie|Diancie|63/100|[from]move: U-turn
|
|-heal|p2a: Diancie|68/100|[from] Grassy Terrain
|upkeep
|turn|43
|
|t:|1617590234
|switch|p1a: Kartana|Kartana|100/100
|move|p2a: Diancie|Draining Kiss|p1a: Kartana
|-resisted|p1a: Kartana
|-damage|p1a: Kartana|65/100
|-heal|p2a: Diancie|92/100|[from] drain|[of] p1a: Kartana
|
|-heal|p1a: Kartana|71/100|[from] Grassy Terrain
|-heal|p2a: Diancie|98/100|[from] Grassy Terrain
|upkeep
|turn|44
|
|t:|1617590250
|move|p1a: Kartana|Leaf Blade|p2a: Diancie
|-supereffective|p2a: Diancie
|-damage|p2a: Diancie|0 fnt
|faint|p2a: Diancie
|-ability|p1a: Kartana|Beast Boost|boost
|-boost|p1a: Kartana|atk|1
|
|-heal|p1a: Kartana|77/100|[from] Grassy Terrain
|upkeep
|
|t:|1617590256
|switch|p2a: Mandibuzz|Mandibuzz, F, shiny|42/100
|turn|45
|
|t:|1617590285
|switch|p1a: Tapu Lele|Tapu Lele|78/100
|-fieldstart|move: Psychic Terrain|[from] ability: Psychic Surge|[of] p1a: Tapu Lele
|move|p2a: Mandibuzz|Roost|p2a: Mandibuzz
|-heal|p2a: Mandibuzz|92/100
|-singleturn|p2a: Mandibuzz|move: Roost
|
|upkeep
|turn|46
|
|t:|1617590299
|move|p1a: Tapu Lele|Moonblast|p2a: Mandibuzz
|-supereffective|p2a: Mandibuzz
|-damage|p2a: Mandibuzz|0 fnt
|faint|p2a: Mandibuzz
|
|upkeep
|
|t:|1617590303
|switch|p2a: Jirachi|Jirachi, shiny|23/100
|turn|47
|
|t:|1617590306
|switch|p1a: Slowbro|Slowbro, F|100/100
|move|p2a: Jirachi|Psychic|p1a: Slowbro
|-resisted|p1a: Slowbro
|-damage|p1a: Slowbro|75/100
|
|-heal|p2a: Jirachi|30/100|[from] item: Leftovers
|upkeep
|turn|48
|
|t:|1617590315
|move|p2a: Jirachi|Psychic|p1a: Slowbro
|-resisted|p1a: Slowbro
|-damage|p1a: Slowbro|47/100
|move|p1a: Slowbro|Teleport|p1a: Slowbro
|
|t:|1617590319
|switch|p1a: Dragonite|Dragonite, M|20/100|[from]move: Teleport
|
|-heal|p2a: Jirachi|36/100|[from] item: Leftovers
|upkeep
|turn|49
|
|t:|1617590328
|move|p2a: Jirachi|Psychic|p1a: Dragonite
|-damage|p1a: Dragonite|0 fnt
|faint|p1a: Dragonite
|
|-heal|p2a: Jirachi|42/100|[from] item: Leftovers
|-fieldend|move: Psychic Terrain
|upkeep
|
|t:|1617590330
|switch|p1a: Kartana|Kartana|77/100
|turn|50
|
|t:|1617590337
|move|p1a: Kartana|Knock Off|p2a: Jirachi
|-supereffective|p2a: Jirachi
|-damage|p2a: Jirachi|0 fnt
|-enditem|p2a: Jirachi|Leftovers|[from] move: Knock Off|[of] p1a: Kartana
|faint|p2a: Jirachi
|-ability|p1a: Kartana|Beast Boost|boost
|-boost|p1a: Kartana|atk|1
|
|upkeep
|
|t:|1617590343
|switch|p2a: Keldeo|Keldeo-Resolute|48/100
|turn|51
|
|t:|1617590356
|switch|p1a: Slowbro|Slowbro, F|81/100
|move|p2a: Keldeo|Calm Mind|p2a: Keldeo
|-boost|p2a: Keldeo|spa|1
|-boost|p2a: Keldeo|spd|1
|
|-heal|p2a: Keldeo|54/100|[from] item: Leftovers
|upkeep
|turn|52
|
|t:|1617590364
|move|p2a: Keldeo|Substitute|p2a: Keldeo
|-start|p2a: Keldeo|Substitute
|-damage|p2a: Keldeo|29/100
|move|p1a: Slowbro|Future Sight|p2a: Keldeo
|-start|p1a: Slowbro|move: Future Sight
|
|-heal|p2a: Keldeo|35/100|[from] item: Leftovers
|upkeep
|turn|53
|
|t:|1617590373
|move|p2a: Keldeo|Calm Mind|p2a: Keldeo
|-boost|p2a: Keldeo|spa|1
|-boost|p2a: Keldeo|spd|1
|move|p1a: Slowbro|Teleport|p1a: Slowbro
|
|t:|1617590386
|switch|p1a: Tapu Lele|Tapu Lele|78/100|[from]move: Teleport
|-fieldstart|move: Psychic Terrain|[from] ability: Psychic Surge|[of] p1a: Tapu Lele
|
|-heal|p2a: Keldeo|42/100|[from] item: Leftovers
|upkeep
|turn|54
|
|t:|1617590390
|move|p2a: Keldeo|Scald|p1a: Tapu Lele
|-damage|p1a: Tapu Lele|0 fnt
|faint|p1a: Tapu Lele
|
|-end|p2a: Keldeo|move: Future Sight
|-supereffective|p2a: Keldeo
|-end|p2a: Keldeo|Substitute
|-heal|p2a: Keldeo|48/100|[from] item: Leftovers
|upkeep
|
|t:|1617590393
|switch|p1a: Kartana|Kartana|77/100
|turn|55
|
|t:|1617590407
|switch|p2a: Rillaboom|Rillaboom, M, shiny|80/100 tox
|-fieldstart|move: Grassy Terrain|[from] ability: Grassy Surge|[of] p2a: Rillaboom
|move|p1a: Kartana|Leaf Blade|p2a: Rillaboom
|-resisted|p2a: Rillaboom
|-damage|p2a: Rillaboom|38/100 tox
|
|-heal|p1a: Kartana|83/100|[from] Grassy Terrain
|-heal|p2a: Rillaboom|44/100 tox|[from] Grassy Terrain
|-damage|p2a: Rillaboom|38/100 tox|[from] psn
|upkeep
|turn|56
|
|t:|1617590416
|move|p1a: Kartana|Leaf Blade|p2a: Rillaboom
|-resisted|p2a: Rillaboom
|-damage|p2a: Rillaboom|0 fnt
|faint|p2a: Rillaboom
|-ability|p1a: Kartana|Beast Boost|boost
|-boost|p1a: Kartana|atk|1
|
|-heal|p1a: Kartana|89/100|[from] Grassy Terrain
|upkeep
|
|t:|1617590421
|switch|p2a: Zeraora|Zeraora, shiny|100/100
|turn|57
|
|t:|1617590430
|move|p1a: Kartana|Leaf Blade|p2a: Zeraora
|-damage|p2a: Zeraora|0 fnt
|faint|p2a: Zeraora
|-ability|p1a: Kartana|Beast Boost|boost
|-boost|p1a: Kartana|atk|1
|
|-heal|p1a: Kartana|95/100|[from] Grassy Terrain
|upkeep
|c|☆Johnny Youngster|gg
|inactive|Hgfhhfghfff has 120 seconds left.
|j| bfgdfgdfgsfdgds
|inactive|Hgfhhfghfff has 90 seconds left.
|inactive|Hgfhhfghfff has 60 seconds left.
|inactive|Hgfhhfghfff has 30 seconds left.
|inactive|Hgfhhfghfff has 20 seconds left.
|inactive|Hgfhhfghfff has 15 seconds left.
|inactive|Hgfhhfghfff has 10 seconds left.
|inactive|Hgfhhfghfff has 5 seconds left.
|-message|Hgfhhfghfff lost due to inactivity.
|
|win|Johnny Youngster
|raw|Johnny Youngster's rating: 1547 &rarr; <strong>1567</strong><br />(+20 for winning)
|raw|Hgfhhfghfff's rating: 1550 &rarr; <strong>1530</strong><br />(-20 for losing)
