|raw|<div class="broadcast-blue"><strong>This battle is required to be public due to a player having a name starting with 'lt94je'.</div>
|j|☆tolstoy
|j|☆LT94JE devin
|t:|1661378488
|gametype|singles
|player|p1|tolstoy|ethan|1877
|player|p2|LT94JE devin|#wcop2021asia|1891
|teamsize|p1|6
|teamsize|p2|6
|gen|8
|tier|[Gen 8] OU
|rated|
|rule|Sleep Clause Mod: Limit one foe put to sleep
|rule|Species Clause: Limit one of each Pokémon
|rule|OHKO Clause: OHKO moves are banned
|rule|Evasion Items Clause: Evasion items are banned
|rule|Evasion Moves Clause: Evasion moves are banned
|rule|Endless Battle Clause: Forcing endless battles is banned
|rule|HP Percentage Mod: HP is shown in percentages
|rule|Dynamax Clause: You cannot dynamax
|clearpoke
|poke|p1|Trubbish, F|
|poke|p1|Tornadus-Therian, M|
|poke|p1|Clefable, M|
|poke|p1|Excadrill, M|
|poke|p1|Tyranitar, F|
|poke|p1|Slowbro, M|
|poke|p2|Weavile, M|
|poke|p2|Kartana|
|poke|p2|Urshifu-*, M|
|poke|p2|Landorus-Therian, M|
|poke|p2|Heatran, M|
|poke|p2|Tapu Lele|
|teampreview
|inactive|Battle timer is ON: inactive players will automatically lose when time's up. (requested by tolstoy)
|
|t:|1661378505
|start
|switch|p1a: Tornadus|Tornadus-Therian, M|100/100
|switch|p2a: Weavile|Weavile, M|100/100
|-ability|p2a: Weavile|Pressure
|turn|1
|
|t:|1661378511
|switch|p1a: Clefable|Clefable, M|100/100
|move|p2a: Weavile|Beat Up|p1a: Clefable
|-resisted|p1a: Clefable
|-damage|p1a: Clefable|95/100
|-resisted|p1a: Clefable
|-damage|p1a: Clefable|87/100
|-resisted|p1a: Clefable
|-damage|p1a: Clefable|81/100
|-resisted|p1a: Clefable
|-damage|p1a: Clefable|75/100
|-resisted|p1a: Clefable
|-damage|p1a: Clefable|70/100
|-resisted|p1a: Clefable
|-damage|p1a: Clefable|66/100
|-hitcount|p1a: Clefable|6
|
|upkeep
|turn|2
|
|t:|1661378521
|switch|p2a: Landorus|Landorus-Therian, M|100/100
|-ability|p2a: Landorus|Intimidate|boost
|-unboost|p1a: Clefable|atk|1
|move|p1a: Clefable|Soft-Boiled|p1a: Clefable
|-heal|p1a: Clefable|100/100
|
|upkeep
|turn|3
|j| hippo kek
|
|t:|1661378530
|switch|p1a: Slowbro|Slowbro, M|100/100
|move|p2a: Landorus|Earthquake|p1a: Slowbro
|-crit|p1a: Slowbro
|-damage|p1a: Slowbro|42/100
|
|upkeep
|turn|4
|j| Nowelle
|j| LT94JE hyoga
|j| LT94 J'ecrabouille
|
|t:|1661378538
|switch|p1a: Tornadus|Tornadus-Therian, M|100/100
|move|p2a: Landorus|Knock Off|p1a: Tornadus
|-damage|p1a: Tornadus|48/100
|-enditem|p1a: Tornadus|Choice Specs|[from] move: Knock Off|[of] p2a: Landorus
|
|upkeep
|turn|5
|j| lt94je nick
|
|t:|1661378543
|move|p1a: Tornadus|Icy Wind|p2a: Landorus
|-supereffective|p2a: Landorus
|-damage|p2a: Landorus|16/100
|-unboost|p2a: Landorus|spe|1
|move|p2a: Landorus|Stone Edge|p1a: Tornadus|[miss]
|-miss|p2a: Landorus|p1a: Tornadus
|
|upkeep
|turn|6
|
|t:|1661378553
|switch|p1a: Slowbro|Slowbro, M|75/100
|switch|p2a: Weavile|Weavile, M|100/100
|-ability|p2a: Weavile|Pressure
|
|upkeep
|turn|7
|j| Noctisito
|
|t:|1661378557
|switch|p1a: Clefable|Clefable, M|100/100
|move|p2a: Weavile|Triple Axel|p1a: Clefable
|-damage|p1a: Clefable|88/100
|-damage|p2a: Weavile|84/100|[from] item: Rocky Helmet|[of] p1a: Clefable
|-damage|p1a: Clefable|64/100
|-damage|p2a: Weavile|68/100|[from] item: Rocky Helmet|[of] p1a: Clefable
|-damage|p1a: Clefable|26/100
|-damage|p2a: Weavile|51/100|[from] item: Rocky Helmet|[of] p1a: Clefable
|-hitcount|p1a: Clefable|3
|
|upkeep
|turn|8
|
|t:|1661378568
|switch|p2a: Heatran|Heatran, M|100/100
|move|p1a: Clefable|Soft-Boiled|p1a: Clefable
|-heal|p1a: Clefable|76/100
|
|upkeep
|turn|9
|j| qxfn143
|
|t:|1661378572
|switch|p1a: Tyranitar|Tyranitar, F|100/100
|-weather|Sandstorm|[from] ability: Sand Stream|[of] p1a: Tyranitar
|move|p2a: Heatran|Magma Storm|p1a: Tyranitar|[miss]
|-miss|p2a: Heatran|p1a: Tyranitar
|
|-weather|Sandstorm|[upkeep]
|upkeep
|turn|10
|j| LT94JE LOOR
|
|t:|1661378577
|switch|p2a: PO|Urshifu-Rapid-Strike, M|100/100
|move|p1a: Tyranitar|Stealth Rock|p2a: PO
|-sidestart|p2: LT94JE devin|move: Stealth Rock
|
|-weather|Sandstorm|[upkeep]
|-damage|p2a: PO|94/100|[from] Sandstorm
|upkeep
|turn|11
|j| LT94JE msaint
|
|t:|1661378581
|switch|p1a: Slowbro|Slowbro, M|100/100
|move|p2a: PO|U-turn|p1a: Slowbro
|-supereffective|p1a: Slowbro
|-damage|p1a: Slowbro|61/100
|-damage|p2a: PO|78/100|[from] item: Rocky Helmet|[of] p1a: Slowbro
|j| Bushido Black
|j| LT94JE Ahsan
|
|t:|1661378584
|switch|p2a: Weavile|Weavile, M|51/100|[from]move: U-turn
|-damage|p2a: Weavile|26/100|[from] Stealth Rock
|-ability|p2a: Weavile|Pressure
|
|-weather|Sandstorm|[upkeep]
|-damage|p2a: Weavile|20/100|[from] Sandstorm
|-damage|p1a: Slowbro|55/100|[from] Sandstorm
|upkeep
|turn|12
|
|t:|1661378590
|switch|p2a: Landorus|Landorus-Therian, M|16/100
|-damage|p2a: Landorus|3/100|[from] Stealth Rock
|-ability|p2a: Landorus|Intimidate|boost
|-unboost|p1a: Slowbro|atk|1
|switch|p1a: Clefable|Clefable, M|76/100
|
|-weather|Sandstorm|[upkeep]
|upkeep
|turn|13
|
|t:|1661378600
|move|p2a: Landorus|Stealth Rock|p1a: Clefable
|-sidestart|p1: tolstoy|move: Stealth Rock
|move|p1a: Clefable|Moonblast|p2a: Landorus
|-damage|p2a: Landorus|0 fnt
|faint|p2a: Landorus
|
|-weather|none
|upkeep
|
|t:|1661378607
|switch|p2a: Kartana|Kartana|100/100
|-damage|p2a: Kartana|94/100|[from] Stealth Rock
|turn|14
|
|t:|1661378611
|move|p2a: Kartana|Leaf Blade|p1a: Clefable
|-damage|p1a: Clefable|5/100
|-damage|p2a: Kartana|78/100|[from] item: Rocky Helmet|[of] p1a: Clefable
|move|p1a: Clefable|Moonblast|p2a: Kartana
|-resisted|p2a: Kartana
|-damage|p2a: Kartana|31/100
|
|upkeep
|turn|15
|
|t:|1661378617
|move|p2a: Kartana|Leaf Blade|p1a: Clefable
|-damage|p1a: Clefable|0 fnt
|-damage|p2a: Kartana|15/100|[from] item: Rocky Helmet|[of] p1a: Clefable
|faint|p1a: Clefable
|-ability|p2a: Kartana|Beast Boost|boost
|-boost|p2a: Kartana|atk|1
|
|upkeep
|
|t:|1661378622
|switch|p1a: Trubbish|Trubbish, F|100/100
|-damage|p1a: Trubbish|88/100|[from] Stealth Rock
|turn|16
|
|t:|1661378629
|move|p2a: Kartana|Leaf Blade|p1a: Trubbish
|-resisted|p1a: Trubbish
|-damage|p1a: Trubbish|38/100
|move|p1a: Trubbish|Spikes|p2a: Kartana
|-sidestart|p2: LT94JE devin|Spikes
|
|upkeep
|turn|17
|
|t:|1661378634
|move|p2a: Kartana|Leaf Blade|p1a: Trubbish
|-resisted|p1a: Trubbish
|-damage|p1a: Trubbish|0 fnt
|faint|p1a: Trubbish
|-ability|p2a: Kartana|Beast Boost|boost
|-boost|p2a: Kartana|atk|1
|
|upkeep
|
|t:|1661378636
|switch|p1a: Tornadus|Tornadus-Therian, M|81/100
|-damage|p1a: Tornadus|56/100|[from] Stealth Rock
|turn|18
|
|t:|1661378640
|move|p1a: Tornadus|Icy Wind|p2a: Kartana
|-crit|p2a: Kartana
|-damage|p2a: Kartana|0 fnt
|faint|p2a: Kartana
|
|upkeep
|j| LT94JEwhyaddicted
|
|t:|1661378644
|switch|p2a: Tapu Lele|Tapu Lele|100/100
|-damage|p2a: Tapu Lele|88/100|[from] Stealth Rock
|-damage|p2a: Tapu Lele|76/100|[from] Spikes
|-fieldstart|move: Psychic Terrain|[from] ability: Psychic Surge|[of] p2a: Tapu Lele
|turn|19
|
|t:|1661378650
|switch|p1a: Tyranitar|Tyranitar, F|100/100
|-damage|p1a: Tyranitar|88/100|[from] Stealth Rock
|-weather|Sandstorm|[from] ability: Sand Stream|[of] p1a: Tyranitar
|move|p2a: Tapu Lele|Moonblast|p1a: Tyranitar
|-supereffective|p1a: Tyranitar
|-damage|p1a: Tyranitar|39/100
|-unboost|p1a: Tyranitar|spa|1
|
|-weather|Sandstorm|[upkeep]
|-damage|p2a: Tapu Lele|70/100|[from] Sandstorm
|-heal|p1a: Tyranitar|45/100|[from] item: Leftovers
|upkeep
|turn|20
|
|t:|1661378658
|switch|p1a: Excadrill|Excadrill, M|100/100
|-damage|p1a: Excadrill|97/100|[from] Stealth Rock
|move|p2a: Tapu Lele|Moonblast|p1a: Excadrill
|-resisted|p1a: Excadrill
|-damage|p1a: Excadrill|64/100
|-unboost|p1a: Excadrill|spa|1
|
|-weather|Sandstorm|[upkeep]
|-damage|p2a: Tapu Lele|63/100|[from] Sandstorm
|-heal|p1a: Excadrill|70/100|[from] item: Leftovers
|upkeep
|turn|21
|l| qxfn143
|
|t:|1661378664
|switch|p2a: Weavile|Weavile, M|20/100
|-damage|p2a: Weavile|0 fnt|[from] Stealth Rock
|faint|p2a: Weavile
|move|p1a: Excadrill|Earthquake|p2: Weavile|[notarget]
|-fail|p1a: Excadrill
|
|-weather|Sandstorm|[upkeep]
|-heal|p1a: Excadrill|76/100|[from] item: Leftovers
|upkeep
|
|t:|1661378666
|switch|p2a: PO|Urshifu-Rapid-Strike, M|78/100
|-damage|p2a: PO|72/100|[from] Stealth Rock
|-damage|p2a: PO|59/100|[from] Spikes
|turn|22
|j| trivullo
|
|t:|1661378679
|switch|p1a: Slowbro|Slowbro, M|88/100
|-damage|p1a: Slowbro|76/100|[from] Stealth Rock
|move|p2a: PO|U-turn|p1a: Slowbro
|-supereffective|p1a: Slowbro
|-damage|p1a: Slowbro|34/100
|-damage|p2a: PO|43/100|[from] item: Rocky Helmet|[of] p1a: Slowbro
|
|t:|1661378682
|switch|p2a: Heatran|Heatran, M|100/100|[from]move: U-turn
|-damage|p2a: Heatran|88/100|[from] Stealth Rock
|-damage|p2a: Heatran|76/100|[from] Spikes
|
|-weather|Sandstorm|[upkeep]
|-damage|p1a: Slowbro|28/100|[from] Sandstorm
|upkeep
|turn|23
|
|t:|1661378688
|switch|p1a: Tornadus|Tornadus-Therian, M|89/100
|-damage|p1a: Tornadus|65/100|[from] Stealth Rock
|move|p2a: Heatran|Earth Power|p1a: Tornadus
|-immune|p1a: Tornadus
|
|-weather|none
|-fieldend|move: Psychic Terrain
|upkeep
|turn|24
|
|t:|1661378696
|move|p1a: Tornadus|Heat Wave|p2a: Heatran
|-start|p2a: Heatran|ability: Flash Fire
|move|p2a: Heatran|Magma Storm|p1a: Tornadus
|-damage|p1a: Tornadus|0 fnt
|faint|p1a: Tornadus
|
|upkeep
|
|t:|1661378699
|switch|p1a: Tyranitar|Tyranitar, F|45/100
|-damage|p1a: Tyranitar|33/100|[from] Stealth Rock
|-weather|Sandstorm|[from] ability: Sand Stream|[of] p1a: Tyranitar
|turn|25
|
|t:|1661378701
|move|p2a: Heatran|Solar Beam||[still]
|-prepare|p2a: Heatran|Solar Beam
|-enditem|p2a: Heatran|Power Herb
|-anim|p2a: Heatran|Solar Beam|p1a: Tyranitar
|-supereffective|p1a: Tyranitar
|-damage|p1a: Tyranitar|13/100
|move|p1a: Tyranitar|Earthquake|p2a: Heatran
|-supereffective|p2a: Heatran
|-damage|p2a: Heatran|0 fnt
|faint|p2a: Heatran
|
|-weather|Sandstorm|[upkeep]
|-heal|p1a: Tyranitar|19/100|[from] item: Leftovers
|upkeep
|c| lt94je nick|chip
|
|t:|1661378712
|switch|p2a: Tapu Lele|Tapu Lele|63/100
|-damage|p2a: Tapu Lele|51/100|[from] Stealth Rock
|-damage|p2a: Tapu Lele|39/100|[from] Spikes
|-fieldstart|move: Psychic Terrain|[from] ability: Psychic Surge|[of] p2a: Tapu Lele
|turn|26
|
|t:|1661378719
|move|p2a: Tapu Lele|Moonblast|p1a: Tyranitar
|-supereffective|p1a: Tyranitar
|-damage|p1a: Tyranitar|0 fnt
|faint|p1a: Tyranitar
|
|-weather|Sandstorm|[upkeep]
|-damage|p2a: Tapu Lele|33/100|[from] Sandstorm
|upkeep
|
|t:|1661378720
|switch|p1a: Excadrill|Excadrill, M|76/100
|-damage|p1a: Excadrill|73/100|[from] Stealth Rock
|turn|27
|
|t:|1661378722
|move|p1a: Excadrill|Earthquake|p2a: Tapu Lele
|-damage|p2a: Tapu Lele|0 fnt
|faint|p2a: Tapu Lele
|
|-weather|Sandstorm|[upkeep]
|-heal|p1a: Excadrill|79/100|[from] item: Leftovers
|upkeep
|
|t:|1661378724
|switch|p2a: PO|Urshifu-Rapid-Strike, M|43/100
|-damage|p2a: PO|37/100|[from] Stealth Rock
|-damage|p2a: PO|25/100|[from] Spikes
|turn|28
|
|t:|1661378725
|move|p1a: Excadrill|Earthquake|p2a: PO
|-damage|p2a: PO|0 fnt
|faint|p2a: PO
|
|win|tolstoy
|raw|tolstoy's rating: 1877 &rarr; <strong>1898</strong><br />(+21 for winning)
|raw|LT94JE devin's rating: 1891 &rarr; <strong>1870</strong><br />(-21 for losing)
|l|☆tolstoy
|l|☆LT94JE devin
|l| Bushido Black
