|j|☆Makuryu
|j|☆UnstoppableUg
|t:|1643984496
|gametype|singles
|player|p1|Makuryu|koga|1699
|player|p2|UnstoppableUg|n|1708
|teamsize|p1|6
|teamsize|p2|6
|gen|8
|tier|[Gen 8] OU
|rated|
|rule|Sleep Clause Mod: Limit one foe put to sleep
|rule|Species Clause: Limit one of each Pokémon
|rule|OHKO Clause: OHKO moves are banned
|rule|Evasion Moves Clause: Evasion moves are banned
|rule|Endless Battle Clause: Forcing endless battles is banned
|rule|HP Percentage Mod: HP is shown in percentages
|rule|Dynamax Clause: You cannot dynamax
|clearpoke
|poke|p1|Bisharp, F|
|poke|p1|Zapdos-Galar|
|poke|p1|Mew|
|poke|p1|Rillaboom, M|
|poke|p1|Garchomp, F|
|poke|p1|Dragapult, F|
|poke|p2|Slowbro, M|
|poke|p2|Kartana|
|poke|p2|Clefable, F|
|poke|p2|Garchomp, M|
|poke|p2|Buzzwole|
|poke|p2|Tornadus-Therian, M|
|teampreview
|inactive|Battle timer is ON: inactive players will automatically lose when time's up. (requested by Makuryu)
|
|t:|1643984520
|start
|switch|p1a: Mew|Mew|100/100
|switch|p2a: Kartana|Kartana|100/100
|turn|1
|
|t:|1643984526
|move|p2a: Kartana|Knock Off|p1a: Mew
|-supereffective|p1a: Mew
|-enditem|p1a: Mew|Focus Sash
|-damage|p1a: Mew|1/100
|move|p1a: Mew|Stealth Rock|p2a: Kartana
|-sidestart|p2: UnstoppableUg|move: Stealth Rock
|
|upkeep
|turn|2
|
|t:|1643984533
|switch|p1a: Zapdos|Zapdos-Galar|100/100
|move|p2a: Kartana|Knock Off|p1a: Zapdos
|-resisted|p1a: Zapdos
|-damage|p1a: Zapdos|63/100
|-enditem|p1a: Zapdos|Choice Band|[from] move: Knock Off|[of] p2a: Kartana
|
|upkeep
|turn|3
|
|t:|1643984539
|switch|p2a: Slowbro|Slowbro, M|100/100
|-damage|p2a: Slowbro|88/100|[from] Stealth Rock
|move|p1a: Zapdos|U-turn|p2a: Slowbro
|-supereffective|p2a: Slowbro
|-damage|p2a: Slowbro|57/100
|
|t:|1643984546
|switch|p1a: Dragapult|Dragapult, F|100/100|[from]move: U-turn
|
|-heal|p2a: Slowbro|63/100|[from] item: Leftovers
|upkeep
|turn|4
|
|t:|1643984557
|switch|p2a: Clefable|Clefable, F|100/100
|move|p1a: Dragapult|Shadow Ball|p2a: Clefable
|-damage|p2a: Clefable|63/100
|-damage|p1a: Dragapult|91/100|[from] item: Life Orb
|
|-heal|p2a: Clefable|69/100|[from] item: Leftovers
|upkeep
|turn|5
|
|t:|1643984566
|switch|p1a: Bisharp|Bisharp, F|100/100
|move|p2a: Clefable|Soft-Boiled|p2a: Clefable
|-heal|p2a: Clefable|100/100
|
|upkeep
|turn|6
|
|t:|1643984573
|switch|p2a: Buzzwole|Buzzwole|100/100
|-damage|p2a: Buzzwole|88/100|[from] Stealth Rock
|move|p1a: Bisharp|Iron Head|p2a: Buzzwole
|-damage|p2a: Buzzwole|64/100
|-damage|p1a: Bisharp|84/100|[from] item: Rocky Helmet|[of] p2a: Buzzwole
|
|upkeep
|turn|7
|
|t:|1643984587
|switch|p1a: Mew|Mew|1/100
|move|p2a: Buzzwole|Roost|p2a: Buzzwole
|-heal|p2a: Buzzwole|100/100
|-singleturn|p2a: Buzzwole|move: Roost
|
|upkeep
|turn|8
|
|t:|1643984592
|switch|p2a: Slowbro|Slowbro, M|96/100
|-damage|p2a: Slowbro|84/100|[from] Stealth Rock
|move|p1a: Mew|Spikes|p2a: Slowbro
|-sidestart|p2: UnstoppableUg|Spikes
|
|-heal|p2a: Slowbro|90/100|[from] item: Leftovers
|upkeep
|turn|9
|
|t:|1643984599
|move|p1a: Mew|Spikes|p2a: Slowbro
|-sidestart|p2: UnstoppableUg|Spikes
|move|p2a: Slowbro|Scald|p1a: Mew
|-damage|p1a: Mew|0 fnt
|faint|p1a: Mew
|
|-heal|p2a: Slowbro|96/100|[from] item: Leftovers
|upkeep
|
|t:|1643984607
|switch|p1a: Dragapult|Dragapult, F|91/100
|turn|10
|
|t:|1643984611
|switch|p2a: Clefable|Clefable, F|100/100
|move|p1a: Dragapult|Shadow Ball|p2a: Clefable
|-damage|p2a: Clefable|63/100
|-damage|p1a: Dragapult|81/100|[from] item: Life Orb
|
|-heal|p2a: Clefable|69/100|[from] item: Leftovers
|upkeep
|turn|11
|
|t:|1643984621
|move|p1a: Dragapult|Shadow Ball|p2a: Clefable
|-damage|p2a: Clefable|33/100
|-damage|p1a: Dragapult|71/100|[from] item: Life Orb
|move|p2a: Clefable|Soft-Boiled|p2a: Clefable
|-heal|p2a: Clefable|83/100
|
|-heal|p2a: Clefable|90/100|[from] item: Leftovers
|upkeep
|turn|12
|
|t:|1643984628
|move|p1a: Dragapult|Shadow Ball|p2a: Clefable
|-damage|p2a: Clefable|53/100
|-damage|p1a: Dragapult|61/100|[from] item: Life Orb
|move|p2a: Clefable|Soft-Boiled|p2a: Clefable
|-heal|p2a: Clefable|100/100
|
|upkeep
|turn|13
|
|t:|1643984635
|move|p1a: Dragapult|Shadow Ball|p2a: Clefable
|-damage|p2a: Clefable|65/100
|-damage|p1a: Dragapult|52/100|[from] item: Life Orb
|move|p2a: Clefable|Moonblast|p1a: Dragapult
|-supereffective|p1a: Dragapult
|-damage|p1a: Dragapult|0 fnt
|faint|p1a: Dragapult
|
|-heal|p2a: Clefable|71/100|[from] item: Leftovers
|upkeep
|
|t:|1643984644
|switch|p1a: Bisharp|Bisharp, F|84/100
|turn|14
|
|t:|1643984648
|switch|p1a: Zapdos|Zapdos-Galar|63/100
|switch|p2a: Buzzwole|Buzzwole|100/100
|-damage|p2a: Buzzwole|84/100|[from] Spikes
|-damage|p2a: Buzzwole|71/100|[from] Stealth Rock
|
|upkeep
|turn|15
|
|t:|1643984657
|switch|p2a: Tornadus|Tornadus-Therian, M|100/100
|move|p1a: Zapdos|U-turn|p2a: Tornadus
|-resisted|p2a: Tornadus
|-damage|p2a: Tornadus|87/100
|
|t:|1643984671
|switch|p1a: Garchomp|Garchomp, F|100/100|[from]move: U-turn
|
|upkeep
|turn|16
|
|t:|1643984678
|move|p2a: Tornadus|Defog|p1a: Garchomp
|-unboost|p1a: Garchomp|evasion|1
|-sideend|p2: UnstoppableUg|Spikes|[from] move: Defog|[of] p2a: Tornadus
|-sideend|p2: UnstoppableUg|Stealth Rock|[from] move: Defog|[of] p2a: Tornadus
|move|p1a: Garchomp|Swords Dance|p1a: Garchomp
|-boost|p1a: Garchomp|atk|2
|
|upkeep
|turn|17
|
|t:|1643984686
|switch|p2a: Clefable|Clefable, F|71/100
|move|p1a: Garchomp|Scale Shot|p2a: Clefable
|-immune|p2a: Clefable
|
|-heal|p2a: Clefable|77/100|[from] item: Leftovers
|upkeep
|turn|18
|
|t:|1643984698
|switch|p2a: Tornadus|Tornadus-Therian, M|100/100
|move|p1a: Garchomp|Earthquake|p2a: Tornadus
|-immune|p2a: Tornadus
|
|upkeep
|turn|19
|
|t:|1643984705
|move|p2a: Tornadus|Hurricane|p1a: Garchomp
|-damage|p1a: Garchomp|53/100
|move|p1a: Garchomp|Scale Shot|p2a: Tornadus
|-damage|p2a: Tornadus|73/100
|-damage|p2a: Tornadus|45/100
|-hitcount|p2a: Tornadus|2
|-unboost|p1a: Garchomp|def|1
|-boost|p1a: Garchomp|spe|1
|
|-heal|p1a: Garchomp|60/100|[from] item: Leftovers
|upkeep
|turn|20
|
|t:|1643984716
|switch|p2a: Clefable|Clefable, F|77/100
|move|p1a: Garchomp|Scale Shot|p2a: Clefable
|-immune|p2a: Clefable
|
|-heal|p1a: Garchomp|66/100|[from] item: Leftovers
|-heal|p2a: Clefable|83/100|[from] item: Leftovers
|upkeep
|turn|21
|
|t:|1643984723
|move|p1a: Garchomp|Earthquake|p2a: Clefable
|-damage|p2a: Clefable|0 fnt
|faint|p2a: Clefable
|
|-heal|p1a: Garchomp|72/100|[from] item: Leftovers
|upkeep
|
|t:|1643984726
|switch|p2a: Buzzwole|Buzzwole|71/100
|turn|22
|
|t:|1643984732
|move|p1a: Garchomp|Fire Fang|p2a: Buzzwole
|-supereffective|p2a: Buzzwole
|-damage|p2a: Buzzwole|24/100
|-damage|p1a: Garchomp|55/100|[from] item: Rocky Helmet|[of] p2a: Buzzwole
|move|p2a: Buzzwole|Ice Punch|p1a: Garchomp
|-supereffective|p1a: Garchomp
|-damage|p1a: Garchomp|0 fnt
|-damage|p2a: Buzzwole|11/100|[from] ability: Rough Skin|[of] p1a: Garchomp
|faint|p1a: Garchomp
|-ability|p2a: Buzzwole|Beast Boost|boost
|-boost|p2a: Buzzwole|def|1
|
|upkeep
|
|t:|1643984744
|switch|p1a: Zapdos|Zapdos-Galar|63/100
|turn|23
|
|t:|1643984747
|switch|p2a: Slowbro|Slowbro, M|100/100
|move|p1a: Zapdos|Brave Bird|p2a: Slowbro
|-damage|p2a: Slowbro|59/100
|-damage|p1a: Zapdos|46/100|[from] Recoil
|
|-heal|p2a: Slowbro|65/100|[from] item: Leftovers
|upkeep
|turn|24
|
|t:|1643984755
|move|p1a: Zapdos|Thunderous Kick|p2a: Slowbro
|-resisted|p2a: Slowbro
|-damage|p2a: Slowbro|49/100
|-unboost|p2a: Slowbro|def|1
|move|p2a: Slowbro|Scald|p1a: Zapdos
|-damage|p1a: Zapdos|15/100
|-status|p1a: Zapdos|brn
|
|-heal|p2a: Slowbro|55/100|[from] item: Leftovers
|-damage|p1a: Zapdos|9/100 brn|[from] brn
|upkeep
|turn|25
|
|t:|1643984766
|switch|p2a: Tornadus|Tornadus-Therian, M|78/100
|move|p1a: Zapdos|Brave Bird|p2a: Tornadus
|-damage|p2a: Tornadus|44/100
|-damage|p1a: Zapdos|0 fnt|[from] Recoil
|faint|p1a: Zapdos
|
|upkeep
|
|t:|1643984779
|switch|p1a: Rillaboom|Rillaboom, M|100/100
|-fieldstart|move: Grassy Terrain|[from] ability: Grassy Surge|[of] p1a: Rillaboom
|turn|26
|
|t:|1643984783
|move|p2a: Tornadus|U-turn|p1a: Rillaboom
|-supereffective|p1a: Rillaboom
|-damage|p1a: Rillaboom|72/100
|
|t:|1643984785
|switch|p2a: Kartana|Kartana|100/100|[from]move: U-turn
|move|p1a: Rillaboom|Swords Dance|p1a: Rillaboom
|-boost|p1a: Rillaboom|atk|2
|
|-heal|p1a: Rillaboom|78/100|[from] Grassy Terrain
|upkeep
|turn|27
|
|t:|1643984799
|move|p2a: Kartana|Smart Strike|p1a: Rillaboom
|-damage|p1a: Rillaboom|0 fnt
|faint|p1a: Rillaboom
|-ability|p2a: Kartana|Beast Boost|boost
|-boost|p2a: Kartana|atk|1
|
|upkeep
|
|t:|1643984805
|switch|p1a: Bisharp|Bisharp, F|84/100
|turn|28
|
|t:|1643984809
|move|p2a: Kartana|Smart Strike|p1a: Bisharp
|-resisted|p1a: Bisharp
|-damage|p1a: Bisharp|13/100
|move|p1a: Bisharp|Swords Dance|p1a: Bisharp
|-boost|p1a: Bisharp|atk|2
|
|-heal|p1a: Bisharp|19/100|[from] Grassy Terrain
|upkeep
|turn|29
|
|t:|1643984817
|switch|p2a: Buzzwole|Buzzwole|11/100
|move|p1a: Bisharp|Sucker Punch||[still]
|-fail|p1a: Bisharp
|
|-heal|p2a: Buzzwole|17/100|[from] Grassy Terrain
|-heal|p1a: Bisharp|25/100|[from] Grassy Terrain
|upkeep
|turn|30
|
|t:|1643984824
|move|p2a: Buzzwole|Roost|p2a: Buzzwole
|-heal|p2a: Buzzwole|67/100
|-singleturn|p2a: Buzzwole|move: Roost
|move|p1a: Bisharp|Knock Off|p2a: Buzzwole
|-resisted|p2a: Buzzwole
|-damage|p2a: Buzzwole|33/100
|-damage|p1a: Bisharp|8/100|[from] item: Rocky Helmet|[of] p2a: Buzzwole
|-enditem|p2a: Buzzwole|Rocky Helmet|[from] move: Knock Off|[of] p1a: Bisharp
|
|-heal|p2a: Buzzwole|39/100|[from] Grassy Terrain
|-heal|p1a: Bisharp|14/100|[from] Grassy Terrain
|-fieldend|move: Grassy Terrain
|upkeep
|turn|31
|
|t:|1643984838
|move|p1a: Bisharp|Sucker Punch||[still]
|-fail|p1a: Bisharp
|move|p2a: Buzzwole|Roost|p2a: Buzzwole
|-heal|p2a: Buzzwole|89/100
|-singleturn|p2a: Buzzwole|move: Roost
|
|upkeep
|turn|32
|
|t:|1643984843
|move|p2a: Buzzwole|Drain Punch|p1a: Bisharp
|-supereffective|p1a: Bisharp
|-damage|p1a: Bisharp|0 fnt
|-heal|p2a: Buzzwole|94/100|[from] drain|[of] p1a: Bisharp
|faint|p1a: Bisharp
|
|win|UnstoppableUg
|raw|Makuryu's rating: 1699 &rarr; <strong>1680</strong><br />(-19 for losing)
|raw|UnstoppableUg's rating: 1708 &rarr; <strong>1727</strong><br />(+19 for winning)
|l|☆Makuryu
|c|☆UnstoppableUg|Gg
||Ladder isn't responding, score probably updated but might not have (Request timeout).
