|j|☆Zemmour & Rick
|j|☆bizarman
|t:|1664904238
|gametype|singles
|player|p1|Zemmour & Rick|backers|1757
|player|p2|bizarman|scientist-gen4|1728
|teamsize|p1|6
|teamsize|p2|6
|gen|8
|tier|[Gen 8] OU
|rated|
|rule|Sleep Clause Mod: Limit one foe put to sleep
|rule|Species Clause: Limit one of each Pokémon
|rule|OHKO Clause: OHKO moves are banned
|rule|Evasion Items Clause: Evasion items are banned
|rule|Evasion Moves Clause: Evasion moves are banned
|rule|Endless Battle Clause: Forcing endless battles is banned
|rule|HP Percentage Mod: HP is shown in percentages
|rule|Dynamax Clause: You cannot dynamax
|clearpoke
|poke|p1|Hatterene, F|
|poke|p1|Cresselia, F|
|poke|p1|Porygon2|
|poke|p1|Torkoal, F|
|poke|p1|Marowak-Alola, M|
|poke|p1|Melmetal|
|poke|p2|Dragonite, F|
|poke|p2|Corviknight, F|
|poke|p2|Landorus-Therian, M|
|poke|p2|Tapu Lele|
|poke|p2|Rotom-Wash|
|poke|p2|Melmetal|
|teampreview
|inactive|Battle timer is ON: inactive players will automatically lose when time's up. (requested by bizarman)
|
|t:|1664904259
|start
|switch|p1a: Torkoal|Torkoal, F|100/100
|switch|p2a: Melmetal|Melmetal|100/100
|-weather|SunnyDay|[from] ability: Drought|[of] p1a: Torkoal
|turn|1
|
|t:|1664904271
|switch|p2a: Dragonite|Dragonite, F|100/100
|switch|p1a: Cresselia|Cresselia, F|100/100
|
|-weather|SunnyDay|[upkeep]
|upkeep
|turn|2
|
|t:|1664904280
|switch|p2a: Melmetal|Melmetal|100/100
|move|p1a: Cresselia|Ice Beam|p2a: Melmetal
|-resisted|p2a: Melmetal
|-damage|p2a: Melmetal|92/100
|
|-weather|SunnyDay|[upkeep]
|upkeep
|turn|3
|
|t:|1664904286
|move|p2a: Melmetal|Double Iron Bash|p1a: Cresselia
|-damage|p1a: Cresselia|77/100
|-damage|p1a: Cresselia|53/100
|-hitcount|p1a: Cresselia|2
|cant|p1a: Cresselia|flinch
|
|-weather|SunnyDay|[upkeep]
|upkeep
|turn|4
|j| l1ch_n3kr0
|
|t:|1664904300
|move|p2a: Melmetal|Double Iron Bash|p1a: Cresselia
|-damage|p1a: Cresselia|30/100
|-damage|p1a: Cresselia|7/100
|-hitcount|p1a: Cresselia|2
|cant|p1a: Cresselia|flinch
|
|-weather|SunnyDay|[upkeep]
|upkeep
|turn|5
|j| Skgkkemdkd
|
|t:|1664904312
|move|p1a: Cresselia|Moonlight|p1a: Cresselia
|-heal|p1a: Cresselia|74/100
|move|p2a: Melmetal|Double Iron Bash|p1a: Cresselia
|-damage|p1a: Cresselia|51/100
|-damage|p1a: Cresselia|30/100
|-hitcount|p1a: Cresselia|2
|
|-weather|none
|upkeep
|turn|6
|
|t:|1664904320
|move|p1a: Cresselia|Moonlight|p1a: Cresselia
|-heal|p1a: Cresselia|80/100
|move|p2a: Melmetal|Double Iron Bash|p1a: Cresselia
|-damage|p1a: Cresselia|57/100
|-crit|p1a: Cresselia
|-damage|p1a: Cresselia|23/100
|-hitcount|p1a: Cresselia|2
|
|upkeep
|turn|7
|
|t:|1664904327
|move|p1a: Cresselia|Moonlight|p1a: Cresselia
|-heal|p1a: Cresselia|73/100
|move|p2a: Melmetal|Double Iron Bash|p1a: Cresselia
|-damage|p1a: Cresselia|52/100
|-damage|p1a: Cresselia|30/100
|-hitcount|p1a: Cresselia|2
|
|upkeep
|turn|8
|l| Skgkkemdkd
|
|t:|1664904340
|move|p1a: Cresselia|Moonlight|p1a: Cresselia
|-heal|p1a: Cresselia|80/100
|move|p2a: Melmetal|Double Iron Bash|p1a: Cresselia
|-damage|p1a: Cresselia|58/100
|-damage|p1a: Cresselia|33/100
|-hitcount|p1a: Cresselia|2
|
|upkeep
|turn|9
|j| Exodic
|j| Finnus
|
|t:|1664904347
|move|p1a: Cresselia|Moonlight|p1a: Cresselia
|-heal|p1a: Cresselia|83/100
|move|p2a: Melmetal|Thunder Wave|p1a: Cresselia|[miss]
|-miss|p2a: Melmetal|p1a: Cresselia
|
|upkeep
|turn|10
|
|t:|1664904354
|move|p2a: Melmetal|Thunder Punch|p1a: Cresselia
|-damage|p1a: Cresselia|65/100
|move|p1a: Cresselia|Trick Room|p1a: Cresselia
|-fieldstart|move: Trick Room|[of] p1a: Cresselia
|
|upkeep
|turn|11
|
|t:|1664904358
|switch|p1a: Melmetal|Melmetal|100/100
|move|p2a: Melmetal|Double Iron Bash|p1a: Melmetal
|-resisted|p1a: Melmetal
|-damage|p1a: Melmetal|89/100
|-resisted|p1a: Melmetal
|-damage|p1a: Melmetal|77/100
|-hitcount|p1a: Melmetal|2
|
|upkeep
|turn|12
|
|t:|1664904365
|switch|p2a: Corviknight|Corviknight, F|100/100
|-ability|p2a: Corviknight|Pressure
|move|p1a: Melmetal|Double Iron Bash|p2a: Corviknight
|-resisted|p2a: Corviknight
|-crit|p2a: Corviknight
|-damage|p2a: Corviknight|71/100
|-damage|p1a: Melmetal|61/100|[from] item: Rocky Helmet|[of] p2a: Corviknight
|-resisted|p2a: Corviknight
|-damage|p2a: Corviknight|50/100
|-damage|p1a: Melmetal|44/100|[from] item: Rocky Helmet|[of] p2a: Corviknight
|-hitcount|p2a: Corviknight|2
|
|upkeep
|turn|13
|
|t:|1664904379
|switch|p1a: Marowak|Marowak-Alola, M|100/100
|switch|p2a: Landorus|Landorus-Therian, M|100/100
|-ability|p2a: Landorus|Intimidate|boost
|-unboost|p1a: Marowak|atk|1
|
|upkeep
|turn|14
|
|t:|1664904388
|switch|p1a: Hatterene|Hatterene, F|100/100
|move|p2a: Landorus|Earthquake|p1a: Hatterene
|-damage|p1a: Hatterene|50/100
|
|-fieldend|move: Trick Room
|upkeep
|turn|15
|
|t:|1664904393
|switch|p1a: Cresselia|Cresselia, F|65/100
|move|p2a: Landorus|Earthquake|p1a: Cresselia
|-immune|p1a: Cresselia|[from] ability: Levitate
|
|upkeep
|turn|16
|l| Finnus
|
|t:|1664904399
|switch|p1a: Hatterene|Hatterene, F|50/100
|move|p2a: Landorus|Stealth Rock|p1a: Hatterene
|move|p1a: Hatterene|Stealth Rock|p2a: Landorus|[from]ability: Magic Bounce
|-sidestart|p2: bizarman|move: Stealth Rock
|
|upkeep
|turn|17
|
|t:|1664904406
|switch|p1a: Cresselia|Cresselia, F|65/100
|move|p2a: Landorus|Knock Off|p1a: Cresselia
|-supereffective|p1a: Cresselia
|-damage|p1a: Cresselia|36/100
|-enditem|p1a: Cresselia|Mental Herb|[from] move: Knock Off|[of] p2a: Landorus
|
|upkeep
|turn|18
|l| Exodic
|
|t:|1664904414
|move|p2a: Landorus|Stealth Rock|p1a: Cresselia
|-sidestart|p1: Zemmour & Rick|move: Stealth Rock
|move|p1a: Cresselia|Moonlight|p1a: Cresselia
|-heal|p1a: Cresselia|86/100
|
|upkeep
|turn|19
|
|t:|1664904419
|move|p2a: Landorus|U-turn|p1a: Cresselia
|-supereffective|p1a: Cresselia
|-damage|p1a: Cresselia|64/100
|inactive|bizarman has 120 seconds left.
|j| Congwuyu
|
|t:|1664904451
|switch|p2a: Tapu Lele|Tapu Lele|100/100|[from]move: U-turn
|-damage|p2a: Tapu Lele|88/100|[from] Stealth Rock
|-fieldstart|move: Psychic Terrain|[from] ability: Psychic Surge|[of] p2a: Tapu Lele
|move|p1a: Cresselia|Trick Room|p1a: Cresselia
|-fieldstart|move: Trick Room|[of] p1a: Cresselia
|
|upkeep
|turn|20
|j| Jimmy Powka
|inactive|bizarman has 120 seconds left.
|
|t:|1664904476
|move|p1a: Cresselia|Lunar Dance|p1a: Cresselia
|faint|p1a: Cresselia
|move|p2a: Tapu Lele|Moonblast|p1: Cresselia|[notarget]
|-fail|p2a: Tapu Lele
|
|upkeep
|
|t:|1664904481
|switch|p1a: Marowak|Marowak-Alola, M|100/100
|-damage|p1a: Marowak|76/100|[from] Stealth Rock
|turn|21
|inactive|bizarman has 120 seconds left.
|
|t:|1664904496
|move|p1a: Marowak|Swords Dance|p1a: Marowak
|-boost|p1a: Marowak|atk|2
|move|p2a: Tapu Lele|Moonblast|p1a: Marowak
|-resisted|p1a: Marowak
|-damage|p1a: Marowak|45/100
|-unboost|p1a: Marowak|spa|1
|
|upkeep
|turn|22
|
|t:|1664904504
|move|p1a: Marowak|Flare Blitz|p2a: Tapu Lele
|-damage|p2a: Tapu Lele|0 fnt
|faint|p2a: Tapu Lele
|
|upkeep
|
|t:|1664904509
|switch|p2a: Landorus|Landorus-Therian, M|100/100
|-damage|p2a: Landorus|88/100|[from] Stealth Rock
|-ability|p2a: Landorus|Intimidate|boost
|-unboost|p1a: Marowak|atk|1
|turn|23
|
|t:|1664904514
|move|p1a: Marowak|Poltergeist|p2a: Landorus
|-activate|p2a: Landorus|move: Poltergeist|Leftovers
|-damage|p2a: Landorus|0 fnt
|faint|p2a: Landorus
|
|-fieldend|move: Trick Room
|-fieldend|move: Psychic Terrain
|upkeep
|
|t:|1664904524
|switch|p2a: Melmetal|Melmetal|92/100
|-damage|p2a: Melmetal|86/100|[from] Stealth Rock
|turn|24
|
|t:|1664904532
|move|p2a: Melmetal|Double Iron Bash|p1a: Marowak
|-resisted|p1a: Marowak
|-damage|p1a: Marowak|23/100
|-resisted|p1a: Marowak
|-damage|p1a: Marowak|2/100
|-hitcount|p1a: Marowak|2
|cant|p1a: Marowak|flinch
|
|upkeep
|turn|25
|c| l1ch_n3kr0|oh noo
|
|t:|1664904555
|move|p2a: Melmetal|Thunder Punch|p1a: Marowak
|-damage|p1a: Marowak|0 fnt
|faint|p1a: Marowak
|
|upkeep
|
|t:|1664904568
|switch|p1a: Melmetal|Melmetal|44/100
|-heal|p1a: Melmetal|100/100|[from] move: Lunar Dance
|-damage|p1a: Melmetal|94/100|[from] Stealth Rock
|turn|26
|c| l1ch_n3kr0|that was sad
|
|t:|1664904574
|switch|p2a: Rotom|Rotom-Wash|100/100
|-damage|p2a: Rotom|88/100|[from] Stealth Rock
|move|p1a: Melmetal|Thunder Punch|p2a: Rotom
|-crit|p2a: Rotom
|-damage|p2a: Rotom|23/100
|
|-heal|p2a: Rotom|29/100|[from] item: Leftovers
|upkeep
|turn|27
|
|t:|1664904586
|move|p2a: Rotom|Pain Split|p1a: Melmetal
|-sethp|p1a: Melmetal|57/100|[from] move: Pain Split|[silent]
|-sethp|p2a: Rotom|88/100|[from] move: Pain Split
|move|p1a: Melmetal|Thunder Punch|p2a: Rotom
|-damage|p2a: Rotom|43/100
|
|-heal|p2a: Rotom|49/100|[from] item: Leftovers
|upkeep
|turn|28
|
|t:|1664904594
|switch|p1a: Porygon2|Porygon2|100/100
|-damage|p1a: Porygon2|88/100|[from] Stealth Rock
|-ability|p1a: Porygon2|Levitate|[from] ability: Trace|[of] p2a: Rotom
|move|p2a: Rotom|Hydro Pump|p1a: Porygon2|[miss]
|-miss|p2a: Rotom|p1a: Porygon2
|
|-heal|p2a: Rotom|55/100|[from] item: Leftovers
|upkeep
|turn|29
|
|t:|1664904604
|move|p2a: Rotom|Pain Split|p1a: Porygon2
|-sethp|p1a: Porygon2|66/100|[from] move: Pain Split|[silent]
|-sethp|p2a: Rotom|81/100|[from] move: Pain Split
|move|p1a: Porygon2|Trick Room|p1a: Porygon2
|-fieldstart|move: Trick Room|[of] p1a: Porygon2
|
|-heal|p2a: Rotom|88/100|[from] item: Leftovers
|upkeep
|turn|30
|
|t:|1664904616
|move|p2a: Rotom|Volt Switch|p1a: Porygon2
|-damage|p1a: Porygon2|54/100
|
|t:|1664904619
|switch|p2a: Corviknight|Corviknight, F|50/100|[from]move: Volt Switch
|-damage|p2a: Corviknight|38/100|[from] Stealth Rock
|-ability|p2a: Corviknight|Pressure
|move|p1a: Porygon2|Teleport|p1a: Porygon2
|
|t:|1664904642
|switch|p1a: Hatterene|Hatterene, F|50/100|[from]move: Teleport
|-damage|p1a: Hatterene|38/100|[from] Stealth Rock
|
|upkeep
|turn|31
|l| l1ch_n3kr0
|
|t:|1664904666
|switch|p2a: Rotom|Rotom-Wash|88/100
|-damage|p2a: Rotom|75/100|[from] Stealth Rock
|move|p1a: Hatterene|Psychic|p2a: Rotom
|-damage|p2a: Rotom|22/100
|
|-heal|p2a: Rotom|28/100|[from] item: Leftovers
|upkeep
|turn|32
|
|t:|1664904675
|switch|p2a: Melmetal|Melmetal|86/100
|-damage|p2a: Melmetal|80/100|[from] Stealth Rock
|move|p1a: Hatterene|Psychic|p2a: Melmetal
|-resisted|p2a: Melmetal
|-damage|p2a: Melmetal|53/100
|
|upkeep
|turn|33
|
|t:|1664904683
|move|p1a: Hatterene|Healing Wish|p1a: Hatterene
|faint|p1a: Hatterene
|move|p2a: Melmetal|Thunder Punch|p1: Hatterene|[notarget]
|-fail|p2a: Melmetal
|
|-fieldend|move: Trick Room
|upkeep
|
|t:|1664904689
|switch|p1a: Melmetal|Melmetal|57/100
|-heal|p1a: Melmetal|100/100|[from] move: Healing Wish
|-damage|p1a: Melmetal|94/100|[from] Stealth Rock
|turn|34
|j| idrctbh
|
|t:|1664904694
|move|p2a: Melmetal|Superpower|p1a: Melmetal
|-supereffective|p1a: Melmetal
|-damage|p1a: Melmetal|44/100
|-unboost|p2a: Melmetal|atk|1
|-unboost|p2a: Melmetal|def|1
|move|p1a: Melmetal|Earthquake|p2a: Melmetal
|-supereffective|p2a: Melmetal
|-damage|p2a: Melmetal|0 fnt
|faint|p2a: Melmetal
|
|upkeep
|
|t:|1664904702
|switch|p2a: Rotom|Rotom-Wash|28/100
|-damage|p2a: Rotom|16/100|[from] Stealth Rock
|turn|35
|
|t:|1664904724
|switch|p1a: Porygon2|Porygon2|54/100
|-damage|p1a: Porygon2|42/100|[from] Stealth Rock
|-ability|p1a: Porygon2|Levitate|[from] ability: Trace|[of] p2a: Rotom
|move|p2a: Rotom|Pain Split|p1a: Porygon2
|-sethp|p1a: Porygon2|27/100|[from] move: Pain Split|[silent]
|-sethp|p2a: Rotom|33/100|[from] move: Pain Split
|
|-heal|p2a: Rotom|40/100|[from] item: Leftovers
|upkeep
|turn|36
|
|t:|1664904735
|move|p2a: Rotom|Volt Switch|p1a: Porygon2
|-damage|p1a: Porygon2|17/100
|l| Jimmy Powka
|
|t:|1664904738
|switch|p2a: Corviknight|Corviknight, F|38/100|[from]move: Volt Switch
|-damage|p2a: Corviknight|26/100|[from] Stealth Rock
|-ability|p2a: Corviknight|Pressure
|move|p1a: Porygon2|Recover|p1a: Porygon2
|-heal|p1a: Porygon2|67/100
|
|upkeep
|turn|37
|
|t:|1664904746
|move|p2a: Corviknight|Roost|p2a: Corviknight
|-heal|p2a: Corviknight|76/100
|-singleturn|p2a: Corviknight|move: Roost
|move|p1a: Porygon2|Trick Room|p1a: Porygon2
|-fieldstart|move: Trick Room|[of] p1a: Porygon2
|
|upkeep
|turn|38
|
|t:|1664904766
|move|p2a: Corviknight|U-turn|p1a: Porygon2
|-damage|p1a: Porygon2|57/100
|
|t:|1664904775
|switch|p2a: Dragonite|Dragonite, F|100/100|[from]move: U-turn
|move|p1a: Porygon2|Teleport|p1a: Porygon2
|
|t:|1664904785
|switch|p1a: Melmetal|Melmetal|44/100|[from]move: Teleport
|-damage|p1a: Melmetal|38/100|[from] Stealth Rock
|
|upkeep
|turn|39
|
|t:|1664904801
|switch|p2a: Corviknight|Corviknight, F|76/100
|-damage|p2a: Corviknight|64/100|[from] Stealth Rock
|-ability|p2a: Corviknight|Pressure
|move|p1a: Melmetal|Thunder Punch|p2a: Corviknight
|-supereffective|p2a: Corviknight
|-damage|p2a: Corviknight|0 fnt
|-damage|p1a: Melmetal|21/100|[from] item: Rocky Helmet|[of] p2a: Corviknight
|faint|p2a: Corviknight
|
|upkeep
|
|t:|1664904811
|switch|p2a: Rotom|Rotom-Wash|40/100
|-damage|p2a: Rotom|27/100|[from] Stealth Rock
|turn|40
|
|t:|1664904814
|move|p1a: Melmetal|Thunder Punch|p2a: Rotom
|-damage|p2a: Rotom|0 fnt
|faint|p2a: Rotom
|
|upkeep
|c|☆bizarman|gg
|
|t:|1664904818
|switch|p2a: Dragonite|Dragonite, F|100/100
|turn|41
|
|t:|1664904824
|switch|p1a: Torkoal|Torkoal, F|100/100
|-damage|p1a: Torkoal|76/100|[from] Stealth Rock
|-weather|SunnyDay|[from] ability: Drought|[of] p1a: Torkoal
|move|p2a: Dragonite|Earthquake|p1a: Torkoal
|-supereffective|p1a: Torkoal
|-damage|p1a: Torkoal|27/100
|
|-weather|SunnyDay|[upkeep]
|-fieldend|move: Trick Room
|upkeep
|turn|42
|inactive|Zemmour & Rick has 120 seconds left.
|inactive|Zemmour & Rick has 90 seconds left.
|
|t:|1664904912
|switch|p1a: Porygon2|Porygon2|57/100
|-damage|p1a: Porygon2|44/100|[from] Stealth Rock
|-ability|p1a: Porygon2|Multiscale|[from] ability: Trace|[of] p2a: Dragonite
|move|p2a: Dragonite|Dragon Dance|p2a: Dragonite
|-boost|p2a: Dragonite|atk|1
|-boost|p2a: Dragonite|spe|1
|
|-weather|SunnyDay|[upkeep]
|upkeep
|turn|43
|
|t:|1664904921
|move|p2a: Dragonite|Earthquake|p1a: Porygon2
|-damage|p1a: Porygon2|13/100
|move|p1a: Porygon2|Trick Room|p1a: Porygon2
|-fieldstart|move: Trick Room|[of] p1a: Porygon2
|
|-weather|SunnyDay|[upkeep]
|upkeep
|turn|44
|
|t:|1664904929
|move|p1a: Porygon2|Ice Beam|p2a: Dragonite
|-supereffective|p2a: Dragonite
|-damage|p2a: Dragonite|65/100
|move|p2a: Dragonite|Earthquake|p1a: Porygon2
|-damage|p1a: Porygon2|0 fnt
|faint|p1a: Porygon2
|
|-weather|SunnyDay|[upkeep]
|upkeep
|c|☆Zemmour & Rick|gg
|
|t:|1664904933
|switch|p1a: Melmetal|Melmetal|21/100
|-damage|p1a: Melmetal|15/100|[from] Stealth Rock
|turn|45
|
|t:|1664904938
|move|p1a: Melmetal|Double Iron Bash|p2a: Dragonite
|-damage|p2a: Dragonite|11/100
|-damage|p2a: Dragonite|0 fnt
|faint|p2a: Dragonite
|-hitcount|p2: Dragonite|2
|
|win|Zemmour & Rick
|raw|Zemmour &amp; Rick's rating: 1757 &rarr; <strong>1775</strong><br />(+18 for winning)
|raw|bizarman's rating: 1728 &rarr; <strong>1710</strong><br />(-18 for losing)
|l|☆bizarman
|l| Congwuyu
||Ladder isn't responding, score probably updated but might not have (Request timeout).
