|j|☆bizarman
|j|☆dovesoap2
|t:|1662751873
|gametype|singles
|player|p1|bizarman|scientist-gen4|1774
|player|p2|dovesoap2|archer|1765
|teamsize|p1|6
|teamsize|p2|6
|gen|8
|tier|[Gen 8] OU
|rated|
|rule|Sleep Clause Mod: Limit one foe put to sleep
|rule|Species Clause: Limit one of each Pokémon
|rule|OHKO Clause: OHKO moves are banned
|rule|Evasion Items Clause: Evasion items are banned
|rule|Evasion Moves Clause: Evasion moves are banned
|rule|Endless Battle Clause: Forcing endless battles is banned
|rule|HP Percentage Mod: HP is shown in percentages
|rule|Dynamax Clause: You cannot dynamax
|clearpoke
|poke|p1|Tyranitar, M|
|poke|p1|Kartana|
|poke|p1|Corviknight, M|
|poke|p1|Clefable, F|
|poke|p1|Landorus-Therian, M|
|poke|p1|Rotom-Wash|
|poke|p2|Landorus-Therian, M|
|poke|p2|Clefable, M|
|poke|p2|Tornadus-Therian, M|
|poke|p2|Melmetal|
|poke|p2|Toxapex, M|
|poke|p2|Garchomp, F|
|teampreview
|inactive|Battle timer is ON: inactive players will automatically lose when time's up. (requested by bizarman)
|
|t:|1662751887
|start
|switch|p1a: Landorus|Landorus-Therian, M|100/100
|switch|p2a: Toxapex|Toxapex, M, shiny|100/100
|-ability|p1a: Landorus|Intimidate|boost
|-unboost|p2a: Toxapex|atk|1
|turn|1
|
|t:|1662751893
|move|p1a: Landorus|Earthquake|p2a: Toxapex
|-supereffective|p2a: Toxapex
|-damage|p2a: Toxapex|45/100
|move|p2a: Toxapex|Toxic Spikes|p1a: Landorus
|-sidestart|p1: bizarman|move: Toxic Spikes
|
|-heal|p2a: Toxapex|51/100|[from] item: Black Sludge
|upkeep
|turn|2
|
|t:|1662751901
|move|p1a: Landorus|Stealth Rock|p2a: Toxapex
|-sidestart|p2: dovesoap2|move: Stealth Rock
|move|p2a: Toxapex|Scald|p1a: Landorus
|-supereffective|p1a: Landorus
|-damage|p1a: Landorus|73/100
|
|-heal|p1a: Landorus|79/100|[from] item: Leftovers
|-heal|p2a: Toxapex|57/100|[from] item: Black Sludge
|upkeep
|turn|3
|
|t:|1662751910
|move|p1a: Landorus|Earthquake|p2a: Toxapex
|-supereffective|p2a: Toxapex
|-crit|p2a: Toxapex
|-damage|p2a: Toxapex|0 fnt
|faint|p2a: Toxapex
|
|-heal|p1a: Landorus|85/100|[from] item: Leftovers
|upkeep
|
|t:|1662751913
|switch|p2a: Tornadus|Tornadus-Therian, M|100/100
|turn|4
|
|t:|1662751917
|move|p2a: Tornadus|Nasty Plot|p2a: Tornadus
|-boost|p2a: Tornadus|spa|2
|move|p1a: Landorus|Toxic|p2a: Tornadus
|-status|p2a: Tornadus|tox
|
|-heal|p1a: Landorus|91/100|[from] item: Leftovers
|-damage|p2a: Tornadus|94/100 tox|[from] psn
|upkeep
|turn|5
|j| ggnhax
|
|t:|1662751925
|switch|p1a: Rotom|Rotom-Wash|100/100
|move|p2a: Tornadus|Hurricane|p1a: Rotom|[miss]
|-miss|p2a: Tornadus|p1a: Rotom
|
|-damage|p2a: Tornadus|82/100 tox|[from] psn
|upkeep
|turn|6
|l|☆dovesoap2
|inactive|dovesoap2 disconnected and has a minute to reconnect!
|player|p2|
|inactive|dovesoap2 has 30 seconds to reconnect!
|inactive|dovesoap2 has 20 seconds to reconnect!
|j|☆dovesoap2
|inactive|dovesoap2 reconnected and has 100 seconds left.
|player|p2|dovesoap2|archer
|
|t:|1662751980
|switch|p2a: Garchomp|Garchomp, F|100/100
|-damage|p2a: Garchomp|94/100|[from] Stealth Rock
|move|p1a: Rotom|Volt Switch|p2a: Garchomp
|-immune|p2a: Garchomp
|
|-heal|p2a: Garchomp|100/100|[from] item: Leftovers
|upkeep
|turn|7
|j| tytyui↻
|
|t:|1662751989
|switch|p1a: Corviknight|Corviknight, M|100/100
|-ability|p1a: Corviknight|Pressure
|move|p2a: Garchomp|Swords Dance|p2a: Garchomp
|-boost|p2a: Garchomp|atk|2
|
|upkeep
|turn|8
|
|t:|1662751996
|move|p2a: Garchomp|Swords Dance|p2a: Garchomp
|-boost|p2a: Garchomp|atk|2
|move|p1a: Corviknight|Defog|p2a: Garchomp
|-unboost|p2a: Garchomp|evasion|1
|-sideend|p2: dovesoap2|Stealth Rock|[from] move: Defog|[of] p1a: Corviknight
|-sideend|p1: bizarman|Toxic Spikes|[from] move: Defog|[of] p1a: Corviknight
|
|upkeep
|turn|9
|
|t:|1662752004
|move|p2a: Garchomp|Swords Dance|p2a: Garchomp
|-boost|p2a: Garchomp|atk|2
|move|p1a: Corviknight|Brave Bird|p2a: Garchomp
|-damage|p2a: Garchomp|67/100
|-damage|p1a: Corviknight|88/100|[from] ability: Rough Skin|[of] p2a: Garchomp
|-damage|p1a: Corviknight|76/100|[from] Recoil
|
|-heal|p2a: Garchomp|73/100|[from] item: Leftovers
|upkeep
|turn|10
|j| emo705
|
|t:|1662752014
|move|p2a: Garchomp|Scale Shot|p1a: Corviknight
|-resisted|p1a: Corviknight
|-crit|p1a: Corviknight
|-damage|p1a: Corviknight|56/100
|-resisted|p1a: Corviknight
|-damage|p1a: Corviknight|43/100
|-hitcount|p1a: Corviknight|2
|-unboost|p2a: Garchomp|def|1
|-boost|p2a: Garchomp|spe|1
|move|p1a: Corviknight|Brave Bird|p2a: Garchomp
|-damage|p2a: Garchomp|28/100
|-damage|p1a: Corviknight|31/100|[from] ability: Rough Skin|[of] p2a: Garchomp
|-damage|p1a: Corviknight|15/100|[from] Recoil
|
|-heal|p2a: Garchomp|34/100|[from] item: Leftovers
|upkeep
|turn|11
|l|☆dovesoap2
|inactive|dovesoap2 disconnected and has a minute to reconnect!
|player|p2|
|j|☆dovesoap2
|inactive|dovesoap2 reconnected and has 125 seconds left.
|player|p2|dovesoap2|archer
|inactive|dovesoap2 has 120 seconds left.
|
|t:|1662752046
|switch|p1a: Clefable|Clefable, F|100/100
|move|p2a: Garchomp|Scale Shot|p1a: Clefable
|-immune|p1a: Clefable
|
|-heal|p2a: Garchomp|40/100|[from] item: Leftovers
|upkeep
|turn|12
|inactive|bizarman has 120 seconds left.
|
|t:|1662752076
|switch|p1a: Tyranitar|Tyranitar, M|100/100
|-weather|Sandstorm|[from] ability: Sand Stream|[of] p1a: Tyranitar
|move|p2a: Garchomp|Poison Jab|p1a: Tyranitar
|-resisted|p1a: Tyranitar
|-damage|p1a: Tyranitar|59/100
|
|-weather|Sandstorm|[upkeep]
|-heal|p2a: Garchomp|46/100|[from] item: Leftovers
|upkeep
|turn|13
|inactive|bizarman has 120 seconds left.
|
|t:|1662752085
|switch|p1a: Clefable|Clefable, F|100/100
|move|p2a: Garchomp|Earthquake|p1a: Clefable
|-damage|p1a: Clefable|0 fnt
|faint|p1a: Clefable
|
|-weather|Sandstorm|[upkeep]
|-heal|p2a: Garchomp|52/100|[from] item: Leftovers
|upkeep
|inactive|bizarman has 120 seconds left.
|
|t:|1662752094
|switch|p1a: Kartana|Kartana|100/100
|turn|14
|
|t:|1662752099
|move|p1a: Kartana|Leaf Blade|p2a: Garchomp
|-damage|p2a: Garchomp|0 fnt
|-damage|p1a: Kartana|88/100|[from] ability: Rough Skin|[of] p2a: Garchomp
|faint|p2a: Garchomp
|-ability|p1a: Kartana|Beast Boost|boost
|-boost|p1a: Kartana|atk|1
|
|-weather|Sandstorm|[upkeep]
|upkeep
|
|t:|1662752103
|switch|p2a: Tornadus|Tornadus-Therian, M|100/100 tox
|turn|15
|
|t:|1662752109
|switch|p1a: Rotom|Rotom-Wash|100/100
|move|p2a: Tornadus|Focus Blast|p1a: Rotom|[miss]
|-miss|p2a: Tornadus|p1a: Rotom
|
|-weather|Sandstorm|[upkeep]
|-damage|p2a: Tornadus|94/100 tox|[from] Sandstorm
|-damage|p1a: Rotom|94/100|[from] Sandstorm
|-heal|p1a: Rotom|100/100|[from] item: Leftovers
|-damage|p2a: Tornadus|88/100 tox|[from] psn
|upkeep
|turn|16
|
|t:|1662752119
|switch|p2a: Landorus|Landorus-Therian, M|100/100
|-ability|p2a: Landorus|Intimidate|boost
|-unboost|p1a: Rotom|atk|1
|move|p1a: Rotom|Volt Switch|p2a: Landorus
|-immune|p2a: Landorus
|
|-weather|none
|upkeep
|turn|17
|
|t:|1662752127
|move|p2a: Landorus|Knock Off|p1a: Rotom
|-damage|p1a: Rotom|77/100
|-enditem|p1a: Rotom|Leftovers|[from] move: Knock Off|[of] p2a: Landorus
|move|p1a: Rotom|Hydro Pump|p2a: Landorus
|-supereffective|p2a: Landorus
|-damage|p2a: Landorus|22/100
|
|-heal|p2a: Landorus|28/100|[from] item: Leftovers
|upkeep
|turn|18
|
|t:|1662752135
|move|p2a: Landorus|Rock Tomb|p1a: Rotom
|-damage|p1a: Rotom|61/100
|-unboost|p1a: Rotom|spe|1
|move|p1a: Rotom|Hydro Pump|p2a: Landorus|[miss]
|-miss|p1a: Rotom|p2a: Landorus
|
|-heal|p2a: Landorus|34/100|[from] item: Leftovers
|upkeep
|turn|19
|
|t:|1662752143
|move|p2a: Landorus|U-turn|p1a: Rotom
|-damage|p1a: Rotom|44/100
|
|t:|1662752145
|switch|p2a: Clefable|Clefable, M|100/100|[from]move: U-turn
|move|p1a: Rotom|Hydro Pump|p2a: Clefable
|-damage|p2a: Clefable|73/100
|
|-heal|p2a: Clefable|79/100|[from] item: Leftovers
|upkeep
|turn|20
|
|t:|1662752152
|move|p2a: Clefable|Moonblast|p1a: Rotom
|-damage|p1a: Rotom|12/100
|-unboost|p1a: Rotom|spa|1
|move|p1a: Rotom|Pain Split|p2a: Clefable
|-sethp|p2a: Clefable|44/100|[from] move: Pain Split|[silent]
|-sethp|p1a: Rotom|57/100|[from] move: Pain Split
|
|-heal|p2a: Clefable|50/100|[from] item: Leftovers
|upkeep
|turn|21
|
|t:|1662752168
|switch|p1a: Landorus|Landorus-Therian, M|91/100
|-ability|p1a: Landorus|Intimidate|boost
|-unboost|p2a: Clefable|atk|1
|move|p2a: Clefable|Soft-Boiled|p2a: Clefable
|-heal|p2a: Clefable|99/100
|
|-heal|p1a: Landorus|97/100|[from] item: Leftovers
|-heal|p2a: Clefable|100/100|[from] item: Leftovers
|upkeep
|turn|22
|j| BigAndyMan
|
|t:|1662752177
|switch|p2a: Landorus|Landorus-Therian, M|34/100
|-ability|p2a: Landorus|Intimidate|boost
|-unboost|p1a: Landorus|atk|1
|move|p1a: Landorus|Stealth Rock|p2a: Landorus
|-sidestart|p2: dovesoap2|move: Stealth Rock
|
|-heal|p2a: Landorus|40/100|[from] item: Leftovers
|-heal|p1a: Landorus|100/100|[from] item: Leftovers
|upkeep
|turn|23
|
|t:|1662752185
|move|p2a: Landorus|Knock Off|p1a: Landorus
|-damage|p1a: Landorus|69/100
|-enditem|p1a: Landorus|Leftovers|[from] move: Knock Off|[of] p2a: Landorus
|move|p1a: Landorus|Toxic|p2a: Landorus
|-status|p2a: Landorus|tox
|
|-heal|p2a: Landorus|46/100 tox|[from] item: Leftovers
|-damage|p2a: Landorus|40/100 tox|[from] psn
|upkeep
|turn|24
|
|t:|1662752194
|move|p2a: Landorus|Knock Off|p1a: Landorus
|-damage|p1a: Landorus|48/100
|move|p1a: Landorus|U-turn|p2a: Landorus
|-resisted|p2a: Landorus
|-damage|p2a: Landorus|33/100 tox
|
|t:|1662752199
|switch|p1a: Kartana|Kartana|88/100|[from]move: U-turn
|
|-heal|p2a: Landorus|40/100 tox|[from] item: Leftovers
|-damage|p2a: Landorus|27/100 tox|[from] psn
|upkeep
|turn|25
|
|t:|1662752205
|switch|p2a: Melmetal|Melmetal|100/100
|-damage|p2a: Melmetal|94/100|[from] Stealth Rock
|move|p1a: Kartana|Knock Off|p2a: Melmetal
|-damage|p2a: Melmetal|72/100
|-enditem|p2a: Melmetal|Assault Vest|[from] move: Knock Off|[of] p1a: Kartana
|
|upkeep
|turn|26
|
|t:|1662752213
|switch|p1a: Corviknight|Corviknight, M|15/100
|-ability|p1a: Corviknight|Pressure
|move|p2a: Melmetal|Thunder Punch|p1a: Corviknight
|-supereffective|p1a: Corviknight
|-damage|p1a: Corviknight|0 fnt
|-damage|p2a: Melmetal|55/100|[from] item: Rocky Helmet|[of] p1a: Corviknight
|faint|p1a: Corviknight
|
|upkeep
|
|t:|1662752222
|switch|p1a: Rotom|Rotom-Wash|57/100
|turn|27
|
|t:|1662752226
|switch|p2a: Landorus|Landorus-Therian, M|27/100 tox
|-damage|p2a: Landorus|15/100 tox|[from] Stealth Rock
|-ability|p2a: Landorus|Intimidate|boost
|-unboost|p1a: Rotom|atk|1
|move|p1a: Rotom|Volt Switch|p2a: Landorus
|-immune|p2a: Landorus
|
|-heal|p2a: Landorus|21/100 tox|[from] item: Leftovers
|-damage|p2a: Landorus|15/100 tox|[from] psn
|upkeep
|turn|28
|
|t:|1662752237
|switch|p1a: Landorus|Landorus-Therian, M|48/100
|-ability|p1a: Landorus|Intimidate|boost
|-unboost|p2a: Landorus|atk|1
|move|p2a: Landorus|U-turn|p1a: Landorus
|-resisted|p1a: Landorus
|-damage|p1a: Landorus|42/100
|
|t:|1662752240
|switch|p2a: Tornadus|Tornadus-Therian, M|100/100 tox|[from]move: U-turn
|
|-damage|p2a: Tornadus|94/100 tox|[from] psn
|upkeep
|turn|29
|
|t:|1662752248
|move|p2a: Tornadus|Nasty Plot|p2a: Tornadus
|-boost|p2a: Tornadus|spa|2
|move|p1a: Landorus|U-turn|p2a: Tornadus
|-resisted|p2a: Tornadus
|-damage|p2a: Tornadus|80/100 tox
|
|t:|1662752258
|switch|p1a: Tyranitar|Tyranitar, M|59/100|[from]move: U-turn
|-weather|Sandstorm|[from] ability: Sand Stream|[of] p1a: Tyranitar
|
|-weather|Sandstorm|[upkeep]
|-damage|p2a: Tornadus|74/100 tox|[from] Sandstorm
|-damage|p2a: Tornadus|61/100 tox|[from] psn
|upkeep
|turn|30
|
|t:|1662752270
|switch|p1a: Landorus|Landorus-Therian, M|42/100
|-ability|p1a: Landorus|Intimidate|boost
|-unboost|p2a: Tornadus|atk|1
|move|p2a: Tornadus|Focus Blast|p1a: Landorus
|-resisted|p1a: Landorus
|-damage|p1a: Landorus|11/100
|
|-weather|Sandstorm|[upkeep]
|-damage|p2a: Tornadus|55/100 tox|[from] Sandstorm
|-damage|p2a: Tornadus|37/100 tox|[from] psn
|upkeep
|turn|31
|
|t:|1662752281
|move|p2a: Tornadus|Heat Wave|p1a: Landorus
|-damage|p1a: Landorus|0 fnt
|faint|p1a: Landorus
|
|-weather|Sandstorm|[upkeep]
|-damage|p2a: Tornadus|30/100 tox|[from] Sandstorm
|-damage|p2a: Tornadus|6/100 tox|[from] psn
|upkeep
|
|t:|1662752290
|switch|p1a: Kartana|Kartana|88/100
|turn|32
|
|t:|1662752293
|switch|p2a: Landorus|Landorus-Therian, M|15/100 tox
|-damage|p2a: Landorus|3/100 tox|[from] Stealth Rock
|-ability|p2a: Landorus|Intimidate|boost
|-unboost|p1a: Kartana|atk|1
|move|p1a: Kartana|Knock Off|p2a: Landorus
|-damage|p2a: Landorus|0 fnt
|-enditem|p2a: Landorus|Leftovers|[from] move: Knock Off|[of] p1a: Kartana
|faint|p2a: Landorus
|-ability|p1a: Kartana|Beast Boost|boost
|-boost|p1a: Kartana|atk|1
|
|-weather|Sandstorm|[upkeep]
|upkeep
|
|t:|1662752300
|switch|p2a: Clefable|Clefable, M|100/100
|-damage|p2a: Clefable|88/100|[from] Stealth Rock
|turn|33
|l| tytyui↻
|
|t:|1662752312
|switch|p1a: Tyranitar|Tyranitar, M|59/100
|move|p2a: Clefable|Moonblast|p1a: Tyranitar
|-supereffective|p1a: Tyranitar
|-damage|p1a: Tyranitar|16/100
|
|-weather|none
|-heal|p2a: Clefable|94/100|[from] item: Leftovers
|upkeep
|turn|34
|
|t:|1662752320
|move|p1a: Tyranitar|Stone Edge|p2a: Clefable
|-crit|p2a: Clefable
|-damage|p2a: Clefable|0 fnt
|faint|p2a: Clefable
|
|upkeep
|
|t:|1662752324
|switch|p2a: Tornadus|Tornadus-Therian, M|39/100 tox
|turn|35
|
|t:|1662752327
|move|p2a: Tornadus|Focus Blast|p1a: Tyranitar
|-supereffective|p1a: Tyranitar
|-damage|p1a: Tyranitar|0 fnt
|faint|p1a: Tyranitar
|
|-damage|p2a: Tornadus|33/100 tox|[from] psn
|upkeep
|
|t:|1662752333
|switch|p1a: Rotom|Rotom-Wash|57/100
|turn|36
|
|t:|1662752337
|switch|p2a: Melmetal|Melmetal|55/100
|-damage|p2a: Melmetal|49/100|[from] Stealth Rock
|move|p1a: Rotom|Volt Switch|p2a: Melmetal
|-damage|p2a: Melmetal|26/100
|
|t:|1662752344
|switch|p1a: Kartana|Kartana|88/100|[from]move: Volt Switch
|
|upkeep
|turn|37
|
|t:|1662752349
|move|p1a: Kartana|Sacred Sword|p2a: Melmetal
|-supereffective|p2a: Melmetal
|-damage|p2a: Melmetal|0 fnt
|faint|p2a: Melmetal
|-ability|p1a: Kartana|Beast Boost|boost
|-boost|p1a: Kartana|atk|1
|
|upkeep
|
|t:|1662752351
|switch|p2a: Tornadus|Tornadus-Therian, M|66/100 tox
|turn|38
|
|t:|1662752357
|switch|p1a: Rotom|Rotom-Wash|57/100
|move|p2a: Tornadus|Focus Blast|p1a: Rotom
|-damage|p1a: Rotom|11/100
|-unboost|p1a: Rotom|spd|1
|
|-damage|p2a: Tornadus|60/100 tox|[from] psn
|upkeep
|turn|39
|c|☆dovesoap2|HIT
|
|t:|1662752365
|move|p2a: Tornadus|Focus Blast|p1a: Rotom|[miss]
|-miss|p2a: Tornadus|p1a: Rotom
|move|p1a: Rotom|Volt Switch|p2a: Tornadus
|-supereffective|p2a: Tornadus
|-damage|p2a: Tornadus|1/100 tox
|c|☆dovesoap2|gg
|-message|dovesoap2 forfeited.
|
|win|bizarman
|raw|bizarman's rating: 1774 &rarr; <strong>1793</strong><br />(+19 for winning)
|raw|dovesoap2's rating: 1765 &rarr; <strong>1746</strong><br />(-19 for losing)
|l|☆dovesoap2
|c|☆bizarman|gg
|l| emo705
||Ladder isn't responding, score probably updated but might not have (Request timeout).
