|raw|<div class="broadcast-blue"><strong>This battle is required to be public due to a player having a name starting with 'lt94je'.</div>
|j|☆return nirvana
|j|☆lt94jeqw
|t:|1661657168
|gametype|singles
|player|p1|return nirvana|cynthia-masters2|1825
|player|p2|lt94jeqw|dawn|1928
|teamsize|p1|6
|teamsize|p2|6
|gen|8
|tier|[Gen 8] OU
|rated|
|rule|Sleep Clause Mod: Limit one foe put to sleep
|rule|Species Clause: Limit one of each Pokémon
|rule|OHKO Clause: OHKO moves are banned
|rule|Evasion Items Clause: Evasion items are banned
|rule|Evasion Moves Clause: Evasion moves are banned
|rule|Endless Battle Clause: Forcing endless battles is banned
|rule|HP Percentage Mod: HP is shown in percentages
|rule|Dynamax Clause: You cannot dynamax
|clearpoke
|poke|p1|Mew|
|poke|p1|Weavile, M|
|poke|p1|Celesteela|
|poke|p1|Crawdaunt, M|
|poke|p1|Garchomp, M|
|poke|p1|Blacephalon|
|poke|p2|Volcanion|
|poke|p2|Ninetales-Alola, M|
|poke|p2|Corviknight, M|
|poke|p2|Arctozolt|
|poke|p2|Landorus-Therian, M|
|poke|p2|Tornadus-Therian, M|
|teampreview
|j| agentkeval01
|j| juicy redhead
|j| JayHeaven
|
|t:|1661657202
|start
|switch|p1a: Mew|Mew, shiny|100/100
|switch|p2a: Tornadus|Tornadus-Therian, M|100/100
|turn|1
|l| JayHeaven
|
|t:|1661657207
|move|p2a: Tornadus|U-turn|p1a: Mew
|-supereffective|p1a: Mew
|-damage|p1a: Mew|77/100
|
|t:|1661657211
|switch|p2a: Ninetales|Ninetales-Alola, M|100/100|[from]move: U-turn
|-weather|Hail|[from] ability: Snow Warning|[of] p2a: Ninetales
|move|p1a: Mew|Stealth Rock|p2a: Ninetales
|-sidestart|p2: lt94jeqw|move: Stealth Rock
|
|-weather|Hail|[upkeep]
|-damage|p1a: Mew|71/100|[from] Hail
|upkeep
|turn|2
|
|t:|1661657233
|move|p2a: Ninetales|Hypnosis|p1a: Mew
|-status|p1a: Mew|slp|[from] move: Hypnosis
|cant|p1a: Mew|slp
|
|-weather|Hail|[upkeep]
|-damage|p1a: Mew|64/100 slp|[from] Hail
|upkeep
|turn|3
|j| lt94je nick
|
|t:|1661657247
|switch|p2a: Arctozolt|Arctozolt|100/100
|-damage|p2a: Arctozolt|76/100|[from] Stealth Rock
|switch|p1a: Blacephalon|Blacephalon, shiny|100/100
|
|-weather|Hail|[upkeep]
|-damage|p1a: Blacephalon|94/100|[from] Hail
|-heal|p2a: Arctozolt|82/100|[from] item: Leftovers
|upkeep
|turn|4
|j| lt93oq 3d
|
|t:|1661657256
|switch|p2a: Tornadus|Tornadus-Therian, M|100/100
|-damage|p2a: Tornadus|76/100|[from] Stealth Rock
|move|p1a: Blacephalon|Shadow Ball|p2a: Tornadus
|-damage|p2a: Tornadus|45/100
|
|-weather|Hail|[upkeep]
|-damage|p1a: Blacephalon|88/100|[from] Hail
|-damage|p2a: Tornadus|38/100|[from] Hail
|upkeep
|turn|5
|
|t:|1661657273
|switch|p1a: Crawdaunt|Crawdaunt, M, shiny|100/100
|move|p2a: Tornadus|U-turn|p1a: Crawdaunt
|-supereffective|p1a: Crawdaunt
|-crit|p1a: Crawdaunt
|-damage|p1a: Crawdaunt|31/100
|
|t:|1661657287
|switch|p2a: Corviknight|Corviknight, M|100/100|[from]move: U-turn
|-damage|p2a: Corviknight|88/100|[from] Stealth Rock
|-ability|p2a: Corviknight|Pressure
|
|-weather|Hail|[upkeep]
|-damage|p1a: Crawdaunt|25/100|[from] Hail
|-damage|p2a: Corviknight|82/100|[from] Hail
|upkeep
|turn|6
|j| Mimikyu Stardust
|j| LT94JE Fuse
|
|t:|1661657292
|move|p1a: Crawdaunt|Knock Off|p2a: Corviknight
|-damage|p2a: Corviknight|20/100
|-damage|p1a: Crawdaunt|8/100|[from] item: Rocky Helmet|[of] p2a: Corviknight
|-enditem|p2a: Corviknight|Rocky Helmet|[from] move: Knock Off|[of] p1a: Crawdaunt
|-damage|p1a: Crawdaunt|0 fnt|[from] item: Life Orb
|faint|p1a: Crawdaunt
|move|p2a: Corviknight|Defog|p1: Crawdaunt|[notarget]
|-fail|p2a: Corviknight
|
|-weather|Hail|[upkeep]
|-damage|p2a: Corviknight|14/100|[from] Hail
|upkeep
|
|t:|1661657303
|switch|p1a: Blacephalon|Blacephalon, shiny|88/100
|turn|7
|
|t:|1661657310
|move|p1a: Blacephalon|Shadow Ball|p2a: Corviknight
|-damage|p2a: Corviknight|0 fnt
|faint|p2a: Corviknight
|-ability|p1a: Blacephalon|Beast Boost|boost
|-boost|p1a: Blacephalon|spa|1
|
|-weather|Hail|[upkeep]
|-damage|p1a: Blacephalon|82/100|[from] Hail
|upkeep
|
|t:|1661657314
|switch|p2a: Landorus|Landorus-Therian, M|100/100
|-damage|p2a: Landorus|88/100|[from] Stealth Rock
|-ability|p2a: Landorus|Intimidate|boost
|-unboost|p1a: Blacephalon|atk|1
|turn|8
|
|t:|1661657339
|switch|p1a: Celesteela|Celesteela, shiny|100/100
|move|p2a: Landorus|Defog|p1a: Celesteela
|-unboost|p1a: Celesteela|evasion|1
|-sideend|p2: lt94jeqw|Stealth Rock|[from] move: Defog|[of] p2a: Landorus
|
|-weather|none
|-heal|p2a: Landorus|94/100|[from] item: Leftovers
|upkeep
|turn|9
|
|t:|1661657347
|move|p1a: Celesteela|Autotomize|p1a: Celesteela
|-boost|p1a: Celesteela|spe|2
|-start|p1a: Celesteela|Autotomize
|move|p2a: Landorus|U-turn|p1a: Celesteela
|-resisted|p1a: Celesteela
|-damage|p1a: Celesteela|95/100
|
|t:|1661657402
|switch|p2a: Volcanion|Volcanion|100/100|[from]move: U-turn
|
|upkeep
|turn|10
|
|t:|1661657414
|switch|p2a: Landorus|Landorus-Therian, M|94/100
|-ability|p2a: Landorus|Intimidate|boost
|-unboost|p1a: Celesteela|atk|1
|move|p1a: Celesteela|Meteor Beam||[still]
|-prepare|p1a: Celesteela|Meteor Beam
|-boost|p1a: Celesteela|spa|1
|-enditem|p1a: Celesteela|Power Herb
|-anim|p1a: Celesteela|Meteor Beam|p2a: Landorus
|-damage|p2a: Landorus|52/100
|
|-heal|p2a: Landorus|58/100|[from] item: Leftovers
|upkeep
|turn|11
|
|t:|1661657420
|move|p1a: Celesteela|Air Slash|p2a: Landorus
|-damage|p2a: Landorus|13/100
|move|p2a: Landorus|U-turn|p1a: Celesteela
|-resisted|p1a: Celesteela
|-damage|p1a: Celesteela|90/100
|
|t:|1661657425
|switch|p2a: Volcanion|Volcanion|100/100|[from]move: U-turn
|
|upkeep
|turn|12
|j| LT94JE Starbit
|
|t:|1661657433
|move|p1a: Celesteela|Air Slash|p2a: Volcanion
|-damage|p2a: Volcanion|30/100
|move|p2a: Volcanion|Flamethrower|p1a: Celesteela
|-supereffective|p1a: Celesteela
|-damage|p1a: Celesteela|0 fnt
|faint|p1a: Celesteela
|
|upkeep
|
|t:|1661657436
|switch|p1a: Mew|Mew, shiny|64/100 slp
|turn|13
|
|t:|1661657444
|cant|p1a: Mew|slp
|move|p2a: Volcanion|Flamethrower|p1a: Mew
|-damage|p1a: Mew|0 fnt
|faint|p1a: Mew
|
|upkeep
|j| lt94je star
|
|t:|1661657452
|switch|p1a: Blacephalon|Blacephalon, shiny|82/100
|turn|14
|
|t:|1661657459
|switch|p2a: Tornadus|Tornadus-Therian, M|72/100
|move|p1a: Blacephalon|Shadow Ball|p2a: Tornadus
|-damage|p2a: Tornadus|41/100
|
|upkeep
|turn|15
|
|t:|1661657464
|switch|p1a: Garchomp|Garchomp, M, shiny|100/100
|move|p2a: Tornadus|Knock Off|p1a: Garchomp
|-damage|p1a: Garchomp|80/100
|-damage|p2a: Tornadus|29/100|[from] ability: Rough Skin|[of] p1a: Garchomp
|-enditem|p1a: Garchomp|Lum Berry|[from] move: Knock Off|[of] p2a: Tornadus
|
|upkeep
|turn|16
|j| THUNDERBLUNDER420
|
|t:|1661657472
|switch|p1a: Blacephalon|Blacephalon, shiny|82/100
|move|p2a: Tornadus|U-turn|p1a: Blacephalon
|-resisted|p1a: Blacephalon
|-crit|p1a: Blacephalon
|-damage|p1a: Blacephalon|71/100
|
|t:|1661657488
|switch|p2a: Landorus|Landorus-Therian, M|13/100|[from]move: U-turn
|-ability|p2a: Landorus|Intimidate|boost
|-unboost|p1a: Blacephalon|atk|1
|
|-heal|p2a: Landorus|19/100|[from] item: Leftovers
|upkeep
|turn|17
|l| THUNDERBLUNDER420
|
|t:|1661657516
|switch|p2a: Volcanion|Volcanion|30/100
|move|p1a: Blacephalon|Shadow Ball|p2a: Volcanion
|-damage|p2a: Volcanion|0 fnt
|faint|p2a: Volcanion
|-ability|p1a: Blacephalon|Beast Boost|boost
|-boost|p1a: Blacephalon|spa|1
|
|upkeep
|inactive|Battle timer is ON: inactive players will automatically lose when time's up. (requested by lt94jeqw)
|
|t:|1661657520
|switch|p2a: Tornadus|Tornadus-Therian, M|62/100
|turn|18
|
|t:|1661657532
|move|p1a: Blacephalon|Shadow Ball|p2a: Tornadus
|-damage|p2a: Tornadus|14/100
|-unboost|p2a: Tornadus|spd|1
|move|p2a: Tornadus|Knock Off|p1a: Blacephalon
|-supereffective|p1a: Blacephalon
|-damage|p1a: Blacephalon|0 fnt
|-enditem|p1a: Blacephalon|Choice Scarf|[from] move: Knock Off|[of] p2a: Tornadus
|faint|p1a: Blacephalon
|
|upkeep
|j| paradise cove
|
|t:|1661657544
|switch|p1a: Weavile|Weavile, M, shiny|100/100
|-ability|p1a: Weavile|Pressure
|turn|19
|l| paradise cove
|
|t:|1661657553
|move|p2a: Tornadus|U-turn|p1a: Weavile
|-supereffective|p1a: Weavile
|-damage|p1a: Weavile|54/100
|
|t:|1661657556
|switch|p2a: Ninetales|Ninetales-Alola, M|100/100|[from]move: U-turn
|-weather|Hail|[from] ability: Snow Warning|[of] p2a: Ninetales
|move|p1a: Weavile|Swords Dance|p1a: Weavile
|-boost|p1a: Weavile|atk|2
|
|-weather|Hail|[upkeep]
|upkeep
|turn|20
|
|t:|1661657559
|move|p1a: Weavile|Swords Dance|p1a: Weavile
|-boost|p1a: Weavile|atk|2
|move|p2a: Ninetales|Moonblast|p1a: Weavile
|-supereffective|p1a: Weavile
|-damage|p1a: Weavile|0 fnt
|faint|p1a: Weavile
|
|-weather|Hail|[upkeep]
|upkeep
|j| paradise cove
|-message|return nirvana forfeited.
|
|win|lt94jeqw
|raw|return nirvana's rating: 1825 &rarr; <strong>1811</strong><br />(-14 for losing)
|raw|lt94jeqw's rating: 1928 &rarr; <strong>1942</strong><br />(+14 for winning)
|l|☆return nirvana
|l| agentkeval01
|l|☆lt94jeqw
|l| Mimikyu Stardust
|j|☆lt94jeqw
|player|p2|lt94jeqw|dawn
|l| lt93oq 3d
|l|☆lt94jeqw
|player|p2|
||Ladder isn't responding, score probably updated but might not have (Request timeout).
|l| lt94je nick
|l| paradise cove
|l| lt94je star
