|j|☆lowgann
|j|☆Foolish Players
|t:|1609037304
|player|p1|lowgann|medium|1515
|player|p2|Foolish Players|swimmer-gen1rb|1545
|teamsize|p1|6
|teamsize|p2|6
|gametype|singles
|gen|8
|tier|[Gen 8] OU
|rated|
|clearpoke
|poke|p1|Tornadus-Therian, M|
|poke|p1|Ferrothorn, M|
|poke|p1|Crawdaunt, F|
|poke|p1|Seismitoad, M|
|poke|p1|Pelipper, M|
|poke|p1|Magearna|
|poke|p2|Pelipper, M|
|poke|p2|Zapdos|
|poke|p2|Barraskewda, M|
|poke|p2|Ferrothorn, M|
|poke|p2|Urshifu-*, M|
|poke|p2|Magearna|
|rule|Sleep Clause Mod: Limit one foe put to sleep
|rule|Species Clause: Limit one of each Pokémon
|rule|OHKO Clause: OHKO moves are banned
|rule|Evasion Moves Clause: Evasion moves are banned
|rule|Endless Battle Clause: Forcing endless battles is banned
|rule|HP Percentage Mod: HP is shown in percentages
|rule|Dynamax Clause: You cannot dynamax
|teampreview
|
|t:|1609037316
|start
|switch|p1a: Tornadus|Tornadus-Therian, M|100/100
|switch|p2a: Zapdo҉s|Urshifu-Rapid-Strike, M|100/100
|turn|1
|
|t:|1609037321
|switch|p2a: Peli̷pper|Zapdos|100/100
|move|p1a: Tornadus|Hurricane|p2a: Peli̷pper|[miss]
|-miss|p1a: Tornadus|p2a: Peli̷pper
|
|upkeep
|turn|2
|
|t:|1609037329
|switch|p1a: Magearna|Magearna|100/100
|move|p2a: Peli̷pper|Volt Switch|p1a: Magearna
|-damage|p1a: Magearna|71/100
|inactive|Battle timer is ON: inactive players will automatically lose when time's up. (requested by lowgann)
|
|t:|1609037340
|switch|p2a: Zapdo҉s|Urshifu-Rapid-Strike, M|100/100|[from]move: Volt Switch
|
|upkeep
|turn|3
|c|☆lowgann|get shmoked
|
|t:|1609037367
|switch|p2a: Urshif̾u|Ferrothorn, M|100/100
|move|p1a: Magearna|Fleur Cannon|p2a: Urshif̾u
|-resisted|p2a: Urshif̾u
|-damage|p2a: Urshif̾u|64/100
|-unboost|p1a: Magearna|spa|2
|
|-heal|p2a: Urshif̾u|71/100|[from] item: Leftovers
|upkeep
|turn|4
|
|t:|1609037376
|switch|p1a: Ferrothorn|Ferrothorn, M, shiny|100/100
|move|p2a: Urshif̾u|Stealth Rock|p1a: Ferrothorn
|-sidestart|p1: lowgann|move: Stealth Rock
|
|-heal|p2a: Urshif̾u|77/100|[from] item: Leftovers
|upkeep
|turn|5
|
|t:|1609037382
|switch|p2a: Zapdo҉s|Urshifu-Rapid-Strike, M|100/100
|move|p1a: Ferrothorn|Stealth Rock|p2a: Zapdo҉s
|-sidestart|p2: Foolish Players|move: Stealth Rock
|
|upkeep
|turn|6
|
|t:|1609037389
|move|p2a: Zapdo҉s|Close Combat|p1a: Ferrothorn
|-supereffective|p1a: Ferrothorn
|-enditem|p1a: Ferrothorn|Chople Berry|[eat]
|-enditem|p1a: Ferrothorn|Chople Berry|[weaken]
|-damage|p1a: Ferrothorn|30/100
|-unboost|p2a: Zapdo҉s|def|1
|-unboost|p2a: Zapdo҉s|spd|1
|-damage|p2a: Zapdo҉s|88/100|[from] ability: Iron Barbs|[of] p1a: Ferrothorn
|move|p1a: Ferrothorn|Power Whip|p2a: Zapdo҉s
|-supereffective|p2a: Zapdo҉s
|-damage|p2a: Zapdo҉s|0 fnt
|faint|p2a: Zapdo҉s
|
|upkeep
|
|t:|1609037398
|switch|p2a: Mageǟrna|Barraskewda, M|100/100
|-damage|p2a: Mageǟrna|88/100|[from] Stealth Rock
|turn|7
|
|t:|1609037402
|move|p2a: Mageǟrna|Close Combat|p1a: Ferrothorn
|-supereffective|p1a: Ferrothorn
|-damage|p1a: Ferrothorn|0 fnt
|-unboost|p2a: Mageǟrna|def|1
|-unboost|p2a: Mageǟrna|spd|1
|-damage|p2a: Mageǟrna|76/100|[from] ability: Iron Barbs|[of] p1a: Ferrothorn
|faint|p1a: Ferrothorn
|
|upkeep
|
|t:|1609037406
|switch|p1a: Pelipper|Pelipper, M, shiny|100/100
|-damage|p1a: Pelipper|76/100|[from] Stealth Rock
|-weather|RainDance|[from] ability: Drizzle|[of] p1a: Pelipper
|turn|8
|
|t:|1609037410
|switch|p2a: Urshif̾u|Ferrothorn, M|77/100
|-damage|p2a: Urshif̾u|71/100|[from] Stealth Rock
|move|p1a: Pelipper|Hurricane|p2a: Urshif̾u
|-damage|p2a: Urshif̾u|47/100
|
|-weather|RainDance|[upkeep]
|-heal|p2a: Urshif̾u|53/100|[from] item: Leftovers
|upkeep
|turn|9
|
|t:|1609037414
|move|p1a: Pelipper|Defog|p2a: Urshif̾u
|-unboost|p2a: Urshif̾u|evasion|1
|-sideend|p2: Foolish Players|Stealth Rock|[from] move: Defog|[of] p1a: Pelipper
|-sideend|p1: lowgann|Stealth Rock|[from] move: Defog|[of] p1a: Pelipper
|move|p2a: Urshif̾u|Leech Seed|p1a: Pelipper|[miss]
|-miss|p2a: Urshif̾u|p1a: Pelipper
|
|-weather|RainDance|[upkeep]
|-heal|p2a: Urshif̾u|59/100|[from] item: Leftovers
|upkeep
|turn|10
|
|t:|1609037421
|switch|p1a: Magearna|Magearna|71/100
|move|p2a: Urshif̾u|Stealth Rock|p1a: Magearna
|-sidestart|p1: lowgann|move: Stealth Rock
|
|-weather|RainDance|[upkeep]
|-heal|p2a: Urshif̾u|66/100|[from] item: Leftovers
|upkeep
|turn|11
|
|t:|1609037425
|move|p2a: Urshif̾u|Protect|p2a: Urshif̾u
|-singleturn|p2a: Urshif̾u|Protect
|move|p1a: Magearna|Volt Switch|p2a: Urshif̾u
|-activate|p2a: Urshif̾u|move: Protect
|
|-weather|RainDance|[upkeep]
|-heal|p2a: Urshif̾u|72/100|[from] item: Leftovers
|upkeep
|turn|12
|
|t:|1609037428
|move|p1a: Magearna|Volt Switch|p2a: Urshif̾u
|-resisted|p2a: Urshif̾u
|-damage|p2a: Urshif̾u|59/100
|
|t:|1609037432
|switch|p1a: Tornadus|Tornadus-Therian, M|100/100|[from]move: Volt Switch
|move|p2a: Urshif̾u|Leech Seed|p1a: Tornadus
|-start|p1a: Tornadus|move: Leech Seed
|
|-weather|RainDance|[upkeep]
|-heal|p2a: Urshif̾u|65/100|[from] item: Leftovers
|-damage|p1a: Tornadus|88/100|[from] Leech Seed|[of] p2a: Urshif̾u
|-heal|p2a: Urshif̾u|76/100|[silent]
|upkeep
|turn|13
|
|t:|1609037437
|move|p2a: Urshif̾u|Protect|p2a: Urshif̾u
|-singleturn|p2a: Urshif̾u|Protect
|move|p1a: Tornadus|Nasty Plot|p1a: Tornadus
|-boost|p1a: Tornadus|spa|2
|
|-weather|RainDance|[upkeep]
|-heal|p2a: Urshif̾u|82/100|[from] item: Leftovers
|-damage|p1a: Tornadus|76/100|[from] Leech Seed|[of] p2a: Urshif̾u
|-heal|p2a: Urshif̾u|93/100|[silent]
|upkeep
|turn|14
|j| Glrp
|
|t:|1609037451
|move|p1a: Tornadus|Hurricane|p2a: Urshif̾u
|-damage|p2a: Urshif̾u|28/100
|move|p2a: Urshif̾u|Power Whip|p1a: Tornadus
|-resisted|p1a: Tornadus
|-damage|p1a: Tornadus|47/100
|
|-weather|RainDance|[upkeep]
|-heal|p2a: Urshif̾u|35/100|[from] item: Leftovers
|-damage|p1a: Tornadus|35/100|[from] Leech Seed|[of] p2a: Urshif̾u
|-heal|p2a: Urshif̾u|45/100|[silent]
|upkeep
|turn|15
|l| Glrp
|
|t:|1609037461
|move|p1a: Tornadus|Hurricane|p2a: Urshif̾u
|-damage|p2a: Urshif̾u|0 fnt
|faint|p2a: Urshif̾u
|
|-weather|none
|upkeep
|
|t:|1609037467
|switch|p2a: Peli̷pper|Zapdos|100/100
|turn|16
|
|t:|1609037474
|move|p1a: Tornadus|Weather Ball|p2a: Peli̷pper
|-damage|p2a: Peli̷pper|63/100
|move|p2a: Peli̷pper|Hurricane|p1a: Tornadus|[miss]
|-miss|p2a: Peli̷pper|p1a: Tornadus
|
|-damage|p1a: Tornadus|22/100|[from] Leech Seed|[of] p2a: Peli̷pper
|-heal|p2a: Peli̷pper|74/100|[silent]
|upkeep
|turn|17
|
|t:|1609037480
|switch|p1a: Magearna|Magearna|71/100
|-damage|p1a: Magearna|65/100|[from] Stealth Rock
|move|p2a: Peli̷pper|Volt Switch|p1a: Magearna
|-damage|p1a: Magearna|37/100
|
|t:|1609037485
|switch|p2a: Mageǟrna|Barraskewda, M|76/100|[from]move: Volt Switch
|
|upkeep
|turn|18
|
|t:|1609037493
|move|p2a: Mageǟrna|Liquidation|p1a: Magearna
|-damage|p1a: Magearna|0 fnt
|faint|p1a: Magearna
|
|upkeep
|
|t:|1609037499
|switch|p1a: Crawdaunt|Crawdaunt, F|100/100
|-damage|p1a: Crawdaunt|88/100|[from] Stealth Rock
|turn|19
|
|t:|1609037502
|switch|p2a: Barrasҟewda|Pelipper, M|100/100
|-weather|RainDance|[from] ability: Drizzle|[of] p2a: Barrasҟewda
|move|p1a: Crawdaunt|Knock Off|p2a: Barrasҟewda
|-damage|p2a: Barrasҟewda|20/100
|-enditem|p2a: Barrasҟewda|Damp Rock|[from] move: Knock Off|[of] p1a: Crawdaunt
|
|-weather|RainDance|[upkeep]
|upkeep
|turn|20
|
|t:|1609037506
|move|p1a: Crawdaunt|Knock Off|p2a: Barrasҟewda
|-damage|p2a: Barrasҟewda|0 fnt
|faint|p2a: Barrasҟewda
|
|-weather|RainDance|[upkeep]
|upkeep
|
|t:|1609037512
|switch|p2a: Ferrot̶horn|Magearna|100/100
|turn|21
|
|t:|1609037516
|switch|p1a: Seismitoad|Seismitoad, M, shiny|100/100
|-damage|p1a: Seismitoad|95/100|[from] Stealth Rock
|move|p2a: Ferrot̶horn|Iron Defense|p2a: Ferrot̶horn
|-boost|p2a: Ferrot̶horn|def|2
|
|-weather|RainDance|[upkeep]
|upkeep
|turn|22
|
|t:|1609037524
|move|p1a: Seismitoad|Weather Ball|p2a: Ferrot̶horn
|-damage|p2a: Ferrot̶horn|14/100
|move|p2a: Ferrot̶horn|Draining Kiss|p1a: Seismitoad
|-damage|p1a: Seismitoad|59/100
|-heal|p2a: Ferrot̶horn|40/100|[from] drain|[of] p1a: Seismitoad
|
|-weather|RainDance|[upkeep]
|upkeep
|turn|23
|
|t:|1609037533
|move|p1a: Seismitoad|Weather Ball|p2a: Ferrot̶horn
|-damage|p2a: Ferrot̶horn|0 fnt
|faint|p2a: Ferrot̶horn
|
|-weather|RainDance|[upkeep]
|upkeep
|
|t:|1609037535
|switch|p2a: Mageǟrna|Barraskewda, M|76/100
|turn|24
|
|t:|1609037540
|move|p2a: Mageǟrna|Close Combat|p1a: Seismitoad
|-damage|p1a: Seismitoad|0 fnt
|-unboost|p2a: Mageǟrna|def|1
|-unboost|p2a: Mageǟrna|spd|1
|faint|p1a: Seismitoad
|
|-weather|RainDance|[upkeep]
|upkeep
|
|t:|1609037544
|switch|p1a: Crawdaunt|Crawdaunt, F|88/100
|-damage|p1a: Crawdaunt|76/100|[from] Stealth Rock
|turn|25
|
|t:|1609037547
|move|p1a: Crawdaunt|Aqua Jet|p2a: Mageǟrna
|-resisted|p2a: Mageǟrna
|-damage|p2a: Mageǟrna|0 fnt
|faint|p2a: Mageǟrna
|
|-weather|RainDance|[upkeep]
|upkeep
|
|t:|1609037550
|switch|p2a: Peli̷pper|Zapdos|74/100
|turn|26
|
|t:|1609037553
|move|p1a: Crawdaunt|Aqua Jet|p2a: Peli̷pper
|-damage|p2a: Peli̷pper|0 fnt
|-status|p1a: Crawdaunt|par|[from] ability: Static|[of] p2a: Peli̷pper
|faint|p2a: Peli̷pper
|
|win|lowgann
|raw|lowgann's rating: 1515 &rarr; <strong>1537</strong><br />(+22 for winning)
|raw|Foolish Players's rating: 1545 &rarr; <strong>1523</strong><br />(-22 for losing)
|l|☆Foolish Players
