|raw|<div class="broadcast-blue"><strong>This battle is required to be public due to a player having a name starting with 'LT74PF'.</div>
|j|☆isheavydead
|j|☆Lt74pf sheikk
|t:|1599240716
|player|p1|isheavydead|2|1792
|player|p2|Lt74pf sheikk|hilbert-dueldisk|1724
|teamsize|p1|6
|teamsize|p2|6
|gametype|singles
|gen|8
|tier|[Gen 8] OU
|rated|
|clearpoke
|poke|p1|Haxorus, M|
|poke|p1|Volcarona, M|
|poke|p1|Ninetales-Alola, M|
|poke|p1|Excadrill, M|
|poke|p1|Urshifu-*, M|
|poke|p1|Azumarill, F|
|poke|p2|Necrozma|
|poke|p2|Kyurem|
|poke|p2|Hydreigon, F|
|poke|p2|Hatterene, F|
|poke|p2|Urshifu-*, F|
|poke|p2|Volcarona, F|
|rule|Sleep Clause Mod: Limit one foe put to sleep
|rule|Species Clause: Limit one of each Pokémon
|rule|OHKO Clause: OHKO moves are banned
|rule|Evasion Moves Clause: Evasion moves are banned
|rule|Endless Battle Clause: Forcing endless battles is banned
|rule|HP Percentage Mod: HP is shown in percentages
|rule|Dynamax Clause: You cannot dynamax
|teampreview
|inactive|Battle timer is ON: inactive players will automatically lose when time's up. (requested by Lt74pf sheikk)
|
|t:|1599240731
|start
|switch|p1a: Excadrill|Excadrill, M, shiny|100/100
|switch|p2a: Necrozma|Necrozma, shiny|100/100
|-ability|p1a: Excadrill|Mold Breaker
|turn|1
|
|t:|1599240733
|move|p1a: Excadrill|Stealth Rock|p2a: Necrozma
|-sidestart|p2: Lt74pf sheikk|move: Stealth Rock
|move|p2a: Necrozma|Heat Wave|p1a: Excadrill
|-supereffective|p1a: Excadrill
|-damage|p1a: Excadrill|16/100
|-status|p1a: Excadrill|brn
|
|-damage|p1a: Excadrill|10/100 brn|[from] brn
|upkeep
|turn|2
|j| HeavenStar
|
|t:|1599240740
|move|p1a: Excadrill|Rapid Spin|p2a: Necrozma
|-damage|p2a: Necrozma|92/100
|-boost|p1a: Excadrill|spe|1
|move|p2a: Necrozma|Calm Mind|p2a: Necrozma
|-boost|p2a: Necrozma|spa|1
|-boost|p2a: Necrozma|spd|1
|
|-damage|p1a: Excadrill|4/100 brn|[from] brn
|upkeep
|turn|3
|
|t:|1599240742
|move|p1a: Excadrill|Earthquake|p2a: Necrozma
|-damage|p2a: Necrozma|66/100
|move|p2a: Necrozma|Calm Mind|p2a: Necrozma
|-boost|p2a: Necrozma|spa|1
|-boost|p2a: Necrozma|spd|1
|
|-damage|p1a: Excadrill|0 fnt|[from] brn
|faint|p1a: Excadrill
|upkeep
|
|t:|1599240745
|switch|p1a: Urshifu|Urshifu, M|100/100
|turn|4
|
|t:|1599240753
|move|p1a: Urshifu|Wicked Blow|p2a: Necrozma
|-supereffective|p2a: Necrozma
|-crit|p2a: Necrozma
|-damage|p2a: Necrozma|0 fnt
|faint|p2a: Necrozma
|
|upkeep
|
|t:|1599240758
|switch|p2a: Urshifu|Urshifu, F|100/100
|-damage|p2a: Urshifu|94/100|[from] Stealth Rock
|turn|5
|
|t:|1599240767
|switch|p1a: Ninetales|Ninetales-Alola, M, shiny|100/100
|-weather|Hail|[from] ability: Snow Warning|[of] p1a: Ninetales
|move|p2a: Urshifu|Poison Jab|p1a: Ninetales
|-supereffective|p1a: Ninetales
|-damage|p1a: Ninetales|0 fnt
|faint|p1a: Ninetales
|
|-weather|Hail|[upkeep]
|-damage|p2a: Urshifu|88/100|[from] Hail
|upkeep
|
|t:|1599240776
|switch|p1a: Haxorus|Haxorus, M, shiny|100/100
|-ability|p1a: Haxorus|Mold Breaker
|turn|6
|
|t:|1599240785
|move|p2a: Urshifu|Poison Jab|p1a: Haxorus
|-damage|p1a: Haxorus|44/100
|move|p1a: Haxorus|Close Combat|p2a: Urshifu
|-supereffective|p2a: Urshifu
|-damage|p2a: Urshifu|0 fnt
|-unboost|p1a: Haxorus|def|1
|-unboost|p1a: Haxorus|spd|1
|faint|p2a: Urshifu
|
|-weather|Hail|[upkeep]
|-damage|p1a: Haxorus|38/100|[from] Hail
|upkeep
|
|t:|1599240792
|switch|p2a: Hydreigon|Hydreigon, F|100/100
|-damage|p2a: Hydreigon|88/100|[from] Stealth Rock
|turn|7
|
|t:|1599240796
|move|p2a: Hydreigon|Flash Cannon|p1a: Haxorus
|-damage|p1a: Haxorus|0 fnt
|-damage|p2a: Hydreigon|78/100|[from] item: Life Orb
|faint|p1a: Haxorus
|
|-weather|Hail|[upkeep]
|-damage|p2a: Hydreigon|72/100|[from] Hail
|upkeep
|
|t:|1599240803
|switch|p1a: Volcarona|Volcarona, M|100/100
|turn|8
|
|t:|1599240805
|move|p1a: Volcarona|Bug Buzz|p2a: Hydreigon
|-supereffective|p2a: Hydreigon
|-damage|p2a: Hydreigon|0 fnt
|faint|p2a: Hydreigon
|
|-weather|Hail|[upkeep]
|-damage|p1a: Volcarona|94/100|[from] Hail
|upkeep
|
|t:|1599240809
|switch|p2a: Volcarona|Volcarona, F|100/100
|turn|9
|j| Xenqt
|
|t:|1599240818
|switch|p1a: Azumarill|Azumarill, F|100/100
|move|p2a: Volcarona|Quiver Dance|p2a: Volcarona
|-boost|p2a: Volcarona|spa|1
|-boost|p2a: Volcarona|spd|1
|-boost|p2a: Volcarona|spe|1
|
|-weather|none
|upkeep
|turn|10
|
|t:|1599240824
|switch|p2a: Kyurem|Kyurem|100/100
|-damage|p2a: Kyurem|76/100|[from] Stealth Rock
|-ability|p2a: Kyurem|Pressure
|move|p1a: Azumarill|Knock Off|p2a: Kyurem
|-damage|p2a: Kyurem|38/100
|-enditem|p2a: Kyurem|Choice Specs|[from] move: Knock Off|[of] p1a: Azumarill
|
|upkeep
|turn|11
|
|t:|1599240829
|switch|p1a: Volcarona|Volcarona, M|94/100
|move|p2a: Kyurem|Freeze-Dry|p1a: Volcarona
|-resisted|p1a: Volcarona
|-damage|p1a: Volcarona|74/100
|
|upkeep
|turn|12
|
|t:|1599240831
|move|p1a: Volcarona|Quiver Dance|p1a: Volcarona
|-boost|p1a: Volcarona|spa|1
|-boost|p1a: Volcarona|spd|1
|-boost|p1a: Volcarona|spe|1
|move|p2a: Kyurem|Draco Meteor|p1a: Volcarona
|-damage|p1a: Volcarona|22/100
|-unboost|p2a: Kyurem|spa|2
|
|upkeep
|turn|13
|j| Windows 98 SE
|
|t:|1599240834
|move|p1a: Volcarona|Fiery Dance|p2a: Kyurem
|-damage|p2a: Kyurem|0 fnt
|faint|p2a: Kyurem
|
|upkeep
|
|t:|1599240837
|switch|p2a: Volcarona|Volcarona, F|100/100
|turn|14
|
|t:|1599240847
|move|p1a: Volcarona|Fiery Dance|p2a: Volcarona
|-damage|p2a: Volcarona|50/100
|-boost|p1a: Volcarona|spa|1
|move|p2a: Volcarona|Quiver Dance|p2a: Volcarona
|-boost|p2a: Volcarona|spa|1
|-boost|p2a: Volcarona|spd|1
|-boost|p2a: Volcarona|spe|1
|
|upkeep
|turn|15
|
|t:|1599240850
|move|p2a: Volcarona|Roost|p2a: Volcarona
|-heal|p2a: Volcarona|99/100
|-singleturn|p2a: Volcarona|move: Roost
|move|p1a: Volcarona|Fiery Dance|p2a: Volcarona
|-damage|p2a: Volcarona|57/100
|
|upkeep
|turn|16
|
|t:|1599240854
|move|p2a: Volcarona|Roost|p2a: Volcarona
|-heal|p2a: Volcarona|100/100
|-singleturn|p2a: Volcarona|move: Roost
|move|p1a: Volcarona|Fiery Dance|p2a: Volcarona
|-damage|p2a: Volcarona|54/100
|-boost|p1a: Volcarona|spa|1
|
|upkeep
|turn|17
|
|t:|1599240856
|move|p1a: Volcarona|Fiery Dance|p2a: Volcarona
|-damage|p2a: Volcarona|2/100
|-boost|p1a: Volcarona|spa|1
|move|p2a: Volcarona|Flamethrower|p1a: Volcarona
|-damage|p1a: Volcarona|0 fnt
|faint|p1a: Volcarona
|
|upkeep
|j| yiyue
|
|t:|1599240859
|switch|p1a: Azumarill|Azumarill, F|100/100
|turn|18
|
|t:|1599240861
|move|p1a: Azumarill|Aqua Jet|p2a: Volcarona
|-supereffective|p2a: Volcarona
|-damage|p2a: Volcarona|0 fnt
|-status|p1a: Azumarill|brn|[from] ability: Flame Body|[of] p2a: Volcarona
|faint|p2a: Volcarona
|
|-damage|p1a: Azumarill|94/100 brn|[from] brn
|upkeep
|
|t:|1599240862
|switch|p2a: Hatterene|Hatterene, F, shiny|100/100
|-damage|p2a: Hatterene|88/100|[from] Stealth Rock
|turn|19
|
|t:|1599240864
|move|p1a: Azumarill|Belly Drum|p1a: Azumarill
|-damage|p1a: Azumarill|44/100 brn
|-setboost|p1a: Azumarill|atk|6|[from] move: Belly Drum
|-enditem|p1a: Azumarill|Sitrus Berry|[eat]
|-heal|p1a: Azumarill|69/100 brn|[from] item: Sitrus Berry
|move|p2a: Hatterene|Calm Mind|p2a: Hatterene
|-boost|p2a: Hatterene|spa|1
|-boost|p2a: Hatterene|spd|1
|
|-heal|p2a: Hatterene|94/100|[from] item: Leftovers
|-damage|p1a: Azumarill|63/100 brn|[from] brn
|upkeep
|turn|20
|l| yiyue
|l| HeavenStar
|
|t:|1599240869
|move|p1a: Azumarill|Play Rough|p2a: Hatterene
|-damage|p2a: Hatterene|9/100
|move|p2a: Hatterene|Psychic|p1a: Azumarill
|-damage|p1a: Azumarill|0 fnt
|faint|p1a: Azumarill
|
|-heal|p2a: Hatterene|15/100|[from] item: Leftovers
|upkeep
|
|t:|1599240872
|switch|p1a: Urshifu|Urshifu, M|100/100
|turn|21
|c|☆isheavydead|gg
|
|t:|1599240880
|move|p1a: Urshifu|Wicked Blow|p2a: Hatterene
|-crit|p2a: Hatterene
|-damage|p2a: Hatterene|0 fnt
|faint|p2a: Hatterene
|
|win|isheavydead
|l|☆Lt74pf sheikk
|l| Xenqt
||Ladder (probably) updated, but score could not be retrieved (Request timeout).
