|j|☆damorush
|j|☆Mtrfenix2999
|t:|1606400621
|player|p1|damorush|steven|1183
|player|p2|Mtrfenix2999|steven|1175
|teamsize|p1|6
|teamsize|p2|6
|gametype|singles
|gen|8
|tier|[Gen 8] OU
|rated|
|clearpoke
|poke|p1|Raichu-Alola, M|
|poke|p1|Tapu Koko|
|poke|p1|Hawlucha, M|
|poke|p1|Heatran, F|
|poke|p1|Landorus-Therian, M|
|poke|p1|Urshifu-*, M|
|poke|p2|Aerodactyl, F|
|poke|p2|Blissey, F|
|poke|p2|Dragapult, M|
|poke|p2|Alakazam, F|
|poke|p2|Ferrothorn, M|
|poke|p2|Heatran, M|
|rule|Sleep Clause Mod: Limit one foe put to sleep
|rule|Species Clause: Limit one of each Pokémon
|rule|OHKO Clause: OHKO moves are banned
|rule|Evasion Moves Clause: Evasion moves are banned
|rule|Endless Battle Clause: Forcing endless battles is banned
|rule|HP Percentage Mod: HP is shown in percentages
|rule|Dynamax Clause: You cannot dynamax
|teampreview
|inactive|Battle timer is ON: inactive players will automatically lose when time's up. (requested by Mtrfenix2999)
|
|t:|1606400659
|start
|switch|p1a: Landorus|Landorus-Therian, M|100/100
|switch|p2a: Ferrothorn|Ferrothorn, M|100/100
|-ability|p1a: Landorus|Intimidate|boost
|-unboost|p2a: Ferrothorn|atk|1
|turn|1
|
|t:|1606400667
|switch|p1a: Heatran|Heatran, F|100/100
|-item|p1a: Heatran|Air Balloon
|move|p2a: Ferrothorn|Leech Seed|p1a: Heatran
|-start|p1a: Heatran|move: Leech Seed
|
|-damage|p1a: Heatran|88/100|[from] Leech Seed|[of] p2a: Ferrothorn
|upkeep
|turn|2
|
|t:|1606400680
|switch|p2a: Blissey|Blissey, F|100/100
|move|p1a: Heatran|Stealth Rock|p2a: Blissey
|-sidestart|p2: Mtrfenix2999|move: Stealth Rock
|
|-damage|p1a: Heatran|76/100|[from] Leech Seed|[of] p2a: Blissey
|upkeep
|turn|3
|
|t:|1606400689
|move|p1a: Heatran|Taunt|p2a: Blissey
|-start|p2a: Blissey|move: Taunt
|cant|p2a: Blissey|move: Taunt|Stealth Rock
|
|-damage|p1a: Heatran|63/100|[from] Leech Seed|[of] p2a: Blissey
|upkeep
|turn|4
|
|t:|1606400697
|switch|p1a: Urshifu|Urshifu-Rapid-Strike, M|100/100
|move|p2a: Blissey|Seismic Toss|p1a: Urshifu
|-damage|p1a: Urshifu|71/100
|
|upkeep
|turn|5
|
|t:|1606400711
|switch|p2a: Ferrothorn|Ferrothorn, M|100/100
|-damage|p2a: Ferrothorn|94/100|[from] Stealth Rock
|move|p1a: Urshifu|U-turn|p2a: Ferrothorn
|-damage|p2a: Ferrothorn|77/100
|-damage|p1a: Urshifu|59/100|[from] ability: Iron Barbs|[of] p2a: Ferrothorn
|
|t:|1606400720
|switch|p1a: Heatran|Heatran, F|63/100|[from]move: U-turn
|-item|p1a: Heatran|Air Balloon
|
|-heal|p2a: Ferrothorn|83/100|[from] item: Leftovers
|upkeep
|turn|6
|
|t:|1606400728
|switch|p2a: Blissey|Blissey, F|100/100
|-damage|p2a: Blissey|88/100|[from] Stealth Rock
|move|p1a: Heatran|Magma Storm|p2a: Blissey
|-damage|p2a: Blissey|72/100
|-activate|p2a: Blissey|move: Magma Storm|[of] p1a: Heatran
|
|-heal|p2a: Blissey|78/100|[from] item: Leftovers
|-damage|p2a: Blissey|66/100|[from] move: Magma Storm|[partiallytrapped]
|upkeep
|turn|7
|
|t:|1606400740
|move|p1a: Heatran|Taunt|p2a: Blissey
|-start|p2a: Blissey|move: Taunt
|move|p2a: Blissey|Seismic Toss|p1a: Heatran
|-damage|p1a: Heatran|37/100
|-enditem|p1a: Heatran|Air Balloon
|
|-heal|p2a: Blissey|72/100|[from] item: Leftovers
|-damage|p2a: Blissey|59/100|[from] move: Magma Storm|[partiallytrapped]
|upkeep
|turn|8
|
|t:|1606400757
|switch|p1a: Tapu Koko|Tapu Koko|100/100
|-fieldstart|move: Electric Terrain|[from] ability: Electric Surge|[of] p1a: Tapu Koko
|move|p2a: Blissey|Seismic Toss|p1a: Tapu Koko
|-damage|p1a: Tapu Koko|71/100
|
|-heal|p2a: Blissey|66/100|[from] item: Leftovers
|-end|p2a: Blissey|Magma Storm|[partiallytrapped]|[silent]
|upkeep
|turn|9
|
|t:|1606400770
|switch|p2a: Ferrothorn|Ferrothorn, M|83/100
|-damage|p2a: Ferrothorn|77/100|[from] Stealth Rock
|move|p1a: Tapu Koko|Reflect|p1a: Tapu Koko
|-sidestart|p1: damorush|Reflect
|
|-heal|p2a: Ferrothorn|83/100|[from] item: Leftovers
|upkeep
|turn|10
|
|t:|1606400779
|move|p1a: Tapu Koko|U-turn|p2a: Ferrothorn
|-damage|p2a: Ferrothorn|71/100
|-damage|p1a: Tapu Koko|59/100|[from] ability: Iron Barbs|[of] p2a: Ferrothorn
|
|t:|1606400786
|switch|p1a: Raichu|Raichu-Alola, M|100/100|[from]move: U-turn
|move|p2a: Ferrothorn|Spikes|p1a: Raichu
|-sidestart|p1: damorush|Spikes
|
|-heal|p2a: Ferrothorn|77/100|[from] item: Leftovers
|upkeep
|turn|11
|
|t:|1606400796
|switch|p2a: Blissey|Blissey, F|66/100
|-damage|p2a: Blissey|53/100|[from] Stealth Rock
|move|p1a: Raichu|Nasty Plot|p1a: Raichu
|-boost|p1a: Raichu|spa|2
|
|-heal|p2a: Blissey|59/100|[from] item: Leftovers
|upkeep
|turn|12
|
|t:|1606400809
|move|p1a: Raichu|Psyshock|p2a: Blissey
|-damage|p2a: Blissey|0 fnt
|-damage|p1a: Raichu|91/100|[from] item: Life Orb
|faint|p2a: Blissey
|
|upkeep
|
|t:|1606400816
|switch|p2a: Aerodactyl|Aerodactyl, F|100/100
|-damage|p2a: Aerodactyl|76/100|[from] Stealth Rock
|turn|13
|
|t:|1606400826
|move|p1a: Raichu|Rising Voltage|p2a: Aerodactyl
|-supereffective|p2a: Aerodactyl
|-damage|p2a: Aerodactyl|0 fnt
|-damage|p1a: Raichu|81/100|[from] item: Life Orb
|faint|p2a: Aerodactyl
|
|-sideend|p1: damorush|Reflect
|upkeep
|
|t:|1606400842
|switch|p2a: Dragapult|Dragapult, M|100/100
|-damage|p2a: Dragapult|88/100|[from] Stealth Rock
|turn|14
|
|t:|1606400848
|move|p1a: Raichu|Psyshock|p2a: Dragapult
|-damage|p2a: Dragapult|0 fnt
|-damage|p1a: Raichu|71/100|[from] item: Life Orb
|faint|p2a: Dragapult
|
|upkeep
|
|t:|1606400854
|switch|p2a: Heatran|Heatran, M|100/100
|-damage|p2a: Heatran|88/100|[from] Stealth Rock
|-item|p2a: Heatran|Air Balloon
|turn|15
|
|t:|1606400861
|move|p1a: Raichu|Focus Blast|p2a: Heatran|[miss]
|-miss|p1a: Raichu|p2a: Heatran
|move|p2a: Heatran|Flame Charge|p1a: Raichu
|-damage|p1a: Raichu|41/100
|-boost|p2a: Heatran|spe|1
|
|-fieldend|move: Electric Terrain
|upkeep
|turn|16
|
|t:|1606400875
|move|p2a: Heatran|Flame Charge|p1a: Raichu
|-damage|p1a: Raichu|7/100
|-boost|p2a: Heatran|spe|1
|move|p1a: Raichu|Focus Blast|p2a: Heatran|[miss]
|-miss|p1a: Raichu|p2a: Heatran
|
|upkeep
|turn|17
|
|t:|1606400886
|move|p2a: Heatran|Flame Charge|p1a: Raichu
|-damage|p1a: Raichu|0 fnt
|-boost|p2a: Heatran|spe|1
|faint|p1a: Raichu
|
|upkeep
|
|t:|1606400892
|switch|p1a: Urshifu|Urshifu-Rapid-Strike, M|59/100
|-damage|p1a: Urshifu|47/100|[from] Spikes
|turn|18
|
|t:|1606400900
|move|p2a: Heatran|Earth Power|p1a: Urshifu
|-damage|p1a: Urshifu|0 fnt
|faint|p1a: Urshifu
|
|upkeep
|
|t:|1606400907
|switch|p1a: Landorus|Landorus-Therian, M|100/100
|-ability|p1a: Landorus|Intimidate|boost
|-unboost|p2a: Heatran|atk|1
|turn|19
|
|t:|1606400917
|move|p2a: Heatran|Flamethrower|p1a: Landorus
|-damage|p1a: Landorus|35/100
|move|p1a: Landorus|Earthquake|p2a: Heatran
|-immune|p2a: Heatran
|
|-heal|p1a: Landorus|41/100|[from] item: Leftovers
|upkeep
|turn|20
|
|t:|1606400927
|switch|p1a: Heatran|Heatran, F|37/100
|-damage|p1a: Heatran|25/100|[from] Spikes
|move|p2a: Heatran|Flamethrower|p1a: Heatran
|-start|p1a: Heatran|ability: Flash Fire
|
|upkeep
|turn|21
|
|t:|1606400940
|move|p2a: Heatran|Earth Power|p1a: Heatran
|-supereffective|p1a: Heatran
|-damage|p1a: Heatran|0 fnt
|faint|p1a: Heatran
|
|upkeep
|
|t:|1606400955
|switch|p1a: Tapu Koko|Tapu Koko|59/100
|-damage|p1a: Tapu Koko|47/100|[from] Spikes
|-fieldstart|move: Electric Terrain|[from] ability: Electric Surge|[of] p1a: Tapu Koko
|turn|22
|
|t:|1606400961
|move|p2a: Heatran|Flash Cannon|p1a: Tapu Koko
|-damage|p1a: Tapu Koko|0 fnt
|faint|p1a: Tapu Koko
|
|upkeep
|
|t:|1606400965
|switch|p1a: Hawlucha|Hawlucha, M|100/100
|-enditem|p1a: Hawlucha|Electric Seed
|-boost|p1a: Hawlucha|def|1|[from] item: Electric Seed
|turn|23
|
|t:|1606400970
|move|p2a: Heatran|Flamethrower|p1a: Hawlucha
|-damage|p1a: Hawlucha|14/100
|move|p1a: Hawlucha|Close Combat|p2a: Heatran
|-supereffective|p2a: Heatran
|-damage|p2a: Heatran|0 fnt
|-unboost|p1a: Hawlucha|def|1
|-unboost|p1a: Hawlucha|spd|1
|-enditem|p2a: Heatran|Air Balloon
|faint|p2a: Heatran
|
|upkeep
|
|t:|1606400982
|switch|p2a: Alakazam|Alakazam, F|100/100
|turn|24
|
|t:|1606400986
|move|p2a: Alakazam|Psychic|p1a: Hawlucha
|-supereffective|p1a: Hawlucha
|-damage|p1a: Hawlucha|0 fnt
|faint|p1a: Hawlucha
|
|upkeep
|
|t:|1606400992
|switch|p1a: Landorus|Landorus-Therian, M|41/100
|-ability|p1a: Landorus|Intimidate|boost
|-unboost|p2a: Alakazam|atk|1
|turn|25
|-message|damorush forfeited.
|
|win|Mtrfenix2999
|l|☆damorush
|c|☆Mtrfenix2999|Jajaja
|raw|damorush's rating: 1184 &rarr; <strong>1158</strong><br />(-26 for losing)
|raw|Mtrfenix2999's rating: 1175 &rarr; <strong>1201</strong><br />(+26 for winning)
