|j|☆MrGarces
|j|☆Trogba Trogba
|player|p1|MrGarces|roxie|
|player|p2|Trogba Trogba|lance|
|teamsize|p1|6
|teamsize|p2|6
|gametype|singles
|gen|8
|tier|[Gen 8] OU
|rated|Tournament battle
|clearpoke
|poke|p1|Magearna-Original|
|poke|p1|Urshifu-*, F|
|poke|p1|Volcarona, M|
|poke|p1|Seismitoad, M|
|poke|p1|Corviknight, M|
|poke|p1|Ditto|
|poke|p2|Togekiss, F|
|poke|p2|Venusaur, M|
|poke|p2|Cinderace, F|
|poke|p2|Ninetales, M|
|poke|p2|Shiftry, M|
|poke|p2|Excadrill, F|
|rule|Sleep Clause Mod: Limit one foe put to sleep
|rule|Species Clause: Limit one of each Pokémon
|rule|OHKO Clause: OHKO moves are banned
|rule|Evasion Moves Clause: Evasion moves are banned
|rule|Endless Battle Clause: Forcing endless battles is banned
|rule|HP Percentage Mod: HP is shown in percentages
|rule|Dynamax Clause: You cannot dynamax
|teampreview
|j|*Lady Monita
|
|start
|switch|p1a: Urshifu|Urshifu, F|100/100
|switch|p2a: Excadrill|Excadrill, F|100/100
|-ability|p2a: Excadrill|Mold Breaker
|turn|1
|j| Lo-Fi Rappers
|
|move|p1a: Urshifu|Throat Chop|p2a: Excadrill
|-damage|p2a: Excadrill|17/100
|-start|p2a: Excadrill|Throat Chop|[silent]
|move|p2a: Excadrill|Earthquake|p1a: Urshifu
|-damage|p1a: Urshifu|47/100
|
|upkeep
|turn|2
|
|switch|p2a: Togekiss|Togekiss, F|100/100
|move|p1a: Urshifu|Throat Chop|p2a: Togekiss
|-resisted|p2a: Togekiss
|-damage|p2a: Togekiss|66/100
|-start|p2a: Togekiss|Throat Chop|[silent]
|
|upkeep
|turn|3
|c|☆Trogba Trogba|bro
|c|☆Trogba Trogba|get wicked blow
|c|☆Trogba Trogba|always crits
|c|☆MrGarces|yes
|c|☆MrGarces|showdown im changed the move
|
|switch|p1a: Magearna|Magearna-Original|100/100
|move|p2a: Togekiss|Thunder Wave|p1a: Magearna
|-status|p1a: Magearna|par
|
|-end|p2a: Togekiss|Throat Chop|[silent]
|upkeep
|turn|4
|j| CritAreBS
|
|switch|p2a: Ninetales|Ninetales, M|100/100
|-weather|SunnyDay|[from] ability: Drought|[of] p2a: Ninetales
|cant|p1a: Magearna|par
|
|-weather|SunnyDay|[upkeep]
|upkeep
|turn|5
|
|move|p2a: Ninetales|Flamethrower|p1a: Magearna
|-supereffective|p1a: Magearna
|-damage|p1a: Magearna|56/100 par
|move|p1a: Magearna|Volt Switch|p2a: Ninetales
|-damage|p2a: Ninetales|78/100
|
|switch|p1a: Urshifu|Urshifu, F|47/100|[from]move: Volt Switch
|
|-weather|SunnyDay|[upkeep]
|upkeep
|turn|6
|
|switch|p2a: Togekiss|Togekiss, F|66/100
|move|p1a: Urshifu|U-turn|p2a: Togekiss
|-resisted|p2a: Togekiss
|-damage|p2a: Togekiss|56/100
|
|switch|p1a: Magearna|Magearna-Original|56/100 par|[from]move: U-turn
|
|-weather|SunnyDay|[upkeep]
|upkeep
|turn|7
|inactive|Battle timer is ON: inactive players will automatically lose when time's up. (requested by Trogba Trogba)
|
|switch|p2a: Excadrill|Excadrill, F|17/100
|-ability|p2a: Excadrill|Mold Breaker
|move|p1a: Magearna|Fleur Cannon|p2a: Excadrill
|-resisted|p2a: Excadrill
|-damage|p2a: Excadrill|0 fnt
|-unboost|p1a: Magearna|spa|2
|faint|p2a: Excadrill
|-ability|p1a: Magearna|Soul-Heart|boost
|-boost|p1a: Magearna|spa|1
|
|-weather|SunnyDay|[upkeep]
|upkeep
|
|switch|p2a: Venusaur|Venusaur, M|100/100
|turn|8
|
|move|p2a: Venusaur|Weather Ball|p1a: Magearna
|-supereffective|p1a: Magearna
|-damage|p1a: Magearna|1/100 par
|-damage|p2a: Venusaur|91/100|[from] item: Life Orb
|move|p1a: Magearna|Volt Switch|p2a: Venusaur
|-resisted|p2a: Venusaur
|-damage|p2a: Venusaur|84/100
|
|switch|p1a: Ditto|Ditto|100/100|[from]move: Volt Switch
|-transform|p1a: Ditto|p2a: Venusaur|[from] ability: Imposter
|
|-weather|SunnyDay|[upkeep]
|upkeep
|turn|9
|
|switch|p2a: Ninetales|Ninetales, M|78/100
|move|p1a: Ditto|Weather Ball|p2a: Ninetales
|-resisted|p2a: Ninetales
|-damage|p2a: Ninetales|52/100
|
|-weather|SunnyDay|[upkeep]
|upkeep
|turn|10
|
|switch|p1a: Magearna|Magearna-Original|1/100 par
|move|p2a: Ninetales|Flamethrower|p1a: Magearna
|-supereffective|p1a: Magearna
|-damage|p1a: Magearna|0 fnt
|faint|p1a: Magearna
|
|-weather|SunnyDay|[upkeep]
|upkeep
|
|switch|p1a: Volcarona|Volcarona, M|100/100
|turn|11
|
|switch|p2a: Cinderace|Cinderace, F|100/100
|move|p1a: Volcarona|Quiver Dance|p1a: Volcarona
|-boost|p1a: Volcarona|spa|1
|-boost|p1a: Volcarona|spd|1
|-boost|p1a: Volcarona|spe|1
|
|-weather|none
|upkeep
|turn|12
|
|move|p2a: Cinderace|Pyro Ball|p1a: Volcarona
|-damage|p1a: Volcarona|38/100
|move|p1a: Volcarona|Quiver Dance|p1a: Volcarona
|-boost|p1a: Volcarona|spa|1
|-boost|p1a: Volcarona|spd|1
|-boost|p1a: Volcarona|spe|1
|
|upkeep
|turn|13
|
|move|p1a: Volcarona|Roost|p1a: Volcarona
|-heal|p1a: Volcarona|88/100
|-singleturn|p1a: Volcarona|move: Roost
|move|p2a: Cinderace|Pyro Ball|p1a: Volcarona
|-damage|p1a: Volcarona|24/100
|
|upkeep
|turn|14
|
|move|p1a: Volcarona|Psychic|p2a: Cinderace
|-damage|p2a: Cinderace|21/100
|move|p2a: Cinderace|Pyro Ball|p1a: Volcarona
|-damage|p1a: Volcarona|0 fnt
|faint|p1a: Volcarona
|
|upkeep
|
|switch|p1a: Ditto|Ditto|100/100
|-transform|p1a: Ditto|p2a: Cinderace|[from] ability: Imposter
|turn|15
|
|switch|p2a: Ninetales|Ninetales, M|52/100
|-weather|SunnyDay|[from] ability: Drought|[of] p2a: Ninetales
|move|p1a: Ditto|Pyro Ball|p2a: Ninetales
|-resisted|p2a: Ninetales
|-damage|p2a: Ninetales|0 fnt
|faint|p2a: Ninetales
|
|-weather|SunnyDay|[upkeep]
|upkeep
|
|switch|p2a: Shiftry|Shiftry, M|100/100
|turn|16
|
|switch|p1a: Seismitoad|Seismitoad, M|100/100
|move|p2a: Shiftry|Knock Off|p1a: Seismitoad
|-damage|p1a: Seismitoad|50/100
|-enditem|p1a: Seismitoad|Leftovers|[from] move: Knock Off|[of] p2a: Shiftry
|-damage|p2a: Shiftry|91/100|[from] item: Life Orb
|
|-weather|SunnyDay|[upkeep]
|upkeep
|turn|17
|
|move|p2a: Shiftry|Leaf Blade|p1a: Seismitoad
|-supereffective|p1a: Seismitoad
|-damage|p1a: Seismitoad|0 fnt
|-damage|p2a: Shiftry|81/100|[from] item: Life Orb
|faint|p1a: Seismitoad
|
|-weather|SunnyDay|[upkeep]
|upkeep
|
|switch|p1a: Ditto|Ditto|100/100
|-transform|p1a: Ditto|p2a: Shiftry|[from] ability: Imposter
|turn|18
|
|move|p1a: Ditto|Heat Wave|p2a: Shiftry
|-supereffective|p2a: Shiftry
|-damage|p2a: Shiftry|0 fnt
|faint|p2a: Shiftry
|
|-weather|SunnyDay|[upkeep]
|upkeep
|
|switch|p2a: Togekiss|Togekiss, F|56/100
|turn|19
|
|switch|p1a: Corviknight|Corviknight, M|100/100
|-ability|p1a: Corviknight|Pressure
|move|p2a: Togekiss|Thunder Wave|p1a: Corviknight
|-status|p1a: Corviknight|par
|
|-weather|SunnyDay|[upkeep]
|upkeep
|turn|20
|
|switch|p2a: Venusaur|Venusaur, M|84/100
|move|p1a: Corviknight|Brave Bird|p2a: Venusaur
|-supereffective|p2a: Venusaur
|-damage|p2a: Venusaur|0 fnt
|-damage|p1a: Corviknight|80/100 par|[from] Recoil
|faint|p2a: Venusaur
|
|-weather|SunnyDay|[upkeep]
|upkeep
|
|switch|p2a: Cinderace|Cinderace, F|21/100
|turn|21
|
|move|p2a: Cinderace|Pyro Ball|p1a: Corviknight
|-supereffective|p1a: Corviknight
|-damage|p1a: Corviknight|0 fnt
|faint|p1a: Corviknight
|
|-weather|SunnyDay|[upkeep]
|upkeep
|
|switch|p1a: Ditto|Ditto|100/100
|-transform|p1a: Ditto|p2a: Cinderace|[from] ability: Imposter
|turn|22
|
|move|p1a: Ditto|Pyro Ball|p2a: Cinderace
|-resisted|p2a: Cinderace
|-damage|p2a: Cinderace|0 fnt
|faint|p2a: Cinderace
|
|-weather|none
|upkeep
|
|switch|p2a: Togekiss|Togekiss, F|56/100
|turn|23
|
|move|p1a: Ditto|Pyro Ball|p2a: Togekiss
|-damage|p2a: Togekiss|0 fnt
|faint|p2a: Togekiss
|
|win|MrGarces
|l|*Lady Monita
|c|☆MrGarces|gg
|c|☆Trogba Trogba|gg
|l|☆Trogba Trogba
