|html|<div class="broadcast-blue"><strong>[Gen 8] OU is currently suspecting Melmetal! For information on how to participate check out the <a href="https://www.smogon.com/forums/threads/np-ss-ou-suspect-process-round-12-monster-mash.3709234/">suspect thread</a>.</strong></div>
|j|☆Fataalis
|j|☆HQSNonsense
|t:|1666343419
|gametype|singles
|player|p1|Fataalis|265|1472
|player|p2|HQSNonsense|veteranf|1587
|teamsize|p1|6
|teamsize|p2|6
|gen|8
|tier|[Gen 8] OU
|rated|
|rule|Sleep Clause Mod: Limit one foe put to sleep
|rule|Species Clause: Limit one of each Pokémon
|rule|OHKO Clause: OHKO moves are banned
|rule|Evasion Items Clause: Evasion items are banned
|rule|Evasion Moves Clause: Evasion moves are banned
|rule|Endless Battle Clause: Forcing endless battles is banned
|rule|HP Percentage Mod: HP is shown in percentages
|rule|Dynamax Clause: You cannot dynamax
|clearpoke
|poke|p1|Bisharp, M|
|poke|p1|Dragapult, M|
|poke|p1|Rillaboom, F|
|poke|p1|Melmetal|
|poke|p1|Urshifu-*, F|
|poke|p1|Blacephalon|
|poke|p2|Volcarona, M|
|poke|p2|Rillaboom, F|
|poke|p2|Weavile, F|
|poke|p2|Zeraora|
|poke|p2|Kartana|
|poke|p2|Dragonite, M|
|teampreview
|inactive|Battle timer is ON: inactive players will automatically lose when time's up. (requested by HQSNonsense)
|inactive|Fataalis has 120 seconds left.
|inactive|Fataalis has 90 seconds left.
|inactive|Fataalis has 60 seconds left.
|inactive|Fataalis has 30 seconds left.
|inactive|Fataalis has 20 seconds left.
|inactive|Fataalis has 15 seconds left.
|inactive|Fataalis has 10 seconds left.
|
|t:|1666343570
|start
|switch|p1a: Bisharp|Bisharp, M|100/100
|switch|p2a: Weavile|Weavile, F|100/100
|turn|1
|
|t:|1666343589
|move|p2a: Weavile|Low Kick|p1a: Bisharp
|-supereffective|p1a: Bisharp
|-enditem|p1a: Bisharp|Focus Sash
|-damage|p1a: Bisharp|1/100
|move|p1a: Bisharp|Iron Head|p2a: Weavile
|-supereffective|p2a: Weavile
|-enditem|p2a: Weavile|Focus Sash
|-damage|p2a: Weavile|1/100
|
|upkeep
|turn|2
|
|t:|1666343596
|move|p2a: Weavile|Ice Shard|p1a: Bisharp
|-resisted|p1a: Bisharp
|-damage|p1a: Bisharp|0 fnt
|faint|p1a: Bisharp
|
|upkeep
|inactive|Fataalis has 90 seconds left.
|
|t:|1666343603
|switch|p1a: Urshifu|Urshifu-Rapid-Strike, F|100/100
|turn|3
|
|t:|1666343606
|move|p2a: Weavile|Knock Off|p1a: Urshifu
|-resisted|p1a: Urshifu
|-damage|p1a: Urshifu|75/100
|-enditem|p1a: Urshifu|Protective Pads|[from] move: Knock Off|[of] p2a: Weavile
|move|p1a: Urshifu|Bulk Up|p1a: Urshifu
|-boost|p1a: Urshifu|atk|1
|-boost|p1a: Urshifu|def|1
|
|upkeep
|turn|4
|
|t:|1666343618
|move|p2a: Weavile|Knock Off|p1a: Urshifu
|-resisted|p1a: Urshifu
|-damage|p1a: Urshifu|63/100
|move|p1a: Urshifu|Substitute|p1a: Urshifu
|-start|p1a: Urshifu|Substitute
|-damage|p1a: Urshifu|38/100
|
|upkeep
|turn|5
|
|t:|1666343622
|move|p2a: Weavile|Knock Off|p1a: Urshifu
|-resisted|p1a: Urshifu
|-activate|p1a: Urshifu|move: Substitute|[damage]
|move|p1a: Urshifu|Bulk Up|p1a: Urshifu
|-boost|p1a: Urshifu|atk|1
|-boost|p1a: Urshifu|def|1
|
|upkeep
|turn|6
|
|t:|1666343627
|move|p2a: Weavile|Knock Off|p1a: Urshifu
|-resisted|p1a: Urshifu
|-activate|p1a: Urshifu|move: Substitute|[damage]
|move|p1a: Urshifu|Bulk Up|p1a: Urshifu
|-boost|p1a: Urshifu|atk|1
|-boost|p1a: Urshifu|def|1
|
|upkeep
|turn|7
|
|t:|1666343633
|move|p2a: Weavile|Knock Off|p1a: Urshifu
|-resisted|p1a: Urshifu
|-end|p1a: Urshifu|Substitute
|move|p1a: Urshifu|Bulk Up|p1a: Urshifu
|-boost|p1a: Urshifu|atk|1
|-boost|p1a: Urshifu|def|1
|
|upkeep
|turn|8
|
|t:|1666343644
|move|p2a: Weavile|Low Kick|p1a: Urshifu
|-damage|p1a: Urshifu|25/100
|move|p1a: Urshifu|Substitute|p1a: Urshifu
|-fail|p1a: Urshifu|move: Substitute|[weak]
|
|upkeep
|turn|9
|
|t:|1666343652
|move|p2a: Weavile|Low Kick|p1a: Urshifu
|-damage|p1a: Urshifu|14/100
|move|p1a: Urshifu|Drain Punch|p2a: Weavile
|-supereffective|p2a: Weavile
|-damage|p2a: Weavile|0 fnt
|-heal|p1a: Urshifu|14/100|[from] drain|[of] p2a: Weavile
|faint|p2a: Weavile
|
|upkeep
|
|t:|1666343665
|switch|p2a: Kartana|Kartana|100/100
|turn|10
|
|t:|1666343690
|move|p2a: Kartana|Leaf Blade|p1a: Urshifu
|-supereffective|p1a: Urshifu
|-damage|p1a: Urshifu|0 fnt
|faint|p1a: Urshifu
|-ability|p2a: Kartana|Beast Boost|boost
|-boost|p2a: Kartana|atk|1
|-damage|p2a: Kartana|91/100|[from] item: Life Orb
|
|upkeep
|
|t:|1666343693
|switch|p1a: Dragapult|Dragapult, M|100/100
|turn|11
|
|t:|1666343697
|move|p1a: Dragapult|Fire Blast|p2a: Kartana
|-supereffective|p2a: Kartana
|-damage|p2a: Kartana|0 fnt
|faint|p2a: Kartana
|-damage|p1a: Dragapult|91/100|[from] item: Life Orb
|
|upkeep
|
|t:|1666343702
|switch|p2a: Zeraora|Zeraora|100/100
|turn|12
|
|t:|1666343706
|switch|p1a: Melmetal|Melmetal|100/100
|move|p2a: Zeraora|Knock Off|p1a: Melmetal
|-damage|p1a: Melmetal|85/100
|-enditem|p1a: Melmetal|Assault Vest|[from] move: Knock Off|[of] p2a: Zeraora
|
|upkeep
|turn|13
|
|t:|1666343730
|move|p2a: Zeraora|Close Combat|p1a: Melmetal
|-supereffective|p1a: Melmetal
|-damage|p1a: Melmetal|44/100
|-unboost|p2a: Zeraora|def|1
|-unboost|p2a: Zeraora|spd|1
|move|p1a: Melmetal|Superpower|p2a: Zeraora
|-crit|p2a: Zeraora
|-damage|p2a: Zeraora|0 fnt
|-unboost|p1a: Melmetal|atk|1
|-unboost|p1a: Melmetal|def|1
|faint|p2a: Zeraora
|
|upkeep
|
|t:|1666343735
|switch|p2a: Volcarona|Volcarona, M|100/100
|turn|14
|
|t:|1666343744
|switch|p1a: Dragapult|Dragapult, M|91/100
|move|p2a: Volcarona|Quiver Dance|p2a: Volcarona
|-boost|p2a: Volcarona|spa|1
|-boost|p2a: Volcarona|spd|1
|-boost|p2a: Volcarona|spe|1
|
|upkeep
|turn|15
|
|t:|1666343748
|move|p2a: Volcarona|Psychic|p1a: Dragapult
|-damage|p1a: Dragapult|30/100
|move|p1a: Dragapult|Dragon Dance|p1a: Dragapult
|-boost|p1a: Dragapult|atk|1
|-boost|p1a: Dragapult|spe|1
|
|upkeep
|turn|16
|
|t:|1666343752
|move|p1a: Dragapult|Dragon Darts|p2a: Volcarona
|-damage|p2a: Volcarona|25/100
|-anim|p1a: Dragapult|Dragon Darts|p2a: Volcarona
|-damage|p2a: Volcarona|0 fnt
|faint|p2a: Volcarona
|-damage|p1a: Dragapult|20/100|[from] item: Life Orb
|
|upkeep
|
|t:|1666343754
|switch|p2a: Rillaboom|Rillaboom, F|100/100
|-fieldstart|move: Grassy Terrain|[from] ability: Grassy Surge|[of] p2a: Rillaboom
|turn|17
|
|t:|1666343761
|switch|p1a: Melmetal|Melmetal|44/100
|move|p2a: Rillaboom|Grassy Glide|p1a: Melmetal
|-resisted|p1a: Melmetal
|-damage|p1a: Melmetal|26/100
|-damage|p2a: Rillaboom|91/100|[from] item: Life Orb
|
|-heal|p2a: Rillaboom|97/100|[from] Grassy Terrain
|-heal|p1a: Melmetal|33/100|[from] Grassy Terrain
|upkeep
|turn|18
|
|t:|1666343775
|move|p2a: Rillaboom|Swords Dance|p2a: Rillaboom
|-boost|p2a: Rillaboom|atk|2
|move|p1a: Melmetal|Double Iron Bash|p2a: Rillaboom
|-damage|p2a: Rillaboom|58/100
|-damage|p2a: Rillaboom|20/100
|-hitcount|p2a: Rillaboom|2
|
|-heal|p2a: Rillaboom|27/100|[from] Grassy Terrain
|-heal|p1a: Melmetal|39/100|[from] Grassy Terrain
|upkeep
|turn|19
|
|t:|1666343780
|move|p2a: Rillaboom|Drain Punch|p1a: Melmetal
|-supereffective|p1a: Melmetal
|-damage|p1a: Melmetal|0 fnt
|-heal|p2a: Rillaboom|52/100|[from] drain|[of] p1a: Melmetal
|faint|p1a: Melmetal
|-damage|p2a: Rillaboom|42/100|[from] item: Life Orb
|
|-heal|p2a: Rillaboom|48/100|[from] Grassy Terrain
|upkeep
|inactive|Fataalis has 120 seconds left.
|
|t:|1666343816
|switch|p1a: Blacephalon|Blacephalon|100/100
|turn|20
|
|t:|1666343821
|move|p2a: Rillaboom|Grassy Glide|p1a: Blacephalon
|-resisted|p1a: Blacephalon
|-damage|p1a: Blacephalon|0 fnt
|faint|p1a: Blacephalon
|-damage|p2a: Rillaboom|38/100|[from] item: Life Orb
|
|-heal|p2a: Rillaboom|44/100|[from] Grassy Terrain
|upkeep
|
|t:|1666343824
|switch|p1a: Rillaboom|Rillaboom, F|100/100
|turn|21
|
|t:|1666343831
|move|p1a: Rillaboom|Wood Hammer|p2a: Rillaboom
|-resisted|p2a: Rillaboom
|-damage|p2a: Rillaboom|0 fnt
|faint|p2a: Rillaboom
|-damage|p1a: Rillaboom|86/100|[from] Recoil
|-damage|p1a: Rillaboom|76/100|[from] item: Life Orb
|
|-heal|p1a: Rillaboom|82/100|[from] Grassy Terrain
|-fieldend|move: Grassy Terrain
|upkeep
|
|t:|1666343835
|switch|p2a: Dragonite|Dragonite, M|100/100
|turn|22
|
|t:|1666343839
|move|p1a: Rillaboom|Wood Hammer|p2a: Dragonite
|-resisted|p2a: Dragonite
|-damage|p2a: Dragonite|89/100
|-damage|p1a: Rillaboom|79/100|[from] Recoil
|-damage|p1a: Rillaboom|69/100|[from] item: Life Orb
|move|p2a: Dragonite|Dragon Dance|p2a: Dragonite
|-boost|p2a: Dragonite|atk|1
|-boost|p2a: Dragonite|spe|1
|
|upkeep
|turn|23
|
|t:|1666343841
|move|p2a: Dragonite|Dragon Dance|p2a: Dragonite
|-boost|p2a: Dragonite|atk|1
|-boost|p2a: Dragonite|spe|1
|move|p1a: Rillaboom|Wood Hammer|p2a: Dragonite
|-resisted|p2a: Dragonite
|-damage|p2a: Dragonite|65/100
|-damage|p1a: Rillaboom|61/100|[from] Recoil
|-damage|p1a: Rillaboom|51/100|[from] item: Life Orb
|
|upkeep
|turn|24
|-message|Fataalis forfeited.
|
|win|HQSNonsense
|raw|Fataalis's rating: 1472 &rarr; <strong>1458</strong><br />(-14 for losing)
|raw|HQSNonsense's rating: 1587 &rarr; <strong>1601</strong><br />(+14 for winning)
|l|☆Fataalis
