|j|☆SamuelisBeastly
|j|☆Justin UA
|t:|1632090536
|gametype|singles
|player|p1|SamuelisBeastly|twins|1431
|player|p2|Justin UA|ethan|1494
|teamsize|p1|6
|teamsize|p2|6
|gen|8
|tier|[Gen 8] OU
|rated|
|rule|Sleep Clause Mod: Limit one foe put to sleep
|rule|Species Clause: Limit one of each Pokémon
|rule|OHKO Clause: OHKO moves are banned
|rule|Evasion Moves Clause: Evasion moves are banned
|rule|Endless Battle Clause: Forcing endless battles is banned
|rule|HP Percentage Mod: HP is shown in percentages
|rule|Dynamax Clause: You cannot dynamax
|clearpoke
|poke|p1|Melmetal|
|poke|p1|Pelipper, M|
|poke|p1|Volcanion|
|poke|p1|Seismitoad, M|
|poke|p1|Dragonite, M|
|poke|p1|Barraskewda, M|
|poke|p2|Weavile, M|
|poke|p2|Urshifu-*, F|
|poke|p2|Corviknight, M|
|poke|p2|Slowbro, M|
|poke|p2|Landorus-Therian, M|
|poke|p2|Dragapult, M|
|teampreview
|c|☆SamuelisBeastly|gl
|c|☆SamuelisBeastly|hf
|inactive|Battle timer is ON: inactive players will automatically lose when time's up. (requested by Justin UA)
|c|☆SamuelisBeastly|Jesus loves you
|inactive|SamuelisBeastly has 120 seconds left.
|
|t:|1632090586
|start
|switch|p1a: Predator|Barraskewda, M, shiny|100/100
|switch|p2a: Weavile|Weavile, M|100/100
|-ability|p2a: Weavile|Pressure
|turn|1
|
|t:|1632090592
|switch|p2a: Slowbro|Slowbro, M|100/100
|move|p1a: Predator|Close Combat|p2a: Slowbro
|-resisted|p2a: Slowbro
|-damage|p2a: Slowbro|82/100
|-unboost|p1a: Predator|def|1
|-unboost|p1a: Predator|spd|1
|
|upkeep
|turn|2
|
|t:|1632090596
|switch|p1a: Messenger|Pelipper, M, shiny|100/100
|-weather|RainDance|[from] ability: Drizzle|[of] p1a: Messenger
|move|p2a: Slowbro|Teleport|p2a: Slowbro
|
|t:|1632090602
|switch|p2a: Dragapult|Dragapult, M|100/100|[from]move: Teleport
|
|-weather|RainDance|[upkeep]
|upkeep
|turn|3
|
|t:|1632090606
|switch|p1a: Fate|Melmetal, shiny|100/100
|move|p2a: Dragapult|Shadow Ball|p1a: Fate
|-damage|p1a: Fate|63/100
|-unboost|p1a: Fate|spd|1
|
|-weather|RainDance|[upkeep]
|upkeep
|turn|4
|
|t:|1632090614
|switch|p2a: Slowbro|Slowbro, M|100/100
|move|p1a: Fate|Ice Punch|p2a: Slowbro
|-resisted|p2a: Slowbro
|-damage|p2a: Slowbro|90/100
|
|-weather|RainDance|[upkeep]
|upkeep
|turn|5
|
|t:|1632090625
|switch|p1a: Predator|Barraskewda, M, shiny|100/100
|move|p2a: Slowbro|Teleport|p2a: Slowbro
|
|t:|1632090628
|switch|p2a: Landorus|Landorus-Therian, M|100/100|[from]move: Teleport
|-ability|p2a: Landorus|Intimidate|boost
|-unboost|p1a: Predator|atk|1
|
|-weather|RainDance|[upkeep]
|upkeep
|turn|6
|
|t:|1632090633
|switch|p2a: Slowbro|Slowbro, M|100/100
|move|p1a: Predator|Flip Turn|p2a: Slowbro
|-resisted|p2a: Slowbro
|-damage|p2a: Slowbro|86/100
|
|t:|1632090641
|switch|p1a: King VIG|Volcanion|100/100|[from]move: Flip Turn
|
|-weather|RainDance|[upkeep]
|upkeep
|turn|7
|
|t:|1632090646
|move|p1a: King VIG|Steam Eruption|p2a: Slowbro
|-resisted|p2a: Slowbro
|-damage|p2a: Slowbro|8/100
|move|p2a: Slowbro|Teleport|p2a: Slowbro
|
|t:|1632090652
|switch|p2a: Urshifu|Urshifu-Rapid-Strike, F|100/100|[from]move: Teleport
|
|-weather|RainDance|[upkeep]
|upkeep
|turn|8
|
|t:|1632090656
|move|p2a: Urshifu|U-turn|p1a: King VIG
|-resisted|p1a: King VIG
|-damage|p1a: King VIG|84/100
|
|t:|1632090665
|switch|p2a: Landorus|Landorus-Therian, M|100/100|[from]move: U-turn
|-ability|p2a: Landorus|Intimidate|boost
|-unboost|p1a: King VIG|atk|1
|move|p1a: King VIG|Steam Eruption|p2a: Landorus
|-supereffective|p2a: Landorus
|-damage|p2a: Landorus|0 fnt
|faint|p2a: Landorus
|
|-weather|RainDance|[upkeep]
|upkeep
|
|t:|1632090669
|switch|p2a: Urshifu|Urshifu-Rapid-Strike, F|100/100
|turn|9
|
|t:|1632090674
|switch|p1a: Messenger|Pelipper, M, shiny|100/100
|move|p2a: Urshifu|Close Combat|p1a: Messenger
|-resisted|p1a: Messenger
|-damage|p1a: Messenger|64/100
|-unboost|p2a: Urshifu|def|1
|-unboost|p2a: Urshifu|spd|1
|
|-weather|none
|upkeep
|turn|10
|
|t:|1632090680
|switch|p2a: Dragapult|Dragapult, M|100/100
|move|p1a: Messenger|Roost|p1a: Messenger
|-heal|p1a: Messenger|100/100
|-singleturn|p1a: Messenger|move: Roost
|
|upkeep
|turn|11
|
|t:|1632090686
|switch|p1a: Fate|Melmetal, shiny|63/100
|move|p2a: Dragapult|Shadow Ball|p1a: Fate
|-damage|p1a: Fate|24/100
|
|upkeep
|turn|12
|
|t:|1632090690
|move|p2a: Dragapult|Shadow Ball|p1a: Fate
|-damage|p1a: Fate|0 fnt
|faint|p1a: Fate
|
|upkeep
|
|t:|1632090691
|switch|p1a: Messenger|Pelipper, M, shiny|100/100
|-weather|RainDance|[from] ability: Drizzle|[of] p1a: Messenger
|turn|13
|
|t:|1632090694
|move|p2a: Dragapult|Shadow Ball|p1a: Messenger
|-damage|p1a: Messenger|28/100
|move|p1a: Messenger|U-turn|p2a: Dragapult
|-resisted|p2a: Dragapult
|-damage|p2a: Dragapult|95/100
|
|t:|1632090701
|switch|p1a: Globox|Seismitoad, M, shiny|100/100|[from]move: U-turn
|
|-weather|RainDance|[upkeep]
|upkeep
|turn|14
|
|t:|1632090708
|switch|p2a: Corviknight|Corviknight, M|100/100
|-ability|p2a: Corviknight|Pressure
|move|p1a: Globox|Weather Ball|p2a: Corviknight
|-damage|p2a: Corviknight|15/100
|
|-weather|RainDance|[upkeep]
|-heal|p2a: Corviknight|21/100|[from] item: Leftovers
|upkeep
|turn|15
|
|t:|1632090714
|move|p1a: Globox|Weather Ball|p2a: Corviknight
|-damage|p2a: Corviknight|0 fnt
|faint|p2a: Corviknight
|
|-weather|RainDance|[upkeep]
|upkeep
|
|t:|1632090720
|switch|p2a: Slowbro|Slowbro, M|42/100
|turn|16
|
|t:|1632090723
|move|p1a: Globox|Weather Ball|p2a: Slowbro
|-resisted|p2a: Slowbro
|-damage|p2a: Slowbro|0 fnt
|faint|p2a: Slowbro
|
|-weather|RainDance|[upkeep]
|upkeep
|
|t:|1632090730
|switch|p2a: Urshifu|Urshifu-Rapid-Strike, F|100/100
|turn|17
|
|t:|1632090735
|move|p2a: Urshifu|Aqua Jet|p1a: Globox
|-damage|p1a: Globox|39/100
|move|p1a: Globox|Weather Ball|p2a: Urshifu
|-resisted|p2a: Urshifu
|-damage|p2a: Urshifu|23/100
|
|-weather|RainDance|[upkeep]
|upkeep
|turn|18
|
|t:|1632090743
|switch|p2a: Dragapult|Dragapult, M|95/100
|move|p1a: Globox|Weather Ball|p2a: Dragapult
|-resisted|p2a: Dragapult
|-damage|p2a: Dragapult|31/100
|
|-weather|RainDance|[upkeep]
|upkeep
|turn|19
|
|t:|1632090748
|move|p1a: Globox|Weather Ball|p2a: Dragapult
|-resisted|p2a: Dragapult
|-damage|p2a: Dragapult|0 fnt
|faint|p2a: Dragapult
|
|-weather|RainDance|[upkeep]
|upkeep
|
|t:|1632090753
|switch|p2a: Urshifu|Urshifu-Rapid-Strike, F|23/100
|turn|20
|c|☆SamuelisBeastly|knowledge is given by god to whoever he chooses
|c|☆SamuelisBeastly|submit to the one who has knowledge
|
|t:|1632090769
|switch|p1a: King VIG|Volcanion|84/100
|move|p2a: Urshifu|Aqua Jet|p1a: King VIG
|-heal|p1a: King VIG|100/100|[from] ability: Water Absorb|[of] p2a: Urshifu
|
|-weather|none
|upkeep
|turn|21
|c|☆Justin UA|stfu
|-message|Justin UA forfeited.
|
|win|SamuelisBeastly
|raw|SamuelisBeastly's rating: 1431 &rarr; <strong>1455</strong><br />(+24 for winning)
|raw|Justin UA's rating: 1494 &rarr; <strong>1470</strong><br />(-24 for losing)
|l|☆Justin UA
|j| Laughokenisis
|j| be_w0ke
|j| Darkortex
|j| Kromage2Icey
|j| breakthru89
|j| azure nights
|l| be_w0ke
||Ladder isn't responding, score probably updated but might not have (Request timeout).
