|raw|<div class="broadcast-blue"><strong>This battle is required to be public due to a player having a name starting with 'lt94je'.</div>
|j|‽LT94JE Liou
|j|☆HOF69
|t:|1661576941
|gametype|singles
|player|p1|LT94JE Liou|lance-masters|1951
|player|p2|HOF69|red|1825
|teamsize|p1|6
|teamsize|p2|6
|gen|8
|tier|[Gen 8] OU
|rated|
|rule|Sleep Clause Mod: Limit one foe put to sleep
|rule|Species Clause: Limit one of each Pokémon
|rule|OHKO Clause: OHKO moves are banned
|rule|Evasion Items Clause: Evasion items are banned
|rule|Evasion Moves Clause: Evasion moves are banned
|rule|Endless Battle Clause: Forcing endless battles is banned
|rule|HP Percentage Mod: HP is shown in percentages
|rule|Dynamax Clause: You cannot dynamax
|clearpoke
|poke|p1|Slowking, F|
|poke|p1|Buzzwole|
|poke|p1|Garchomp, F|
|poke|p1|Tornadus-Therian, M|
|poke|p1|Melmetal|
|poke|p1|Tapu Koko|
|poke|p2|Blacephalon|
|poke|p2|Gengar, M|
|poke|p2|Krookodile, M|
|poke|p2|Landorus-Therian, M|
|poke|p2|Kartana|
|poke|p2|Tapu Lele|
|teampreview
|inactive|Battle timer is ON: inactive players will automatically lose when time's up. (requested by LT94JE Liou)
|j| full sends only
|j| lt94je nick
|j| Im_Lucki
|j| LT94JE Tace
|inactive|LT94JE Liou has 120 seconds left.
|l| Im_Lucki
|j| estindo
|inactive|LT94JE Liou has 90 seconds left.
|
|t:|1661577025
|start
|switch|p1a: Tornadus|Tornadus-Therian, M|100/100
|switch|p2a: Krookodile|Krookodile, M|100/100
|-ability|p2a: Krookodile|Intimidate|boost
|-unboost|p1a: Tornadus|atk|1
|turn|1
|
|t:|1661577037
|move|p1a: Tornadus|Heat Wave|p2a: Krookodile|[miss]
|-miss|p1a: Tornadus|p2a: Krookodile
|move|p2a: Krookodile|Stealth Rock|p1a: Tornadus
|-sidestart|p1: LT94JE Liou|move: Stealth Rock
|
|upkeep
|turn|2
|
|t:|1661577041
|move|p1a: Tornadus|Defog|p2a: Krookodile
|-unboost|p2a: Krookodile|evasion|1
|-sideend|p1: LT94JE Liou|Stealth Rock|[from] move: Defog|[of] p1a: Tornadus
|move|p2a: Krookodile|Knock Off|p1a: Tornadus
|-damage|p1a: Tornadus|52/100
|-enditem|p1a: Tornadus|Heavy-Duty Boots|[from] move: Knock Off|[of] p2a: Krookodile
|
|upkeep
|turn|3
|
|t:|1661577045
|move|p1a: Tornadus|U-turn|p2a: Krookodile
|-supereffective|p2a: Krookodile
|-damage|p2a: Krookodile|76/100
|
|t:|1661577059
|switch|p1a: Tapu Koko|Tapu Koko|100/100|[from]move: U-turn
|-fieldstart|move: Electric Terrain|[from] ability: Electric Surge|[of] p1a: Tapu Koko
|move|p2a: Krookodile|Stealth Rock|p1a: Tapu Koko
|-sidestart|p1: LT94JE Liou|move: Stealth Rock
|
|upkeep
|turn|4
|
|t:|1661577078
|move|p1a: Tapu Koko|Dazzling Gleam|p2a: Krookodile
|-supereffective|p2a: Krookodile
|-damage|p2a: Krookodile|0 fnt
|faint|p2a: Krookodile
|
|upkeep
|
|t:|1661577086
|switch|p2a: Landorus|Landorus-Therian, M|100/100
|-ability|p2a: Landorus|Intimidate|boost
|-unboost|p1a: Tapu Koko|atk|1
|turn|5
|j| VxLor
|l| estindo
|l| VxLor
|inactive|LT94JE Liou has 120 seconds left.
|
|t:|1661577142
|move|p1a: Tapu Koko|Nature's Madness|p2a: Landorus
|-damage|p2a: Landorus|50/100
|move|p2a: Landorus|U-turn|p1a: Tapu Koko
|-resisted|p1a: Tapu Koko
|-damage|p1a: Tapu Koko|83/100
|
|t:|1661577156
|switch|p2a: Kartana|Kartana|100/100|[from]move: U-turn
|
|upkeep
|turn|6
|
|t:|1661577164
|move|p1a: Tapu Koko|Volt Switch|p2a: Kartana
|-resisted|p2a: Kartana
|-damage|p2a: Kartana|42/100
|inactive|LT94JE Liou has 90 seconds left.
|
|t:|1661577189
|switch|p1a: Tornadus|Tornadus-Therian, M|85/100|[from]move: Volt Switch
|-damage|p1a: Tornadus|60/100|[from] Stealth Rock
|move|p2a: Kartana|Knock Off|p1a: Tornadus
|-damage|p1a: Tornadus|30/100
|
|upkeep
|turn|7
|inactive|LT94JE Liou has 90 seconds left.
|j| 10 Misery nights
|l| full sends only
|
|t:|1661577207
|move|p1a: Tornadus|Defog|p2a: Kartana
|-unboost|p2a: Kartana|evasion|1
|-sideend|p1: LT94JE Liou|Stealth Rock|[from] move: Defog|[of] p1a: Tornadus
|-fieldend|move: Electric Terrain
|move|p2a: Kartana|Knock Off|p1a: Tornadus
|-damage|p1a: Tornadus|1/100
|
|upkeep
|turn|8
|-message|HOF69 forfeited.
|
|win|LT94JE Liou
|raw|LT94JE Liou's rating: 1951 &rarr; <strong>1964</strong><br />(+13 for winning)
|raw|HOF69's rating: 1825 &rarr; <strong>1812</strong><br />(-13 for losing)
|l|☆HOF69
|l| LT94JE Tace
|l| 10 Misery nights
|j| LT94JE PalletHero
|l| lt94je nick
|l| LT94JE PalletHero
|l|‽LT94JE Liou
