|j|☆Arnav_73
|j|☆Contorted Lies
|t:|1606967714
|player|p1|Arnav_73|gladion|1906
|player|p2|Contorted Lies|1|1840
|teamsize|p1|6
|teamsize|p2|6
|gametype|singles
|gen|8
|tier|[Gen 8] OU
|rated|
|clearpoke
|poke|p1|Pelipper, F|
|poke|p1|Thundurus-Therian, M|
|poke|p1|Volcanion|
|poke|p1|Barraskewda, M|
|poke|p1|Clefable, M|
|poke|p1|Ferrothorn, F|
|poke|p2|Weavile, F|
|poke|p2|Urshifu-*, F|
|poke|p2|Magearna|
|poke|p2|Moltres|
|poke|p2|Hippowdon, M|
|poke|p2|Toxapex, M|
|rule|Sleep Clause Mod: Limit one foe put to sleep
|rule|Species Clause: Limit one of each Pokémon
|rule|OHKO Clause: OHKO moves are banned
|rule|Evasion Moves Clause: Evasion moves are banned
|rule|Endless Battle Clause: Forcing endless battles is banned
|rule|HP Percentage Mod: HP is shown in percentages
|rule|Dynamax Clause: You cannot dynamax
|teampreview
|j| bbear is bback
|
|t:|1606967741
|start
|switch|p1a: Barraskewda|Barraskewda, M|100/100
|switch|p2a: Magearna|Magearna|100/100
|turn|1
|j| agadfadfhad
|
|t:|1606967754
|switch|p2a: Toxapex|Toxapex, M|100/100
|move|p1a: Barraskewda|Flip Turn|p2a: Toxapex
|-resisted|p2a: Toxapex
|-damage|p2a: Toxapex|87/100
|
|t:|1606967759
|switch|p1a: Volcanion|Volcanion|100/100|[from]move: Flip Turn
|
|-heal|p2a: Toxapex|93/100|[from] item: Black Sludge
|upkeep
|turn|2
|
|t:|1606967764
|move|p1a: Volcanion|Earth Power|p2a: Toxapex
|-supereffective|p2a: Toxapex
|-damage|p2a: Toxapex|13/100
|move|p2a: Toxapex|Knock Off|p1a: Volcanion
|-damage|p1a: Volcanion|85/100
|-enditem|p1a: Volcanion|Choice Specs|[from] move: Knock Off|[of] p2a: Toxapex
|
|-heal|p2a: Toxapex|20/100|[from] item: Black Sludge
|upkeep
|turn|3
|
|t:|1606967771
|switch|p2a: Hippowdon|Hippowdon, M|100/100
|-weather|Sandstorm|[from] ability: Sand Stream|[of] p2a: Hippowdon
|move|p1a: Volcanion|Steam Eruption|p2a: Hippowdon
|-supereffective|p2a: Hippowdon
|-damage|p2a: Hippowdon|4/100
|
|-weather|Sandstorm|[upkeep]
|-damage|p1a: Volcanion|79/100|[from] Sandstorm
|-heal|p2a: Hippowdon|10/100|[from] item: Leftovers
|upkeep
|turn|4
|
|t:|1606967776
|switch|p2a: Toxapex|Toxapex, M|53/100
|move|p1a: Volcanion|Earth Power|p2a: Toxapex
|-supereffective|p2a: Toxapex
|-damage|p2a: Toxapex|0 fnt
|faint|p2a: Toxapex
|
|-weather|Sandstorm|[upkeep]
|-damage|p1a: Volcanion|73/100|[from] Sandstorm
|upkeep
|
|t:|1606967779
|switch|p2a: Urshifu|Urshifu, F|100/100
|turn|5
|
|t:|1606967783
|switch|p2a: Magearna|Magearna|100/100
|switch|p1a: Clefable|Clefable, M|100/100
|
|-weather|Sandstorm|[upkeep]
|upkeep
|turn|6
|l| agadfadfhad
|
|t:|1606967791
|switch|p1a: Ferrothorn|Ferrothorn, F|100/100
|move|p2a: Magearna|Focus Blast|p1a: Ferrothorn
|-supereffective|p1a: Ferrothorn
|-damage|p1a: Ferrothorn|19/100
|
|-weather|Sandstorm|[upkeep]
|-heal|p1a: Ferrothorn|25/100|[from] item: Leftovers
|upkeep
|turn|7
|
|t:|1606967800
|switch|p2a: Weavile|Weavile, F|100/100
|-ability|p2a: Weavile|Pressure
|switch|p1a: Pelipper|Pelipper, F|100/100
|-weather|RainDance|[from] ability: Drizzle|[of] p1a: Pelipper
|
|-weather|RainDance|[upkeep]
|upkeep
|turn|8
|
|t:|1606967807
|switch|p2a: Hippowdon|Hippowdon, M|10/100
|-weather|Sandstorm|[from] ability: Sand Stream|[of] p2a: Hippowdon
|switch|p1a: Ferrothorn|Ferrothorn, F|25/100
|
|-weather|Sandstorm|[upkeep]
|-heal|p2a: Hippowdon|17/100|[from] item: Leftovers
|-heal|p1a: Ferrothorn|31/100|[from] item: Leftovers
|upkeep
|turn|9
|
|t:|1606967812
|move|p2a: Hippowdon|Slack Off|p2a: Hippowdon
|-heal|p2a: Hippowdon|67/100
|move|p1a: Ferrothorn|Leech Seed|p2a: Hippowdon
|-start|p2a: Hippowdon|move: Leech Seed
|
|-weather|Sandstorm|[upkeep]
|-heal|p2a: Hippowdon|73/100|[from] item: Leftovers
|-heal|p1a: Ferrothorn|37/100|[from] item: Leftovers
|-damage|p2a: Hippowdon|60/100|[from] Leech Seed|[of] p1a: Ferrothorn
|-heal|p1a: Ferrothorn|52/100|[silent]
|upkeep
|turn|10
|
|t:|1606967816
|move|p2a: Hippowdon|Stealth Rock|p1a: Ferrothorn
|-sidestart|p1: Arnav_73|move: Stealth Rock
|move|p1a: Ferrothorn|Knock Off|p2a: Hippowdon
|-damage|p2a: Hippowdon|47/100
|-enditem|p2a: Hippowdon|Leftovers|[from] move: Knock Off|[of] p1a: Ferrothorn
|
|-weather|Sandstorm|[upkeep]
|-heal|p1a: Ferrothorn|58/100|[from] item: Leftovers
|-damage|p2a: Hippowdon|34/100|[from] Leech Seed|[of] p1a: Ferrothorn
|-heal|p1a: Ferrothorn|73/100|[silent]
|upkeep
|turn|11
|
|t:|1606967819
|move|p2a: Hippowdon|Slack Off|p2a: Hippowdon
|-heal|p2a: Hippowdon|84/100
|move|p1a: Ferrothorn|Power Whip|p2a: Hippowdon
|-supereffective|p2a: Hippowdon
|-damage|p2a: Hippowdon|30/100
|
|-weather|Sandstorm|[upkeep]
|-heal|p1a: Ferrothorn|79/100|[from] item: Leftovers
|-damage|p2a: Hippowdon|18/100|[from] Leech Seed|[of] p1a: Ferrothorn
|-heal|p1a: Ferrothorn|93/100|[silent]
|upkeep
|turn|12
|
|t:|1606967824
|switch|p2a: Moltres|Moltres|100/100
|move|p1a: Ferrothorn|Power Whip|p2a: Moltres
|-resisted|p2a: Moltres
|-damage|p2a: Moltres|93/100
|-status|p1a: Ferrothorn|brn|[from] ability: Flame Body|[of] p2a: Moltres
|
|-weather|none
|-heal|p1a: Ferrothorn|99/100 brn|[from] item: Leftovers
|-damage|p1a: Ferrothorn|93/100 brn|[from] brn
|upkeep
|turn|13
|
|t:|1606967831
|switch|p1a: Pelipper|Pelipper, F|100/100
|-damage|p1a: Pelipper|76/100|[from] Stealth Rock
|-weather|RainDance|[from] ability: Drizzle|[of] p1a: Pelipper
|move|p2a: Moltres|Mystical Fire|p1a: Pelipper
|-resisted|p1a: Pelipper
|-damage|p1a: Pelipper|66/100
|-unboost|p1a: Pelipper|spa|1
|
|-weather|RainDance|[upkeep]
|upkeep
|turn|14
|
|t:|1606967836
|move|p2a: Moltres|Hurricane|p1a: Pelipper
|-crit|p1a: Pelipper
|-damage|p1a: Pelipper|0 fnt
|faint|p1a: Pelipper
|
|-weather|RainDance|[upkeep]
|upkeep
|
|t:|1606967847
|switch|p1a: Barraskewda|Barraskewda, M|100/100
|-damage|p1a: Barraskewda|88/100|[from] Stealth Rock
|turn|15
|
|t:|1606967849
|switch|p2a: Hippowdon|Hippowdon, M|18/100
|-weather|Sandstorm|[from] ability: Sand Stream|[of] p2a: Hippowdon
|move|p1a: Barraskewda|Liquidation|p2a: Hippowdon
|-supereffective|p2a: Hippowdon
|-damage|p2a: Hippowdon|0 fnt
|faint|p2a: Hippowdon
|
|-weather|Sandstorm|[upkeep]
|-damage|p1a: Barraskewda|82/100|[from] Sandstorm
|upkeep
|
|t:|1606967865
|switch|p2a: Urshifu|Urshifu, F|100/100
|turn|16
|
|t:|1606967872
|switch|p1a: Clefable|Clefable, M|100/100
|move|p2a: Urshifu|Poison Jab|p1a: Clefable
|-supereffective|p1a: Clefable
|-damage|p1a: Clefable|37/100
|-status|p1a: Clefable|psn
|
|-weather|Sandstorm|[upkeep]
|-damage|p2a: Urshifu|94/100|[from] Sandstorm
|-heal|p1a: Clefable|43/100 psn|[from] item: Leftovers
|upkeep
|turn|17
|j| nirv lucE
|
|t:|1606967878
|switch|p2a: Moltres|Moltres|93/100
|move|p1a: Clefable|Soft-Boiled|p1a: Clefable
|-heal|p1a: Clefable|93/100 psn
|
|-weather|Sandstorm|[upkeep]
|-damage|p2a: Moltres|87/100|[from] Sandstorm
|-heal|p1a: Clefable|99/100 psn|[from] item: Leftovers
|upkeep
|turn|18
|
|t:|1606967885
|switch|p2a: Magearna|Magearna|100/100
|move|p1a: Clefable|Calm Mind|p1a: Clefable
|-boost|p1a: Clefable|spa|1
|-boost|p1a: Clefable|spd|1
|
|-weather|Sandstorm|[upkeep]
|-heal|p1a: Clefable|100/100 psn|[from] item: Leftovers
|upkeep
|turn|19
|
|t:|1606967891
|switch|p1a: Ferrothorn|Ferrothorn, F|93/100 brn
|-damage|p1a: Ferrothorn|87/100 brn|[from] Stealth Rock
|move|p2a: Magearna|Flash Cannon|p1a: Ferrothorn
|-resisted|p1a: Ferrothorn
|-damage|p1a: Ferrothorn|67/100 brn
|
|-weather|none
|-heal|p1a: Ferrothorn|73/100 brn|[from] item: Leftovers
|-damage|p1a: Ferrothorn|67/100 brn|[from] brn
|upkeep
|turn|20
|
|t:|1606967897
|switch|p2a: Moltres|Moltres|87/100
|move|p1a: Ferrothorn|Leech Seed|p2a: Moltres|[miss]
|-miss|p1a: Ferrothorn|p2a: Moltres
|
|-heal|p1a: Ferrothorn|73/100 brn|[from] item: Leftovers
|-damage|p1a: Ferrothorn|67/100 brn|[from] brn
|upkeep
|turn|21
|
|t:|1606967906
|switch|p2a: Magearna|Magearna|100/100
|switch|p1a: Thundurus|Thundurus-Therian, M|100/100
|
|upkeep
|turn|22
|
|t:|1606967910
|move|p1a: Thundurus|Thunder|p2a: Magearna
|-crit|p2a: Magearna
|-damage|p2a: Magearna|11/100
|move|p2a: Magearna|Fleur Cannon|p1a: Thundurus
|-crit|p1a: Thundurus
|-damage|p1a: Thundurus|0 fnt
|-unboost|p2a: Magearna|spa|2
|faint|p1a: Thundurus
|-ability|p2a: Magearna|Soul-Heart|boost
|-boost|p2a: Magearna|spa|1
|
|upkeep
|j| Yuno Delphine
|
|t:|1606967917
|switch|p1a: Barraskewda|Barraskewda, M|82/100
|-damage|p1a: Barraskewda|70/100|[from] Stealth Rock
|turn|23
|l| Yuno Delphine
|
|t:|1606967923
|switch|p2a: Moltres|Moltres|87/100
|move|p1a: Barraskewda|Liquidation|p2a: Moltres
|-supereffective|p2a: Moltres
|-damage|p2a: Moltres|0 fnt
|faint|p2a: Moltres
|
|upkeep
|
|t:|1606967927
|switch|p2a: Weavile|Weavile, F|100/100
|-ability|p2a: Weavile|Pressure
|turn|24
|
|t:|1606967933
|switch|p1a: Ferrothorn|Ferrothorn, F|67/100 brn
|-damage|p1a: Ferrothorn|61/100 brn|[from] Stealth Rock
|move|p2a: Weavile|Knock Off|p1a: Ferrothorn
|-damage|p1a: Ferrothorn|13/100 brn
|-damage|p2a: Weavile|88/100|[from] ability: Iron Barbs|[of] p1a: Ferrothorn
|-enditem|p1a: Ferrothorn|Leftovers|[from] move: Knock Off|[of] p2a: Weavile
|-damage|p2a: Weavile|78/100|[from] item: Life Orb
|
|-damage|p1a: Ferrothorn|7/100 brn|[from] brn
|upkeep
|turn|25
|
|t:|1606967939
|move|p2a: Weavile|Ice Shard|p1a: Ferrothorn
|-damage|p1a: Ferrothorn|0 fnt
|-damage|p2a: Weavile|68/100|[from] item: Life Orb
|faint|p1a: Ferrothorn
|
|upkeep
|
|t:|1606967943
|switch|p1a: Clefable|Clefable, M|100/100 psn
|turn|26
|
|t:|1606967950
|move|p2a: Weavile|Triple Axel|p1a: Clefable
|-damage|p1a: Clefable|91/100 psn
|-damage|p1a: Clefable|69/100 psn
|-damage|p1a: Clefable|42/100 psn
|-hitcount|p1a: Clefable|3
|-damage|p2a: Weavile|58/100|[from] item: Life Orb
|move|p1a: Clefable|Moonblast|p2a: Weavile
|-supereffective|p2a: Weavile
|-damage|p2a: Weavile|0 fnt
|faint|p2a: Weavile
|
|-heal|p1a: Clefable|48/100 psn|[from] item: Leftovers
|upkeep
|
|t:|1606967955
|switch|p2a: Magearna|Magearna|11/100
|turn|27
|
|t:|1606967964
|switch|p1a: Volcanion|Volcanion|73/100
|-damage|p1a: Volcanion|48/100|[from] Stealth Rock
|move|p2a: Magearna|Flash Cannon|p1a: Volcanion
|-resisted|p1a: Volcanion
|-damage|p1a: Volcanion|28/100
|
|upkeep
|turn|28
|
|t:|1606967969
|move|p1a: Volcanion|Flamethrower|p2a: Magearna
|-supereffective|p2a: Magearna
|-damage|p2a: Magearna|0 fnt
|faint|p2a: Magearna
|
|upkeep
|
|t:|1606967971
|switch|p2a: Urshifu|Urshifu, F|94/100
|turn|29
|
|t:|1606967973
|move|p2a: Urshifu|Poison Jab|p1a: Volcanion
|-damage|p1a: Volcanion|0 fnt
|faint|p1a: Volcanion
|
|upkeep
|j| Vessev
|
|t:|1606967979
|switch|p1a: Barraskewda|Barraskewda, M|70/100
|-damage|p1a: Barraskewda|58/100|[from] Stealth Rock
|turn|30
|
|t:|1606967986
|move|p1a: Barraskewda|Close Combat|p2a: Urshifu
|-supereffective|p2a: Urshifu
|-damage|p2a: Urshifu|0 fnt
|-unboost|p1a: Barraskewda|def|1
|-unboost|p1a: Barraskewda|spd|1
|faint|p2a: Urshifu
|
|win|Arnav_73
|c|☆Arnav_73|gg
|l|☆Contorted Lies
|raw|Arnav_73's rating: 1888 &rarr; <strong>1905</strong><br />(+17 for winning)
|raw|Contorted Lies's rating: 1824 &rarr; <strong>1808</strong><br />(-16 for losing)
|l|☆Arnav_73
