|j|‽Steelix Fusion
|j|☆d18l
|t:|1654394081
|gametype|singles
|player|p1|Steelix Fusion|marshal|1720
|player|p2|d18l|backpacker|1676
|teamsize|p1|6
|teamsize|p2|6
|gen|8
|tier|[Gen 8] OU
|rated|
|rule|Sleep Clause Mod: Limit one foe put to sleep
|rule|Species Clause: Limit one of each Pokémon
|rule|OHKO Clause: OHKO moves are banned
|rule|Evasion Moves Clause: Evasion moves are banned
|rule|Endless Battle Clause: Forcing endless battles is banned
|rule|HP Percentage Mod: HP is shown in percentages
|rule|Dynamax Clause: You cannot dynamax
|clearpoke
|poke|p1|Ninetales-Alola, M|
|poke|p1|Klefki, M|
|poke|p1|Volcarona, F|
|poke|p1|Scolipede, F|
|poke|p1|Gyarados, M|
|poke|p1|Landorus-Therian, M|
|poke|p2|Tornadus-Therian, M|
|poke|p2|Slowbro, F|
|poke|p2|Excadrill, M|
|poke|p2|Ferrothorn, M|
|poke|p2|Tyranitar, F|
|poke|p2|Tapu Lele|
|teampreview
|inactive|Battle timer is ON: inactive players will automatically lose when time's up. (requested by Steelix Fusion)
|j| georgiethefirst
|j| ctlh
|l| ctlh
|inactive|d18l has 120 seconds left.
|
|t:|1654394117
|start
|switch|p1a: Klefki|Klefki, M|100/100
|switch|p2a: Excadrill|Excadrill, M|100/100
|turn|1
|j| Devo
|
|t:|1654394126
|move|p1a: Klefki|Reflect|p1a: Klefki
|-sidestart|p1: Steelix Fusion|Reflect
|move|p2a: Excadrill|Earthquake|p1a: Klefki
|-supereffective|p1a: Klefki
|-damage|p1a: Klefki|39/100
|
|upkeep
|turn|2
|
|t:|1654394131
|switch|p1a: Landorus|Landorus-Therian, M|100/100
|-ability|p1a: Landorus|Intimidate|boost
|-unboost|p2a: Excadrill|atk|1
|move|p2a: Excadrill|Earthquake|p1a: Landorus
|-immune|p1a: Landorus
|
|upkeep
|turn|3
|
|t:|1654394151
|switch|p2a: Slowbro|Slowbro, F|100/100
|move|p1a: Landorus|Swords Dance|p1a: Landorus
|-boost|p1a: Landorus|atk|2
|
|upkeep
|turn|4
|j| Canuplzfearme?
|
|t:|1654394160
|move|p1a: Landorus|Earthquake|p2a: Slowbro
|-damage|p2a: Slowbro|28/100
|move|p2a: Slowbro|Scald|p1a: Landorus
|-supereffective|p1a: Landorus
|-damage|p1a: Landorus|47/100
|
|-heal|p1a: Landorus|53/100|[from] item: Leftovers
|upkeep
|turn|5
|inactive|d18l has 120 seconds left.
|inactive|d18l has 90 seconds left.
|
|t:|1654394227
|move|p1a: Landorus|Stone Edge|p2a: Slowbro
|-damage|p2a: Slowbro|0 fnt
|faint|p2a: Slowbro
|
|-heal|p1a: Landorus|59/100|[from] item: Leftovers
|upkeep
|
|t:|1654394229
|switch|p2a: Tapu Lele|Tapu Lele|100/100
|-fieldstart|move: Psychic Terrain|[from] ability: Psychic Surge|[of] p2a: Tapu Lele
|turn|6
|
|t:|1654394235
|switch|p1a: Klefki|Klefki, M|39/100
|move|p2a: Tapu Lele|Psychic|p1a: Klefki
|-resisted|p1a: Klefki
|-damage|p1a: Klefki|3/100
|
|upkeep
|turn|7
|inactive|d18l has 90 seconds left.
|
|t:|1654394262
|move|p1a: Klefki|Light Screen|p1a: Klefki
|-sidestart|p1: Steelix Fusion|move: Light Screen
|move|p2a: Tapu Lele|Psychic|p1a: Klefki
|-resisted|p1a: Klefki
|-damage|p1a: Klefki|0 fnt
|faint|p1a: Klefki
|
|upkeep
|j| 50 at max
|l| 50 at max
|
|t:|1654394276
|switch|p1a: Gyarados|Gyarados, M|100/100
|turn|8
|inactive|d18l has 90 seconds left.
|inactive|d18l has 60 seconds left.
|
|t:|1654394313
|switch|p2a: Ferrothorn|Ferrothorn, M|100/100
|move|p1a: Gyarados|Dragon Dance|p1a: Gyarados
|-boost|p1a: Gyarados|atk|1
|-boost|p1a: Gyarados|spe|1
|
|-sideend|p1: Steelix Fusion|Reflect
|upkeep
|turn|9
|
|t:|1654394320
|move|p1a: Gyarados|Dragon Dance|p1a: Gyarados
|-boost|p1a: Gyarados|atk|1
|-boost|p1a: Gyarados|spe|1
|move|p2a: Ferrothorn|Power Whip|p1a: Gyarados
|-damage|p1a: Gyarados|50/100
|
|-heal|p1a: Gyarados|56/100|[from] item: Leftovers
|upkeep
|turn|10
|
|t:|1654394327
|move|p1a: Gyarados|Earthquake|p2a: Ferrothorn
|-damage|p2a: Ferrothorn|54/100
|move|p2a: Ferrothorn|Power Whip|p1a: Gyarados|[miss]
|-miss|p2a: Ferrothorn|p1a: Gyarados
|
|-heal|p1a: Gyarados|62/100|[from] item: Leftovers
|-heal|p2a: Ferrothorn|60/100|[from] item: Leftovers
|-fieldend|move: Psychic Terrain
|upkeep
|turn|11
|inactive|d18l has 60 seconds left.
|
|t:|1654394383
|move|p1a: Gyarados|Earthquake|p2a: Ferrothorn
|-damage|p2a: Ferrothorn|15/100
|move|p2a: Ferrothorn|Power Whip|p1a: Gyarados
|-damage|p1a: Gyarados|15/100
|
|-heal|p1a: Gyarados|21/100|[from] item: Leftovers
|-heal|p2a: Ferrothorn|21/100|[from] item: Leftovers
|upkeep
|turn|12
|inactive|d18l has 30 seconds left.
|inactive|d18l has 20 seconds left.
|inactive|d18l has 15 seconds left.
|inactive|d18l has 10 seconds left.
|
|t:|1654394419
|switch|p2a: Tyranitar|Tyranitar, F|100/100
|-weather|Sandstorm|[from] ability: Sand Stream|[of] p2a: Tyranitar
|move|p1a: Gyarados|Earthquake|p2a: Tyranitar
|-supereffective|p2a: Tyranitar
|-damage|p2a: Tyranitar|0 fnt
|faint|p2a: Tyranitar
|-ability|p1a: Gyarados|Moxie|boost
|-boost|p1a: Gyarados|atk|1
|
|-weather|Sandstorm|[upkeep]
|-damage|p1a: Gyarados|15/100|[from] Sandstorm
|-heal|p1a: Gyarados|21/100|[from] item: Leftovers
|upkeep
|inactive|d18l has 15 seconds left this turn.
|
|t:|1654394424
|switch|p2a: Excadrill|Excadrill, M|100/100
|turn|13
|inactive|d18l has 25 seconds left this turn.
|
|t:|1654394432
|move|p2a: Excadrill|Iron Head|p1a: Gyarados
|-resisted|p1a: Gyarados
|-damage|p1a: Gyarados|0 fnt
|faint|p1a: Gyarados
|
|-weather|Sandstorm|[upkeep]
|upkeep
|inactive|d18l has 30 seconds left this turn.
|
|t:|1654394437
|switch|p1a: Ninetales|Ninetales-Alola, M|100/100
|-weather|Hail|[from] ability: Snow Warning|[of] p1a: Ninetales
|turn|14
|inactive|d18l has 30 seconds left.
|inactive|d18l has 20 seconds left.
|inactive|d18l has 15 seconds left.
|inactive|d18l has 10 seconds left.
|
|t:|1654394468
|move|p1a: Ninetales|Aurora Veil|p1a: Ninetales
|-sidestart|p1: Steelix Fusion|move: Aurora Veil
|move|p2a: Excadrill|Iron Head|p1a: Ninetales
|-supereffective|p1a: Ninetales
|-damage|p1a: Ninetales|0 fnt
|faint|p1a: Ninetales
|
|-weather|Hail|[upkeep]
|-damage|p2a: Excadrill|94/100|[from] Hail
|-heal|p2a: Excadrill|100/100|[from] item: Leftovers
|-sideend|p1: Steelix Fusion|move: Light Screen
|upkeep
|inactive|d18l has 15 seconds left this turn.
|
|t:|1654394476
|switch|p1a: Volcarona|Volcarona, F|100/100
|turn|15
|inactive|d18l has 25 seconds left this turn.
|inactive|d18l has 20 seconds left.
|
|t:|1654394481
|move|p2a: Excadrill|Earthquake|p1a: Volcarona
|-damage|p1a: Volcarona|63/100
|move|p1a: Volcarona|Quiver Dance|p1a: Volcarona
|-boost|p1a: Volcarona|spa|1
|-boost|p1a: Volcarona|spd|1
|-boost|p1a: Volcarona|spe|1
|
|-weather|Hail|[upkeep]
|-damage|p1a: Volcarona|57/100|[from] Hail
|-damage|p2a: Excadrill|94/100|[from] Hail
|-heal|p2a: Excadrill|100/100|[from] item: Leftovers
|upkeep
|turn|16
|inactive|d18l has 30 seconds left this turn.
|-message|d18l forfeited.
|
|win|Steelix Fusion
|raw|Steelix Fusion's rating: 1720 &rarr; <strong>1737</strong><br />(+17 for winning)
|raw|d18l's rating: 1676 &rarr; <strong>1659</strong><br />(-17 for losing)
