|j|☆SoleSurvivorVGC
|j|☆JaVpad1spi
|t:|1645109306
|gametype|singles
|player|p1|SoleSurvivorVGC|hilbert|1347
|player|p2|JaVpad1spi|170|1379
|teamsize|p1|6
|teamsize|p2|6
|gen|8
|tier|[Gen 8] OU
|rated|
|rule|Sleep Clause Mod: Limit one foe put to sleep
|rule|Species Clause: Limit one of each Pokémon
|rule|OHKO Clause: OHKO moves are banned
|rule|Evasion Moves Clause: Evasion moves are banned
|rule|Endless Battle Clause: Forcing endless battles is banned
|rule|HP Percentage Mod: HP is shown in percentages
|rule|Dynamax Clause: You cannot dynamax
|clearpoke
|poke|p1|Dragapult, M|
|poke|p1|Urshifu-*, M|
|poke|p1|Tapu Lele|
|poke|p1|Zapdos|
|poke|p1|Ferrothorn, M|
|poke|p1|Landorus-Therian, M|
|poke|p2|Blissey, F|
|poke|p2|Keldeo-Resolute|
|poke|p2|Blacephalon|
|poke|p2|Kartana|
|poke|p2|Landorus-Therian, M|
|poke|p2|Corviknight, M|
|teampreview
|c|☆SoleSurvivorVGC|glhf
|j| RaiGod DD
|c|☆JaVpad1spi|gl hf
|c|☆SoleSurvivorVGC|ty
|c|☆JaVpad1spi|ty to u ^^
|c|☆SoleSurvivorVGC|np :]
|
|t:|1645109353
|start
|switch|p1a: Zeus|Zapdos|100/100
|switch|p2a: Keldeo|Keldeo-Resolute|100/100
|turn|1
|
|t:|1645109359
|move|p2a: Keldeo|Hydro Pump|p1a: Zeus|[miss]
|-miss|p2a: Keldeo|p1a: Zeus
|move|p1a: Zeus|Volt Switch|p2a: Keldeo
|-supereffective|p2a: Keldeo
|-damage|p2a: Keldeo|31/100
|c|☆JaVpad1spi|...
|c|☆SoleSurvivorVGC|mb
|
|t:|1645109372
|switch|p1a: Phantomalia|Dragapult, M|100/100|[from]move: Volt Switch
|
|upkeep
|turn|2
|c|☆JaVpad1spi|kinda sad but not ur fault ;-;
|
|t:|1645109376
|switch|p2a: Blissey|Blissey, F|100/100
|move|p1a: Phantomalia|U-turn|p2a: Blissey
|-damage|p2a: Blissey|87/100
|c|☆SoleSurvivorVGC|yeah
|
|t:|1645109385
|switch|p1a: Kung fu Grizz|Urshifu-Rapid-Strike, M|100/100|[from]move: U-turn
|
|-heal|p2a: Blissey|93/100|[from] item: Leftovers
|upkeep
|turn|3
|
|t:|1645109393
|switch|p2a: Corviknight|Corviknight, M|100/100
|move|p1a: Kung fu Grizz|U-turn|p2a: Corviknight
|-resisted|p2a: Corviknight
|-damage|p2a: Corviknight|97/100
|
|t:|1645109397
|switch|p1a: Zeus|Zapdos|100/100|[from]move: U-turn
|
|-heal|p2a: Corviknight|100/100|[from] item: Leftovers
|upkeep
|turn|4
|
|t:|1645109401
|switch|p2a: Blissey|Blissey, F|93/100
|move|p1a: Zeus|Volt Switch|p2a: Blissey
|-damage|p2a: Blissey|83/100
|
|t:|1645109405
|switch|p1a: Kung fu Grizz|Urshifu-Rapid-Strike, M|100/100|[from]move: Volt Switch
|
|-heal|p2a: Blissey|89/100|[from] item: Leftovers
|upkeep
|turn|5
|
|t:|1645109414
|switch|p2a: Blacephalon|Blacephalon|100/100
|move|p1a: Kung fu Grizz|Close Combat|p2a: Blacephalon
|-immune|p2a: Blacephalon
|
|upkeep
|turn|6
|
|t:|1645109424
|move|p1a: Kung fu Grizz|Aqua Jet|p2a: Blacephalon
|-supereffective|p2a: Blacephalon
|-damage|p2a: Blacephalon|0 fnt
|faint|p2a: Blacephalon
|
|upkeep
|
|t:|1645109429
|switch|p2a: Kartana|Kartana|100/100
|turn|7
|c|☆SoleSurvivorVGC|lol what
|
|t:|1645109436
|switch|p1a: Pangea|Landorus-Therian, M|100/100
|-ability|p1a: Pangea|Intimidate|boost
|-unboost|p2a: Kartana|atk|1
|move|p2a: Kartana|Substitute|p2a: Kartana
|-start|p2a: Kartana|Substitute
|-damage|p2a: Kartana|76/100
|
|upkeep
|turn|8
|
|t:|1645109444
|move|p2a: Kartana|Swords Dance|p2a: Kartana
|-boost|p2a: Kartana|atk|2
|move|p1a: Pangea|U-turn|p2a: Kartana
|-activate|p2a: Kartana|move: Substitute|[damage]
|
|t:|1645109447
|switch|p1a: Phantomalia|Dragapult, M|100/100|[from]move: U-turn
|
|upkeep
|turn|9
|
|t:|1645109453
|move|p1a: Phantomalia|Shadow Ball|p2a: Kartana
|-damage|p2a: Kartana|0 fnt
|faint|p2a: Kartana
|
|upkeep
|-message|JaVpad1spi forfeited.
|
|win|SoleSurvivorVGC
|raw|SoleSurvivorVGC's rating: 1347 &rarr; <strong>1369</strong><br />(+22 for winning)
|raw|JaVpad1spi's rating: 1379 &rarr; <strong>1357</strong><br />(-22 for losing)
|l|☆JaVpad1spi
