|j|☆Outm Hans F Rudel
|j|☆lebanesestinker
|player|p1|Outm Hans F Rudel|pilot|1266
|player|p2|lebanesestinker|policeman|1215
|teamsize|p1|6
|teamsize|p2|6
|gametype|singles
|gen|8
|tier|[Gen 8] OU
|rated|
|rule|Sleep Clause Mod: Limit one foe put to sleep
|rule|Species Clause: Limit one of each Pokémon
|rule|OHKO Clause: OHKO moves are banned
|rule|Evasion Moves Clause: Evasion moves are banned
|rule|Endless Battle Clause: Forcing endless battles is banned
|rule|HP Percentage Mod: HP is shown in percentages
|clearpoke
|poke|p1|Tyranitar, M|
|poke|p1|Excadrill, F|
|poke|p1|Hatterene, F|
|poke|p1|Darmanitan-Galar, M|
|poke|p1|Ferrothorn, F|
|poke|p1|Toxapex, F|
|poke|p2|Hippowdon, F|
|poke|p2|Excadrill, M|
|poke|p2|Sirfetch'd, F|
|poke|p2|Ferrothorn, M|
|poke|p2|Hydreigon, M|
|poke|p2|Rotom-Wash|
|teampreview
|inactive|Battle timer is ON: inactive players will automatically lose when time's up. (requested by Outm Hans F Rudel)
|
|start
|switch|p1a: Sdkfz.4/2 Flak36|Darmanitan-Galar, M|100/100
|switch|p2a: Rotom|Rotom-Wash|100/100
|turn|1
|
|move|p1a: Sdkfz.4/2 Flak36|U-turn|p2a: Rotom
|-damage|p2a: Rotom|70/100
|
|switch|p1a: 8.8cm Flak36|Hatterene, F|100/100|[from]move: U-turn
|move|p2a: Rotom|Volt Switch|p1a: 8.8cm Flak36
|-damage|p1a: 8.8cm Flak36|72/100
|
|switch|p2a: Hippowdon|Hippowdon, F|100/100|[from]move: Volt Switch
|-weather|Sandstorm|[from] ability: Sand Stream|[of] p2a: Hippowdon
|
|-weather|Sandstorm|[upkeep]
|-damage|p1a: 8.8cm Flak36|66/100|[from] Sandstorm
|-heal|p1a: 8.8cm Flak36|72/100|[from] item: Leftovers
|upkeep
|turn|2
|
|move|p2a: Hippowdon|Earthquake|p1a: 8.8cm Flak36
|-damage|p1a: 8.8cm Flak36|39/100
|move|p1a: 8.8cm Flak36|Calm Mind|p1a: 8.8cm Flak36
|-boost|p1a: 8.8cm Flak36|spa|1
|-boost|p1a: 8.8cm Flak36|spd|1
|
|-weather|Sandstorm|[upkeep]
|-damage|p1a: 8.8cm Flak36|33/100|[from] Sandstorm
|-heal|p1a: 8.8cm Flak36|39/100|[from] item: Leftovers
|upkeep
|turn|3
|
|switch|p2a: Ferrothorn|Ferrothorn, M|100/100
|move|p1a: 8.8cm Flak36|Draining Kiss|p2a: Ferrothorn
|-resisted|p2a: Ferrothorn
|-damage|p2a: Ferrothorn|90/100
|-heal|p1a: 8.8cm Flak36|48/100|[from] drain|[of] p2a: Ferrothorn
|-damage|p1a: 8.8cm Flak36|35/100|[from] ability: Iron Barbs|[of] p2a: Ferrothorn
|
|-weather|Sandstorm|[upkeep]
|-damage|p1a: 8.8cm Flak36|29/100|[from] Sandstorm
|-heal|p1a: 8.8cm Flak36|35/100|[from] item: Leftovers
|-heal|p2a: Ferrothorn|96/100|[from] item: Leftovers
|upkeep
|turn|4
|
|switch|p2a: Rotom|Rotom-Wash|70/100
|move|p1a: 8.8cm Flak36|Draining Kiss|p2a: Rotom
|-damage|p2a: Rotom|36/100
|-heal|p1a: 8.8cm Flak36|60/100|[from] drain|[of] p2a: Rotom
|
|-weather|Sandstorm|[upkeep]
|-damage|p2a: Rotom|30/100|[from] Sandstorm
|-damage|p1a: 8.8cm Flak36|54/100|[from] Sandstorm
|-heal|p2a: Rotom|36/100|[from] item: Leftovers
|-heal|p1a: 8.8cm Flak36|60/100|[from] item: Leftovers
|upkeep
|turn|5
|
|move|p2a: Rotom|Volt Switch|p1a: 8.8cm Flak36
|-damage|p1a: 8.8cm Flak36|42/100
|
|switch|p2a: Ferrothorn|Ferrothorn, M|96/100|[from]move: Volt Switch
|move|p1a: 8.8cm Flak36|Mystical Fire|p2a: Ferrothorn
|-supereffective|p2a: Ferrothorn
|-damage|p2a: Ferrothorn|8/100
|-unboost|p2a: Ferrothorn|spa|1
|
|-weather|Sandstorm|[upkeep]
|-damage|p1a: 8.8cm Flak36|36/100|[from] Sandstorm
|-heal|p1a: 8.8cm Flak36|42/100|[from] item: Leftovers
|-heal|p2a: Ferrothorn|14/100|[from] item: Leftovers
|upkeep
|turn|6
|
|move|p1a: 8.8cm Flak36|Draining Kiss|p2a: Ferrothorn
|-resisted|p2a: Ferrothorn
|-damage|p2a: Ferrothorn|3/100
|-heal|p1a: 8.8cm Flak36|51/100|[from] drain|[of] p2a: Ferrothorn
|-damage|p1a: 8.8cm Flak36|39/100|[from] ability: Iron Barbs|[of] p2a: Ferrothorn
|move|p2a: Ferrothorn|Power Whip|p1a: 8.8cm Flak36
|-damage|p1a: 8.8cm Flak36|6/100
|
|-weather|Sandstorm|[upkeep]
|-damage|p1a: 8.8cm Flak36|0 fnt|[from] Sandstorm
|faint|p1a: 8.8cm Flak36
|-heal|p2a: Ferrothorn|9/100|[from] item: Leftovers
|upkeep
|
|switch|p1a: Sdkfz.4/2 Flak36|Darmanitan-Galar, M|100/100
|turn|7
|
|move|p1a: Sdkfz.4/2 Flak36|U-turn|p2a: Ferrothorn
|-damage|p2a: Ferrothorn|0 fnt
|-damage|p1a: Sdkfz.4/2 Flak36|88/100|[from] ability: Iron Barbs|[of] p2a: Ferrothorn
|faint|p2a: Ferrothorn
|
|switch|p1a: Pioneers|Ferrothorn, F|100/100|[from]move: U-turn
|
|-weather|Sandstorm|[upkeep]
|upkeep
|
|switch|p2a: Sirfetch'd|Sirfetch'd, F|100/100
|turn|8
|
|switch|p1a: Flakviering36|Toxapex, F|100/100
|move|p2a: Sirfetch'd|Knock Off|p1a: Flakviering36
|-damage|p1a: Flakviering36|65/100
|-enditem|p1a: Flakviering36|Shed Shell|[from] move: Knock Off|[of] p2a: Sirfetch'd
|
|-weather|none
|upkeep
|turn|9
|
|switch|p2a: Rotom|Rotom-Wash|36/100
|move|p1a: Flakviering36|Recover|p1a: Flakviering36
|-heal|p1a: Flakviering36|100/100
|
|-heal|p2a: Rotom|42/100|[from] item: Leftovers
|upkeep
|turn|10
|
|move|p2a: Rotom|Thunder Wave|p1a: Flakviering36
|-status|p1a: Flakviering36|par
|move|p1a: Flakviering36|Scald|p2a: Rotom
|-resisted|p2a: Rotom
|-damage|p2a: Rotom|33/100
|
|-heal|p2a: Rotom|39/100|[from] item: Leftovers
|upkeep
|turn|11
|
|move|p2a: Rotom|Volt Switch|p1a: Flakviering36
|-supereffective|p1a: Flakviering36
|-damage|p1a: Flakviering36|55/100 par
|
|switch|p2a: Hippowdon|Hippowdon, F|100/100|[from]move: Volt Switch
|-weather|Sandstorm|[from] ability: Sand Stream|[of] p2a: Hippowdon
|move|p1a: Flakviering36|Scald|p2a: Hippowdon
|-supereffective|p2a: Hippowdon
|-damage|p2a: Hippowdon|64/100
|
|-weather|Sandstorm|[upkeep]
|-damage|p1a: Flakviering36|49/100 par|[from] Sandstorm
|upkeep
|turn|12
|
|switch|p1a: Sdkfz.4/2 Flak36|Darmanitan-Galar, M|88/100
|move|p2a: Hippowdon|Stealth Rock|p1a: Sdkfz.4/2 Flak36
|-sidestart|p1: Outm Hans F Rudel|move: Stealth Rock
|
|-weather|Sandstorm|[upkeep]
|-damage|p1a: Sdkfz.4/2 Flak36|82/100|[from] Sandstorm
|upkeep
|turn|13
|
|move|p1a: Sdkfz.4/2 Flak36|Icicle Crash|p2a: Hippowdon
|-supereffective|p2a: Hippowdon
|-damage|p2a: Hippowdon|0 fnt
|faint|p2a: Hippowdon
|
|-weather|Sandstorm|[upkeep]
|-damage|p1a: Sdkfz.4/2 Flak36|76/100|[from] Sandstorm
|upkeep
|
|switch|p2a: Excadrill|Excadrill, M|100/100
|-item|p2a: Excadrill|Air Balloon
|turn|14
|
|switch|p1a: Pioneers|Ferrothorn, F|100/100
|-damage|p1a: Pioneers|94/100|[from] Stealth Rock
|move|p2a: Excadrill|Swords Dance|p2a: Excadrill
|-boost|p2a: Excadrill|atk|2
|
|-weather|Sandstorm|[upkeep]
|-heal|p1a: Pioneers|100/100|[from] item: Leftovers
|upkeep
|turn|15
|
|-start|p2a: Excadrill|Dynamax
|-heal|p2a: Excadrill|100/100|[silent]
|-start|p1a: Pioneers|Dynamax
|-heal|p1a: Pioneers|100/100|[silent]
|move|p2a: Excadrill|Max Steelspike|p1a: Pioneers
|-resisted|p1a: Pioneers
|-crit|p1a: Pioneers
|-damage|p1a: Pioneers|69/100
|-boost|p2a: Excadrill|def|1
|move|p1a: Pioneers|Max Overgrowth|p2a: Excadrill
|-damage|p2a: Excadrill|77/100
|-enditem|p2a: Excadrill|Air Balloon
|-fieldstart|move: Grassy Terrain
|
|-weather|Sandstorm|[upkeep]
|-heal|p2a: Excadrill|83/100|[from] Grassy Terrain
|-heal|p1a: Pioneers|76/100|[from] item: Leftovers
|-heal|p1a: Pioneers|82/100|[from] Grassy Terrain
|upkeep
|turn|16
|
|move|p2a: Excadrill|Max Steelspike|p1a: Pioneers
|-resisted|p1a: Pioneers
|-damage|p1a: Pioneers|61/100
|-boost|p2a: Excadrill|def|1
|move|p1a: Pioneers|Max Overgrowth|p2a: Excadrill
|-damage|p2a: Excadrill|60/100
|
|-weather|Sandstorm|[upkeep]
|-heal|p2a: Excadrill|66/100|[from] Grassy Terrain
|-heal|p1a: Pioneers|67/100|[from] item: Leftovers
|-heal|p1a: Pioneers|73/100|[from] Grassy Terrain
|upkeep
|turn|17
|
|move|p2a: Excadrill|Max Steelspike|p1a: Pioneers
|-resisted|p1a: Pioneers
|-damage|p1a: Pioneers|52/100
|-boost|p2a: Excadrill|def|1
|move|p1a: Pioneers|Max Overgrowth|p2a: Excadrill
|-damage|p2a: Excadrill|47/100
|
|-weather|Sandstorm|[upkeep]
|-heal|p2a: Excadrill|54/100|[from] Grassy Terrain
|-heal|p1a: Pioneers|58/100|[from] item: Leftovers
|-heal|p1a: Pioneers|65/100|[from] Grassy Terrain
|-end|p2a: Excadrill|Dynamax
|-heal|p2a: Excadrill|54/100|[silent]
|-end|p1a: Pioneers|Dynamax
|-heal|p1a: Pioneers|64/100|[silent]
|upkeep
|turn|18
|
|move|p2a: Excadrill|Earthquake|p1a: Pioneers
|-damage|p1a: Pioneers|34/100
|move|p1a: Pioneers|Body Press|p2a: Excadrill
|-supereffective|p2a: Excadrill
|-damage|p2a: Excadrill|17/100
|
|-weather|none
|-heal|p2a: Excadrill|23/100|[from] Grassy Terrain
|-heal|p1a: Pioneers|40/100|[from] item: Leftovers
|-heal|p1a: Pioneers|46/100|[from] Grassy Terrain
|upkeep
|turn|19
|
|move|p2a: Excadrill|Earthquake|p1a: Pioneers
|-damage|p1a: Pioneers|16/100
|move|p1a: Pioneers|Body Press|p2a: Excadrill
|-supereffective|p2a: Excadrill
|-damage|p2a: Excadrill|0 fnt
|faint|p2a: Excadrill
|
|-heal|p1a: Pioneers|22/100|[from] item: Leftovers
|-heal|p1a: Pioneers|29/100|[from] Grassy Terrain
|-fieldend|move: Grassy Terrain
|upkeep
|
|switch|p2a: Hydreigon|Hydreigon, M|100/100
|turn|20
|
|switch|p1a: Pz.KpfwVI Ausf.E|Tyranitar, M|100/100
|-damage|p1a: Pz.KpfwVI Ausf.E|88/100|[from] Stealth Rock
|-weather|Sandstorm|[from] ability: Sand Stream|[of] p1a: Pz.KpfwVI Ausf.E
|move|p2a: Hydreigon|Draco Meteor|p1a: Pz.KpfwVI Ausf.E
|-damage|p1a: Pz.KpfwVI Ausf.E|70/100
|-unboost|p2a: Hydreigon|spa|2
|
|-weather|Sandstorm|[upkeep]
|-damage|p2a: Hydreigon|94/100|[from] Sandstorm
|upkeep
|turn|21
|
|switch|p2a: Rotom|Rotom-Wash|39/100
|move|p1a: Pz.KpfwVI Ausf.E|Fire Blast|p2a: Rotom
|-resisted|p2a: Rotom
|-damage|p2a: Rotom|26/100
|-status|p2a: Rotom|brn
|
|-weather|Sandstorm|[upkeep]
|-damage|p2a: Rotom|20/100 brn|[from] Sandstorm
|-heal|p2a: Rotom|26/100 brn|[from] item: Leftovers
|-damage|p2a: Rotom|20/100 brn|[from] brn
|upkeep
|turn|22
|inactive|lebanesestinker has 120 seconds left.
|
|switch|p1a: Pioneers|Ferrothorn, F|29/100
|-damage|p1a: Pioneers|22/100|[from] Stealth Rock
|move|p2a: Rotom|Will-O-Wisp|p1a: Pioneers
|-status|p1a: Pioneers|brn
|
|-weather|Sandstorm|[upkeep]
|-damage|p2a: Rotom|14/100 brn|[from] Sandstorm
|-heal|p2a: Rotom|20/100 brn|[from] item: Leftovers
|-heal|p1a: Pioneers|29/100 brn|[from] item: Leftovers
|-damage|p2a: Rotom|14/100 brn|[from] brn
|-damage|p1a: Pioneers|22/100 brn|[from] brn
|upkeep
|turn|23
|inactive|lebanesestinker has 120 seconds left.
|
|move|p2a: Rotom|Volt Switch|p1a: Pioneers
|-resisted|p1a: Pioneers
|-damage|p1a: Pioneers|11/100 brn
|
|switch|p2a: Sirfetch'd|Sirfetch'd, F|100/100|[from]move: Volt Switch
|move|p1a: Pioneers|Leech Seed|p2a: Sirfetch'd
|-start|p2a: Sirfetch'd|move: Leech Seed
|
|-weather|Sandstorm|[upkeep]
|-damage|p2a: Sirfetch'd|95/100|[from] Sandstorm
|-heal|p1a: Pioneers|18/100 brn|[from] item: Leftovers
|-damage|p2a: Sirfetch'd|82/100|[from] Leech Seed|[of] p1a: Pioneers
|-heal|p1a: Pioneers|27/100 brn|[silent]
|-damage|p1a: Pioneers|21/100 brn|[from] brn
|upkeep
|turn|24
|
|switch|p2a: Hydreigon|Hydreigon, M|94/100
|move|p1a: Pioneers|Protect||[still]
|-fail|p1a: Pioneers
|
|-weather|none
|-heal|p1a: Pioneers|27/100 brn|[from] item: Leftovers
|-damage|p1a: Pioneers|21/100 brn|[from] brn
|upkeep
|turn|25
|
|move|p2a: Hydreigon|Dark Pulse|p1a: Pioneers
|-damage|p1a: Pioneers|0 fnt
|faint|p1a: Pioneers
|
|upkeep
|
|switch|p1a: Pz.KpfwVI Ausf.E|Tyranitar, M|70/100
|-damage|p1a: Pz.KpfwVI Ausf.E|58/100|[from] Stealth Rock
|-weather|Sandstorm|[from] ability: Sand Stream|[of] p1a: Pz.KpfwVI Ausf.E
|turn|26
|
|switch|p1a: Fallschirms|Excadrill, F|100/100
|-damage|p1a: Fallschirms|97/100|[from] Stealth Rock
|-item|p1a: Fallschirms|Air Balloon
|switch|p2a: Rotom|Rotom-Wash|14/100 brn
|
|-weather|Sandstorm|[upkeep]
|-damage|p2a: Rotom|8/100 brn|[from] Sandstorm
|-heal|p2a: Rotom|14/100 brn|[from] item: Leftovers
|-damage|p2a: Rotom|8/100 brn|[from] brn
|upkeep
|turn|27
|
|move|p1a: Fallschirms|Rapid Spin|p2a: Rotom
|-damage|p2a: Rotom|0 fnt
|-sideend|p1: Outm Hans F Rudel|Stealth Rock|[from] move: Rapid Spin|[of] p1a: Fallschirms
|-boost|p1a: Fallschirms|spe|1
|faint|p2a: Rotom
|
|-weather|Sandstorm|[upkeep]
|upkeep
|
|switch|p2a: Hydreigon|Hydreigon, M|94/100
|turn|28
|
|move|p1a: Fallschirms|Iron Head|p2a: Hydreigon
|-damage|p2a: Hydreigon|42/100
|cant|p2a: Hydreigon|flinch
|
|-weather|Sandstorm|[upkeep]
|-damage|p2a: Hydreigon|36/100|[from] Sandstorm
|upkeep
|turn|29
|-message|lebanesestinker forfeited.
|
|win|Outm Hans F Rudel
|l|☆lebanesestinker
