|j|☆tanishq1
|j|☆adel19
|t:|1652759862
|gametype|singles
|player|p1|tanishq1|102|1806
|player|p2|adel19|2|1859
|teamsize|p1|6
|teamsize|p2|6
|gen|8
|tier|[Gen 8] OU
|rated|
|rule|Sleep Clause Mod: Limit one foe put to sleep
|rule|Species Clause: Limit one of each Pokémon
|rule|OHKO Clause: OHKO moves are banned
|rule|Evasion Moves Clause: Evasion moves are banned
|rule|Endless Battle Clause: Forcing endless battles is banned
|rule|HP Percentage Mod: HP is shown in percentages
|rule|Dynamax Clause: You cannot dynamax
|clearpoke
|poke|p1|Exploud, F|
|poke|p1|Keldeo-Resolute|
|poke|p1|Weavile, F|
|poke|p1|Landorus-Therian, M|
|poke|p1|Aegislash, F|
|poke|p1|Tornadus-Therian, M|
|poke|p2|Landorus-Therian, M|
|poke|p2|Heatran, F|
|poke|p2|Zeraora|
|poke|p2|Kartana|
|poke|p2|Tapu Fini|
|poke|p2|Tapu Lele|
|teampreview
|inactive|Battle timer is ON: inactive players will automatically lose when time's up. (requested by tanishq1)
|
|t:|1652759871
|start
|switch|p1a: Exploud|Exploud, F, shiny|100/100
|switch|p2a: Tapu Lele|Tapu Lele|100/100
|-fieldstart|move: Psychic Terrain|[from] ability: Psychic Surge|[of] p2a: Tapu Lele
|turn|1
|
|t:|1652759877
|switch|p1a: Aegislash|Aegislash, F, shiny|100/100
|move|p2a: Tapu Lele|Psychic|p1a: Aegislash
|-resisted|p1a: Aegislash
|-damage|p1a: Aegislash|75/100
|-unboost|p1a: Aegislash|spd|1
|
|-heal|p1a: Aegislash|82/100|[from] item: Leftovers
|upkeep
|turn|2
|j| Landon✘A21
|
|t:|1652759885
|switch|p2a: Heatran|Heatran, F|100/100
|-formechange|p1a: Aegislash|Aegislash-Blade||[from] ability: Stance Change
|move|p1a: Aegislash|Shadow Ball|p2a: Heatran
|-damage|p2a: Heatran|76/100
|-unboost|p2a: Heatran|spd|1
|
|-heal|p2a: Heatran|82/100|[from] item: Leftovers
|-heal|p1a: Aegislash|88/100|[from] item: Leftovers
|upkeep
|turn|3
|
|t:|1652759893
|switch|p1a: Landorus|Landorus-Therian, M|100/100
|-ability|p1a: Landorus|Intimidate|boost
|-unboost|p2a: Heatran|atk|1
|move|p2a: Heatran|Stealth Rock|p1a: Landorus
|-sidestart|p1: tanishq1|move: Stealth Rock
|
|-heal|p2a: Heatran|88/100|[from] item: Leftovers
|upkeep
|turn|4
|
|t:|1652759900
|switch|p2a: Tapu Lele|Tapu Lele|100/100
|move|p1a: Landorus|Stealth Rock|p2a: Tapu Lele
|-sidestart|p2: adel19|move: Stealth Rock
|
|upkeep
|turn|5
|
|t:|1652759906
|switch|p1a: Aegislash|Aegislash, F, shiny|88/100
|-damage|p1a: Aegislash|82/100|[from] Stealth Rock
|move|p2a: Tapu Lele|Moonblast|p1a: Aegislash
|-resisted|p1a: Aegislash
|-damage|p1a: Aegislash|58/100
|
|-heal|p1a: Aegislash|64/100|[from] item: Leftovers
|-fieldend|move: Psychic Terrain
|upkeep
|turn|6
|
|t:|1652759910
|switch|p2a: Heatran|Heatran, F|88/100
|-damage|p2a: Heatran|76/100|[from] Stealth Rock
|-formechange|p1a: Aegislash|Aegislash-Blade||[from] ability: Stance Change
|move|p1a: Aegislash|Shadow Ball|p2a: Heatran
|-damage|p2a: Heatran|54/100
|
|-heal|p2a: Heatran|60/100|[from] item: Leftovers
|-heal|p1a: Aegislash|70/100|[from] item: Leftovers
|upkeep
|turn|7
|
|t:|1652759913
|switch|p1a: Keldeo|Keldeo-Resolute|100/100
|-damage|p1a: Keldeo|94/100|[from] Stealth Rock
|move|p2a: Heatran|Magma Storm|p1a: Keldeo
|-resisted|p1a: Keldeo
|-crit|p1a: Keldeo
|-damage|p1a: Keldeo|59/100
|-activate|p1a: Keldeo|move: Magma Storm|[of] p2a: Heatran
|
|-heal|p2a: Heatran|66/100|[from] item: Leftovers
|-damage|p1a: Keldeo|46/100|[from] move: Magma Storm|[partiallytrapped]
|upkeep
|turn|8
|
|t:|1652759918
|switch|p2a: Tapu Fini|Tapu Fini|100/100
|-damage|p2a: Tapu Fini|88/100|[from] Stealth Rock
|-fieldstart|move: Misty Terrain|[from] ability: Misty Surge|[of] p2a: Tapu Fini
|move|p1a: Keldeo|Flip Turn|p2a: Tapu Fini
|-resisted|p2a: Tapu Fini
|-damage|p2a: Tapu Fini|83/100
|
|t:|1652759922
|switch|p1a: Exploud|Exploud, F, shiny|100/100|[from]move: Flip Turn
|-damage|p1a: Exploud|88/100|[from] Stealth Rock
|
|-heal|p2a: Tapu Fini|89/100|[from] item: Leftovers
|upkeep
|turn|9
|
|t:|1652759927
|switch|p2a: Heatran|Heatran, F|66/100
|-damage|p2a: Heatran|54/100|[from] Stealth Rock
|move|p1a: Exploud|Boomburst|p2a: Heatran
|-resisted|p2a: Heatran
|-damage|p2a: Heatran|23/100
|
|-heal|p2a: Heatran|30/100|[from] item: Leftovers
|upkeep
|turn|10
|
|t:|1652759936
|move|p1a: Exploud|Boomburst|p2a: Heatran
|-resisted|p2a: Heatran
|-damage|p2a: Heatran|3/100
|move|p2a: Heatran|Magma Storm|p1a: Exploud
|-damage|p1a: Exploud|37/100
|-activate|p1a: Exploud|move: Magma Storm|[of] p2a: Heatran
|
|-heal|p2a: Heatran|9/100|[from] item: Leftovers
|-damage|p1a: Exploud|25/100|[from] move: Magma Storm|[partiallytrapped]
|upkeep
|turn|11
|
|t:|1652759939
|move|p1a: Exploud|Boomburst|p2a: Heatran
|-resisted|p2a: Heatran
|-damage|p2a: Heatran|0 fnt
|faint|p2a: Heatran
|
|-end|p1a: Exploud|Magma Storm|[partiallytrapped]|[silent]
|upkeep
|
|t:|1652759950
|switch|p2a: Zeraora|Zeraora|100/100
|turn|12
|
|t:|1652759955
|switch|p1a: Landorus|Landorus-Therian, M|100/100
|-damage|p1a: Landorus|88/100|[from] Stealth Rock
|-ability|p1a: Landorus|Intimidate|boost
|-unboost|p2a: Zeraora|atk|1
|move|p2a: Zeraora|Knock Off|p1a: Landorus
|-damage|p1a: Landorus|68/100
|-enditem|p1a: Landorus|Leftovers|[from] move: Knock Off|[of] p2a: Zeraora
|
|-fieldend|Misty Terrain
|upkeep
|turn|13
|j| Jelly cookie
|
|t:|1652759959
|switch|p2a: Kartana|Kartana|100/100
|move|p1a: Landorus|Toxic|p2a: Kartana
|-immune|p2a: Kartana
|
|upkeep
|turn|14
|
|t:|1652759966
|switch|p1a: Tornadus|Tornadus-Therian, M, shiny|100/100
|move|p2a: Kartana|Knock Off|p1a: Tornadus
|-damage|p1a: Tornadus|62/100
|-enditem|p1a: Tornadus|Heavy-Duty Boots|[from] move: Knock Off|[of] p2a: Kartana
|
|upkeep
|turn|15
|
|t:|1652759970
|switch|p2a: Zeraora|Zeraora|100/100
|move|p1a: Tornadus|Defog|p2a: Zeraora
|-unboost|p2a: Zeraora|evasion|1
|-sideend|p2: adel19|Stealth Rock|[from] move: Defog|[of] p1a: Tornadus
|-sideend|p1: tanishq1|Stealth Rock|[from] move: Defog|[of] p1a: Tornadus
|
|upkeep
|turn|16
|
|t:|1652759978
|switch|p1a: Landorus|Landorus-Therian, M|68/100
|-ability|p1a: Landorus|Intimidate|boost
|-unboost|p2a: Zeraora|atk|1
|move|p2a: Zeraora|Knock Off|p1a: Landorus
|-damage|p1a: Landorus|54/100
|
|upkeep
|turn|17
|
|t:|1652759981
|switch|p2a: Landorus|Landorus-Therian, M|100/100
|-ability|p2a: Landorus|Intimidate|boost
|-unboost|p1a: Landorus|atk|1
|move|p1a: Landorus|Stealth Rock|p2a: Landorus
|-sidestart|p2: adel19|move: Stealth Rock
|
|upkeep
|turn|18
|j| yeying
|
|t:|1652759987
|move|p2a: Landorus|Stone Edge|p1a: Landorus
|-damage|p1a: Landorus|16/100
|move|p1a: Landorus|Toxic|p2a: Landorus
|-status|p2a: Landorus|tox
|
|-damage|p2a: Landorus|95/100 tox|[from] psn
|upkeep
|turn|19
|
|t:|1652759995
|switch|p1a: Aegislash|Aegislash, F, shiny|70/100
|move|p2a: Landorus|Stone Edge|p1a: Aegislash
|-resisted|p1a: Aegislash
|-damage|p1a: Aegislash|54/100
|
|-heal|p1a: Aegislash|60/100|[from] item: Leftovers
|-damage|p2a: Landorus|83/100 tox|[from] psn
|upkeep
|turn|20
|
|t:|1652760000
|move|p2a: Landorus|Earthquake|p1a: Aegislash
|-supereffective|p1a: Aegislash
|-damage|p1a: Aegislash|0 fnt
|faint|p1a: Aegislash
|
|-damage|p2a: Landorus|65/100 tox|[from] psn
|upkeep
|
|t:|1652760004
|switch|p1a: Keldeo|Keldeo-Resolute|46/100
|turn|21
|
|t:|1652760014
|move|p1a: Keldeo|Hydro Pump|p2a: Landorus
|-supereffective|p2a: Landorus
|-damage|p2a: Landorus|0 fnt
|faint|p2a: Landorus
|
|upkeep
|
|t:|1652760016
|switch|p2a: Tapu Lele|Tapu Lele|100/100
|-damage|p2a: Tapu Lele|88/100|[from] Stealth Rock
|-fieldstart|move: Psychic Terrain|[from] ability: Psychic Surge|[of] p2a: Tapu Lele
|turn|22
|
|t:|1652760019
|move|p1a: Keldeo|Hydro Pump|p2a: Tapu Lele
|-damage|p2a: Tapu Lele|0 fnt
|faint|p2a: Tapu Lele
|
|upkeep
|
|t:|1652760023
|switch|p2a: Zeraora|Zeraora|100/100
|turn|23
|
|t:|1652760026
|move|p2a: Zeraora|Plasma Fists|p1a: Keldeo
|-supereffective|p1a: Keldeo
|-damage|p1a: Keldeo|0 fnt
|-fieldactivate|move: Ion Deluge
|-hint|Normal-type moves become Electric-type after using Plasma Fists.
|faint|p1a: Keldeo
|
|upkeep
|j| 50 at max
|
|t:|1652760030
|switch|p1a: Landorus|Landorus-Therian, M|16/100
|-ability|p1a: Landorus|Intimidate|boost
|-unboost|p2a: Zeraora|atk|1
|turn|24
|
|t:|1652760034
|switch|p2a: Kartana|Kartana|100/100
|move|p1a: Landorus|Earthquake|p2a: Kartana
|-damage|p2a: Kartana|58/100
|
|upkeep
|turn|25
|
|t:|1652760037
|switch|p2a: Zeraora|Zeraora|100/100
|switch|p1a: Tornadus|Tornadus-Therian, M, shiny|95/100
|
|upkeep
|turn|26
|
|t:|1652760042
|move|p2a: Zeraora|Plasma Fists|p1a: Tornadus
|-supereffective|p1a: Tornadus
|-damage|p1a: Tornadus|0 fnt
|-fieldactivate|move: Ion Deluge
|-hint|Normal-type moves become Electric-type after using Plasma Fists.
|faint|p1a: Tornadus
|
|-fieldend|move: Psychic Terrain
|upkeep
|
|t:|1652760046
|switch|p1a: Landorus|Landorus-Therian, M|16/100
|-ability|p1a: Landorus|Intimidate|boost
|-unboost|p2a: Zeraora|atk|1
|turn|27
|
|t:|1652760050
|switch|p2a: Kartana|Kartana|58/100
|move|p1a: Landorus|Earthquake|p2a: Kartana
|-damage|p2a: Kartana|19/100
|
|upkeep
|turn|28
|
|t:|1652760055
|switch|p1a: Exploud|Exploud, F, shiny|25/100
|move|p2a: Kartana|Sacred Sword|p1a: Exploud
|-supereffective|p1a: Exploud
|-damage|p1a: Exploud|0 fnt
|faint|p1a: Exploud
|-ability|p2a: Kartana|Beast Boost|boost
|-boost|p2a: Kartana|spe|1
|
|upkeep
|
|t:|1652760057
|switch|p1a: Weavile|Weavile, F, shiny|100/100
|-ability|p1a: Weavile|Pressure
|turn|29
|
|t:|1652760060
|move|p1a: Weavile|Ice Shard|p2a: Kartana
|-damage|p2a: Kartana|2/100
|move|p2a: Kartana|Sacred Sword|p1a: Weavile
|-supereffective|p1a: Weavile
|-damage|p1a: Weavile|0 fnt
|faint|p1a: Weavile
|-ability|p2a: Kartana|Beast Boost|boost
|-boost|p2a: Kartana|spe|1
|
|upkeep
|-message|tanishq1 forfeited.
|
|win|adel19
|raw|tanishq1's rating: 1806 &rarr; <strong>1789</strong><br />(-17 for losing)
|raw|adel19's rating: 1859 &rarr; <strong>1876</strong><br />(+17 for winning)
|l|☆tanishq1
