|raw|<div class="broadcast-blue"><strong>This battle is required to be public due to a player having a name starting with 'lt94je'.</div>
|j|☆LT94JE tj
|j|☆return nirvana
|t:|1661667990
|gametype|singles
|player|p1|LT94JE tj|skyla-masters2|1881
|player|p2|return nirvana|cynthia-masters2|1937
|teamsize|p1|6
|teamsize|p2|6
|gen|8
|tier|[Gen 8] OU
|rated|
|rule|Sleep Clause Mod: Limit one foe put to sleep
|rule|Species Clause: Limit one of each Pokémon
|rule|OHKO Clause: OHKO moves are banned
|rule|Evasion Items Clause: Evasion items are banned
|rule|Evasion Moves Clause: Evasion moves are banned
|rule|Endless Battle Clause: Forcing endless battles is banned
|rule|HP Percentage Mod: HP is shown in percentages
|rule|Dynamax Clause: You cannot dynamax
|clearpoke
|poke|p1|Garchomp, M|
|poke|p1|Blaziken, M|
|poke|p1|Mew|
|poke|p1|Dragapult, F|
|poke|p1|Scizor, M|
|poke|p1|Weavile, F|
|poke|p2|Mew|
|poke|p2|Pelipper, M|
|poke|p2|Kingdra, M|
|poke|p2|Tapu Koko|
|poke|p2|Weavile, F|
|poke|p2|Blacephalon|
|teampreview
|inactive|Battle timer is ON: inactive players will automatically lose when time's up. (requested by LT94JE tj)
|j| Lessjelly
|
|t:|1661668002
|start
|switch|p1a: Weavile|Weavile, F|100/100
|switch|p2a: Mew|Mew|100/100
|-ability|p1a: Weavile|Pressure
|turn|1
|j| inv solak plz
|
|t:|1661668005
|switch|p2a: Tapu Koko|Tapu Koko|100/100
|-fieldstart|move: Electric Terrain|[from] ability: Electric Surge|[of] p2a: Tapu Koko
|move|p1a: Weavile|Knock Off|p2a: Tapu Koko
|-resisted|p2a: Tapu Koko
|-damage|p2a: Tapu Koko|54/100
|-enditem|p2a: Tapu Koko|Heavy-Duty Boots|[from] move: Knock Off|[of] p1a: Weavile
|-damage|p1a: Weavile|91/100|[from] item: Life Orb
|
|upkeep
|turn|2
|l| Lessjelly
|
|t:|1661668009
|switch|p1a: Mew|Mew|100/100
|move|p2a: Tapu Koko|Dazzling Gleam|p1a: Mew
|-damage|p1a: Mew|72/100
|
|upkeep
|turn|3
|
|t:|1661668012
|move|p2a: Tapu Koko|Taunt|p1a: Mew
|-start|p1a: Mew|move: Taunt
|cant|p1a: Mew|move: Taunt|Spikes
|
|upkeep
|turn|4
|j| brosevelt
|
|t:|1661668013
|move|p2a: Tapu Koko|U-turn|p1a: Mew
|-supereffective|p1a: Mew
|-damage|p1a: Mew|40/100
|
|t:|1661668015
|switch|p2a: Mew|Mew|100/100|[from]move: U-turn
|move|p1a: Mew|Triple Axel|p2a: Mew
|-damage|p2a: Mew|95/100
|-damage|p2a: Mew|82/100
|-damage|p2a: Mew|64/100
|-hitcount|p2a: Mew|3
|-damage|p1a: Mew|30/100|[from] item: Life Orb
|
|upkeep
|turn|5
|
|t:|1661668021
|move|p2a: Mew|Stealth Rock|p1a: Mew
|-sidestart|p1: LT94JE tj|move: Stealth Rock
|move|p1a: Mew|Triple Axel|p2a: Mew
|-damage|p2a: Mew|59/100
|-hitcount|p2a: Mew|1
|-damage|p1a: Mew|20/100|[from] item: Life Orb
|
|-end|p1a: Mew|move: Taunt
|-fieldend|move: Electric Terrain
|upkeep
|turn|6
|
|t:|1661668023
|move|p2a: Mew|Taunt|p1a: Mew
|-start|p1a: Mew|move: Taunt
|cant|p1a: Mew|move: Taunt|Spikes
|
|upkeep
|turn|7
|j| Mimikyu Stardust
|
|t:|1661668030
|switch|p1a: Garchomp|Garchomp, M|100/100
|-damage|p1a: Garchomp|94/100|[from] Stealth Rock
|move|p2a: Mew|Spikes|p1a: Garchomp
|-sidestart|p1: LT94JE tj|Spikes
|
|upkeep
|turn|8
|
|t:|1661668032
|move|p1a: Garchomp|Stealth Rock|p2a: Mew
|-sidestart|p2: return nirvana|move: Stealth Rock
|move|p2a: Mew|Will-O-Wisp|p1a: Garchomp
|-status|p1a: Garchomp|brn
|
|-damage|p1a: Garchomp|88/100 brn|[from] brn
|upkeep
|turn|9
|j| ripreckful
|j| leona misa
|j| lt94jecindylaregia
|
|t:|1661668034
|move|p1a: Garchomp|Earthquake|p2a: Mew
|-damage|p2a: Mew|28/100
|-damage|p1a: Garchomp|78/100 brn|[from] item: Life Orb
|move|p2a: Mew|Spikes|p1a: Garchomp
|-sidestart|p1: LT94JE tj|Spikes
|
|-damage|p1a: Garchomp|72/100 brn|[from] brn
|upkeep
|turn|10
|j| LT94JE Fuse
|
|t:|1661668037
|switch|p2a: Pelipper|Pelipper, M|100/100
|-damage|p2a: Pelipper|76/100|[from] Stealth Rock
|-weather|RainDance|[from] ability: Drizzle|[of] p2a: Pelipper
|move|p1a: Garchomp|Earthquake|p2a: Pelipper
|-immune|p2a: Pelipper
|
|-weather|RainDance|[upkeep]
|-damage|p1a: Garchomp|66/100 brn|[from] brn
|upkeep
|turn|11
|
|t:|1661668039
|switch|p2a: Mew|Mew|28/100
|-damage|p2a: Mew|16/100|[from] Stealth Rock
|move|p1a: Garchomp|Outrage|p2a: Mew
|-damage|p2a: Mew|0 fnt
|faint|p2a: Mew
|-damage|p1a: Garchomp|56/100 brn|[from] item: Life Orb
|
|-weather|RainDance|[upkeep]
|-damage|p1a: Garchomp|50/100 brn|[from] brn
|upkeep
|j| Kyurem
|j| LT94JE Tace
|j| jhbcc
|j| FBAM
|l| ripreckful
|
|t:|1661668060
|switch|p2a: Kingdra|Kingdra, M|100/100
|-damage|p2a: Kingdra|88/100|[from] Stealth Rock
|turn|12
|
|t:|1661668062
|move|p2a: Kingdra|Surf|p1a: Garchomp
|-damage|p1a: Garchomp|0 fnt
|faint|p1a: Garchomp
|
|-weather|RainDance|[upkeep]
|upkeep
|j| Despistao
|j| LT94JE Insurgencia
|c| LT94JE Insurgencia|this mu is p sad
|c|☆return nirvana|rain HO
|
|t:|1661668090
|switch|p1a: Weavile|Weavile, F|91/100
|-damage|p1a: Weavile|66/100|[from] Stealth Rock
|-damage|p1a: Weavile|49/100|[from] Spikes
|-ability|p1a: Weavile|Pressure
|turn|13
|c|☆return nirvana|i'm genius
|c|☆return nirvana|i'm also high too
|c|☆return nirvana|smoking that poison durban baby
|j|+kino
|j| Faultson‽
|c| LT94JE Insurgencia|bru
|inactive|return nirvana has 120 seconds left.
|j| jefo
|j| scrubbing floors
|
|t:|1661668129
|switch|p2a: Blacephalon|Blacephalon|100/100
|-damage|p2a: Blacephalon|76/100|[from] Stealth Rock
|move|p1a: Weavile|Ice Shard|p2a: Blacephalon
|-resisted|p2a: Blacephalon
|-damage|p2a: Blacephalon|45/100
|-damage|p1a: Weavile|39/100|[from] item: Life Orb
|
|-weather|RainDance|[upkeep]
|upkeep
|turn|14
|inactive|return nirvana has 120 seconds left.
|
|t:|1661668138
|move|p2a: Blacephalon|Shadow Ball|p1a: Weavile
|-resisted|p1a: Weavile
|-damage|p1a: Weavile|9/100
|move|p1a: Weavile|Knock Off|p2a: Blacephalon
|-supereffective|p2a: Blacephalon
|-damage|p2a: Blacephalon|0 fnt
|-enditem|p2a: Blacephalon|Choice Scarf|[from] move: Knock Off|[of] p1a: Weavile
|faint|p2a: Blacephalon
|-damage|p1a: Weavile|0 fnt|[from] item: Life Orb
|faint|p1a: Weavile
|
|-weather|RainDance|[upkeep]
|upkeep
|j|+STEELS kitty??!!
|inactive|return nirvana has 120 seconds left.
|inactive|LT94JE tj has 120 seconds left.
|inactive|LT94JE tj has 90 seconds left.
|
|t:|1661668200
|switch|p1a: Dragapult|Dragapult, F|100/100
|switch|p2a: Kingdra|Kingdra, M|88/100
|-damage|p2a: Kingdra|76/100|[from] Stealth Rock
|-damage|p1a: Dragapult|88/100|[from] Stealth Rock
|-damage|p1a: Dragapult|72/100|[from] Spikes
|turn|15
|
|t:|1661668203
|move|p2a: Kingdra|Hydro Pump|p1a: Dragapult
|-resisted|p1a: Dragapult
|-damage|p1a: Dragapult|0 fnt
|faint|p1a: Dragapult
|
|-weather|RainDance|[upkeep]
|upkeep
|
|t:|1661668210
|switch|p1a: Blaziken|Blaziken, M|100/100
|-damage|p1a: Blaziken|88/100|[from] Stealth Rock
|-damage|p1a: Blaziken|72/100|[from] Spikes
|turn|16
|
|t:|1661668216
|move|p2a: Kingdra|Hydro Pump|p1a: Blaziken
|-supereffective|p1a: Blaziken
|-damage|p1a: Blaziken|0 fnt
|faint|p1a: Blaziken
|
|-weather|RainDance|[upkeep]
|upkeep
|
|t:|1661668218
|switch|p1a: Scizor|Scizor, M|100/100
|-damage|p1a: Scizor|88/100|[from] Stealth Rock
|-damage|p1a: Scizor|72/100|[from] Spikes
|turn|17
|
|t:|1661668221
|move|p2a: Kingdra|Hydro Pump|p1a: Scizor
|-damage|p1a: Scizor|0 fnt
|faint|p1a: Scizor
|
|-weather|none
|upkeep
|-message|LT94JE tj forfeited.
|
|win|return nirvana
|raw|LT94JE tj's rating: 1861 &rarr; <strong>1845</strong><br />(-16 for losing)
|raw|return nirvana's rating: 1937 &rarr; <strong>1953</strong><br />(+16 for winning)
|l|☆LT94JE tj
|c|☆return nirvana|gg
|l| Despistao
