|raw|<div class="broadcast-blue"><strong>This battle is required to be public due to a player having a name starting with 'btlt200'.</div>
|j|☆BTLT200$ SF'
|j|☆ZOE DU PETIT BAIN
|t:|1668170911
|gametype|singles
|player|p1|BTLT200$ SF'|palmer|
|player|p2|ZOE DU PETIT BAIN|tuberf|
|teamsize|p1|6
|teamsize|p2|6
|gen|8
|tier|[Gen 8] OU
|rule|Sleep Clause Mod: Limit one foe put to sleep
|rule|Species Clause: Limit one of each Pokémon
|rule|OHKO Clause: OHKO moves are banned
|rule|Evasion Items Clause: Evasion items are banned
|rule|Evasion Moves Clause: Evasion moves are banned
|rule|Endless Battle Clause: Forcing endless battles is banned
|rule|HP Percentage Mod: HP is shown in percentages
|rule|Dynamax Clause: You cannot dynamax
|clearpoke
|poke|p1|Grimmsnarl, M|
|poke|p1|Slowbro-Galar, M|
|poke|p1|Polteageist-Antique|
|poke|p1|Zarude-Dada|
|poke|p1|Articuno-Galar|
|poke|p1|Inteleon, M|
|poke|p2|Regieleki|
|poke|p2|Slowbro-Galar, F|
|poke|p2|Toxtricity, M|
|poke|p2|Zarude|
|poke|p2|Regidrago|
|poke|p2|Copperajah, M|
|teampreview
|inactive|Battle timer is ON: inactive players will automatically lose when time's up. (requested by BTLT200$ SF')
|inactive|ZOE DU PETIT BAIN has 270 seconds left.
|
|t:|1668170949
|start
|switch|p1a: Grimmsnarl|Grimmsnarl, M|100/100
|switch|p2a: Zarude|Zarude|100/100
|turn|1
|
|t:|1668170955
|move|p1a: Grimmsnarl|Reflect|p1a: Grimmsnarl
|-sidestart|p1: BTLT200$ SF'|Reflect
|move|p2a: Zarude|Close Combat|p1a: Grimmsnarl
|-damage|p1a: Grimmsnarl|63/100
|-unboost|p2a: Zarude|def|1
|-unboost|p2a: Zarude|spd|1
|
|upkeep
|turn|2
|
|t:|1668170965
|switch|p2a: Regidrago|Regidrago|100/100
|move|p1a: Grimmsnarl|Light Screen|p1a: Grimmsnarl
|-sidestart|p1: BTLT200$ SF'|move: Light Screen
|
|upkeep
|turn|3
|
|t:|1668170971
|switch|p2a: Copperajah|Copperajah, M|100/100
|move|p1a: Grimmsnarl|Spirit Break|p2a: Copperajah
|-resisted|p2a: Copperajah
|-damage|p2a: Copperajah|79/100
|-unboost|p2a: Copperajah|spa|1
|
|upkeep
|turn|4
|
|t:|1668170975
|switch|p1a: Slowbro|Slowbro-Galar, M|100/100
|move|p2a: Copperajah|Heavy Slam|p1a: Slowbro
|-damage|p1a: Slowbro|68/100
|-damage|p2a: Copperajah|62/100|[from] item: Rocky Helmet|[of] p1a: Slowbro
|
|upkeep
|turn|5
|
|t:|1668170980
|move|p2a: Copperajah|Heavy Slam|p1a: Slowbro
|-damage|p1a: Slowbro|35/100
|-damage|p2a: Copperajah|46/100|[from] item: Rocky Helmet|[of] p1a: Slowbro
|move|p1a: Slowbro|Slack Off|p1a: Slowbro
|-heal|p1a: Slowbro|85/100
|
|upkeep
|turn|6
|
|t:|1668170989
|switch|p2a: Slowbro|Slowbro-Galar, F|100/100
|move|p1a: Slowbro|Iron Defense|p1a: Slowbro
|-boost|p1a: Slowbro|def|2
|
|upkeep
|turn|7
|
|t:|1668171009
|move|p1a: Slowbro|Calm Mind|p1a: Slowbro
|-boost|p1a: Slowbro|spa|1
|-boost|p1a: Slowbro|spd|1
|move|p2a: Slowbro|Psyshock|p1a: Slowbro
|-damage|p1a: Slowbro|75/100
|
|upkeep
|turn|8
|
|t:|1668171016
|switch|p2a: Regieleki|Regieleki|100/100
|move|p1a: Slowbro|Calm Mind|p1a: Slowbro
|-boost|p1a: Slowbro|spa|1
|-boost|p1a: Slowbro|spd|1
|
|-sideend|p1: BTLT200$ SF'|Reflect
|upkeep
|turn|9
|
|t:|1668171030
|move|p2a: Regieleki|Thunder Cage|p1a: Slowbro
|-damage|p1a: Slowbro|62/100
|-activate|p1a: Slowbro|move: Thunder Cage|[of] p2a: Regieleki
|move|p1a: Slowbro|Slack Off|p1a: Slowbro
|-heal|p1a: Slowbro|100/100
|
|-damage|p1a: Slowbro|88/100|[from] move: Thunder Cage|[partiallytrapped]
|-sideend|p1: BTLT200$ SF'|move: Light Screen
|upkeep
|turn|10
|-activate|p1a: Slowbro|ability: Quick Draw
|
|t:|1668171051
|switch|p2a: Regidrago|Regidrago|100/100
|move|p1a: Slowbro|Sludge Bomb|p2a: Regidrago
|-damage|p2a: Regidrago|30/100
|
|-end|p1a: Slowbro|Thunder Cage|[partiallytrapped]|[silent]
|upkeep
|turn|11
|
|t:|1668171060
|move|p2a: Regidrago|Outrage|p1a: Slowbro
|-damage|p1a: Slowbro|46/100
|-damage|p2a: Regidrago|13/100|[from] item: Rocky Helmet|[of] p1a: Slowbro
|move|p1a: Slowbro|Slack Off|p1a: Slowbro
|-heal|p1a: Slowbro|96/100
|
|upkeep
|turn|12
|
|t:|1668171066
|move|p2a: Regidrago|Outrage|p1a: Slowbro|[from]lockedmove
|-damage|p1a: Slowbro|53/100
|-damage|p2a: Regidrago|0 fnt|[from] item: Rocky Helmet|[of] p1a: Slowbro
|faint|p2a: Regidrago
|move|p1a: Slowbro|Iron Defense|p1a: Slowbro
|-boost|p1a: Slowbro|def|2
|
|upkeep
|
|t:|1668171074
|switch|p2a: Copperajah|Copperajah, M|46/100
|turn|13
|
|t:|1668171077
|move|p2a: Copperajah|Earthquake|p1a: Slowbro
|-supereffective|p1a: Slowbro
|-damage|p1a: Slowbro|29/100
|move|p1a: Slowbro|Slack Off|p1a: Slowbro
|-heal|p1a: Slowbro|79/100
|
|upkeep
|turn|14
|
|t:|1668171081
|move|p2a: Copperajah|Earthquake|p1a: Slowbro
|-supereffective|p1a: Slowbro
|-damage|p1a: Slowbro|55/100
|move|p1a: Slowbro|Slack Off|p1a: Slowbro
|-heal|p1a: Slowbro|100/100
|
|upkeep
|turn|15
|
|t:|1668171085
|move|p2a: Copperajah|Earthquake|p1a: Slowbro
|-supereffective|p1a: Slowbro
|-damage|p1a: Slowbro|73/100
|move|p1a: Slowbro|Iron Defense|p1a: Slowbro
|-boost|p1a: Slowbro|def|2
|
|upkeep
|turn|16
|
|t:|1668171088
|move|p2a: Copperajah|Earthquake|p1a: Slowbro
|-supereffective|p1a: Slowbro
|-damage|p1a: Slowbro|53/100
|move|p1a: Slowbro|Calm Mind|p1a: Slowbro
|-boost|p1a: Slowbro|spa|1
|-boost|p1a: Slowbro|spd|1
|
|upkeep
|turn|17
|
|t:|1668171092
|move|p1a: Slowbro|Slack Off|p1a: Slowbro
|-heal|p1a: Slowbro|100/100
|move|p2a: Copperajah|Earthquake|p1a: Slowbro
|-supereffective|p1a: Slowbro
|-damage|p1a: Slowbro|81/100
|
|upkeep
|turn|18
|
|t:|1668171096
|move|p1a: Slowbro|Calm Mind|p1a: Slowbro
|-boost|p1a: Slowbro|spa|1
|-boost|p1a: Slowbro|spd|1
|move|p2a: Copperajah|Earthquake|p1a: Slowbro
|-supereffective|p1a: Slowbro
|-damage|p1a: Slowbro|62/100
|
|upkeep
|turn|19
|
|t:|1668171099
|move|p2a: Copperajah|Earthquake|p1a: Slowbro
|-supereffective|p1a: Slowbro
|-damage|p1a: Slowbro|45/100
|move|p1a: Slowbro|Slack Off|p1a: Slowbro
|-heal|p1a: Slowbro|95/100
|
|upkeep
|turn|20
|
|t:|1668171102
|move|p1a: Slowbro|Calm Mind|p1a: Slowbro
|-boost|p1a: Slowbro|spa|1
|-boost|p1a: Slowbro|spd|1
|move|p2a: Copperajah|Earthquake|p1a: Slowbro
|-supereffective|p1a: Slowbro
|-damage|p1a: Slowbro|76/100
|
|upkeep
|turn|21
|
|t:|1668171107
|move|p2a: Copperajah|Earthquake|p1a: Slowbro
|-supereffective|p1a: Slowbro
|-damage|p1a: Slowbro|57/100
|move|p1a: Slowbro|Calm Mind|p1a: Slowbro
|-boost|p1a: Slowbro|spa|1
|-boost|p1a: Slowbro|spd|1
|
|upkeep
|turn|22
|
|t:|1668171116
|move|p2a: Copperajah|Earthquake|p1a: Slowbro
|-supereffective|p1a: Slowbro
|-damage|p1a: Slowbro|36/100
|move|p1a: Slowbro|Slack Off|p1a: Slowbro
|-heal|p1a: Slowbro|86/100
|
|upkeep
|turn|23
|
|t:|1668171119
|move|p2a: Copperajah|Earthquake|p1a: Slowbro
|-supereffective|p1a: Slowbro
|-damage|p1a: Slowbro|66/100
|move|p1a: Slowbro|Slack Off|p1a: Slowbro
|-heal|p1a: Slowbro|100/100
|
|upkeep
|turn|24
|
|t:|1668171131
|move|p1a: Slowbro|Iron Defense|p1a: Slowbro
|-boost|p1a: Slowbro|def|0
|move|p2a: Copperajah|Earthquake|p1a: Slowbro
|-supereffective|p1a: Slowbro
|-damage|p1a: Slowbro|82/100
|
|upkeep
|turn|25
|
|t:|1668171140
|move|p1a: Slowbro|Slack Off|p1a: Slowbro
|-heal|p1a: Slowbro|100/100
|move|p2a: Copperajah|Earthquake|p1a: Slowbro
|-supereffective|p1a: Slowbro
|-damage|p1a: Slowbro|80/100
|
|upkeep
|turn|26
|
|t:|1668171146
|move|p1a: Slowbro|Slack Off|p1a: Slowbro
|-heal|p1a: Slowbro|100/100
|move|p2a: Copperajah|Earthquake|p1a: Slowbro
|-supereffective|p1a: Slowbro
|-damage|p1a: Slowbro|81/100
|
|upkeep
|turn|27
|
|t:|1668171148
|move|p2a: Copperajah|Earthquake|p1a: Slowbro
|-supereffective|p1a: Slowbro
|-damage|p1a: Slowbro|64/100
|move|p1a: Slowbro|Slack Off|p1a: Slowbro
|-heal|p1a: Slowbro|100/100
|
|upkeep
|turn|28
|
|t:|1668171152
|move|p2a: Copperajah|Earthquake|p1a: Slowbro
|-supereffective|p1a: Slowbro
|-damage|p1a: Slowbro|83/100
|move|p1a: Slowbro|Slack Off|p1a: Slowbro
|-heal|p1a: Slowbro|100/100
|
|upkeep
|turn|29
|
|t:|1668171156
|switch|p2a: Toxtricity|Toxtricity, M|100/100
|move|p1a: Slowbro|Sludge Bomb|p2a: Toxtricity
|-resisted|p2a: Toxtricity
|-damage|p2a: Toxtricity|18/100
|
|upkeep
|turn|30
|
|t:|1668171163
|move|p2a: Toxtricity|Boomburst|p1a: Slowbro
|-damage|p1a: Slowbro|74/100
|move|p1a: Slowbro|Sludge Bomb|p2a: Toxtricity
|-resisted|p2a: Toxtricity
|-damage|p2a: Toxtricity|0 fnt
|faint|p2a: Toxtricity
|
|upkeep
|
|t:|1668171166
|switch|p2a: Copperajah|Copperajah, M|46/100
|turn|31
|c|☆BTLT200$ SF'|gg
|
|t:|1668171169
|move|p2a: Copperajah|Stealth Rock|p1a: Slowbro
|-sidestart|p1: BTLT200$ SF'|move: Stealth Rock
|move|p1a: Slowbro|Slack Off|p1a: Slowbro
|-heal|p1a: Slowbro|100/100
|
|upkeep
|turn|32
|
|t:|1668171173
|move|p1a: Slowbro|Calm Mind|p1a: Slowbro
|-boost|p1a: Slowbro|spa|0
|-boost|p1a: Slowbro|spd|0
|move|p2a: Copperajah|Stealth Rock||[still]
|-fail|p2a: Copperajah
|
|upkeep
|turn|33
|
|t:|1668171176
|move|p2a: Copperajah|Stealth Rock||[still]
|-fail|p2a: Copperajah
|move|p1a: Slowbro|Calm Mind|p1a: Slowbro
|-boost|p1a: Slowbro|spa|0
|-boost|p1a: Slowbro|spd|0
|
|upkeep
|turn|34
|
|t:|1668171181
|move|p2a: Copperajah|Stealth Rock||[still]
|-fail|p2a: Copperajah
|move|p1a: Slowbro|Calm Mind|p1a: Slowbro
|-boost|p1a: Slowbro|spa|0
|-boost|p1a: Slowbro|spd|0
|
|upkeep
|turn|35
|
|t:|1668171183
|move|p1a: Slowbro|Calm Mind|p1a: Slowbro
|-boost|p1a: Slowbro|spa|0
|-boost|p1a: Slowbro|spd|0
|move|p2a: Copperajah|Stealth Rock||[still]
|-fail|p2a: Copperajah
|
|upkeep
|turn|36
|
|t:|1668171185
|move|p2a: Copperajah|Stealth Rock||[still]
|-fail|p2a: Copperajah
|move|p1a: Slowbro|Calm Mind|p1a: Slowbro
|-boost|p1a: Slowbro|spa|0
|-boost|p1a: Slowbro|spd|0
|
|upkeep
|turn|37
|-activate|p1a: Slowbro|ability: Quick Draw
|
|t:|1668171187
|move|p1a: Slowbro|Sludge Bomb|p2a: Copperajah
|-immune|p2a: Copperajah
|move|p2a: Copperajah|Stealth Rock||[still]
|-fail|p2a: Copperajah
|
|upkeep
|turn|38
|
|t:|1668171191
|move|p1a: Slowbro|Calm Mind|p1a: Slowbro
|-boost|p1a: Slowbro|spa|0
|-boost|p1a: Slowbro|spd|0
|move|p2a: Copperajah|Stealth Rock||[still]
|-fail|p2a: Copperajah
|
|upkeep
|turn|39
|
|t:|1668171192
|move|p1a: Slowbro|Calm Mind|p1a: Slowbro
|-boost|p1a: Slowbro|spa|0
|-boost|p1a: Slowbro|spd|0
|move|p2a: Copperajah|Stealth Rock||[still]
|-fail|p2a: Copperajah
|
|upkeep
|turn|40
|
|t:|1668171194
|move|p2a: Copperajah|Stealth Rock||[still]
|-fail|p2a: Copperajah
|move|p1a: Slowbro|Calm Mind|p1a: Slowbro
|-boost|p1a: Slowbro|spa|0
|-boost|p1a: Slowbro|spd|0
|
|upkeep
|turn|41
|
|t:|1668171195
|move|p2a: Copperajah|Stealth Rock||[still]
|-fail|p2a: Copperajah
|move|p1a: Slowbro|Iron Defense|p1a: Slowbro
|-boost|p1a: Slowbro|def|0
|
|upkeep
|turn|42
|
|t:|1668171197
|move|p2a: Copperajah|Stealth Rock||[still]
|-fail|p2a: Copperajah
|move|p1a: Slowbro|Calm Mind|p1a: Slowbro
|-boost|p1a: Slowbro|spa|0
|-boost|p1a: Slowbro|spd|0
|
|upkeep
|turn|43
|
|t:|1668171200
|move|p1a: Slowbro|Iron Defense|p1a: Slowbro
|-boost|p1a: Slowbro|def|0
|move|p2a: Copperajah|Stealth Rock||[still]
|-fail|p2a: Copperajah
|
|upkeep
|turn|44
|
|t:|1668171203
|switch|p2a: Slowbro|Slowbro-Galar, F|100/100
|move|p1a: Slowbro|Iron Defense|p1a: Slowbro
|-boost|p1a: Slowbro|def|0
|
|upkeep
|turn|45
|
|t:|1668171205
|switch|p2a: Copperajah|Copperajah, M|46/100
|move|p1a: Slowbro|Sludge Bomb|p2a: Copperajah
|-immune|p2a: Copperajah
|
|upkeep
|turn|46
|
|t:|1668171213
|move|p2a: Copperajah|Heavy Slam|p1a: Slowbro
|-damage|p1a: Slowbro|85/100
|-damage|p2a: Copperajah|29/100|[from] item: Rocky Helmet|[of] p1a: Slowbro
|move|p1a: Slowbro|Iron Defense|p1a: Slowbro
|-boost|p1a: Slowbro|def|0
|
|upkeep
|turn|47
|-activate|p1a: Slowbro|ability: Quick Draw
|
|t:|1668171219
|move|p1a: Slowbro|Sludge Bomb|p2a: Copperajah
|-immune|p2a: Copperajah
|move|p2a: Copperajah|Heavy Slam|p1a: Slowbro
|-damage|p1a: Slowbro|68/100
|-damage|p2a: Copperajah|13/100|[from] item: Rocky Helmet|[of] p1a: Slowbro
|
|upkeep
|turn|48
|-activate|p1a: Slowbro|ability: Quick Draw
|
|t:|1668171224
|move|p1a: Slowbro|Sludge Bomb|p2a: Copperajah
|-immune|p2a: Copperajah
|move|p2a: Copperajah|Heavy Slam|p1a: Slowbro
|-damage|p1a: Slowbro|52/100
|-damage|p2a: Copperajah|0 fnt|[from] item: Rocky Helmet|[of] p1a: Slowbro
|faint|p2a: Copperajah
|
|upkeep
|
|t:|1668171231
|switch|p2a: Regieleki|Regieleki|100/100
|turn|49
|-activate|p1a: Slowbro|ability: Quick Draw
|
|t:|1668171237
|move|p1a: Slowbro|Sludge Bomb|p2a: Regieleki
|-damage|p2a: Regieleki|0 fnt
|faint|p2a: Regieleki
|
|upkeep
|-message|ZOE DU PETIT BAIN forfeited.
|
|win|BTLT200$ SF'
|l|☆ZOE DU PETIT BAIN
|l|☆BTLT200$ SF'
|j|☆BTLT200$ SF'
|player|p1|BTLT200$ SF'|palmer
