|j|☆stopthreat
|j|☆Roger Goodell
|t:|1650559051
|gametype|singles
|player|p1|stopthreat|skier|1689
|player|p2|Roger Goodell|harlequin|1717
|teamsize|p1|6
|teamsize|p2|6
|gen|8
|tier|[Gen 8] OU
|rated|
|rule|Sleep Clause Mod: Limit one foe put to sleep
|rule|Species Clause: Limit one of each Pokémon
|rule|OHKO Clause: OHKO moves are banned
|rule|Evasion Moves Clause: Evasion moves are banned
|rule|Endless Battle Clause: Forcing endless battles is banned
|rule|HP Percentage Mod: HP is shown in percentages
|rule|Dynamax Clause: You cannot dynamax
|clearpoke
|poke|p1|Dragapult, F|
|poke|p1|Clefable, F|
|poke|p1|Crawdaunt, F|
|poke|p1|Corviknight, M|
|poke|p1|Heatran, F|
|poke|p1|Gastrodon, F|
|poke|p2|Obstagoon, F|
|poke|p2|Heatran, M|
|poke|p2|Landorus-Therian, M|
|poke|p2|Volcanion|
|poke|p2|Zeraora|
|poke|p2|Clefable, M|
|teampreview
|inactive|Battle timer is ON: inactive players will automatically lose when time's up. (requested by Roger Goodell)
|c|☆stopthreat|er
|
|t:|1650559061
|start
|switch|p1a: Clefable|Clefable, F|100/100
|switch|p2a: Landorus|Landorus-Therian, M|100/100
|-ability|p2a: Landorus|Intimidate|boost
|-unboost|p1a: Clefable|atk|1
|turn|1
|
|t:|1650559064
|move|p1a: Clefable|Ice Beam|p2a: Landorus
|-supereffective|p2a: Landorus
|-damage|p2a: Landorus|0 fnt
|faint|p2a: Landorus
|
|upkeep
|
|t:|1650559072
|switch|p2a: Clefable|Clefable, M|100/100
|turn|2
|
|t:|1650559088
|switch|p1a: Heatran|Heatran, F|100/100
|move|p2a: Clefable|Teleport|p2a: Clefable
|
|t:|1650559091
|switch|p2a: Obstagoon|Obstagoon, F|100/100|[from]move: Teleport
|
|-status|p2a: Obstagoon|brn|[from] item: Flame Orb
|upkeep
|turn|3
|
|t:|1650559097
|switch|p1a: Corviknight|Corviknight, M|100/100
|-ability|p1a: Corviknight|Pressure
|move|p2a: Obstagoon|Knock Off|p1a: Corviknight
|-damage|p1a: Corviknight|49/100
|-damage|p2a: Obstagoon|84/100 brn|[from] item: Rocky Helmet|[of] p1a: Corviknight
|-enditem|p1a: Corviknight|Rocky Helmet|[from] move: Knock Off|[of] p2a: Obstagoon
|
|-damage|p2a: Obstagoon|78/100 brn|[from] brn
|upkeep
|turn|4
|
|t:|1650559102
|move|p2a: Obstagoon|Taunt|p1a: Corviknight
|-start|p1a: Corviknight|move: Taunt
|cant|p1a: Corviknight|move: Taunt|Roost
|
|-damage|p2a: Obstagoon|72/100 brn|[from] brn
|upkeep
|turn|5
|
|t:|1650559104
|switch|p2a: Clefable|Clefable, M|100/100
|move|p1a: Corviknight|U-turn|p2a: Clefable
|-resisted|p2a: Clefable
|-damage|p2a: Clefable|95/100
|-damage|p1a: Corviknight|33/100|[from] item: Rocky Helmet|[of] p2a: Clefable
|j| Amaja8
|
|t:|1650559108
|switch|p1a: Heatran|Heatran, F|100/100|[from]move: U-turn
|
|upkeep
|turn|6
|
|t:|1650559112
|switch|p2a: Heatran|Heatran, M|100/100
|-item|p2a: Heatran|Air Balloon
|move|p1a: Heatran|Magma Storm|p2a: Heatran
|-start|p2a: Heatran|ability: Flash Fire
|
|upkeep
|turn|7
|
|t:|1650559118
|switch|p1a: Gastrodon|Gastrodon, F|100/100
|move|p2a: Heatran|Eruption|p1a: Gastrodon
|-resisted|p1a: Gastrodon
|-damage|p1a: Gastrodon|46/100
|
|-heal|p1a: Gastrodon|52/100|[from] item: Leftovers
|upkeep
|turn|8
|
|t:|1650559126
|switch|p1a: Heatran|Heatran, F|100/100
|move|p2a: Heatran|Eruption|p1a: Heatran
|-start|p1a: Heatran|ability: Flash Fire
|
|upkeep
|turn|9
|
|t:|1650559135
|-end|p1a: Heatran|ability: Flash Fire|[silent]
|switch|p1a: Crawdaunt|Crawdaunt, F|100/100
|move|p2a: Heatran|Earth Power|p1a: Crawdaunt
|-damage|p1a: Crawdaunt|31/100
|
|upkeep
|turn|10
|
|t:|1650559141
|-end|p2a: Heatran|ability: Flash Fire|[silent]
|switch|p2a: Clefable|Clefable, M|95/100
|move|p1a: Crawdaunt|Knock Off|p2a: Clefable
|-resisted|p2a: Clefable
|-damage|p2a: Clefable|56/100
|-damage|p1a: Crawdaunt|14/100|[from] item: Rocky Helmet|[of] p2a: Clefable
|-enditem|p2a: Clefable|Rocky Helmet|[from] move: Knock Off|[of] p1a: Crawdaunt
|
|upkeep
|turn|11
|
|t:|1650559150
|switch|p1a: Heatran|Heatran, F|100/100
|move|p2a: Clefable|Wish|p2a: Clefable
|
|upkeep
|turn|12
|
|t:|1650559159
|switch|p1a: Gastrodon|Gastrodon, F|52/100
|move|p2a: Clefable|Protect||[still]
|-fail|p2a: Clefable
|
|-heal|p2a: Clefable|100/100|[from] move: Wish|[wisher] Clefable
|-heal|p1a: Gastrodon|58/100|[from] item: Leftovers
|upkeep
|turn|13
|
|t:|1650559169
|move|p2a: Clefable|Wish|p2a: Clefable
|move|p1a: Gastrodon|Recover|p1a: Gastrodon
|-heal|p1a: Gastrodon|100/100
|
|upkeep
|turn|14
|
|t:|1650559175
|move|p1a: Gastrodon|Scald|p2a: Clefable
|-damage|p2a: Clefable|75/100
|-status|p2a: Clefable|brn
|move|p2a: Clefable|Teleport|p2a: Clefable
|
|t:|1650559177
|switch|p2a: Obstagoon|Obstagoon, F|72/100 brn|[from]move: Teleport
|
|-heal|p2a: Obstagoon|100/100 brn|[from] move: Wish|[wisher] Clefable
|-damage|p2a: Obstagoon|94/100 brn|[from] brn
|upkeep
|turn|15
|j| MoonWeasel
|
|t:|1650559188
|move|p2a: Obstagoon|Facade|p1a: Gastrodon
|-damage|p1a: Gastrodon|26/100
|move|p1a: Gastrodon|Recover|p1a: Gastrodon
|-heal|p1a: Gastrodon|76/100
|
|-heal|p1a: Gastrodon|82/100|[from] item: Leftovers
|-damage|p2a: Obstagoon|88/100 brn|[from] brn
|upkeep
|turn|16
|
|t:|1650559207
|switch|p1a: Corviknight|Corviknight, M|33/100
|-ability|p1a: Corviknight|Pressure
|move|p2a: Obstagoon|Knock Off|p1a: Corviknight
|-damage|p1a: Corviknight|0 fnt
|faint|p1a: Corviknight
|
|-damage|p2a: Obstagoon|82/100 brn|[from] brn
|upkeep
|inactive|stopthreat has 120 seconds left.
|l|☆Roger Goodell
|inactive|Roger Goodell disconnected and has a minute to reconnect!
|player|p2|
|
|t:|1650559261
|switch|p1a: Dragapult|Dragapult, F|100/100
|turn|17
|j|☆Roger Goodell
|inactive|Roger Goodell reconnected and has 150 seconds left.
|player|p2|Roger Goodell|harlequin
|
|t:|1650559271
|switch|p2a: Clefable|Clefable, M|75/100 brn
|move|p1a: Dragapult|Draco Meteor|p2a: Clefable
|-immune|p2a: Clefable
|
|upkeep
|turn|18
|
|t:|1650559284
|switch|p1a: Heatran|Heatran, F|100/100
|move|p2a: Clefable|Teleport|p2a: Clefable
|
|t:|1650559289
|switch|p2a: Heatran|Heatran, M|100/100|[from]move: Teleport
|-item|p2a: Heatran|Air Balloon
|
|upkeep
|turn|19
|inactive|stopthreat has 120 seconds left.
|
|t:|1650559295
|switch|p1a: Dragapult|Dragapult, F|100/100
|move|p2a: Heatran|Eruption|p1a: Dragapult
|-resisted|p1a: Dragapult
|-damage|p1a: Dragapult|51/100
|
|upkeep
|turn|20
|
|t:|1650559304
|switch|p2a: Clefable|Clefable, M|75/100 brn
|move|p1a: Dragapult|Hydro Pump|p2a: Clefable
|-damage|p2a: Clefable|30/100 brn
|
|upkeep
|turn|21
|
|t:|1650559310
|switch|p1a: Crawdaunt|Crawdaunt, F|14/100
|move|p2a: Clefable|Teleport|p2a: Clefable
|
|t:|1650559324
|switch|p2a: Obstagoon|Obstagoon, F|82/100 brn|[from]move: Teleport
|
|-damage|p2a: Obstagoon|76/100 brn|[from] brn
|upkeep
|turn|22
|
|t:|1650559329
|move|p1a: Crawdaunt|Aqua Jet|p2a: Obstagoon
|-damage|p2a: Obstagoon|36/100 brn
|move|p2a: Obstagoon|Knock Off|p1a: Crawdaunt
|-resisted|p1a: Crawdaunt
|-damage|p1a: Crawdaunt|0 fnt
|-enditem|p1a: Crawdaunt|Choice Band|[from] move: Knock Off|[of] p2a: Obstagoon
|faint|p1a: Crawdaunt
|
|-damage|p2a: Obstagoon|30/100 brn|[from] brn
|upkeep
|
|t:|1650559333
|switch|p1a: Dragapult|Dragapult, F|51/100
|turn|23
|j| Unstoppable donuts
|
|t:|1650559337
|switch|p2a: Volcanion|Volcanion|100/100
|move|p1a: Dragapult|Hydro Pump|p2a: Volcanion
|-immune|p2a: Volcanion|[from] ability: Water Absorb
|
|upkeep
|turn|24
|
|t:|1650559342
|switch|p1a: Gastrodon|Gastrodon, F|82/100
|move|p2a: Volcanion|Earth Power|p1a: Gastrodon
|-damage|p1a: Gastrodon|35/100
|-unboost|p1a: Gastrodon|spd|1
|
|-heal|p1a: Gastrodon|42/100|[from] item: Leftovers
|upkeep
|turn|25
|j| 100%er
|-message|stopthreat forfeited.
|
|win|Roger Goodell
|raw|stopthreat's rating: 1689 &rarr; <strong>1672</strong><br />(-17 for losing)
|raw|Roger Goodell's rating: 1739 &rarr; <strong>1756</strong><br />(+17 for winning)
|l|☆stopthreat
|l| Unstoppable donuts
|l| 100%er
||Ladder isn't responding, score probably updated but might not have (Request timeout).
