|j|☆defensiveliz
|j|☆chibachikage
|t:|1659028173
|gametype|singles
|player|p1|defensiveliz|266|1348
|player|p2|chibachikage|cynthia|1331
|teamsize|p1|6
|teamsize|p2|6
|gen|8
|tier|[Gen 8] OU
|rated|
|rule|Sleep Clause Mod: Limit one foe put to sleep
|rule|Species Clause: Limit one of each Pokémon
|rule|OHKO Clause: OHKO moves are banned
|rule|Evasion Moves Clause: Evasion moves are banned
|rule|Endless Battle Clause: Forcing endless battles is banned
|rule|HP Percentage Mod: HP is shown in percentages
|rule|Dynamax Clause: You cannot dynamax
|clearpoke
|poke|p1|Metagross|
|poke|p1|Buzzwole|
|poke|p1|Volcanion|
|poke|p1|Rillaboom, M|
|poke|p1|Landorus-Therian, M|
|poke|p1|Regieleki|
|poke|p2|Tapu Lele|
|poke|p2|Porygon-Z|
|poke|p2|Pelipper, M|
|poke|p2|Ferrothorn, M|
|poke|p2|Barraskewda, F|
|poke|p2|Garchomp, F|
|teampreview
|
|t:|1659028194
|start
|switch|p1a: Volcanion|Volcanion|100/100
|switch|p2a: Tapu Lele|Tapu Lele|100/100
|-fieldstart|move: Psychic Terrain|[from] ability: Psychic Surge|[of] p2a: Tapu Lele
|turn|1
|
|t:|1659028207
|move|p2a: Tapu Lele|Future Sight|p1a: Volcanion
|-start|p2a: Tapu Lele|move: Future Sight
|move|p1a: Volcanion|Sludge Wave|p2a: Tapu Lele
|-supereffective|p2a: Tapu Lele
|-damage|p2a: Tapu Lele|26/100
|-status|p2a: Tapu Lele|psn
|
|-damage|p2a: Tapu Lele|14/100 psn|[from] psn
|upkeep
|turn|2
|
|t:|1659028222
|switch|p2a: Garchomp|Garchomp, F|100/100
|move|p1a: Volcanion|Steam Eruption|p2a: Garchomp
|-damage|p2a: Garchomp|33/100
|
|-heal|p2a: Garchomp|39/100|[from] item: Leftovers
|upkeep
|turn|3
|
|t:|1659028235
|switch|p1a: Landorus|Landorus-Therian, M|100/100
|-ability|p1a: Landorus|Intimidate|boost
|-unboost|p2a: Garchomp|atk|1
|move|p2a: Garchomp|Earthquake|p1a: Landorus
|-immune|p1a: Landorus
|
|-end|p1a: Landorus|move: Future Sight
|-damage|p1a: Landorus|32/100
|-heal|p2a: Garchomp|45/100|[from] item: Leftovers
|-heal|p1a: Landorus|38/100|[from] item: Leftovers
|upkeep
|turn|4
|
|t:|1659028246
|switch|p1a: Buzzwole|Buzzwole|100/100
|move|p2a: Garchomp|Stealth Rock|p1a: Buzzwole
|-sidestart|p1: defensiveliz|move: Stealth Rock
|
|-heal|p2a: Garchomp|51/100|[from] item: Leftovers
|upkeep
|turn|5
|
|t:|1659028257
|switch|p2a: Pelipper|Pelipper, M|100/100
|-weather|RainDance|[from] ability: Drizzle|[of] p2a: Pelipper
|move|p1a: Buzzwole|Toxic|p2a: Pelipper
|-status|p2a: Pelipper|tox
|
|-weather|RainDance|[upkeep]
|-damage|p2a: Pelipper|94/100 tox|[from] psn
|-fieldend|move: Psychic Terrain
|upkeep
|turn|6
|
|t:|1659028280
|switch|p1a: Rillaboom|Rillaboom, M|100/100
|-damage|p1a: Rillaboom|88/100|[from] Stealth Rock
|-fieldstart|move: Grassy Terrain|[from] ability: Grassy Surge|[of] p1a: Rillaboom
|move|p2a: Pelipper|U-turn|p1a: Rillaboom
|-supereffective|p1a: Rillaboom
|-damage|p1a: Rillaboom|69/100
|
|t:|1659028288
|switch|p2a: Garchomp|Garchomp, F|51/100|[from]move: U-turn
|
|-weather|RainDance|[upkeep]
|-heal|p2a: Garchomp|58/100|[from] Grassy Terrain
|-heal|p2a: Garchomp|64/100|[from] item: Leftovers
|-heal|p1a: Rillaboom|75/100|[from] Grassy Terrain
|upkeep
|turn|7
|
|t:|1659028295
|switch|p2a: Ferrothorn|Ferrothorn, M|100/100
|move|p1a: Rillaboom|Grassy Glide|p2a: Ferrothorn
|-resisted|p2a: Ferrothorn
|-damage|p2a: Ferrothorn|90/100
|-damage|p1a: Rillaboom|63/100|[from] ability: Iron Barbs|[of] p2a: Ferrothorn
|-damage|p1a: Rillaboom|46/100|[from] item: Rocky Helmet|[of] p2a: Ferrothorn
|
|-weather|RainDance|[upkeep]
|-heal|p1a: Rillaboom|52/100|[from] Grassy Terrain
|-heal|p2a: Ferrothorn|96/100|[from] Grassy Terrain
|upkeep
|turn|8
|
|t:|1659028302
|switch|p1a: Volcanion|Volcanion|100/100
|move|p2a: Ferrothorn|Spikes|p1a: Volcanion
|-sidestart|p1: defensiveliz|Spikes
|
|-weather|RainDance|[upkeep]
|-heal|p2a: Ferrothorn|100/100|[from] Grassy Terrain
|upkeep
|turn|9
|
|t:|1659028311
|move|p1a: Volcanion|Steam Eruption|p2a: Ferrothorn
|-resisted|p2a: Ferrothorn
|-damage|p2a: Ferrothorn|64/100
|move|p2a: Ferrothorn|Body Press|p1a: Volcanion
|-damage|p1a: Volcanion|71/100
|
|-weather|RainDance|[upkeep]
|-heal|p1a: Volcanion|77/100|[from] Grassy Terrain
|-heal|p2a: Ferrothorn|70/100|[from] Grassy Terrain
|upkeep
|turn|10
|
|t:|1659028319
|move|p1a: Volcanion|Flamethrower|p2a: Ferrothorn
|-supereffective|p2a: Ferrothorn
|-damage|p2a: Ferrothorn|0 fnt
|faint|p2a: Ferrothorn
|
|-weather|RainDance|[upkeep]
|-heal|p1a: Volcanion|83/100|[from] Grassy Terrain
|-fieldend|move: Grassy Terrain
|upkeep
|
|t:|1659028322
|switch|p2a: Tapu Lele|Tapu Lele|14/100 psn
|-fieldstart|move: Psychic Terrain|[from] ability: Psychic Surge|[of] p2a: Tapu Lele
|turn|11
|
|t:|1659028330
|switch|p1a: Landorus|Landorus-Therian, M|38/100
|-damage|p1a: Landorus|26/100|[from] Stealth Rock
|-ability|p1a: Landorus|Intimidate|boost
|-unboost|p2a: Tapu Lele|atk|1
|move|p2a: Tapu Lele|Psychic|p1a: Landorus
|-damage|p1a: Landorus|0 fnt
|faint|p1a: Landorus
|
|-weather|RainDance|[upkeep]
|-damage|p2a: Tapu Lele|2/100 psn|[from] psn
|upkeep
|
|t:|1659028333
|switch|p1a: Regieleki|Regieleki|100/100
|turn|12
|
|t:|1659028336
|switch|p2a: Garchomp|Garchomp, F|64/100
|move|p1a: Regieleki|Rapid Spin|p2a: Garchomp
|-damage|p2a: Garchomp|53/100
|-boost|p1a: Regieleki|spe|1
|-damage|p1a: Regieleki|88/100|[from] ability: Rough Skin|[of] p2a: Garchomp
|-sideend|p1: defensiveliz|Spikes|[from] move: Rapid Spin|[of] p1a: Regieleki
|-sideend|p1: defensiveliz|Stealth Rock|[from] move: Rapid Spin|[of] p1a: Regieleki
|
|-weather|none
|-heal|p2a: Garchomp|59/100|[from] item: Leftovers
|upkeep
|turn|13
|
|t:|1659028347
|switch|p1a: Rillaboom|Rillaboom, M|52/100
|-fieldstart|move: Grassy Terrain|[from] ability: Grassy Surge|[of] p1a: Rillaboom
|move|p2a: Garchomp|Stealth Rock|p1a: Rillaboom
|-sidestart|p1: defensiveliz|move: Stealth Rock
|
|-heal|p2a: Garchomp|65/100|[from] Grassy Terrain
|-heal|p2a: Garchomp|71/100|[from] item: Leftovers
|-heal|p1a: Rillaboom|59/100|[from] Grassy Terrain
|upkeep
|turn|14
|
|t:|1659028363
|switch|p2a: Pelipper|Pelipper, M|94/100 tox
|-weather|RainDance|[from] ability: Drizzle|[of] p2a: Pelipper
|move|p1a: Rillaboom|Grassy Glide|p2a: Pelipper
|-damage|p2a: Pelipper|10/100 tox
|
|-weather|RainDance|[upkeep]
|-heal|p1a: Rillaboom|65/100|[from] Grassy Terrain
|-damage|p2a: Pelipper|4/100 tox|[from] psn
|upkeep
|turn|15
|
|t:|1659028371
|move|p1a: Rillaboom|Grassy Glide|p2a: Pelipper
|-damage|p2a: Pelipper|0 fnt
|faint|p2a: Pelipper
|
|-weather|RainDance|[upkeep]
|-heal|p1a: Rillaboom|71/100|[from] Grassy Terrain
|upkeep
|
|t:|1659028373
|switch|p2a: Tapu Lele|Tapu Lele|2/100 psn
|-fieldstart|move: Psychic Terrain|[from] ability: Psychic Surge|[of] p2a: Tapu Lele
|turn|16
|
|t:|1659028382
|switch|p1a: Metagross|Metagross|100/100
|-damage|p1a: Metagross|95/100|[from] Stealth Rock
|move|p2a: Tapu Lele|Moonblast|p1a: Metagross
|-resisted|p1a: Metagross
|-damage|p1a: Metagross|63/100
|
|-weather|RainDance|[upkeep]
|-damage|p2a: Tapu Lele|0 fnt|[from] psn
|faint|p2a: Tapu Lele
|upkeep
|
|t:|1659028390
|switch|p2a: Barraskewda|Barraskewda, F|100/100
|turn|17
|
|t:|1659028396
|switch|p1a: Buzzwole|Buzzwole|100/100
|-damage|p1a: Buzzwole|88/100|[from] Stealth Rock
|move|p2a: Barraskewda|Liquidation|p1a: Buzzwole
|-damage|p1a: Buzzwole|21/100
|-damage|p2a: Barraskewda|84/100|[from] item: Rocky Helmet|[of] p1a: Buzzwole
|
|-weather|RainDance|[upkeep]
|upkeep
|turn|18
|
|t:|1659028402
|move|p2a: Barraskewda|Liquidation|p1a: Buzzwole
|-damage|p1a: Buzzwole|0 fnt
|-damage|p2a: Barraskewda|68/100|[from] item: Rocky Helmet|[of] p1a: Buzzwole
|faint|p1a: Buzzwole
|
|-weather|RainDance|[upkeep]
|upkeep
|
|t:|1659028404
|switch|p1a: Rillaboom|Rillaboom, M|71/100
|-damage|p1a: Rillaboom|59/100|[from] Stealth Rock
|-fieldstart|move: Grassy Terrain|[from] ability: Grassy Surge|[of] p1a: Rillaboom
|turn|19
|
|t:|1659028408
|switch|p2a: Garchomp|Garchomp, F|71/100
|move|p1a: Rillaboom|Grassy Glide|p2a: Garchomp
|-damage|p2a: Garchomp|0 fnt
|-damage|p1a: Rillaboom|46/100|[from] ability: Rough Skin|[of] p2a: Garchomp
|faint|p2a: Garchomp
|
|-weather|RainDance|[upkeep]
|-heal|p1a: Rillaboom|52/100|[from] Grassy Terrain
|upkeep
|
|t:|1659028413
|switch|p2a: Porygon-Z|Porygon-Z|100/100
|-ability|p2a: Porygon-Z|Download|boost
|-boost|p2a: Porygon-Z|spa|1
|turn|20
|
|t:|1659028420
|switch|p1a: Volcanion|Volcanion|83/100
|move|p2a: Porygon-Z|Ice Beam|p1a: Volcanion
|-resisted|p1a: Volcanion
|-damage|p1a: Volcanion|58/100
|
|-weather|RainDance|[upkeep]
|-heal|p1a: Volcanion|64/100|[from] Grassy Terrain
|upkeep
|turn|21
|
|t:|1659028426
|switch|p2a: Barraskewda|Barraskewda, F|68/100
|move|p1a: Volcanion|Steam Eruption|p2a: Barraskewda
|-resisted|p2a: Barraskewda
|-damage|p2a: Barraskewda|0 fnt
|faint|p2a: Barraskewda
|
|-weather|none
|-heal|p1a: Volcanion|70/100|[from] Grassy Terrain
|upkeep
|
|t:|1659028428
|switch|p2a: Porygon-Z|Porygon-Z|100/100
|-ability|p2a: Porygon-Z|Download|boost
|-boost|p2a: Porygon-Z|spa|1
|turn|22
|
|t:|1659028433
|move|p2a: Porygon-Z|Psyshock|p1a: Volcanion
|-damage|p1a: Volcanion|7/100
|move|p1a: Volcanion|Steam Eruption|p2a: Porygon-Z
|-damage|p2a: Porygon-Z|16/100
|
|-heal|p2a: Porygon-Z|22/100|[from] Grassy Terrain
|-heal|p1a: Volcanion|13/100|[from] Grassy Terrain
|upkeep
|turn|23
|
|t:|1659028438
|move|p2a: Porygon-Z|Psyshock|p1a: Volcanion
|-damage|p1a: Volcanion|0 fnt
|faint|p1a: Volcanion
|
|-heal|p2a: Porygon-Z|28/100|[from] Grassy Terrain
|-fieldend|move: Grassy Terrain
|upkeep
|
|t:|1659028441
|switch|p1a: Metagross|Metagross|63/100
|-damage|p1a: Metagross|57/100|[from] Stealth Rock
|turn|24
|
|t:|1659028445
|move|p1a: Metagross|Meteor Mash|p2a: Porygon-Z
|-damage|p2a: Porygon-Z|0 fnt
|faint|p2a: Porygon-Z
|
|win|defensiveliz
|raw|defensiveliz's rating: 1348 &rarr; <strong>1367</strong><br />(+19 for winning)
|raw|chibachikage's rating: 1331 &rarr; <strong>1312</strong><br />(-19 for losing)
|l|☆chibachikage
