|j|☆Alu9204
|j|☆98% fire blast
|t:|1660284996
|gametype|singles
|player|p1|Alu9204|burglar|1362
|player|p2|98% fire blast|skyla|1440
|teamsize|p1|6
|teamsize|p2|6
|gen|8
|tier|[Gen 8] OU
|rated|
|rule|Sleep Clause Mod: Limit one foe put to sleep
|rule|Species Clause: Limit one of each Pokémon
|rule|OHKO Clause: OHKO moves are banned
|rule|Evasion Items Clause: Evasion items are banned
|rule|Evasion Moves Clause: Evasion moves are banned
|rule|Endless Battle Clause: Forcing endless battles is banned
|rule|HP Percentage Mod: HP is shown in percentages
|rule|Dynamax Clause: You cannot dynamax
|clearpoke
|poke|p1|Landorus-Therian, M|
|poke|p1|Heatran, M|
|poke|p1|Dragonite, M|
|poke|p1|Clefable, M|
|poke|p1|Ferrothorn, M|
|poke|p1|Tapu Koko|
|poke|p2|Seismitoad, M|
|poke|p2|Latias, F|
|poke|p2|Zapdos|
|poke|p2|Pelipper, M|
|poke|p2|Ferrothorn, M|
|poke|p2|Crawdaunt, M|
|teampreview
|
|t:|1660285017
|start
|switch|p1a: Clefable|Clefable, M, shiny|100/100
|switch|p2a: BDP|Pelipper, M|100/100
|-weather|RainDance|[from] ability: Drizzle|[of] p2a: BDP
|turn|1
|
|t:|1660285031
|switch|p2a: Zapdos|Zapdos|100/100
|-ability|p2a: Zapdos|Pressure
|move|p1a: Clefable|Trick|p2a: Zapdos
|-activate|p1a: Clefable|move: Trick|[of] p2a: Zapdos
|-item|p2a: Zapdos|Sticky Barb|[from] move: Trick
|-item|p1a: Clefable|Choice Specs|[from] move: Trick
|
|-weather|RainDance|[upkeep]
|-damage|p2a: Zapdos|88/100|[from] item: Sticky Barb
|upkeep
|turn|2
|inactive|Battle timer is ON: inactive players will automatically lose when time's up. (requested by Alu9204)
|
|t:|1660285043
|move|p2a: Zapdos|Hurricane|p1a: Clefable
|-damage|p1a: Clefable|55/100
|-start|p1a: Clefable|confusion
|-activate|p1a: Clefable|confusion
|move|p1a: Clefable|Moonblast|p2a: Zapdos
|-damage|p2a: Zapdos|29/100
|
|-weather|RainDance|[upkeep]
|-damage|p2a: Zapdos|17/100|[from] item: Sticky Barb
|upkeep
|turn|3
|
|t:|1660285057
|switch|p1a: Landorus|Landorus-Therian, M|100/100
|-ability|p1a: Landorus|Intimidate|boost
|-unboost|p2a: Zapdos|atk|1
|move|p2a: Zapdos|Weather Ball|p1a: Landorus
|-supereffective|p1a: Landorus
|-damage|p1a: Landorus|4/100
|
|-weather|RainDance|[upkeep]
|-damage|p2a: Zapdos|4/100|[from] item: Sticky Barb
|upkeep
|turn|4
|
|t:|1660285071
|switch|p2a: fuzzy|Ferrothorn, M|100/100
|move|p1a: Landorus|Knock Off|p2a: fuzzy
|-damage|p2a: fuzzy|76/100
|-damage|p1a: Landorus|0 fnt|[from] ability: Iron Barbs|[of] p2a: fuzzy
|faint|p1a: Landorus
|
|-weather|RainDance|[upkeep]
|upkeep
|
|t:|1660285094
|switch|p1a: Clefable|Clefable, M, shiny|55/100
|turn|5
|
|t:|1660285101
|move|p1a: Clefable|Trick|p2a: fuzzy
|-activate|p1a: Clefable|move: Trick|[of] p2a: fuzzy
|-item|p2a: fuzzy|Choice Specs|[from] move: Trick
|-item|p1a: Clefable|Chople Berry|[from] move: Trick
|move|p2a: fuzzy|Stealth Rock|p1a: Clefable
|-sidestart|p1: Alu9204|move: Stealth Rock
|
|-weather|RainDance|[upkeep]
|upkeep
|turn|6
|
|t:|1660285109
|switch|p2a: jaja|Seismitoad, M|100/100
|move|p1a: Clefable|Soft-Boiled|p1a: Clefable
|-heal|p1a: Clefable|100/100
|
|-weather|RainDance|[upkeep]
|upkeep
|turn|7
|
|t:|1660285119
|switch|p1a: Ferrothorn|Ferrothorn, M|100/100
|-damage|p1a: Ferrothorn|94/100|[from] Stealth Rock
|move|p2a: jaja|Hydro Pump|p1a: Ferrothorn|[miss]
|-miss|p2a: jaja|p1a: Ferrothorn
|
|-weather|RainDance|[upkeep]
|upkeep
|turn|8
|
|t:|1660285131
|switch|p2a: Zapdos|Zapdos|4/100
|-ability|p2a: Zapdos|Pressure
|move|p1a: Ferrothorn|Knock Off|p2a: Zapdos
|-damage|p2a: Zapdos|0 fnt
|-enditem|p2a: Zapdos|Sticky Barb|[from] move: Knock Off|[of] p1a: Ferrothorn
|faint|p2a: Zapdos
|
|-weather|none
|upkeep
|
|t:|1660285137
|switch|p2a: jaja|Seismitoad, M|100/100
|turn|9
|
|t:|1660285145
|move|p2a: jaja|Focus Blast|p1a: Ferrothorn
|-supereffective|p1a: Ferrothorn
|-damage|p1a: Ferrothorn|6/100
|move|p1a: Ferrothorn|Leech Seed|p2a: jaja
|-start|p2a: jaja|move: Leech Seed
|
|-damage|p2a: jaja|88/100|[from] Leech Seed|[of] p1a: Ferrothorn
|-heal|p1a: Ferrothorn|18/100|[silent]
|upkeep
|turn|10
|
|t:|1660285161
|switch|p2a: BDP|Pelipper, M|100/100
|-weather|RainDance|[from] ability: Drizzle|[of] p2a: BDP
|move|p1a: Ferrothorn|Spikes|p2a: BDP
|-sidestart|p2: 98% fire blast|Spikes
|
|-weather|RainDance|[upkeep]
|upkeep
|turn|11
|
|t:|1660285171
|move|p2a: BDP|Ice Beam|p1a: Ferrothorn
|-damage|p1a: Ferrothorn|2/100
|move|p1a: Ferrothorn|Spikes|p2a: BDP
|-sidestart|p2: 98% fire blast|Spikes
|
|-weather|RainDance|[upkeep]
|upkeep
|turn|12
|
|t:|1660285178
|move|p2a: BDP|U-turn|p1a: Ferrothorn
|-damage|p1a: Ferrothorn|0 fnt
|-damage|p2a: BDP|88/100|[from] ability: Iron Barbs|[of] p1a: Ferrothorn
|-damage|p2a: BDP|72/100|[from] item: Rocky Helmet|[of] p1a: Ferrothorn
|faint|p1a: Ferrothorn
|
|t:|1660285181
|switch|p2a: jaja|Seismitoad, M|88/100|[from]move: U-turn
|-damage|p2a: jaja|72/100|[from] Spikes
|
|-weather|RainDance|[upkeep]
|upkeep
|
|t:|1660285202
|switch|p1a: Clefable|Clefable, M, shiny|100/100
|turn|13
|
|t:|1660285205
|move|p2a: jaja|Hydro Pump|p1a: Clefable
|-damage|p1a: Clefable|28/100
|move|p1a: Clefable|Moonblast|p2a: jaja
|-damage|p2a: jaja|32/100
|-unboost|p2a: jaja|spa|1
|
|-weather|RainDance|[upkeep]
|upkeep
|turn|14
|
|t:|1660285215
|move|p2a: jaja|Hydro Pump|p1a: Clefable
|-damage|p1a: Clefable|0 fnt
|faint|p1a: Clefable
|
|-weather|RainDance|[upkeep]
|upkeep
|
|t:|1660285218
|switch|p1a: Dragonite|Dragonite, M|100/100
|turn|15
|
|t:|1660285226
|move|p2a: jaja|Hydro Pump|p1a: Dragonite
|-resisted|p1a: Dragonite
|-damage|p1a: Dragonite|83/100
|move|p1a: Dragonite|Earthquake|p2a: jaja
|-damage|p2a: jaja|0 fnt
|faint|p2a: jaja
|
|-weather|RainDance|[upkeep]
|upkeep
|
|t:|1660285229
|switch|p2a: lol|Latias, F|100/100
|turn|16
|
|t:|1660285243
|switch|p1a: Heatran|Heatran, M, shiny|100/100
|-damage|p1a: Heatran|88/100|[from] Stealth Rock
|-item|p1a: Heatran|Air Balloon
|move|p2a: lol|Thunder|p1a: Heatran
|-damage|p1a: Heatran|41/100
|-enditem|p1a: Heatran|Air Balloon
|-damage|p2a: lol|91/100|[from] item: Life Orb
|
|-weather|RainDance|[upkeep]
|upkeep
|turn|17
|
|t:|1660285253
|move|p2a: lol|Thunder|p1a: Heatran
|-damage|p1a: Heatran|0 fnt
|faint|p1a: Heatran
|-damage|p2a: lol|81/100|[from] item: Life Orb
|
|-weather|none
|upkeep
|
|t:|1660285258
|switch|p1a: Tapu Koko|Tapu Koko|100/100
|-fieldstart|move: Electric Terrain|[from] ability: Electric Surge|[of] p1a: Tapu Koko
|turn|18
|
|t:|1660285268
|switch|p2a: fuzzy|Ferrothorn, M|76/100
|-damage|p2a: fuzzy|59/100|[from] Spikes
|move|p1a: Tapu Koko|Calm Mind|p1a: Tapu Koko
|-boost|p1a: Tapu Koko|spa|1
|-boost|p1a: Tapu Koko|spd|1
|
|upkeep
|turn|19
|
|t:|1660285272
|move|p1a: Tapu Koko|Calm Mind|p1a: Tapu Koko
|-boost|p1a: Tapu Koko|spa|1
|-boost|p1a: Tapu Koko|spd|1
|move|p2a: fuzzy|Explosion|p1a: Tapu Koko
|-crit|p1a: Tapu Koko
|-damage|p1a: Tapu Koko|0 fnt
|faint|p2a: fuzzy
|faint|p1a: Tapu Koko
|
|upkeep
|
|t:|1660285277
|switch|p1a: Dragonite|Dragonite, M|83/100
|switch|p2a: lol|Latias, F|81/100
|turn|20
|
|t:|1660285281
|move|p2a: lol|Draco Meteor|p1a: Dragonite
|-supereffective|p1a: Dragonite
|-damage|p1a: Dragonite|0 fnt
|-unboost|p2a: lol|spa|2
|faint|p1a: Dragonite
|-damage|p2a: lol|71/100|[from] item: Life Orb
|
|win|98% fire blast
|raw|Alu9204's rating: 1362 &rarr; <strong>1346</strong><br />(-16 for losing)
|raw|98% fire blast's rating: 1440 &rarr; <strong>1456</strong><br />(+16 for winning)
|l|☆Alu9204
|c|☆98% fire blast|gg
