|j|☆Archerdagoat
|j|☆3rsy
|t:|1667841063
|gametype|singles
|player|p1|Archerdagoat|1|1464
|player|p2|3rsy|170|1486
|teamsize|p1|6
|teamsize|p2|6
|gen|8
|tier|[Gen 8] OU
|rated|
|rule|Sleep Clause Mod: Limit one foe put to sleep
|rule|Species Clause: Limit one of each Pokémon
|rule|OHKO Clause: OHKO moves are banned
|rule|Evasion Items Clause: Evasion items are banned
|rule|Evasion Moves Clause: Evasion moves are banned
|rule|Endless Battle Clause: Forcing endless battles is banned
|rule|HP Percentage Mod: HP is shown in percentages
|rule|Dynamax Clause: You cannot dynamax
|clearpoke
|poke|p1|Chansey, F|
|poke|p1|Zapdos|
|poke|p1|Clefable, F|
|poke|p1|Kartana|
|poke|p1|Slowbro, F|
|poke|p1|Garchomp, M|
|poke|p2|Pelipper, M|
|poke|p2|Barraskewda, F|
|poke|p2|Urshifu-*, M|
|poke|p2|Ferrothorn, F|
|poke|p2|Zapdos|
|poke|p2|Landorus-Therian, M|
|teampreview
|inactive|Battle timer is ON: inactive players will automatically lose when time's up. (requested by Archerdagoat)
|
|t:|1667841074
|start
|switch|p1a: Kartana|Kartana|100/100
|switch|p2a: Zapdos|Zapdos|100/100
|turn|1
|
|t:|1667841079
|switch|p1a: Chansey|Chansey, F|100/100
|move|p2a: Zapdos|U-turn|p1a: Chansey
|-damage|p1a: Chansey|92/100
|
|t:|1667841082
|switch|p2a: Urshifu|Urshifu-Rapid-Strike, M|100/100|[from]move: U-turn
|
|upkeep
|turn|2
|
|t:|1667841086
|switch|p1a: Slowbro|Slowbro, F|100/100
|move|p2a: Urshifu|Surging Strikes|p1a: Slowbro
|-resisted|p1a: Slowbro
|-crit|p1a: Slowbro
|-damage|p1a: Slowbro|95/100
|-resisted|p1a: Slowbro
|-crit|p1a: Slowbro
|-damage|p1a: Slowbro|89/100
|-resisted|p1a: Slowbro
|-crit|p1a: Slowbro
|-damage|p1a: Slowbro|83/100
|-hitcount|p1a: Slowbro|3
|
|-heal|p1a: Slowbro|89/100|[from] item: Leftovers
|upkeep
|turn|3
|
|t:|1667841093
|move|p2a: Urshifu|U-turn|p1a: Slowbro
|-supereffective|p1a: Slowbro
|-damage|p1a: Slowbro|61/100
|
|t:|1667841095
|switch|p2a: Ferrothorn|Ferrothorn, F|100/100|[from]move: U-turn
|move|p1a: Slowbro|Scald|p2a: Ferrothorn
|-resisted|p2a: Ferrothorn
|-damage|p2a: Ferrothorn|91/100
|-status|p2a: Ferrothorn|brn
|
|-heal|p1a: Slowbro|67/100|[from] item: Leftovers
|-heal|p2a: Ferrothorn|97/100 brn|[from] item: Leftovers
|-damage|p2a: Ferrothorn|91/100 brn|[from] brn
|upkeep
|turn|4
|
|t:|1667841100
|switch|p1a: Zapdos|Zapdos|100/100
|move|p2a: Ferrothorn|Knock Off|p1a: Zapdos
|-damage|p1a: Zapdos|93/100
|-enditem|p1a: Zapdos|Leftovers|[from] move: Knock Off|[of] p2a: Ferrothorn
|
|-heal|p2a: Ferrothorn|97/100 brn|[from] item: Leftovers
|-damage|p2a: Ferrothorn|91/100 brn|[from] brn
|upkeep
|turn|5
|
|t:|1667841105
|move|p2a: Ferrothorn|Protect|p2a: Ferrothorn
|-singleturn|p2a: Ferrothorn|Protect
|move|p1a: Zapdos|Heat Wave|p2a: Ferrothorn
|-activate|p2a: Ferrothorn|move: Protect
|
|-heal|p2a: Ferrothorn|97/100 brn|[from] item: Leftovers
|-damage|p2a: Ferrothorn|91/100 brn|[from] brn
|upkeep
|turn|6
|
|t:|1667841110
|switch|p2a: Zapdos|Zapdos|100/100
|move|p1a: Zapdos|Heat Wave|p2a: Zapdos
|-damage|p2a: Zapdos|73/100
|
|upkeep
|turn|7
|
|t:|1667841117
|switch|p1a: Garchomp|Garchomp, M|100/100
|move|p2a: Zapdos|Roost|p2a: Zapdos
|-heal|p2a: Zapdos|100/100
|-singleturn|p2a: Zapdos|move: Roost
|
|upkeep
|turn|8
|
|t:|1667841125
|switch|p2a: Ferrothorn|Ferrothorn, F|91/100 brn
|move|p1a: Garchomp|Stealth Rock|p2a: Ferrothorn
|-sidestart|p2: 3rsy|move: Stealth Rock
|
|-heal|p2a: Ferrothorn|97/100 brn|[from] item: Leftovers
|-damage|p2a: Ferrothorn|91/100 brn|[from] brn
|upkeep
|turn|9
|
|t:|1667841131
|move|p1a: Garchomp|Earthquake|p2a: Ferrothorn
|-damage|p2a: Ferrothorn|56/100 brn
|move|p2a: Ferrothorn|Leech Seed|p1a: Garchomp
|-start|p1a: Garchomp|move: Leech Seed
|
|-heal|p2a: Ferrothorn|62/100 brn|[from] item: Leftovers
|-damage|p1a: Garchomp|88/100|[from] Leech Seed|[of] p2a: Ferrothorn
|-heal|p2a: Ferrothorn|77/100 brn|[silent]
|-damage|p2a: Ferrothorn|70/100 brn|[from] brn
|upkeep
|turn|10
|
|t:|1667841138
|switch|p1a: Zapdos|Zapdos|93/100
|move|p2a: Ferrothorn|Leech Seed|p1a: Zapdos
|-start|p1a: Zapdos|move: Leech Seed
|
|-heal|p2a: Ferrothorn|77/100 brn|[from] item: Leftovers
|-damage|p1a: Zapdos|80/100|[from] Leech Seed|[of] p2a: Ferrothorn
|-heal|p2a: Ferrothorn|90/100 brn|[silent]
|-damage|p2a: Ferrothorn|84/100 brn|[from] brn
|upkeep
|turn|11
|
|t:|1667841145
|switch|p1a: Garchomp|Garchomp, M|88/100
|move|p2a: Ferrothorn|Protect||[still]
|-fail|p2a: Ferrothorn
|
|-heal|p1a: Garchomp|94/100|[from] item: Leftovers
|-heal|p2a: Ferrothorn|90/100 brn|[from] item: Leftovers
|-damage|p2a: Ferrothorn|84/100 brn|[from] brn
|upkeep
|turn|12
|
|t:|1667841151
|switch|p2a: Landorus|Landorus-Therian, M|100/100
|-damage|p2a: Landorus|88/100|[from] Stealth Rock
|-ability|p2a: Landorus|Intimidate|boost
|-unboost|p1a: Garchomp|atk|1
|move|p1a: Garchomp|Earthquake|p2a: Landorus
|-immune|p2a: Landorus
|
|-heal|p1a: Garchomp|100/100|[from] item: Leftovers
|-heal|p2a: Landorus|94/100|[from] item: Leftovers
|upkeep
|turn|13
|
|t:|1667841157
|move|p1a: Garchomp|Toxic|p2a: Landorus
|-status|p2a: Landorus|tox
|move|p2a: Landorus|Defog|p1a: Garchomp
|-unboost|p1a: Garchomp|evasion|1
|-sideend|p2: 3rsy|Stealth Rock|[from] move: Defog|[of] p2a: Landorus
|
|-heal|p2a: Landorus|99/100 tox|[from] item: Leftovers
|-damage|p2a: Landorus|94/100 tox|[from] psn
|upkeep
|turn|14
|
|t:|1667841162
|move|p1a: Garchomp|Stealth Rock|p2a: Landorus
|-sidestart|p2: 3rsy|move: Stealth Rock
|move|p2a: Landorus|Stealth Rock|p1a: Garchomp
|-sidestart|p1: Archerdagoat|move: Stealth Rock
|
|-heal|p2a: Landorus|99/100 tox|[from] item: Leftovers
|-damage|p2a: Landorus|88/100 tox|[from] psn
|upkeep
|turn|15
|
|t:|1667841167
|switch|p1a: Slowbro|Slowbro, F|100/100
|-damage|p1a: Slowbro|88/100|[from] Stealth Rock
|move|p2a: Landorus|U-turn|p1a: Slowbro
|-supereffective|p1a: Slowbro
|-damage|p1a: Slowbro|61/100
|
|t:|1667841181
|switch|p2a: Ferrothorn|Ferrothorn, F|84/100 brn|[from]move: U-turn
|-damage|p2a: Ferrothorn|78/100 brn|[from] Stealth Rock
|
|-heal|p1a: Slowbro|67/100|[from] item: Leftovers
|-heal|p2a: Ferrothorn|84/100 brn|[from] item: Leftovers
|-damage|p2a: Ferrothorn|78/100 brn|[from] brn
|upkeep
|turn|16
|
|t:|1667841193
|move|p1a: Slowbro|Calm Mind|p1a: Slowbro
|-boost|p1a: Slowbro|spa|1
|-boost|p1a: Slowbro|spd|1
|move|p2a: Ferrothorn|Leech Seed|p1a: Slowbro
|-start|p1a: Slowbro|move: Leech Seed
|
|-heal|p1a: Slowbro|73/100|[from] item: Leftovers
|-heal|p2a: Ferrothorn|84/100 brn|[from] item: Leftovers
|-damage|p1a: Slowbro|61/100|[from] Leech Seed|[of] p2a: Ferrothorn
|-heal|p2a: Ferrothorn|98/100 brn|[silent]
|-damage|p2a: Ferrothorn|92/100 brn|[from] brn
|upkeep
|turn|17
|
|t:|1667841195
|move|p1a: Slowbro|Slack Off|p1a: Slowbro
|-heal|p1a: Slowbro|100/100
|move|p2a: Ferrothorn|Knock Off|p1a: Slowbro
|-supereffective|p1a: Slowbro
|-crit|p1a: Slowbro
|-damage|p1a: Slowbro|82/100
|-enditem|p1a: Slowbro|Leftovers|[from] move: Knock Off|[of] p2a: Ferrothorn
|
|-heal|p2a: Ferrothorn|98/100 brn|[from] item: Leftovers
|-damage|p1a: Slowbro|69/100|[from] Leech Seed|[of] p2a: Ferrothorn
|-heal|p2a: Ferrothorn|100/100 brn|[silent]
|-damage|p2a: Ferrothorn|94/100 brn|[from] brn
|upkeep
|turn|18
|
|t:|1667841199
|switch|p2a: Pelipper|Pelipper, M|100/100
|-damage|p2a: Pelipper|75/100|[from] Stealth Rock
|-weather|RainDance|[from] ability: Drizzle|[of] p2a: Pelipper
|move|p1a: Slowbro|Slack Off|p1a: Slowbro
|-heal|p1a: Slowbro|100/100
|
|-weather|RainDance|[upkeep]
|-damage|p1a: Slowbro|88/100|[from] Leech Seed|[of] p2a: Pelipper
|-heal|p2a: Pelipper|91/100|[silent]
|upkeep
|turn|19
|
|t:|1667841219
|switch|p1a: Chansey|Chansey, F|92/100
|-damage|p1a: Chansey|79/100|[from] Stealth Rock
|move|p2a: Pelipper|U-turn|p1a: Chansey
|-damage|p1a: Chansey|74/100
|
|t:|1667841226
|switch|p2a: Barraskewda|Barraskewda, F|100/100|[from]move: U-turn
|-damage|p2a: Barraskewda|88/100|[from] Stealth Rock
|
|-weather|RainDance|[upkeep]
|upkeep
|turn|20
|
|t:|1667841230
|switch|p1a: Slowbro|Slowbro, F|100/100
|-damage|p1a: Slowbro|88/100|[from] Stealth Rock
|move|p2a: Barraskewda|Flip Turn|p1a: Slowbro
|-resisted|p1a: Slowbro
|-damage|p1a: Slowbro|67/100
|
|t:|1667841235
|switch|p2a: Zapdos|Zapdos|100/100|[from]move: Flip Turn
|-damage|p2a: Zapdos|75/100|[from] Stealth Rock
|
|-weather|RainDance|[upkeep]
|upkeep
|turn|21
|
|t:|1667841240
|switch|p1a: Garchomp|Garchomp, M|100/100
|-damage|p1a: Garchomp|94/100|[from] Stealth Rock
|move|p2a: Zapdos|Hurricane|p1a: Garchomp
|-damage|p1a: Garchomp|55/100
|
|-weather|RainDance|[upkeep]
|-heal|p1a: Garchomp|61/100|[from] item: Leftovers
|upkeep
|turn|22
|
|t:|1667841247
|switch|p2a: Ferrothorn|Ferrothorn, F|94/100 brn
|-damage|p2a: Ferrothorn|88/100 brn|[from] Stealth Rock
|move|p1a: Garchomp|Toxic||[still]
|-fail|p1a: Garchomp
|
|-weather|RainDance|[upkeep]
|-heal|p1a: Garchomp|67/100|[from] item: Leftovers
|-heal|p2a: Ferrothorn|94/100 brn|[from] item: Leftovers
|-damage|p2a: Ferrothorn|88/100 brn|[from] brn
|upkeep
|turn|23
|
|t:|1667841252
|switch|p1a: Zapdos|Zapdos|80/100
|-damage|p1a: Zapdos|55/100|[from] Stealth Rock
|move|p2a: Ferrothorn|Knock Off|p1a: Zapdos
|-damage|p1a: Zapdos|50/100
|
|-weather|RainDance|[upkeep]
|-heal|p2a: Ferrothorn|94/100 brn|[from] item: Leftovers
|-damage|p2a: Ferrothorn|88/100 brn|[from] brn
|upkeep
|turn|24
|
|t:|1667841268
|switch|p2a: Zapdos|Zapdos|75/100
|-damage|p2a: Zapdos|50/100|[from] Stealth Rock
|move|p1a: Zapdos|Defog|p2a: Zapdos
|-unboost|p2a: Zapdos|evasion|1
|-sideend|p2: 3rsy|Stealth Rock|[from] move: Defog|[of] p1a: Zapdos
|-sideend|p1: Archerdagoat|Stealth Rock|[from] move: Defog|[of] p1a: Zapdos
|
|-weather|RainDance|[upkeep]
|upkeep
|turn|25
|
|t:|1667841272
|switch|p1a: Garchomp|Garchomp, M|67/100
|move|p2a: Zapdos|U-turn|p1a: Garchomp
|-damage|p1a: Garchomp|57/100
|-damage|p2a: Zapdos|38/100|[from] ability: Rough Skin|[of] p1a: Garchomp
|
|t:|1667841278
|switch|p2a: Barraskewda|Barraskewda, F|88/100|[from]move: U-turn
|
|-weather|none
|-heal|p1a: Garchomp|63/100|[from] item: Leftovers
|upkeep
|turn|26
|
|t:|1667841282
|switch|p1a: Slowbro|Slowbro, F|99/100
|move|p2a: Barraskewda|Ice Fang|p1a: Slowbro
|-resisted|p1a: Slowbro
|-damage|p1a: Slowbro|91/100
|
|upkeep
|turn|27
|
|t:|1667841294
|switch|p2a: Pelipper|Pelipper, M|91/100
|-weather|RainDance|[from] ability: Drizzle|[of] p2a: Pelipper
|switch|p1a: Zapdos|Zapdos|50/100
|
|-weather|RainDance|[upkeep]
|upkeep
|turn|28
|
|t:|1667841309
|switch|p2a: Landorus|Landorus-Therian, M|88/100 tox
|-ability|p2a: Landorus|Intimidate|boost
|-unboost|p1a: Zapdos|atk|1
|move|p1a: Zapdos|Roost|p1a: Zapdos
|-heal|p1a: Zapdos|99/100
|-singleturn|p1a: Zapdos|move: Roost
|
|-weather|RainDance|[upkeep]
|-heal|p2a: Landorus|94/100 tox|[from] item: Leftovers
|-damage|p2a: Landorus|88/100 tox|[from] psn
|upkeep
|turn|29
|
|t:|1667841316
|switch|p1a: Slowbro|Slowbro, F|100/100
|move|p2a: Landorus|U-turn|p1a: Slowbro
|-supereffective|p1a: Slowbro
|-damage|p1a: Slowbro|70/100
|
|t:|1667841333
|switch|p2a: Zapdos|Zapdos|38/100|[from]move: U-turn
|
|-weather|RainDance|[upkeep]
|upkeep
|turn|30
|
|t:|1667841339
|switch|p1a: Chansey|Chansey, F|74/100
|move|p2a: Zapdos|Roost|p2a: Zapdos
|-heal|p2a: Zapdos|88/100
|-singleturn|p2a: Zapdos|move: Roost
|
|-weather|RainDance|[upkeep]
|upkeep
|turn|31
|
|t:|1667841344
|move|p2a: Zapdos|U-turn|p1a: Chansey
|-damage|p1a: Chansey|65/100
|
|t:|1667841358
|switch|p2a: Landorus|Landorus-Therian, M|88/100 tox|[from]move: U-turn
|-ability|p2a: Landorus|Intimidate|boost
|-unboost|p1a: Chansey|atk|1
|move|p1a: Chansey|Toxic|p2a: Landorus
|-fail|p2a: Landorus|tox
|
|-weather|RainDance|[upkeep]
|-heal|p2a: Landorus|94/100 tox|[from] item: Leftovers
|-damage|p2a: Landorus|88/100 tox|[from] psn
|upkeep
|turn|32
|
|t:|1667841366
|switch|p1a: Zapdos|Zapdos|99/100
|move|p2a: Landorus|U-turn|p1a: Zapdos
|-resisted|p1a: Zapdos
|-damage|p1a: Zapdos|92/100
|
|t:|1667841374
|switch|p2a: Zapdos|Zapdos|88/100|[from]move: U-turn
|
|-weather|RainDance|[upkeep]
|upkeep
|turn|33
|
|t:|1667841379
|move|p2a: Zapdos|U-turn|p1a: Zapdos
|-resisted|p1a: Zapdos
|-damage|p1a: Zapdos|87/100
|
|t:|1667841387
|switch|p2a: Landorus|Landorus-Therian, M|88/100 tox|[from]move: U-turn
|-ability|p2a: Landorus|Intimidate|boost
|-unboost|p1a: Zapdos|atk|1
|move|p1a: Zapdos|Thunderbolt|p2a: Landorus
|-immune|p2a: Landorus
|
|-weather|RainDance|[upkeep]
|-heal|p2a: Landorus|94/100 tox|[from] item: Leftovers
|-damage|p2a: Landorus|88/100 tox|[from] psn
|upkeep
|turn|34
|
|t:|1667841396
|move|p1a: Zapdos|Heat Wave|p2a: Landorus
|-damage|p2a: Landorus|77/100 tox
|move|p2a: Landorus|Stealth Rock|p1a: Zapdos
|-sidestart|p1: Archerdagoat|move: Stealth Rock
|
|-weather|none
|-heal|p2a: Landorus|83/100 tox|[from] item: Leftovers
|-damage|p2a: Landorus|71/100 tox|[from] psn
|upkeep
|turn|35
|
|t:|1667841404
|switch|p2a: Pelipper|Pelipper, M|91/100
|-weather|RainDance|[from] ability: Drizzle|[of] p2a: Pelipper
|move|p1a: Zapdos|Defog|p2a: Pelipper
|-unboost|p2a: Pelipper|evasion|1
|-sideend|p1: Archerdagoat|Stealth Rock|[from] move: Defog|[of] p1a: Zapdos
|
|-weather|RainDance|[upkeep]
|upkeep
|turn|36
|
|t:|1667841429
|switch|p2a: Landorus|Landorus-Therian, M|71/100 tox
|-ability|p2a: Landorus|Intimidate|boost
|-unboost|p1a: Zapdos|atk|1
|move|p1a: Zapdos|Thunderbolt|p2a: Landorus
|-immune|p2a: Landorus
|
|-weather|RainDance|[upkeep]
|-heal|p2a: Landorus|77/100 tox|[from] item: Leftovers
|-damage|p2a: Landorus|71/100 tox|[from] psn
|upkeep
|turn|37
|
|t:|1667841441
|switch|p1a: Garchomp|Garchomp, M|63/100
|move|p2a: Landorus|U-turn|p1a: Garchomp
|-damage|p1a: Garchomp|44/100
|-damage|p2a: Landorus|59/100 tox|[from] ability: Rough Skin|[of] p1a: Garchomp
|
|t:|1667841455
|switch|p2a: Urshifu|Urshifu-Rapid-Strike, M|100/100|[from]move: U-turn
|
|-weather|RainDance|[upkeep]
|-heal|p1a: Garchomp|50/100|[from] item: Leftovers
|upkeep
|turn|38
|
|t:|1667841458
|switch|p1a: Slowbro|Slowbro, F|100/100
|move|p2a: Urshifu|Surging Strikes|p1a: Slowbro
|-resisted|p1a: Slowbro
|-crit|p1a: Slowbro
|-damage|p1a: Slowbro|92/100
|-resisted|p1a: Slowbro
|-crit|p1a: Slowbro
|-damage|p1a: Slowbro|83/100
|-resisted|p1a: Slowbro
|-crit|p1a: Slowbro
|-damage|p1a: Slowbro|75/100
|-hitcount|p1a: Slowbro|3
|
|-weather|RainDance|[upkeep]
|upkeep
|turn|39
|
|t:|1667841463
|move|p2a: Urshifu|U-turn|p1a: Slowbro
|-supereffective|p1a: Slowbro
|-damage|p1a: Slowbro|47/100
|
|t:|1667841471
|switch|p2a: Zapdos|Zapdos|88/100|[from]move: U-turn
|move|p1a: Slowbro|Scald|p2a: Zapdos
|-damage|p2a: Zapdos|50/100
|
|-weather|RainDance|[upkeep]
|upkeep
|turn|40
|
|t:|1667841479
|switch|p1a: Garchomp|Garchomp, M|50/100
|move|p2a: Zapdos|Hurricane|p1a: Garchomp
|-damage|p1a: Garchomp|8/100
|
|-weather|RainDance|[upkeep]
|-heal|p1a: Garchomp|14/100|[from] item: Leftovers
|upkeep
|turn|41
|
|t:|1667841492
|switch|p2a: Ferrothorn|Ferrothorn, F|88/100 brn
|move|p1a: Garchomp|Toxic||[still]
|-fail|p1a: Garchomp
|
|-weather|RainDance|[upkeep]
|-heal|p1a: Garchomp|20/100|[from] item: Leftovers
|-heal|p2a: Ferrothorn|94/100 brn|[from] item: Leftovers
|-damage|p2a: Ferrothorn|88/100 brn|[from] brn
|upkeep
|turn|42
|
|t:|1667841496
|switch|p1a: Kartana|Kartana|100/100
|move|p2a: Ferrothorn|Leech Seed|p1a: Kartana
|-immune|p1a: Kartana
|
|-weather|none
|-heal|p2a: Ferrothorn|94/100 brn|[from] item: Leftovers
|-damage|p2a: Ferrothorn|88/100 brn|[from] brn
|upkeep
|turn|43
|
|t:|1667841509
|move|p2a: Ferrothorn|Protect|p2a: Ferrothorn
|-singleturn|p2a: Ferrothorn|Protect
|move|p1a: Kartana|Sacred Sword|p2a: Ferrothorn
|-activate|p2a: Ferrothorn|move: Protect
|
|-heal|p2a: Ferrothorn|94/100 brn|[from] item: Leftovers
|-damage|p2a: Ferrothorn|88/100 brn|[from] brn
|upkeep
|turn|44
|
|t:|1667841514
|switch|p2a: Zapdos|Zapdos|50/100
|move|p1a: Kartana|Sacred Sword|p2a: Zapdos
|-resisted|p2a: Zapdos
|-damage|p2a: Zapdos|27/100
|-damage|p1a: Kartana|84/100|[from] item: Rocky Helmet|[of] p2a: Zapdos
|-status|p1a: Kartana|par|[from] ability: Static|[of] p2a: Zapdos
|
|upkeep
|turn|45
|
|t:|1667841522
|switch|p1a: Chansey|Chansey, F|65/100
|move|p2a: Zapdos|U-turn|p1a: Chansey
|-damage|p1a: Chansey|57/100
|
|t:|1667841540
|switch|p2a: Urshifu|Urshifu-Rapid-Strike, M|100/100|[from]move: U-turn
|
|upkeep
|turn|46
|
|t:|1667841545
|switch|p1a: Slowbro|Slowbro, F|81/100
|move|p2a: Urshifu|U-turn|p1a: Slowbro
|-supereffective|p1a: Slowbro
|-damage|p1a: Slowbro|50/100
|
|t:|1667841552
|switch|p2a: Zapdos|Zapdos|27/100|[from]move: U-turn
|
|upkeep
|turn|47
|
|t:|1667841556
|switch|p1a: Chansey|Chansey, F|57/100
|move|p2a: Zapdos|Roost|p2a: Zapdos
|-heal|p2a: Zapdos|77/100
|-singleturn|p2a: Zapdos|move: Roost
|
|upkeep
|turn|48
|
|t:|1667841560
|move|p2a: Zapdos|U-turn|p1a: Chansey
|-damage|p1a: Chansey|48/100
|
|t:|1667841562
|switch|p2a: Ferrothorn|Ferrothorn, F|88/100 brn|[from]move: U-turn
|move|p1a: Chansey|Heal Bell|p1a: Chansey
|-activate|p1a: Chansey|move: Heal Bell
|-curestatus|p1: Kartana|par|[msg]
|
|-heal|p2a: Ferrothorn|94/100 brn|[from] item: Leftovers
|-damage|p2a: Ferrothorn|88/100 brn|[from] brn
|upkeep
|turn|49
|
|t:|1667841579
|switch|p1a: Zapdos|Zapdos|87/100
|switch|p2a: Pelipper|Pelipper, M|91/100
|-weather|RainDance|[from] ability: Drizzle|[of] p2a: Pelipper
|
|-weather|RainDance|[upkeep]
|upkeep
|turn|50
|
|t:|1667841588
|switch|p2a: Landorus|Landorus-Therian, M|59/100 tox
|-ability|p2a: Landorus|Intimidate|boost
|-unboost|p1a: Zapdos|atk|1
|move|p1a: Zapdos|Thunderbolt|p2a: Landorus
|-immune|p2a: Landorus
|
|-weather|RainDance|[upkeep]
|-heal|p2a: Landorus|65/100 tox|[from] item: Leftovers
|-damage|p2a: Landorus|59/100 tox|[from] psn
|upkeep
|turn|51
|
|t:|1667841592
|move|p1a: Zapdos|Roost|p1a: Zapdos
|-heal|p1a: Zapdos|100/100
|-singleturn|p1a: Zapdos|move: Roost
|move|p2a: Landorus|U-turn|p1a: Zapdos
|-damage|p1a: Zapdos|83/100
|inactive|3rsy has 120 seconds left.
|l|☆Archerdagoat
|inactive|Archerdagoat disconnected and has a minute to reconnect!
|player|p1|
|j|☆Archerdagoat
|inactive|Archerdagoat reconnected.
|player|p1|Archerdagoat|1
|l|☆Archerdagoat
|inactive|Archerdagoat disconnected and has a minute to reconnect!
|player|p1|
|inactive|3rsy has 90 seconds left.
|
|t:|1667841668
|switch|p2a: Urshifu|Urshifu-Rapid-Strike, M|100/100|[from]move: U-turn
|
|-weather|RainDance|[upkeep]
|upkeep
|turn|52
|j|☆Archerdagoat
|inactive|Archerdagoat reconnected and has 145 seconds left.
|player|p1|Archerdagoat|1
|
|t:|1667841688
|switch|p1a: Slowbro|Slowbro, F|83/100
|move|p2a: Urshifu|U-turn|p1a: Slowbro
|-supereffective|p1a: Slowbro
|-damage|p1a: Slowbro|56/100
|
|t:|1667841692
|switch|p2a: Zapdos|Zapdos|77/100|[from]move: U-turn
|
|-weather|RainDance|[upkeep]
|upkeep
|turn|53
|
|t:|1667841720
|switch|p1a: Chansey|Chansey, F|48/100
|move|p2a: Zapdos|Thunder|p1a: Chansey
|-damage|p1a: Chansey|33/100
|
|-weather|RainDance|[upkeep]
|upkeep
|turn|54
|
|t:|1667841725
|move|p2a: Zapdos|U-turn|p1a: Chansey
|-damage|p1a: Chansey|24/100
|
|t:|1667841732
|switch|p2a: Landorus|Landorus-Therian, M|59/100 tox|[from]move: U-turn
|-ability|p2a: Landorus|Intimidate|boost
|-unboost|p1a: Chansey|atk|1
|move|p1a: Chansey|Soft-Boiled|p1a: Chansey
|-heal|p1a: Chansey|74/100
|
|-weather|RainDance|[upkeep]
|-heal|p2a: Landorus|65/100 tox|[from] item: Leftovers
|-damage|p2a: Landorus|59/100 tox|[from] psn
|upkeep
|turn|55
|
|t:|1667841742
|switch|p1a: Garchomp|Garchomp, M|20/100
|move|p2a: Landorus|Stealth Rock|p1a: Garchomp
|-sidestart|p1: Archerdagoat|move: Stealth Rock
|
|-weather|RainDance|[upkeep]
|-heal|p1a: Garchomp|26/100|[from] item: Leftovers
|-heal|p2a: Landorus|65/100 tox|[from] item: Leftovers
|-damage|p2a: Landorus|53/100 tox|[from] psn
|upkeep
|turn|56
|
|t:|1667841751
|move|p1a: Garchomp|Stealth Rock|p2a: Landorus
|-sidestart|p2: 3rsy|move: Stealth Rock
|move|p2a: Landorus|Earthquake|p1a: Garchomp
|-damage|p1a: Garchomp|0 fnt
|faint|p1a: Garchomp
|
|-weather|none
|-heal|p2a: Landorus|59/100 tox|[from] item: Leftovers
|-damage|p2a: Landorus|41/100 tox|[from] psn
|upkeep
|
|t:|1667841757
|switch|p1a: Kartana|Kartana|84/100
|-damage|p1a: Kartana|78/100|[from] Stealth Rock
|turn|57
|inactive|3rsy has 90 seconds left.
|
|t:|1667841771
|switch|p2a: Ferrothorn|Ferrothorn, F|88/100 brn
|-damage|p2a: Ferrothorn|82/100 brn|[from] Stealth Rock
|move|p1a: Kartana|Knock Off|p2a: Ferrothorn
|-damage|p2a: Ferrothorn|35/100 brn
|-damage|p1a: Kartana|65/100|[from] ability: Iron Barbs|[of] p2a: Ferrothorn
|-enditem|p2a: Ferrothorn|Leftovers|[from] move: Knock Off|[of] p1a: Kartana
|
|-damage|p2a: Ferrothorn|29/100 brn|[from] brn
|upkeep
|turn|58
|inactive|3rsy has 90 seconds left.
|inactive|3rsy has 60 seconds left.
|
|t:|1667841825
|move|p1a: Kartana|Knock Off|p2a: Ferrothorn
|-damage|p2a: Ferrothorn|0 fnt
|-damage|p1a: Kartana|53/100|[from] ability: Iron Barbs|[of] p2a: Ferrothorn
|faint|p2a: Ferrothorn
|-ability|p1a: Kartana|Beast Boost|boost
|-boost|p1a: Kartana|atk|1
|
|upkeep
|
|t:|1667841830
|switch|p2a: Barraskewda|Barraskewda, F|88/100
|-damage|p2a: Barraskewda|76/100|[from] Stealth Rock
|turn|59
|
|t:|1667841840
|switch|p1a: Slowbro|Slowbro, F|89/100
|-damage|p1a: Slowbro|76/100|[from] Stealth Rock
|move|p2a: Barraskewda|Flip Turn|p1a: Slowbro
|-resisted|p1a: Slowbro
|-damage|p1a: Slowbro|64/100
|inactive|3rsy has 60 seconds left.
|
|t:|1667841863
|switch|p2a: Zapdos|Zapdos|77/100|[from]move: Flip Turn
|-damage|p2a: Zapdos|52/100|[from] Stealth Rock
|
|upkeep
|turn|60
|l|☆Archerdagoat
|inactive|Archerdagoat disconnected and has a minute to reconnect!
|player|p1|
|j|☆Archerdagoat
|inactive|Archerdagoat reconnected and has 135 seconds left.
|player|p1|Archerdagoat|1
|
|t:|1667841883
|switch|p1a: Chansey|Chansey, F|74/100
|-damage|p1a: Chansey|62/100|[from] Stealth Rock
|move|p2a: Zapdos|U-turn|p1a: Chansey
|-damage|p1a: Chansey|53/100
|inactive|3rsy has 60 seconds left.
|
|t:|1667841894
|switch|p2a: Urshifu|Urshifu-Rapid-Strike, M|100/100|[from]move: U-turn
|-damage|p2a: Urshifu|94/100|[from] Stealth Rock
|
|upkeep
|turn|61
|inactive|3rsy has 60 seconds left.
|
|t:|1667841901
|switch|p1a: Slowbro|Slowbro, F|97/100
|-damage|p1a: Slowbro|85/100|[from] Stealth Rock
|move|p2a: Urshifu|U-turn|p1a: Slowbro
|-supereffective|p1a: Slowbro
|-damage|p1a: Slowbro|58/100
|inactive|3rsy has 60 seconds left.
|
|t:|1667841912
|switch|p2a: Landorus|Landorus-Therian, M|41/100 tox|[from]move: U-turn
|-damage|p2a: Landorus|29/100 tox|[from] Stealth Rock
|-ability|p2a: Landorus|Intimidate|boost
|-unboost|p1a: Slowbro|atk|1
|
|-heal|p2a: Landorus|35/100 tox|[from] item: Leftovers
|-damage|p2a: Landorus|29/100 tox|[from] psn
|upkeep
|turn|62
|
|t:|1667841916
|move|p2a: Landorus|U-turn|p1a: Slowbro
|-supereffective|p1a: Slowbro
|-damage|p1a: Slowbro|31/100
|
|t:|1667841922
|switch|p2a: Zapdos|Zapdos|52/100|[from]move: U-turn
|-damage|p2a: Zapdos|27/100|[from] Stealth Rock
|move|p1a: Slowbro|Slack Off|p1a: Slowbro
|-heal|p1a: Slowbro|81/100
|
|upkeep
|turn|63
|
|t:|1667841927
|move|p2a: Zapdos|Roost|p2a: Zapdos
|-heal|p2a: Zapdos|77/100
|-singleturn|p2a: Zapdos|move: Roost
|move|p1a: Slowbro|Slack Off|p1a: Slowbro
|-heal|p1a: Slowbro|100/100
|
|upkeep
|turn|64
|
|t:|1667841938
|move|p2a: Zapdos|Roost|p2a: Zapdos
|-heal|p2a: Zapdos|100/100
|-singleturn|p2a: Zapdos|move: Roost
|move|p1a: Slowbro|Calm Mind|p1a: Slowbro
|-boost|p1a: Slowbro|spa|1
|-boost|p1a: Slowbro|spd|1
|
|upkeep
|turn|65
|
|t:|1667841943
|move|p2a: Zapdos|U-turn|p1a: Slowbro
|-supereffective|p1a: Slowbro
|-damage|p1a: Slowbro|84/100
|
|t:|1667841949
|switch|p2a: Landorus|Landorus-Therian, M|29/100 tox|[from]move: U-turn
|-damage|p2a: Landorus|16/100 tox|[from] Stealth Rock
|-ability|p2a: Landorus|Intimidate|boost
|-unboost|p1a: Slowbro|atk|1
|move|p1a: Slowbro|Scald|p2a: Landorus
|-supereffective|p2a: Landorus
|-damage|p2a: Landorus|0 fnt
|faint|p2a: Landorus
|
|upkeep
|
|t:|1667841960
|switch|p2a: Zapdos|Zapdos|100/100
|-damage|p2a: Zapdos|75/100|[from] Stealth Rock
|turn|66
|
|t:|1667841962
|move|p2a: Zapdos|Thunder|p1a: Slowbro
|-supereffective|p1a: Slowbro
|-damage|p1a: Slowbro|23/100
|-status|p1a: Slowbro|par
|cant|p1a: Slowbro|par
|
|upkeep
|turn|67
|c|☆3rsy|oof
|c|☆3rsy|sad
|inactive|3rsy has 90 seconds left.
|
|t:|1667841976
|switch|p1a: Clefable|Clefable, F|100/100
|-damage|p1a: Clefable|88/100|[from] Stealth Rock
|move|p2a: Zapdos|U-turn|p1a: Clefable
|-resisted|p1a: Clefable
|-damage|p1a: Clefable|83/100
|
|t:|1667841994
|switch|p2a: Barraskewda|Barraskewda, F|76/100|[from]move: U-turn
|-damage|p2a: Barraskewda|64/100|[from] Stealth Rock
|
|-heal|p1a: Clefable|89/100|[from] item: Leftovers
|upkeep
|turn|68
|
|t:|1667842001
|switch|p1a: Zapdos|Zapdos|83/100
|-damage|p1a: Zapdos|58/100|[from] Stealth Rock
|move|p2a: Barraskewda|Flip Turn|p1a: Zapdos
|-damage|p1a: Zapdos|26/100
|
|t:|1667842006
|switch|p2a: Urshifu|Urshifu-Rapid-Strike, M|94/100|[from]move: Flip Turn
|-damage|p2a: Urshifu|88/100|[from] Stealth Rock
|
|upkeep
|turn|69
|
|t:|1667842010
|move|p2a: Urshifu|Surging Strikes|p1a: Zapdos
|-crit|p1a: Zapdos
|-damage|p1a: Zapdos|11/100
|-crit|p1a: Zapdos
|-damage|p1a: Zapdos|0 fnt
|faint|p1a: Zapdos
|-hitcount|p1: Zapdos|2
|
|upkeep
|
|t:|1667842017
|switch|p1a: Kartana|Kartana|53/100
|-damage|p1a: Kartana|47/100|[from] Stealth Rock
|turn|70
|
|t:|1667842034
|switch|p2a: Zapdos|Zapdos|75/100
|-damage|p2a: Zapdos|50/100|[from] Stealth Rock
|move|p1a: Kartana|Leaf Blade|p2a: Zapdos
|-resisted|p2a: Zapdos
|-damage|p2a: Zapdos|17/100
|-damage|p1a: Kartana|30/100|[from] item: Rocky Helmet|[of] p2a: Zapdos
|
|upkeep
|turn|71
|inactive|3rsy has 90 seconds left.
|
|t:|1667842046
|move|p1a: Kartana|Leaf Blade|p2a: Zapdos
|-resisted|p2a: Zapdos
|-damage|p2a: Zapdos|0 fnt
|-damage|p1a: Kartana|14/100|[from] item: Rocky Helmet|[of] p2a: Zapdos
|faint|p2a: Zapdos
|-ability|p1a: Kartana|Beast Boost|boost
|-boost|p1a: Kartana|atk|1
|
|upkeep
|inactive|3rsy has 90 seconds left.
|
|t:|1667842066
|switch|p2a: Barraskewda|Barraskewda, F|64/100
|-damage|p2a: Barraskewda|52/100|[from] Stealth Rock
|turn|72
|
|t:|1667842075
|move|p2a: Barraskewda|Flip Turn|p1a: Kartana
|-resisted|p1a: Kartana
|-damage|p1a: Kartana|0 fnt
|faint|p1a: Kartana
|
|t:|1667842081
|switch|p2a: Pelipper|Pelipper, M|91/100|[from]move: Flip Turn
|-damage|p2a: Pelipper|66/100|[from] Stealth Rock
|-weather|RainDance|[from] ability: Drizzle|[of] p2a: Pelipper
|
|-weather|RainDance|[upkeep]
|upkeep
|
|t:|1667842085
|switch|p1a: Chansey|Chansey, F|53/100
|-damage|p1a: Chansey|41/100|[from] Stealth Rock
|turn|73
|
|t:|1667842090
|move|p1a: Chansey|Heal Bell|p1a: Chansey
|-activate|p1a: Chansey|move: Heal Bell
|-curestatus|p1: Slowbro|par|[msg]
|move|p2a: Pelipper|U-turn|p1a: Chansey
|-damage|p1a: Chansey|35/100
|inactive|3rsy has 60 seconds left.
|l|☆Archerdagoat
|inactive|Archerdagoat disconnected and has a minute to reconnect!
|player|p1|
|
|t:|1667842132
|switch|p2a: Urshifu|Urshifu-Rapid-Strike, M|88/100|[from]move: U-turn
|-damage|p2a: Urshifu|82/100|[from] Stealth Rock
|
|-weather|RainDance|[upkeep]
|upkeep
|turn|74
|j|☆Archerdagoat
|inactive|Archerdagoat reconnected and has 145 seconds left.
|player|p1|Archerdagoat|1
|inactive|3rsy has 30 seconds left.
|
|t:|1667842164
|switch|p1a: Clefable|Clefable, F|89/100
|-damage|p1a: Clefable|77/100|[from] Stealth Rock
|move|p2a: Urshifu|Surging Strikes|p1a: Clefable
|-crit|p1a: Clefable
|-damage|p1a: Clefable|53/100
|-crit|p1a: Clefable
|-damage|p1a: Clefable|29/100
|-crit|p1a: Clefable
|-damage|p1a: Clefable|6/100
|-hitcount|p1a: Clefable|3
|
|-weather|RainDance|[upkeep]
|-heal|p1a: Clefable|12/100|[from] item: Leftovers
|upkeep
|turn|75
|inactive|3rsy has 30 seconds left this turn.
|
|t:|1667842168
|move|p2a: Urshifu|Surging Strikes|p1a: Clefable
|-crit|p1a: Clefable
|-damage|p1a: Clefable|0 fnt
|faint|p1a: Clefable
|-hitcount|p1: Clefable|1
|
|-weather|RainDance|[upkeep]
|upkeep
|
|t:|1667842172
|switch|p1a: Slowbro|Slowbro, F|57/100
|-damage|p1a: Slowbro|44/100|[from] Stealth Rock
|turn|76
|inactive|3rsy has 30 seconds left.
|
|t:|1667842191
|switch|p1a: Chansey|Chansey, F|35/100
|-damage|p1a: Chansey|22/100|[from] Stealth Rock
|move|p2a: Urshifu|Surging Strikes|p1a: Chansey
|-crit|p1a: Chansey
|-damage|p1a: Chansey|2/100
|-crit|p1a: Chansey
|-damage|p1a: Chansey|0 fnt
|faint|p1a: Chansey
|-hitcount|p1: Chansey|2
|
|-weather|RainDance|[upkeep]
|upkeep
|inactive|3rsy has 30 seconds left this turn.
|
|t:|1667842196
|switch|p1a: Slowbro|Slowbro, F|77/100
|-damage|p1a: Slowbro|65/100|[from] Stealth Rock
|turn|77
|inactive|3rsy has 30 seconds left.
|c|☆3rsy|nice
|
|t:|1667842206
|move|p2a: Urshifu|Surging Strikes|p1a: Slowbro
|-resisted|p1a: Slowbro
|-crit|p1a: Slowbro
|-damage|p1a: Slowbro|56/100
|-resisted|p1a: Slowbro
|-crit|p1a: Slowbro
|-damage|p1a: Slowbro|47/100
|-resisted|p1a: Slowbro
|-crit|p1a: Slowbro
|-damage|p1a: Slowbro|38/100
|-hitcount|p1a: Slowbro|3
|move|p1a: Slowbro|Slack Off|p1a: Slowbro
|-heal|p1a: Slowbro|88/100
|
|-weather|RainDance|[upkeep]
|upkeep
|turn|78
|inactive|3rsy has 30 seconds left this turn.
|
|t:|1667842214
|move|p2a: Urshifu|U-turn|p1a: Slowbro
|-supereffective|p1a: Slowbro
|-damage|p1a: Slowbro|60/100
|inactive|3rsy has 30 seconds left this turn.
|
|t:|1667842223
|switch|p2a: Barraskewda|Barraskewda, F|52/100|[from]move: U-turn
|-damage|p2a: Barraskewda|40/100|[from] Stealth Rock
|move|p1a: Slowbro|Slack Off|p1a: Slowbro
|-heal|p1a: Slowbro|100/100
|
|-weather|RainDance|[upkeep]
|upkeep
|turn|79
|inactive|3rsy has 30 seconds left this turn.
|
|t:|1667842226
|move|p2a: Barraskewda|Liquidation|p1a: Slowbro
|-resisted|p1a: Slowbro
|-damage|p1a: Slowbro|71/100
|-unboost|p1a: Slowbro|def|1
|move|p1a: Slowbro|Calm Mind|p1a: Slowbro
|-boost|p1a: Slowbro|spa|1
|-boost|p1a: Slowbro|spd|1
|
|-weather|none
|upkeep
|turn|80
|inactive|3rsy has 30 seconds left.
|
|t:|1667842233
|switch|p2a: Pelipper|Pelipper, M|66/100
|-damage|p2a: Pelipper|41/100|[from] Stealth Rock
|-weather|RainDance|[from] ability: Drizzle|[of] p2a: Pelipper
|move|p1a: Slowbro|Slack Off|p1a: Slowbro
|-heal|p1a: Slowbro|100/100
|
|-weather|RainDance|[upkeep]
|upkeep
|turn|81
|inactive|3rsy has 30 seconds left.
|
|t:|1667842240
|move|p2a: Pelipper|Scald|p1a: Slowbro
|-resisted|p1a: Slowbro
|-damage|p1a: Slowbro|83/100
|move|p1a: Slowbro|Psyshock|p2a: Pelipper
|-damage|p2a: Pelipper|4/100
|
|-weather|RainDance|[upkeep]
|upkeep
|turn|82
|
|t:|1667842244
|move|p2a: Pelipper|Scald|p1a: Slowbro
|-resisted|p1a: Slowbro
|-damage|p1a: Slowbro|65/100
|move|p1a: Slowbro|Slack Off|p1a: Slowbro
|-heal|p1a: Slowbro|100/100
|
|-weather|RainDance|[upkeep]
|upkeep
|turn|83
|
|t:|1667842249
|move|p2a: Pelipper|Scald|p1a: Slowbro
|-resisted|p1a: Slowbro
|-damage|p1a: Slowbro|82/100
|-status|p1a: Slowbro|brn
|move|p1a: Slowbro|Scald|p2a: Pelipper
|-resisted|p2a: Pelipper
|-damage|p2a: Pelipper|0 fnt
|faint|p2a: Pelipper
|
|-weather|RainDance|[upkeep]
|-damage|p1a: Slowbro|76/100 brn|[from] brn
|upkeep
|inactive|3rsy has 30 seconds left.
|
|t:|1667842262
|switch|p2a: Barraskewda|Barraskewda, F|40/100
|-damage|p2a: Barraskewda|27/100|[from] Stealth Rock
|turn|84
|
|t:|1667842268
|move|p2a: Barraskewda|Liquidation|p1a: Slowbro
|-resisted|p1a: Slowbro
|-damage|p1a: Slowbro|33/100 brn
|move|p1a: Slowbro|Scald|p2a: Barraskewda
|-resisted|p2a: Barraskewda
|-damage|p2a: Barraskewda|0 fnt
|faint|p2a: Barraskewda
|
|-weather|RainDance|[upkeep]
|-damage|p1a: Slowbro|27/100 brn|[from] brn
|upkeep
|
|t:|1667842270
|switch|p2a: Urshifu|Urshifu-Rapid-Strike, M|82/100
|-damage|p2a: Urshifu|76/100|[from] Stealth Rock
|turn|85
|
|t:|1667842272
|move|p2a: Urshifu|U-turn|p1a: Slowbro
|-supereffective|p1a: Slowbro
|-damage|p1a: Slowbro|0 fnt
|faint|p1a: Slowbro
|
|win|3rsy
|raw|Archerdagoat's rating: 1464 &rarr; <strong>1445</strong><br />(-19 for losing)
|raw|3rsy's rating: 1486 &rarr; <strong>1505</strong><br />(+19 for winning)
|l|☆Archerdagoat
|c|☆3rsy|what a close one
||Ladder isn't responding, score probably updated but might not have (Request timeout).
