|raw|<div class="broadcast-blue"><strong>This battle is required to be public due to a player having a name starting with 'lt93oq'.</div>
|j|☆Mimikyu Stardust
|j|☆LT93OQ NeoNarut
|t:|1660906774
|gametype|singles
|player|p1|Mimikyu Stardust|#mimikyustardust|1879
|player|p2|LT93OQ NeoNarut|burglar-gen1rb|1769
|teamsize|p1|6
|teamsize|p2|6
|gen|8
|tier|[Gen 8] OU
|rated|
|rule|Sleep Clause Mod: Limit one foe put to sleep
|rule|Species Clause: Limit one of each Pokémon
|rule|OHKO Clause: OHKO moves are banned
|rule|Evasion Items Clause: Evasion items are banned
|rule|Evasion Moves Clause: Evasion moves are banned
|rule|Endless Battle Clause: Forcing endless battles is banned
|rule|HP Percentage Mod: HP is shown in percentages
|rule|Dynamax Clause: You cannot dynamax
|clearpoke
|poke|p1|Mew|
|poke|p1|Blacephalon|
|poke|p1|Kartana|
|poke|p1|Crawdaunt, F|
|poke|p1|Weavile, M|
|poke|p1|Gengar, F|
|poke|p2|Landorus-Therian, M|
|poke|p2|Slowbro, M|
|poke|p2|Tapu Koko|
|poke|p2|Dragonite, M|
|poke|p2|Darmanitan, F|
|poke|p2|Tyranitar, F|
|teampreview
|inactive|Battle timer is ON: inactive players will automatically lose when time's up. (requested by LT93OQ NeoNarut)
|inactive|Mimikyu Stardust has 120 seconds left.
|inactive|Mimikyu Stardust has 90 seconds left.
|
|t:|1660906835
|start
|switch|p1a: Mew|Mew|100/100
|switch|p2a: VODECi|Tapu Koko|100/100
|-fieldstart|move: Electric Terrain|[from] ability: Electric Surge|[of] p2a: VODECi
|turn|1
|
|t:|1660906851
|move|p2a: VODECi|Thunderbolt|p1a: Mew
|-damage|p1a: Mew|25/100
|move|p1a: Mew|Tailwind|p1a: Mew
|-sidestart|p1: Mimikyu Stardust|move: Tailwind
|
|upkeep
|turn|2
|
|t:|1660906868
|move|p1a: Mew|Stealth Rock|p2a: VODECi
|-sidestart|p2: LT93OQ NeoNarut|move: Stealth Rock
|move|p2a: VODECi|Thunderbolt|p1a: Mew
|-damage|p1a: Mew|0 fnt
|faint|p1a: Mew
|
|upkeep
|
|t:|1660906870
|switch|p1a: Kartana|Kartana|100/100
|turn|3
|
|t:|1660906875
|move|p1a: Kartana|Leaf Blade|p2a: VODECi
|-damage|p2a: VODECi|0 fnt
|faint|p2a: VODECi
|-ability|p1a: Kartana|Beast Boost|boost
|-boost|p1a: Kartana|atk|1
|-damage|p1a: Kartana|91/100|[from] item: Life Orb
|
|upkeep
|j| rydeen ride
|
|t:|1660906886
|switch|p2a: Bernie Landers|Landorus-Therian, M|100/100
|-damage|p2a: Bernie Landers|88/100|[from] Stealth Rock
|-ability|p2a: Bernie Landers|Intimidate|boost
|-unboost|p1a: Kartana|atk|1
|turn|4
|
|t:|1660906895
|move|p1a: Kartana|Swords Dance|p1a: Kartana
|-boost|p1a: Kartana|atk|2
|move|p2a: Bernie Landers|Stealth Rock|p1a: Kartana
|-sidestart|p1: Mimikyu Stardust|move: Stealth Rock
|
|-sideend|p1: Mimikyu Stardust|move: Tailwind
|upkeep
|turn|5
|
|t:|1660906912
|move|p1a: Kartana|Leaf Blade|p2a: Bernie Landers
|-damage|p2a: Bernie Landers|0 fnt
|-damage|p1a: Kartana|74/100|[from] item: Rocky Helmet|[of] p2a: Bernie Landers
|faint|p2a: Bernie Landers
|-ability|p1a: Kartana|Beast Boost|boost
|-boost|p1a: Kartana|atk|1
|-damage|p1a: Kartana|65/100|[from] item: Life Orb
|
|-fieldend|move: Electric Terrain
|upkeep
|
|t:|1660906921
|switch|p2a: Fat Charizard|Dragonite, M, shiny|100/100
|turn|6
|
|t:|1660906937
|move|p1a: Kartana|Tailwind|p1a: Kartana
|-sidestart|p1: Mimikyu Stardust|move: Tailwind
|move|p2a: Fat Charizard|Dual Wingbeat|p1a: Kartana
|-damage|p1a: Kartana|38/100
|-damage|p1a: Kartana|12/100
|-hitcount|p1a: Kartana|2
|
|upkeep
|turn|7
|
|t:|1660906943
|move|p2a: Fat Charizard|Extreme Speed|p1a: Kartana
|-resisted|p1a: Kartana
|-damage|p1a: Kartana|0 fnt
|faint|p1a: Kartana
|
|upkeep
|
|t:|1660906967
|switch|p1a: Weavile|Weavile, M|100/100
|-damage|p1a: Weavile|76/100|[from] Stealth Rock
|-ability|p1a: Weavile|Pressure
|turn|8
|
|t:|1660906985
|switch|p2a: spvceghvstpvrrp|Slowbro, M, shiny|100/100
|-damage|p2a: spvceghvstpvrrp|88/100|[from] Stealth Rock
|move|p1a: Weavile|Ice Shard|p2a: spvceghvstpvrrp
|-resisted|p2a: spvceghvstpvrrp
|-damage|p2a: spvceghvstpvrrp|80/100
|-damage|p1a: Weavile|66/100|[from] item: Life Orb
|
|upkeep
|turn|9
|
|t:|1660906997
|move|p1a: Weavile|Knock Off|p2a: spvceghvstpvrrp
|-supereffective|p2a: spvceghvstpvrrp
|-damage|p2a: spvceghvstpvrrp|5/100
|-damage|p1a: Weavile|49/100|[from] item: Rocky Helmet|[of] p2a: spvceghvstpvrrp
|-enditem|p2a: spvceghvstpvrrp|Rocky Helmet|[from] move: Knock Off|[of] p1a: Weavile
|-damage|p1a: Weavile|39/100|[from] item: Life Orb
|move|p2a: spvceghvstpvrrp|Scald|p1a: Weavile
|-crit|p1a: Weavile
|-damage|p1a: Weavile|0 fnt
|faint|p1a: Weavile
|
|-sideend|p1: Mimikyu Stardust|move: Tailwind
|upkeep
|
|t:|1660907006
|switch|p1a: Blacephalon|Blacephalon|100/100
|-damage|p1a: Blacephalon|76/100|[from] Stealth Rock
|turn|10
|
|t:|1660907013
|switch|p2a: DA LAST REX(3005)|Tyranitar, F|100/100
|-damage|p2a: DA LAST REX(3005)|88/100|[from] Stealth Rock
|-weather|Sandstorm|[from] ability: Sand Stream|[of] p2a: DA LAST REX(3005)
|move|p1a: Blacephalon|Shadow Ball|p2a: DA LAST REX(3005)
|-resisted|p2a: DA LAST REX(3005)
|-crit|p2a: DA LAST REX(3005)
|-damage|p2a: DA LAST REX(3005)|72/100
|
|-weather|Sandstorm|[upkeep]
|-damage|p1a: Blacephalon|70/100|[from] Sandstorm
|upkeep
|turn|11
|
|t:|1660907031
|switch|p1a: Gengar|Gengar, F|100/100
|-damage|p1a: Gengar|88/100|[from] Stealth Rock
|move|p2a: DA LAST REX(3005)|Earthquake|p1a: Gengar
|-supereffective|p1a: Gengar
|-damage|p1a: Gengar|0 fnt
|faint|p1a: Gengar
|
|-weather|Sandstorm|[upkeep]
|upkeep
|j| Skfkngkekdk
|j| grnaash
|inactive|Mimikyu Stardust has 120 seconds left.
|l|☆Mimikyu Stardust
|inactive|Mimikyu Stardust disconnected and has a minute to reconnect!
|player|p1|
|inactive|Mimikyu Stardust has 30 seconds to reconnect!
|j|☆Mimikyu Stardust
|inactive|Mimikyu Stardust reconnected and has 85 seconds left.
|player|p1|Mimikyu Stardust|#mimikyustardust
|
|t:|1660907097
|switch|p1a: Crawdaunt|Crawdaunt, F|100/100
|-damage|p1a: Crawdaunt|88/100|[from] Stealth Rock
|turn|12
|
|t:|1660907115
|move|p1a: Crawdaunt|Crabhammer|p2a: DA LAST REX(3005)|[miss]
|-miss|p1a: Crawdaunt|p2a: DA LAST REX(3005)
|move|p2a: DA LAST REX(3005)|Earthquake|p1a: Crawdaunt
|-damage|p1a: Crawdaunt|43/100
|
|-weather|Sandstorm|[upkeep]
|-damage|p1a: Crawdaunt|37/100|[from] Sandstorm
|upkeep
|turn|13
|
|t:|1660907120
|move|p1a: Crawdaunt|Crabhammer|p2a: DA LAST REX(3005)
|-supereffective|p2a: DA LAST REX(3005)
|-crit|p2a: DA LAST REX(3005)
|-damage|p2a: DA LAST REX(3005)|0 fnt
|faint|p2a: DA LAST REX(3005)
|-damage|p1a: Crawdaunt|27/100|[from] item: Life Orb
|
|-weather|Sandstorm|[upkeep]
|-damage|p1a: Crawdaunt|21/100|[from] Sandstorm
|upkeep
|
|t:|1660907123
|switch|p2a: Fat Charizard|Dragonite, M, shiny|100/100
|turn|14
|
|t:|1660907140
|move|p2a: Fat Charizard|Extreme Speed|p1a: Crawdaunt
|-crit|p1a: Crawdaunt
|-damage|p1a: Crawdaunt|0 fnt
|faint|p1a: Crawdaunt
|
|-weather|none
|upkeep
|-message|Mimikyu Stardust forfeited.
|
|win|LT93OQ NeoNarut
|raw|Mimikyu Stardust's rating: 1879 &rarr; <strong>1854</strong><br />(-25 for losing)
|raw|LT93OQ NeoNarut's rating: 1787 &rarr; <strong>1812</strong><br />(+25 for winning)
|l|☆Mimikyu Stardust
