|j|☆XDGXE
|j|‽dmt dreams
|inactive|Battle timer is ON: inactive players will automatically lose when time's up.
|t:|1665240368
|gametype|singles
|player|p1|XDGXE|artist-gen4|
|player|p2|dmt dreams|tuber-gen6|
|teamsize|p1|6
|teamsize|p2|6
|gen|8
|tier|[Gen 8] OU
|rated|Tournament battle
|rule|Sleep Clause Mod: Limit one foe put to sleep
|rule|Species Clause: Limit one of each Pokémon
|rule|OHKO Clause: OHKO moves are banned
|rule|Evasion Items Clause: Evasion items are banned
|rule|Evasion Moves Clause: Evasion moves are banned
|rule|Endless Battle Clause: Forcing endless battles is banned
|rule|HP Percentage Mod: HP is shown in percentages
|rule|Dynamax Clause: You cannot dynamax
|clearpoke
|poke|p1|Arctovish|
|poke|p1|Arctozolt|
|poke|p1|Ninetales-Alola, F|
|poke|p1|Kommo-o, F|
|poke|p1|Heatran, M|
|poke|p1|Dragapult, M|
|poke|p2|Hippowdon, F|
|poke|p2|Zeraora|
|poke|p2|Xatu, M|
|poke|p2|Toxapex, M|
|poke|p2|Corviknight, F|
|poke|p2|Blissey, F|
|teampreview
|inactive|dmt dreams also wants the timer to be on.
|
|t:|1665240385
|start
|switch|p1a: Arctovish|Arctovish|100/100
|switch|p2a: Zeraora|Zeraora, shiny|100/100
|turn|1
|
|t:|1665240399
|switch|p1a: Kommo-o|Kommo-o, F|100/100
|move|p2a: Zeraora|Knock Off|p1a: Kommo-o
|-resisted|p1a: Kommo-o
|-damage|p1a: Kommo-o|85/100
|-enditem|p1a: Kommo-o|Throat Spray|[from] move: Knock Off|[of] p2a: Zeraora
|
|upkeep
|turn|2
|
|t:|1665240405
|move|p2a: Zeraora|Toxic|p1a: Kommo-o
|-status|p1a: Kommo-o|tox
|move|p1a: Kommo-o|Clanging Scales|p2a: Zeraora
|-damage|p2a: Zeraora|41/100
|-unboost|p1a: Kommo-o|def|1
|
|-heal|p2a: Zeraora|47/100|[from] item: Leftovers
|-damage|p1a: Kommo-o|79/100 tox|[from] psn
|upkeep
|turn|3
|j| sufys12
|
|t:|1665240424
|switch|p2a: Corviknight|Corviknight, F, shiny|100/100
|-ability|p2a: Corviknight|Pressure
|move|p1a: Kommo-o|Clanging Scales|p2a: Corviknight
|-resisted|p2a: Corviknight
|-damage|p2a: Corviknight|80/100
|-unboost|p1a: Kommo-o|def|1
|
|-damage|p1a: Kommo-o|66/100 tox|[from] psn
|upkeep
|turn|4
|
|t:|1665240430
|switch|p1a: Heatran|Heatran, M|100/100
|move|p2a: Corviknight|Body Press|p1a: Heatran
|-supereffective|p1a: Heatran
|-damage|p1a: Heatran|58/100
|
|-heal|p1a: Heatran|64/100|[from] item: Leftovers
|upkeep
|turn|5
|
|t:|1665240433
|switch|p2a: Xatu|Xatu, M, shiny|100/100
|move|p1a: Heatran|Magma Storm|p2a: Xatu
|-damage|p2a: Xatu|61/100
|-activate|p2a: Xatu|move: Magma Storm|[of] p1a: Heatran
|
|-heal|p2a: Xatu|67/100|[from] item: Leftovers
|-heal|p1a: Heatran|70/100|[from] item: Leftovers
|-damage|p2a: Xatu|55/100|[from] move: Magma Storm|[partiallytrapped]
|upkeep
|turn|6
|j| vkhss
|
|t:|1665240438
|move|p2a: Xatu|Roost|p2a: Xatu
|-heal|p2a: Xatu|100/100
|-singleturn|p2a: Xatu|move: Roost
|move|p1a: Heatran|Taunt|p2a: Xatu
|move|p2a: Xatu|Taunt|p1a: Heatran|[from]ability: Magic Bounce
|-start|p1a: Heatran|move: Taunt
|
|-heal|p1a: Heatran|77/100|[from] item: Leftovers
|-damage|p2a: Xatu|88/100|[from] move: Magma Storm|[partiallytrapped]
|upkeep
|turn|7
|
|t:|1665240446
|switch|p1a: Ninetales|Ninetales-Alola, F|100/100
|-weather|Hail|[from] ability: Snow Warning|[of] p1a: Ninetales
|move|p2a: Xatu|Night Shade|p1a: Ninetales
|-damage|p1a: Ninetales|72/100
|
|-weather|Hail|[upkeep]
|-damage|p2a: Xatu|82/100|[from] Hail
|-heal|p2a: Xatu|88/100|[from] item: Leftovers
|-end|p2a: Xatu|Magma Storm|[partiallytrapped]|[silent]
|upkeep
|turn|8
|
|t:|1665240450
|move|p1a: Ninetales|Aurora Veil|p1a: Ninetales
|-sidestart|p1: XDGXE|move: Aurora Veil
|move|p2a: Xatu|Teleport|p2a: Xatu
|
|t:|1665240452
|switch|p2a: Hippowdon|Hippowdon, F, shiny|100/100|[from]move: Teleport
|-weather|Sandstorm|[from] ability: Sand Stream|[of] p2a: Hippowdon
|
|-weather|Sandstorm|[upkeep]
|-damage|p1a: Ninetales|66/100|[from] Sandstorm
|upkeep
|turn|9
|
|t:|1665240456
|move|p1a: Ninetales|Freeze-Dry|p2a: Hippowdon
|-supereffective|p2a: Hippowdon
|-damage|p2a: Hippowdon|60/100
|move|p2a: Hippowdon|Stealth Rock|p1a: Ninetales
|-sidestart|p1: XDGXE|move: Stealth Rock
|
|-weather|Sandstorm|[upkeep]
|-damage|p1a: Ninetales|60/100|[from] Sandstorm
|-heal|p2a: Hippowdon|66/100|[from] item: Leftovers
|upkeep
|turn|10
|
|t:|1665240459
|move|p1a: Ninetales|Freeze-Dry|p2a: Hippowdon
|-supereffective|p2a: Hippowdon
|-damage|p2a: Hippowdon|23/100
|move|p2a: Hippowdon|Slack Off|p2a: Hippowdon
|-heal|p2a: Hippowdon|73/100
|
|-weather|Sandstorm|[upkeep]
|-damage|p1a: Ninetales|54/100|[from] Sandstorm
|-heal|p2a: Hippowdon|80/100|[from] item: Leftovers
|upkeep
|turn|11
|
|t:|1665240464
|switch|p1a: Arctovish|Arctovish|100/100
|-damage|p1a: Arctovish|76/100|[from] Stealth Rock
|move|p2a: Hippowdon|Slack Off|p2a: Hippowdon
|-heal|p2a: Hippowdon|100/100
|
|-weather|Sandstorm|[upkeep]
|-damage|p1a: Arctovish|69/100|[from] Sandstorm
|upkeep
|turn|12
|-message|XDGXE forfeited.
|
|win|dmt dreams
|n|☆XDGXE|xdgxe
|n|‽dmt dreams|dmtdreams
|n| sufys12|sufys12
|n| vkhss|vkhss
|l|☆XDGXE
|c| vkhss|lol
