|raw|<div class="broadcast-blue"><strong>This battle is required to be public due to a player having a name starting with 'lt92pf'.</div>
|j|☆ohmboy tesla
|j|☆LT92PF bilbo
|t:|1660311523
|gametype|singles
|player|p1|ohmboy tesla|eusine|1572
|player|p2|LT92PF bilbo|hiker-gen4|1538
|teamsize|p1|6
|teamsize|p2|6
|gen|8
|tier|[Gen 8] OU
|rated|
|rule|Sleep Clause Mod: Limit one foe put to sleep
|rule|Species Clause: Limit one of each Pokémon
|rule|OHKO Clause: OHKO moves are banned
|rule|Evasion Items Clause: Evasion items are banned
|rule|Evasion Moves Clause: Evasion moves are banned
|rule|Endless Battle Clause: Forcing endless battles is banned
|rule|HP Percentage Mod: HP is shown in percentages
|rule|Dynamax Clause: You cannot dynamax
|clearpoke
|poke|p1|Gastrodon, M|
|poke|p1|Clefable, F|
|poke|p1|Corviknight, M|
|poke|p1|Blissey, F|
|poke|p1|Toxapex, M|
|poke|p1|Slowking-Galar, M|
|poke|p2|Slowking, F|
|poke|p2|Kartana|
|poke|p2|Bisharp, M|
|poke|p2|Corviknight, F|
|poke|p2|Rotom-Wash|
|poke|p2|Landorus-Therian, M|
|teampreview
|inactive|Battle timer is ON: inactive players will automatically lose when time's up. (requested by LT92PF bilbo)
|
|t:|1660311552
|start
|switch|p1a: Boy Fort|Toxapex, M|100/100
|switch|p2a: Bisharp|Bisharp, M|100/100
|turn|1
|
|t:|1660311565
|switch|p1a: Crowvid-19|Corviknight, M, shiny|100/100
|-ability|p1a: Crowvid-19|Pressure
|move|p2a: Bisharp|Knock Off|p1a: Crowvid-19
|-damage|p1a: Crowvid-19|68/100
|-enditem|p1a: Crowvid-19|Leftovers|[from] move: Knock Off|[of] p2a: Bisharp
|
|upkeep
|turn|2
|
|t:|1660311572
|switch|p2a: Rotom|Rotom-Wash|100/100
|move|p1a: Crowvid-19|Roost|p1a: Crowvid-19
|-heal|p1a: Crowvid-19|100/100
|-singleturn|p1a: Crowvid-19|move: Roost
|
|upkeep
|turn|3
|
|t:|1660311585
|switch|p2a: Kartana|Kartana|100/100
|switch|p1a: Give peace a Chans|Blissey, F|100/100
|
|upkeep
|turn|4
|
|t:|1660311596
|switch|p1a: Crowvid-19|Corviknight, M, shiny|100/100
|-ability|p1a: Crowvid-19|Pressure
|move|p2a: Kartana|Knock Off|p1a: Crowvid-19
|-damage|p1a: Crowvid-19|71/100
|
|upkeep
|turn|5
|
|t:|1660311605
|switch|p2a: Landorus|Landorus-Therian, M|100/100
|-ability|p2a: Landorus|Intimidate|boost
|-unboost|p1a: Crowvid-19|atk|1
|move|p1a: Crowvid-19|Roost|p1a: Crowvid-19
|-heal|p1a: Crowvid-19|100/100
|-singleturn|p1a: Crowvid-19|move: Roost
|
|upkeep
|turn|6
|
|t:|1660311610
|move|p2a: Landorus|Stealth Rock|p1a: Crowvid-19
|-sidestart|p1: ohmboy tesla|move: Stealth Rock
|move|p1a: Crowvid-19|Iron Defense|p1a: Crowvid-19
|-boost|p1a: Crowvid-19|def|2
|
|upkeep
|turn|7
|
|t:|1660311615
|switch|p2a: Rotom|Rotom-Wash|100/100
|move|p1a: Crowvid-19|Defog|p2a: Rotom
|-unboost|p2a: Rotom|evasion|1
|-sideend|p1: ohmboy tesla|Stealth Rock|[from] move: Defog|[of] p1a: Crowvid-19
|
|upkeep
|turn|8
|
|t:|1660311620
|switch|p1a: Teddy Westside|Gastrodon, M|100/100
|move|p2a: Rotom|Thunderbolt|p1a: Teddy Westside
|-immune|p1a: Teddy Westside
|
|upkeep
|turn|9
|
|t:|1660311625
|switch|p2a: Slowking|Slowking, F|100/100
|move|p1a: Teddy Westside|Scald|p2a: Slowking
|-resisted|p2a: Slowking
|-damage|p2a: Slowking|93/100
|
|upkeep
|turn|10
|
|t:|1660311631
|switch|p1a: Mad Hatter|Slowking-Galar, M|100/100
|move|p2a: Slowking|Toxic|p1a: Mad Hatter
|-immune|p1a: Mad Hatter
|
|upkeep
|turn|11
|
|t:|1660311638
|move|p1a: Mad Hatter|Sludge Bomb|p2a: Slowking
|-damage|p2a: Slowking|65/100
|move|p2a: Slowking|Teleport|p2a: Slowking
|
|t:|1660311642
|switch|p2a: Landorus|Landorus-Therian, M|100/100|[from]move: Teleport
|-ability|p2a: Landorus|Intimidate|boost
|-unboost|p1a: Mad Hatter|atk|1
|
|upkeep
|turn|12
|
|t:|1660311644
|switch|p1a: Crowvid-19|Corviknight, M, shiny|100/100
|-ability|p1a: Crowvid-19|Pressure
|move|p2a: Landorus|Stealth Rock|p1a: Crowvid-19
|-sidestart|p1: ohmboy tesla|move: Stealth Rock
|
|upkeep
|turn|13
|
|t:|1660311651
|switch|p2a: Bisharp|Bisharp, M|100/100
|move|p1a: Crowvid-19|Defog|p2a: Bisharp
|-unboost|p2a: Bisharp|evasion|1
|-ability|p2a: Bisharp|Defiant
|-boost|p2a: Bisharp|atk|2
|-sideend|p1: ohmboy tesla|Stealth Rock|[from] move: Defog|[of] p1a: Crowvid-19
|
|upkeep
|turn|14
|
|t:|1660311658
|move|p2a: Bisharp|Knock Off|p1a: Crowvid-19
|-damage|p1a: Crowvid-19|54/100
|move|p1a: Crowvid-19|Iron Defense|p1a: Crowvid-19
|-boost|p1a: Crowvid-19|def|2
|
|upkeep
|turn|15
|
|t:|1660311665
|switch|p2a: Rotom|Rotom-Wash|100/100
|move|p1a: Crowvid-19|Roost|p1a: Crowvid-19
|-heal|p1a: Crowvid-19|100/100
|-singleturn|p1a: Crowvid-19|move: Roost
|
|upkeep
|turn|16
|
|t:|1660311674
|switch|p1a: Give peace a Chans|Blissey, F|100/100
|move|p2a: Rotom|Volt Switch|p1a: Give peace a Chans
|-damage|p1a: Give peace a Chans|90/100
|
|t:|1660311681
|switch|p2a: Kartana|Kartana|100/100|[from]move: Volt Switch
|
|upkeep
|turn|17
|
|t:|1660311685
|switch|p1a: Crowvid-19|Corviknight, M, shiny|100/100
|-ability|p1a: Crowvid-19|Pressure
|move|p2a: Kartana|Sacred Sword|p1a: Crowvid-19
|-damage|p1a: Crowvid-19|62/100
|
|upkeep
|turn|18
|
|t:|1660311690
|move|p2a: Kartana|Sacred Sword|p1a: Crowvid-19
|-crit|p1a: Crowvid-19
|-damage|p1a: Crowvid-19|1/100
|move|p1a: Crowvid-19|Roost|p1a: Crowvid-19
|-heal|p1a: Crowvid-19|51/100
|-singleturn|p1a: Crowvid-19|move: Roost
|
|upkeep
|turn|19
|
|t:|1660311699
|move|p2a: Kartana|Sacred Sword|p1a: Crowvid-19
|-damage|p1a: Crowvid-19|11/100
|move|p1a: Crowvid-19|Roost|p1a: Crowvid-19
|-heal|p1a: Crowvid-19|61/100
|-singleturn|p1a: Crowvid-19|move: Roost
|
|upkeep
|turn|20
|inactive|LT92PF bilbo has 120 seconds left.
|
|t:|1660311736
|switch|p1a: Boy Fort|Toxapex, M|100/100
|move|p2a: Kartana|Sacred Sword|p1a: Boy Fort
|-resisted|p1a: Boy Fort
|-damage|p1a: Boy Fort|82/100
|
|upkeep
|turn|21
|inactive|LT92PF bilbo has 120 seconds left.
|inactive|LT92PF bilbo has 90 seconds left.
|
|t:|1660311786
|switch|p2a: Rotom|Rotom-Wash|100/100
|move|p1a: Boy Fort|Toxic|p2a: Rotom
|-status|p2a: Rotom|tox
|
|-damage|p2a: Rotom|94/100 tox|[from] psn
|upkeep
|turn|22
|
|t:|1660311793
|switch|p1a: Teddy Westside|Gastrodon, M|100/100
|move|p2a: Rotom|Trick|p1a: Teddy Westside
|-activate|p2a: Rotom|move: Trick|[of] p1a: Teddy Westside
|-item|p1a: Teddy Westside|Choice Scarf|[from] move: Trick
|-item|p2a: Rotom|Leftovers|[from] move: Trick
|
|-heal|p2a: Rotom|100/100 tox|[from] item: Leftovers
|-damage|p2a: Rotom|88/100 tox|[from] psn
|upkeep
|turn|23
|inactive|LT92PF bilbo has 90 seconds left.
|
|t:|1660311821
|switch|p2a: Slowking|Slowking, F|99/100
|move|p1a: Teddy Westside|Scald|p2a: Slowking
|-resisted|p2a: Slowking
|-damage|p2a: Slowking|91/100
|-status|p2a: Slowking|brn
|
|-damage|p2a: Slowking|85/100 brn|[from] brn
|upkeep
|turn|24
|
|t:|1660311832
|switch|p1a: Give peace a Chans|Blissey, F|90/100
|move|p2a: Slowking|Teleport|p2a: Slowking
|
|t:|1660311836
|switch|p2a: Kartana|Kartana|100/100|[from]move: Teleport
|
|upkeep
|turn|25
|inactive|LT92PF bilbo has 90 seconds left.
|
|t:|1660311843
|switch|p1a: Boy Fort|Toxapex, M|100/100
|move|p2a: Kartana|Leaf Blade|p1a: Boy Fort
|-crit|p1a: Boy Fort
|-damage|p1a: Boy Fort|25/100
|
|upkeep
|turn|26
|
|t:|1660311851
|switch|p2a: Rotom|Rotom-Wash|88/100 tox
|switch|p1a: Crowvid-19|Corviknight, M, shiny|61/100
|-ability|p1a: Crowvid-19|Pressure
|
|-heal|p2a: Rotom|94/100 tox|[from] item: Leftovers
|-damage|p2a: Rotom|88/100 tox|[from] psn
|upkeep
|turn|27
|
|t:|1660311856
|switch|p1a: Teddy Westside|Gastrodon, M|100/100
|move|p2a: Rotom|Volt Switch|p1a: Teddy Westside
|-immune|p1a: Teddy Westside
|
|-heal|p2a: Rotom|94/100 tox|[from] item: Leftovers
|-damage|p2a: Rotom|82/100 tox|[from] psn
|upkeep
|turn|28
|
|t:|1660311861
|switch|p2a: Slowking|Slowking, F|100/100 brn
|move|p1a: Teddy Westside|Scald|p2a: Slowking
|-resisted|p2a: Slowking
|-damage|p2a: Slowking|93/100 brn
|
|-damage|p2a: Slowking|87/100 brn|[from] brn
|upkeep
|turn|29
|
|t:|1660311868
|switch|p1a: Give peace a Chans|Blissey, F|90/100
|move|p2a: Slowking|Teleport|p2a: Slowking
|
|t:|1660311871
|switch|p2a: Kartana|Kartana|100/100|[from]move: Teleport
|
|upkeep
|turn|30
|
|t:|1660311882
|switch|p1a: Boy Fort|Toxapex, M|58/100
|move|p2a: Kartana|Sacred Sword|p1a: Boy Fort
|-resisted|p1a: Boy Fort
|-damage|p1a: Boy Fort|40/100
|
|upkeep
|turn|31
|
|t:|1660311890
|switch|p2a: Slowking|Slowking, F|100/100 brn
|move|p1a: Boy Fort|Recover|p1a: Boy Fort
|-heal|p1a: Boy Fort|90/100
|
|-damage|p2a: Slowking|94/100 brn|[from] brn
|upkeep
|turn|32
|
|t:|1660311895
|move|p1a: Boy Fort|Light Screen|p1a: Boy Fort
|-sidestart|p1: ohmboy tesla|move: Light Screen
|move|p2a: Slowking|Teleport|p2a: Slowking
|
|t:|1660311902
|switch|p2a: Landorus|Landorus-Therian, M|100/100|[from]move: Teleport
|-ability|p2a: Landorus|Intimidate|boost
|-unboost|p1a: Boy Fort|atk|1
|
|upkeep
|turn|33
|
|t:|1660311907
|switch|p1a: Crowvid-19|Corviknight, M, shiny|61/100
|-ability|p1a: Crowvid-19|Pressure
|move|p2a: Landorus|Stealth Rock|p1a: Crowvid-19
|-sidestart|p1: ohmboy tesla|move: Stealth Rock
|
|upkeep
|turn|34
|
|t:|1660311913
|switch|p2a: Rotom|Rotom-Wash|82/100 tox
|move|p1a: Crowvid-19|Roost|p1a: Crowvid-19
|-heal|p1a: Crowvid-19|100/100
|-singleturn|p1a: Crowvid-19|move: Roost
|
|-heal|p2a: Rotom|88/100 tox|[from] item: Leftovers
|-damage|p2a: Rotom|82/100 tox|[from] psn
|upkeep
|turn|35
|
|t:|1660311921
|switch|p1a: Teddy Westside|Gastrodon, M|100/100
|-damage|p1a: Teddy Westside|94/100|[from] Stealth Rock
|move|p2a: Rotom|Thunderbolt|p1a: Teddy Westside
|-immune|p1a: Teddy Westside
|
|-heal|p2a: Rotom|88/100 tox|[from] item: Leftovers
|-damage|p2a: Rotom|76/100 tox|[from] psn
|upkeep
|turn|36
|
|t:|1660311929
|switch|p2a: Slowking|Slowking, F|100/100 brn
|move|p1a: Teddy Westside|Scald|p2a: Slowking
|-resisted|p2a: Slowking
|-damage|p2a: Slowking|93/100 brn
|
|-damage|p2a: Slowking|87/100 brn|[from] brn
|-sideend|p1: ohmboy tesla|move: Light Screen
|upkeep
|turn|37
|
|t:|1660311940
|switch|p1a: Give peace a Chans|Blissey, F|90/100
|move|p2a: Slowking|Teleport|p2a: Slowking
|
|t:|1660311944
|switch|p2a: Kartana|Kartana|100/100|[from]move: Teleport
|
|upkeep
|turn|38
|
|t:|1660311947
|switch|p1a: Crowvid-19|Corviknight, M, shiny|100/100
|-damage|p1a: Crowvid-19|88/100|[from] Stealth Rock
|-ability|p1a: Crowvid-19|Pressure
|move|p2a: Kartana|Sacred Sword|p1a: Crowvid-19
|-damage|p1a: Crowvid-19|47/100
|
|upkeep
|turn|39
|
|t:|1660311958
|move|p2a: Kartana|Sacred Sword|p1a: Crowvid-19
|-damage|p1a: Crowvid-19|11/100
|move|p1a: Crowvid-19|Roost|p1a: Crowvid-19
|-heal|p1a: Crowvid-19|61/100
|-singleturn|p1a: Crowvid-19|move: Roost
|
|upkeep
|turn|40
|
|t:|1660311967
|switch|p2a: Rotom|Rotom-Wash|76/100 tox
|move|p1a: Crowvid-19|Roost|p1a: Crowvid-19
|-heal|p1a: Crowvid-19|100/100
|-singleturn|p1a: Crowvid-19|move: Roost
|
|-heal|p2a: Rotom|82/100 tox|[from] item: Leftovers
|-damage|p2a: Rotom|76/100 tox|[from] psn
|upkeep
|turn|41
|
|t:|1660311973
|switch|p1a: Teddy Westside|Gastrodon, M|94/100
|-damage|p1a: Teddy Westside|88/100|[from] Stealth Rock
|move|p2a: Rotom|Volt Switch|p1a: Teddy Westside
|-immune|p1a: Teddy Westside
|
|-heal|p2a: Rotom|82/100 tox|[from] item: Leftovers
|-damage|p2a: Rotom|69/100 tox|[from] psn
|upkeep
|turn|42
|
|t:|1660311982
|switch|p2a: Slowking|Slowking, F|100/100 brn
|move|p1a: Teddy Westside|Earthquake|p2a: Slowking
|-damage|p2a: Slowking|71/100 brn
|
|-damage|p2a: Slowking|65/100 brn|[from] brn
|upkeep
|turn|43
|
|t:|1660311990
|switch|p1a: Boy Fort|Toxapex, M|100/100
|-damage|p1a: Boy Fort|88/100|[from] Stealth Rock
|move|p2a: Slowking|Teleport|p2a: Slowking
|
|t:|1660311995
|switch|p2a: Rotom|Rotom-Wash|69/100 tox|[from]move: Teleport
|
|-heal|p2a: Rotom|76/100 tox|[from] item: Leftovers
|-damage|p2a: Rotom|69/100 tox|[from] psn
|upkeep
|turn|44
|
|t:|1660312015
|switch|p2a: Kartana|Kartana|100/100
|switch|p1a: Teddy Westside|Gastrodon, M|88/100
|-damage|p1a: Teddy Westside|82/100|[from] Stealth Rock
|
|upkeep
|turn|45
|
|t:|1660312025
|switch|p2a: Rotom|Rotom-Wash|69/100 tox
|switch|p1a: Boy Fort|Toxapex, M|100/100
|-damage|p1a: Boy Fort|88/100|[from] Stealth Rock
|
|-heal|p2a: Rotom|76/100 tox|[from] item: Leftovers
|-damage|p2a: Rotom|69/100 tox|[from] psn
|upkeep
|turn|46
|
|t:|1660312034
|switch|p2a: Slowking|Slowking, F|98/100 brn
|switch|p1a: Teddy Westside|Gastrodon, M|82/100
|-damage|p1a: Teddy Westside|76/100|[from] Stealth Rock
|
|-damage|p2a: Slowking|92/100 brn|[from] brn
|upkeep
|turn|47
|
|t:|1660312041
|move|p1a: Teddy Westside|Recover|p1a: Teddy Westside
|-heal|p1a: Teddy Westside|100/100
|move|p2a: Slowking|Teleport|p2a: Slowking
|
|t:|1660312051
|switch|p2a: Kartana|Kartana|100/100|[from]move: Teleport
|
|upkeep
|turn|48
|
|t:|1660312058
|switch|p1a: Boy Fort|Toxapex, M|100/100
|-damage|p1a: Boy Fort|88/100|[from] Stealth Rock
|move|p2a: Kartana|Sacred Sword|p1a: Boy Fort
|-resisted|p1a: Boy Fort
|-damage|p1a: Boy Fort|71/100
|
|upkeep
|turn|49
|
|t:|1660312070
|switch|p2a: Slowking|Slowking, F|100/100 brn
|move|p1a: Boy Fort|Light Screen|p1a: Boy Fort
|-sidestart|p1: ohmboy tesla|move: Light Screen
|
|-damage|p2a: Slowking|94/100 brn|[from] brn
|upkeep
|turn|50
|
|t:|1660312076
|move|p1a: Boy Fort|Recover|p1a: Boy Fort
|-heal|p1a: Boy Fort|100/100
|move|p2a: Slowking|Teleport|p2a: Slowking
|
|t:|1660312081
|switch|p2a: Kartana|Kartana|100/100|[from]move: Teleport
|
|upkeep
|turn|51
|
|t:|1660312086
|move|p2a: Kartana|Leaf Blade|p1a: Boy Fort
|-crit|p1a: Boy Fort
|-damage|p1a: Boy Fort|22/100
|move|p1a: Boy Fort|Scald|p2a: Kartana
|-resisted|p2a: Kartana
|-damage|p2a: Kartana|73/100
|
|upkeep
|turn|52
|
|t:|1660312098
|switch|p2a: Rotom|Rotom-Wash|69/100 tox
|switch|p1a: Crowvid-19|Corviknight, M, shiny|100/100
|-damage|p1a: Crowvid-19|88/100|[from] Stealth Rock
|-ability|p1a: Crowvid-19|Pressure
|
|-heal|p2a: Rotom|76/100 tox|[from] item: Leftovers
|-damage|p2a: Rotom|69/100 tox|[from] psn
|upkeep
|turn|53
|
|t:|1660312108
|move|p2a: Rotom|Thunderbolt|p1a: Crowvid-19
|-supereffective|p1a: Crowvid-19
|-damage|p1a: Crowvid-19|53/100
|move|p1a: Crowvid-19|Roost|p1a: Crowvid-19
|-heal|p1a: Crowvid-19|100/100
|-singleturn|p1a: Crowvid-19|move: Roost
|
|-heal|p2a: Rotom|76/100 tox|[from] item: Leftovers
|-damage|p2a: Rotom|63/100 tox|[from] psn
|-sideend|p1: ohmboy tesla|move: Light Screen
|upkeep
|turn|54
|
|t:|1660312121
|switch|p2a: Slowking|Slowking, F|100/100 brn
|switch|p1a: Teddy Westside|Gastrodon, M|100/100
|-damage|p1a: Teddy Westside|94/100|[from] Stealth Rock
|
|-damage|p2a: Slowking|94/100 brn|[from] brn
|upkeep
|turn|55
|
|t:|1660312138
|switch|p1a: Mad Hatter|Slowking-Galar, M|100/100
|-damage|p1a: Mad Hatter|88/100|[from] Stealth Rock
|move|p2a: Slowking|Toxic|p1a: Mad Hatter
|-immune|p1a: Mad Hatter
|
|-heal|p1a: Mad Hatter|94/100|[from] item: Black Sludge
|-damage|p2a: Slowking|88/100 brn|[from] brn
|upkeep
|turn|56
|
|t:|1660312151
|move|p1a: Mad Hatter|Sludge Bomb|p2a: Slowking
|-damage|p2a: Slowking|60/100 brn
|move|p2a: Slowking|Teleport|p2a: Slowking
|
|t:|1660312160
|switch|p2a: Kartana|Kartana|73/100|[from]move: Teleport
|
|-heal|p1a: Mad Hatter|99/100|[from] item: Black Sludge
|upkeep
|turn|57
|
|t:|1660312176
|switch|p1a: Crowvid-19|Corviknight, M, shiny|100/100
|-damage|p1a: Crowvid-19|88/100|[from] Stealth Rock
|-ability|p1a: Crowvid-19|Pressure
|move|p2a: Kartana|Knock Off|p1a: Crowvid-19
|-damage|p1a: Crowvid-19|58/100
|
|upkeep
|turn|58
|
|t:|1660312184
|switch|p2a: Rotom|Rotom-Wash|63/100 tox
|move|p1a: Crowvid-19|Roost|p1a: Crowvid-19
|-heal|p1a: Crowvid-19|100/100
|-singleturn|p1a: Crowvid-19|move: Roost
|
|-heal|p2a: Rotom|69/100 tox|[from] item: Leftovers
|-damage|p2a: Rotom|63/100 tox|[from] psn
|upkeep
|turn|59
|
|t:|1660312195
|switch|p2a: Slowking|Slowking, F|93/100 brn
|switch|p1a: Teddy Westside|Gastrodon, M|94/100
|-damage|p1a: Teddy Westside|88/100|[from] Stealth Rock
|
|-damage|p2a: Slowking|87/100 brn|[from] brn
|upkeep
|turn|60
|
|t:|1660312202
|move|p1a: Teddy Westside|Earthquake|p2a: Slowking
|-damage|p2a: Slowking|57/100 brn
|move|p2a: Slowking|Toxic|p1a: Teddy Westside
|-status|p1a: Teddy Westside|tox
|
|-damage|p1a: Teddy Westside|82/100 tox|[from] psn
|-damage|p2a: Slowking|51/100 brn|[from] brn
|upkeep
|turn|61
|
|t:|1660312210
|move|p1a: Teddy Westside|Earthquake|p2a: Slowking
|-damage|p2a: Slowking|20/100 brn
|move|p2a: Slowking|Teleport|p2a: Slowking
|
|t:|1660312212
|switch|p2a: Rotom|Rotom-Wash|63/100 tox|[from]move: Teleport
|
|-heal|p2a: Rotom|69/100 tox|[from] item: Leftovers
|-damage|p2a: Rotom|63/100 tox|[from] psn
|-damage|p1a: Teddy Westside|70/100 tox|[from] psn
|upkeep
|turn|62
|
|t:|1660312225
|switch|p1a: Give peace a Chans|Blissey, F|90/100
|move|p2a: Rotom|Volt Switch|p1a: Give peace a Chans
|-damage|p1a: Give peace a Chans|79/100
|inactive|LT92PF bilbo has 120 seconds left.
|
|t:|1660312265
|switch|p2a: Kartana|Kartana|73/100|[from]move: Volt Switch
|
|upkeep
|turn|63
|
|t:|1660312286
|switch|p1a: Mad Hatter|Slowking-Galar, M|100/100
|-damage|p1a: Mad Hatter|88/100|[from] Stealth Rock
|move|p2a: Kartana|Sacred Sword|p1a: Mad Hatter
|-resisted|p1a: Mad Hatter
|-damage|p1a: Mad Hatter|72/100
|
|-heal|p1a: Mad Hatter|78/100|[from] item: Black Sludge
|upkeep
|turn|64
|
|t:|1660312296
|switch|p2a: Bisharp|Bisharp, M|100/100
|switch|p1a: Give peace a Chans|Blissey, F|79/100
|
|upkeep
|turn|65
|inactive|LT92PF bilbo has 120 seconds left.
|
|t:|1660312306
|switch|p2a: Rotom|Rotom-Wash|63/100 tox
|switch|p1a: Crowvid-19|Corviknight, M, shiny|100/100
|-damage|p1a: Crowvid-19|88/100|[from] Stealth Rock
|-ability|p1a: Crowvid-19|Pressure
|
|-heal|p2a: Rotom|69/100 tox|[from] item: Leftovers
|-damage|p2a: Rotom|63/100 tox|[from] psn
|upkeep
|turn|66
|
|t:|1660312323
|switch|p1a: Teddy Westside|Gastrodon, M|70/100 tox
|-damage|p1a: Teddy Westside|64/100 tox|[from] Stealth Rock
|move|p2a: Rotom|Thunderbolt|p1a: Teddy Westside
|-immune|p1a: Teddy Westside
|
|-heal|p2a: Rotom|69/100 tox|[from] item: Leftovers
|-damage|p2a: Rotom|57/100 tox|[from] psn
|-damage|p1a: Teddy Westside|58/100 tox|[from] psn
|upkeep
|turn|67
|inactive|LT92PF bilbo has 120 seconds left.
|
|t:|1660312348
|switch|p2a: Slowking|Slowking, F|54/100 brn
|move|p1a: Teddy Westside|Recover|p1a: Teddy Westside
|-heal|p1a: Teddy Westside|100/100 tox
|
|-damage|p1a: Teddy Westside|88/100 tox|[from] psn
|-damage|p2a: Slowking|47/100 brn|[from] brn
|upkeep
|turn|68
|
|t:|1660312354
|switch|p1a: Give peace a Chans|Blissey, F|79/100
|move|p2a: Slowking|Teleport|p2a: Slowking
|
|t:|1660312358
|switch|p2a: Kartana|Kartana|73/100|[from]move: Teleport
|
|upkeep
|turn|69
|
|t:|1660312370
|switch|p1a: Mad Hatter|Slowking-Galar, M|100/100
|-damage|p1a: Mad Hatter|88/100|[from] Stealth Rock
|move|p2a: Kartana|Sacred Sword|p1a: Mad Hatter
|-resisted|p1a: Mad Hatter
|-damage|p1a: Mad Hatter|72/100
|
|-heal|p1a: Mad Hatter|78/100|[from] item: Black Sludge
|upkeep
|turn|70
|
|t:|1660312376
|switch|p2a: Bisharp|Bisharp, M|100/100
|move|p1a: Mad Hatter|Scald|p2a: Bisharp
|-damage|p2a: Bisharp|79/100
|
|-heal|p1a: Mad Hatter|85/100|[from] item: Black Sludge
|upkeep
|turn|71
|
|t:|1660312384
|switch|p2a: Rotom|Rotom-Wash|57/100 tox
|switch|p1a: Crowvid-19|Corviknight, M, shiny|88/100
|-damage|p1a: Crowvid-19|75/100|[from] Stealth Rock
|-ability|p1a: Crowvid-19|Pressure
|
|-heal|p2a: Rotom|63/100 tox|[from] item: Leftovers
|-damage|p2a: Rotom|57/100 tox|[from] psn
|upkeep
|turn|72
|
|t:|1660312403
|switch|p1a: Cwefabwe|Clefable, F|100/100
|move|p2a: Rotom|Thunderbolt|p1a: Cwefabwe
|-damage|p1a: Cwefabwe|62/100
|
|-heal|p2a: Rotom|63/100 tox|[from] item: Leftovers
|-damage|p2a: Rotom|51/100 tox|[from] psn
|upkeep
|turn|73
|
|t:|1660312416
|switch|p2a: Kartana|Kartana|73/100
|move|p1a: Cwefabwe|Soft-Boiled|p1a: Cwefabwe
|-heal|p1a: Cwefabwe|100/100
|
|upkeep
|turn|74
|
|t:|1660312429
|move|p2a: Kartana|Leaf Blade|p1a: Cwefabwe
|-damage|p1a: Cwefabwe|30/100
|move|p1a: Cwefabwe|Soft-Boiled|p1a: Cwefabwe
|-heal|p1a: Cwefabwe|80/100
|
|upkeep
|turn|75
|
|t:|1660312443
|switch|p2a: Rotom|Rotom-Wash|51/100 tox
|switch|p1a: Mad Hatter|Slowking-Galar, M|100/100
|-damage|p1a: Mad Hatter|88/100|[from] Stealth Rock
|
|-heal|p2a: Rotom|57/100 tox|[from] item: Leftovers
|-heal|p1a: Mad Hatter|94/100|[from] item: Black Sludge
|-damage|p2a: Rotom|51/100 tox|[from] psn
|upkeep
|turn|76
|
|t:|1660312452
|move|p2a: Rotom|Volt Switch|p1a: Mad Hatter
|-damage|p1a: Mad Hatter|69/100
|
|t:|1660312457
|switch|p2a: Bisharp|Bisharp, M|79/100|[from]move: Volt Switch
|move|p1a: Mad Hatter|Sludge Bomb|p2a: Bisharp
|-immune|p2a: Bisharp
|
|-heal|p1a: Mad Hatter|75/100|[from] item: Black Sludge
|upkeep
|turn|77
|
|t:|1660312469
|switch|p1a: Boy Fort|Toxapex, M|56/100
|-damage|p1a: Boy Fort|43/100|[from] Stealth Rock
|move|p2a: Bisharp|Knock Off|p1a: Boy Fort
|-damage|p1a: Boy Fort|10/100
|-enditem|p1a: Boy Fort|Shed Shell|[from] move: Knock Off|[of] p2a: Bisharp
|
|upkeep
|turn|78
|
|t:|1660312488
|switch|p2a: Rotom|Rotom-Wash|51/100 tox
|move|p1a: Boy Fort|Recover|p1a: Boy Fort
|-heal|p1a: Boy Fort|60/100
|
|-heal|p2a: Rotom|57/100 tox|[from] item: Leftovers
|-damage|p2a: Rotom|51/100 tox|[from] psn
|upkeep
|turn|79
|
|t:|1660312496
|switch|p1a: Teddy Westside|Gastrodon, M|88/100 tox
|-damage|p1a: Teddy Westside|82/100 tox|[from] Stealth Rock
|move|p2a: Rotom|Volt Switch|p1a: Teddy Westside
|-immune|p1a: Teddy Westside
|
|-heal|p2a: Rotom|57/100 tox|[from] item: Leftovers
|-damage|p2a: Rotom|44/100 tox|[from] psn
|-damage|p1a: Teddy Westside|76/100 tox|[from] psn
|upkeep
|turn|80
|
|t:|1660312504
|switch|p2a: Slowking|Slowking, F|81/100 brn
|move|p1a: Teddy Westside|Scald|p2a: Slowking
|-resisted|p2a: Slowking
|-damage|p2a: Slowking|73/100 brn
|
|-damage|p1a: Teddy Westside|64/100 tox|[from] psn
|-damage|p2a: Slowking|67/100 brn|[from] brn
|upkeep
|turn|81
|
|t:|1660312510
|switch|p1a: Boy Fort|Toxapex, M|93/100
|-damage|p1a: Boy Fort|81/100|[from] Stealth Rock
|move|p2a: Slowking|Teleport|p2a: Slowking
|
|t:|1660312524
|switch|p2a: Rotom|Rotom-Wash|44/100 tox|[from]move: Teleport
|
|-heal|p2a: Rotom|51/100 tox|[from] item: Leftovers
|-damage|p2a: Rotom|44/100 tox|[from] psn
|upkeep
|turn|82
|
|t:|1660312533
|switch|p1a: Teddy Westside|Gastrodon, M|64/100 tox
|-damage|p1a: Teddy Westside|58/100 tox|[from] Stealth Rock
|move|p2a: Rotom|Volt Switch|p1a: Teddy Westside
|-immune|p1a: Teddy Westside
|
|-heal|p2a: Rotom|51/100 tox|[from] item: Leftovers
|-damage|p2a: Rotom|38/100 tox|[from] psn
|-damage|p1a: Teddy Westside|52/100 tox|[from] psn
|upkeep
|turn|83
|
|t:|1660312536
|switch|p2a: Slowking|Slowking, F|99/100 brn
|move|p1a: Teddy Westside|Recover|p1a: Teddy Westside
|-heal|p1a: Teddy Westside|100/100 tox
|
|-damage|p1a: Teddy Westside|88/100 tox|[from] psn
|-damage|p2a: Slowking|94/100 brn|[from] brn
|upkeep
|turn|84
|
|t:|1660312540
|switch|p1a: Boy Fort|Toxapex, M|100/100
|-damage|p1a: Boy Fort|88/100|[from] Stealth Rock
|move|p2a: Slowking|Teleport|p2a: Slowking
|
|t:|1660312545
|switch|p2a: Rotom|Rotom-Wash|38/100 tox|[from]move: Teleport
|
|-heal|p2a: Rotom|44/100 tox|[from] item: Leftovers
|-damage|p2a: Rotom|38/100 tox|[from] psn
|upkeep
|turn|85
|
|t:|1660312554
|switch|p2a: Kartana|Kartana|73/100
|switch|p1a: Teddy Westside|Gastrodon, M|88/100 tox
|-damage|p1a: Teddy Westside|82/100 tox|[from] Stealth Rock
|
|-damage|p1a: Teddy Westside|76/100 tox|[from] psn
|upkeep
|turn|86
|
|t:|1660312560
|switch|p1a: Boy Fort|Toxapex, M|100/100
|-damage|p1a: Boy Fort|88/100|[from] Stealth Rock
|move|p2a: Kartana|Knock Off|p1a: Boy Fort
|-damage|p1a: Boy Fort|64/100
|
|upkeep
|turn|87
|
|t:|1660312569
|switch|p2a: Slowking|Slowking, F|100/100 brn
|move|p1a: Boy Fort|Recover|p1a: Boy Fort
|-heal|p1a: Boy Fort|100/100
|
|-damage|p2a: Slowking|94/100 brn|[from] brn
|upkeep
|turn|88
|
|t:|1660312572
|move|p1a: Boy Fort|Light Screen|p1a: Boy Fort
|-sidestart|p1: ohmboy tesla|move: Light Screen
|move|p2a: Slowking|Teleport|p2a: Slowking
|
|t:|1660312582
|switch|p2a: Corviknight|Corviknight, F|100/100|[from]move: Teleport
|-ability|p2a: Corviknight|Pressure
|
|upkeep
|turn|89
|
|t:|1660312587
|move|p2a: Corviknight|U-turn|p1a: Boy Fort
|-resisted|p1a: Boy Fort
|-damage|p1a: Boy Fort|96/100
|
|t:|1660312590
|switch|p2a: Slowking|Slowking, F|100/100 brn|[from]move: U-turn
|move|p1a: Boy Fort|Scald|p2a: Slowking
|-resisted|p2a: Slowking
|-damage|p2a: Slowking|95/100 brn
|
|-damage|p2a: Slowking|89/100 brn|[from] brn
|upkeep
|turn|90
|
|t:|1660312607
|move|p1a: Boy Fort|Scald|p2a: Slowking
|-resisted|p2a: Slowking
|-damage|p2a: Slowking|85/100 brn
|move|p2a: Slowking|Teleport|p2a: Slowking
|
|t:|1660312609
|switch|p2a: Corviknight|Corviknight, F|100/100|[from]move: Teleport
|-ability|p2a: Corviknight|Pressure
|
|upkeep
|turn|91
|
|t:|1660312624
|switch|p1a: Mad Hatter|Slowking-Galar, M|100/100
|-damage|p1a: Mad Hatter|88/100|[from] Stealth Rock
|move|p2a: Corviknight|U-turn|p1a: Mad Hatter
|-damage|p1a: Mad Hatter|73/100
|
|t:|1660312633
|switch|p2a: Kartana|Kartana|73/100|[from]move: U-turn
|
|-heal|p1a: Mad Hatter|79/100|[from] item: Black Sludge
|upkeep
|turn|92
|
|t:|1660312641
|switch|p1a: Boy Fort|Toxapex, M|100/100
|-damage|p1a: Boy Fort|88/100|[from] Stealth Rock
|move|p2a: Kartana|Leaf Blade|p1a: Boy Fort
|-crit|p1a: Boy Fort
|-damage|p1a: Boy Fort|1/100
|
|-sideend|p1: ohmboy tesla|move: Light Screen
|upkeep
|turn|93
|
|t:|1660312654
|switch|p2a: Rotom|Rotom-Wash|38/100 tox
|switch|p1a: Mad Hatter|Slowking-Galar, M|100/100
|-damage|p1a: Mad Hatter|88/100|[from] Stealth Rock
|
|-heal|p2a: Rotom|44/100 tox|[from] item: Leftovers
|-heal|p1a: Mad Hatter|94/100|[from] item: Black Sludge
|-damage|p2a: Rotom|38/100 tox|[from] psn
|upkeep
|turn|94
|
|t:|1660312664
|switch|p2a: Slowking|Slowking, F|100/100 brn
|switch|p1a: Teddy Westside|Gastrodon, M|76/100 tox
|-damage|p1a: Teddy Westside|70/100 tox|[from] Stealth Rock
|
|-damage|p1a: Teddy Westside|64/100 tox|[from] psn
|-damage|p2a: Slowking|94/100 brn|[from] brn
|upkeep
|turn|95
|
|t:|1660312670
|switch|p1a: Boy Fort|Toxapex, M|34/100
|-damage|p1a: Boy Fort|22/100|[from] Stealth Rock
|move|p2a: Slowking|Teleport|p2a: Slowking
|
|t:|1660312677
|switch|p2a: Kartana|Kartana|73/100|[from]move: Teleport
|
|upkeep
|turn|96
|
|t:|1660312687
|switch|p1a: Crowvid-19|Corviknight, M, shiny|75/100
|-damage|p1a: Crowvid-19|63/100|[from] Stealth Rock
|-ability|p1a: Crowvid-19|Pressure
|move|p2a: Kartana|Sacred Sword|p1a: Crowvid-19
|-damage|p1a: Crowvid-19|26/100
|
|upkeep
|turn|97
|
|t:|1660312692
|switch|p1a: Boy Fort|Toxapex, M|56/100
|-damage|p1a: Boy Fort|43/100|[from] Stealth Rock
|move|p2a: Kartana|Sacred Sword|p1a: Boy Fort
|-resisted|p1a: Boy Fort
|-damage|p1a: Boy Fort|25/100
|
|upkeep
|turn|98
|
|t:|1660312705
|switch|p2a: Slowking|Slowking, F|100/100 brn
|move|p1a: Boy Fort|Recover|p1a: Boy Fort
|-heal|p1a: Boy Fort|75/100
|
|-damage|p2a: Slowking|94/100 brn|[from] brn
|upkeep
|turn|99
|
|t:|1660312726
|switch|p1a: Mad Hatter|Slowking-Galar, M|100/100
|-damage|p1a: Mad Hatter|88/100|[from] Stealth Rock
|move|p2a: Slowking|Teleport|p2a: Slowking
|inactive|LT92PF bilbo has 120 seconds left.
|
|t:|1660312761
|switch|p2a: Bisharp|Bisharp, M|79/100|[from]move: Teleport
|
|-heal|p1a: Mad Hatter|94/100|[from] item: Black Sludge
|upkeep
|turn|100
|
|t:|1660312777
|switch|p1a: Boy Fort|Toxapex, M|100/100
|-damage|p1a: Boy Fort|88/100|[from] Stealth Rock
|move|p2a: Bisharp|Knock Off|p1a: Boy Fort
|-damage|p1a: Boy Fort|67/100
|
|upkeep
|turn|101
|inactive|ohmboy tesla has 120 seconds left.
|
|t:|1660312792
|switch|p2a: Slowking|Slowking, F|100/100 brn
|switch|p1a: Crowvid-19|Corviknight, M, shiny|26/100
|-damage|p1a: Crowvid-19|14/100|[from] Stealth Rock
|-ability|p1a: Crowvid-19|Pressure
|
|-damage|p2a: Slowking|94/100 brn|[from] brn
|upkeep
|turn|102
|inactive|LT92PF bilbo has 120 seconds left.
|
|t:|1660312807
|switch|p2a: Rotom|Rotom-Wash|38/100 tox
|move|p1a: Crowvid-19|Roost|p1a: Crowvid-19
|-heal|p1a: Crowvid-19|64/100
|-singleturn|p1a: Crowvid-19|move: Roost
|
|-heal|p2a: Rotom|44/100 tox|[from] item: Leftovers
|-damage|p2a: Rotom|38/100 tox|[from] psn
|upkeep
|turn|103
|inactive|ohmboy tesla has 120 seconds left.
|
|t:|1660312823
|switch|p2a: Kartana|Kartana|73/100
|switch|p1a: Teddy Westside|Gastrodon, M|64/100 tox
|-damage|p1a: Teddy Westside|58/100 tox|[from] Stealth Rock
|
|-damage|p1a: Teddy Westside|52/100 tox|[from] psn
|upkeep
|turn|104
|inactive|ohmboy tesla has 120 seconds left.
|
|t:|1660312837
|switch|p1a: Mad Hatter|Slowking-Galar, M|100/100
|-damage|p1a: Mad Hatter|88/100|[from] Stealth Rock
|move|p2a: Kartana|Leaf Blade|p1a: Mad Hatter
|-resisted|p1a: Mad Hatter
|-damage|p1a: Mad Hatter|39/100
|
|-heal|p1a: Mad Hatter|45/100|[from] item: Black Sludge
|upkeep
|turn|105
|
|t:|1660312848
|switch|p2a: Rotom|Rotom-Wash|38/100 tox
|switch|p1a: Boy Fort|Toxapex, M|99/100
|-damage|p1a: Boy Fort|88/100|[from] Stealth Rock
|
|-heal|p2a: Rotom|44/100 tox|[from] item: Leftovers
|-damage|p2a: Rotom|38/100 tox|[from] psn
|upkeep
|turn|106
|inactive|LT92PF bilbo has 90 seconds left.
|inactive|LT92PF bilbo has 60 seconds left.
|
|t:|1660312899
|switch|p1a: Teddy Westside|Gastrodon, M|52/100 tox
|-damage|p1a: Teddy Westside|46/100 tox|[from] Stealth Rock
|move|p2a: Rotom|Volt Switch|p1a: Teddy Westside
|-immune|p1a: Teddy Westside
|
|-heal|p2a: Rotom|44/100 tox|[from] item: Leftovers
|-damage|p2a: Rotom|32/100 tox|[from] psn
|-damage|p1a: Teddy Westside|39/100 tox|[from] psn
|upkeep
|turn|107
|
|t:|1660312904
|switch|p2a: Kartana|Kartana|73/100
|move|p1a: Teddy Westside|Recover|p1a: Teddy Westside
|-heal|p1a: Teddy Westside|89/100 tox
|
|-damage|p1a: Teddy Westside|77/100 tox|[from] psn
|upkeep
|turn|108
|inactive|ohmboy tesla has 120 seconds left.
|
|t:|1660312915
|switch|p1a: Boy Fort|Toxapex, M|100/100
|-damage|p1a: Boy Fort|88/100|[from] Stealth Rock
|move|p2a: Kartana|Sacred Sword|p1a: Boy Fort
|-resisted|p1a: Boy Fort
|-damage|p1a: Boy Fort|69/100
|
|upkeep
|turn|109
|inactive|ohmboy tesla has 120 seconds left.
|
|t:|1660312923
|switch|p2a: Slowking|Slowking, F|100/100 brn
|switch|p1a: Give peace a Chans|Blissey, F|79/100
|
|-damage|p2a: Slowking|94/100 brn|[from] brn
|upkeep
|turn|110
|
|t:|1660312927
|move|p1a: Give peace a Chans|Stealth Rock|p2a: Slowking
|-sidestart|p2: LT92PF bilbo|move: Stealth Rock
|move|p2a: Slowking|Teleport|p2a: Slowking
|c|☆ohmboy tesla|PROGRESS!
|inactive|LT92PF bilbo has 60 seconds left.
|
|t:|1660312937
|switch|p2a: Kartana|Kartana|73/100|[from]move: Teleport
|-damage|p2a: Kartana|67/100|[from] Stealth Rock
|
|upkeep
|turn|111
|inactive|ohmboy tesla has 120 seconds left.
|
|t:|1660312952
|switch|p1a: Boy Fort|Toxapex, M|100/100
|-damage|p1a: Boy Fort|88/100|[from] Stealth Rock
|move|p2a: Kartana|Knock Off|p1a: Boy Fort
|-damage|p1a: Boy Fort|61/100
|
|upkeep
|turn|112
|inactive|ohmboy tesla has 120 seconds left.
|
|t:|1660312966
|switch|p2a: Slowking|Slowking, F|100/100 brn
|switch|p1a: Crowvid-19|Corviknight, M, shiny|64/100
|-damage|p1a: Crowvid-19|51/100|[from] Stealth Rock
|-ability|p1a: Crowvid-19|Pressure
|
|-damage|p2a: Slowking|94/100 brn|[from] brn
|upkeep
|turn|113
|
|t:|1660312969
|move|p1a: Crowvid-19|Roost|p1a: Crowvid-19
|-heal|p1a: Crowvid-19|100/100
|-singleturn|p1a: Crowvid-19|move: Roost
|move|p2a: Slowking|Scald|p1a: Crowvid-19
|-damage|p1a: Crowvid-19|77/100
|-status|p1a: Crowvid-19|brn
|
|-damage|p1a: Crowvid-19|71/100 brn|[from] brn
|-damage|p2a: Slowking|88/100 brn|[from] brn
|upkeep
|turn|114
|inactive|ohmboy tesla has 120 seconds left.
|inactive|LT92PF bilbo has 60 seconds left.
|
|t:|1660312989
|switch|p1a: Mad Hatter|Slowking-Galar, M|78/100
|-damage|p1a: Mad Hatter|66/100|[from] Stealth Rock
|move|p2a: Slowking|Teleport|p2a: Slowking
|
|t:|1660312994
|switch|p2a: Kartana|Kartana|67/100|[from]move: Teleport
|-damage|p2a: Kartana|60/100|[from] Stealth Rock
|
|-heal|p1a: Mad Hatter|72/100|[from] item: Black Sludge
|upkeep
|turn|115
|
|t:|1660312999
|switch|p1a: Boy Fort|Toxapex, M|95/100
|-damage|p1a: Boy Fort|82/100|[from] Stealth Rock
|move|p2a: Kartana|Leaf Blade|p1a: Boy Fort
|-damage|p1a: Boy Fort|25/100
|
|upkeep
|turn|116
|
|t:|1660313004
|switch|p1a: Mad Hatter|Slowking-Galar, M|100/100
|-damage|p1a: Mad Hatter|88/100|[from] Stealth Rock
|move|p2a: Kartana|Leaf Blade|p1a: Mad Hatter
|-resisted|p1a: Mad Hatter
|-damage|p1a: Mad Hatter|42/100
|
|-heal|p1a: Mad Hatter|48/100|[from] item: Black Sludge
|upkeep
|turn|117
|inactive|ohmboy tesla has 120 seconds left.
|inactive|LT92PF bilbo has 60 seconds left.
|
|t:|1660313026
|switch|p2a: Slowking|Slowking, F|100/100 brn
|move|p1a: Mad Hatter|Scald|p2a: Slowking
|-resisted|p2a: Slowking
|-damage|p2a: Slowking|92/100 brn
|
|-heal|p1a: Mad Hatter|55/100|[from] item: Black Sludge
|-damage|p2a: Slowking|86/100 brn|[from] brn
|upkeep
|turn|118
|inactive|ohmboy tesla has 120 seconds left.
|
|t:|1660313049
|move|p1a: Mad Hatter|Sludge Bomb|p2a: Slowking
|-damage|p2a: Slowking|60/100 brn
|move|p2a: Slowking|Teleport|p2a: Slowking
|
|t:|1660313057
|switch|p2a: Kartana|Kartana|60/100|[from]move: Teleport
|-damage|p2a: Kartana|54/100|[from] Stealth Rock
|
|-heal|p1a: Mad Hatter|61/100|[from] item: Black Sludge
|upkeep
|turn|119
|
|t:|1660313080
|move|p2a: Kartana|Knock Off|p1a: Mad Hatter
|-supereffective|p1a: Mad Hatter
|-damage|p1a: Mad Hatter|0 fnt
|-enditem|p1a: Mad Hatter|Black Sludge|[from] move: Knock Off|[of] p2a: Kartana
|faint|p1a: Mad Hatter
|-ability|p2a: Kartana|Beast Boost|boost
|-boost|p2a: Kartana|atk|1
|
|upkeep
|
|t:|1660313082
|switch|p1a: Crowvid-19|Corviknight, M, shiny|71/100 brn
|-damage|p1a: Crowvid-19|58/100 brn|[from] Stealth Rock
|-ability|p1a: Crowvid-19|Pressure
|turn|120
|
|t:|1660313085
|move|p2a: Kartana|Knock Off|p1a: Crowvid-19
|-damage|p1a: Crowvid-19|20/100 brn
|move|p1a: Crowvid-19|Roost|p1a: Crowvid-19
|-heal|p1a: Crowvid-19|70/100 brn
|-singleturn|p1a: Crowvid-19|move: Roost
|
|-damage|p1a: Crowvid-19|64/100 brn|[from] brn
|upkeep
|turn|121
|
|t:|1660313089
|move|p2a: Kartana|Knock Off|p1a: Crowvid-19
|-damage|p1a: Crowvid-19|23/100 brn
|move|p1a: Crowvid-19|Roost|p1a: Crowvid-19
|-heal|p1a: Crowvid-19|73/100 brn
|-singleturn|p1a: Crowvid-19|move: Roost
|
|-damage|p1a: Crowvid-19|67/100 brn|[from] brn
|upkeep
|turn|122
|
|t:|1660313100
|move|p2a: Kartana|Knock Off|p1a: Crowvid-19
|-damage|p1a: Crowvid-19|24/100 brn
|move|p1a: Crowvid-19|Roost|p1a: Crowvid-19
|-heal|p1a: Crowvid-19|74/100 brn
|-singleturn|p1a: Crowvid-19|move: Roost
|
|-damage|p1a: Crowvid-19|68/100 brn|[from] brn
|upkeep
|turn|123
|
|t:|1660313110
|switch|p1a: Cwefabwe|Clefable, F|80/100
|move|p2a: Kartana|Knock Off|p1a: Cwefabwe
|-resisted|p1a: Cwefabwe
|-damage|p1a: Cwefabwe|55/100
|-enditem|p1a: Cwefabwe|Heavy-Duty Boots|[from] move: Knock Off|[of] p2a: Kartana
|
|upkeep
|turn|124
|inactive|LT92PF bilbo has 90 seconds left.
|
|t:|1660313127
|switch|p2a: Bisharp|Bisharp, M|79/100
|-damage|p2a: Bisharp|73/100|[from] Stealth Rock
|move|p1a: Cwefabwe|Heal Bell|p1a: Cwefabwe
|-activate|p1a: Cwefabwe|move: Heal Bell
|-curestatus|p1: Teddy Westside|tox|[msg]
|-curestatus|p1: Crowvid-19|brn|[msg]
|
|upkeep
|turn|125
|
|t:|1660313136
|switch|p1a: Boy Fort|Toxapex, M|58/100
|-damage|p1a: Boy Fort|46/100|[from] Stealth Rock
|move|p2a: Bisharp|Iron Head|p1a: Boy Fort
|-resisted|p1a: Boy Fort
|-damage|p1a: Boy Fort|31/100
|
|upkeep
|turn|126
|inactive|LT92PF bilbo has 90 seconds left.
|
|t:|1660313144
|switch|p2a: Slowking|Slowking, F|93/100 brn
|move|p1a: Boy Fort|Recover|p1a: Boy Fort
|-heal|p1a: Boy Fort|81/100
|
|-damage|p2a: Slowking|87/100 brn|[from] brn
|upkeep
|turn|127
|
|t:|1660313159
|switch|p1a: Teddy Westside|Gastrodon, M|77/100
|-damage|p1a: Teddy Westside|71/100|[from] Stealth Rock
|move|p2a: Slowking|Scald|p1a: Teddy Westside
|-ability|p1a: Teddy Westside|Storm Drain|boost
|-boost|p1a: Teddy Westside|spa|1
|
|-damage|p2a: Slowking|81/100 brn|[from] brn
|upkeep
|turn|128
|inactive|ohmboy tesla has 90 seconds left.
|
|t:|1660313170
|move|p1a: Teddy Westside|Earthquake|p2a: Slowking
|-damage|p2a: Slowking|52/100 brn
|move|p2a: Slowking|Teleport|p2a: Slowking
|
|t:|1660313173
|switch|p2a: Kartana|Kartana|54/100|[from]move: Teleport
|-damage|p2a: Kartana|48/100|[from] Stealth Rock
|
|upkeep
|turn|129
|
|t:|1660313180
|switch|p1a: Boy Fort|Toxapex, M|100/100
|-damage|p1a: Boy Fort|88/100|[from] Stealth Rock
|move|p2a: Kartana|Leaf Blade|p1a: Boy Fort
|-crit|p1a: Boy Fort
|-damage|p1a: Boy Fort|14/100
|
|upkeep
|turn|130
|inactive|ohmboy tesla has 90 seconds left.
|
|t:|1660313190
|switch|p1a: Crowvid-19|Corviknight, M, shiny|68/100
|-damage|p1a: Crowvid-19|56/100|[from] Stealth Rock
|-ability|p1a: Crowvid-19|Pressure
|move|p2a: Kartana|Leaf Blade|p1a: Crowvid-19
|-resisted|p1a: Crowvid-19
|-damage|p1a: Crowvid-19|40/100
|
|upkeep
|turn|131
|
|t:|1660313196
|switch|p2a: Slowking|Slowking, F|85/100 brn
|move|p1a: Crowvid-19|Roost|p1a: Crowvid-19
|-heal|p1a: Crowvid-19|90/100
|-singleturn|p1a: Crowvid-19|move: Roost
|
|-damage|p2a: Slowking|79/100 brn|[from] brn
|upkeep
|turn|132
|
|t:|1660313205
|move|p1a: Crowvid-19|Iron Defense|p1a: Crowvid-19
|-boost|p1a: Crowvid-19|def|2
|move|p2a: Slowking|Scald|p1a: Crowvid-19
|-damage|p1a: Crowvid-19|67/100
|-status|p1a: Crowvid-19|brn
|
|-damage|p1a: Crowvid-19|61/100 brn|[from] brn
|-damage|p2a: Slowking|73/100 brn|[from] brn
|upkeep
|turn|133
|inactive|ohmboy tesla has 90 seconds left.
|
|t:|1660313228
|move|p1a: Crowvid-19|Body Press|p2a: Slowking
|-resisted|p2a: Slowking
|-damage|p2a: Slowking|61/100 brn
|move|p2a: Slowking|Teleport|p2a: Slowking
|
|t:|1660313232
|switch|p2a: Rotom|Rotom-Wash|32/100 tox|[from]move: Teleport
|-damage|p2a: Rotom|20/100 tox|[from] Stealth Rock
|
|-heal|p2a: Rotom|26/100 tox|[from] item: Leftovers
|-damage|p2a: Rotom|20/100 tox|[from] psn
|-damage|p1a: Crowvid-19|55/100 brn|[from] brn
|upkeep
|turn|134
|
|t:|1660313241
|switch|p1a: Teddy Westside|Gastrodon, M|71/100
|-damage|p1a: Teddy Westside|65/100|[from] Stealth Rock
|move|p2a: Rotom|Thunderbolt|p1a: Teddy Westside
|-immune|p1a: Teddy Westside
|
|-heal|p2a: Rotom|26/100 tox|[from] item: Leftovers
|-damage|p2a: Rotom|13/100 tox|[from] psn
|upkeep
|turn|135
|
|t:|1660313251
|switch|p2a: Slowking|Slowking, F|94/100 brn
|switch|p1a: Boy Fort|Toxapex, M|47/100
|-damage|p1a: Boy Fort|35/100|[from] Stealth Rock
|
|-damage|p2a: Slowking|88/100 brn|[from] brn
|upkeep
|turn|136
|
|t:|1660313260
|move|p1a: Boy Fort|Recover|p1a: Boy Fort
|-heal|p1a: Boy Fort|85/100
|move|p2a: Slowking|Teleport|p2a: Slowking
|
|t:|1660313263
|switch|p2a: Landorus|Landorus-Therian, M|100/100|[from]move: Teleport
|-damage|p2a: Landorus|88/100|[from] Stealth Rock
|-ability|p2a: Landorus|Intimidate|boost
|-unboost|p1a: Boy Fort|atk|1
|
|-heal|p2a: Landorus|94/100|[from] item: Leftovers
|upkeep
|turn|137
|inactive|ohmboy tesla has 90 seconds left.
|
|t:|1660313271
|move|p2a: Landorus|Earthquake|p1a: Boy Fort
|-supereffective|p1a: Boy Fort
|-damage|p1a: Boy Fort|30/100
|move|p1a: Boy Fort|Scald|p2a: Landorus
|-supereffective|p2a: Landorus
|-damage|p2a: Landorus|65/100
|
|-heal|p2a: Landorus|71/100|[from] item: Leftovers
|upkeep
|turn|138
|inactive|ohmboy tesla has 90 seconds left.
|c|☆ohmboy tesla|well, this was fun while it lasted :p
|
|t:|1660313295
|switch|p1a: Crowvid-19|Corviknight, M, shiny|55/100 brn
|-damage|p1a: Crowvid-19|42/100 brn|[from] Stealth Rock
|-ability|p1a: Crowvid-19|Pressure
|move|p2a: Landorus|Earthquake|p1a: Crowvid-19
|-immune|p1a: Crowvid-19
|
|-heal|p2a: Landorus|77/100|[from] item: Leftovers
|-damage|p1a: Crowvid-19|36/100 brn|[from] brn
|upkeep
|turn|139
|
|t:|1660313300
|switch|p2a: Slowking|Slowking, F|100/100 brn
|switch|p1a: Boy Fort|Toxapex, M|63/100
|-damage|p1a: Boy Fort|51/100|[from] Stealth Rock
|
|-damage|p2a: Slowking|94/100 brn|[from] brn
|upkeep
|turn|140
|
|t:|1660313305
|move|p1a: Boy Fort|Recover|p1a: Boy Fort
|-heal|p1a: Boy Fort|100/100
|move|p2a: Slowking|Scald|p1a: Boy Fort
|-resisted|p1a: Boy Fort
|-damage|p1a: Boy Fort|89/100
|
|-damage|p2a: Slowking|88/100 brn|[from] brn
|upkeep
|turn|141
|
|t:|1660313311
|switch|p1a: Give peace a Chans|Blissey, F|79/100
|move|p2a: Slowking|Scald|p1a: Give peace a Chans
|-damage|p1a: Give peace a Chans|71/100
|
|-damage|p2a: Slowking|82/100 brn|[from] brn
|upkeep
|turn|142
|
|t:|1660313316
|move|p1a: Give peace a Chans|Soft-Boiled|p1a: Give peace a Chans
|-heal|p1a: Give peace a Chans|100/100
|move|p2a: Slowking|Teleport|p2a: Slowking
|
|t:|1660313319
|switch|p2a: Kartana|Kartana|48/100|[from]move: Teleport
|-damage|p2a: Kartana|42/100|[from] Stealth Rock
|
|upkeep
|turn|143
|
|t:|1660313325
|switch|p1a: Boy Fort|Toxapex, M|100/100
|-damage|p1a: Boy Fort|88/100|[from] Stealth Rock
|move|p2a: Kartana|Leaf Blade|p1a: Boy Fort
|-damage|p1a: Boy Fort|32/100
|
|upkeep
|turn|144
|
|t:|1660313330
|switch|p1a: Crowvid-19|Corviknight, M, shiny|36/100 brn
|-damage|p1a: Crowvid-19|24/100 brn|[from] Stealth Rock
|-ability|p1a: Crowvid-19|Pressure
|move|p2a: Kartana|Leaf Blade|p1a: Crowvid-19
|-resisted|p1a: Crowvid-19
|-damage|p1a: Crowvid-19|9/100 brn
|
|-damage|p1a: Crowvid-19|3/100 brn|[from] brn
|upkeep
|turn|145
|
|t:|1660313339
|move|p2a: Kartana|Leaf Blade|p1a: Crowvid-19
|-resisted|p1a: Crowvid-19
|-damage|p1a: Crowvid-19|0 fnt
|faint|p1a: Crowvid-19
|-ability|p2a: Kartana|Beast Boost|boost
|-boost|p2a: Kartana|atk|1
|
|upkeep
|
|t:|1660313343
|switch|p1a: Cwefabwe|Clefable, F|55/100
|-damage|p1a: Cwefabwe|43/100|[from] Stealth Rock
|turn|146
|
|t:|1660313346
|move|p2a: Kartana|Leaf Blade|p1a: Cwefabwe
|-damage|p1a: Cwefabwe|0 fnt
|faint|p1a: Cwefabwe
|-ability|p2a: Kartana|Beast Boost|boost
|-boost|p2a: Kartana|atk|1
|
|upkeep
|
|t:|1660313349
|switch|p1a: Teddy Westside|Gastrodon, M|65/100
|-damage|p1a: Teddy Westside|59/100|[from] Stealth Rock
|turn|147
|
|t:|1660313350
|move|p2a: Kartana|Leaf Blade|p1a: Teddy Westside
|-supereffective|p1a: Teddy Westside
|-damage|p1a: Teddy Westside|0 fnt
|faint|p1a: Teddy Westside
|-ability|p2a: Kartana|Beast Boost|boost
|-boost|p2a: Kartana|atk|1
|
|upkeep
|c|☆ohmboy tesla|gg
|c|☆LT92PF bilbo|gg
|
|t:|1660313355
|switch|p1a: Give peace a Chans|Blissey, F|100/100
|turn|148
|
|t:|1660313358
|move|p2a: Kartana|Leaf Blade|p1a: Give peace a Chans
|-damage|p1a: Give peace a Chans|0 fnt
|faint|p1a: Give peace a Chans
|-ability|p2a: Kartana|Beast Boost|boost
|-boost|p2a: Kartana|atk|1
|
|upkeep
|
|t:|1660313360
|switch|p1a: Boy Fort|Toxapex, M|65/100
|-damage|p1a: Boy Fort|53/100|[from] Stealth Rock
|turn|149
|
|t:|1660313362
|move|p2a: Kartana|Leaf Blade|p1a: Boy Fort
|-damage|p1a: Boy Fort|0 fnt
|faint|p1a: Boy Fort
|
|win|LT92PF bilbo
|raw|ohmboy tesla's rating: 1572 &rarr; <strong>1550</strong><br />(-22 for losing)
|raw|LT92PF bilbo's rating: 1538 &rarr; <strong>1560</strong><br />(+22 for winning)
|l|☆ohmboy tesla
