|raw|<div class="broadcast-blue"><strong>This battle is required to be public due to a player having a name starting with 'LT73IU'.</div>
|j|☆lt73iu quartos
|j|☆relic stone
|t:|1598632065
|player|p1|lt73iu quartos|drayden|1825
|player|p2|relic stone|lusamine-nihilego|1850
|teamsize|p1|6
|teamsize|p2|6
|gametype|singles
|gen|8
|tier|[Gen 8] OU
|rated|
|clearpoke
|poke|p1|Rillaboom, M|
|poke|p1|Magnezone|
|poke|p1|Corviknight, F|
|poke|p1|Hippowdon, M|
|poke|p1|Toxapex, M|
|poke|p1|Clefable, M|
|poke|p2|Primarina, M|
|poke|p2|Excadrill, M|
|poke|p2|Tangrowth, M|
|poke|p2|Urshifu-*, M|
|poke|p2|Toxtricity, M|
|poke|p2|Marowak-Alola, M|
|rule|Sleep Clause Mod: Limit one foe put to sleep
|rule|Species Clause: Limit one of each Pokémon
|rule|OHKO Clause: OHKO moves are banned
|rule|Evasion Moves Clause: Evasion moves are banned
|rule|Endless Battle Clause: Forcing endless battles is banned
|rule|HP Percentage Mod: HP is shown in percentages
|rule|Dynamax Clause: You cannot dynamax
|teampreview
|inactive|Battle timer is ON: inactive players will automatically lose when time's up. (requested by lt73iu quartos)
|
|t:|1598632111
|start
|switch|p1a: Rillaboom|Rillaboom, M|100/100
|switch|p2a: Kyotaro|Toxtricity, M|100/100
|-fieldstart|move: Grassy Terrain|[from] ability: Grassy Surge|[of] p1a: Rillaboom
|turn|1
|
|t:|1598632119
|move|p1a: Rillaboom|U-turn|p2a: Kyotaro
|-resisted|p2a: Kyotaro
|-damage|p2a: Kyotaro|76/100
|
|t:|1598632124
|switch|p1a: Hippowdon|Hippowdon, M|100/100|[from]move: U-turn
|-weather|Sandstorm|[from] ability: Sand Stream|[of] p1a: Hippowdon
|move|p2a: Kyotaro|Boomburst|p1a: Hippowdon
|-damage|p1a: Hippowdon|43/100
|-damage|p2a: Kyotaro|66/100|[from] item: Life Orb
|
|-weather|Sandstorm|[upkeep]
|-damage|p2a: Kyotaro|60/100|[from] Sandstorm
|-heal|p2a: Kyotaro|66/100|[from] Grassy Terrain
|-heal|p1a: Hippowdon|50/100|[from] item: Leftovers
|-heal|p1a: Hippowdon|56/100|[from] Grassy Terrain
|upkeep
|turn|2
|inactive|relic stone has 120 seconds left.
|j| ezwz
|
|t:|1598632169
|switch|p1a: Corviknight|Corviknight, F|100/100
|-ability|p1a: Corviknight|Pressure
|move|p2a: Kyotaro|Boomburst|p1a: Corviknight
|-resisted|p1a: Corviknight
|-damage|p1a: Corviknight|64/100
|-damage|p2a: Kyotaro|57/100|[from] item: Life Orb
|
|-weather|Sandstorm|[upkeep]
|-damage|p2a: Kyotaro|50/100|[from] Sandstorm
|-heal|p2a: Kyotaro|57/100|[from] Grassy Terrain
|upkeep
|turn|3
|
|t:|1598632179
|move|p2a: Kyotaro|Boomburst|p1a: Corviknight
|-resisted|p1a: Corviknight
|-crit|p1a: Corviknight
|-damage|p1a: Corviknight|8/100
|-damage|p2a: Kyotaro|47/100|[from] item: Life Orb
|move|p1a: Corviknight|Brave Bird|p2a: Kyotaro
|-resisted|p2a: Kyotaro
|-damage|p2a: Kyotaro|17/100
|-damage|p1a: Corviknight|1/100|[from] Recoil
|
|-weather|Sandstorm|[upkeep]
|-damage|p2a: Kyotaro|10/100|[from] Sandstorm
|-heal|p2a: Kyotaro|17/100|[from] Grassy Terrain
|upkeep
|turn|4
|inactive|relic stone has 120 seconds left.
|j| Cachooch
|inactive|relic stone has 90 seconds left.
|
|t:|1598632219
|move|p2a: Kyotaro|Boomburst|p1a: Corviknight
|-resisted|p1a: Corviknight
|-damage|p1a: Corviknight|0 fnt
|-damage|p2a: Kyotaro|7/100|[from] item: Life Orb
|faint|p1a: Corviknight
|
|-weather|Sandstorm|[upkeep]
|-damage|p2a: Kyotaro|0 fnt|[from] Sandstorm
|faint|p2a: Kyotaro
|upkeep
|inactive|relic stone has 90 seconds left.
|
|t:|1598632236
|switch|p2a: Impaler|Excadrill, M, shiny|100/100
|switch|p1a: Rillaboom|Rillaboom, M|100/100
|-ability|p2a: Impaler|Mold Breaker
|turn|5
|
|t:|1598632239
|move|p1a: Rillaboom|Grassy Glide|p2a: Impaler
|-damage|p2a: Impaler|30/100
|move|p2a: Impaler|Stealth Rock|p1a: Rillaboom
|-sidestart|p1: lt73iu quartos|move: Stealth Rock
|
|-weather|none
|-heal|p2a: Impaler|37/100|[from] item: Leftovers
|-heal|p2a: Impaler|43/100|[from] Grassy Terrain
|-fieldend|move: Grassy Terrain
|upkeep
|turn|6
|
|t:|1598632244
|move|p1a: Rillaboom|Knock Off|p2a: Impaler
|-damage|p2a: Impaler|0 fnt
|-enditem|p2a: Impaler|Leftovers|[from] move: Knock Off|[of] p1a: Rillaboom
|faint|p2a: Impaler
|
|upkeep
|
|t:|1598632247
|switch|p2a: Silhouette|Urshifu, M|100/100
|turn|7
|
|t:|1598632254
|switch|p1a: Toxapex|Toxapex, M|100/100
|-damage|p1a: Toxapex|88/100|[from] Stealth Rock
|move|p2a: Silhouette|Bulk Up|p2a: Silhouette
|-boost|p2a: Silhouette|atk|1
|-boost|p2a: Silhouette|def|1
|
|upkeep
|turn|8
|
|t:|1598632267
|move|p2a: Silhouette|Wicked Blow|p1a: Toxapex
|-crit|p1a: Toxapex
|-damage|p1a: Toxapex|5/100
|-damage|p2a: Silhouette|84/100|[from] item: Rocky Helmet|[of] p1a: Toxapex
|-damage|p2a: Silhouette|74/100|[from] item: Life Orb
|move|p1a: Toxapex|Scald|p2a: Silhouette
|-damage|p2a: Silhouette|47/100
|
|upkeep
|turn|9
|inactive|relic stone has 120 seconds left.
|
|t:|1598632299
|switch|p1a: Clefable|Clefable, M|100/100
|move|p2a: Silhouette|Wicked Blow|p1a: Clefable
|-resisted|p1a: Clefable
|-crit|p1a: Clefable
|-damage|p1a: Clefable|50/100
|-damage|p2a: Silhouette|37/100|[from] item: Life Orb
|
|-heal|p1a: Clefable|56/100|[from] item: Leftovers
|upkeep
|turn|10
|
|t:|1598632308
|switch|p1a: Hippowdon|Hippowdon, M|56/100
|-damage|p1a: Hippowdon|50/100|[from] Stealth Rock
|-weather|Sandstorm|[from] ability: Sand Stream|[of] p1a: Hippowdon
|move|p2a: Silhouette|Wicked Blow|p1a: Hippowdon
|-crit|p1a: Hippowdon
|-damage|p1a: Hippowdon|0 fnt
|-damage|p2a: Silhouette|27/100|[from] item: Life Orb
|faint|p1a: Hippowdon
|
|-weather|Sandstorm|[upkeep]
|-damage|p2a: Silhouette|21/100|[from] Sandstorm
|upkeep
|
|t:|1598632313
|switch|p1a: Rillaboom|Rillaboom, M|100/100
|-damage|p1a: Rillaboom|88/100|[from] Stealth Rock
|-fieldstart|move: Grassy Terrain|[from] ability: Grassy Surge|[of] p1a: Rillaboom
|turn|11
|
|t:|1598632316
|move|p2a: Silhouette|Sucker Punch|p1a: Rillaboom
|-damage|p1a: Rillaboom|1/100
|-damage|p2a: Silhouette|11/100|[from] item: Life Orb
|move|p1a: Rillaboom|Grassy Glide|p2a: Silhouette
|-damage|p2a: Silhouette|0 fnt
|faint|p2a: Silhouette
|
|-weather|Sandstorm|[upkeep]
|-damage|p1a: Rillaboom|0 fnt|[from] Sandstorm
|faint|p1a: Rillaboom
|upkeep
|
|t:|1598632325
|switch|p2a: Phantom|Marowak-Alola, M, shiny|100/100
|switch|p1a: Magnezone|Magnezone|100/100
|-damage|p1a: Magnezone|94/100|[from] Stealth Rock
|turn|12
|
|t:|1598632329
|move|p1a: Magnezone|Volt Switch|p2a: Phantom
|-ability|p2a: Phantom|Lightning Rod|boost
|-boost|p2a: Phantom|spa|1
|move|p2a: Phantom|Swords Dance|p2a: Phantom
|-boost|p2a: Phantom|atk|2
|
|-weather|Sandstorm|[upkeep]
|-damage|p2a: Phantom|94/100|[from] Sandstorm
|-heal|p1a: Magnezone|100/100|[from] Grassy Terrain
|-heal|p2a: Phantom|100/100|[from] Grassy Terrain
|upkeep
|turn|13
|c| ezwz|lol
|c|☆relic stone|gg
|
|t:|1598632344
|switch|p1a: Clefable|Clefable, M|56/100
|move|p2a: Phantom|Substitute|p2a: Phantom
|-start|p2a: Phantom|Substitute
|-damage|p2a: Phantom|76/100
|
|-weather|Sandstorm|[upkeep]
|-damage|p2a: Phantom|70/100|[from] Sandstorm
|-heal|p2a: Phantom|76/100|[from] Grassy Terrain
|-heal|p1a: Clefable|62/100|[from] item: Leftovers
|-heal|p1a: Clefable|68/100|[from] Grassy Terrain
|upkeep
|turn|14
|
|t:|1598632348
|move|p2a: Phantom|Fire Punch|p1a: Clefable
|-damage|p1a: Clefable|0 fnt
|faint|p1a: Clefable
|
|-weather|none
|-heal|p2a: Phantom|82/100|[from] Grassy Terrain
|upkeep
|
|t:|1598632350
|switch|p1a: Toxapex|Toxapex, M|38/100
|-damage|p1a: Toxapex|25/100|[from] Stealth Rock
|turn|15
|
|t:|1598632352
|move|p2a: Phantom|Fire Punch|p1a: Toxapex
|-resisted|p1a: Toxapex
|-damage|p1a: Toxapex|0 fnt
|-damage|p2a: Phantom|65/100|[from] item: Rocky Helmet|[of] p1a: Toxapex
|faint|p1a: Toxapex
|
|-heal|p2a: Phantom|71/100|[from] Grassy Terrain
|-fieldend|move: Grassy Terrain
|upkeep
|-message|lt73iu quartos forfeited.
|
|win|relic stone
|l|☆lt73iu quartos
