|j|☆Jwiesner
|j|☆Gotham Paladin
|t:|1654226974
|gametype|singles
|player|p1|Jwiesner|1|1613
|player|p2|Gotham Paladin|steven|1618
|teamsize|p1|6
|teamsize|p2|6
|gen|8
|tier|[Gen 8] OU
|rated|
|rule|Sleep Clause Mod: Limit one foe put to sleep
|rule|Species Clause: Limit one of each Pokémon
|rule|OHKO Clause: OHKO moves are banned
|rule|Evasion Moves Clause: Evasion moves are banned
|rule|Endless Battle Clause: Forcing endless battles is banned
|rule|HP Percentage Mod: HP is shown in percentages
|rule|Dynamax Clause: You cannot dynamax
|clearpoke
|poke|p1|Scizor, F|
|poke|p1|Toxapex, M|
|poke|p1|Landorus-Therian, M|
|poke|p1|Garchomp, F|
|poke|p1|Tapu Koko|
|poke|p1|Latios, M|
|poke|p2|Pelipper, M|
|poke|p2|Barraskewda, F|
|poke|p2|Ferrothorn, F|
|poke|p2|Volcanion|
|poke|p2|Blissey, F|
|poke|p2|Tornadus-Therian, M|
|teampreview
|inactive|Battle timer is ON: inactive players will automatically lose when time's up. (requested by Jwiesner)
|
|t:|1654226983
|start
|switch|p1a: Tapu Koko|Tapu Koko|100/100
|switch|p2a: Pelipper|Pelipper, M|100/100
|-fieldstart|move: Electric Terrain|[from] ability: Electric Surge|[of] p1a: Tapu Koko
|-weather|RainDance|[from] ability: Drizzle|[of] p2a: Pelipper
|turn|1
|
|t:|1654226992
|switch|p2a: Ferrothorn|Ferrothorn, F|100/100
|move|p1a: Tapu Koko|Volt Switch|p2a: Ferrothorn
|-resisted|p2a: Ferrothorn
|-damage|p2a: Ferrothorn|89/100
|
|t:|1654226999
|switch|p1a: Scizor|Scizor, F|100/100|[from]move: Volt Switch
|
|-weather|RainDance|[upkeep]
|upkeep
|turn|2
|
|t:|1654227007
|switch|p2a: Volcanion|Volcanion|100/100
|move|p1a: Scizor|Knock Off|p2a: Volcanion
|-damage|p2a: Volcanion|42/100
|-enditem|p2a: Volcanion|Choice Specs|[from] move: Knock Off|[of] p1a: Scizor
|
|-weather|RainDance|[upkeep]
|upkeep
|turn|3
|
|t:|1654227018
|switch|p2a: Tornadus|Tornadus-Therian, M|100/100
|switch|p1a: Toxapex|Toxapex, M|100/100
|
|-weather|RainDance|[upkeep]
|upkeep
|turn|4
|
|t:|1654227026
|move|p2a: Tornadus|Hurricane|p1a: Toxapex
|-damage|p1a: Toxapex|33/100
|move|p1a: Toxapex|Scald|p2a: Tornadus
|-damage|p2a: Tornadus|69/100
|
|-weather|RainDance|[upkeep]
|-heal|p1a: Toxapex|39/100|[from] item: Leftovers
|upkeep
|turn|5
|
|t:|1654227038
|move|p1a: Toxapex|Baneful Bunker|p1a: Toxapex
|-singleturn|p1a: Toxapex|move: Protect
|move|p2a: Tornadus|Hurricane|p1a: Toxapex
|-activate|p1a: Toxapex|move: Protect
|
|-weather|RainDance|[upkeep]
|-heal|p1a: Toxapex|46/100|[from] item: Leftovers
|-fieldend|move: Electric Terrain
|upkeep
|turn|6
|
|t:|1654227059
|switch|p1a: Landorus|Landorus-Therian, M|100/100
|-ability|p1a: Landorus|Intimidate|boost
|-unboost|p2a: Tornadus|atk|1
|move|p2a: Tornadus|Hurricane|p1a: Landorus
|-damage|p1a: Landorus|26/100
|-start|p1a: Landorus|confusion
|
|-weather|RainDance|[upkeep]
|-heal|p1a: Landorus|32/100|[from] item: Leftovers
|upkeep
|turn|7
|
|t:|1654227070
|move|p2a: Tornadus|Hurricane|p1a: Landorus
|-damage|p1a: Landorus|0 fnt
|faint|p1a: Landorus
|
|-weather|RainDance|[upkeep]
|upkeep
|
|t:|1654227077
|switch|p1a: Tapu Koko|Tapu Koko|100/100
|-fieldstart|move: Electric Terrain|[from] ability: Electric Surge|[of] p1a: Tapu Koko
|turn|8
|
|t:|1654227084
|switch|p2a: Blissey|Blissey, F|100/100
|move|p1a: Tapu Koko|Volt Switch|p2a: Blissey
|-damage|p2a: Blissey|86/100
|
|t:|1654227090
|switch|p1a: Scizor|Scizor, F|100/100|[from]move: Volt Switch
|
|-weather|none
|upkeep
|turn|9
|inactive|Gotham Paladin has 120 seconds left.
|
|t:|1654227131
|switch|p2a: Pelipper|Pelipper, M|100/100
|-weather|RainDance|[from] ability: Drizzle|[of] p2a: Pelipper
|move|p1a: Scizor|U-turn|p2a: Pelipper
|-resisted|p2a: Pelipper
|-damage|p2a: Pelipper|79/100
|
|t:|1654227138
|switch|p1a: Tapu Koko|Tapu Koko|100/100|[from]move: U-turn
|
|-weather|RainDance|[upkeep]
|upkeep
|turn|10
|inactive|Gotham Paladin has 120 seconds left.
|
|t:|1654227144
|switch|p2a: Ferrothorn|Ferrothorn, F|89/100
|move|p1a: Tapu Koko|Volt Switch|p2a: Ferrothorn
|-resisted|p2a: Ferrothorn
|-damage|p2a: Ferrothorn|78/100
|
|t:|1654227149
|switch|p1a: Scizor|Scizor, F|100/100|[from]move: Volt Switch
|
|-weather|RainDance|[upkeep]
|upkeep
|turn|11
|
|t:|1654227155
|move|p1a: Scizor|U-turn|p2a: Ferrothorn
|-damage|p2a: Ferrothorn|33/100
|-damage|p1a: Scizor|88/100|[from] ability: Iron Barbs|[of] p2a: Ferrothorn
|-damage|p1a: Scizor|71/100|[from] item: Rocky Helmet|[of] p2a: Ferrothorn
|
|t:|1654227163
|switch|p1a: Garchomp|Garchomp, F|100/100|[from]move: U-turn
|move|p2a: Ferrothorn|Stealth Rock|p1a: Garchomp
|-sidestart|p1: Jwiesner|move: Stealth Rock
|
|-weather|RainDance|[upkeep]
|upkeep
|turn|12
|
|t:|1654227170
|switch|p2a: Tornadus|Tornadus-Therian, M|100/100
|move|p1a: Garchomp|Swords Dance|p1a: Garchomp
|-boost|p1a: Garchomp|atk|2
|
|-weather|RainDance|[upkeep]
|-fieldend|move: Electric Terrain
|upkeep
|turn|13
|
|t:|1654227200
|switch|p2a: Ferrothorn|Ferrothorn, F|33/100
|move|p1a: Garchomp|Stone Edge|p2a: Ferrothorn
|-resisted|p2a: Ferrothorn
|-crit|p2a: Ferrothorn
|-damage|p2a: Ferrothorn|0 fnt
|faint|p2a: Ferrothorn
|
|-weather|RainDance|[upkeep]
|upkeep
|
|t:|1654227204
|switch|p2a: Barraskewda|Barraskewda, F|100/100
|turn|14
|
|t:|1654227213
|switch|p1a: Toxapex|Toxapex, M|79/100
|-damage|p1a: Toxapex|66/100|[from] Stealth Rock
|move|p2a: Barraskewda|Liquidation|p1a: Toxapex
|-resisted|p1a: Toxapex
|-damage|p1a: Toxapex|32/100
|-unboost|p1a: Toxapex|def|1
|
|-weather|RainDance|[upkeep]
|-heal|p1a: Toxapex|38/100|[from] item: Leftovers
|upkeep
|turn|15
|
|t:|1654227224
|move|p1a: Toxapex|Baneful Bunker|p1a: Toxapex
|-singleturn|p1a: Toxapex|move: Protect
|move|p2a: Barraskewda|Liquidation|p1a: Toxapex
|-activate|p1a: Toxapex|move: Protect
|-status|p2a: Barraskewda|psn
|
|-weather|RainDance|[upkeep]
|-heal|p1a: Toxapex|45/100|[from] item: Leftovers
|-damage|p2a: Barraskewda|88/100 psn|[from] psn
|upkeep
|turn|16
|
|t:|1654227239
|switch|p1a: Latios|Latios, M|100/100
|-damage|p1a: Latios|88/100|[from] Stealth Rock
|move|p2a: Barraskewda|Liquidation|p1a: Latios
|-resisted|p1a: Latios
|-damage|p1a: Latios|17/100
|
|-weather|none
|-damage|p2a: Barraskewda|75/100 psn|[from] psn
|upkeep
|turn|17
|
|t:|1654227254
|switch|p2a: Blissey|Blissey, F|86/100
|move|p1a: Latios|Psychic|p2a: Blissey
|-damage|p2a: Blissey|61/100
|
|upkeep
|turn|18
|
|t:|1654227264
|move|p1a: Latios|Psychic|p2a: Blissey
|-damage|p2a: Blissey|36/100
|move|p2a: Blissey|Teleport|p2a: Blissey
|j| dollynhocoach
|
|t:|1654227269
|switch|p2a: Tornadus|Tornadus-Therian, M|100/100|[from]move: Teleport
|
|upkeep
|turn|19
|l| dollynhocoach
|
|t:|1654227273
|move|p2a: Tornadus|Hurricane|p1a: Latios
|-damage|p1a: Latios|0 fnt
|faint|p1a: Latios
|
|upkeep
|
|t:|1654227287
|switch|p1a: Tapu Koko|Tapu Koko|100/100
|-damage|p1a: Tapu Koko|88/100|[from] Stealth Rock
|-fieldstart|move: Electric Terrain|[from] ability: Electric Surge|[of] p1a: Tapu Koko
|turn|20
|
|t:|1654227293
|switch|p2a: Blissey|Blissey, F|36/100
|move|p1a: Tapu Koko|Volt Switch|p2a: Blissey
|-damage|p2a: Blissey|22/100
|
|t:|1654227299
|switch|p1a: Scizor|Scizor, F|71/100|[from]move: Volt Switch
|-damage|p1a: Scizor|59/100|[from] Stealth Rock
|
|upkeep
|turn|21
|
|t:|1654227307
|switch|p2a: Tornadus|Tornadus-Therian, M|100/100
|move|p1a: Scizor|U-turn|p2a: Tornadus
|-resisted|p2a: Tornadus
|-damage|p2a: Tornadus|56/100
|
|t:|1654227313
|switch|p1a: Tapu Koko|Tapu Koko|88/100|[from]move: U-turn
|-damage|p1a: Tapu Koko|76/100|[from] Stealth Rock
|
|upkeep
|turn|22
|
|t:|1654227319
|switch|p2a: Blissey|Blissey, F|22/100
|move|p1a: Tapu Koko|Volt Switch|p2a: Blissey
|-damage|p2a: Blissey|6/100
|
|t:|1654227325
|switch|p1a: Scizor|Scizor, F|59/100|[from]move: Volt Switch
|-damage|p1a: Scizor|46/100|[from] Stealth Rock
|
|upkeep
|turn|23
|
|t:|1654227331
|switch|p2a: Pelipper|Pelipper, M|79/100
|-weather|RainDance|[from] ability: Drizzle|[of] p2a: Pelipper
|move|p1a: Scizor|U-turn|p2a: Pelipper
|-resisted|p2a: Pelipper
|-damage|p2a: Pelipper|55/100
|
|t:|1654227337
|switch|p1a: Tapu Koko|Tapu Koko|76/100|[from]move: U-turn
|-damage|p1a: Tapu Koko|63/100|[from] Stealth Rock
|
|-weather|RainDance|[upkeep]
|upkeep
|turn|24
|
|t:|1654227345
|switch|p2a: Blissey|Blissey, F|6/100
|move|p1a: Tapu Koko|Volt Switch|p2a: Blissey
|-damage|p2a: Blissey|0 fnt
|faint|p2a: Blissey
|
|t:|1654227354
|switch|p1a: Toxapex|Toxapex, M|78/100|[from]move: Volt Switch
|-damage|p1a: Toxapex|65/100|[from] Stealth Rock
|
|-weather|RainDance|[upkeep]
|-heal|p1a: Toxapex|72/100|[from] item: Leftovers
|-fieldend|move: Electric Terrain
|upkeep
|
|t:|1654227357
|switch|p2a: Tornadus|Tornadus-Therian, M|89/100
|turn|25
|
|t:|1654227363
|move|p1a: Toxapex|Baneful Bunker|p1a: Toxapex
|-singleturn|p1a: Toxapex|move: Protect
|move|p2a: Tornadus|Hurricane|p1a: Toxapex
|-activate|p1a: Toxapex|move: Protect
|
|-weather|RainDance|[upkeep]
|-heal|p1a: Toxapex|78/100|[from] item: Leftovers
|upkeep
|turn|26
|
|t:|1654227387
|move|p2a: Tornadus|Hurricane|p1a: Toxapex
|-damage|p1a: Toxapex|15/100
|move|p1a: Toxapex|Recover|p1a: Toxapex
|-heal|p1a: Toxapex|65/100
|
|-weather|RainDance|[upkeep]
|-heal|p1a: Toxapex|72/100|[from] item: Leftovers
|upkeep
|turn|27
|
|t:|1654227396
|move|p1a: Toxapex|Baneful Bunker|p1a: Toxapex
|-singleturn|p1a: Toxapex|move: Protect
|move|p2a: Tornadus|Hurricane|p1a: Toxapex
|-activate|p1a: Toxapex|move: Protect
|
|-weather|RainDance|[upkeep]
|-heal|p1a: Toxapex|78/100|[from] item: Leftovers
|upkeep
|turn|28
|
|t:|1654227406
|move|p2a: Tornadus|Hurricane|p1a: Toxapex
|-damage|p1a: Toxapex|10/100
|move|p1a: Toxapex|Toxic|p2a: Tornadus
|-status|p2a: Tornadus|tox
|
|-weather|RainDance|[upkeep]
|-heal|p1a: Toxapex|16/100|[from] item: Leftovers
|-damage|p2a: Tornadus|83/100 tox|[from] psn
|upkeep
|turn|29
|
|t:|1654227415
|move|p1a: Toxapex|Baneful Bunker|p1a: Toxapex
|-singleturn|p1a: Toxapex|move: Protect
|move|p2a: Tornadus|Hurricane|p1a: Toxapex
|-activate|p1a: Toxapex|move: Protect
|
|-weather|RainDance|[upkeep]
|-heal|p1a: Toxapex|22/100|[from] item: Leftovers
|-damage|p2a: Tornadus|71/100 tox|[from] psn
|upkeep
|turn|30
|
|t:|1654227427
|switch|p1a: Garchomp|Garchomp, F|100/100
|-damage|p1a: Garchomp|94/100|[from] Stealth Rock
|move|p2a: Tornadus|Hurricane|p1a: Garchomp
|-damage|p1a: Garchomp|4/100
|
|-weather|none
|-heal|p1a: Garchomp|10/100|[from] item: Leftovers
|-damage|p2a: Tornadus|53/100 tox|[from] psn
|upkeep
|turn|31
|
|t:|1654227442
|move|p2a: Tornadus|Hurricane|p1a: Garchomp
|-damage|p1a: Garchomp|0 fnt
|faint|p1a: Garchomp
|
|-damage|p2a: Tornadus|29/100 tox|[from] psn
|upkeep
|
|t:|1654227451
|switch|p1a: Tapu Koko|Tapu Koko|63/100
|-damage|p1a: Tapu Koko|51/100|[from] Stealth Rock
|-fieldstart|move: Electric Terrain|[from] ability: Electric Surge|[of] p1a: Tapu Koko
|turn|32
|
|t:|1654227474
|switch|p2a: Pelipper|Pelipper, M|55/100
|-weather|RainDance|[from] ability: Drizzle|[of] p2a: Pelipper
|move|p1a: Tapu Koko|Volt Switch|p2a: Pelipper
|-supereffective|p2a: Pelipper
|-damage|p2a: Pelipper|0 fnt
|faint|p2a: Pelipper
|
|t:|1654227491
|switch|p1a: Scizor|Scizor, F|46/100|[from]move: Volt Switch
|-damage|p1a: Scizor|34/100|[from] Stealth Rock
|
|-weather|RainDance|[upkeep]
|upkeep
|inactive|Gotham Paladin has 120 seconds left.
|
|t:|1654227513
|switch|p2a: Volcanion|Volcanion|42/100
|turn|33
|
|t:|1654227521
|move|p1a: Scizor|Bullet Punch|p2a: Volcanion
|-resisted|p2a: Volcanion
|-damage|p2a: Volcanion|30/100
|move|p2a: Volcanion|Steam Eruption|p1a: Scizor
|-damage|p1a: Scizor|0 fnt
|faint|p1a: Scizor
|
|-weather|RainDance|[upkeep]
|upkeep
|
|t:|1654227535
|switch|p1a: Tapu Koko|Tapu Koko|51/100
|-damage|p1a: Tapu Koko|38/100|[from] Stealth Rock
|turn|34
|
|t:|1654227548
|move|p1a: Tapu Koko|Volt Switch|p2a: Volcanion
|-supereffective|p2a: Volcanion
|-damage|p2a: Volcanion|0 fnt
|faint|p2a: Volcanion
|
|t:|1654227553
|switch|p1a: Toxapex|Toxapex, M|55/100|[from]move: Volt Switch
|-damage|p1a: Toxapex|43/100|[from] Stealth Rock
|
|-weather|RainDance|[upkeep]
|-heal|p1a: Toxapex|49/100|[from] item: Leftovers
|upkeep
|
|t:|1654227557
|switch|p2a: Tornadus|Tornadus-Therian, M|62/100 tox
|turn|35
|
|t:|1654227563
|move|p1a: Toxapex|Baneful Bunker|p1a: Toxapex
|-singleturn|p1a: Toxapex|move: Protect
|move|p2a: Tornadus|Hurricane|p1a: Toxapex
|-activate|p1a: Toxapex|move: Protect
|
|-weather|RainDance|[upkeep]
|-heal|p1a: Toxapex|55/100|[from] item: Leftovers
|-damage|p2a: Tornadus|57/100 tox|[from] psn
|upkeep
|turn|36
|
|t:|1654227574
|switch|p1a: Tapu Koko|Tapu Koko|38/100
|-damage|p1a: Tapu Koko|26/100|[from] Stealth Rock
|move|p2a: Tornadus|Hurricane|p1a: Tapu Koko
|-resisted|p1a: Tapu Koko
|-damage|p1a: Tapu Koko|0 fnt
|faint|p1a: Tapu Koko
|
|-weather|RainDance|[upkeep]
|-damage|p2a: Tornadus|44/100 tox|[from] psn
|-fieldend|move: Electric Terrain
|upkeep
|
|t:|1654227586
|switch|p1a: Toxapex|Toxapex, M|89/100
|-damage|p1a: Toxapex|76/100|[from] Stealth Rock
|turn|37
|
|t:|1654227591
|move|p1a: Toxapex|Baneful Bunker|p1a: Toxapex
|-singleturn|p1a: Toxapex|move: Protect
|move|p2a: Tornadus|Hurricane|p1a: Toxapex
|-activate|p1a: Toxapex|move: Protect
|
|-weather|RainDance|[upkeep]
|-heal|p1a: Toxapex|82/100|[from] item: Leftovers
|-damage|p2a: Tornadus|26/100 tox|[from] psn
|upkeep
|turn|38
|
|t:|1654227601
|move|p2a: Tornadus|Hurricane|p1a: Toxapex
|-crit|p1a: Toxapex
|-damage|p1a: Toxapex|0 fnt
|faint|p1a: Toxapex
|
|win|Gotham Paladin
|raw|Jwiesner's rating: 1613 &rarr; <strong>1593</strong><br />(-20 for losing)
|raw|Gotham Paladin's rating: 1618 &rarr; <strong>1638</strong><br />(+20 for winning)
|c|☆Gotham Paladin|gg
|c|☆Jwiesner|Damm. That is unfortunate
|c|☆Gotham Paladin|my team
|c|☆Gotham Paladin|only had 1 move per pokemon
|c|☆Jwiesner|I thought i won that lol
|c|☆Gotham Paladin|sorry about crit though
|c|☆Jwiesner|Its good lol
