|j|☆Kikoobuster
|j|☆thunderdog_32
|t:|1654554906
|gametype|singles
|player|p1|Kikoobuster|2|1485
|player|p2|thunderdog_32|170|1480
|teamsize|p1|6
|teamsize|p2|6
|gen|8
|tier|[Gen 8] OU
|rated|
|rule|Sleep Clause Mod: Limit one foe put to sleep
|rule|Species Clause: Limit one of each Pokémon
|rule|OHKO Clause: OHKO moves are banned
|rule|Evasion Moves Clause: Evasion moves are banned
|rule|Endless Battle Clause: Forcing endless battles is banned
|rule|HP Percentage Mod: HP is shown in percentages
|rule|Dynamax Clause: You cannot dynamax
|clearpoke
|poke|p1|Lycanroc-Dusk, F|
|poke|p1|Excadrill, M|
|poke|p1|Hawlucha, M|
|poke|p1|Azumarill, F|
|poke|p1|Zeraora|
|poke|p1|Rillaboom, M|
|poke|p2|Landorus-Therian, M|
|poke|p2|Blissey, F|
|poke|p2|Dragapult, M|
|poke|p2|Urshifu-*, F|
|poke|p2|Melmetal|
|poke|p2|Tapu Koko|
|teampreview
|inactive|Battle timer is ON: inactive players will automatically lose when time's up. (requested by Kikoobuster)
|inactive|thunderdog_32 also wants the timer to be on.
|
|t:|1654554916
|start
|switch|p1a: Lycanroc|Lycanroc-Dusk, F|100/100
|switch|p2a: Landorus|Landorus-Therian, M|100/100
|-ability|p2a: Landorus|Intimidate|boost
|-unboost|p1a: Lycanroc|atk|1
|turn|1
|
|t:|1654554920
|move|p1a: Lycanroc|Stealth Rock|p2a: Landorus
|-sidestart|p2: thunderdog_32|move: Stealth Rock
|move|p2a: Landorus|Stealth Rock|p1a: Lycanroc
|-sidestart|p1: Kikoobuster|move: Stealth Rock
|
|upkeep
|turn|2
|
|t:|1654554925
|move|p1a: Lycanroc|Taunt|p2a: Landorus
|-start|p2a: Landorus|move: Taunt
|cant|p2a: Landorus|move: Taunt|Toxic
|
|upkeep
|turn|3
|
|t:|1654554931
|move|p1a: Lycanroc|Taunt||[still]
|-fail|p1a: Lycanroc
|move|p2a: Landorus|Earthquake|p1a: Lycanroc
|-supereffective|p1a: Lycanroc
|-enditem|p1a: Lycanroc|Focus Sash
|-damage|p1a: Lycanroc|1/100
|
|upkeep
|turn|4
|
|t:|1654554935
|move|p1a: Lycanroc|Endeavor|p2a: Landorus
|-damage|p2a: Landorus|1/100
|move|p2a: Landorus|U-turn|p1a: Lycanroc
|-damage|p1a: Lycanroc|0 fnt
|faint|p1a: Lycanroc
|inactive|thunderdog_32 has 120 seconds left.
|
|t:|1654554967
|switch|p2a: Dragapult|Dragapult, M|100/100|[from]move: U-turn
|-damage|p2a: Dragapult|88/100|[from] Stealth Rock
|
|upkeep
|
|t:|1654554973
|switch|p1a: Azumarill|Azumarill, F|100/100
|-damage|p1a: Azumarill|88/100|[from] Stealth Rock
|turn|5
|
|t:|1654554979
|move|p2a: Dragapult|Shadow Ball|p1a: Azumarill
|-damage|p1a: Azumarill|27/100
|-enditem|p1a: Azumarill|Sitrus Berry|[eat]
|-heal|p1a: Azumarill|52/100|[from] item: Sitrus Berry
|move|p1a: Azumarill|Knock Off|p2a: Dragapult
|-supereffective|p2a: Dragapult
|-damage|p2a: Dragapult|0 fnt
|-enditem|p2a: Dragapult|Choice Specs|[from] move: Knock Off|[of] p1a: Azumarill
|faint|p2a: Dragapult
|
|upkeep
|
|t:|1654554990
|switch|p2a: Melmetal|Melmetal|100/100
|-damage|p2a: Melmetal|94/100|[from] Stealth Rock
|turn|6
|
|t:|1654554996
|move|p1a: Azumarill|Knock Off|p2a: Melmetal
|-damage|p2a: Melmetal|73/100
|-enditem|p2a: Melmetal|Assault Vest|[from] move: Knock Off|[of] p1a: Azumarill
|move|p2a: Melmetal|Thunder Punch|p1a: Azumarill
|-supereffective|p1a: Azumarill
|-damage|p1a: Azumarill|0 fnt
|faint|p1a: Azumarill
|
|upkeep
|
|t:|1654555004
|switch|p1a: Excadrill|Excadrill, M|100/100
|-damage|p1a: Excadrill|97/100|[from] Stealth Rock
|-ability|p1a: Excadrill|Mold Breaker
|turn|7
|
|t:|1654555008
|move|p1a: Excadrill|Rapid Spin|p2a: Melmetal
|-resisted|p2a: Melmetal
|-damage|p2a: Melmetal|68/100
|-boost|p1a: Excadrill|spe|1
|-sideend|p1: Kikoobuster|Stealth Rock|[from] move: Rapid Spin|[of] p1a: Excadrill
|move|p2a: Melmetal|Earthquake|p1a: Excadrill
|-supereffective|p1a: Excadrill
|-damage|p1a: Excadrill|0 fnt
|faint|p1a: Excadrill
|
|upkeep
|
|t:|1654555011
|switch|p1a: Zeraora|Zeraora|100/100
|turn|8
|
|t:|1654555015
|move|p1a: Zeraora|Blaze Kick|p2a: Melmetal
|-supereffective|p2a: Melmetal
|-damage|p2a: Melmetal|36/100
|move|p2a: Melmetal|Earthquake|p1a: Zeraora
|-supereffective|p1a: Zeraora
|-damage|p1a: Zeraora|9/100
|
|upkeep
|turn|9
|
|t:|1654555025
|move|p1a: Zeraora|Blaze Kick|p2a: Melmetal
|-supereffective|p2a: Melmetal
|-damage|p2a: Melmetal|3/100
|move|p2a: Melmetal|Earthquake|p1a: Zeraora
|-supereffective|p1a: Zeraora
|-damage|p1a: Zeraora|0 fnt
|faint|p1a: Zeraora
|
|upkeep
|
|t:|1654555028
|switch|p1a: Rillaboom|Rillaboom, M|100/100
|-fieldstart|move: Grassy Terrain|[from] ability: Grassy Surge|[of] p1a: Rillaboom
|turn|10
|
|t:|1654555032
|move|p1a: Rillaboom|U-turn|p2a: Melmetal
|-resisted|p2a: Melmetal
|-damage|p2a: Melmetal|0 fnt
|faint|p2a: Melmetal
|
|t:|1654555034
|switch|p1a: Hawlucha|Hawlucha, M|100/100|[from]move: U-turn
|-enditem|p1a: Hawlucha|Grassy Seed
|-boost|p1a: Hawlucha|def|1|[from] item: Grassy Seed
|
|upkeep
|
|t:|1654555053
|switch|p2a: Tapu Koko|Tapu Koko|100/100
|-fieldstart|move: Electric Terrain|[from] ability: Electric Surge|[of] p2a: Tapu Koko
|turn|11
|
|t:|1654555058
|move|p1a: Hawlucha|Close Combat|p2a: Tapu Koko
|-resisted|p2a: Tapu Koko
|-damage|p2a: Tapu Koko|65/100
|-unboost|p1a: Hawlucha|def|1
|-unboost|p1a: Hawlucha|spd|1
|move|p2a: Tapu Koko|Thunderbolt|p1a: Hawlucha
|-supereffective|p1a: Hawlucha
|-damage|p1a: Hawlucha|0 fnt
|faint|p1a: Hawlucha
|
|upkeep
|
|t:|1654555061
|switch|p1a: Rillaboom|Rillaboom, M|100/100
|-fieldstart|move: Grassy Terrain|[from] ability: Grassy Surge|[of] p1a: Rillaboom
|turn|12
|
|t:|1654555068
|switch|p2a: Landorus|Landorus-Therian, M|1/100
|-damage|p2a: Landorus|0 fnt|[from] Stealth Rock
|faint|p2a: Landorus
|move|p1a: Rillaboom|Grassy Glide|p2: Landorus|[notarget]
|-fail|p1a: Rillaboom
|
|upkeep
|
|t:|1654555072
|switch|p2a: Tapu Koko|Tapu Koko|65/100
|-fieldstart|move: Electric Terrain|[from] ability: Electric Surge|[of] p2a: Tapu Koko
|turn|13
|inactive|thunderdog_32 has 120 seconds left.
|
|t:|1654555115
|move|p2a: Tapu Koko|Thunderbolt|p1a: Rillaboom
|-resisted|p1a: Rillaboom
|-crit|p1a: Rillaboom
|-damage|p1a: Rillaboom|51/100
|move|p1a: Rillaboom|Grassy Glide|p2a: Tapu Koko
|-damage|p2a: Tapu Koko|0 fnt
|faint|p2a: Tapu Koko
|
|upkeep
|
|t:|1654555122
|switch|p2a: Urshifu|Urshifu-Rapid-Strike, F|100/100
|-damage|p2a: Urshifu|94/100|[from] Stealth Rock
|turn|14
|
|t:|1654555125
|move|p2a: Urshifu|Close Combat|p1a: Rillaboom
|-damage|p1a: Rillaboom|0 fnt
|-unboost|p2a: Urshifu|def|1
|-unboost|p2a: Urshifu|spd|1
|faint|p1a: Rillaboom
|
|win|thunderdog_32
|raw|Kikoobuster's rating: 1485 &rarr; <strong>1465</strong><br />(-20 for losing)
|raw|thunderdog_32's rating: 1480 &rarr; <strong>1500</strong><br />(+20 for winning)
|c|☆thunderdog_32|gg
|l|☆Kikoobuster
||Ladder isn't responding, score probably updated but might not have (Request timeout).
