|j|‽GORAN EL DRACO
|j|☆ValkyrieXVIII
|player|p1|GORAN EL DRACO|n|1655
|player|p2|ValkyrieXVIII|greta-gen3|1613
|teamsize|p1|6
|teamsize|p2|6
|gametype|singles
|gen|8
|tier|[Gen 8] OU
|rated|
|html|<div class="broadcast-blue"><strong>OU is currently suspecting Dracovish! For information on how to participate check out the <a href="https://www.smogon.com/forums/threads/3664521/">suspect thread</a>.</strong></div>
|clearpoke
|poke|p1|Cloyster, M|
|poke|p1|Diggersby, F|
|poke|p1|Clefable, F|
|poke|p1|Zeraora|
|poke|p1|Dragapult, M|
|poke|p1|Ferrothorn, M|
|poke|p2|Cloyster, M|
|poke|p2|Hawlucha, M|
|poke|p2|Hippowdon, M|
|poke|p2|Espeon, M|
|poke|p2|Noivern, M|
|poke|p2|Whimsicott, M|
|rule|Sleep Clause Mod: Limit one foe put to sleep
|rule|Species Clause: Limit one of each Pokémon
|rule|OHKO Clause: OHKO moves are banned
|rule|Evasion Moves Clause: Evasion moves are banned
|rule|Endless Battle Clause: Forcing endless battles is banned
|rule|HP Percentage Mod: HP is shown in percentages
|rule|Dynamax Clause: You cannot dynamax
|teampreview
|inactive|Battle timer is ON: inactive players will automatically lose when time's up. (requested by GORAN EL DRACO)
|
|start
|switch|p1a: Diggersby|Diggersby, F|100/100
|switch|p2a: Sloth|Whimsicott, M|100/100
|turn|1
|
|move|p2a: Sloth|Stun Spore|p1a: Diggersby|[miss]
|-miss|p2a: Sloth|p1a: Diggersby
|move|p1a: Diggersby|Earthquake|p2a: Sloth
|-resisted|p2a: Sloth
|-damage|p2a: Sloth|39/100
|-damage|p1a: Diggersby|91/100|[from] item: Life Orb
|
|upkeep
|turn|2
|
|switch|p2a: Gluttony|Hippowdon, M, shiny|100/100
|-weather|Sandstorm|[from] ability: Sand Stream|[of] p2a: Gluttony
|move|p1a: Diggersby|Quick Attack|p2a: Gluttony
|-damage|p2a: Gluttony|81/100
|-damage|p1a: Diggersby|74/100|[from] item: Rocky Helmet|[of] p2a: Gluttony
|-damage|p1a: Diggersby|64/100|[from] item: Life Orb
|
|-weather|Sandstorm|[upkeep]
|upkeep
|turn|3
|
|move|p1a: Diggersby|Earthquake|p2a: Gluttony
|-damage|p2a: Gluttony|36/100
|-damage|p1a: Diggersby|54/100|[from] item: Life Orb
|move|p2a: Gluttony|Stealth Rock|p1a: Diggersby
|-sidestart|p1: GORAN EL DRACO|move: Stealth Rock
|
|-weather|Sandstorm|[upkeep]
|upkeep
|turn|4
|
|switch|p2a: Pride|Noivern, M|100/100
|-item|p1a: Diggersby|Life Orb|[from] ability: Frisk|[of] p2a: Pride|[identify]
|move|p1a: Diggersby|Wild Charge|p2a: Pride
|-damage|p2a: Pride|64/100
|-damage|p1a: Diggersby|44/100|[from] Recoil
|-damage|p1a: Diggersby|34/100|[from] item: Life Orb
|
|-weather|Sandstorm|[upkeep]
|-damage|p2a: Pride|57/100|[from] Sandstorm
|upkeep
|turn|5
|
|switch|p1a: Clefable|Clefable, F|100/100
|move|p2a: Pride|Switcheroo|p1a: Clefable
|-activate|p2a: Pride|move: Trick|[of] p1a: Clefable
|-item|p1a: Clefable|Choice Scarf|[from] move: Switcheroo
|-item|p2a: Pride|Life Orb|[from] move: Switcheroo
|
|-weather|Sandstorm|[upkeep]
|-damage|p2a: Pride|51/100|[from] Sandstorm
|upkeep
|turn|6
|
|switch|p2a: Sloth|Whimsicott, M|39/100
|move|p1a: Clefable|Moonblast|p2a: Sloth
|-damage|p2a: Sloth|0 fnt
|faint|p2a: Sloth
|
|-weather|none
|upkeep
|
|switch|p2a: Envy|Espeon, M|100/100
|turn|7
|
|move|p1a: Clefable|Moonblast|p2a: Envy
|-damage|p2a: Envy|51/100
|-unboost|p2a: Envy|spa|1
|move|p2a: Envy|Yawn|p1a: Clefable
|-start|p1a: Clefable|move: Yawn|[of] p2a: Envy
|
|upkeep
|turn|8
|
|switch|p1a: Dragapult|Dragapult, M|100/100
|-damage|p1a: Dragapult|88/100|[from] Stealth Rock
|move|p2a: Envy|Wish|p2a: Envy
|
|upkeep
|turn|9
|
|move|p2a: Envy|Protect|p2a: Envy
|-singleturn|p2a: Envy|Protect
|move|p1a: Dragapult|Dragon Darts|p2a: Envy
|-activate|p2a: Envy|move: Protect
|
|-heal|p2a: Envy|100/100|[from] move: Wish|[wisher] Envy
|upkeep
|turn|10
|
|move|p1a: Dragapult|Dragon Darts|p2a: Envy
|-damage|p2a: Envy|63/100
|-anim|p1a: Dragapult|Dragon Darts|p2a: Envy
|-damage|p2a: Envy|27/100
|-damage|p1a: Dragapult|78/100|[from] item: Life Orb
|move|p2a: Envy|Yawn|p1a: Dragapult
|-start|p1a: Dragapult|move: Yawn|[of] p2a: Envy
|
|upkeep
|turn|11
|
|switch|p1a: Diggersby|Diggersby, F|34/100
|-damage|p1a: Diggersby|28/100|[from] Stealth Rock
|move|p2a: Envy|Wish|p2a: Envy
|
|upkeep
|turn|12
|
|move|p2a: Envy|Protect|p2a: Envy
|-singleturn|p2a: Envy|Protect
|move|p1a: Diggersby|Swords Dance|p1a: Diggersby
|-boost|p1a: Diggersby|atk|2
|
|-heal|p2a: Envy|77/100|[from] move: Wish|[wisher] Envy
|upkeep
|turn|13
|
|move|p1a: Diggersby|Quick Attack|p2a: Envy
|-damage|p2a: Envy|9/100
|-damage|p1a: Diggersby|18/100|[from] item: Life Orb
|move|p2a: Envy|Psychic|p1a: Diggersby
|-damage|p1a: Diggersby|0 fnt
|faint|p1a: Diggersby
|
|upkeep
|
|switch|p1a: Clefable|Clefable, F|100/100
|turn|14
|
|move|p1a: Clefable|Moonblast|p2a: Envy
|-damage|p2a: Envy|0 fnt
|faint|p2a: Envy
|
|upkeep
|
|switch|p2a: Gluttony|Hippowdon, M, shiny|36/100
|-weather|Sandstorm|[from] ability: Sand Stream|[of] p2a: Gluttony
|turn|15
|
|move|p1a: Clefable|Moonblast|p2a: Gluttony
|-damage|p2a: Gluttony|0 fnt
|faint|p2a: Gluttony
|
|-weather|Sandstorm|[upkeep]
|upkeep
|
|switch|p2a: Pride|Noivern, M|51/100
|-item|p1a: Clefable|Choice Scarf|[from] ability: Frisk|[of] p2a: Pride|[identify]
|turn|16
|
|move|p1a: Clefable|Moonblast|p2a: Pride
|-supereffective|p2a: Pride
|-damage|p2a: Pride|0 fnt
|faint|p2a: Pride
|
|-weather|Sandstorm|[upkeep]
|upkeep
|
|switch|p2a: Greed|Cloyster, M, shiny|100/100
|turn|17
|
|move|p1a: Clefable|Moonblast|p2a: Greed
|-damage|p2a: Greed|0 fnt
|faint|p2a: Greed
|
|-weather|Sandstorm|[upkeep]
|upkeep
|c|☆ValkyrieXVIII|i should've known it was an attacking one when i took lifeorb
|c|☆ValkyrieXVIII|gg
|
|switch|p2a: Wrath|Hawlucha, M|100/100
|turn|18
|
|move|p1a: Clefable|Moonblast|p2a: Wrath
|-supereffective|p2a: Wrath
|-damage|p2a: Wrath|0 fnt
|faint|p2a: Wrath
|
|win|GORAN EL DRACO
|l|☆ValkyrieXVIII
