|j|☆gaenisalbino
|j|☆uiopman☆888
|t:|1634140565
|gametype|singles
|player|p1|gaenisalbino|blue|1716
|player|p2|uiopman☆888|170|1696
|teamsize|p1|6
|teamsize|p2|6
|gen|8
|tier|[Gen 8] OU
|rated|
|rule|Sleep Clause Mod: Limit one foe put to sleep
|rule|Species Clause: Limit one of each Pokémon
|rule|OHKO Clause: OHKO moves are banned
|rule|Evasion Moves Clause: Evasion moves are banned
|rule|Endless Battle Clause: Forcing endless battles is banned
|rule|HP Percentage Mod: HP is shown in percentages
|rule|Dynamax Clause: You cannot dynamax
|clearpoke
|poke|p1|Magnezone|
|poke|p1|Weavile, M|
|poke|p1|Kyurem|
|poke|p1|Landorus-Therian, M|
|poke|p1|Tapu Lele|
|poke|p1|Tapu Fini|
|poke|p2|Dhelmise|
|poke|p2|Marowak-Alola, M|
|poke|p2|Porygon2|
|poke|p2|Cresselia, F|
|poke|p2|Hatterene, F|
|poke|p2|Melmetal|
|teampreview
|j| RTSG tests
|
|t:|1634140609
|start
|switch|p1a: Kyurem|Kyurem, shiny|100/100
|switch|p2a: DIMENSION|Hatterene, F|100/100
|-ability|p1a: Kyurem|Pressure
|turn|1
|
|t:|1634140612
|move|p1a: Kyurem|Iron Head|p2a: DIMENSION
|-supereffective|p2a: DIMENSION
|-damage|p2a: DIMENSION|37/100
|-damage|p1a: Kyurem|91/100|[from] item: Life Orb
|cant|p2a: DIMENSION|flinch
|
|upkeep
|turn|2
|c|☆uiopman☆888|WHAT THE FUCK
|c|☆uiopman☆888|????
|
|t:|1634140624
|move|p1a: Kyurem|Iron Head|p2a: DIMENSION
|-supereffective|p2a: DIMENSION
|-damage|p2a: DIMENSION|0 fnt
|faint|p2a: DIMENSION
|-damage|p1a: Kyurem|81/100|[from] item: Life Orb
|
|upkeep
|j| Tabata Tyrogue
|c|☆uiopman☆888|who does this
|c|☆gaenisalbino|Lol
|
|t:|1634140634
|switch|p2a: IDOLIZE|Porygon2|100/100
|-ability|p2a: IDOLIZE|Pressure|[from] ability: Trace|[of] p1a: Kyurem
|-ability|p2a: IDOLIZE|Pressure
|turn|3
|c|☆gaenisalbino|People like me
|c|☆uiopman☆888|malding rn
|c|☆gaenisalbino|Dont get salty
|c|☆uiopman☆888|out of all iron head cheese leads it was kyurem that gets the flinch
|c|☆gaenisalbino|Yes lol
|c|☆uiopman☆888|ironic
|
|t:|1634140665
|move|p1a: Kyurem|Dragon Dance|p1a: Kyurem
|-boost|p1a: Kyurem|atk|1
|-boost|p1a: Kyurem|spe|1
|move|p2a: IDOLIZE|Trick Room|p2a: IDOLIZE
|-fieldstart|move: Trick Room|[of] p2a: IDOLIZE
|
|upkeep
|turn|4
|
|t:|1634140670
|move|p1a: Kyurem|Iron Head|p2a: IDOLIZE
|-damage|p2a: IDOLIZE|70/100
|-damage|p1a: Kyurem|71/100|[from] item: Life Orb
|move|p2a: IDOLIZE|Teleport|p2a: IDOLIZE
|
|t:|1634140674
|switch|p2a: SLOW DOWN|Melmetal, shiny|100/100|[from]move: Teleport
|
|upkeep
|turn|5
|c|☆gaenisalbino|Indeed it is
|
|t:|1634140696
|switch|p1a: Landorus|Landorus-Therian, M, shiny|100/100
|-ability|p1a: Landorus|Intimidate|boost
|-unboost|p2a: SLOW DOWN|atk|1
|move|p2a: SLOW DOWN|Double Iron Bash|p1a: Landorus
|-damage|p1a: Landorus|64/100
|-damage|p1a: Landorus|28/100
|-hitcount|p1a: Landorus|2
|-damage|p2a: SLOW DOWN|91/100|[from] item: Life Orb
|
|-heal|p1a: Landorus|34/100|[from] item: Leftovers
|upkeep
|turn|6
|
|t:|1634140739
|switch|p1a: Tapu Lele|Tapu Lele|100/100
|-fieldstart|move: Psychic Terrain|[from] ability: Psychic Surge|[of] p1a: Tapu Lele
|move|p2a: SLOW DOWN|Double Iron Bash|p1a: Tapu Lele
|-supereffective|p1a: Tapu Lele
|-damage|p1a: Tapu Lele|0 fnt
|faint|p1a: Tapu Lele
|-hitcount|p1: Tapu Lele|1
|-damage|p2a: SLOW DOWN|81/100|[from] item: Life Orb
|
|upkeep
|
|t:|1634140758
|switch|p1a: Landorus|Landorus-Therian, M, shiny|34/100
|-ability|p1a: Landorus|Intimidate|boost
|-unboost|p2a: SLOW DOWN|atk|1
|turn|7
|
|t:|1634140763
|switch|p2a: IDOLIZE|Porygon2|70/100
|-ability|p2a: IDOLIZE|Intimidate|[from] ability: Trace|[of] p1a: Landorus
|-ability|p2a: IDOLIZE|Intimidate|boost
|-unboost|p1a: Landorus|atk|1
|move|p1a: Landorus|Stealth Rock|p2a: IDOLIZE
|-sidestart|p2: uiopman☆888|move: Stealth Rock
|
|-heal|p1a: Landorus|40/100|[from] item: Leftovers
|-fieldend|move: Trick Room
|upkeep
|turn|8
|
|t:|1634140772
|move|p1a: Landorus|U-turn|p2a: IDOLIZE
|-damage|p2a: IDOLIZE|61/100
|
|t:|1634140783
|switch|p1a: Kyurem|Kyurem, shiny|71/100|[from]move: U-turn
|-ability|p1a: Kyurem|Pressure
|move|p2a: IDOLIZE|Trick Room|p2a: IDOLIZE
|-fieldstart|move: Trick Room|[of] p2a: IDOLIZE
|
|upkeep
|turn|9
|
|t:|1634140791
|move|p1a: Kyurem|Freeze-Dry|p2a: IDOLIZE
|-damage|p2a: IDOLIZE|37/100
|-damage|p1a: Kyurem|61/100|[from] item: Life Orb
|move|p2a: IDOLIZE|Teleport|p2a: IDOLIZE
|
|t:|1634140794
|switch|p2a: SLOW DOWN|Melmetal, shiny|81/100|[from]move: Teleport
|-damage|p2a: SLOW DOWN|75/100|[from] Stealth Rock
|
|upkeep
|turn|10
|j| gare23limit
|
|t:|1634140807
|switch|p1a: Landorus|Landorus-Therian, M, shiny|40/100
|-ability|p1a: Landorus|Intimidate|boost
|-unboost|p2a: SLOW DOWN|atk|1
|move|p2a: SLOW DOWN|Double Iron Bash|p1a: Landorus
|-damage|p1a: Landorus|0 fnt
|faint|p1a: Landorus
|-hitcount|p1: Landorus|1
|-damage|p2a: SLOW DOWN|65/100|[from] item: Life Orb
|
|-fieldend|move: Psychic Terrain
|upkeep
|
|t:|1634140809
|switch|p1a: Magnezone|Magnezone, shiny|100/100
|turn|11
|c|☆uiopman☆888|zone moment
|
|t:|1634140814
|switch|p1a: Tapu Fini|Tapu Fini|100/100
|-fieldstart|move: Misty Terrain|[from] ability: Misty Surge|[of] p1a: Tapu Fini
|move|p2a: SLOW DOWN|Superpower|p1a: Tapu Fini
|-resisted|p1a: Tapu Fini
|-damage|p1a: Tapu Fini|83/100
|-unboost|p2a: SLOW DOWN|atk|1
|-unboost|p2a: SLOW DOWN|def|1
|-damage|p2a: SLOW DOWN|55/100|[from] item: Life Orb
|
|upkeep
|turn|12
|c|☆uiopman☆888|wtf
|c|☆uiopman☆888|wp
|c|☆gaenisalbino|xD
|
|t:|1634140833
|switch|p2a: NAUTILUS|Dhelmise|100/100
|-damage|p2a: NAUTILUS|88/100|[from] Stealth Rock
|move|p1a: Tapu Fini|Scald|p2a: NAUTILUS
|-resisted|p2a: NAUTILUS
|-damage|p2a: NAUTILUS|73/100
|
|-fieldend|move: Trick Room
|upkeep
|turn|13
|
|t:|1634140839
|switch|p1a: Kyurem|Kyurem, shiny|61/100
|-ability|p1a: Kyurem|Pressure
|move|p2a: NAUTILUS|Poltergeist|p1a: Kyurem
|-activate|p1a: Kyurem|move: Poltergeist|Life Orb
|-damage|p1a: Kyurem|0 fnt
|faint|p1a: Kyurem
|
|upkeep
|
|t:|1634140841
|switch|p1a: Weavile|Weavile, M|100/100
|-ability|p1a: Weavile|Pressure
|turn|14
|c|☆uiopman☆888|in
|c|☆uiopman☆888|out
|c|☆uiopman☆888|damn
|c|☆gaenisalbino|Could u wait for 2m?
|c|☆gaenisalbino|Pls
|c|☆uiopman☆888|weav not having pursuit
|c|☆uiopman☆888|sure gaenisalbino
|c|☆gaenisalbino|Thanks man
|c|☆uiopman☆888|can wait
|
|t:|1634140962
|switch|p2a: IDOLIZE|Porygon2|37/100
|-damage|p2a: IDOLIZE|25/100|[from] Stealth Rock
|-ability|p2a: IDOLIZE|Pressure|[from] ability: Trace|[of] p1a: Weavile
|-ability|p2a: IDOLIZE|Pressure
|move|p1a: Weavile|Triple Axel|p2a: IDOLIZE
|-damage|p2a: IDOLIZE|18/100
|-hitcount|p2a: IDOLIZE|1
|
|upkeep
|turn|15
|
|t:|1634140972
|move|p1a: Weavile|Knock Off|p2a: IDOLIZE
|-damage|p2a: IDOLIZE|0 fnt
|-enditem|p2a: IDOLIZE|Eviolite|[from] move: Knock Off|[of] p1a: Weavile
|faint|p2a: IDOLIZE
|
|-fieldend|Misty Terrain
|upkeep
|
|t:|1634140975
|switch|p2a: SLOW DOWN|Melmetal, shiny|55/100
|-damage|p2a: SLOW DOWN|49/100|[from] Stealth Rock
|turn|16
|
|t:|1634140984
|switch|p1a: Tapu Fini|Tapu Fini|83/100
|-fieldstart|move: Misty Terrain|[from] ability: Misty Surge|[of] p1a: Tapu Fini
|move|p2a: SLOW DOWN|Superpower|p1a: Tapu Fini
|-resisted|p1a: Tapu Fini
|-damage|p1a: Tapu Fini|57/100
|-unboost|p2a: SLOW DOWN|atk|1
|-unboost|p2a: SLOW DOWN|def|1
|-damage|p2a: SLOW DOWN|39/100|[from] item: Life Orb
|
|upkeep
|turn|17
|
|t:|1634140991
|switch|p1a: Weavile|Weavile, M|100/100
|-ability|p1a: Weavile|Pressure
|switch|p2a: EPILOGUE|Cresselia, F|100/100
|-damage|p2a: EPILOGUE|88/100|[from] Stealth Rock
|
|upkeep
|turn|18
|
|t:|1634140995
|move|p1a: Weavile|Swords Dance|p1a: Weavile
|-boost|p1a: Weavile|atk|2
|move|p2a: EPILOGUE|Trick Room|p2a: EPILOGUE
|-fieldstart|move: Trick Room|[of] p2a: EPILOGUE
|
|upkeep
|turn|19
|
|t:|1634140999
|move|p2a: EPILOGUE|Lunar Dance|p2a: EPILOGUE
|faint|p2a: EPILOGUE
|move|p1a: Weavile|Knock Off|p2: EPILOGUE|[notarget]
|-fail|p1a: Weavile
|
|upkeep
|
|t:|1634141012
|switch|p2a: PLACE ON FIRE|Marowak-Alola, M|100/100
|-damage|p2a: PLACE ON FIRE|76/100|[from] Stealth Rock
|turn|20
|c|☆gaenisalbino|Should be gg
|
|t:|1634141020
|switch|p1a: Tapu Fini|Tapu Fini|57/100
|move|p2a: PLACE ON FIRE|Flare Blitz|p1a: Tapu Fini
|-resisted|p1a: Tapu Fini
|-damage|p1a: Tapu Fini|16/100
|
|-fieldend|Misty Terrain
|upkeep
|turn|21
|j| NewWorldOrder2030
|
|t:|1634141052
|move|p2a: PLACE ON FIRE|Flare Blitz|p1a: Tapu Fini
|-resisted|p1a: Tapu Fini
|-damage|p1a: Tapu Fini|0 fnt
|faint|p1a: Tapu Fini
|
|upkeep
|
|t:|1634141055
|switch|p1a: Magnezone|Magnezone, shiny|100/100
|turn|22
|
|t:|1634141059
|move|p2a: PLACE ON FIRE|Flare Blitz|p1a: Magnezone
|-supereffective|p1a: Magnezone
|-damage|p1a: Magnezone|0 fnt
|faint|p1a: Magnezone
|
|-fieldend|move: Trick Room
|upkeep
|j| westcottike
|
|t:|1634141062
|switch|p1a: Weavile|Weavile, M|100/100
|-ability|p1a: Weavile|Pressure
|turn|23
|
|t:|1634141072
|move|p1a: Weavile|Knock Off|p2a: PLACE ON FIRE
|-supereffective|p2a: PLACE ON FIRE
|-damage|p2a: PLACE ON FIRE|0 fnt
|-enditem|p2a: PLACE ON FIRE|Thick Club|[from] move: Knock Off|[of] p1a: Weavile
|faint|p2a: PLACE ON FIRE
|
|upkeep
|
|t:|1634141073
|switch|p2a: SLOW DOWN|Melmetal, shiny|39/100
|-heal|p2a: SLOW DOWN|100/100|[from] move: Lunar Dance
|-damage|p2a: SLOW DOWN|94/100|[from] Stealth Rock
|turn|24
|c|☆gaenisalbino|I lost ig
|c|☆uiopman☆888|gg
|c|☆gaenisalbino|gg
|
|t:|1634141082
|move|p1a: Weavile|Knock Off|p2a: SLOW DOWN
|-damage|p2a: SLOW DOWN|65/100
|-enditem|p2a: SLOW DOWN|Life Orb|[from] move: Knock Off|[of] p1a: Weavile
|move|p2a: SLOW DOWN|Double Iron Bash|p1a: Weavile
|-supereffective|p1a: Weavile
|-damage|p1a: Weavile|0 fnt
|faint|p1a: Weavile
|-hitcount|p1: Weavile|1
|
|win|uiopman☆888
|raw|gaenisalbino's rating: 1716 &rarr; <strong>1695</strong><br />(-21 for losing)
|raw|uiopman☆888's rating: 1696 &rarr; <strong>1717</strong><br />(+21 for winning)
|l| westcottike
|l|☆gaenisalbino
||Ladder isn't responding, score probably updated but might not have (Request timeout).
