|j|☆ripreckful
|j|☆Down$hift
|inactive|Battle timer is ON: inactive players will automatically lose when time's up.
|t:|1646857161
|gametype|singles
|player|p1|ripreckful|boarder-gen2|
|player|p2|Down$hift|teamrocket|
|teamsize|p1|6
|teamsize|p2|6
|gen|8
|tier|[Gen 8] OU
|rated|Tournament battle
|rule|Sleep Clause Mod: Limit one foe put to sleep
|rule|Species Clause: Limit one of each Pokémon
|rule|OHKO Clause: OHKO moves are banned
|rule|Evasion Moves Clause: Evasion moves are banned
|rule|Endless Battle Clause: Forcing endless battles is banned
|rule|HP Percentage Mod: HP is shown in percentages
|rule|Dynamax Clause: You cannot dynamax
|clearpoke
|poke|p1|Magnezone|
|poke|p1|Tornadus-Therian, M|
|poke|p1|Tapu Lele|
|poke|p1|Toxapex, F|
|poke|p1|Landorus-Therian, M|
|poke|p1|Kartana|
|poke|p2|Aegislash, F|
|poke|p2|Zeraora|
|poke|p2|Tapu Fini|
|poke|p2|Corviknight, F|
|poke|p2|Blissey, F|
|poke|p2|Kartana|
|teampreview
|inactive|ripreckful also wants the timer to be on.
|c|☆Down$hift|Hf
|j| yjgyo
|c|☆ripreckful|u2
|j| im tofa
|j| TheNewBrends11
|
|t:|1646857174
|start
|switch|p1a: Landorus|Landorus-Therian, M|100/100
|switch|p2a: Papercut|Kartana|100/100
|-ability|p1a: Landorus|Intimidate|boost
|-unboost|p2a: Papercut|atk|1
|turn|1
|l| yjgyo
|
|t:|1646857184
|switch|p1a: Tornadus|Tornadus-Therian, M|100/100
|move|p2a: Papercut|Knock Off|p1a: Tornadus
|-damage|p1a: Tornadus|48/100
|-enditem|p1a: Tornadus|Heavy-Duty Boots|[from] move: Knock Off|[of] p2a: Papercut
|
|upkeep
|turn|2
|
|t:|1646857191
|switch|p2a: Nurse Depression|Blissey, F|100/100
|move|p1a: Tornadus|Knock Off|p2a: Nurse Depression
|-damage|p2a: Nurse Depression|84/100
|-enditem|p2a: Nurse Depression|Heavy-Duty Boots|[from] move: Knock Off|[of] p1a: Tornadus
|
|upkeep
|turn|3
|
|t:|1646857195
|move|p1a: Tornadus|U-turn|p2a: Nurse Depression
|-damage|p2a: Nurse Depression|71/100
|
|t:|1646857196
|switch|p1a: Landorus|Landorus-Therian, M|100/100|[from]move: U-turn
|-ability|p1a: Landorus|Intimidate|boost
|-unboost|p2a: Nurse Depression|atk|1
|move|p2a: Nurse Depression|Stealth Rock|p1a: Landorus
|-sidestart|p1: ripreckful|move: Stealth Rock
|
|upkeep
|turn|4
|
|t:|1646857203
|switch|p2a: Status Crow|Corviknight, F|100/100
|-ability|p2a: Status Crow|Pressure
|move|p1a: Landorus|Stealth Rock|p2a: Status Crow
|-sidestart|p2: Down$hift|move: Stealth Rock
|
|upkeep
|turn|5
|
|t:|1646857207
|move|p1a: Landorus|U-turn|p2a: Status Crow
|-resisted|p2a: Status Crow
|-damage|p2a: Status Crow|97/100
|-damage|p1a: Landorus|84/100|[from] item: Rocky Helmet|[of] p2a: Status Crow
|
|t:|1646857208
|switch|p1a: Magnezone|Magnezone|100/100|[from]move: U-turn
|-damage|p1a: Magnezone|94/100|[from] Stealth Rock
|move|p2a: Status Crow|U-turn|p1a: Magnezone
|-resisted|p1a: Magnezone
|-damage|p1a: Magnezone|88/100
|-damage|p2a: Status Crow|81/100|[from] item: Rocky Helmet|[of] p1a: Magnezone
|
|t:|1646857213
|switch|p2a: Furry Bait|Zeraora|100/100|[from]move: U-turn
|
|upkeep
|turn|6
|
|t:|1646857216
|switch|p1a: Toxapex|Toxapex, F|100/100
|-damage|p1a: Toxapex|88/100|[from] Stealth Rock
|move|p2a: Furry Bait|Knock Off|p1a: Toxapex
|-damage|p1a: Toxapex|63/100
|-damage|p2a: Furry Bait|84/100|[from] item: Rocky Helmet|[of] p1a: Toxapex
|-enditem|p1a: Toxapex|Rocky Helmet|[from] move: Knock Off|[of] p2a: Furry Bait
|
|upkeep
|turn|7
|
|t:|1646857235
|switch|p1a: Landorus|Landorus-Therian, M|84/100
|-damage|p1a: Landorus|72/100|[from] Stealth Rock
|-ability|p1a: Landorus|Intimidate|boost
|-unboost|p2a: Furry Bait|atk|1
|move|p2a: Furry Bait|Plasma Fists|p1a: Landorus
|-immune|p1a: Landorus
|
|-heal|p1a: Landorus|78/100|[from] item: Leftovers
|upkeep
|turn|8
|
|t:|1646857243
|move|p2a: Furry Bait|Knock Off|p1a: Landorus
|-damage|p1a: Landorus|57/100
|-enditem|p1a: Landorus|Leftovers|[from] move: Knock Off|[of] p2a: Furry Bait
|move|p1a: Landorus|Earthquake|p2a: Furry Bait
|-supereffective|p2a: Furry Bait
|-damage|p2a: Furry Bait|0 fnt
|faint|p2a: Furry Bait
|
|upkeep
|j| deesnut
|c|☆Down$hift|I got greedy
|
|t:|1646857251
|switch|p2a: Papercut|Kartana|100/100
|-damage|p2a: Papercut|94/100|[from] Stealth Rock
|turn|9
|
|t:|1646857256
|switch|p1a: Toxapex|Toxapex, F|96/100
|-damage|p1a: Toxapex|84/100|[from] Stealth Rock
|move|p2a: Papercut|Leaf Blade|p1a: Toxapex
|-damage|p1a: Toxapex|10/100
|
|upkeep
|turn|10
|
|t:|1646857259
|switch|p1a: Magnezone|Magnezone|88/100
|-damage|p1a: Magnezone|82/100|[from] Stealth Rock
|move|p2a: Papercut|Leaf Blade|p1a: Magnezone
|-resisted|p1a: Magnezone
|-damage|p1a: Magnezone|43/100
|-damage|p2a: Papercut|78/100|[from] item: Rocky Helmet|[of] p1a: Magnezone
|
|upkeep
|turn|11
|
|t:|1646857263
|move|p2a: Papercut|Leaf Blade|p1a: Magnezone
|-resisted|p1a: Magnezone
|-crit|p1a: Magnezone
|-damage|p1a: Magnezone|0 fnt
|-damage|p2a: Papercut|61/100|[from] item: Rocky Helmet|[of] p1a: Magnezone
|faint|p1a: Magnezone
|-ability|p2a: Papercut|Beast Boost|boost
|-boost|p2a: Papercut|atk|1
|
|upkeep
|c|☆ripreckful|srlsy
|c|☆Down$hift|Mb
|c| deesnut|sheesh
|c|☆Down$hift|This game really is trash
|c|☆ripreckful|bruh u threw
|inactive|ripreckful has 120 seconds left.
|c|☆ripreckful|and got bailed
|c| deesnut|it's a high crit move doe
|c| deesnut|tbf
|j| dialga334
|c|☆Down$hift|I made a wack play with zera
|inactive|ripreckful has 90 seconds left.
|c|☆ripreckful|and with kart
|
|t:|1646857330
|switch|p1a: Tornadus|Tornadus-Therian, M|81/100
|-damage|p1a: Tornadus|56/100|[from] Stealth Rock
|turn|12
|inactive|ripreckful has 90 seconds left.
|
|t:|1646857339
|switch|p2a: Nurse Depression|Blissey, F|71/100
|-damage|p2a: Nurse Depression|59/100|[from] Stealth Rock
|move|p1a: Tornadus|Knock Off|p2a: Nurse Depression
|-damage|p2a: Nurse Depression|47/100
|
|upkeep
|turn|13
|
|t:|1646857343
|move|p1a: Tornadus|U-turn|p2a: Nurse Depression
|-damage|p2a: Nurse Depression|36/100
|
|t:|1646857349
|switch|p1a: Kartana|Kartana|100/100|[from]move: U-turn
|-damage|p1a: Kartana|94/100|[from] Stealth Rock
|move|p2a: Nurse Depression|Soft-Boiled|p2a: Nurse Depression
|-heal|p2a: Nurse Depression|86/100
|
|upkeep
|turn|14
|
|t:|1646857358
|move|p1a: Kartana|Swords Dance|p1a: Kartana
|-boost|p1a: Kartana|atk|2
|move|p2a: Nurse Depression|Teleport|p2a: Nurse Depression
|
|t:|1646857365
|switch|p2a: Status Crow|Corviknight, F|81/100|[from]move: Teleport
|-damage|p2a: Status Crow|69/100|[from] Stealth Rock
|-ability|p2a: Status Crow|Pressure
|
|upkeep
|turn|15
|inactive|ripreckful has 120 seconds left.
|
|t:|1646857389
|move|p1a: Kartana|Knock Off|p2a: Status Crow
|-damage|p2a: Status Crow|12/100
|-damage|p1a: Kartana|78/100|[from] item: Rocky Helmet|[of] p2a: Status Crow
|-enditem|p2a: Status Crow|Rocky Helmet|[from] move: Knock Off|[of] p1a: Kartana
|move|p2a: Status Crow|Body Press|p1a: Kartana
|-supereffective|p1a: Kartana
|-damage|p1a: Kartana|26/100
|
|upkeep
|turn|16
|
|t:|1646857397
|move|p1a: Kartana|Knock Off|p2a: Status Crow
|-damage|p2a: Status Crow|0 fnt
|faint|p2a: Status Crow
|-ability|p1a: Kartana|Beast Boost|boost
|-boost|p1a: Kartana|atk|1
|
|upkeep
|
|t:|1646857400
|switch|p2a: Papercut|Kartana|61/100
|-damage|p2a: Papercut|55/100|[from] Stealth Rock
|turn|17
|c|☆ripreckful|gonna lose this
|
|t:|1646857406
|move|p2a: Papercut|Knock Off|p1a: Kartana
|-damage|p1a: Kartana|0 fnt
|-enditem|p1a: Kartana|Muscle Band|[from] move: Knock Off|[of] p2a: Papercut
|faint|p1a: Kartana
|-ability|p2a: Papercut|Beast Boost|boost
|-boost|p2a: Papercut|atk|1
|
|upkeep
|c|☆ripreckful|kek
|
|t:|1646857412
|switch|p1a: Tornadus|Tornadus-Therian, M|89/100
|-damage|p1a: Tornadus|65/100|[from] Stealth Rock
|turn|18
|
|t:|1646857422
|switch|p2a: Nurse Depression|Blissey, F|86/100
|-damage|p2a: Nurse Depression|73/100|[from] Stealth Rock
|move|p1a: Tornadus|Knock Off|p2a: Nurse Depression
|-damage|p2a: Nurse Depression|61/100
|
|upkeep
|turn|19
|
|t:|1646857427
|move|p1a: Tornadus|U-turn|p2a: Nurse Depression
|-damage|p2a: Nurse Depression|49/100
|
|t:|1646857429
|switch|p1a: Toxapex|Toxapex, F|43/100|[from]move: U-turn
|-damage|p1a: Toxapex|30/100|[from] Stealth Rock
|move|p2a: Nurse Depression|Soft-Boiled|p2a: Nurse Depression
|-heal|p2a: Nurse Depression|99/100
|
|upkeep
|turn|20
|
|t:|1646857434
|move|p2a: Nurse Depression|Seismic Toss|p1a: Toxapex
|-damage|p1a: Toxapex|0 fnt
|faint|p1a: Toxapex
|
|upkeep
|c|☆ripreckful|GG
|-message|ripreckful forfeited.
|
|win|Down$hift
|n|☆ripreckful|ripreckful
|n|☆Down$hift|downhift
|n| im tofa|imtofa
|n| TheNewBrends11|thenewbrends11
|n| deesnut|deesnut
|n| dialga334|dialga334
|l|☆ripreckful
|c|☆Down$hift|Not gg
|c|☆Down$hift|that was wack
