|j|☆Mr_Smooves
|j|☆friedfreak
|t:|1623346877
|gametype|singles
|player|p1|Mr_Smooves|jogger|1893
|player|p2|friedfreak|170|1824
|teamsize|p1|6
|teamsize|p2|6
|gen|8
|tier|[Gen 8] OU
|rated|
|rule|Sleep Clause Mod: Limit one foe put to sleep
|rule|Species Clause: Limit one of each Pokémon
|rule|OHKO Clause: OHKO moves are banned
|rule|Evasion Moves Clause: Evasion moves are banned
|rule|Endless Battle Clause: Forcing endless battles is banned
|rule|HP Percentage Mod: HP is shown in percentages
|rule|Dynamax Clause: You cannot dynamax
|clearpoke
|poke|p1|Rillaboom, M|
|poke|p1|Hatterene, F|
|poke|p1|Magnezone|
|poke|p1|Volcarona, F|
|poke|p1|Landorus-Therian, M|
|poke|p1|Dragapult, F|
|poke|p2|Snorlax, F|
|poke|p2|Tapu Fini|
|poke|p2|Melmetal|
|poke|p2|Volcarona, F|
|poke|p2|Landorus-Therian, M|
|poke|p2|Zeraora|
|teampreview
|inactive|Battle timer is ON: inactive players will automatically lose when time's up. (requested by friedfreak)
|inactive|friedfreak has 120 seconds left.
|
|t:|1623346911
|start
|switch|p1a: Rillaboom|Rillaboom, M|100/100
|switch|p2a: Tapu Fini|Tapu Fini|100/100
|-fieldstart|move: Misty Terrain|[from] ability: Misty Surge|[of] p2a: Tapu Fini
|-fieldstart|move: Grassy Terrain|[from] ability: Grassy Surge|[of] p1a: Rillaboom
|turn|1
|
|t:|1623346925
|switch|p2a: Landorus|Landorus-Therian, M|100/100
|-ability|p2a: Landorus|Intimidate|boost
|-unboost|p1a: Rillaboom|atk|1
|move|p1a: Rillaboom|Knock Off|p2a: Landorus
|-crit|p2a: Landorus
|-damage|p2a: Landorus|37/100
|-damage|p1a: Rillaboom|84/100|[from] item: Rocky Helmet|[of] p2a: Landorus
|-enditem|p2a: Landorus|Rocky Helmet|[from] move: Knock Off|[of] p1a: Rillaboom
|
|-heal|p1a: Rillaboom|90/100|[from] Grassy Terrain
|upkeep
|turn|2
|
|t:|1623346939
|switch|p1a: Hatterene|Hatterene, F|100/100
|move|p2a: Landorus|Knock Off|p1a: Hatterene
|-damage|p1a: Hatterene|74/100
|-enditem|p1a: Hatterene|Leftovers|[from] move: Knock Off|[of] p2a: Landorus
|
|-heal|p1a: Hatterene|80/100|[from] Grassy Terrain
|upkeep
|turn|3
|
|t:|1623346962
|switch|p2a: Snorlax|Snorlax, F|100/100
|move|p1a: Hatterene|Mystical Fire|p2a: Snorlax
|-damage|p2a: Snorlax|96/100
|-unboost|p2a: Snorlax|spa|1
|
|-heal|p1a: Hatterene|86/100|[from] Grassy Terrain
|-heal|p2a: Snorlax|100/100|[from] Grassy Terrain
|upkeep
|turn|4
|
|t:|1623346972
|move|p1a: Hatterene|Calm Mind|p1a: Hatterene
|-boost|p1a: Hatterene|spa|1
|-boost|p1a: Hatterene|spd|1
|move|p2a: Snorlax|Curse|p2a: Snorlax
|-unboost|p2a: Snorlax|spe|1
|-boost|p2a: Snorlax|atk|1
|-boost|p2a: Snorlax|def|1
|
|-heal|p1a: Hatterene|92/100|[from] Grassy Terrain
|upkeep
|turn|5
|
|t:|1623346977
|move|p1a: Hatterene|Calm Mind|p1a: Hatterene
|-boost|p1a: Hatterene|spa|1
|-boost|p1a: Hatterene|spd|1
|move|p2a: Snorlax|Curse|p2a: Snorlax
|-unboost|p2a: Snorlax|spe|1
|-boost|p2a: Snorlax|atk|1
|-boost|p2a: Snorlax|def|1
|
|-heal|p1a: Hatterene|98/100|[from] Grassy Terrain
|-fieldend|move: Grassy Terrain
|upkeep
|turn|6
|j| Hedon
|
|t:|1623346983
|move|p1a: Hatterene|Draining Kiss|p2a: Snorlax
|-damage|p2a: Snorlax|83/100
|-heal|p1a: Hatterene|100/100|[from] drain|[of] p2a: Snorlax
|move|p2a: Snorlax|Body Slam|p1a: Hatterene
|-damage|p1a: Hatterene|44/100
|
|-heal|p2a: Snorlax|89/100|[from] item: Leftovers
|upkeep
|turn|7
|j| lean overdose
|c|☆Mr_Smooves|oh shit
|
|t:|1623347002
|switch|p1a: Landorus|Landorus-Therian, M|100/100
|-ability|p1a: Landorus|Intimidate|boost
|-unboost|p2a: Snorlax|atk|1
|move|p2a: Snorlax|Body Slam|p1a: Landorus
|-damage|p1a: Landorus|50/100
|-enditem|p1a: Landorus|Eject Button
|
|t:|1623347012
|switch|p1a: Dragapult|Dragapult, F|100/100
|
|-heal|p2a: Snorlax|95/100|[from] item: Leftovers
|upkeep
|turn|8
|
|t:|1623347018
|switch|p1a: Landorus|Landorus-Therian, M|50/100
|-ability|p1a: Landorus|Intimidate|boost
|-unboost|p2a: Snorlax|atk|1
|move|p2a: Snorlax|Curse|p2a: Snorlax
|-unboost|p2a: Snorlax|spe|1
|-boost|p2a: Snorlax|atk|1
|-boost|p2a: Snorlax|def|1
|
|-heal|p2a: Snorlax|100/100|[from] item: Leftovers
|upkeep
|turn|9
|
|t:|1623347027
|move|p1a: Landorus|Toxic|p2a: Snorlax
|-status|p2a: Snorlax|tox
|move|p2a: Snorlax|Body Slam|p1a: Landorus
|-damage|p1a: Landorus|5/100
|-status|p1a: Landorus|par
|
|-damage|p2a: Snorlax|94/100 tox|[from] psn
|upkeep
|turn|10
|c| lean overdose|snorlax <3
|
|t:|1623347040
|move|p1a: Landorus|Stealth Rock|p2a: Snorlax
|-sidestart|p2: friedfreak|move: Stealth Rock
|move|p2a: Snorlax|Curse|p2a: Snorlax
|-unboost|p2a: Snorlax|spe|1
|-boost|p2a: Snorlax|atk|1
|-boost|p2a: Snorlax|def|1
|
|-heal|p2a: Snorlax|100/100 tox|[from] item: Leftovers
|-damage|p2a: Snorlax|88/100 tox|[from] psn
|upkeep
|turn|11
|
|t:|1623347045
|cant|p1a: Landorus|par
|move|p2a: Snorlax|Body Slam|p1a: Landorus
|-damage|p1a: Landorus|0 fnt
|faint|p1a: Landorus
|
|-heal|p2a: Snorlax|94/100 tox|[from] item: Leftovers
|-damage|p2a: Snorlax|76/100 tox|[from] psn
|upkeep
|j| Kaioken Rocks
|
|t:|1623347070
|switch|p1a: Magnezone|Magnezone|100/100
|turn|12
|
|t:|1623347079
|move|p1a: Magnezone|Thunderbolt|p2a: Snorlax
|-damage|p2a: Snorlax|56/100 tox
|move|p2a: Snorlax|Earthquake|p1a: Magnezone
|-supereffective|p1a: Magnezone
|-damage|p1a: Magnezone|0 fnt
|faint|p1a: Magnezone
|
|-heal|p2a: Snorlax|62/100 tox|[from] item: Leftovers
|-damage|p2a: Snorlax|38/100 tox|[from] psn
|upkeep
|j| Maxthekapo
|
|t:|1623347086
|switch|p1a: Rillaboom|Rillaboom, M|90/100
|-fieldstart|move: Grassy Terrain|[from] ability: Grassy Surge|[of] p1a: Rillaboom
|turn|13
|
|t:|1623347092
|move|p1a: Rillaboom|U-turn|p2a: Snorlax
|-damage|p2a: Snorlax|26/100 tox
|
|t:|1623347095
|switch|p1a: Dragapult|Dragapult, F|100/100|[from]move: U-turn
|move|p2a: Snorlax|Rest|p2a: Snorlax
|-status|p2a: Snorlax|slp|[from] move: Rest
|-heal|p2a: Snorlax|100/100 slp|[silent]
|
|upkeep
|turn|14
|j| Xeyaqusinzohwl
|
|t:|1623347104
|switch|p1a: Volcarona|Volcarona, F|100/100
|cant|p2a: Snorlax|slp
|
|upkeep
|turn|15
|
|t:|1623347112
|move|p1a: Volcarona|Quiver Dance|p1a: Volcarona
|-boost|p1a: Volcarona|spa|1
|-boost|p1a: Volcarona|spd|1
|-boost|p1a: Volcarona|spe|1
|cant|p2a: Snorlax|slp
|
|upkeep
|turn|16
|c|☆Mr_Smooves|I just lose to lax huh?
|c|☆friedfreak|i guess lol
|
|t:|1623347129
|move|p1a: Volcarona|Bug Buzz|p2a: Snorlax
|-damage|p2a: Snorlax|71/100 slp
|-curestatus|p2a: Snorlax|slp|[msg]
|move|p2a: Snorlax|Body Slam|p1a: Volcarona
|-damage|p1a: Volcarona|10/100
|-status|p1a: Volcarona|par
|
|-heal|p1a: Volcarona|16/100 par|[from] Grassy Terrain
|-heal|p2a: Snorlax|77/100|[from] Grassy Terrain
|-heal|p2a: Snorlax|84/100|[from] item: Leftovers
|upkeep
|turn|17
|
|t:|1623347139
|move|p1a: Volcarona|Bug Buzz|p2a: Snorlax
|-crit|p2a: Snorlax
|-damage|p2a: Snorlax|37/100
|move|p2a: Snorlax|Body Slam|p1a: Volcarona
|-damage|p1a: Volcarona|0 fnt
|faint|p1a: Volcarona
|
|-heal|p2a: Snorlax|43/100|[from] Grassy Terrain
|-heal|p2a: Snorlax|49/100|[from] item: Leftovers
|-fieldend|move: Grassy Terrain
|upkeep
|c|☆Mr_Smooves|lmao gg fam
|c|☆friedfreak|gg
|c|☆Mr_Smooves|I love your team
|-message|Mr_Smooves forfeited.
|
|win|friedfreak
|raw|Mr_Smooves's rating: 1893 &rarr; <strong>1869</strong><br />(-24 for losing)
|raw|friedfreak's rating: 1824 &rarr; <strong>1848</strong><br />(+24 for winning)
|l|☆Mr_Smooves
|l| lean overdose
|l| Maxthekapo
||Ladder isn't responding, score probably updated but might not have (Request timeout).
