|j|☆corumba
|j|☆nina rosario
|t:|1644593233
|gametype|singles
|player|p1|corumba|101|1717
|player|p2|nina rosario|harlequin|1804
|teamsize|p1|6
|teamsize|p2|6
|gen|8
|tier|[Gen 8] OU
|rated|
|rule|Sleep Clause Mod: Limit one foe put to sleep
|rule|Species Clause: Limit one of each Pokémon
|rule|OHKO Clause: OHKO moves are banned
|rule|Evasion Moves Clause: Evasion moves are banned
|rule|Endless Battle Clause: Forcing endless battles is banned
|rule|HP Percentage Mod: HP is shown in percentages
|rule|Dynamax Clause: You cannot dynamax
|clearpoke
|poke|p1|Melmetal|
|poke|p1|Mamoswine, F|
|poke|p1|Ferrothorn, F|
|poke|p1|Celesteela|
|poke|p1|Dragapult, F|
|poke|p1|Dragonite, F|
|poke|p2|Pelipper, M|
|poke|p2|Seismitoad, M|
|poke|p2|Barraskewda, F|
|poke|p2|Ferrothorn, M|
|poke|p2|Urshifu-*, M|
|poke|p2|Zapdos|
|teampreview
|inactive|Battle timer is ON: inactive players will automatically lose when time's up. (requested by nina rosario)
|
|t:|1644593249
|start
|switch|p1a: Ferrothorn|Ferrothorn, F|100/100
|switch|p2a: Ferrothorn|Ferrothorn, M|100/100
|turn|1
|
|t:|1644593253
|move|p2a: Ferrothorn|Body Press|p1a: Ferrothorn
|-supereffective|p1a: Ferrothorn
|-damage|p1a: Ferrothorn|66/100
|-damage|p2a: Ferrothorn|88/100|[from] ability: Iron Barbs|[of] p1a: Ferrothorn
|move|p1a: Ferrothorn|Thunder Wave|p2a: Ferrothorn
|-status|p2a: Ferrothorn|par
|
|-heal|p1a: Ferrothorn|72/100|[from] item: Leftovers
|upkeep
|turn|2
|
|t:|1644593260
|move|p1a: Ferrothorn|Spikes|p2a: Ferrothorn
|-sidestart|p2: nina rosario|Spikes
|cant|p2a: Ferrothorn|par
|
|-heal|p1a: Ferrothorn|78/100|[from] item: Leftovers
|upkeep
|turn|3
|
|t:|1644593265
|move|p1a: Ferrothorn|Spikes|p2a: Ferrothorn
|-sidestart|p2: nina rosario|Spikes
|move|p2a: Ferrothorn|Knock Off|p1a: Ferrothorn
|-damage|p1a: Ferrothorn|61/100
|-damage|p2a: Ferrothorn|75/100 par|[from] ability: Iron Barbs|[of] p1a: Ferrothorn
|-enditem|p1a: Ferrothorn|Leftovers|[from] move: Knock Off|[of] p2a: Ferrothorn
|
|upkeep
|turn|4
|
|t:|1644593274
|switch|p2a: Zapdos|Zapdos|100/100
|move|p1a: Ferrothorn|Spikes|p2a: Zapdos
|-sidestart|p2: nina rosario|Spikes
|
|upkeep
|turn|5
|
|t:|1644593278
|move|p2a: Zapdos|Defog|p1a: Ferrothorn
|-unboost|p1a: Ferrothorn|evasion|1
|-sideend|p2: nina rosario|Spikes|[from] move: Defog|[of] p2a: Zapdos
|move|p1a: Ferrothorn|Leech Seed|p2a: Zapdos
|-start|p2a: Zapdos|move: Leech Seed
|
|-damage|p2a: Zapdos|88/100|[from] Leech Seed|[of] p1a: Ferrothorn
|-heal|p1a: Ferrothorn|75/100|[silent]
|upkeep
|turn|6
|
|t:|1644593283
|switch|p2a: Urshifu|Urshifu-Rapid-Strike, M|100/100
|move|p1a: Ferrothorn|Spikes|p2a: Urshifu
|-sidestart|p2: nina rosario|Spikes
|
|upkeep
|turn|7
|j| UYFGYCFGVXCFGVCGV
|
|t:|1644593293
|switch|p1a: Dragapult|Dragapult, F|100/100
|move|p2a: Urshifu|Ice Punch|p1a: Dragapult
|-supereffective|p1a: Dragapult
|-damage|p1a: Dragapult|0 fnt
|faint|p1a: Dragapult
|-damage|p2a: Urshifu|91/100|[from] item: Life Orb
|
|upkeep
|
|t:|1644593307
|switch|p1a: Celesteela|Celesteela|100/100
|turn|8
|
|t:|1644593313
|move|p2a: Urshifu|Thunder Punch|p1a: Celesteela
|-supereffective|p1a: Celesteela
|-damage|p1a: Celesteela|26/100
|-damage|p2a: Urshifu|81/100|[from] item: Life Orb
|move|p1a: Celesteela|Meteor Beam||[still]
|-prepare|p1a: Celesteela|Meteor Beam
|-boost|p1a: Celesteela|spa|1
|-enditem|p1a: Celesteela|Power Herb
|-anim|p1a: Celesteela|Meteor Beam|p2a: Urshifu
|-resisted|p2a: Urshifu
|-damage|p2a: Urshifu|32/100
|
|upkeep
|turn|9
|
|t:|1644593321
|move|p2a: Urshifu|Close Combat|p1a: Celesteela
|-crit|p1a: Celesteela
|-damage|p1a: Celesteela|0 fnt
|-unboost|p2a: Urshifu|def|1
|-unboost|p2a: Urshifu|spd|1
|faint|p1a: Celesteela
|-damage|p2a: Urshifu|22/100|[from] item: Life Orb
|
|upkeep
|-message|corumba forfeited.
|
|win|nina rosario
|raw|corumba's rating: 1717 &rarr; <strong>1702</strong><br />(-15 for losing)
|raw|nina rosario's rating: 1804 &rarr; <strong>1819</strong><br />(+15 for winning)
|l|☆corumba
|n| deathby100cucks|ninarosario
||Ladder isn't responding, score probably updated but might not have (Request timeout).
