|j|☆damorush
|j|☆duanran
|t:|1664543923
|gametype|singles
|player|p1|damorush|101|1630
|player|p2|duanran|skierf|1658
|teamsize|p1|6
|teamsize|p2|6
|gen|8
|tier|[Gen 8] OU
|rated|
|rule|Sleep Clause Mod: Limit one foe put to sleep
|rule|Species Clause: Limit one of each Pokémon
|rule|OHKO Clause: OHKO moves are banned
|rule|Evasion Items Clause: Evasion items are banned
|rule|Evasion Moves Clause: Evasion moves are banned
|rule|Endless Battle Clause: Forcing endless battles is banned
|rule|HP Percentage Mod: HP is shown in percentages
|rule|Dynamax Clause: You cannot dynamax
|clearpoke
|poke|p1|Mew|
|poke|p1|Dragapult, M|
|poke|p1|Rillaboom, M|
|poke|p1|Kartana|
|poke|p1|Nidoking, M|
|poke|p1|Urshifu-*, M|
|poke|p2|Rillaboom, M|
|poke|p2|Kartana|
|poke|p2|Hawlucha, F|
|poke|p2|Slowking-Galar, M|
|poke|p2|Tyranitar, M|
|poke|p2|Azumarill, F|
|teampreview
|inactive|Battle timer is ON: inactive players will automatically lose when time's up. (requested by damorush)
|
|t:|1664543971
|start
|switch|p1a: Mew|Mew|100/100
|switch|p2a: Tyranitar|Tyranitar, M|100/100
|-weather|Sandstorm|[from] ability: Sand Stream|[of] p2a: Tyranitar
|turn|1
|
|t:|1664543979
|move|p1a: Mew|Stealth Rock|p2a: Tyranitar
|-sidestart|p2: duanran|move: Stealth Rock
|move|p2a: Tyranitar|Crunch|p1a: Mew
|-supereffective|p1a: Mew
|-enditem|p1a: Mew|Focus Sash
|-damage|p1a: Mew|1/100
|
|-weather|Sandstorm|[upkeep]
|-damage|p1a: Mew|0 fnt|[from] Sandstorm
|faint|p1a: Mew
|upkeep
|
|t:|1664543990
|switch|p1a: Urshifu|Urshifu-Rapid-Strike, M|100/100
|turn|2
|
|t:|1664543995
|switch|p2a: Azumarill|Azumarill, F|100/100
|-damage|p2a: Azumarill|88/100|[from] Stealth Rock
|move|p1a: Urshifu|Close Combat|p2a: Azumarill
|-resisted|p2a: Azumarill
|-damage|p2a: Azumarill|59/100
|-unboost|p1a: Urshifu|def|1
|-unboost|p1a: Urshifu|spd|1
|
|-weather|Sandstorm|[upkeep]
|-damage|p1a: Urshifu|94/100|[from] Sandstorm
|-damage|p2a: Azumarill|53/100|[from] Sandstorm
|upkeep
|turn|3
|
|t:|1664544009
|move|p1a: Urshifu|U-turn|p2a: Azumarill
|-resisted|p2a: Azumarill
|-damage|p2a: Azumarill|42/100
|
|t:|1664544014
|switch|p1a: Kartana|Kartana|100/100|[from]move: U-turn
|move|p2a: Azumarill|Liquidation|p1a: Kartana
|-resisted|p1a: Kartana
|-damage|p1a: Kartana|72/100
|
|-weather|Sandstorm|[upkeep]
|-damage|p2a: Azumarill|36/100|[from] Sandstorm
|upkeep
|turn|4
|
|t:|1664544032
|switch|p2a: Kartana|Kartana|100/100
|-damage|p2a: Kartana|94/100|[from] Stealth Rock
|move|p1a: Kartana|Swords Dance|p1a: Kartana
|-boost|p1a: Kartana|atk|2
|
|-weather|Sandstorm|[upkeep]
|upkeep
|turn|5
|
|t:|1664544041
|move|p2a: Kartana|Sacred Sword|p1a: Kartana
|-supereffective|p1a: Kartana
|-damage|p1a: Kartana|0 fnt
|faint|p1a: Kartana
|-ability|p2a: Kartana|Beast Boost|boost
|-boost|p2a: Kartana|atk|1
|
|-weather|none
|upkeep
|
|t:|1664544049
|switch|p1a: Dragapult|Dragapult, M|100/100
|turn|6
|
|t:|1664544054
|switch|p2a: Tyranitar|Tyranitar, M|100/100
|-damage|p2a: Tyranitar|88/100|[from] Stealth Rock
|-weather|Sandstorm|[from] ability: Sand Stream|[of] p2a: Tyranitar
|move|p1a: Dragapult|Dragon Dance|p1a: Dragapult
|-boost|p1a: Dragapult|atk|1
|-boost|p1a: Dragapult|spe|1
|
|-weather|Sandstorm|[upkeep]
|-damage|p1a: Dragapult|95/100|[from] Sandstorm
|upkeep
|turn|7
|
|t:|1664544065
|move|p1a: Dragapult|Dragon Darts|p2a: Tyranitar
|-damage|p2a: Tyranitar|45/100
|-anim|p1a: Dragapult|Dragon Darts|p2a: Tyranitar
|-damage|p2a: Tyranitar|4/100
|-damage|p1a: Dragapult|85/100|[from] item: Life Orb
|move|p2a: Tyranitar|Crunch|p1a: Dragapult
|-supereffective|p1a: Dragapult
|-damage|p1a: Dragapult|0 fnt
|faint|p1a: Dragapult
|
|-weather|Sandstorm|[upkeep]
|upkeep
|
|t:|1664544078
|switch|p1a: Urshifu|Urshifu-Rapid-Strike, M|94/100
|turn|8
|
|t:|1664544083
|move|p1a: Urshifu|U-turn|p2a: Tyranitar
|-supereffective|p2a: Tyranitar
|-damage|p2a: Tyranitar|0 fnt
|faint|p2a: Tyranitar
|
|t:|1664544088
|switch|p1a: Nidoking|Nidoking, M|100/100|[from]move: U-turn
|
|-weather|Sandstorm|[upkeep]
|upkeep
|
|t:|1664544109
|switch|p2a: Rillaboom|Rillaboom, M|100/100
|-damage|p2a: Rillaboom|88/100|[from] Stealth Rock
|-fieldstart|move: Grassy Terrain|[from] ability: Grassy Surge|[of] p2a: Rillaboom
|turn|9
|j| nightsuwu
|
|t:|1664544114
|move|p2a: Rillaboom|Grassy Glide|p1a: Nidoking
|-damage|p1a: Nidoking|22/100
|move|p1a: Nidoking|Flamethrower|p2a: Rillaboom
|-supereffective|p2a: Rillaboom
|-crit|p2a: Rillaboom
|-damage|p2a: Rillaboom|0 fnt
|faint|p2a: Rillaboom
|
|-weather|Sandstorm|[upkeep]
|-heal|p1a: Nidoking|28/100|[from] Grassy Terrain
|upkeep
|-message|damorush forfeited.
|
|win|duanran
|raw|damorush's rating: 1630 &rarr; <strong>1612</strong><br />(-18 for losing)
|raw|duanran's rating: 1658 &rarr; <strong>1676</strong><br />(+18 for winning)
|l|☆damorush
|l|☆duanran
