|raw|<div class="broadcast-blue"><strong>This battle is required to be public due to a player having a name starting with 'lt83aq'.</div>
|j|☆LT83AQM
|j|☆Plasmeek
|t:|1626696921
|gametype|singles
|player|p1|LT83AQM|acetrainer-gen4dp|1861
|player|p2|Plasmeek|youngster-gen4dp|1870
|teamsize|p1|6
|teamsize|p2|6
|gen|8
|tier|[Gen 8] OU
|rated|
|rule|Sleep Clause Mod: Limit one foe put to sleep
|rule|Species Clause: Limit one of each Pokémon
|rule|OHKO Clause: OHKO moves are banned
|rule|Evasion Moves Clause: Evasion moves are banned
|rule|Endless Battle Clause: Forcing endless battles is banned
|rule|HP Percentage Mod: HP is shown in percentages
|rule|Dynamax Clause: You cannot dynamax
|clearpoke
|poke|p1|Kartana|
|poke|p1|Landorus-Therian, M|
|poke|p1|Rillaboom, F|
|poke|p1|Heatran, M|
|poke|p1|Tapu Lele|
|poke|p1|Urshifu-*, M|
|poke|p2|Bisharp, M|
|poke|p2|Garchomp, F|
|poke|p2|Aegislash, F|
|poke|p2|Dragapult, M|
|poke|p2|Urshifu-*, M|
|poke|p2|Rillaboom, M|
|teampreview
|j| Harshal~08
|j| koromo shiranui
|inactive|Battle timer is ON: inactive players will automatically lose when time's up. (requested by LT83AQM)
|
|t:|1626696940
|start
|switch|p1a: Tapu Lele|Tapu Lele|100/100
|switch|p2a: Dragapult|Dragapult, M|100/100
|-fieldstart|move: Psychic Terrain|[from] ability: Psychic Surge|[of] p1a: Tapu Lele
|turn|1
|
|t:|1626696949
|switch|p1a: Heatran|Heatran, M|100/100
|switch|p2a: Aegislash|Aegislash, F|100/100
|
|upkeep
|turn|2
|
|t:|1626696958
|switch|p2a: Garchomp|Garchomp, F|100/100
|move|p1a: Heatran|Earth Power|p2a: Garchomp
|-damage|p2a: Garchomp|78/100
|
|upkeep
|turn|3
|
|t:|1626696964
|switch|p1a: Landorus|Landorus-Therian, M|100/100
|-ability|p1a: Landorus|Intimidate|boost
|-unboost|p2a: Garchomp|atk|1
|move|p2a: Garchomp|Stealth Rock|p1a: Landorus
|-sidestart|p1: LT83AQM|move: Stealth Rock
|
|upkeep
|turn|4
|
|t:|1626696970
|switch|p2a: Urshifu|Urshifu-Rapid-Strike, M|100/100
|move|p1a: Landorus|Earthquake|p2a: Urshifu
|-damage|p2a: Urshifu|28/100
|
|upkeep
|turn|5
|
|t:|1626696980
|move|p2a: Urshifu|Close Combat|p1a: Landorus
|-resisted|p1a: Landorus
|-damage|p1a: Landorus|72/100
|-unboost|p2a: Urshifu|def|1
|-unboost|p2a: Urshifu|spd|1
|move|p1a: Landorus|Stealth Rock|p2a: Urshifu
|-sidestart|p2: Plasmeek|move: Stealth Rock
|
|-fieldend|move: Psychic Terrain
|upkeep
|turn|6
|j| MadVitoAlter
|j| Lt83AQ Yelo
|
|t:|1626697001
|switch|p1a: Kartana|Kartana|100/100
|-damage|p1a: Kartana|94/100|[from] Stealth Rock
|move|p2a: Urshifu|Ice Punch|p1a: Kartana
|-damage|p1a: Kartana|66/100
|
|upkeep
|turn|7
|j| clozap9
|
|t:|1626697013
|switch|p2a: Bisharp|Bisharp, M|100/100
|-damage|p2a: Bisharp|95/100|[from] Stealth Rock
|move|p1a: Kartana|Leaf Blade|p2a: Bisharp
|-resisted|p2a: Bisharp
|-crit|p2a: Bisharp
|-damage|p2a: Bisharp|5/100
|
|upkeep
|turn|8
|j| LT83AQ V95
|
|t:|1626697021
|move|p1a: Kartana|Leaf Blade|p2a: Bisharp
|-resisted|p2a: Bisharp
|-damage|p2a: Bisharp|0 fnt
|faint|p2a: Bisharp
|-ability|p1a: Kartana|Beast Boost|boost
|-boost|p1a: Kartana|atk|1
|
|upkeep
|
|t:|1626697027
|switch|p2a: Dragapult|Dragapult, M|100/100
|-damage|p2a: Dragapult|88/100|[from] Stealth Rock
|turn|9
|
|t:|1626697032
|switch|p1a: Heatran|Heatran, M|100/100
|-damage|p1a: Heatran|88/100|[from] Stealth Rock
|move|p2a: Dragapult|Shadow Ball|p1a: Heatran
|-damage|p1a: Heatran|54/100
|
|-heal|p1a: Heatran|61/100|[from] item: Leftovers
|upkeep
|turn|10
|
|t:|1626697036
|move|p2a: Dragapult|Shadow Ball|p1a: Heatran
|-damage|p1a: Heatran|26/100
|move|p1a: Heatran|Toxic|p2a: Dragapult
|-status|p2a: Dragapult|tox
|
|-heal|p1a: Heatran|32/100|[from] item: Leftovers
|-damage|p2a: Dragapult|82/100 tox|[from] psn
|upkeep
|turn|11
|
|t:|1626697040
|move|p1a: Heatran|Protect|p1a: Heatran
|-singleturn|p1a: Heatran|Protect
|move|p2a: Dragapult|Shadow Ball|p1a: Heatran
|-activate|p1a: Heatran|move: Protect
|
|-heal|p1a: Heatran|38/100|[from] item: Leftovers
|-damage|p2a: Dragapult|70/100 tox|[from] psn
|upkeep
|turn|12
|
|t:|1626697043
|move|p2a: Dragapult|Shadow Ball|p1a: Heatran
|-damage|p1a: Heatran|4/100
|move|p1a: Heatran|Earth Power|p2a: Dragapult
|-damage|p2a: Dragapult|33/100 tox
|
|-heal|p1a: Heatran|11/100|[from] item: Leftovers
|-damage|p2a: Dragapult|15/100 tox|[from] psn
|upkeep
|turn|13
|
|t:|1626697052
|switch|p2a: Garchomp|Garchomp, F|78/100
|-damage|p2a: Garchomp|71/100|[from] Stealth Rock
|move|p1a: Heatran|Earth Power|p2a: Garchomp
|-damage|p2a: Garchomp|47/100
|
|-heal|p1a: Heatran|17/100|[from] item: Leftovers
|upkeep
|turn|14
|
|t:|1626697062
|switch|p2a: Urshifu|Urshifu-Rapid-Strike, M|28/100
|-damage|p2a: Urshifu|22/100|[from] Stealth Rock
|move|p1a: Heatran|Protect||[still]
|-fail|p1a: Heatran
|
|-heal|p1a: Heatran|23/100|[from] item: Leftovers
|upkeep
|turn|15
|
|t:|1626697068
|move|p2a: Urshifu|Close Combat|p1a: Heatran
|-supereffective|p1a: Heatran
|-damage|p1a: Heatran|0 fnt
|-unboost|p2a: Urshifu|def|1
|-unboost|p2a: Urshifu|spd|1
|faint|p1a: Heatran
|
|upkeep
|
|t:|1626697075
|switch|p1a: Kartana|Kartana|66/100
|-damage|p1a: Kartana|60/100|[from] Stealth Rock
|turn|16
|
|t:|1626697088
|switch|p2a: Aegislash|Aegislash, F|100/100
|-damage|p2a: Aegislash|94/100|[from] Stealth Rock
|move|p1a: Kartana|Leaf Blade|p2a: Aegislash
|-resisted|p2a: Aegislash
|-crit|p2a: Aegislash
|-damage|p2a: Aegislash|24/100
|
|upkeep
|turn|17
|-message|Plasmeek forfeited.
|
|win|LT83AQM
|raw|LT83AQM's rating: 1840 &rarr; <strong>1862</strong><br />(+22 for winning)
|raw|Plasmeek's rating: 1870 &rarr; <strong>1848</strong><br />(-22 for losing)
|l|☆Plasmeek
|l|☆LT83AQM
|l| Harshal~08
|l| clozap9
|l| LT83AQ V95
|j| Heat in the jungle
|j| Churielix
|l| Heat in the jungle
|l| Churielix
|j| LT83AQ Mario34
|l| MadVitoAlter
|l| LT83AQ Mario34
|l| Lt83AQ Yelo
|j| LT83AQ Sago
|j| Fantos13
|l| Fantos13
|j| LT83AQ zr
|l| LT83AQ zr
