|j|‽ghecisbestvillain
|j|☆Pok et glace
|t:|1663489817
|gametype|singles
|player|p1|ghecisbestvillain|scientist-gen4|1917
|player|p2|Pok et glace|cynthia-masters|1828
|teamsize|p1|6
|teamsize|p2|6
|gen|8
|tier|[Gen 8] OU
|rated|
|rule|Sleep Clause Mod: Limit one foe put to sleep
|rule|Species Clause: Limit one of each Pokémon
|rule|OHKO Clause: OHKO moves are banned
|rule|Evasion Items Clause: Evasion items are banned
|rule|Evasion Moves Clause: Evasion moves are banned
|rule|Endless Battle Clause: Forcing endless battles is banned
|rule|HP Percentage Mod: HP is shown in percentages
|rule|Dynamax Clause: You cannot dynamax
|clearpoke
|poke|p1|Chansey, F|
|poke|p1|Quagsire, M|
|poke|p1|Corviknight, M|
|poke|p1|Toxapex, M|
|poke|p1|Buzzwole|
|poke|p1|Tyranitar, M|
|poke|p2|Mew|
|poke|p2|Crawdaunt, F|
|poke|p2|Celesteela|
|poke|p2|Garchomp, F|
|poke|p2|Weavile, F|
|poke|p2|Blacephalon|
|teampreview
|c|☆Pok et glace|hf
|inactive|Battle timer is ON: inactive players will automatically lose when time's up. (requested by ghecisbestvillain)
|
|t:|1663489844
|start
|switch|p1a: Tyranitar|Tyranitar, M|100/100
|switch|p2a: Sperm thing|Mew|100/100
|-weather|Sandstorm|[from] ability: Sand Stream|[of] p1a: Tyranitar
|turn|1
|
|t:|1663489855
|switch|p1a: Corviknight|Corviknight, M|100/100
|-ability|p1a: Corviknight|Pressure
|move|p2a: Sperm thing|Stealth Rock|p1a: Corviknight
|-sidestart|p1: ghecisbestvillain|move: Stealth Rock
|
|-weather|Sandstorm|[upkeep]
|-damage|p2a: Sperm thing|94/100|[from] Sandstorm
|upkeep
|turn|2
|
|t:|1663489864
|switch|p1a: Tyranitar|Tyranitar, M|100/100
|-damage|p1a: Tyranitar|88/100|[from] Stealth Rock
|move|p2a: Sperm thing|Taunt|p1a: Tyranitar
|-start|p1a: Tyranitar|move: Taunt
|
|-weather|Sandstorm|[upkeep]
|-damage|p2a: Sperm thing|88/100|[from] Sandstorm
|upkeep
|turn|3
|
|t:|1663489872
|move|p2a: Sperm thing|Spikes|p1a: Tyranitar
|-sidestart|p1: ghecisbestvillain|Spikes
|move|p1a: Tyranitar|Crunch|p2a: Sperm thing
|-supereffective|p2a: Sperm thing
|-enditem|p2a: Sperm thing|Colbur Berry|[eat]
|-enditem|p2a: Sperm thing|Colbur Berry|[weaken]
|-damage|p2a: Sperm thing|44/100
|-damage|p1a: Tyranitar|78/100|[from] item: Life Orb
|
|-weather|Sandstorm|[upkeep]
|-damage|p2a: Sperm thing|38/100|[from] Sandstorm
|upkeep
|turn|4
|
|t:|1663489881
|move|p2a: Sperm thing|Spikes|p1a: Tyranitar
|-sidestart|p1: ghecisbestvillain|Spikes
|move|p1a: Tyranitar|Crunch|p2a: Sperm thing
|-supereffective|p2a: Sperm thing
|-damage|p2a: Sperm thing|0 fnt
|faint|p2a: Sperm thing
|-damage|p1a: Tyranitar|69/100|[from] item: Life Orb
|
|-weather|Sandstorm|[upkeep]
|-end|p1a: Tyranitar|move: Taunt
|upkeep
|
|t:|1663489886
|switch|p2a: Jaw|Crawdaunt, F|100/100
|turn|5
|
|t:|1663489893
|switch|p1a: Buzzwole|Buzzwole|100/100
|move|p2a: Jaw|Crabhammer|p1a: Buzzwole|[miss]
|-miss|p2a: Jaw|p1a: Buzzwole
|
|-weather|none
|upkeep
|turn|6
|
|t:|1663489909
|switch|p2a: Blacephalon|Blacephalon|100/100
|move|p1a: Buzzwole|Leech Life|p2a: Blacephalon
|-resisted|p2a: Blacephalon
|-damage|p2a: Blacephalon|79/100
|
|upkeep
|turn|7
|
|t:|1663489916
|switch|p1a: Tyranitar|Tyranitar, M|69/100
|-damage|p1a: Tyranitar|56/100|[from] Stealth Rock
|-damage|p1a: Tyranitar|40/100|[from] Spikes
|-weather|Sandstorm|[from] ability: Sand Stream|[of] p1a: Tyranitar
|move|p2a: Blacephalon|Trick|p1a: Tyranitar
|-activate|p2a: Blacephalon|move: Trick|[of] p1a: Tyranitar
|-item|p1a: Tyranitar|Choice Scarf|[from] move: Trick
|-item|p2a: Blacephalon|Life Orb|[from] move: Trick
|
|-weather|Sandstorm|[upkeep]
|-damage|p2a: Blacephalon|73/100|[from] Sandstorm
|upkeep
|turn|8
|
|t:|1663489927
|switch|p2a: Bod|Celesteela|100/100
|move|p1a: Tyranitar|Rest|p1a: Tyranitar
|-status|p1a: Tyranitar|slp|[from] move: Rest
|-heal|p1a: Tyranitar|100/100 slp|[silent]
|
|-weather|Sandstorm|[upkeep]
|upkeep
|turn|9
|
|t:|1663489935
|switch|p1a: Corviknight|Corviknight, M|100/100
|-damage|p1a: Corviknight|88/100|[from] Stealth Rock
|-ability|p1a: Corviknight|Pressure
|move|p2a: Bod|Meteor Beam||[still]
|-prepare|p2a: Bod|Meteor Beam
|-boost|p2a: Bod|spa|1
|-enditem|p2a: Bod|Power Herb
|-anim|p2a: Bod|Meteor Beam|p1a: Corviknight
|-damage|p1a: Corviknight|28/100
|
|-weather|Sandstorm|[upkeep]
|-heal|p1a: Corviknight|34/100|[from] item: Leftovers
|upkeep
|turn|10
|
|t:|1663489948
|switch|p1a: Chansey|Chansey, F|100/100
|-damage|p1a: Chansey|88/100|[from] Stealth Rock
|-damage|p1a: Chansey|71/100|[from] Spikes
|move|p2a: Bod|Fire Blast|p1a: Chansey
|-damage|p1a: Chansey|56/100
|
|-weather|Sandstorm|[upkeep]
|-damage|p1a: Chansey|50/100|[from] Sandstorm
|upkeep
|turn|11
|
|t:|1663489957
|move|p2a: Bod|Air Slash|p1a: Chansey
|-damage|p1a: Chansey|36/100
|move|p1a: Chansey|Soft-Boiled|p1a: Chansey
|-heal|p1a: Chansey|86/100
|
|-weather|none
|upkeep
|turn|12
|
|t:|1663489964
|switch|p2a: Blacephalon|Blacephalon|73/100
|move|p1a: Chansey|Seismic Toss|p2a: Blacephalon
|-immune|p2a: Blacephalon
|
|upkeep
|turn|13
|
|t:|1663489970
|move|p2a: Blacephalon|Taunt|p1a: Chansey
|-start|p1a: Chansey|move: Taunt
|cant|p1a: Chansey|move: Taunt|Aromatherapy
|
|upkeep
|turn|14
|
|t:|1663489979
|switch|p2a: Jaw|Crawdaunt, F|100/100
|switch|p1a: Toxapex|Toxapex, M|100/100
|-damage|p1a: Toxapex|88/100|[from] Stealth Rock
|-damage|p1a: Toxapex|72/100|[from] Spikes
|
|upkeep
|turn|15
|
|t:|1663489988
|switch|p1a: Buzzwole|Buzzwole|100/100
|move|p2a: Jaw|Knock Off|p1a: Buzzwole
|-resisted|p1a: Buzzwole
|-damage|p1a: Buzzwole|80/100
|-enditem|p1a: Buzzwole|Heavy-Duty Boots|[from] move: Knock Off|[of] p2a: Jaw
|-damage|p2a: Jaw|91/100|[from] item: Life Orb
|
|upkeep
|turn|16
|
|t:|1663490004
|switch|p2a: Bod|Celesteela|100/100
|move|p1a: Buzzwole|Leech Life|p2a: Bod
|-resisted|p2a: Bod
|-damage|p2a: Bod|91/100
|-heal|p1a: Buzzwole|84/100|[from] drain|[of] p2a: Bod
|
|upkeep
|turn|17
|
|t:|1663490017
|switch|p2a: Jaw|Crawdaunt, F|91/100
|switch|p1a: Chansey|Chansey, F|86/100
|-damage|p1a: Chansey|73/100|[from] Stealth Rock
|-damage|p1a: Chansey|57/100|[from] Spikes
|
|upkeep
|turn|18
|
|t:|1663490030
|switch|p1a: Buzzwole|Buzzwole|84/100
|-damage|p1a: Buzzwole|72/100|[from] Stealth Rock
|-damage|p1a: Buzzwole|55/100|[from] Spikes
|move|p2a: Jaw|Crabhammer|p1a: Buzzwole
|-damage|p1a: Buzzwole|14/100
|-damage|p2a: Jaw|81/100|[from] item: Life Orb
|
|upkeep
|turn|19
|
|t:|1663490039
|move|p2a: Jaw|Aqua Jet|p1a: Buzzwole
|-damage|p1a: Buzzwole|0 fnt
|faint|p1a: Buzzwole
|-damage|p2a: Jaw|71/100|[from] item: Life Orb
|
|upkeep
|j| ggrggh
|
|t:|1663490046
|switch|p1a: Toxapex|Toxapex, M|100/100
|-damage|p1a: Toxapex|88/100|[from] Stealth Rock
|-damage|p1a: Toxapex|72/100|[from] Spikes
|turn|20
|l|☆Pok et glace
|inactive|Pok et glace disconnected and has a minute to reconnect!
|player|p2|
|j|☆Pok et glace
|inactive|Pok et glace reconnected and has 140 seconds left.
|player|p2|Pok et glace|cynthia-masters
|
|t:|1663490062
|move|p2a: Jaw|Swords Dance|p2a: Jaw
|-boost|p2a: Jaw|atk|2
|move|p1a: Toxapex|Scald|p2a: Jaw
|-resisted|p2a: Jaw
|-damage|p2a: Jaw|55/100
|-status|p2a: Jaw|brn
|
|-damage|p2a: Jaw|49/100 brn|[from] brn
|upkeep
|turn|21
|
|t:|1663490074
|switch|p1a: Quagsire|Quagsire, M|100/100
|-damage|p1a: Quagsire|94/100|[from] Stealth Rock
|-damage|p1a: Quagsire|78/100|[from] Spikes
|move|p2a: Jaw|Knock Off|p1a: Quagsire
|-damage|p1a: Quagsire|48/100
|-enditem|p1a: Quagsire|Leftovers|[from] move: Knock Off|[of] p2a: Jaw
|-damage|p2a: Jaw|39/100 brn|[from] item: Life Orb
|
|-damage|p2a: Jaw|33/100 brn|[from] brn
|upkeep
|turn|22
|
|t:|1663490085
|switch|p2a: Bod|Celesteela|91/100
|move|p1a: Quagsire|Recover|p1a: Quagsire
|-heal|p1a: Quagsire|98/100
|
|upkeep
|turn|23
|
|t:|1663490094
|move|p2a: Bod|Air Slash|p1a: Quagsire
|-damage|p1a: Quagsire|49/100
|cant|p1a: Quagsire|flinch
|
|upkeep
|turn|24
|
|t:|1663490098
|move|p2a: Bod|Air Slash|p1a: Quagsire
|-damage|p1a: Quagsire|5/100
|move|p1a: Quagsire|Recover|p1a: Quagsire
|-heal|p1a: Quagsire|55/100
|
|upkeep
|turn|25
|
|t:|1663490103
|move|p2a: Bod|Air Slash|p1a: Quagsire
|-crit|p1a: Quagsire
|-damage|p1a: Quagsire|0 fnt
|faint|p1a: Quagsire
|-ability|p2a: Bod|Beast Boost|boost
|-boost|p2a: Bod|spa|1
|
|upkeep
|c|☆Pok et glace|lol
|
|t:|1663490110
|switch|p1a: Chansey|Chansey, F|57/100
|-damage|p1a: Chansey|44/100|[from] Stealth Rock
|-damage|p1a: Chansey|28/100|[from] Spikes
|turn|26
|c|☆Pok et glace|nice
|
|t:|1663490116
|move|p2a: Bod|Air Slash|p1a: Chansey
|-damage|p1a: Chansey|14/100
|move|p1a: Chansey|Soft-Boiled|p1a: Chansey
|-heal|p1a: Chansey|64/100
|
|upkeep
|turn|27
|j| keife
|
|t:|1663490120
|switch|p2a: Jaw|Crawdaunt, F|33/100 brn
|move|p1a: Chansey|Soft-Boiled|p1a: Chansey
|-heal|p1a: Chansey|100/100
|
|-damage|p2a: Jaw|27/100 brn|[from] brn
|upkeep
|turn|28
|l| keife
|
|t:|1663490141
|switch|p1a: Toxapex|Toxapex, M|100/100
|-damage|p1a: Toxapex|88/100|[from] Stealth Rock
|-damage|p1a: Toxapex|72/100|[from] Spikes
|move|p2a: Jaw|Knock Off|p1a: Toxapex
|-damage|p1a: Toxapex|43/100
|-damage|p2a: Jaw|11/100 brn|[from] item: Rocky Helmet|[of] p1a: Toxapex
|-enditem|p1a: Toxapex|Rocky Helmet|[from] move: Knock Off|[of] p2a: Jaw
|-damage|p2a: Jaw|1/100 brn|[from] item: Life Orb
|
|-damage|p2a: Jaw|0 fnt|[from] brn
|faint|p2a: Jaw
|upkeep
|
|t:|1663490148
|switch|p2a: Garchomp|Garchomp, F|100/100
|turn|29
|
|t:|1663490156
|switch|p1a: Corviknight|Corviknight, M|34/100
|-damage|p1a: Corviknight|22/100|[from] Stealth Rock
|-ability|p1a: Corviknight|Pressure
|move|p2a: Garchomp|Swords Dance|p2a: Garchomp
|-boost|p2a: Garchomp|atk|2
|
|-heal|p1a: Corviknight|28/100|[from] item: Leftovers
|upkeep
|turn|30
|
|t:|1663490165
|move|p2a: Garchomp|Aqua Tail|p1a: Corviknight|[miss]
|-miss|p2a: Garchomp|p1a: Corviknight
|move|p1a: Corviknight|Roost|p1a: Corviknight
|-heal|p1a: Corviknight|78/100
|-singleturn|p1a: Corviknight|move: Roost
|
|-heal|p1a: Corviknight|84/100|[from] item: Leftovers
|upkeep
|turn|31
|
|t:|1663490173
|switch|p2a: Bod|Celesteela|91/100
|move|p1a: Corviknight|Iron Defense|p1a: Corviknight
|-boost|p1a: Corviknight|def|2
|
|-heal|p1a: Corviknight|91/100|[from] item: Leftovers
|upkeep
|turn|32
|
|t:|1663490181
|move|p2a: Bod|Fire Blast|p1a: Corviknight
|-supereffective|p1a: Corviknight
|-damage|p1a: Corviknight|17/100
|move|p1a: Corviknight|Roost|p1a: Corviknight
|-heal|p1a: Corviknight|67/100
|-singleturn|p1a: Corviknight|move: Roost
|
|-heal|p1a: Corviknight|73/100|[from] item: Leftovers
|upkeep
|turn|33
|
|t:|1663490194
|switch|p2a: Hair|Weavile, F|100/100
|switch|p1a: Chansey|Chansey, F|100/100
|-damage|p1a: Chansey|88/100|[from] Stealth Rock
|-damage|p1a: Chansey|71/100|[from] Spikes
|
|upkeep
|turn|34
|
|t:|1663490202
|move|p2a: Hair|Swords Dance|p2a: Hair
|-boost|p2a: Hair|atk|2
|move|p1a: Chansey|Stealth Rock|p2a: Hair
|-sidestart|p2: Pok et glace|move: Stealth Rock
|
|upkeep
|turn|35
|
|t:|1663490209
|switch|p1a: Toxapex|Toxapex, M|76/100
|-damage|p1a: Toxapex|64/100|[from] Stealth Rock
|-damage|p1a: Toxapex|48/100|[from] Spikes
|move|p2a: Hair|Swords Dance|p2a: Hair
|-boost|p2a: Hair|atk|2
|
|upkeep
|turn|36
|
|t:|1663490216
|move|p2a: Hair|Knock Off|p1a: Toxapex
|-damage|p1a: Toxapex|0 fnt
|faint|p1a: Toxapex
|-damage|p2a: Hair|91/100|[from] item: Life Orb
|
|upkeep
|
|t:|1663490222
|switch|p1a: Corviknight|Corviknight, M|73/100
|-damage|p1a: Corviknight|61/100|[from] Stealth Rock
|-ability|p1a: Corviknight|Pressure
|turn|37
|-message|ghecisbestvillain forfeited.
|
|win|Pok et glace
|raw|ghecisbestvillain's rating: 1917 &rarr; <strong>1892</strong><br />(-25 for losing)
|raw|Pok et glace's rating: 1828 &rarr; <strong>1853</strong><br />(+25 for winning)
|l|‽ghecisbestvillain
