|raw|<div class="broadcast-blue"><strong>This battle is required to be public due to a player having a name starting with 'btlt200'.</div>
|j|☆BTLT200$ SF'
|j|☆Hostile Takeovers
|t:|1667819809
|gametype|singles
|player|p1|BTLT200$ SF'|palmer|1686
|player|p2|Hostile Takeovers|giovanni-gen3|1846
|teamsize|p1|6
|teamsize|p2|6
|gen|8
|tier|[Gen 8] OU
|rated|
|rule|Sleep Clause Mod: Limit one foe put to sleep
|rule|Species Clause: Limit one of each Pokémon
|rule|OHKO Clause: OHKO moves are banned
|rule|Evasion Items Clause: Evasion items are banned
|rule|Evasion Moves Clause: Evasion moves are banned
|rule|Endless Battle Clause: Forcing endless battles is banned
|rule|HP Percentage Mod: HP is shown in percentages
|rule|Dynamax Clause: You cannot dynamax
|clearpoke
|poke|p1|Corviknight, M|
|poke|p1|Tornadus-Therian, M|
|poke|p1|Toxapex, M|
|poke|p1|Clefable, M|
|poke|p1|Hippowdon, M|
|poke|p1|Heatran, F|
|poke|p2|Tapu Lele|
|poke|p2|Ferrothorn, M|
|poke|p2|Rotom-Wash|
|poke|p2|Mandibuzz, F|
|poke|p2|Garchomp, F|
|poke|p2|Slowking-Galar, M|
|teampreview
|inactive|Battle timer is ON: inactive players will automatically lose when time's up. (requested by Hostile Takeovers)
|inactive|BTLT200$ SF' also wants the timer to be on.
|j| Ctannn
|
|t:|1667819822
|start
|switch|p1a: Tornadus|Tornadus-Therian, M|100/100
|switch|p2a: Rotom|Rotom-Wash|100/100
|turn|1
|
|t:|1667819845
|move|p1a: Tornadus|Toxic|p2a: Rotom
|-status|p2a: Rotom|tox
|move|p2a: Rotom|Volt Switch|p1a: Tornadus
|-supereffective|p1a: Tornadus
|-damage|p1a: Tornadus|49/100
|
|t:|1667819852
|switch|p2a: Slowking|Slowking-Galar, M|100/100|[from]move: Volt Switch
|
|upkeep
|turn|2
|j| sam1903
|
|t:|1667819866
|switch|p1a: Toxapex|Toxapex, M|100/100
|move|p2a: Slowking|Trick|p1a: Toxapex
|-activate|p2a: Slowking|move: Trick|[of] p1a: Toxapex
|-item|p1a: Toxapex|Black Sludge|[from] move: Trick
|-item|p2a: Slowking|Shed Shell|[from] move: Trick
|
|upkeep
|turn|3
|j| BTLT200$ Arkhan
|
|t:|1667819873
|move|p2a: Slowking|Nasty Plot|p2a: Slowking
|-boost|p2a: Slowking|spa|2
|move|p1a: Toxapex|Light Screen|p1a: Toxapex
|-sidestart|p1: BTLT200$ SF'|move: Light Screen
|
|upkeep
|turn|4
|
|t:|1667819879
|switch|p1a: Hippowdon|Hippowdon, M|100/100
|-weather|Sandstorm|[from] ability: Sand Stream|[of] p1a: Hippowdon
|move|p2a: Slowking|Trick|p1a: Hippowdon
|-activate|p2a: Slowking|move: Trick|[of] p1a: Hippowdon
|-item|p1a: Hippowdon|Shed Shell|[from] move: Trick
|-item|p2a: Slowking|Leftovers|[from] move: Trick
|
|-weather|Sandstorm|[upkeep]
|-damage|p2a: Slowking|94/100|[from] Sandstorm
|-heal|p2a: Slowking|100/100|[from] item: Leftovers
|upkeep
|turn|5
|j| BTLT200$ Power
|
|t:|1667819891
|move|p1a: Hippowdon|Earthquake|p2a: Slowking
|-supereffective|p2a: Slowking
|-damage|p2a: Slowking|40/100
|move|p2a: Slowking|Sludge Bomb|p1a: Hippowdon
|-resisted|p1a: Hippowdon
|-damage|p1a: Hippowdon|88/100
|
|-weather|Sandstorm|[upkeep]
|-damage|p2a: Slowking|34/100|[from] Sandstorm
|-heal|p2a: Slowking|40/100|[from] item: Leftovers
|upkeep
|turn|6
|
|t:|1667819901
|switch|p2a: Ferrothorn|Ferrothorn, M|100/100
|move|p1a: Hippowdon|Stealth Rock|p2a: Ferrothorn
|-sidestart|p2: Hostile Takeovers|move: Stealth Rock
|
|-weather|Sandstorm|[upkeep]
|upkeep
|turn|7
|
|t:|1667819909
|switch|p1a: Corviknight|Corviknight, M|100/100
|-ability|p1a: Corviknight|Pressure
|move|p2a: Ferrothorn|Spikes|p1a: Corviknight
|-sidestart|p1: BTLT200$ SF'|Spikes
|
|-weather|Sandstorm|[upkeep]
|-sideend|p1: BTLT200$ SF'|move: Light Screen
|upkeep
|turn|8
|
|t:|1667819915
|move|p1a: Corviknight|Defog|p2a: Ferrothorn
|-unboost|p2a: Ferrothorn|evasion|1
|-sideend|p2: Hostile Takeovers|Stealth Rock|[from] move: Defog|[of] p1a: Corviknight
|-sideend|p1: BTLT200$ SF'|Spikes|[from] move: Defog|[of] p1a: Corviknight
|move|p2a: Ferrothorn|Leech Seed|p1a: Corviknight
|-start|p1a: Corviknight|move: Leech Seed
|
|-weather|none
|-damage|p1a: Corviknight|88/100|[from] Leech Seed|[of] p2a: Ferrothorn
|upkeep
|turn|9
|
|t:|1667819922
|switch|p1a: Tornadus|Tornadus-Therian, M|82/100
|move|p2a: Ferrothorn|Spikes|p1a: Tornadus
|-sidestart|p1: BTLT200$ SF'|Spikes
|
|upkeep
|turn|10
|
|t:|1667819946
|switch|p2a: Rotom|Rotom-Wash|100/100 tox
|move|p1a: Tornadus|Defog|p2a: Rotom
|-unboost|p2a: Rotom|evasion|1
|-sideend|p1: BTLT200$ SF'|Spikes|[from] move: Defog|[of] p1a: Tornadus
|
|-damage|p2a: Rotom|95/100 tox|[from] psn
|upkeep
|turn|11
|
|t:|1667819954
|switch|p1a: Toxapex|Toxapex, M|100/100
|move|p2a: Rotom|Volt Switch|p1a: Toxapex
|-supereffective|p1a: Toxapex
|-damage|p1a: Toxapex|65/100
|
|t:|1667819959
|switch|p2a: Garchomp|Garchomp, F|100/100|[from]move: Volt Switch
|
|-heal|p1a: Toxapex|71/100|[from] item: Black Sludge
|upkeep
|turn|12
|
|t:|1667819968
|switch|p1a: Corviknight|Corviknight, M|88/100
|-ability|p1a: Corviknight|Pressure
|move|p2a: Garchomp|Stealth Rock|p1a: Corviknight
|-sidestart|p1: BTLT200$ SF'|move: Stealth Rock
|
|-heal|p1a: Corviknight|94/100|[from] item: Leftovers
|upkeep
|turn|13
|
|t:|1667819992
|move|p2a: Garchomp|Flamethrower|p1a: Corviknight
|-supereffective|p1a: Corviknight
|-damage|p1a: Corviknight|66/100
|move|p1a: Corviknight|Defog|p2a: Garchomp
|-unboost|p2a: Garchomp|evasion|1
|-sideend|p1: BTLT200$ SF'|Stealth Rock|[from] move: Defog|[of] p1a: Corviknight
|
|-heal|p1a: Corviknight|72/100|[from] item: Leftovers
|upkeep
|turn|14
|
|t:|1667820000
|switch|p2a: Ferrothorn|Ferrothorn, M|100/100
|move|p1a: Corviknight|Roost|p1a: Corviknight
|-heal|p1a: Corviknight|100/100
|-singleturn|p1a: Corviknight|move: Roost
|
|upkeep
|turn|15
|
|t:|1667820023
|switch|p1a: Tornadus|Tornadus-Therian, M|100/100
|move|p2a: Ferrothorn|Knock Off|p1a: Tornadus
|-damage|p1a: Tornadus|80/100
|-damage|p2a: Ferrothorn|84/100|[from] item: Rocky Helmet|[of] p1a: Tornadus
|-enditem|p1a: Tornadus|Rocky Helmet|[from] move: Knock Off|[of] p2a: Ferrothorn
|
|upkeep
|turn|16
|
|t:|1667820030
|switch|p2a: Rotom|Rotom-Wash|95/100 tox
|move|p1a: Tornadus|Knock Off|p2a: Rotom
|-damage|p2a: Rotom|73/100 tox
|-enditem|p2a: Rotom|Leftovers|[from] move: Knock Off|[of] p1a: Tornadus
|
|-damage|p2a: Rotom|67/100 tox|[from] psn
|upkeep
|turn|17
|j| Ran Kob
|
|t:|1667820039
|switch|p1a: Toxapex|Toxapex, M|100/100
|move|p2a: Rotom|Volt Switch|p1a: Toxapex
|-supereffective|p1a: Toxapex
|-crit|p1a: Toxapex
|-damage|p1a: Toxapex|52/100
|
|t:|1667820050
|switch|p2a: Tapu Lele|Tapu Lele, shiny|100/100|[from]move: Volt Switch
|-fieldstart|move: Psychic Terrain|[from] ability: Psychic Surge|[of] p2a: Tapu Lele
|
|-heal|p1a: Toxapex|59/100|[from] item: Black Sludge
|upkeep
|turn|18
|inactive|BTLT200$ SF' has 120 seconds left.
|
|t:|1667820091
|switch|p2a: Slowking|Slowking-Galar, M|73/100
|switch|p1a: Corviknight|Corviknight, M|100/100
|-ability|p1a: Corviknight|Pressure
|
|-heal|p2a: Slowking|79/100|[from] item: Leftovers
|upkeep
|turn|19
|
|t:|1667820099
|move|p1a: Corviknight|U-turn|p2a: Slowking
|-damage|p2a: Slowking|69/100
|inactive|BTLT200$ SF' has 120 seconds left.
|
|t:|1667820112
|switch|p1a: Toxapex|Toxapex, M|92/100|[from]move: U-turn
|move|p2a: Slowking|Nasty Plot|p2a: Slowking
|-boost|p2a: Slowking|spa|2
|
|-heal|p2a: Slowking|75/100|[from] item: Leftovers
|-heal|p1a: Toxapex|98/100|[from] item: Black Sludge
|upkeep
|turn|20
|j| nightsuqi
|inactive|BTLT200$ SF' has 120 seconds left.
|
|t:|1667820124
|switch|p1a: Heatran|Heatran, F|100/100
|-item|p1a: Heatran|Air Balloon
|move|p2a: Slowking|Psychic|p1a: Heatran
|-resisted|p1a: Heatran
|-damage|p1a: Heatran|72/100
|-enditem|p1a: Heatran|Air Balloon
|
|-heal|p2a: Slowking|81/100|[from] item: Leftovers
|upkeep
|turn|21
|
|t:|1667820134
|switch|p2a: Garchomp|Garchomp, F|100/100
|move|p1a: Heatran|Magma Storm|p2a: Garchomp
|-resisted|p2a: Garchomp
|-damage|p2a: Garchomp|85/100
|-activate|p2a: Garchomp|move: Magma Storm|[of] p1a: Heatran
|
|-heal|p2a: Garchomp|92/100|[from] item: Leftovers
|-damage|p2a: Garchomp|79/100|[from] move: Magma Storm|[partiallytrapped]
|-fieldend|move: Psychic Terrain
|upkeep
|turn|22
|inactive|BTLT200$ SF' has 120 seconds left.
|l| nightsuqi
|j| nightsuqi
|
|t:|1667820178
|switch|p1a: Tornadus|Tornadus-Therian, M|100/100
|move|p2a: Garchomp|Stealth Rock|p1a: Tornadus
|-sidestart|p1: BTLT200$ SF'|move: Stealth Rock
|
|-heal|p2a: Garchomp|85/100|[from] item: Leftovers
|-end|p2a: Garchomp|Magma Storm|[partiallytrapped]|[silent]
|upkeep
|turn|23
|
|t:|1667820188
|move|p1a: Tornadus|Defog|p2a: Garchomp
|-unboost|p2a: Garchomp|evasion|1
|-sideend|p1: BTLT200$ SF'|Stealth Rock|[from] move: Defog|[of] p1a: Tornadus
|move|p2a: Garchomp|Toxic|p1a: Tornadus
|-status|p1a: Tornadus|tox
|
|-heal|p2a: Garchomp|92/100|[from] item: Leftovers
|-damage|p1a: Tornadus|94/100 tox|[from] psn
|upkeep
|turn|24
|l| BTLT200$ Arkhan
|
|t:|1667820208
|switch|p2a: Rotom|Rotom-Wash|67/100 tox
|move|p1a: Tornadus|Knock Off|p2a: Rotom
|-damage|p2a: Rotom|54/100 tox
|
|-damage|p1a: Tornadus|82/100 tox|[from] psn
|-damage|p2a: Rotom|48/100 tox|[from] psn
|upkeep
|turn|25
|
|t:|1667820215
|switch|p1a: Toxapex|Toxapex, M|100/100
|move|p2a: Rotom|Pain Split|p1a: Toxapex
|-sethp|p1a: Toxapex|74/100|[from] move: Pain Split|[silent]
|-sethp|p2a: Rotom|74/100 tox|[from] move: Pain Split
|
|-heal|p1a: Toxapex|80/100|[from] item: Black Sludge
|-damage|p2a: Rotom|63/100 tox|[from] psn
|upkeep
|turn|26
|
|t:|1667820240
|move|p2a: Rotom|Volt Switch|p1a: Toxapex
|-supereffective|p1a: Toxapex
|-damage|p1a: Toxapex|48/100
|
|t:|1667820243
|switch|p2a: Slowking|Slowking-Galar, M|100/100|[from]move: Volt Switch
|move|p1a: Toxapex|Light Screen|p1a: Toxapex
|-sidestart|p1: BTLT200$ SF'|move: Light Screen
|
|-heal|p1a: Toxapex|54/100|[from] item: Black Sludge
|upkeep
|turn|27
|
|t:|1667820253
|switch|p1a: Hippowdon|Hippowdon, M|88/100
|-weather|Sandstorm|[from] ability: Sand Stream|[of] p1a: Hippowdon
|move|p2a: Slowking|Nasty Plot|p2a: Slowking
|-boost|p2a: Slowking|spa|2
|
|-weather|Sandstorm|[upkeep]
|-damage|p2a: Slowking|94/100|[from] Sandstorm
|-heal|p2a: Slowking|100/100|[from] item: Leftovers
|upkeep
|turn|28
|
|t:|1667820266
|move|p1a: Hippowdon|Earthquake|p2a: Slowking
|-supereffective|p2a: Slowking
|-damage|p2a: Slowking|42/100
|move|p2a: Slowking|Sludge Bomb|p1a: Hippowdon
|-resisted|p1a: Hippowdon
|-crit|p1a: Hippowdon
|-damage|p1a: Hippowdon|50/100
|-status|p1a: Hippowdon|psn
|
|-weather|Sandstorm|[upkeep]
|-damage|p2a: Slowking|36/100|[from] Sandstorm
|-heal|p2a: Slowking|42/100|[from] item: Leftovers
|-damage|p1a: Hippowdon|38/100 psn|[from] psn
|upkeep
|turn|29
|
|t:|1667820283
|switch|p2a: Ferrothorn|Ferrothorn, M|84/100
|move|p1a: Hippowdon|Slack Off|p1a: Hippowdon
|-heal|p1a: Hippowdon|88/100 psn
|
|-weather|Sandstorm|[upkeep]
|-damage|p1a: Hippowdon|75/100 psn|[from] psn
|upkeep
|turn|30
|inactive|BTLT200$ SF' has 120 seconds left.
|
|t:|1667820309
|switch|p1a: Corviknight|Corviknight, M|100/100
|-ability|p1a: Corviknight|Pressure
|move|p2a: Ferrothorn|Spikes|p1a: Corviknight
|-sidestart|p1: BTLT200$ SF'|Spikes
|
|-weather|Sandstorm|[upkeep]
|-sideend|p1: BTLT200$ SF'|move: Light Screen
|upkeep
|turn|31
|
|t:|1667820316
|move|p1a: Corviknight|Defog|p2a: Ferrothorn
|-unboost|p2a: Ferrothorn|evasion|1
|-sideend|p1: BTLT200$ SF'|Spikes|[from] move: Defog|[of] p1a: Corviknight
|move|p2a: Ferrothorn|Leech Seed|p1a: Corviknight
|-start|p1a: Corviknight|move: Leech Seed
|
|-weather|none
|-damage|p1a: Corviknight|88/100|[from] Leech Seed|[of] p2a: Ferrothorn
|-heal|p2a: Ferrothorn|98/100|[silent]
|upkeep
|turn|32
|l| nightsuqi
|
|t:|1667820323
|switch|p1a: Tornadus|Tornadus-Therian, M|100/100 tox
|move|p2a: Ferrothorn|Spikes|p1a: Tornadus
|-sidestart|p1: BTLT200$ SF'|Spikes
|
|-damage|p1a: Tornadus|94/100 tox|[from] psn
|upkeep
|turn|33
|
|t:|1667820338
|switch|p2a: Rotom|Rotom-Wash|63/100 tox
|move|p1a: Tornadus|Defog|p2a: Rotom
|-unboost|p2a: Rotom|evasion|1
|-sideend|p1: BTLT200$ SF'|Spikes|[from] move: Defog|[of] p1a: Tornadus
|
|-damage|p1a: Tornadus|82/100 tox|[from] psn
|-damage|p2a: Rotom|57/100 tox|[from] psn
|upkeep
|turn|34
|
|t:|1667820346
|switch|p1a: Toxapex|Toxapex, M|88/100
|move|p2a: Rotom|Volt Switch|p1a: Toxapex
|-supereffective|p1a: Toxapex
|-damage|p1a: Toxapex|54/100
|
|t:|1667820353
|switch|p2a: Slowking|Slowking-Galar, M|76/100|[from]move: Volt Switch
|
|-heal|p2a: Slowking|82/100|[from] item: Leftovers
|-heal|p1a: Toxapex|60/100|[from] item: Black Sludge
|upkeep
|turn|35
|
|t:|1667820361
|move|p2a: Slowking|Psychic|p1a: Toxapex
|-supereffective|p1a: Toxapex
|-damage|p1a: Toxapex|18/100
|move|p1a: Toxapex|Light Screen|p1a: Toxapex
|-sidestart|p1: BTLT200$ SF'|move: Light Screen
|
|-heal|p2a: Slowking|88/100|[from] item: Leftovers
|-heal|p1a: Toxapex|25/100|[from] item: Black Sludge
|upkeep
|turn|36
|
|t:|1667820378
|switch|p2a: Garchomp|Garchomp, F|92/100
|switch|p1a: Clefable|Clefable, M|100/100
|
|-heal|p2a: Garchomp|98/100|[from] item: Leftovers
|upkeep
|turn|37
|
|t:|1667820393
|switch|p2a: Slowking|Slowking-Galar, M|100/100
|move|p1a: Clefable|Aromatherapy|p1a: Clefable
|-activate|p1a: Clefable|move: Aromatherapy
|-curestatus|p1: Tornadus|tox|[msg]
|-curestatus|p1: Hippowdon|psn|[msg]
|
|upkeep
|turn|38
|
|t:|1667820412
|switch|p1a: Heatran|Heatran, F|72/100
|move|p2a: Slowking|Nasty Plot|p2a: Slowking
|-boost|p2a: Slowking|spa|2
|
|upkeep
|turn|39
|
|t:|1667820418
|switch|p2a: Garchomp|Garchomp, F|98/100
|move|p1a: Heatran|Taunt|p2a: Garchomp
|-start|p2a: Garchomp|move: Taunt
|
|-heal|p2a: Garchomp|100/100|[from] item: Leftovers
|-sideend|p1: BTLT200$ SF'|move: Light Screen
|upkeep
|turn|40
|
|t:|1667820427
|switch|p2a: Rotom|Rotom-Wash|57/100 tox
|switch|p1a: Corviknight|Corviknight, M|88/100
|-ability|p1a: Corviknight|Pressure
|
|-heal|p1a: Corviknight|94/100|[from] item: Leftovers
|-damage|p2a: Rotom|51/100 tox|[from] psn
|upkeep
|turn|41
|
|t:|1667820436
|switch|p1a: Toxapex|Toxapex, M|58/100
|move|p2a: Rotom|Volt Switch|p1a: Toxapex
|-supereffective|p1a: Toxapex
|-damage|p1a: Toxapex|22/100
|
|t:|1667820442
|switch|p2a: Tapu Lele|Tapu Lele, shiny|100/100|[from]move: Volt Switch
|-fieldstart|move: Psychic Terrain|[from] ability: Psychic Surge|[of] p2a: Tapu Lele
|
|-heal|p1a: Toxapex|28/100|[from] item: Black Sludge
|upkeep
|turn|42
|
|t:|1667820450
|switch|p2a: Slowking|Slowking-Galar, M|100/100
|switch|p1a: Corviknight|Corviknight, M|94/100
|-ability|p1a: Corviknight|Pressure
|
|-heal|p1a: Corviknight|100/100|[from] item: Leftovers
|upkeep
|turn|43
|
|t:|1667820458
|move|p1a: Corviknight|U-turn|p2a: Slowking
|-damage|p2a: Slowking|89/100
|
|t:|1667820462
|switch|p1a: Heatran|Heatran, F|72/100|[from]move: U-turn
|move|p2a: Slowking|Psychic|p1a: Heatran
|-resisted|p1a: Heatran
|-damage|p1a: Heatran|58/100
|
|-heal|p2a: Slowking|95/100|[from] item: Leftovers
|upkeep
|turn|44
|
|t:|1667820470
|switch|p2a: Garchomp|Garchomp, F|100/100
|move|p1a: Heatran|Taunt|p2a: Garchomp
|-start|p2a: Garchomp|move: Taunt
|
|upkeep
|turn|45
|
|t:|1667820477
|switch|p1a: Corviknight|Corviknight, M|100/100
|-ability|p1a: Corviknight|Pressure
|move|p2a: Garchomp|Earthquake|p1a: Corviknight
|-immune|p1a: Corviknight
|
|-fieldend|move: Psychic Terrain
|upkeep
|turn|46
|
|t:|1667820493
|switch|p2a: Ferrothorn|Ferrothorn, M|98/100
|move|p1a: Corviknight|U-turn|p2a: Ferrothorn
|-damage|p2a: Ferrothorn|90/100
|-damage|p1a: Corviknight|88/100|[from] ability: Iron Barbs|[of] p2a: Ferrothorn
|-damage|p1a: Corviknight|71/100|[from] item: Rocky Helmet|[of] p2a: Ferrothorn
|
|t:|1667820495
|switch|p1a: Toxapex|Toxapex, M|62/100|[from]move: U-turn
|
|-heal|p1a: Toxapex|68/100|[from] item: Black Sludge
|upkeep
|turn|47
|
|t:|1667820507
|switch|p1a: Tornadus|Tornadus-Therian, M|100/100
|switch|p2a: Slowking|Slowking-Galar, M|100/100
|
|upkeep
|turn|48
|j| Tokyo EZ
|
|t:|1667820514
|move|p1a: Tornadus|Knock Off|p2a: Slowking
|-supereffective|p2a: Slowking
|-damage|p2a: Slowking|68/100
|-enditem|p2a: Slowking|Leftovers|[from] move: Knock Off|[of] p1a: Tornadus
|move|p2a: Slowking|Sludge Bomb|p1a: Tornadus
|-damage|p1a: Tornadus|64/100
|
|upkeep
|turn|49
|
|t:|1667820521
|switch|p1a: Toxapex|Toxapex, M|100/100
|move|p2a: Slowking|Trick|p1a: Toxapex
|-activate|p2a: Slowking|move: Trick|[of] p1a: Toxapex
|-enditem|p1a: Toxapex|Black Sludge|[silent]|[from] move: Trick
|-item|p2a: Slowking|Black Sludge|[from] move: Trick
|
|-heal|p2a: Slowking|75/100|[from] item: Black Sludge
|upkeep
|turn|50
|
|t:|1667820530
|move|p2a: Slowking|Psychic|p1a: Toxapex
|-supereffective|p1a: Toxapex
|-damage|p1a: Toxapex|59/100
|move|p1a: Toxapex|Light Screen|p1a: Toxapex
|-sidestart|p1: BTLT200$ SF'|move: Light Screen
|
|-heal|p2a: Slowking|81/100|[from] item: Black Sludge
|upkeep
|turn|51
|
|t:|1667820536
|move|p2a: Slowking|Trick|p1a: Toxapex
|-activate|p2a: Slowking|move: Trick|[of] p1a: Toxapex
|-item|p1a: Toxapex|Black Sludge|[from] move: Trick
|-enditem|p2a: Slowking|Black Sludge|[silent]|[from] move: Trick
|move|p1a: Toxapex|Scald|p2a: Slowking
|-damage|p2a: Slowking|66/100
|
|-heal|p1a: Toxapex|65/100|[from] item: Black Sludge
|upkeep
|turn|52
|
|t:|1667820543
|move|p2a: Slowking|Trick|p1a: Toxapex
|-activate|p2a: Slowking|move: Trick|[of] p1a: Toxapex
|-enditem|p1a: Toxapex|Black Sludge|[silent]|[from] move: Trick
|-item|p2a: Slowking|Black Sludge|[from] move: Trick
|move|p1a: Toxapex|Scald|p2a: Slowking
|-damage|p2a: Slowking|51/100
|-status|p2a: Slowking|brn
|
|-heal|p2a: Slowking|57/100 brn|[from] item: Black Sludge
|-damage|p2a: Slowking|51/100 brn|[from] brn
|upkeep
|turn|53
|
|t:|1667820553
|move|p2a: Slowking|Nasty Plot|p2a: Slowking
|-boost|p2a: Slowking|spa|2
|move|p1a: Toxapex|Scald|p2a: Slowking
|-damage|p2a: Slowking|36/100 brn
|
|-heal|p2a: Slowking|43/100 brn|[from] item: Black Sludge
|-damage|p2a: Slowking|36/100 brn|[from] brn
|upkeep
|turn|54
|
|t:|1667820564
|switch|p1a: Tornadus|Tornadus-Therian, M|97/100
|move|p2a: Slowking|Trick|p1a: Tornadus
|-activate|p2a: Slowking|move: Trick|[of] p1a: Tornadus
|-item|p1a: Tornadus|Black Sludge|[from] move: Trick
|-enditem|p2a: Slowking|Black Sludge|[silent]|[from] move: Trick
|
|-damage|p1a: Tornadus|85/100|[from] item: Black Sludge
|-damage|p2a: Slowking|30/100 brn|[from] brn
|-sideend|p1: BTLT200$ SF'|move: Light Screen
|upkeep
|turn|55
|
|t:|1667820575
|switch|p1a: Heatran|Heatran, F|58/100
|move|p2a: Slowking|Psychic|p1a: Heatran
|-resisted|p1a: Heatran
|-damage|p1a: Heatran|36/100
|-unboost|p1a: Heatran|spd|1
|
|-damage|p2a: Slowking|24/100 brn|[from] brn
|upkeep
|turn|56
|
|t:|1667820583
|switch|p2a: Garchomp|Garchomp, F|100/100
|move|p1a: Heatran|Magma Storm|p2a: Garchomp
|-resisted|p2a: Garchomp
|-damage|p2a: Garchomp|86/100
|-activate|p2a: Garchomp|move: Magma Storm|[of] p1a: Heatran
|
|-heal|p2a: Garchomp|92/100|[from] item: Leftovers
|-damage|p2a: Garchomp|80/100|[from] move: Magma Storm|[partiallytrapped]
|upkeep
|turn|57
|j| llxunll
|
|t:|1667820592
|switch|p1a: Corviknight|Corviknight, M|71/100
|-ability|p1a: Corviknight|Pressure
|move|p2a: Garchomp|Stealth Rock|p1a: Corviknight
|-sidestart|p1: BTLT200$ SF'|move: Stealth Rock
|
|-heal|p2a: Garchomp|86/100|[from] item: Leftovers
|-heal|p1a: Corviknight|78/100|[from] item: Leftovers
|-end|p2a: Garchomp|Magma Storm|[partiallytrapped]|[silent]
|upkeep
|turn|58
|
|t:|1667820597
|switch|p2a: Slowking|Slowking-Galar, M|58/100 brn
|move|p1a: Corviknight|Defog|p2a: Slowking
|-unboost|p2a: Slowking|evasion|1
|-sideend|p1: BTLT200$ SF'|Stealth Rock|[from] move: Defog|[of] p1a: Corviknight
|
|-heal|p1a: Corviknight|84/100|[from] item: Leftovers
|-damage|p2a: Slowking|51/100 brn|[from] brn
|upkeep
|turn|59
|l| Ran Kob
|j| JackTen
|
|t:|1667820606
|switch|p2a: Ferrothorn|Ferrothorn, M|90/100
|move|p1a: Corviknight|U-turn|p2a: Ferrothorn
|-damage|p2a: Ferrothorn|82/100
|-damage|p1a: Corviknight|71/100|[from] ability: Iron Barbs|[of] p2a: Ferrothorn
|-damage|p1a: Corviknight|55/100|[from] item: Rocky Helmet|[of] p2a: Ferrothorn
|
|t:|1667820614
|switch|p1a: Heatran|Heatran, F|36/100|[from]move: U-turn
|
|upkeep
|turn|60
|
|t:|1667820620
|switch|p1a: Corviknight|Corviknight, M|55/100
|-ability|p1a: Corviknight|Pressure
|switch|p2a: Garchomp|Garchomp, F|86/100
|
|-heal|p2a: Garchomp|92/100|[from] item: Leftovers
|-heal|p1a: Corviknight|61/100|[from] item: Leftovers
|upkeep
|turn|61
|l| JackTen
|
|t:|1667820634
|move|p2a: Garchomp|Flamethrower|p1a: Corviknight
|-supereffective|p1a: Corviknight
|-damage|p1a: Corviknight|36/100
|move|p1a: Corviknight|Roost|p1a: Corviknight
|-heal|p1a: Corviknight|86/100
|-singleturn|p1a: Corviknight|move: Roost
|
|-heal|p2a: Garchomp|99/100|[from] item: Leftovers
|-heal|p1a: Corviknight|92/100|[from] item: Leftovers
|upkeep
|turn|62
|
|t:|1667820650
|switch|p1a: Tornadus|Tornadus-Therian, M|100/100
|move|p2a: Garchomp|Stealth Rock|p1a: Tornadus
|-sidestart|p1: BTLT200$ SF'|move: Stealth Rock
|
|-damage|p1a: Tornadus|88/100|[from] item: Black Sludge
|-heal|p2a: Garchomp|100/100|[from] item: Leftovers
|upkeep
|turn|63
|l| llxunll
|
|t:|1667820656
|switch|p2a: Rotom|Rotom-Wash|51/100 tox
|move|p1a: Tornadus|Toxic|p2a: Rotom
|-fail|p2a: Rotom|tox
|
|-damage|p1a: Tornadus|76/100|[from] item: Black Sludge
|-damage|p2a: Rotom|45/100 tox|[from] psn
|upkeep
|turn|64
|
|t:|1667820664
|move|p1a: Tornadus|Defog|p2a: Rotom
|-unboost|p2a: Rotom|evasion|1
|-sideend|p1: BTLT200$ SF'|Stealth Rock|[from] move: Defog|[of] p1a: Tornadus
|move|p2a: Rotom|Volt Switch|p1a: Tornadus
|-supereffective|p1a: Tornadus
|-damage|p1a: Tornadus|24/100
|
|t:|1667820675
|switch|p2a: Garchomp|Garchomp, F|100/100|[from]move: Volt Switch
|
|-damage|p1a: Tornadus|12/100|[from] item: Black Sludge
|upkeep
|turn|65
|
|t:|1667820689
|switch|p1a: Corviknight|Corviknight, M|92/100
|-ability|p1a: Corviknight|Pressure
|switch|p2a: Rotom|Rotom-Wash|45/100 tox
|
|-heal|p1a: Corviknight|98/100|[from] item: Leftovers
|-damage|p2a: Rotom|39/100 tox|[from] psn
|upkeep
|turn|66
|
|t:|1667820693
|switch|p1a: Toxapex|Toxapex, M|99/100
|move|p2a: Rotom|Volt Switch|p1a: Toxapex
|-supereffective|p1a: Toxapex
|-damage|p1a: Toxapex|67/100
|
|t:|1667820699
|switch|p2a: Slowking|Slowking-Galar, M|85/100 brn|[from]move: Volt Switch
|
|-damage|p2a: Slowking|79/100 brn|[from] brn
|upkeep
|turn|67
|
|t:|1667820711
|move|p2a: Slowking|Psychic|p1a: Toxapex
|-supereffective|p1a: Toxapex
|-damage|p1a: Toxapex|24/100
|move|p1a: Toxapex|Light Screen|p1a: Toxapex
|-sidestart|p1: BTLT200$ SF'|move: Light Screen
|
|-damage|p2a: Slowking|72/100 brn|[from] brn
|upkeep
|turn|68
|
|t:|1667820725
|switch|p1a: Heatran|Heatran, F|36/100
|move|p2a: Slowking|Trick||[still]
|-fail|p2a: Slowking
|
|-damage|p2a: Slowking|66/100 brn|[from] brn
|upkeep
|turn|69
|
|t:|1667820732
|switch|p1a: Toxapex|Toxapex, M|57/100
|switch|p2a: Garchomp|Garchomp, F|100/100
|
|upkeep
|turn|70
|
|t:|1667820741
|switch|p1a: Corviknight|Corviknight, M|98/100
|-ability|p1a: Corviknight|Pressure
|move|p2a: Garchomp|Stealth Rock|p1a: Corviknight
|-sidestart|p1: BTLT200$ SF'|move: Stealth Rock
|
|-heal|p1a: Corviknight|100/100|[from] item: Leftovers
|upkeep
|turn|71
|
|t:|1667820751
|move|p2a: Garchomp|Flamethrower|p1a: Corviknight
|-supereffective|p1a: Corviknight
|-damage|p1a: Corviknight|87/100
|move|p1a: Corviknight|Defog|p2a: Garchomp
|-unboost|p2a: Garchomp|evasion|1
|-sideend|p1: BTLT200$ SF'|Stealth Rock|[from] move: Defog|[of] p1a: Corviknight
|
|-heal|p1a: Corviknight|93/100|[from] item: Leftovers
|-sideend|p1: BTLT200$ SF'|move: Light Screen
|upkeep
|turn|72
|
|t:|1667820757
|move|p2a: Garchomp|Flamethrower|p1a: Corviknight
|-supereffective|p1a: Corviknight
|-damage|p1a: Corviknight|65/100
|move|p1a: Corviknight|Defog|p2a: Garchomp
|-unboost|p2a: Garchomp|evasion|1
|
|-heal|p1a: Corviknight|71/100|[from] item: Leftovers
|upkeep
|turn|73
|
|t:|1667820765
|switch|p2a: Rotom|Rotom-Wash|39/100 tox
|move|p1a: Corviknight|Roost|p1a: Corviknight
|-heal|p1a: Corviknight|100/100
|-singleturn|p1a: Corviknight|move: Roost
|
|-damage|p2a: Rotom|33/100 tox|[from] psn
|upkeep
|turn|74
|
|t:|1667820773
|switch|p1a: Toxapex|Toxapex, M|90/100
|move|p2a: Rotom|Pain Split|p1a: Toxapex
|-sethp|p1a: Toxapex|61/100|[from] move: Pain Split|[silent]
|-sethp|p2a: Rotom|62/100 tox|[from] move: Pain Split
|
|-damage|p2a: Rotom|50/100 tox|[from] psn
|upkeep
|turn|75
|
|t:|1667820788
|move|p2a: Rotom|Will-O-Wisp|p1a: Toxapex
|-status|p1a: Toxapex|brn
|move|p1a: Toxapex|Recover|p1a: Toxapex
|-heal|p1a: Toxapex|100/100 brn
|
|-damage|p2a: Rotom|32/100 tox|[from] psn
|-damage|p1a: Toxapex|94/100 brn|[from] brn
|upkeep
|turn|76
|
|t:|1667820796
|switch|p1a: Hippowdon|Hippowdon, M|75/100
|-weather|Sandstorm|[from] ability: Sand Stream|[of] p1a: Hippowdon
|move|p2a: Rotom|Pain Split|p1a: Hippowdon
|-sethp|p1a: Hippowdon|49/100|[from] move: Pain Split|[silent]
|-sethp|p2a: Rotom|68/100 tox|[from] move: Pain Split
|
|-weather|Sandstorm|[upkeep]
|-damage|p2a: Rotom|62/100 tox|[from] Sandstorm
|-damage|p2a: Rotom|38/100 tox|[from] psn
|upkeep
|turn|77
|
|t:|1667820808
|switch|p1a: Toxapex|Toxapex, M|100/100 brn
|move|p2a: Rotom|Volt Switch|p1a: Toxapex
|-supereffective|p1a: Toxapex
|-damage|p1a: Toxapex|69/100 brn
|
|t:|1667820816
|switch|p2a: Tapu Lele|Tapu Lele, shiny|100/100|[from]move: Volt Switch
|-fieldstart|move: Psychic Terrain|[from] ability: Psychic Surge|[of] p2a: Tapu Lele
|
|-weather|Sandstorm|[upkeep]
|-damage|p2a: Tapu Lele|94/100|[from] Sandstorm
|-damage|p1a: Toxapex|63/100 brn|[from] Sandstorm
|-damage|p1a: Toxapex|56/100 brn|[from] brn
|upkeep
|turn|78
|
|t:|1667820825
|switch|p2a: Slowking|Slowking-Galar, M|99/100 brn
|switch|p1a: Corviknight|Corviknight, M|100/100
|-ability|p1a: Corviknight|Pressure
|
|-weather|Sandstorm|[upkeep]
|-damage|p2a: Slowking|94/100 brn|[from] Sandstorm
|-damage|p2a: Slowking|87/100 brn|[from] brn
|upkeep
|turn|79
|
|t:|1667820836
|move|p1a: Corviknight|U-turn|p2a: Slowking
|-damage|p2a: Slowking|76/100 brn
|
|t:|1667820837
|switch|p1a: Heatran|Heatran, F|36/100|[from]move: U-turn
|move|p2a: Slowking|Nasty Plot|p2a: Slowking
|-boost|p2a: Slowking|spa|2
|
|-weather|Sandstorm|[upkeep]
|-damage|p2a: Slowking|70/100 brn|[from] Sandstorm
|-damage|p2a: Slowking|63/100 brn|[from] brn
|upkeep
|turn|80
|
|t:|1667820864
|switch|p2a: Garchomp|Garchomp, F|100/100
|move|p1a: Heatran|Magma Storm|p2a: Garchomp|[miss]
|-miss|p1a: Heatran|p2a: Garchomp
|
|-weather|none
|upkeep
|turn|81
|
|t:|1667820875
|switch|p2a: Rotom|Rotom-Wash|38/100 tox
|switch|p1a: Corviknight|Corviknight, M|100/100
|-ability|p1a: Corviknight|Pressure
|
|-damage|p2a: Rotom|32/100 tox|[from] psn
|-fieldend|move: Psychic Terrain
|upkeep
|turn|82
|j| JackTen
|l| JackTen
|
|t:|1667820890
|move|p2a: Rotom|Pain Split|p1a: Corviknight
|-sethp|p1a: Corviknight|62/100|[from] move: Pain Split|[silent]
|-sethp|p2a: Rotom|82/100 tox|[from] move: Pain Split
|move|p1a: Corviknight|U-turn|p2a: Rotom
|-damage|p2a: Rotom|66/100 tox
|
|t:|1667820899
|switch|p1a: Tornadus|Tornadus-Therian, M|45/100|[from]move: U-turn
|
|-damage|p1a: Tornadus|33/100|[from] item: Black Sludge
|-damage|p2a: Rotom|54/100 tox|[from] psn
|upkeep
|turn|83
|
|t:|1667820909
|switch|p1a: Hippowdon|Hippowdon, M|49/100
|-weather|Sandstorm|[from] ability: Sand Stream|[of] p1a: Hippowdon
|move|p2a: Rotom|Volt Switch|p1a: Hippowdon
|-immune|p1a: Hippowdon
|
|-weather|Sandstorm|[upkeep]
|-damage|p2a: Rotom|48/100 tox|[from] Sandstorm
|-damage|p2a: Rotom|30/100 tox|[from] psn
|upkeep
|turn|84
|
|t:|1667820921
|switch|p2a: Ferrothorn|Ferrothorn, M|82/100
|switch|p1a: Toxapex|Toxapex, M|90/100 brn
|
|-weather|Sandstorm|[upkeep]
|-damage|p1a: Toxapex|83/100 brn|[from] Sandstorm
|-damage|p1a: Toxapex|77/100 brn|[from] brn
|upkeep
|turn|85
|
|t:|1667820930
|switch|p1a: Corviknight|Corviknight, M|62/100
|-ability|p1a: Corviknight|Pressure
|switch|p2a: Rotom|Rotom-Wash|30/100 tox
|
|-weather|Sandstorm|[upkeep]
|-damage|p2a: Rotom|24/100 tox|[from] Sandstorm
|-heal|p1a: Corviknight|69/100|[from] item: Leftovers
|-damage|p2a: Rotom|18/100 tox|[from] psn
|upkeep
|turn|86
|
|t:|1667820940
|switch|p1a: Hippowdon|Hippowdon, M|49/100
|move|p2a: Rotom|Pain Split|p1a: Hippowdon
|-sethp|p1a: Hippowdon|31/100|[from] move: Pain Split|[silent]
|-sethp|p2a: Rotom|43/100 tox|[from] move: Pain Split
|
|-weather|Sandstorm|[upkeep]
|-damage|p2a: Rotom|37/100 tox|[from] Sandstorm
|-damage|p2a: Rotom|25/100 tox|[from] psn
|upkeep
|turn|87
|
|t:|1667820957
|switch|p2a: Ferrothorn|Ferrothorn, M|82/100
|switch|p1a: Toxapex|Toxapex, M|100/100 brn
|
|-weather|none
|-damage|p1a: Toxapex|94/100 brn|[from] brn
|upkeep
|turn|88
|
|t:|1667820968
|switch|p1a: Corviknight|Corviknight, M|69/100
|-ability|p1a: Corviknight|Pressure
|move|p2a: Ferrothorn|Spikes|p1a: Corviknight
|-sidestart|p1: BTLT200$ SF'|Spikes
|
|-heal|p1a: Corviknight|75/100|[from] item: Leftovers
|upkeep
|turn|89
|
|t:|1667820976
|move|p1a: Corviknight|Defog|p2a: Ferrothorn
|-unboost|p2a: Ferrothorn|evasion|1
|-sideend|p1: BTLT200$ SF'|Spikes|[from] move: Defog|[of] p1a: Corviknight
|move|p2a: Ferrothorn|Leech Seed|p1a: Corviknight
|-start|p1a: Corviknight|move: Leech Seed
|
|-heal|p1a: Corviknight|81/100|[from] item: Leftovers
|-damage|p1a: Corviknight|69/100|[from] Leech Seed|[of] p2a: Ferrothorn
|-heal|p2a: Ferrothorn|96/100|[silent]
|upkeep
|turn|90
|j| BBBBBlues
|inactive|Hostile Takeovers has 120 seconds left.
|
|t:|1667820986
|switch|p1a: Tornadus|Tornadus-Therian, M|66/100
|move|p2a: Ferrothorn|Spikes|p1a: Tornadus
|-sidestart|p1: BTLT200$ SF'|Spikes
|
|-damage|p1a: Tornadus|53/100|[from] item: Black Sludge
|upkeep
|turn|91
|inactive|Hostile Takeovers has 120 seconds left.
|
|t:|1667820994
|move|p1a: Tornadus|Defog|p2a: Ferrothorn
|-unboost|p2a: Ferrothorn|evasion|1
|-sideend|p1: BTLT200$ SF'|Spikes|[from] move: Defog|[of] p1a: Tornadus
|move|p2a: Ferrothorn|Leech Seed|p1a: Tornadus
|-start|p1a: Tornadus|move: Leech Seed
|
|-damage|p1a: Tornadus|41/100|[from] item: Black Sludge
|-damage|p1a: Tornadus|28/100|[from] Leech Seed|[of] p2a: Ferrothorn
|-heal|p2a: Ferrothorn|100/100|[silent]
|upkeep
|turn|92
|inactive|Hostile Takeovers has 120 seconds left.
|
|t:|1667821004
|switch|p1a: Corviknight|Corviknight, M|69/100
|-ability|p1a: Corviknight|Pressure
|move|p2a: Ferrothorn|Knock Off|p1a: Corviknight
|-damage|p1a: Corviknight|56/100
|-enditem|p1a: Corviknight|Leftovers|[from] move: Knock Off|[of] p2a: Ferrothorn
|
|upkeep
|turn|93
|
|t:|1667821021
|move|p1a: Corviknight|Roost|p1a: Corviknight
|-heal|p1a: Corviknight|100/100
|-singleturn|p1a: Corviknight|move: Roost
|move|p2a: Ferrothorn|Leech Seed|p1a: Corviknight
|-start|p1a: Corviknight|move: Leech Seed
|
|-damage|p1a: Corviknight|88/100|[from] Leech Seed|[of] p2a: Ferrothorn
|upkeep
|turn|94
|
|t:|1667821031
|switch|p1a: Tornadus|Tornadus-Therian, M|62/100
|switch|p2a: Rotom|Rotom-Wash|25/100 tox
|
|-damage|p1a: Tornadus|49/100|[from] item: Black Sludge
|-damage|p2a: Rotom|19/100 tox|[from] psn
|upkeep
|turn|95
|
|t:|1667821042
|switch|p1a: Hippowdon|Hippowdon, M|31/100
|-weather|Sandstorm|[from] ability: Sand Stream|[of] p1a: Hippowdon
|move|p2a: Rotom|Pain Split|p1a: Hippowdon
|-sethp|p1a: Hippowdon|23/100|[from] move: Pain Split|[silent]
|-sethp|p2a: Rotom|31/100 tox|[from] move: Pain Split
|
|-weather|Sandstorm|[upkeep]
|-damage|p2a: Rotom|25/100 tox|[from] Sandstorm
|-damage|p2a: Rotom|13/100 tox|[from] psn
|upkeep
|turn|96
|
|t:|1667821056
|move|p2a: Rotom|Hydro Pump|p1a: Hippowdon
|-supereffective|p1a: Hippowdon
|-damage|p1a: Hippowdon|0 fnt
|faint|p1a: Hippowdon
|
|-weather|Sandstorm|[upkeep]
|-damage|p2a: Rotom|7/100 tox|[from] Sandstorm
|-damage|p2a: Rotom|0 fnt|[from] psn
|faint|p2a: Rotom
|upkeep
|inactive|Hostile Takeovers has 90 seconds left.
|
|t:|1667821075
|switch|p2a: Tapu Lele|Tapu Lele, shiny|94/100
|switch|p1a: Tornadus|Tornadus-Therian, M|82/100
|-fieldstart|move: Psychic Terrain|[from] ability: Psychic Surge|[of] p2a: Tapu Lele
|turn|97
|
|t:|1667821092
|switch|p1a: Corviknight|Corviknight, M|88/100
|-ability|p1a: Corviknight|Pressure
|move|p2a: Tapu Lele|Psychic|p1a: Corviknight
|-resisted|p1a: Corviknight
|-damage|p1a: Corviknight|58/100
|
|-weather|Sandstorm|[upkeep]
|-damage|p2a: Tapu Lele|88/100|[from] Sandstorm
|upkeep
|turn|98
|
|t:|1667821102
|switch|p2a: Garchomp|Garchomp, F|100/100
|move|p1a: Corviknight|Roost|p1a: Corviknight
|-heal|p1a: Corviknight|100/100
|-singleturn|p1a: Corviknight|move: Roost
|
|-weather|Sandstorm|[upkeep]
|upkeep
|turn|99
|
|t:|1667821112
|move|p2a: Garchomp|Stealth Rock|p1a: Corviknight
|-sidestart|p1: BTLT200$ SF'|move: Stealth Rock
|move|p1a: Corviknight|Defog|p2a: Garchomp
|-unboost|p2a: Garchomp|evasion|1
|-sideend|p1: BTLT200$ SF'|Stealth Rock|[from] move: Defog|[of] p1a: Corviknight
|-fieldend|move: Psychic Terrain
|
|-weather|none
|upkeep
|turn|100
|
|t:|1667821118
|move|p2a: Garchomp|Flamethrower|p1a: Corviknight
|-supereffective|p1a: Corviknight
|-crit|p1a: Corviknight
|-damage|p1a: Corviknight|57/100
|move|p1a: Corviknight|Body Press|p2a: Garchomp
|-damage|p2a: Garchomp|78/100
|-damage|p1a: Corviknight|44/100|[from] ability: Rough Skin|[of] p2a: Garchomp
|
|-heal|p2a: Garchomp|84/100|[from] item: Leftovers
|upkeep
|turn|101
|
|t:|1667821129
|move|p2a: Garchomp|Flamethrower|p1a: Corviknight
|-supereffective|p1a: Corviknight
|-damage|p1a: Corviknight|15/100
|move|p1a: Corviknight|Roost|p1a: Corviknight
|-heal|p1a: Corviknight|65/100
|-singleturn|p1a: Corviknight|move: Roost
|
|-heal|p2a: Garchomp|90/100|[from] item: Leftovers
|upkeep
|turn|102
|
|t:|1667821137
|move|p2a: Garchomp|Stealth Rock|p1a: Corviknight
|-sidestart|p1: BTLT200$ SF'|move: Stealth Rock
|move|p1a: Corviknight|Roost|p1a: Corviknight
|-heal|p1a: Corviknight|100/100
|-singleturn|p1a: Corviknight|move: Roost
|
|-heal|p2a: Garchomp|97/100|[from] item: Leftovers
|upkeep
|turn|103
|
|t:|1667821152
|move|p2a: Garchomp|Flamethrower|p1a: Corviknight
|-supereffective|p1a: Corviknight
|-damage|p1a: Corviknight|72/100
|move|p1a: Corviknight|Defog|p2a: Garchomp
|-unboost|p2a: Garchomp|evasion|1
|-sideend|p1: BTLT200$ SF'|Stealth Rock|[from] move: Defog|[of] p1a: Corviknight
|
|-heal|p2a: Garchomp|100/100|[from] item: Leftovers
|upkeep
|turn|104
|l| BBBBBlues
|
|t:|1667821160
|move|p2a: Garchomp|Flamethrower|p1a: Corviknight
|-supereffective|p1a: Corviknight
|-damage|p1a: Corviknight|44/100
|-status|p1a: Corviknight|brn
|move|p1a: Corviknight|Roost|p1a: Corviknight
|-heal|p1a: Corviknight|94/100 brn
|-singleturn|p1a: Corviknight|move: Roost
|
|-damage|p1a: Corviknight|88/100 brn|[from] brn
|upkeep
|turn|105
|
|t:|1667821169
|switch|p1a: Clefable|Clefable, M|100/100
|move|p2a: Garchomp|Stealth Rock|p1a: Clefable
|-sidestart|p1: BTLT200$ SF'|move: Stealth Rock
|
|upkeep
|turn|106
|
|t:|1667821183
|switch|p2a: Tapu Lele|Tapu Lele, shiny|88/100
|-fieldstart|move: Psychic Terrain|[from] ability: Psychic Surge|[of] p2a: Tapu Lele
|move|p1a: Clefable|Aromatherapy|p1a: Clefable
|-activate|p1a: Clefable|move: Aromatherapy
|-curestatus|p1: Toxapex|brn|[msg]
|-curestatus|p1: Corviknight|brn|[msg]
|
|upkeep
|turn|107
|j| SULLEN LOOK
|
|t:|1667821194
|move|p2a: Tapu Lele|Psychic|p1a: Clefable
|-damage|p1a: Clefable|34/100
|move|p1a: Clefable|Soft-Boiled|p1a: Clefable
|-heal|p1a: Clefable|84/100
|
|-heal|p1a: Clefable|90/100|[from] item: Leftovers
|upkeep
|turn|108
|
|t:|1667821200
|move|p2a: Tapu Lele|Psychic|p1a: Clefable
|-damage|p1a: Clefable|27/100
|-unboost|p1a: Clefable|spd|1
|move|p1a: Clefable|Soft-Boiled|p1a: Clefable
|-heal|p1a: Clefable|77/100
|
|-heal|p1a: Clefable|83/100|[from] item: Leftovers
|upkeep
|turn|109
|
|t:|1667821208
|switch|p1a: Corviknight|Corviknight, M|88/100
|-damage|p1a: Corviknight|76/100|[from] Stealth Rock
|-ability|p1a: Corviknight|Pressure
|move|p2a: Tapu Lele|Psychic|p1a: Corviknight
|-resisted|p1a: Corviknight
|-crit|p1a: Corviknight
|-damage|p1a: Corviknight|29/100
|-unboost|p1a: Corviknight|spd|1
|
|upkeep
|turn|110
|
|t:|1667821222
|switch|p1a: Toxapex|Toxapex, M|100/100
|-damage|p1a: Toxapex|88/100|[from] Stealth Rock
|move|p2a: Tapu Lele|Psychic|p1a: Toxapex
|-supereffective|p1a: Toxapex
|-damage|p1a: Toxapex|0 fnt
|faint|p1a: Toxapex
|
|-fieldend|move: Psychic Terrain
|upkeep
|
|t:|1667821235
|switch|p1a: Clefable|Clefable, M|83/100
|-damage|p1a: Clefable|71/100|[from] Stealth Rock
|turn|111
|
|t:|1667821241
|switch|p2a: Mandibuzz|Mandibuzz, F|100/100
|switch|p1a: Corviknight|Corviknight, M|29/100
|-damage|p1a: Corviknight|17/100|[from] Stealth Rock
|-ability|p1a: Corviknight|Pressure
|
|upkeep
|turn|112
|
|t:|1667821249
|move|p1a: Corviknight|Roost|p1a: Corviknight
|-heal|p1a: Corviknight|67/100
|-singleturn|p1a: Corviknight|move: Roost
|move|p2a: Mandibuzz|Foul Play|p1a: Corviknight
|-crit|p1a: Corviknight
|-damage|p1a: Corviknight|37/100
|
|upkeep
|turn|113
|
|t:|1667821258
|move|p1a: Corviknight|Roost|p1a: Corviknight
|-heal|p1a: Corviknight|87/100
|-singleturn|p1a: Corviknight|move: Roost
|move|p2a: Mandibuzz|U-turn|p1a: Corviknight
|-resisted|p1a: Corviknight
|-damage|p1a: Corviknight|83/100
|
|t:|1667821268
|switch|p2a: Ferrothorn|Ferrothorn, M|100/100|[from]move: U-turn
|
|upkeep
|turn|114
|
|t:|1667821297
|move|p1a: Corviknight|Defog|p2a: Ferrothorn
|-unboost|p2a: Ferrothorn|evasion|1
|-sideend|p1: BTLT200$ SF'|Stealth Rock|[from] move: Defog|[of] p1a: Corviknight
|move|p2a: Ferrothorn|Leech Seed|p1a: Corviknight|[miss]
|-miss|p2a: Ferrothorn|p1a: Corviknight
|
|upkeep
|turn|115
|
|t:|1667821304
|switch|p1a: Tornadus|Tornadus-Therian, M|100/100
|move|p2a: Ferrothorn|Spikes|p1a: Tornadus
|-sidestart|p1: BTLT200$ SF'|Spikes
|
|-damage|p1a: Tornadus|88/100|[from] item: Black Sludge
|upkeep
|turn|116
|inactive|Hostile Takeovers has 60 seconds left.
|
|t:|1667821321
|switch|p2a: Tapu Lele|Tapu Lele, shiny|88/100
|-fieldstart|move: Psychic Terrain|[from] ability: Psychic Surge|[of] p2a: Tapu Lele
|move|p1a: Tornadus|Defog|p2a: Tapu Lele
|-unboost|p2a: Tapu Lele|evasion|1
|-sideend|p1: BTLT200$ SF'|Spikes|[from] move: Defog|[of] p1a: Tornadus
|-fieldend|move: Psychic Terrain
|
|-damage|p1a: Tornadus|76/100|[from] item: Black Sludge
|upkeep
|turn|117
|inactive|Hostile Takeovers has 60 seconds left.
|
|t:|1667821331
|switch|p2a: Ferrothorn|Ferrothorn, M|100/100
|move|p1a: Tornadus|Toxic|p2a: Ferrothorn
|-immune|p2a: Ferrothorn
|
|-damage|p1a: Tornadus|63/100|[from] item: Black Sludge
|upkeep
|turn|118
|inactive|Hostile Takeovers has 60 seconds left.
|
|t:|1667821338
|switch|p1a: Corviknight|Corviknight, M|83/100
|-ability|p1a: Corviknight|Pressure
|move|p2a: Ferrothorn|Spikes|p1a: Corviknight
|-sidestart|p1: BTLT200$ SF'|Spikes
|
|upkeep
|turn|119
|inactive|Hostile Takeovers has 60 seconds left.
|inactive|BTLT200$ SF' has 120 seconds left.
|
|t:|1667821364
|move|p1a: Corviknight|Defog|p2a: Ferrothorn
|-unboost|p2a: Ferrothorn|evasion|1
|-sideend|p1: BTLT200$ SF'|Spikes|[from] move: Defog|[of] p1a: Corviknight
|move|p2a: Ferrothorn|Leech Seed|p1a: Corviknight
|-start|p1a: Corviknight|move: Leech Seed
|
|-damage|p1a: Corviknight|71/100|[from] Leech Seed|[of] p2a: Ferrothorn
|upkeep
|turn|120
|inactive|Hostile Takeovers has 60 seconds left.
|
|t:|1667821371
|switch|p1a: Tornadus|Tornadus-Therian, M|96/100
|switch|p2a: Tapu Lele|Tapu Lele, shiny|88/100
|-fieldstart|move: Psychic Terrain|[from] ability: Psychic Surge|[of] p2a: Tapu Lele
|
|-damage|p1a: Tornadus|84/100|[from] item: Black Sludge
|upkeep
|turn|121
|inactive|Hostile Takeovers has 60 seconds left.
|
|t:|1667821380
|switch|p1a: Corviknight|Corviknight, M|71/100
|-ability|p1a: Corviknight|Pressure
|move|p2a: Tapu Lele|Psychic|p1a: Corviknight
|-resisted|p1a: Corviknight
|-damage|p1a: Corviknight|39/100
|-unboost|p1a: Corviknight|spd|1
|
|upkeep
|turn|122
|inactive|Hostile Takeovers has 60 seconds left.
|
|t:|1667821388
|switch|p1a: Heatran|Heatran, F|36/100
|move|p2a: Tapu Lele|Psychic|p1a: Heatran
|-resisted|p1a: Heatran
|-damage|p1a: Heatran|16/100
|
|upkeep
|turn|123
|inactive|Hostile Takeovers has 60 seconds left.
|inactive|BTLT200$ SF' has 120 seconds left.
|
|t:|1667821407
|switch|p1a: Tornadus|Tornadus-Therian, M|100/100
|move|p2a: Tapu Lele|Psychic|p1a: Tornadus
|-damage|p1a: Tornadus|29/100
|
|-damage|p1a: Tornadus|17/100|[from] item: Black Sludge
|upkeep
|turn|124
|inactive|Hostile Takeovers has 60 seconds left.
|
|t:|1667821423
|move|p2a: Tapu Lele|Psychic|p1a: Tornadus
|-damage|p1a: Tornadus|0 fnt
|faint|p1a: Tornadus
|
|-fieldend|move: Psychic Terrain
|upkeep
|
|t:|1667821429
|switch|p1a: Corviknight|Corviknight, M|39/100
|-ability|p1a: Corviknight|Pressure
|turn|125
|inactive|Hostile Takeovers has 60 seconds left.
|
|t:|1667821446
|switch|p2a: Slowking|Slowking-Galar, M|97/100 brn
|move|p1a: Corviknight|Roost|p1a: Corviknight
|-heal|p1a: Corviknight|89/100
|-singleturn|p1a: Corviknight|move: Roost
|
|-damage|p2a: Slowking|91/100 brn|[from] brn
|upkeep
|turn|126
|
|t:|1667821455
|switch|p2a: Garchomp|Garchomp, F|100/100
|move|p1a: Corviknight|U-turn|p2a: Garchomp
|-damage|p2a: Garchomp|88/100
|-damage|p1a: Corviknight|77/100|[from] ability: Rough Skin|[of] p2a: Garchomp
|
|t:|1667821459
|switch|p1a: Clefable|Clefable, M|71/100|[from]move: U-turn
|
|-heal|p2a: Garchomp|95/100|[from] item: Leftovers
|-heal|p1a: Clefable|77/100|[from] item: Leftovers
|upkeep
|turn|127
|inactive|Hostile Takeovers has 60 seconds left.
|
|t:|1667821464
|switch|p2a: Slowking|Slowking-Galar, M|100/100 brn
|switch|p1a: Corviknight|Corviknight, M|77/100
|-ability|p1a: Corviknight|Pressure
|
|-damage|p2a: Slowking|94/100 brn|[from] brn
|upkeep
|turn|128
|inactive|Hostile Takeovers has 60 seconds left.
|
|t:|1667821469
|switch|p1a: Heatran|Heatran, F|16/100
|switch|p2a: Garchomp|Garchomp, F|95/100
|
|-heal|p2a: Garchomp|100/100|[from] item: Leftovers
|upkeep
|turn|129
|inactive|Hostile Takeovers has 60 seconds left.
|
|t:|1667821476
|switch|p1a: Corviknight|Corviknight, M|77/100
|-ability|p1a: Corviknight|Pressure
|move|p2a: Garchomp|Earthquake|p1a: Corviknight
|-immune|p1a: Corviknight
|
|upkeep
|turn|130
|
|t:|1667821482
|move|p2a: Garchomp|Flamethrower|p1a: Corviknight
|-supereffective|p1a: Corviknight
|-damage|p1a: Corviknight|50/100
|move|p1a: Corviknight|Defog|p2a: Garchomp
|-unboost|p2a: Garchomp|evasion|1
|
|upkeep
|turn|131
|inactive|Hostile Takeovers has 60 seconds left.
|
|t:|1667821494
|move|p2a: Garchomp|Stealth Rock|p1a: Corviknight
|-sidestart|p1: BTLT200$ SF'|move: Stealth Rock
|move|p1a: Corviknight|Roost|p1a: Corviknight
|-heal|p1a: Corviknight|99/100
|-singleturn|p1a: Corviknight|move: Roost
|
|upkeep
|turn|132
|inactive|Hostile Takeovers has 60 seconds left.
|
|t:|1667821506
|move|p2a: Garchomp|Flamethrower|p1a: Corviknight
|-supereffective|p1a: Corviknight
|-damage|p1a: Corviknight|73/100
|move|p1a: Corviknight|Defog|p2a: Garchomp
|-unboost|p2a: Garchomp|evasion|1
|-sideend|p1: BTLT200$ SF'|Stealth Rock|[from] move: Defog|[of] p1a: Corviknight
|
|upkeep
|turn|133
|
|t:|1667821526
|move|p2a: Garchomp|Stealth Rock|p1a: Corviknight
|-sidestart|p1: BTLT200$ SF'|move: Stealth Rock
|move|p1a: Corviknight|Defog|p2a: Garchomp
|-unboost|p2a: Garchomp|evasion|1
|-sideend|p1: BTLT200$ SF'|Stealth Rock|[from] move: Defog|[of] p1a: Corviknight
|
|upkeep
|turn|134
|
|t:|1667821534
|switch|p2a: Slowking|Slowking-Galar, M|100/100 brn
|move|p1a: Corviknight|Defog|p2a: Slowking
|-unboost|p2a: Slowking|evasion|1
|
|-damage|p2a: Slowking|94/100 brn|[from] brn
|upkeep
|turn|135
|
|t:|1667821541
|switch|p1a: Heatran|Heatran, F|16/100
|switch|p2a: Garchomp|Garchomp, F|100/100
|
|upkeep
|turn|136
|
|t:|1667821550
|switch|p1a: Corviknight|Corviknight, M|73/100
|-ability|p1a: Corviknight|Pressure
|move|p2a: Garchomp|Flamethrower|p1a: Corviknight
|-supereffective|p1a: Corviknight
|-damage|p1a: Corviknight|45/100
|
|upkeep
|turn|137
|
|t:|1667821558
|move|p2a: Garchomp|Flamethrower|p1a: Corviknight
|-supereffective|p1a: Corviknight
|-damage|p1a: Corviknight|18/100
|move|p1a: Corviknight|Roost|p1a: Corviknight
|-heal|p1a: Corviknight|68/100
|-singleturn|p1a: Corviknight|move: Roost
|
|upkeep
|turn|138
|
|t:|1667821577
|switch|p2a: Slowking|Slowking-Galar, M|100/100 brn
|move|p1a: Corviknight|Roost|p1a: Corviknight
|-heal|p1a: Corviknight|100/100
|-singleturn|p1a: Corviknight|move: Roost
|
|-damage|p2a: Slowking|94/100 brn|[from] brn
|upkeep
|turn|139
|
|t:|1667821586
|switch|p1a: Heatran|Heatran, F|16/100
|move|p2a: Slowking|Nasty Plot|p2a: Slowking
|-boost|p2a: Slowking|spa|2
|
|-damage|p2a: Slowking|88/100 brn|[from] brn
|upkeep
|turn|140
|
|t:|1667821596
|switch|p2a: Garchomp|Garchomp, F|100/100
|move|p1a: Heatran|Rest|p1a: Heatran
|-status|p1a: Heatran|slp|[from] move: Rest
|-heal|p1a: Heatran|100/100 slp|[silent]
|
|upkeep
|turn|141
|
|t:|1667821609
|switch|p1a: Corviknight|Corviknight, M|100/100
|-ability|p1a: Corviknight|Pressure
|move|p2a: Garchomp|Stealth Rock|p1a: Corviknight
|-sidestart|p1: BTLT200$ SF'|move: Stealth Rock
|
|upkeep
|turn|142
|
|t:|1667821616
|switch|p2a: Ferrothorn|Ferrothorn, M|100/100
|move|p1a: Corviknight|Defog|p2a: Ferrothorn
|-unboost|p2a: Ferrothorn|evasion|1
|-sideend|p1: BTLT200$ SF'|Stealth Rock|[from] move: Defog|[of] p1a: Corviknight
|
|upkeep
|turn|143
|
|t:|1667821622
|move|p1a: Corviknight|Body Press|p2a: Ferrothorn
|-supereffective|p2a: Ferrothorn
|-crit|p2a: Ferrothorn
|-damage|p2a: Ferrothorn|54/100
|-damage|p1a: Corviknight|88/100|[from] ability: Iron Barbs|[of] p2a: Ferrothorn
|-damage|p1a: Corviknight|71/100|[from] item: Rocky Helmet|[of] p2a: Ferrothorn
|move|p2a: Ferrothorn|Spikes|p1a: Corviknight
|-sidestart|p1: BTLT200$ SF'|Spikes
|
|upkeep
|turn|144
|
|t:|1667821631
|move|p1a: Corviknight|Defog|p2a: Ferrothorn
|-unboost|p2a: Ferrothorn|evasion|1
|-sideend|p1: BTLT200$ SF'|Spikes|[from] move: Defog|[of] p1a: Corviknight
|move|p2a: Ferrothorn|Leech Seed|p1a: Corviknight|[miss]
|-miss|p2a: Ferrothorn|p1a: Corviknight
|
|upkeep
|turn|145
|
|t:|1667821645
|switch|p2a: Tapu Lele|Tapu Lele, shiny|88/100
|-fieldstart|move: Psychic Terrain|[from] ability: Psychic Surge|[of] p2a: Tapu Lele
|move|p1a: Corviknight|Body Press|p2a: Tapu Lele
|-resisted|p2a: Tapu Lele
|-damage|p2a: Tapu Lele|78/100
|
|upkeep
|turn|146
|
|t:|1667821661
|switch|p1a: Heatran|Heatran, F|100/100 slp
|move|p2a: Tapu Lele|Psyshock|p1a: Heatran
|-resisted|p1a: Heatran
|-damage|p1a: Heatran|74/100 slp
|
|upkeep
|turn|147
|
|t:|1667821671
|move|p2a: Tapu Lele|Psyshock|p1a: Heatran
|-resisted|p1a: Heatran
|-damage|p1a: Heatran|51/100 slp
|cant|p1a: Heatran|slp
|
|upkeep
|turn|148
|
|t:|1667821676
|move|p2a: Tapu Lele|Psyshock|p1a: Heatran
|-resisted|p1a: Heatran
|-damage|p1a: Heatran|29/100 slp
|cant|p1a: Heatran|slp
|
|upkeep
|turn|149
|
|t:|1667821681
|switch|p2a: Garchomp|Garchomp, F|100/100
|-curestatus|p1a: Heatran|slp|[msg]
|move|p1a: Heatran|Rest|p1a: Heatran
|-status|p1a: Heatran|slp|[from] move: Rest
|-heal|p1a: Heatran|100/100 slp|[silent]
|
|-fieldend|move: Psychic Terrain
|upkeep
|turn|150
|
|t:|1667821691
|switch|p2a: Tapu Lele|Tapu Lele, shiny|78/100
|-fieldstart|move: Psychic Terrain|[from] ability: Psychic Surge|[of] p2a: Tapu Lele
|switch|p1a: Corviknight|Corviknight, M|71/100
|-ability|p1a: Corviknight|Pressure
|
|upkeep
|turn|151
|
|t:|1667821697
|switch|p1a: Heatran|Heatran, F|100/100 slp
|move|p2a: Tapu Lele|Psyshock|p1a: Heatran
|-resisted|p1a: Heatran
|-damage|p1a: Heatran|77/100 slp
|
|upkeep
|turn|152
|
|t:|1667821704
|move|p2a: Tapu Lele|Psyshock|p1a: Heatran
|-resisted|p1a: Heatran
|-damage|p1a: Heatran|51/100 slp
|cant|p1a: Heatran|slp
|
|upkeep
|turn|153
|
|t:|1667821709
|move|p2a: Tapu Lele|Psyshock|p1a: Heatran
|-resisted|p1a: Heatran
|-damage|p1a: Heatran|28/100 slp
|cant|p1a: Heatran|slp
|
|upkeep
|turn|154
|
|t:|1667821716
|move|p2a: Tapu Lele|Psyshock|p1a: Heatran
|-resisted|p1a: Heatran
|-damage|p1a: Heatran|3/100 slp
|-curestatus|p1a: Heatran|slp|[msg]
|move|p1a: Heatran|Rest|p1a: Heatran
|-status|p1a: Heatran|slp|[from] move: Rest
|-heal|p1a: Heatran|100/100 slp|[silent]
|
|-fieldend|move: Psychic Terrain
|upkeep
|turn|155
|
|t:|1667821725
|switch|p2a: Garchomp|Garchomp, F|100/100
|cant|p1a: Heatran|slp
|
|upkeep
|turn|156
|
|t:|1667821734
|switch|p2a: Slowking|Slowking-Galar, M|100/100 brn
|switch|p1a: Corviknight|Corviknight, M|71/100
|-ability|p1a: Corviknight|Pressure
|
|-damage|p2a: Slowking|94/100 brn|[from] brn
|upkeep
|turn|157
|
|t:|1667821749
|switch|p1a: Heatran|Heatran, F|100/100 slp
|switch|p2a: Garchomp|Garchomp, F|100/100
|
|upkeep
|turn|158
|
|t:|1667821771
|switch|p2a: Slowking|Slowking-Galar, M|100/100 brn
|switch|p1a: Corviknight|Corviknight, M|71/100
|-ability|p1a: Corviknight|Pressure
|
|-damage|p2a: Slowking|94/100 brn|[from] brn
|upkeep
|turn|159
|
|t:|1667821775
|switch|p1a: Heatran|Heatran, F|100/100 slp
|switch|p2a: Ferrothorn|Ferrothorn, M|54/100
|
|upkeep
|turn|160
|l| BTLT200$ Power
|
|t:|1667821783
|cant|p1a: Heatran|slp
|move|p2a: Ferrothorn|Spikes|p1a: Heatran
|-sidestart|p1: BTLT200$ SF'|Spikes
|
|upkeep
|turn|161
|
|t:|1667821796
|switch|p2a: Garchomp|Garchomp, F|100/100
|-curestatus|p1a: Heatran|slp|[msg]
|move|p1a: Heatran|Taunt|p2a: Garchomp
|-start|p2a: Garchomp|move: Taunt
|
|upkeep
|turn|162
|
|t:|1667821804
|switch|p2a: Mandibuzz|Mandibuzz, F|100/100
|switch|p1a: Corviknight|Corviknight, M|71/100
|-ability|p1a: Corviknight|Pressure
|
|upkeep
|turn|163
|
|t:|1667821818
|switch|p2a: Garchomp|Garchomp, F|100/100
|move|p1a: Corviknight|Body Press|p2a: Garchomp
|-damage|p2a: Garchomp|78/100
|-damage|p1a: Corviknight|59/100|[from] ability: Rough Skin|[of] p2a: Garchomp
|
|-heal|p2a: Garchomp|85/100|[from] item: Leftovers
|upkeep
|turn|164
|
|t:|1667821833
|switch|p2a: Tapu Lele|Tapu Lele, shiny|78/100
|-fieldstart|move: Psychic Terrain|[from] ability: Psychic Surge|[of] p2a: Tapu Lele
|move|p1a: Corviknight|Roost|p1a: Corviknight
|-heal|p1a: Corviknight|100/100
|-singleturn|p1a: Corviknight|move: Roost
|
|upkeep
|turn|165
|inactive|BTLT200$ SF' has 120 seconds left.
|
|t:|1667821857
|switch|p1a: Heatran|Heatran, F|100/100
|-damage|p1a: Heatran|88/100|[from] Spikes
|move|p2a: Tapu Lele|Psyshock|p1a: Heatran
|-resisted|p1a: Heatran
|-damage|p1a: Heatran|63/100
|
|upkeep
|turn|166
|
|t:|1667821872
|switch|p2a: Garchomp|Garchomp, F|85/100
|move|p1a: Heatran|Magma Storm|p2a: Garchomp
|-resisted|p2a: Garchomp
|-damage|p2a: Garchomp|71/100
|-activate|p2a: Garchomp|move: Magma Storm|[of] p1a: Heatran
|
|-heal|p2a: Garchomp|77/100|[from] item: Leftovers
|-damage|p2a: Garchomp|65/100|[from] move: Magma Storm|[partiallytrapped]
|upkeep
|turn|167
|
|t:|1667821883
|switch|p1a: Corviknight|Corviknight, M|100/100
|-ability|p1a: Corviknight|Pressure
|move|p2a: Garchomp|Earthquake|p1a: Corviknight
|-immune|p1a: Corviknight
|
|-heal|p2a: Garchomp|71/100|[from] item: Leftovers
|-end|p2a: Garchomp|Magma Storm|[partiallytrapped]|[silent]
|upkeep
|turn|168
|
|t:|1667821894
|switch|p2a: Mandibuzz|Mandibuzz, F|100/100
|move|p1a: Corviknight|U-turn|p2a: Mandibuzz
|-damage|p2a: Mandibuzz|92/100
|
|t:|1667821895
|switch|p1a: Clefable|Clefable, M|77/100|[from]move: U-turn
|-damage|p1a: Clefable|64/100|[from] Spikes
|
|-heal|p1a: Clefable|70/100|[from] item: Leftovers
|-fieldend|move: Psychic Terrain
|upkeep
|turn|169
|
|t:|1667821906
|switch|p2a: Slowking|Slowking-Galar, M|100/100 brn
|move|p1a: Clefable|Soft-Boiled|p1a: Clefable
|-heal|p1a: Clefable|100/100
|
|-damage|p2a: Slowking|94/100 brn|[from] brn
|upkeep
|turn|170
|
|t:|1667821914
|switch|p1a: Corviknight|Corviknight, M|100/100
|-ability|p1a: Corviknight|Pressure
|move|p2a: Slowking|Nasty Plot|p2a: Slowking
|-boost|p2a: Slowking|spa|2
|
|-damage|p2a: Slowking|88/100 brn|[from] brn
|upkeep
|turn|171
|
|t:|1667821923
|switch|p1a: Heatran|Heatran, F|63/100
|-damage|p1a: Heatran|51/100|[from] Spikes
|move|p2a: Slowking|Psychic|p1a: Heatran
|-resisted|p1a: Heatran
|-damage|p1a: Heatran|31/100
|
|-damage|p2a: Slowking|82/100 brn|[from] brn
|upkeep
|turn|172
|
|t:|1667821932
|switch|p2a: Garchomp|Garchomp, F|71/100
|move|p1a: Heatran|Rest|p1a: Heatran
|-status|p1a: Heatran|slp|[from] move: Rest
|-heal|p1a: Heatran|100/100 slp|[silent]
|
|-heal|p2a: Garchomp|77/100|[from] item: Leftovers
|upkeep
|turn|173
|
|t:|1667821938
|switch|p2a: Tapu Lele|Tapu Lele, shiny|78/100
|-fieldstart|move: Psychic Terrain|[from] ability: Psychic Surge|[of] p2a: Tapu Lele
|switch|p1a: Corviknight|Corviknight, M|100/100
|-ability|p1a: Corviknight|Pressure
|
|upkeep
|turn|174
|
|t:|1667821944
|move|p2a: Tapu Lele|Psyshock|p1a: Corviknight
|-resisted|p1a: Corviknight
|-damage|p1a: Corviknight|82/100
|move|p1a: Corviknight|Defog|p2a: Tapu Lele
|-unboost|p2a: Tapu Lele|evasion|1
|-sideend|p1: BTLT200$ SF'|Spikes|[from] move: Defog|[of] p1a: Corviknight
|-fieldend|move: Psychic Terrain
|
|upkeep
|turn|175
|
|t:|1667821954
|switch|p2a: Ferrothorn|Ferrothorn, M|54/100
|switch|p1a: Clefable|Clefable, M|100/100
|
|upkeep
|turn|176
|inactive|BTLT200$ SF' has 120 seconds left.
|
|t:|1667821968
|switch|p1a: Heatran|Heatran, F|100/100 slp
|move|p2a: Ferrothorn|Spikes|p1a: Heatran
|-sidestart|p1: BTLT200$ SF'|Spikes
|
|upkeep
|turn|177
|inactive|BTLT200$ SF' has 120 seconds left.
|
|t:|1667821978
|cant|p1a: Heatran|slp
|move|p2a: Ferrothorn|Body Press|p1a: Heatran
|-supereffective|p1a: Heatran
|-damage|p1a: Heatran|49/100 slp
|
|upkeep
|turn|178
|inactive|BTLT200$ SF' has 120 seconds left.
|
|t:|1667821987
|switch|p1a: Corviknight|Corviknight, M|82/100
|-ability|p1a: Corviknight|Pressure
|move|p2a: Ferrothorn|Body Press|p1a: Corviknight
|-damage|p1a: Corviknight|62/100
|
|upkeep
|turn|179
|inactive|Hostile Takeovers has 30 seconds left.
|
|t:|1667822006
|switch|p2a: Tapu Lele|Tapu Lele, shiny|78/100
|-fieldstart|move: Psychic Terrain|[from] ability: Psychic Surge|[of] p2a: Tapu Lele
|move|p1a: Corviknight|Defog|p2a: Tapu Lele
|-unboost|p2a: Tapu Lele|evasion|1
|-sideend|p1: BTLT200$ SF'|Spikes|[from] move: Defog|[of] p1a: Corviknight
|-fieldend|move: Psychic Terrain
|
|upkeep
|turn|180
|inactive|Hostile Takeovers has 30 seconds left.
|
|t:|1667822016
|move|p2a: Tapu Lele|Focus Blast|p1a: Corviknight
|-crit|p1a: Corviknight
|-damage|p1a: Corviknight|2/100
|move|p1a: Corviknight|U-turn|p2a: Tapu Lele
|-damage|p2a: Tapu Lele|57/100
|inactive|Hostile Takeovers has 25 seconds left this turn.
|
|t:|1667822019
|switch|p1a: Clefable|Clefable, M|100/100|[from]move: U-turn
|
|upkeep
|turn|181
|inactive|Hostile Takeovers has 30 seconds left this turn.
|inactive|Hostile Takeovers has 20 seconds left.
|
|t:|1667822031
|switch|p2a: Garchomp|Garchomp, F|77/100
|move|p1a: Clefable|Calm Mind|p1a: Clefable
|-boost|p1a: Clefable|spa|1
|-boost|p1a: Clefable|spd|1
|
|-heal|p2a: Garchomp|84/100|[from] item: Leftovers
|upkeep
|turn|182
|inactive|Hostile Takeovers has 20 seconds left this turn.
|inactive|Hostile Takeovers has 15 seconds left.
|inactive|Hostile Takeovers has 10 seconds left.
|
|t:|1667822043
|move|p2a: Garchomp|Stealth Rock|p1a: Clefable
|-sidestart|p1: BTLT200$ SF'|move: Stealth Rock
|move|p1a: Clefable|Calm Mind|p1a: Clefable
|-boost|p1a: Clefable|spa|1
|-boost|p1a: Clefable|spd|1
|
|-heal|p2a: Garchomp|90/100|[from] item: Leftovers
|upkeep
|turn|183
|inactive|Hostile Takeovers has 15 seconds left this turn.
|
|t:|1667822048
|switch|p2a: Slowking|Slowking-Galar, M|100/100 brn
|move|p1a: Clefable|Moonblast|p2a: Slowking
|-resisted|p2a: Slowking
|-damage|p2a: Slowking|74/100 brn
|
|-damage|p2a: Slowking|68/100 brn|[from] brn
|upkeep
|turn|184
|inactive|Hostile Takeovers has 15 seconds left this turn.
|inactive|Hostile Takeovers has 10 seconds left.
|
|t:|1667822053
|move|p1a: Clefable|Calm Mind|p1a: Clefable
|-boost|p1a: Clefable|spa|1
|-boost|p1a: Clefable|spd|1
|move|p2a: Slowking|Trick|p1a: Clefable
|-activate|p2a: Slowking|move: Trick|[of] p1a: Clefable
|-enditem|p1a: Clefable|Leftovers|[silent]|[from] move: Trick
|-item|p2a: Slowking|Leftovers|[from] move: Trick
|
|-heal|p2a: Slowking|74/100 brn|[from] item: Leftovers
|-damage|p2a: Slowking|68/100 brn|[from] brn
|upkeep
|turn|185
|inactive|Hostile Takeovers has 15 seconds left this turn.
|
|t:|1667822058
|move|p1a: Clefable|Calm Mind|p1a: Clefable
|-boost|p1a: Clefable|spa|1
|-boost|p1a: Clefable|spd|1
|move|p2a: Slowking|Sludge Bomb|p1a: Clefable
|-supereffective|p1a: Clefable
|-damage|p1a: Clefable|78/100
|-status|p1a: Clefable|psn
|
|-heal|p2a: Slowking|74/100 brn|[from] item: Leftovers
|-damage|p1a: Clefable|65/100 psn|[from] psn
|-damage|p2a: Slowking|68/100 brn|[from] brn
|upkeep
|turn|186
|inactive|Hostile Takeovers has 15 seconds left this turn.
|j| zabanya8
|inactive|Hostile Takeovers has 10 seconds left.
|
|t:|1667822064
|move|p1a: Clefable|Aromatherapy|p1a: Clefable
|-activate|p1a: Clefable|move: Aromatherapy
|-curestatus|p1a: Clefable|psn|[msg]
|-curestatus|p1: Heatran|slp|[msg]
|move|p2a: Slowking|Sludge Bomb|p1a: Clefable
|-supereffective|p1a: Clefable
|-damage|p1a: Clefable|45/100
|
|-heal|p2a: Slowking|74/100 brn|[from] item: Leftovers
|-damage|p2a: Slowking|68/100 brn|[from] brn
|upkeep
|turn|187
|inactive|Hostile Takeovers has 15 seconds left this turn.
|j| meatroll
|inactive|Hostile Takeovers has 10 seconds left.
|
|t:|1667822072
|move|p1a: Clefable|Soft-Boiled|p1a: Clefable
|-heal|p1a: Clefable|95/100
|move|p2a: Slowking|Nasty Plot|p2a: Slowking
|-boost|p2a: Slowking|spa|2
|
|-heal|p2a: Slowking|74/100 brn|[from] item: Leftovers
|-damage|p2a: Slowking|68/100 brn|[from] brn
|upkeep
|turn|188
|inactive|Hostile Takeovers has 10 seconds left this turn.
|
|t:|1667822080
|move|p1a: Clefable|Calm Mind|p1a: Clefable
|-boost|p1a: Clefable|spa|1
|-boost|p1a: Clefable|spd|1
|move|p2a: Slowking|Sludge Bomb|p1a: Clefable
|-supereffective|p1a: Clefable
|-damage|p1a: Clefable|79/100
|
|-heal|p2a: Slowking|74/100 brn|[from] item: Leftovers
|-damage|p2a: Slowking|68/100 brn|[from] brn
|upkeep
|turn|189
|inactive|Hostile Takeovers has 15 seconds left this turn.
|inactive|Hostile Takeovers has 10 seconds left.
|
|t:|1667822087
|move|p1a: Clefable|Calm Mind|p1a: Clefable
|-boost|p1a: Clefable|spa|1
|-boost|p1a: Clefable|spd|1
|move|p2a: Slowking|Sludge Bomb|p1a: Clefable
|-supereffective|p1a: Clefable
|-damage|p1a: Clefable|63/100
|-status|p1a: Clefable|psn
|
|-heal|p2a: Slowking|74/100 brn|[from] item: Leftovers
|-damage|p1a: Clefable|51/100 psn|[from] psn
|-damage|p2a: Slowking|68/100 brn|[from] brn
|upkeep
|turn|190
|inactive|Hostile Takeovers has 10 seconds left this turn.
|
|t:|1667822097
|switch|p2a: Ferrothorn|Ferrothorn, M|54/100
|move|p1a: Clefable|Soft-Boiled|p1a: Clefable
|-heal|p1a: Clefable|100/100 psn
|
|-damage|p1a: Clefable|88/100 psn|[from] psn
|upkeep
|turn|191
|inactive|Hostile Takeovers has 15 seconds left this turn.
|
|t:|1667822102
|move|p1a: Clefable|Moonblast|p2a: Ferrothorn
|-resisted|p2a: Ferrothorn
|-damage|p2a: Ferrothorn|3/100
|move|p2a: Ferrothorn|Leech Seed|p1a: Clefable|[miss]
|-miss|p2a: Ferrothorn|p1a: Clefable
|
|-damage|p1a: Clefable|76/100 psn|[from] psn
|upkeep
|turn|192
|inactive|Hostile Takeovers has 15 seconds left this turn.
|inactive|Hostile Takeovers has 10 seconds left.
|l| zabanya8
|inactive|Hostile Takeovers has 5 seconds left.
|
|t:|1667822112
|move|p1a: Clefable|Aromatherapy|p1a: Clefable
|-activate|p1a: Clefable|move: Aromatherapy
|-curestatus|p1a: Clefable|psn|[msg]
|move|p2a: Ferrothorn|Body Press|p1a: Clefable
|-resisted|p1a: Clefable
|-damage|p1a: Clefable|64/100
|
|upkeep
|turn|193
|inactive|Hostile Takeovers has 10 seconds left this turn.
|
|t:|1667822116
|switch|p2a: Slowking|Slowking-Galar, M|100/100 brn
|move|p1a: Clefable|Soft-Boiled|p1a: Clefable
|-heal|p1a: Clefable|100/100
|
|-damage|p2a: Slowking|94/100 brn|[from] brn
|upkeep
|turn|194
|inactive|Hostile Takeovers has 10 seconds left this turn.
|inactive|Hostile Takeovers has 5 seconds left.
|
|t:|1667822122
|move|p1a: Clefable|Moonblast|p2a: Slowking
|-resisted|p2a: Slowking
|-damage|p2a: Slowking|38/100 brn
|move|p2a: Slowking|Sludge Bomb|p1a: Clefable
|-supereffective|p1a: Clefable
|-damage|p1a: Clefable|84/100
|
|-heal|p2a: Slowking|44/100 brn|[from] item: Leftovers
|-damage|p2a: Slowking|38/100 brn|[from] brn
|upkeep
|turn|195
|inactive|Hostile Takeovers has 10 seconds left this turn.
|inactive|Hostile Takeovers has 5 seconds left.
|
|t:|1667822128
|switch|p2a: Ferrothorn|Ferrothorn, M|3/100
|move|p1a: Clefable|Moonblast|p2a: Ferrothorn
|-resisted|p2a: Ferrothorn
|-damage|p2a: Ferrothorn|0 fnt
|faint|p2a: Ferrothorn
|
|upkeep
|inactive|Hostile Takeovers has 5 seconds left this turn.
|
|t:|1667822132
|switch|p2a: Slowking|Slowking-Galar, M|71/100 brn
|turn|196
|inactive|Hostile Takeovers has 10 seconds left this turn.
|
|t:|1667822134
|move|p1a: Clefable|Moonblast|p2a: Slowking
|-resisted|p2a: Slowking
|-damage|p2a: Slowking|15/100 brn
|move|p2a: Slowking|Sludge Bomb|p1a: Clefable
|-supereffective|p1a: Clefable
|-damage|p1a: Clefable|68/100
|
|-heal|p2a: Slowking|21/100 brn|[from] item: Leftovers
|-damage|p2a: Slowking|15/100 brn|[from] brn
|upkeep
|turn|197
|inactive|Hostile Takeovers has 10 seconds left this turn.
|inactive|Hostile Takeovers has 5 seconds left.
|inactive|BTLT200$ SF' has 120 seconds left.
|
|t:|1667822147
|switch|p2a: Mandibuzz|Mandibuzz, F|92/100
|move|p1a: Clefable|Moonblast|p2a: Mandibuzz
|-supereffective|p2a: Mandibuzz
|-damage|p2a: Mandibuzz|0 fnt
|faint|p2a: Mandibuzz
|
|upkeep
|inactive|Hostile Takeovers has 10 seconds left this turn.
|
|t:|1667822149
|switch|p2a: Slowking|Slowking-Galar, M|48/100 brn
|turn|198
|inactive|Hostile Takeovers has 10 seconds left this turn.
|
|t:|1667822154
|move|p1a: Clefable|Moonblast|p2a: Slowking
|-resisted|p2a: Slowking
|-damage|p2a: Slowking|0 fnt
|faint|p2a: Slowking
|
|upkeep
|inactive|Hostile Takeovers has 15 seconds left this turn.
|inactive|Hostile Takeovers has 10 seconds left.
|c|☆BTLT200$ SF'|gg
|
|t:|1667822162
|switch|p2a: Garchomp|Garchomp, F|90/100
|turn|199
|inactive|Hostile Takeovers has 10 seconds left this turn.
|
|t:|1667822166
|move|p2a: Garchomp|Toxic|p1a: Clefable
|-status|p1a: Clefable|tox
|move|p1a: Clefable|Moonblast|p2a: Garchomp
|-supereffective|p2a: Garchomp
|-damage|p2a: Garchomp|0 fnt
|faint|p2a: Garchomp
|
|-damage|p1a: Clefable|62/100 tox|[from] psn
|upkeep
|inactive|Hostile Takeovers has 15 seconds left this turn.
|
|t:|1667822170
|switch|p2a: Tapu Lele|Tapu Lele, shiny|57/100
|-fieldstart|move: Psychic Terrain|[from] ability: Psychic Surge|[of] p2a: Tapu Lele
|turn|200
|inactive|Hostile Takeovers has 15 seconds left this turn.
|
|t:|1667822172
|move|p2a: Tapu Lele|Psyshock|p1a: Clefable
|-damage|p1a: Clefable|18/100 tox
|move|p1a: Clefable|Moonblast|p2a: Tapu Lele
|-damage|p2a: Tapu Lele|0 fnt
|faint|p2a: Tapu Lele
|
|win|BTLT200$ SF'
|inactive|Hostile Takeovers has 15 seconds left this turn.
|raw|BTLT200$ SF&apos;'s rating: 1686 &rarr; <strong>1715</strong><br />(+29 for winning)
|raw|Hostile Takeovers's rating: 1846 &rarr; <strong>1817</strong><br />(-29 for losing)
|l|☆Hostile Takeovers
|l| Ctannn
|l| meatroll
|l| sam1903
||Ladder isn't responding, score probably updated but might not have (Request timeout).
