|j|☆BugCatcherWeevil
|j|☆Sombra Diurna
|t:|1649695382
|gametype|singles
|player|p1|BugCatcherWeevil|101|1750
|player|p2|Sombra Diurna|blue|1781
|teamsize|p1|6
|teamsize|p2|6
|gen|8
|tier|[Gen 8] OU
|rated|
|rule|Sleep Clause Mod: Limit one foe put to sleep
|rule|Species Clause: Limit one of each Pokémon
|rule|OHKO Clause: OHKO moves are banned
|rule|Evasion Moves Clause: Evasion moves are banned
|rule|Endless Battle Clause: Forcing endless battles is banned
|rule|HP Percentage Mod: HP is shown in percentages
|rule|Dynamax Clause: You cannot dynamax
|clearpoke
|poke|p1|Ninetales-Alola, M|
|poke|p1|Arctozolt|
|poke|p1|Landorus-Therian, M|
|poke|p1|Corviknight, F|
|poke|p1|Tornadus-Therian, M|
|poke|p1|Volcanion|
|poke|p2|Marowak-Alola, M|
|poke|p2|Slowbro, M|
|poke|p2|Hatterene, F|
|poke|p2|Garchomp, M|
|poke|p2|Ferrothorn, M|
|poke|p2|Drampa, M|
|teampreview
|j| Pokedot777
|inactive|Battle timer is ON: inactive players will automatically lose when time's up. (requested by Sombra Diurna)
|j| Nesnot
|j| Jjjddd
|l| Jjjddd
|
|t:|1649695407
|start
|switch|p1a: Tornadus|Tornadus-Therian, M|100/100
|switch|p2a: Sharko|Garchomp, M|100/100
|turn|1
|j| ItJustSamX
|
|t:|1649695415
|move|p1a: Tornadus|U-turn|p2a: Sharko
|-damage|p2a: Sharko|87/100
|-damage|p1a: Tornadus|88/100|[from] ability: Rough Skin|[of] p2a: Sharko
|
|t:|1649695418
|switch|p1a: Corviknight|Corviknight, F|100/100|[from]move: U-turn
|-ability|p1a: Corviknight|Pressure
|move|p2a: Sharko|Swords Dance|p2a: Sharko
|-boost|p2a: Sharko|atk|2
|
|-heal|p2a: Sharko|93/100|[from] item: Leftovers
|upkeep
|turn|2
|
|t:|1649695426
|switch|p1a: Ninetales|Ninetales-Alola, M|100/100
|-weather|Hail|[from] ability: Snow Warning|[of] p1a: Ninetales
|move|p2a: Sharko|Scale Shot|p1a: Ninetales
|-immune|p1a: Ninetales
|
|-weather|Hail|[upkeep]
|-damage|p2a: Sharko|87/100|[from] Hail
|-heal|p2a: Sharko|93/100|[from] item: Leftovers
|upkeep
|turn|3
|n| dhhuhsus|nesnot
|
|t:|1649695436
|switch|p2a: Thorns|Ferrothorn, M|100/100
|move|p1a: Ninetales|Freeze-Dry|p2a: Thorns
|-damage|p2a: Thorns|87/100
|
|-weather|Hail|[upkeep]
|-damage|p2a: Thorns|81/100|[from] Hail
|upkeep
|turn|4
|
|t:|1649695445
|switch|p1a: Volcanion|Volcanion|100/100
|move|p2a: Thorns|Stealth Rock|p1a: Volcanion
|-sidestart|p1: BugCatcherWeevil|move: Stealth Rock
|
|-weather|Hail|[upkeep]
|-damage|p1a: Volcanion|94/100|[from] Hail
|-damage|p2a: Thorns|74/100|[from] Hail
|upkeep
|turn|5
|
|t:|1649695452
|switch|p2a: Falkor|Drampa, M|100/100
|move|p1a: Volcanion|Fire Blast|p2a: Falkor
|-resisted|p2a: Falkor
|-damage|p2a: Falkor|57/100
|-status|p2a: Falkor|brn
|
|-weather|Hail|[upkeep]
|-damage|p1a: Volcanion|88/100|[from] Hail
|-damage|p2a: Falkor|51/100 brn|[from] Hail
|-damage|p2a: Falkor|45/100 brn|[from] brn
|upkeep
|turn|6
|
|t:|1649695469
|switch|p1a: Corviknight|Corviknight, F|100/100
|-damage|p1a: Corviknight|88/100|[from] Stealth Rock
|-ability|p1a: Corviknight|Pressure
|move|p2a: Falkor|Roost|p2a: Falkor
|-heal|p2a: Falkor|95/100 brn
|-singleturn|p2a: Falkor|move: Roost
|
|-weather|Hail|[upkeep]
|-damage|p1a: Corviknight|82/100|[from] Hail
|-damage|p2a: Falkor|89/100 brn|[from] Hail
|-damage|p2a: Falkor|83/100 brn|[from] brn
|upkeep
|turn|7
|
|t:|1649695480
|move|p1a: Corviknight|Defog|p2a: Falkor
|-unboost|p2a: Falkor|evasion|1
|-sideend|p1: BugCatcherWeevil|Stealth Rock|[from] move: Defog|[of] p1a: Corviknight
|move|p2a: Falkor|Thunderbolt|p1a: Corviknight
|-supereffective|p1a: Corviknight
|-damage|p1a: Corviknight|2/100
|
|-weather|Hail|[upkeep]
|-damage|p1a: Corviknight|0 fnt|[from] Hail
|-damage|p2a: Falkor|77/100 brn|[from] Hail
|faint|p1a: Corviknight
|-damage|p2a: Falkor|71/100 brn|[from] brn
|upkeep
|
|t:|1649695493
|switch|p1a: Arctozolt|Arctozolt|100/100
|turn|8
|
|t:|1649695496
|move|p1a: Arctozolt|Substitute|p1a: Arctozolt
|-start|p1a: Arctozolt|Substitute
|-damage|p1a: Arctozolt|76/100
|move|p2a: Falkor|Focus Blast|p1a: Arctozolt|[miss]
|-miss|p2a: Falkor|p1a: Arctozolt
|
|-weather|Hail|[upkeep]
|-damage|p2a: Falkor|65/100 brn|[from] Hail
|-heal|p1a: Arctozolt|82/100|[from] item: Leftovers
|-damage|p2a: Falkor|58/100 brn|[from] brn
|upkeep
|turn|9
|c|☆Sombra Diurna|of curse
|j| RNGesus
|
|t:|1649695509
|switch|p2a: Thorns|Ferrothorn, M|74/100
|move|p1a: Arctozolt|Blizzard|p2a: Thorns
|-damage|p2a: Thorns|51/100
|
|-weather|none
|-heal|p1a: Arctozolt|88/100|[from] item: Leftovers
|upkeep
|turn|10
|
|t:|1649695516
|move|p1a: Arctozolt|Low Kick|p2a: Thorns
|-supereffective|p2a: Thorns
|-damage|p2a: Thorns|7/100
|-damage|p1a: Arctozolt|76/100|[from] ability: Iron Barbs|[of] p2a: Thorns
|move|p2a: Thorns|Gyro Ball|p1a: Arctozolt
|-end|p1a: Arctozolt|Substitute
|
|-heal|p1a: Arctozolt|82/100|[from] item: Leftovers
|upkeep
|turn|11
|
|t:|1649695525
|move|p1a: Arctozolt|Low Kick|p2a: Thorns
|-supereffective|p2a: Thorns
|-damage|p2a: Thorns|0 fnt
|-damage|p1a: Arctozolt|69/100|[from] ability: Iron Barbs|[of] p2a: Thorns
|faint|p2a: Thorns
|
|-heal|p1a: Arctozolt|76/100|[from] item: Leftovers
|upkeep
|j| BobRobGetAJob
|
|t:|1649695532
|switch|p2a: Sharko|Garchomp, M|93/100
|turn|12
|
|t:|1649695537
|switch|p1a: Ninetales|Ninetales-Alola, M|100/100
|-weather|Hail|[from] ability: Snow Warning|[of] p1a: Ninetales
|move|p2a: Sharko|Stone Edge|p1a: Ninetales
|-supereffective|p1a: Ninetales
|-damage|p1a: Ninetales|12/100
|
|-weather|Hail|[upkeep]
|-damage|p2a: Sharko|87/100|[from] Hail
|-heal|p2a: Sharko|93/100|[from] item: Leftovers
|upkeep
|turn|13
|
|t:|1649695547
|switch|p2a: Gorra|Hatterene, F, shiny|100/100
|move|p1a: Ninetales|Pain Split|p2a: Gorra
|-sethp|p2a: Gorra|57/100|[from] move: Pain Split|[silent]
|-sethp|p1a: Ninetales|52/100|[from] move: Pain Split
|
|-weather|Hail|[upkeep]
|-damage|p2a: Gorra|51/100|[from] Hail
|upkeep
|turn|14
|
|t:|1649695556
|switch|p1a: Volcanion|Volcanion|88/100
|move|p2a: Gorra|Trick Room|p2a: Gorra
|-fieldstart|move: Trick Room|[of] p2a: Gorra
|
|-weather|Hail|[upkeep]
|-damage|p2a: Gorra|45/100|[from] Hail
|-damage|p1a: Volcanion|82/100|[from] Hail
|upkeep
|turn|15
|
|t:|1649695565
|move|p2a: Gorra|Healing Wish|p2a: Gorra
|faint|p2a: Gorra
|move|p1a: Volcanion|Steam Eruption|p2: Gorra|[notarget]
|-fail|p1a: Volcanion
|
|-weather|Hail|[upkeep]
|-damage|p1a: Volcanion|76/100|[from] Hail
|upkeep
|
|t:|1649695581
|switch|p2a: Billy B.|Marowak-Alola, M, shiny|100/100
|turn|16
|
|t:|1649695586
|switch|p1a: Landorus|Landorus-Therian, M|100/100
|-ability|p1a: Landorus|Intimidate|boost
|-unboost|p2a: Billy B.|atk|1
|move|p2a: Billy B.|Poltergeist|p1a: Landorus
|-activate|p1a: Landorus|move: Poltergeist|Leftovers
|-damage|p1a: Landorus|44/100
|
|-weather|Hail|[upkeep]
|-damage|p2a: Billy B.|94/100|[from] Hail
|-damage|p1a: Landorus|38/100|[from] Hail
|-heal|p1a: Landorus|44/100|[from] item: Leftovers
|upkeep
|turn|17
|
|t:|1649695598
|switch|p1a: Tornadus|Tornadus-Therian, M|100/100
|move|p2a: Billy B.|Poltergeist|p1a: Tornadus
|-activate|p1a: Tornadus|move: Poltergeist|Assault Vest
|-damage|p1a: Tornadus|42/100
|
|-weather|Hail|[upkeep]
|-damage|p2a: Billy B.|88/100|[from] Hail
|-damage|p1a: Tornadus|36/100|[from] Hail
|upkeep
|turn|18
|l| RNGesus
|
|t:|1649695614
|switch|p2a: Sonso|Slowbro, M|100/100
|switch|p1a: Landorus|Landorus-Therian, M|44/100
|-ability|p1a: Landorus|Intimidate|boost
|-unboost|p2a: Sonso|atk|1
|
|-weather|Hail|[upkeep]
|-damage|p2a: Sonso|94/100|[from] Hail
|-damage|p1a: Landorus|38/100|[from] Hail
|-heal|p1a: Landorus|44/100|[from] item: Leftovers
|-fieldend|move: Trick Room
|upkeep
|turn|19
|
|t:|1649695625
|move|p1a: Landorus|U-turn|p2a: Sonso
|-supereffective|p2a: Sonso
|-damage|p2a: Sonso|67/100
|
|t:|1649695630
|switch|p1a: Arctozolt|Arctozolt|76/100|[from]move: U-turn
|move|p2a: Sonso|Trick Room|p2a: Sonso
|-fieldstart|move: Trick Room|[of] p2a: Sonso
|
|-weather|none
|-heal|p1a: Arctozolt|82/100|[from] item: Leftovers
|upkeep
|turn|20
|
|t:|1649695639
|move|p2a: Sonso|Body Press|p1a: Arctozolt
|-supereffective|p1a: Arctozolt
|-damage|p1a: Arctozolt|19/100
|move|p1a: Arctozolt|Bolt Beak|p2a: Sonso
|-supereffective|p2a: Sonso
|-damage|p2a: Sonso|24/100
|
|-heal|p1a: Arctozolt|25/100|[from] item: Leftovers
|upkeep
|turn|21
|j| Jjjddd
|l| Jjjddd
|
|t:|1649695659
|switch|p1a: Tornadus|Tornadus-Therian, M|69/100
|move|p2a: Sonso|Scald|p1a: Tornadus
|-damage|p1a: Tornadus|50/100
|
|upkeep
|turn|22
|
|t:|1649695665
|move|p2a: Sonso|Slack Off|p2a: Sonso
|-heal|p2a: Sonso|74/100
|move|p1a: Tornadus|U-turn|p2a: Sonso
|-supereffective|p2a: Sonso
|-damage|p2a: Sonso|59/100
|
|t:|1649695672
|switch|p1a: Ninetales|Ninetales-Alola, M|52/100|[from]move: U-turn
|-weather|Hail|[from] ability: Snow Warning|[of] p1a: Ninetales
|
|-weather|Hail|[upkeep]
|-damage|p2a: Sonso|53/100|[from] Hail
|upkeep
|turn|23
|
|t:|1649695685
|switch|p2a: Billy B.|Marowak-Alola, M, shiny|88/100
|-heal|p2a: Billy B.|100/100|[from] move: Healing Wish
|move|p1a: Ninetales|Aurora Veil|p1a: Ninetales
|-sidestart|p1: BugCatcherWeevil|move: Aurora Veil
|
|-weather|Hail|[upkeep]
|-damage|p2a: Billy B.|94/100|[from] Hail
|-fieldend|move: Trick Room
|upkeep
|turn|24
|
|t:|1649695701
|switch|p1a: Volcanion|Volcanion|76/100
|switch|p2a: Sonso|Slowbro, M|86/100
|
|-weather|Hail|[upkeep]
|-damage|p1a: Volcanion|70/100|[from] Hail
|-damage|p2a: Sonso|80/100|[from] Hail
|upkeep
|turn|25
|j| Littlegreatape
|
|t:|1649695709
|move|p1a: Volcanion|Sludge Wave|p2a: Sonso
|-damage|p2a: Sonso|25/100
|move|p2a: Sonso|Slack Off|p2a: Sonso
|-heal|p2a: Sonso|75/100
|
|-weather|Hail|[upkeep]
|-damage|p1a: Volcanion|64/100|[from] Hail
|-damage|p2a: Sonso|69/100|[from] Hail
|upkeep
|turn|26
|
|t:|1649695717
|switch|p2a: Sharko|Garchomp, M|93/100
|move|p1a: Volcanion|Sludge Wave|p2a: Sharko
|-resisted|p2a: Sharko
|-damage|p2a: Sharko|65/100
|
|-weather|Hail|[upkeep]
|-damage|p2a: Sharko|59/100|[from] Hail
|-damage|p1a: Volcanion|57/100|[from] Hail
|-heal|p2a: Sharko|65/100|[from] item: Leftovers
|upkeep
|turn|27
|
|t:|1649695748
|switch|p1a: Landorus|Landorus-Therian, M|44/100
|-ability|p1a: Landorus|Intimidate|boost
|-unboost|p2a: Sharko|atk|1
|move|p2a: Sharko|Stone Edge|p1a: Landorus
|-damage|p1a: Landorus|31/100
|
|-weather|Hail|[upkeep]
|-damage|p2a: Sharko|59/100|[from] Hail
|-damage|p1a: Landorus|25/100|[from] Hail
|-heal|p2a: Sharko|65/100|[from] item: Leftovers
|-heal|p1a: Landorus|31/100|[from] item: Leftovers
|-sideend|p1: BugCatcherWeevil|move: Aurora Veil
|upkeep
|turn|28
|
|t:|1649695763
|switch|p2a: Sonso|Slowbro, M|100/100
|move|p1a: Landorus|Toxic|p2a: Sonso
|-status|p2a: Sonso|tox
|
|-weather|Hail|[upkeep]
|-damage|p1a: Landorus|25/100|[from] Hail
|-damage|p2a: Sonso|94/100 tox|[from] Hail
|-heal|p1a: Landorus|31/100|[from] item: Leftovers
|-damage|p2a: Sonso|88/100 tox|[from] psn
|upkeep
|turn|29
|
|t:|1649695774
|move|p1a: Landorus|U-turn|p2a: Sonso
|-supereffective|p2a: Sonso
|-damage|p2a: Sonso|62/100 tox
|
|t:|1649695778
|switch|p1a: Tornadus|Tornadus-Therian, M|83/100|[from]move: U-turn
|move|p2a: Sonso|Trick Room|p2a: Sonso
|-fieldstart|move: Trick Room|[of] p2a: Sonso
|
|-weather|none
|-damage|p2a: Sonso|50/100 tox|[from] psn
|upkeep
|turn|30
|
|t:|1649695789
|switch|p2a: Falkor|Drampa, M|58/100 brn
|move|p1a: Tornadus|U-turn|p2a: Falkor
|-damage|p2a: Falkor|43/100 brn
|-ability|p2a: Falkor|Berserk|boost
|-boost|p2a: Falkor|spa|1
|
|t:|1649695801
|switch|p1a: Landorus|Landorus-Therian, M|31/100|[from]move: U-turn
|-ability|p1a: Landorus|Intimidate|boost
|-unboost|p2a: Falkor|atk|1
|
|-heal|p1a: Landorus|37/100|[from] item: Leftovers
|-damage|p2a: Falkor|37/100 brn|[from] brn
|upkeep
|turn|31
|
|t:|1649695809
|switch|p1a: Tornadus|Tornadus-Therian, M|100/100
|move|p2a: Falkor|Ice Beam|p1a: Tornadus
|-supereffective|p1a: Tornadus
|-damage|p1a: Tornadus|14/100
|
|-damage|p2a: Falkor|31/100 brn|[from] brn
|upkeep
|turn|32
|j| sdifuhasijffdg
|
|t:|1649695832
|switch|p1a: Ninetales|Ninetales-Alola, M|52/100
|-weather|Hail|[from] ability: Snow Warning|[of] p1a: Ninetales
|move|p2a: Falkor|Thunderbolt|p1a: Ninetales
|-damage|p1a: Ninetales|0 fnt
|faint|p1a: Ninetales
|
|-weather|Hail|[upkeep]
|-damage|p2a: Falkor|25/100 brn|[from] Hail
|-damage|p2a: Falkor|19/100 brn|[from] brn
|upkeep
|
|t:|1649695838
|switch|p1a: Tornadus|Tornadus-Therian, M|47/100
|turn|33
|
|t:|1649695852
|switch|p1a: Landorus|Landorus-Therian, M|37/100
|-ability|p1a: Landorus|Intimidate|boost
|-unboost|p2a: Falkor|atk|1
|move|p2a: Falkor|Thunderbolt|p1a: Landorus
|-immune|p1a: Landorus
|
|-weather|Hail|[upkeep]
|-damage|p2a: Falkor|13/100 brn|[from] Hail
|-damage|p1a: Landorus|31/100|[from] Hail
|-heal|p1a: Landorus|37/100|[from] item: Leftovers
|-damage|p2a: Falkor|7/100 brn|[from] brn
|-fieldend|move: Trick Room
|upkeep
|turn|34
|inactive|Sombra Diurna has 120 seconds left.
|
|t:|1649695885
|move|p1a: Landorus|U-turn|p2a: Falkor
|-damage|p2a: Falkor|0 fnt
|faint|p2a: Falkor
|
|t:|1649695889
|switch|p1a: Arctozolt|Arctozolt|25/100|[from]move: U-turn
|
|-weather|Hail|[upkeep]
|-heal|p1a: Arctozolt|31/100|[from] item: Leftovers
|upkeep
|
|t:|1649695896
|switch|p2a: Billy B.|Marowak-Alola, M, shiny|94/100
|turn|35
|inactive|Sombra Diurna has 120 seconds left.
|
|t:|1649695913
|move|p1a: Arctozolt|Bolt Beak|p2a: Billy B.
|-damage|p2a: Billy B.|26/100
|move|p2a: Billy B.|Poltergeist|p1a: Arctozolt
|-activate|p1a: Arctozolt|move: Poltergeist|Leftovers
|-damage|p1a: Arctozolt|0 fnt
|faint|p1a: Arctozolt
|
|-weather|Hail|[upkeep]
|-damage|p2a: Billy B.|19/100|[from] Hail
|upkeep
|j| Cassaltdra
|
|t:|1649695922
|switch|p1a: Tornadus|Tornadus-Therian, M|81/100
|turn|36
|
|t:|1649695929
|switch|p2a: Sonso|Slowbro, M|83/100 tox
|move|p1a: Tornadus|Knock Off|p2a: Sonso
|-supereffective|p2a: Sonso
|-enditem|p2a: Sonso|Colbur Berry|[eat]
|-enditem|p2a: Sonso|Colbur Berry|[weaken]
|-damage|p2a: Sonso|71/100 tox
|
|-weather|Hail|[upkeep]
|-damage|p1a: Tornadus|74/100|[from] Hail
|-damage|p2a: Sonso|65/100 tox|[from] Hail
|-damage|p2a: Sonso|59/100 tox|[from] psn
|upkeep
|turn|37
|
|t:|1649695939
|move|p1a: Tornadus|U-turn|p2a: Sonso
|-supereffective|p2a: Sonso
|-damage|p2a: Sonso|43/100 tox
|
|t:|1649695942
|switch|p1a: Landorus|Landorus-Therian, M|37/100|[from]move: U-turn
|-ability|p1a: Landorus|Intimidate|boost
|-unboost|p2a: Sonso|atk|1
|move|p2a: Sonso|Trick Room|p2a: Sonso
|-fieldstart|move: Trick Room|[of] p2a: Sonso
|
|-weather|Hail|[upkeep]
|-damage|p2a: Sonso|37/100 tox|[from] Hail
|-damage|p1a: Landorus|31/100|[from] Hail
|-heal|p1a: Landorus|37/100|[from] item: Leftovers
|-damage|p2a: Sonso|25/100 tox|[from] psn
|upkeep
|turn|38
|
|t:|1649695952
|switch|p1a: Volcanion|Volcanion|57/100
|move|p2a: Sonso|Body Press|p1a: Volcanion
|-damage|p1a: Volcanion|32/100
|
|-weather|Hail|[upkeep]
|-damage|p2a: Sonso|19/100 tox|[from] Hail
|-damage|p1a: Volcanion|26/100|[from] Hail
|-damage|p2a: Sonso|0 fnt|[from] psn
|faint|p2a: Sonso
|upkeep
|
|t:|1649695961
|switch|p2a: Billy B.|Marowak-Alola, M, shiny|19/100
|turn|39
|
|t:|1649695971
|move|p2a: Billy B.|Poltergeist|p1a: Volcanion
|-activate|p1a: Volcanion|move: Poltergeist|Choice Specs
|-crit|p1a: Volcanion
|-damage|p1a: Volcanion|0 fnt
|faint|p1a: Volcanion
|
|-weather|none
|upkeep
|j| cute pink team
|
|t:|1649695974
|switch|p1a: Landorus|Landorus-Therian, M|37/100
|-ability|p1a: Landorus|Intimidate|boost
|-unboost|p2a: Billy B.|atk|1
|turn|40
|
|t:|1649695980
|switch|p1a: Tornadus|Tornadus-Therian, M|100/100
|move|p2a: Billy B.|Flare Blitz|p1a: Tornadus
|-damage|p1a: Tornadus|34/100
|
|upkeep
|turn|41
|
|t:|1649695991
|move|p2a: Billy B.|Flare Blitz|p1a: Tornadus
|-damage|p1a: Tornadus|0 fnt
|faint|p1a: Tornadus
|
|-fieldend|move: Trick Room
|upkeep
|
|t:|1649695992
|switch|p1a: Landorus|Landorus-Therian, M|37/100
|-ability|p1a: Landorus|Intimidate|boost
|-unboost|p2a: Billy B.|atk|1
|turn|42
|
|t:|1649695999
|move|p1a: Landorus|Earthquake|p2a: Billy B.
|-supereffective|p2a: Billy B.
|-damage|p2a: Billy B.|0 fnt
|faint|p2a: Billy B.
|
|-heal|p1a: Landorus|43/100|[from] item: Leftovers
|upkeep
|
|t:|1649696004
|switch|p2a: Sharko|Garchomp, M|65/100
|turn|43
|
|t:|1649696011
|move|p2a: Sharko|Swords Dance|p2a: Sharko
|-boost|p2a: Sharko|atk|2
|move|p1a: Landorus|Earthquake|p2a: Sharko
|-damage|p2a: Sharko|15/100
|
|-heal|p2a: Sharko|21/100|[from] item: Leftovers
|-heal|p1a: Landorus|49/100|[from] item: Leftovers
|upkeep
|turn|44
|
|t:|1649696019
|move|p2a: Sharko|Scale Shot|p1a: Landorus
|-damage|p1a: Landorus|23/100
|-damage|p1a: Landorus|0 fnt
|faint|p1a: Landorus
|-hitcount|p1: Landorus|2
|
|win|Sombra Diurna
|raw|BugCatcherWeevil's rating: 1750 &rarr; <strong>1732</strong><br />(-18 for losing)
|raw|Sombra Diurna's rating: 1781 &rarr; <strong>1799</strong><br />(+18 for winning)
|l| Littlegreatape
|l| Cassaltdra
|l|☆BugCatcherWeevil
|l| ItJustSamX
||Ladder isn't responding, score probably updated but might not have (Request timeout).
