|j|☆hadahada
|j|☆learningisfreedom
|t:|1631422725
|gametype|singles
|player|p1|hadahada|gentleman-gen4dp|1242
|player|p2|learningisfreedom|hiker-gen4|1231
|teamsize|p1|6
|teamsize|p2|6
|gen|8
|tier|[Gen 8] OU
|rated|
|rule|Sleep Clause Mod: Limit one foe put to sleep
|rule|Species Clause: Limit one of each Pokémon
|rule|OHKO Clause: OHKO moves are banned
|rule|Evasion Moves Clause: Evasion moves are banned
|rule|Endless Battle Clause: Forcing endless battles is banned
|rule|HP Percentage Mod: HP is shown in percentages
|rule|Dynamax Clause: You cannot dynamax
|clearpoke
|poke|p1|Dragapult, M|
|poke|p1|Zapdos|
|poke|p1|Garchomp, M|
|poke|p1|Toxapex, F|
|poke|p1|Tapu Lele|
|poke|p1|Scizor, F|
|poke|p2|Rillaboom, M|
|poke|p2|Tapu Koko|
|poke|p2|Weezing-Galar, F|
|poke|p2|Heatran, M|
|poke|p2|Latias, F|
|poke|p2|Persian-Alola, F|
|teampreview
|inactive|Battle timer is ON: inactive players will automatically lose when time's up. (requested by hadahada)
|
|t:|1631422736
|start
|switch|p1a: Dragapult|Dragapult, M|100/100
|switch|p2a: Persian|Persian-Alola, F|100/100
|turn|1
|
|t:|1631422744
|move|p1a: Dragapult|U-turn|p2a: Persian
|-supereffective|p2a: Persian
|-damage|p2a: Persian|84/100
|
|t:|1631422747
|switch|p1a: Scizor|Scizor, F|100/100|[from]move: U-turn
|move|p2a: Persian|Switcheroo|p1a: Scizor
|-activate|p2a: Persian|move: Trick|[of] p1a: Scizor
|-item|p1a: Scizor|Lagging Tail|[from] move: Switcheroo
|-item|p2a: Persian|Heavy-Duty Boots|[from] move: Switcheroo
|
|upkeep
|turn|2
|
|t:|1631422768
|move|p2a: Persian|Parting Shot|p1a: Scizor
|-unboost|p1a: Scizor|atk|1
|-unboost|p1a: Scizor|spa|1
|
|t:|1631422774
|switch|p2a: Weezing|Weezing-Galar, F|100/100|[from]move: Parting Shot
|move|p1a: Scizor|Knock Off|p2a: Weezing
|-resisted|p2a: Weezing
|-crit|p2a: Weezing
|-damage|p2a: Weezing|86/100
|-enditem|p2a: Weezing|Leftovers|[from] move: Knock Off|[of] p1a: Scizor
|
|upkeep
|turn|3
|
|t:|1631422783
|move|p2a: Weezing|Will-O-Wisp|p1a: Scizor
|-status|p1a: Scizor|brn
|move|p1a: Scizor|Swords Dance|p1a: Scizor
|-boost|p1a: Scizor|atk|2
|
|-damage|p1a: Scizor|94/100 brn|[from] brn
|upkeep
|turn|4
|
|t:|1631422799
|switch|p2a: Heatran|Heatran, M|100/100
|move|p1a: Scizor|Swords Dance|p1a: Scizor
|-boost|p1a: Scizor|atk|2
|
|-damage|p1a: Scizor|88/100 brn|[from] brn
|upkeep
|turn|5
|inactive|learningisfreedom has 120 seconds left.
|
|t:|1631422824
|move|p2a: Heatran|Magma Storm|p1a: Scizor
|-supereffective|p1a: Scizor
|-damage|p1a: Scizor|0 fnt
|faint|p1a: Scizor
|
|upkeep
|c|☆learningisfreedom|aattataata lets not BLOW this out of proportion.....
|
|t:|1631422833
|switch|p1a: Garchomp|Garchomp, M|100/100
|turn|6
|
|t:|1631422841
|switch|p2a: Persian|Persian-Alola, F|84/100
|move|p1a: Garchomp|Swords Dance|p1a: Garchomp
|-boost|p1a: Garchomp|atk|2
|
|upkeep
|turn|7
|inactive|learningisfreedom has 120 seconds left.
|
|t:|1631422857
|move|p1a: Garchomp|Scale Shot|p2a: Persian
|-damage|p2a: Persian|69/100
|-damage|p2a: Persian|56/100
|-damage|p2a: Persian|43/100
|-damage|p2a: Persian|29/100
|-hitcount|p2a: Persian|4
|-unboost|p1a: Garchomp|def|1
|-boost|p1a: Garchomp|spe|1
|move|p2a: Persian|Toxic|p1a: Garchomp
|-status|p1a: Garchomp|tox
|
|-damage|p1a: Garchomp|94/100 tox|[from] psn
|upkeep
|turn|8
|inactive|learningisfreedom has 120 seconds left.
|
|t:|1631422871
|switch|p2a: Weezing|Weezing-Galar, F|86/100
|move|p1a: Garchomp|Earthquake|p2a: Weezing
|-immune|p2a: Weezing|[from] ability: Levitate
|
|-heal|p1a: Garchomp|100/100 tox|[from] item: Leftovers
|-damage|p1a: Garchomp|88/100 tox|[from] psn
|upkeep
|turn|9
|inactive|learningisfreedom has 120 seconds left.
|
|t:|1631422887
|move|p1a: Garchomp|Fire Fang|p2a: Weezing
|-damage|p2a: Weezing|54/100
|move|p2a: Weezing|Sludge Bomb|p1a: Garchomp
|-resisted|p1a: Garchomp
|-damage|p1a: Garchomp|72/100 tox
|
|-heal|p1a: Garchomp|79/100 tox|[from] item: Leftovers
|-damage|p1a: Garchomp|60/100 tox|[from] psn
|upkeep
|turn|10
|inactive|learningisfreedom has 120 seconds left.
|
|t:|1631422904
|move|p1a: Garchomp|Fire Fang|p2a: Weezing
|-damage|p2a: Weezing|25/100
|move|p2a: Weezing|Sludge Bomb|p1a: Garchomp
|-resisted|p1a: Garchomp
|-damage|p1a: Garchomp|44/100 tox
|
|-heal|p1a: Garchomp|50/100 tox|[from] item: Leftovers
|-damage|p1a: Garchomp|26/100 tox|[from] psn
|upkeep
|turn|11
|
|t:|1631422912
|move|p1a: Garchomp|Earthquake|p2a: Weezing
|-immune|p2a: Weezing|[from] ability: Levitate
|move|p2a: Weezing|Sludge Bomb|p1a: Garchomp
|-resisted|p1a: Garchomp
|-damage|p1a: Garchomp|10/100 tox
|
|-heal|p1a: Garchomp|16/100 tox|[from] item: Leftovers
|-damage|p1a: Garchomp|0 fnt|[from] psn
|faint|p1a: Garchomp
|upkeep
|
|t:|1631422921
|switch|p1a: Dragapult|Dragapult, M|100/100
|turn|12
|inactive|learningisfreedom has 120 seconds left.
|
|t:|1631422934
|switch|p2a: Heatran|Heatran, M|100/100
|move|p1a: Dragapult|Shadow Ball|p2a: Heatran
|-damage|p2a: Heatran|70/100
|-unboost|p2a: Heatran|spd|1
|
|-heal|p2a: Heatran|76/100|[from] item: Leftovers
|upkeep
|turn|13
|inactive|learningisfreedom has 120 seconds left.
|
|t:|1631422946
|move|p1a: Dragapult|Shadow Ball|p2a: Heatran
|-damage|p2a: Heatran|31/100
|move|p2a: Heatran|Toxic|p1a: Dragapult
|-status|p1a: Dragapult|tox
|
|-heal|p2a: Heatran|37/100|[from] item: Leftovers
|-damage|p1a: Dragapult|95/100 tox|[from] psn
|upkeep
|turn|14
|inactive|learningisfreedom has 120 seconds left.
|
|t:|1631422960
|switch|p2a: Weezing|Weezing-Galar, F|25/100
|move|p1a: Dragapult|Shadow Ball|p2a: Weezing
|-damage|p2a: Weezing|0 fnt
|faint|p2a: Weezing
|
|-damage|p1a: Dragapult|83/100 tox|[from] psn
|upkeep
|inactive|learningisfreedom has 120 seconds left.
|
|t:|1631422968
|switch|p2a: Tapu Koko|Tapu Koko|100/100
|-fieldstart|move: Electric Terrain|[from] ability: Electric Surge|[of] p2a: Tapu Koko
|turn|15
|
|t:|1631422973
|move|p1a: Dragapult|Shadow Ball|p2a: Tapu Koko
|-damage|p2a: Tapu Koko|24/100
|move|p2a: Tapu Koko|Light Screen|p2a: Tapu Koko
|-sidestart|p2: learningisfreedom|move: Light Screen
|
|-damage|p1a: Dragapult|65/100 tox|[from] psn
|upkeep
|turn|16
|
|t:|1631422986
|move|p1a: Dragapult|Shadow Ball|p2a: Tapu Koko
|-damage|p2a: Tapu Koko|0 fnt
|faint|p2a: Tapu Koko
|
|-damage|p1a: Dragapult|41/100 tox|[from] psn
|upkeep
|
|t:|1631422992
|switch|p2a: Latias|Latias, F|100/100
|turn|17
|
|t:|1631423000
|move|p1a: Dragapult|Shadow Ball|p2a: Latias
|-supereffective|p2a: Latias
|-damage|p2a: Latias|22/100
|-enditem|p2a: Latias|Weakness Policy
|-boost|p2a: Latias|atk|2|[from] item: Weakness Policy
|-boost|p2a: Latias|spa|2|[from] item: Weakness Policy
|move|p2a: Latias|Agility|p2a: Latias
|-boost|p2a: Latias|spe|2
|
|-damage|p1a: Dragapult|11/100 tox|[from] psn
|upkeep
|turn|18
|
|t:|1631423011
|move|p2a: Latias|Stored Power|p1a: Dragapult
|-damage|p1a: Dragapult|0 fnt
|faint|p1a: Dragapult
|
|upkeep
|
|t:|1631423014
|switch|p1a: Zapdos|Zapdos|100/100
|turn|19
|
|t:|1631423018
|move|p2a: Latias|Stored Power|p1a: Zapdos
|-damage|p1a: Zapdos|0 fnt
|faint|p1a: Zapdos
|
|-fieldend|move: Electric Terrain
|upkeep
|
|t:|1631423020
|switch|p1a: Tapu Lele|Tapu Lele|100/100
|-fieldstart|move: Psychic Terrain|[from] ability: Psychic Surge|[of] p1a: Tapu Lele
|turn|20
|
|t:|1631423025
|move|p2a: Latias|Stored Power|p1a: Tapu Lele
|-resisted|p1a: Tapu Lele
|-damage|p1a: Tapu Lele|30/100
|move|p1a: Tapu Lele|Moonblast|p2a: Latias
|-supereffective|p2a: Latias
|-damage|p2a: Latias|0 fnt
|faint|p2a: Latias
|
|upkeep
|
|t:|1631423035
|switch|p2a: Rillaboom|Rillaboom, M|100/100
|-fieldstart|move: Grassy Terrain|[from] ability: Grassy Surge|[of] p2a: Rillaboom
|turn|21
|
|t:|1631423043
|switch|p1a: Toxapex|Toxapex, F|100/100
|move|p2a: Rillaboom|Grassy Glide|p1a: Toxapex
|-damage|p1a: Toxapex|66/100
|
|-heal|p1a: Toxapex|72/100|[from] Grassy Terrain
|-heal|p1a: Toxapex|78/100|[from] item: Black Sludge
|upkeep
|turn|22
|
|t:|1631423052
|move|p2a: Rillaboom|Taunt|p1a: Toxapex
|-start|p1a: Toxapex|move: Taunt
|move|p1a: Toxapex|Scald|p2a: Rillaboom
|-resisted|p2a: Rillaboom
|-damage|p2a: Rillaboom|96/100
|-status|p2a: Rillaboom|brn
|
|-heal|p2a: Rillaboom|100/100 brn|[from] Grassy Terrain
|-heal|p1a: Toxapex|84/100|[from] Grassy Terrain
|-heal|p1a: Toxapex|90/100|[from] item: Black Sludge
|-damage|p2a: Rillaboom|94/100 brn|[from] brn
|-sideend|p2: learningisfreedom|move: Light Screen
|upkeep
|turn|23
|
|t:|1631423072
|move|p2a: Rillaboom|Leech Seed|p1a: Toxapex
|-start|p1a: Toxapex|move: Leech Seed
|move|p1a: Toxapex|Scald|p2a: Rillaboom
|-resisted|p2a: Rillaboom
|-damage|p2a: Rillaboom|85/100 brn
|
|-heal|p2a: Rillaboom|91/100 brn|[from] Grassy Terrain
|-heal|p2a: Rillaboom|97/100 brn|[from] item: Leftovers
|-heal|p1a: Toxapex|96/100|[from] Grassy Terrain
|-heal|p1a: Toxapex|100/100|[from] item: Black Sludge
|-damage|p1a: Toxapex|88/100|[from] Leech Seed|[of] p2a: Rillaboom
|-heal|p2a: Rillaboom|100/100 brn|[silent]
|-damage|p2a: Rillaboom|94/100 brn|[from] brn
|upkeep
|turn|24
|inactive|learningisfreedom has 120 seconds left.
|
|t:|1631423100
|switch|p1a: Tapu Lele|Tapu Lele|30/100
|-fieldstart|move: Psychic Terrain|[from] ability: Psychic Surge|[of] p1a: Tapu Lele
|move|p2a: Rillaboom|Grassy Glide|p1a: Tapu Lele
|-damage|p1a: Tapu Lele|0 fnt
|faint|p1a: Tapu Lele
|
|-heal|p2a: Rillaboom|100/100 brn|[from] item: Leftovers
|-damage|p2a: Rillaboom|94/100 brn|[from] brn
|upkeep
|-message|hadahada forfeited.
|
|win|learningisfreedom
|raw|hadahada's rating: 1242 &rarr; <strong>1216</strong><br />(-26 for losing)
|raw|learningisfreedom's rating: 1231 &rarr; <strong>1257</strong><br />(+26 for winning)
|l|☆hadahada
