|j|☆booby#jelly
|j|☆chansey and lulu
|t:|1664025494
|gametype|singles
|player|p1|booby#jelly|mira|1802
|player|p2|chansey and lulu|hooligans|1746
|teamsize|p1|6
|teamsize|p2|6
|gen|8
|tier|[Gen 8] OU
|rated|
|rule|Sleep Clause Mod: Limit one foe put to sleep
|rule|Species Clause: Limit one of each Pokémon
|rule|OHKO Clause: OHKO moves are banned
|rule|Evasion Items Clause: Evasion items are banned
|rule|Evasion Moves Clause: Evasion moves are banned
|rule|Endless Battle Clause: Forcing endless battles is banned
|rule|HP Percentage Mod: HP is shown in percentages
|rule|Dynamax Clause: You cannot dynamax
|clearpoke
|poke|p1|Hawlucha, F|
|poke|p1|Tapu Lele|
|poke|p1|Bisharp, M|
|poke|p1|Tapu Fini|
|poke|p1|Kartana|
|poke|p1|Ninetales-Alola, F|
|poke|p2|Tapu Lele|
|poke|p2|Blacephalon|
|poke|p2|Tyranitar, M|
|poke|p2|Landorus-Therian, M|
|poke|p2|Corviknight, M|
|poke|p2|Toxapex, M|
|teampreview
|inactive|Battle timer is ON: inactive players will automatically lose when time's up. (requested by booby#jelly)
|
|t:|1664025521
|start
|switch|p1a: 300|Bisharp, M, shiny|100/100
|switch|p2a: Tapu Lele|Tapu Lele|100/100
|-fieldstart|move: Psychic Terrain|[from] ability: Psychic Surge|[of] p2a: Tapu Lele
|turn|1
|
|t:|1664025530
|switch|p2a: Corviknight|Corviknight, M|100/100
|-ability|p2a: Corviknight|Pressure
|move|p1a: 300|Iron Head|p2a: Corviknight
|-resisted|p2a: Corviknight
|-damage|p2a: Corviknight|86/100
|-damage|p1a: 300|84/100|[from] item: Rocky Helmet|[of] p2a: Corviknight
|
|upkeep
|turn|2
|
|t:|1664025539
|move|p1a: 300|Knock Off|p2a: Corviknight
|-damage|p2a: Corviknight|57/100
|-damage|p1a: 300|67/100|[from] item: Rocky Helmet|[of] p2a: Corviknight
|-enditem|p2a: Corviknight|Rocky Helmet|[from] move: Knock Off|[of] p1a: 300
|move|p2a: Corviknight|U-turn|p1a: 300
|-damage|p1a: 300|50/100
|
|t:|1664025547
|switch|p2a: Tapu Lele|Tapu Lele|100/100|[from]move: U-turn
|
|upkeep
|turn|3
|
|t:|1664025551
|move|p2a: Tapu Lele|Moonblast|p1a: 300
|-damage|p1a: 300|0 fnt
|faint|p1a: 300
|
|upkeep
|
|t:|1664025555
|switch|p1a: PITOU|Kartana|100/100
|turn|4
|
|t:|1664025563
|switch|p2a: Toxapex|Toxapex, M|100/100
|move|p1a: PITOU|Swords Dance|p1a: PITOU
|-boost|p1a: PITOU|atk|2
|
|upkeep
|turn|5
|j| Dwentey22
|
|t:|1664025572
|move|p1a: PITOU|Leaf Blade|p2a: Toxapex
|-damage|p2a: Toxapex|0 fnt
|faint|p2a: Toxapex
|-ability|p1a: PITOU|Beast Boost|boost
|-boost|p1a: PITOU|atk|1
|-damage|p1a: PITOU|90/100|[from] item: Life Orb
|
|-fieldend|move: Psychic Terrain
|upkeep
|
|t:|1664025584
|switch|p2a: Tapu Lele|Tapu Lele|100/100
|-fieldstart|move: Psychic Terrain|[from] ability: Psychic Surge|[of] p2a: Tapu Lele
|turn|6
|
|t:|1664025588
|move|p2a: Tapu Lele|Psychic|p1a: PITOU
|-resisted|p1a: PITOU
|-damage|p1a: PITOU|0 fnt
|faint|p1a: PITOU
|
|upkeep
|
|t:|1664025595
|switch|p1a: UwU|Tapu Lele|100/100
|turn|7
|
|t:|1664025604
|switch|p2a: Landorus|Landorus-Therian, M|100/100
|-ability|p2a: Landorus|Intimidate|boost
|-unboost|p1a: UwU|atk|1
|move|p1a: UwU|Moonblast|p2a: Landorus
|-damage|p2a: Landorus|30/100
|
|-heal|p2a: Landorus|36/100|[from] item: Leftovers
|upkeep
|turn|8
|j| NDHB
|
|t:|1664025614
|move|p1a: UwU|Moonblast|p2a: Landorus
|-damage|p2a: Landorus|0 fnt
|faint|p2a: Landorus
|
|upkeep
|
|t:|1664025619
|switch|p2a: Blacephalon|Blacephalon|100/100
|turn|9
|
|t:|1664025623
|switch|p1a: ONE BIG TAIL !|Ninetales-Alola, F|100/100
|-weather|Hail|[from] ability: Snow Warning|[of] p1a: ONE BIG TAIL !
|move|p2a: Blacephalon|Shadow Ball|p1a: ONE BIG TAIL !
|-damage|p1a: ONE BIG TAIL !|17/100
|
|-weather|Hail|[upkeep]
|-damage|p2a: Blacephalon|94/100|[from] Hail
|upkeep
|turn|10
|
|t:|1664025635
|switch|p2a: Tyranitar|Tyranitar, M|100/100
|-weather|Sandstorm|[from] ability: Sand Stream|[of] p2a: Tyranitar
|move|p1a: ONE BIG TAIL !|Freeze-Dry|p2a: Tyranitar
|-damage|p2a: Tyranitar|83/100
|
|-weather|Sandstorm|[upkeep]
|-damage|p1a: ONE BIG TAIL !|11/100|[from] Sandstorm
|-fieldend|move: Psychic Terrain
|upkeep
|turn|11
|j| sack2005
|
|t:|1664025652
|switch|p2a: Corviknight|Corviknight, M|57/100
|-ability|p2a: Corviknight|Pressure
|move|p1a: ONE BIG TAIL !|Freeze-Dry|p2a: Corviknight
|-damage|p2a: Corviknight|31/100
|
|-weather|Sandstorm|[upkeep]
|-damage|p1a: ONE BIG TAIL !|5/100|[from] Sandstorm
|upkeep
|turn|12
|
|t:|1664025675
|switch|p1a: T'as Pas Fini ?|Tapu Fini|100/100
|-fieldstart|move: Misty Terrain|[from] ability: Misty Surge|[of] p1a: T'as Pas Fini ?
|move|p2a: Corviknight|Roost|p2a: Corviknight
|-heal|p2a: Corviknight|81/100
|-singleturn|p2a: Corviknight|move: Roost
|
|-weather|Sandstorm|[upkeep]
|-damage|p1a: T'as Pas Fini ?|94/100|[from] Sandstorm
|upkeep
|turn|13
|
|t:|1664025685
|move|p1a: T'as Pas Fini ?|Calm Mind|p1a: T'as Pas Fini ?
|-boost|p1a: T'as Pas Fini ?|spa|1
|-boost|p1a: T'as Pas Fini ?|spd|1
|move|p2a: Corviknight|U-turn|p1a: T'as Pas Fini ?
|-resisted|p1a: T'as Pas Fini ?
|-damage|p1a: T'as Pas Fini ?|89/100
|j| born with smaids
|j| TrainerElwin
|
|t:|1664025691
|switch|p2a: Tyranitar|Tyranitar, M|83/100|[from]move: U-turn
|
|-weather|Sandstorm|[upkeep]
|-damage|p1a: T'as Pas Fini ?|83/100|[from] Sandstorm
|upkeep
|turn|14
|
|t:|1664025698
|move|p2a: Tyranitar|Stone Edge|p1a: T'as Pas Fini ?
|-damage|p1a: T'as Pas Fini ?|26/100
|move|p1a: T'as Pas Fini ?|Calm Mind|p1a: T'as Pas Fini ?
|-boost|p1a: T'as Pas Fini ?|spa|1
|-boost|p1a: T'as Pas Fini ?|spd|1
|
|-weather|none
|upkeep
|turn|15
|
|t:|1664025707
|switch|p1a: ONE BIG TAIL !|Ninetales-Alola, F|5/100
|-weather|Hail|[from] ability: Snow Warning|[of] p1a: ONE BIG TAIL !
|move|p2a: Tyranitar|Stone Edge|p1a: ONE BIG TAIL !
|-supereffective|p1a: ONE BIG TAIL !
|-damage|p1a: ONE BIG TAIL !|0 fnt
|faint|p1a: ONE BIG TAIL !
|
|-weather|Hail|[upkeep]
|-damage|p2a: Tyranitar|77/100|[from] Hail
|upkeep
|j| ty-tyui↻
|
|t:|1664025716
|switch|p1a: UwU|Tapu Lele|100/100
|-fieldstart|move: Psychic Terrain|[from] ability: Psychic Surge|[of] p1a: UwU
|turn|16
|
|t:|1664025722
|switch|p2a: Corviknight|Corviknight, M|81/100
|-ability|p2a: Corviknight|Pressure
|move|p1a: UwU|Moonblast|p2a: Corviknight
|-resisted|p2a: Corviknight
|-damage|p2a: Corviknight|43/100
|-unboost|p2a: Corviknight|spa|1
|
|-weather|Hail|[upkeep]
|-damage|p1a: UwU|94/100|[from] Hail
|-damage|p2a: Corviknight|37/100|[from] Hail
|upkeep
|turn|17
|
|t:|1664025732
|move|p1a: UwU|Moonblast|p2a: Corviknight
|-resisted|p2a: Corviknight
|-damage|p2a: Corviknight|0 fnt
|faint|p2a: Corviknight
|
|-weather|Hail|[upkeep]
|-damage|p1a: UwU|88/100|[from] Hail
|upkeep
|
|t:|1664025739
|switch|p2a: Blacephalon|Blacephalon|94/100
|turn|18
|
|t:|1664025743
|switch|p1a: T'as Pas Fini ?|Tapu Fini|26/100
|-fieldstart|move: Misty Terrain|[from] ability: Misty Surge|[of] p1a: T'as Pas Fini ?
|move|p2a: Blacephalon|Shadow Ball|p1a: T'as Pas Fini ?
|-damage|p1a: T'as Pas Fini ?|0 fnt
|faint|p1a: T'as Pas Fini ?
|-ability|p2a: Blacephalon|Beast Boost|boost
|-boost|p2a: Blacephalon|spa|1
|
|-weather|Hail|[upkeep]
|-damage|p2a: Blacephalon|88/100|[from] Hail
|upkeep
|c| born with smaids|UwU
|
|t:|1664025755
|switch|p1a: Metroïd|Hawlucha, F|100/100
|turn|19
|
|t:|1664025763
|move|p2a: Blacephalon|Shadow Ball|p1a: Metroïd
|-damage|p1a: Metroïd|0 fnt
|faint|p1a: Metroïd
|-ability|p2a: Blacephalon|Beast Boost|boost
|-boost|p2a: Blacephalon|spa|1
|
|-weather|none
|upkeep
|-message|booby#jelly forfeited.
|
|win|chansey and lulu
|raw|booby#jelly's rating: 1802 &rarr; <strong>1779</strong><br />(-23 for losing)
|raw|chansey and lulu's rating: 1746 &rarr; <strong>1769</strong><br />(+23 for winning)
|l|☆booby#jelly
