|j|☆Frururue
|j|☆Gotmyvanson
|player|p1|Frururue|169|1217
|player|p2|Gotmyvanson|102|1254
|teamsize|p1|6
|teamsize|p2|6
|gametype|singles
|gen|8
|tier|[Gen 8] OU
|rated|
|clearpoke
|poke|p1|Persian, F|
|poke|p1|Tyranitar, F|
|poke|p1|Hydreigon, F|
|poke|p1|Gengar, M|
|poke|p1|Mandibuzz, F|
|poke|p1|Heliolisk, M|
|poke|p2|Dragapult, F|
|poke|p2|Clefable, F|
|poke|p2|Mew|
|poke|p2|Dracovish|
|poke|p2|Gyarados, F|
|poke|p2|Quagsire, F|
|rule|Sleep Clause Mod: Limit one foe put to sleep
|rule|Species Clause: Limit one of each Pokémon
|rule|OHKO Clause: OHKO moves are banned
|rule|Evasion Moves Clause: Evasion moves are banned
|rule|Endless Battle Clause: Forcing endless battles is banned
|rule|HP Percentage Mod: HP is shown in percentages
|rule|Dynamax Clause: You cannot dynamax
|teampreview
|
|start
|switch|p1a: Persian|Persian, F|100/100
|switch|p2a: Mew|Mew|100/100
|turn|1
|
|move|p1a: Persian|Fake Out|p2a: Mew
|-damage|p2a: Mew|83/100
|-enditem|p2a: Mew|Red Card|[of] p1a: Persian
|drag|p1a: Tyranitar|Tyranitar, F|100/100
|-weather|Sandstorm|[from] ability: Sand Stream|[of] p1a: Tyranitar
|cant|p2a: Mew|flinch
|
|-weather|Sandstorm|[upkeep]
|-damage|p2a: Mew|76/100|[from] Sandstorm
|upkeep
|turn|2
|
|move|p2a: Mew|Stealth Rock|p1a: Tyranitar
|-sidestart|p1: Frururue|move: Stealth Rock
|move|p1a: Tyranitar|Stone Edge|p2a: Mew
|-damage|p2a: Mew|31/100
|
|-weather|Sandstorm|[upkeep]
|-damage|p2a: Mew|25/100|[from] Sandstorm
|upkeep
|turn|3
|
|move|p2a: Mew|Spikes|p1a: Tyranitar
|-sidestart|p1: Frururue|Spikes
|move|p1a: Tyranitar|Stone Edge|p2a: Mew
|-damage|p2a: Mew|0 fnt
|faint|p2a: Mew
|
|-weather|Sandstorm|[upkeep]
|upkeep
|
|switch|p2a: Quagsire|Quagsire, F|100/100
|turn|4
|
|switch|p1a: Mandibuzz|Mandibuzz, F|100/100
|-damage|p1a: Mandibuzz|76/100|[from] Stealth Rock
|move|p2a: Quagsire|Scald|p1a: Mandibuzz
|-damage|p1a: Mandibuzz|61/100
|
|-weather|Sandstorm|[upkeep]
|upkeep
|turn|5
|
|switch|p2a: Clefable|Clefable, F|100/100
|move|p1a: Mandibuzz|Defog|p2a: Clefable
|-unboost|p2a: Clefable|evasion|1
|-sideend|p1: Frururue|Spikes|[from] move: Defog|[of] p1a: Mandibuzz
|-sideend|p1: Frururue|Stealth Rock|[from] move: Defog|[of] p1a: Mandibuzz
|
|-weather|none
|upkeep
|turn|6
|
|switch|p1a: Gengar|Gengar, M|100/100
|move|p2a: Clefable|Moonblast|p1a: Gengar
|-resisted|p1a: Gengar
|-damage|p1a: Gengar|57/100
|
|upkeep
|turn|7
|
|switch|p2a: Quagsire|Quagsire, F|100/100
|move|p1a: Gengar|Sludge Bomb|p2a: Quagsire
|-resisted|p2a: Quagsire
|-damage|p2a: Quagsire|70/100
|
|-heal|p2a: Quagsire|76/100|[from] item: Leftovers
|upkeep
|turn|8
|
|switch|p1a: Persian|Persian, F|100/100
|move|p2a: Quagsire|Toxic|p1a: Persian
|-status|p1a: Persian|tox
|
|-heal|p2a: Quagsire|82/100|[from] item: Leftovers
|-damage|p1a: Persian|95/100 tox|[from] psn
|upkeep
|turn|9
|
|move|p1a: Persian|Hypnosis|p2a: Quagsire
|-status|p2a: Quagsire|slp|[from] move: Hypnosis
|cant|p2a: Quagsire|slp
|
|-heal|p2a: Quagsire|88/100 slp|[from] item: Leftovers
|-damage|p1a: Persian|83/100 tox|[from] psn
|upkeep
|turn|10
|
|switch|p1a: Gengar|Gengar, M|57/100
|switch|p2a: Dragapult|Dragapult, F|100/100
|
|upkeep
|turn|11
|
|switch|p2a: Quagsire|Quagsire, F|88/100 slp
|move|p1a: Gengar|Shadow Ball|p2a: Quagsire
|-damage|p2a: Quagsire|35/100 slp
|
|-heal|p2a: Quagsire|41/100 slp|[from] item: Leftovers
|upkeep
|turn|12
|
|move|p1a: Gengar|Shadow Ball|p2a: Quagsire
|-damage|p2a: Quagsire|0 fnt
|faint|p2a: Quagsire
|
|upkeep
|
|switch|p2a: Clefable|Clefable, F|100/100
|turn|13
|
|switch|p1a: Heliolisk|Heliolisk, M|100/100
|move|p2a: Clefable|Moonblast|p1a: Heliolisk
|-damage|p1a: Heliolisk|20/100
|
|upkeep
|turn|14
|
|move|p1a: Heliolisk|Volt Switch|p2a: Clefable
|-damage|p2a: Clefable|55/100
|-damage|p1a: Heliolisk|11/100|[from] item: Life Orb
|
|switch|p1a: Persian|Persian, F|83/100 tox|[from]move: Volt Switch
|move|p2a: Clefable|Moonblast|p1a: Persian
|-damage|p1a: Persian|0 fnt
|faint|p1a: Persian
|
|upkeep
|
|switch|p1a: Gengar|Gengar, M|57/100
|turn|15
|
|switch|p2a: Dragapult|Dragapult, F|100/100
|move|p1a: Gengar|Sludge Bomb|p2a: Dragapult
|-resisted|p2a: Dragapult
|-damage|p2a: Dragapult|67/100
|
|upkeep
|turn|16
|
|switch|p1a: Tyranitar|Tyranitar, F|100/100
|-weather|Sandstorm|[from] ability: Sand Stream|[of] p1a: Tyranitar
|move|p2a: Dragapult|Shadow Ball|p1a: Tyranitar
|-resisted|p1a: Tyranitar
|-damage|p1a: Tyranitar|94/100
|-damage|p2a: Dragapult|57/100|[from] item: Life Orb
|
|-weather|Sandstorm|[upkeep]
|-damage|p2a: Dragapult|51/100|[from] Sandstorm
|upkeep
|turn|17
|
|move|p2a: Dragapult|U-turn|p1a: Tyranitar
|-supereffective|p1a: Tyranitar
|-damage|p1a: Tyranitar|53/100
|-damage|p2a: Dragapult|41/100|[from] item: Life Orb
|
|switch|p2a: Dracovish|Dracovish|100/100|[from]move: U-turn
|move|p1a: Tyranitar|Stone Edge|p2a: Dracovish|[miss]
|-miss|p1a: Tyranitar|p2a: Dracovish
|
|-weather|Sandstorm|[upkeep]
|-damage|p2a: Dracovish|94/100|[from] Sandstorm
|upkeep
|turn|18
|
|switch|p1a: Mandibuzz|Mandibuzz, F|61/100
|move|p2a: Dracovish|Outrage|p1a: Mandibuzz
|-crit|p1a: Mandibuzz
|-damage|p1a: Mandibuzz|0 fnt
|-damage|p2a: Dracovish|78/100|[from] item: Rocky Helmet|[of] p1a: Mandibuzz
|faint|p1a: Mandibuzz
|
|-weather|Sandstorm|[upkeep]
|-damage|p2a: Dracovish|72/100|[from] Sandstorm
|upkeep
|
|switch|p1a: Hydreigon|Hydreigon, F|100/100
|turn|19
|
|move|p1a: Hydreigon|Draco Meteor|p2a: Dracovish
|-supereffective|p2a: Dracovish
|-damage|p2a: Dracovish|0 fnt
|-unboost|p1a: Hydreigon|spa|2
|faint|p2a: Dracovish
|
|-weather|Sandstorm|[upkeep]
|-damage|p1a: Hydreigon|94/100|[from] Sandstorm
|upkeep
|
|switch|p2a: Clefable|Clefable, F|55/100
|turn|20
|
|switch|p1a: Heliolisk|Heliolisk, M|11/100
|move|p2a: Clefable|Thunderbolt|p1a: Heliolisk
|-resisted|p1a: Heliolisk
|-damage|p1a: Heliolisk|0 fnt
|faint|p1a: Heliolisk
|
|-weather|none
|upkeep
|
|switch|p1a: Gengar|Gengar, M|57/100
|turn|21
|inactive|Battle timer is ON: inactive players will automatically lose when time's up. (requested by Frururue)
|
|switch|p2a: Dragapult|Dragapult, F|41/100
|move|p1a: Gengar|Sludge Bomb|p2a: Dragapult
|-resisted|p2a: Dragapult
|-damage|p2a: Dragapult|7/100
|
|upkeep
|turn|22
|
|move|p1a: Gengar|Sludge Bomb|p2a: Dragapult
|-resisted|p2a: Dragapult
|-damage|p2a: Dragapult|0 fnt
|faint|p2a: Dragapult
|
|upkeep
|
|switch|p2a: Gyarados|Gyarados, F|100/100
|turn|23
|
|move|p1a: Gengar|Sludge Bomb|p2a: Gyarados
|-damage|p2a: Gyarados|46/100
|move|p2a: Gyarados|Dragon Dance|p2a: Gyarados
|-boost|p2a: Gyarados|atk|1
|-boost|p2a: Gyarados|spe|1
|
|-heal|p2a: Gyarados|52/100|[from] item: Leftovers
|upkeep
|turn|24
|
|move|p1a: Gengar|Sludge Bomb|p2a: Gyarados
|-damage|p2a: Gyarados|0 fnt
|faint|p2a: Gyarados
|
|upkeep
|-message|Gotmyvanson forfeited.
|
|win|Frururue
|l|☆Gotmyvanson
|raw|Frururue's rating: 1240 &rarr; <strong>1266</strong><br />(+26 for winning)
|raw|Gotmyvanson's rating: 1254 &rarr; <strong>1228</strong><br />(-26 for losing)
