|j|☆Folabi69
|j|☆damorush
|t:|1667809858
|gametype|singles
|player|p1|Folabi69|lucas|1773
|player|p2|damorush|1|1729
|teamsize|p1|6
|teamsize|p2|6
|gen|8
|tier|[Gen 8] OU
|rated|
|rule|Sleep Clause Mod: Limit one foe put to sleep
|rule|Species Clause: Limit one of each Pokémon
|rule|OHKO Clause: OHKO moves are banned
|rule|Evasion Items Clause: Evasion items are banned
|rule|Evasion Moves Clause: Evasion moves are banned
|rule|Endless Battle Clause: Forcing endless battles is banned
|rule|HP Percentage Mod: HP is shown in percentages
|rule|Dynamax Clause: You cannot dynamax
|clearpoke
|poke|p1|Volcanion|
|poke|p1|Landorus-Therian, M|
|poke|p1|Zapdos|
|poke|p1|Melmetal|
|poke|p1|Tapu Lele|
|poke|p1|Dragapult, M|
|poke|p2|Mew|
|poke|p2|Dragapult, M|
|poke|p2|Rillaboom, F|
|poke|p2|Kartana|
|poke|p2|Nidoking, M|
|poke|p2|Zapdos-Galar|
|teampreview
|inactive|Battle timer is ON: inactive players will automatically lose when time's up. (requested by Folabi69)
|
|t:|1667809866
|start
|switch|p1a: Dragapult|Dragapult, M|100/100
|switch|p2a: Mew|Mew|100/100
|turn|1
|
|t:|1667809872
|move|p1a: Dragapult|Dragon Darts|p2a: Mew
|-damage|p2a: Mew|66/100
|-anim|p1a: Dragapult|Dragon Darts|p2a: Mew
|-damage|p2a: Mew|27/100
|move|p2a: Mew|Stealth Rock|p1a: Dragapult
|-sidestart|p1: Folabi69|move: Stealth Rock
|
|upkeep
|turn|2
|
|t:|1667809879
|move|p1a: Dragapult|Dragon Darts|p2a: Mew
|-damage|p2a: Mew|0 fnt
|faint|p2a: Mew
|
|upkeep
|
|t:|1667809884
|switch|p2a: Kartana|Kartana|100/100
|turn|3
|
|t:|1667809890
|switch|p1a: Landorus|Landorus-Therian, M|100/100
|-damage|p1a: Landorus|88/100|[from] Stealth Rock
|-ability|p1a: Landorus|Intimidate|boost
|-unboost|p2a: Kartana|atk|1
|switch|p2a: Nidoking|Nidoking, M|100/100
|
|-heal|p1a: Landorus|94/100|[from] item: Leftovers
|upkeep
|turn|4
|
|t:|1667809901
|switch|p1a: Melmetal|Melmetal|100/100
|-damage|p1a: Melmetal|94/100|[from] Stealth Rock
|move|p2a: Nidoking|Ice Beam|p1a: Melmetal
|-resisted|p1a: Melmetal
|-damage|p1a: Melmetal|81/100
|
|upkeep
|turn|5
|
|t:|1667809908
|move|p2a: Nidoking|Earth Power|p1a: Melmetal
|-supereffective|p1a: Melmetal
|-damage|p1a: Melmetal|0 fnt
|faint|p1a: Melmetal
|
|upkeep
|
|t:|1667809916
|switch|p1a: Tapu Lele|Tapu Lele|100/100
|-damage|p1a: Tapu Lele|88/100|[from] Stealth Rock
|-fieldstart|move: Psychic Terrain|[from] ability: Psychic Surge|[of] p1a: Tapu Lele
|turn|6
|j| SquidSamples11
|
|t:|1667809921
|switch|p2a: Rillaboom|Rillaboom, F|100/100
|-fieldstart|move: Grassy Terrain|[from] ability: Grassy Surge|[of] p2a: Rillaboom
|move|p1a: Tapu Lele|Psychic|p2a: Rillaboom
|-damage|p2a: Rillaboom|27/100
|
|-heal|p1a: Tapu Lele|94/100|[from] Grassy Terrain
|-heal|p2a: Rillaboom|33/100|[from] Grassy Terrain
|upkeep
|turn|7
|
|t:|1667809932
|switch|p1a: Zapdos|Zapdos|100/100
|move|p2a: Rillaboom|Knock Off|p1a: Zapdos
|-damage|p1a: Zapdos|63/100
|-enditem|p1a: Zapdos|Heavy-Duty Boots|[from] move: Knock Off|[of] p2a: Rillaboom
|-damage|p2a: Rillaboom|23/100|[from] item: Life Orb
|
|-heal|p2a: Rillaboom|30/100|[from] Grassy Terrain
|upkeep
|turn|8
|
|t:|1667809943
|switch|p1a: Tapu Lele|Tapu Lele|94/100
|-damage|p1a: Tapu Lele|82/100|[from] Stealth Rock
|-fieldstart|move: Psychic Terrain|[from] ability: Psychic Surge|[of] p1a: Tapu Lele
|switch|p2a: Nidoking|Nidoking, M|100/100
|
|upkeep
|turn|9
|l| SquidSamples11
|
|t:|1667809952
|switch|p2a: Rillaboom|Rillaboom, F|30/100
|-fieldstart|move: Grassy Terrain|[from] ability: Grassy Surge|[of] p2a: Rillaboom
|move|p1a: Tapu Lele|Psychic|p2a: Rillaboom
|-damage|p2a: Rillaboom|0 fnt
|faint|p2a: Rillaboom
|
|-heal|p1a: Tapu Lele|88/100|[from] Grassy Terrain
|upkeep
|
|t:|1667809962
|switch|p2a: Dragapult|Dragapult, M|100/100
|turn|10
|
|t:|1667809972
|switch|p1a: Landorus|Landorus-Therian, M|94/100
|-damage|p1a: Landorus|82/100|[from] Stealth Rock
|-ability|p1a: Landorus|Intimidate|boost
|-fail|p2a: Dragapult|unboost|[from] ability: Clear Body|[of] p2a: Dragapult
|move|p2a: Dragapult|Dragon Dance|p2a: Dragapult
|-boost|p2a: Dragapult|atk|1
|-boost|p2a: Dragapult|spe|1
|
|-heal|p1a: Landorus|88/100|[from] item: Leftovers
|upkeep
|turn|11
|
|t:|1667809983
|move|p2a: Dragapult|Dragon Darts|p1a: Landorus
|-crit|p1a: Landorus
|-damage|p1a: Landorus|22/100
|-anim|p2a: Dragapult|Dragon Darts|p1a: Landorus
|-damage|p1a: Landorus|0 fnt
|faint|p1a: Landorus
|
|upkeep
|
|t:|1667809987
|switch|p1a: Dragapult|Dragapult, M|100/100
|-damage|p1a: Dragapult|88/100|[from] Stealth Rock
|turn|12
|
|t:|1667809993
|move|p1a: Dragapult|Sucker Punch|p2a: Dragapult
|-supereffective|p2a: Dragapult
|-damage|p2a: Dragapult|0 fnt
|faint|p2a: Dragapult
|
|-heal|p1a: Dragapult|94/100|[from] Grassy Terrain
|upkeep
|
|t:|1667810001
|switch|p2a: Kartana|Kartana|100/100
|turn|13
|
|t:|1667810005
|switch|p1a: Zapdos|Zapdos|63/100
|-damage|p1a: Zapdos|38/100|[from] Stealth Rock
|move|p2a: Kartana|Swords Dance|p2a: Kartana
|-boost|p2a: Kartana|atk|2
|
|-fieldend|move: Grassy Terrain
|upkeep
|turn|14
|
|t:|1667810014
|move|p2a: Kartana|Knock Off|p1a: Zapdos
|-damage|p1a: Zapdos|3/100
|move|p1a: Zapdos|Hurricane|p2a: Kartana
|-damage|p2a: Kartana|0 fnt
|faint|p2a: Kartana
|
|upkeep
|
|t:|1667810021
|switch|p2a: Zapdos|Zapdos-Galar|100/100
|turn|15
|c|☆Folabi69|Gf
|c|☆Folabi69|Gg
|
|t:|1667810025
|move|p2a: Zapdos|Brave Bird|p1a: Zapdos
|-resisted|p1a: Zapdos
|-crit|p1a: Zapdos
|-damage|p1a: Zapdos|0 fnt
|faint|p1a: Zapdos
|-damage|p2a: Zapdos|99/100|[from] Recoil
|
|upkeep
|
|t:|1667810030
|switch|p1a: Volcanion|Volcanion|100/100
|turn|16
|
|t:|1667810037
|move|p2a: Zapdos|Brave Bird|p1a: Volcanion
|-damage|p1a: Volcanion|33/100
|-damage|p2a: Zapdos|79/100|[from] Recoil
|move|p1a: Volcanion|Flamethrower|p2a: Zapdos
|-damage|p2a: Zapdos|29/100
|
|upkeep
|turn|17
|
|t:|1667810045
|move|p2a: Zapdos|Brave Bird|p1a: Volcanion
|-damage|p1a: Volcanion|0 fnt
|faint|p1a: Volcanion
|-damage|p2a: Zapdos|19/100|[from] Recoil
|
|upkeep
|
|t:|1667810048
|switch|p1a: Dragapult|Dragapult, M|94/100
|-damage|p1a: Dragapult|82/100|[from] Stealth Rock
|turn|18
|
|t:|1667810054
|move|p2a: Zapdos|Brave Bird|p1a: Dragapult
|-damage|p1a: Dragapult|0 fnt
|faint|p1a: Dragapult
|-damage|p2a: Zapdos|0 fnt|[from] Recoil
|faint|p2a: Zapdos
|
|upkeep
|-message|damorush forfeited.
|
|win|Folabi69
|raw|Folabi69's rating: 1773 &rarr; <strong>1790</strong><br />(+17 for winning)
|raw|damorush's rating: 1729 &rarr; <strong>1712</strong><br />(-17 for losing)
|l|☆damorush
|l|☆Folabi69
