|html|<div class="broadcast-blue"><strong>[Gen 8] OU is currently suspecting Melmetal! For information on how to participate check out the <a href="https://www.smogon.com/forums/threads/np-ss-ou-suspect-process-round-12-monster-mash.3709234/">suspect thread</a>.</strong></div>
|j|☆d18l
|j|☆Metany
|t:|1665885488
|gametype|singles
|player|p1|d18l|backpacker|1709
|player|p2|Metany|dawn|1702
|teamsize|p1|6
|teamsize|p2|6
|gen|8
|tier|[Gen 8] OU
|rated|
|rule|Sleep Clause Mod: Limit one foe put to sleep
|rule|Species Clause: Limit one of each Pokémon
|rule|OHKO Clause: OHKO moves are banned
|rule|Evasion Items Clause: Evasion items are banned
|rule|Evasion Moves Clause: Evasion moves are banned
|rule|Endless Battle Clause: Forcing endless battles is banned
|rule|HP Percentage Mod: HP is shown in percentages
|rule|Dynamax Clause: You cannot dynamax
|clearpoke
|poke|p1|Tapu Koko|
|poke|p1|Victini|
|poke|p1|Landorus-Therian, M|
|poke|p1|Tornadus-Therian, M|
|poke|p1|Rotom-Wash|
|poke|p1|Ferrothorn, M|
|poke|p2|Rillaboom, F|
|poke|p2|Tornadus-Therian, M|
|poke|p2|Blaziken, M|
|poke|p2|Melmetal|
|poke|p2|Garchomp, M|
|poke|p2|Slowbro, F|
|teampreview
|j| sbhshsgehfhf
|
|t:|1665885506
|start
|switch|p1a: Tapu Koko|Tapu Koko|100/100
|switch|p2a: Garchomp|Garchomp, M|100/100
|-fieldstart|move: Electric Terrain|[from] ability: Electric Surge|[of] p1a: Tapu Koko
|turn|1
|
|t:|1665885512
|move|p1a: Tapu Koko|Dazzling Gleam|p2a: Garchomp
|-supereffective|p2a: Garchomp
|-damage|p2a: Garchomp|35/100
|move|p2a: Garchomp|Stealth Rock|p1a: Tapu Koko
|-sidestart|p1: d18l|move: Stealth Rock
|
|-heal|p2a: Garchomp|42/100|[from] item: Leftovers
|upkeep
|turn|2
|
|t:|1665885518
|move|p2a: Garchomp|Protect|p2a: Garchomp
|-singleturn|p2a: Garchomp|Protect
|move|p1a: Tapu Koko|Dazzling Gleam|p2a: Garchomp
|-activate|p2a: Garchomp|move: Protect
|
|-heal|p2a: Garchomp|48/100|[from] item: Leftovers
|upkeep
|turn|3
|
|t:|1665885522
|switch|p2a: Tornadus|Tornadus-Therian, M|100/100
|move|p1a: Tapu Koko|Dazzling Gleam|p2a: Tornadus
|-damage|p2a: Tornadus|53/100
|
|upkeep
|turn|4
|
|t:|1665885534
|move|p1a: Tapu Koko|Dazzling Gleam|p2a: Tornadus
|-damage|p2a: Tornadus|2/100
|move|p2a: Tornadus|U-turn|p1a: Tapu Koko
|-resisted|p1a: Tapu Koko
|-damage|p1a: Tapu Koko|91/100
|
|t:|1665885538
|switch|p2a: Rillaboom|Rillaboom, F|100/100|[from]move: U-turn
|-fieldstart|move: Grassy Terrain|[from] ability: Grassy Surge|[of] p2a: Rillaboom
|
|-heal|p1a: Tapu Koko|97/100|[from] Grassy Terrain
|upkeep
|turn|5
|
|t:|1665885549
|switch|p1a: Tornadus|Tornadus-Therian, M|100/100
|-damage|p1a: Tornadus|76/100|[from] Stealth Rock
|switch|p2a: Garchomp|Garchomp, M|48/100
|
|-heal|p2a: Garchomp|54/100|[from] Grassy Terrain
|-heal|p2a: Garchomp|60/100|[from] item: Leftovers
|upkeep
|turn|6
|l| sbhshsgehfhf
|
|t:|1665885578
|switch|p1a: Landorus|Landorus-Therian, M|100/100
|-damage|p1a: Landorus|88/100|[from] Stealth Rock
|-ability|p1a: Landorus|Intimidate|boost
|-unboost|p2a: Garchomp|atk|1
|move|p2a: Garchomp|Protect||[still]
|-fail|p2a: Garchomp
|
|-heal|p2a: Garchomp|66/100|[from] Grassy Terrain
|-heal|p2a: Garchomp|73/100|[from] item: Leftovers
|-heal|p1a: Landorus|94/100|[from] item: Leftovers
|upkeep
|turn|7
|
|t:|1665885582
|move|p2a: Garchomp|Toxic|p1a: Landorus|[miss]
|-miss|p2a: Garchomp|p1a: Landorus
|move|p1a: Landorus|Toxic|p2a: Garchomp|[miss]
|-miss|p1a: Landorus|p2a: Garchomp
|
|-heal|p2a: Garchomp|79/100|[from] Grassy Terrain
|-heal|p2a: Garchomp|85/100|[from] item: Leftovers
|-heal|p1a: Landorus|99/100|[from] item: Leftovers
|upkeep
|turn|8
|
|t:|1665885591
|switch|p2a: Melmetal|Melmetal|100/100
|move|p1a: Landorus|Toxic|p2a: Melmetal
|-immune|p2a: Melmetal
|
|-heal|p1a: Landorus|100/100|[from] item: Leftovers
|-fieldend|move: Grassy Terrain
|upkeep
|turn|9
|
|t:|1665885603
|move|p1a: Landorus|U-turn|p2a: Melmetal
|-resisted|p2a: Melmetal
|-damage|p2a: Melmetal|94/100
|
|t:|1665885605
|switch|p1a: Rotom|Rotom-Wash|100/100|[from]move: U-turn
|-damage|p1a: Rotom|88/100|[from] Stealth Rock
|move|p2a: Melmetal|Superpower|p1a: Rotom
|-damage|p1a: Rotom|46/100
|-unboost|p2a: Melmetal|atk|1
|-unboost|p2a: Melmetal|def|1
|
|-heal|p1a: Rotom|52/100|[from] item: Leftovers
|-heal|p2a: Melmetal|99/100|[from] item: Leftovers
|upkeep
|turn|10
|
|t:|1665885613
|switch|p2a: Tornadus|Tornadus-Therian, M|35/100
|move|p1a: Rotom|Pain Split|p2a: Tornadus
|-sethp|p2a: Tornadus|40/100|[from] move: Pain Split|[silent]
|-sethp|p1a: Rotom|47/100|[from] move: Pain Split
|
|-heal|p1a: Rotom|53/100|[from] item: Leftovers
|upkeep
|turn|11
|
|t:|1665885624
|move|p2a: Tornadus|U-turn|p1a: Rotom
|-damage|p1a: Rotom|40/100
|
|t:|1665885628
|switch|p2a: Slowbro|Slowbro, F|100/100|[from]move: U-turn
|move|p1a: Rotom|Pain Split|p2a: Slowbro
|-sethp|p2a: Slowbro|65/100|[from] move: Pain Split|[silent]
|-sethp|p1a: Rotom|85/100|[from] move: Pain Split
|
|-heal|p1a: Rotom|91/100|[from] item: Leftovers
|upkeep
|turn|12
|
|t:|1665885633
|switch|p2a: Garchomp|Garchomp, M|85/100
|move|p1a: Rotom|Volt Switch|p2a: Garchomp
|-immune|p2a: Garchomp
|
|-heal|p2a: Garchomp|91/100|[from] item: Leftovers
|-heal|p1a: Rotom|97/100|[from] item: Leftovers
|upkeep
|turn|13
|
|t:|1665885644
|switch|p1a: Ferrothorn|Ferrothorn, M|100/100
|-damage|p1a: Ferrothorn|95/100|[from] Stealth Rock
|move|p2a: Garchomp|Protect||[still]
|-fail|p2a: Garchomp
|
|-heal|p2a: Garchomp|98/100|[from] item: Leftovers
|upkeep
|turn|14
|
|t:|1665885650
|switch|p2a: Tornadus|Tornadus-Therian, M|73/100
|move|p1a: Ferrothorn|Stealth Rock|p2a: Tornadus
|-sidestart|p2: Metany|move: Stealth Rock
|
|upkeep
|turn|15
|
|t:|1665885661
|switch|p1a: Tornadus|Tornadus-Therian, M|100/100
|-damage|p1a: Tornadus|76/100|[from] Stealth Rock
|move|p2a: Tornadus|U-turn|p1a: Tornadus
|-resisted|p1a: Tornadus
|-damage|p1a: Tornadus|68/100
|
|t:|1665885664
|switch|p2a: Garchomp|Garchomp, M|98/100|[from]move: U-turn
|-damage|p2a: Garchomp|91/100|[from] Stealth Rock
|
|-heal|p2a: Garchomp|98/100|[from] item: Leftovers
|upkeep
|turn|16
|
|t:|1665885670
|switch|p1a: Ferrothorn|Ferrothorn, M|95/100
|-damage|p1a: Ferrothorn|89/100|[from] Stealth Rock
|move|p2a: Garchomp|Toxic|p1a: Ferrothorn
|-immune|p1a: Ferrothorn
|
|-heal|p2a: Garchomp|100/100|[from] item: Leftovers
|upkeep
|turn|17
|
|t:|1665885677
|switch|p2a: Tornadus|Tornadus-Therian, M|100/100
|move|p1a: Ferrothorn|Leech Seed|p2a: Tornadus
|-start|p2a: Tornadus|move: Leech Seed
|
|-damage|p2a: Tornadus|88/100|[from] Leech Seed|[of] p1a: Ferrothorn
|-heal|p1a: Ferrothorn|100/100|[silent]
|upkeep
|turn|18
|
|t:|1665885684
|switch|p1a: Tornadus|Tornadus-Therian, M|100/100
|-damage|p1a: Tornadus|76/100|[from] Stealth Rock
|move|p2a: Tornadus|U-turn|p1a: Tornadus
|-resisted|p1a: Tornadus
|-damage|p1a: Tornadus|68/100
|
|t:|1665885694
|switch|p2a: Blaziken|Blaziken, M|100/100|[from]move: U-turn
|-damage|p2a: Blaziken|88/100|[from] Stealth Rock
|
|-heal|p2a: Blaziken|94/100|[from] item: Leftovers
|upkeep
|turn|19
|
|t:|1665885701
|move|p2a: Blaziken|Protect|p2a: Blaziken
|-singleturn|p2a: Blaziken|Protect
|move|p1a: Tornadus|Hurricane|p2a: Blaziken
|-activate|p2a: Blaziken|move: Protect
|
|-heal|p2a: Blaziken|99/100|[from] item: Leftovers
|-ability|p2a: Blaziken|Speed Boost|boost
|-boost|p2a: Blaziken|spe|1
|upkeep
|turn|20
|
|t:|1665885710
|switch|p1a: Landorus|Landorus-Therian, M|100/100
|-damage|p1a: Landorus|88/100|[from] Stealth Rock
|-ability|p1a: Landorus|Intimidate|boost
|-unboost|p2a: Blaziken|atk|1
|move|p2a: Blaziken|Swords Dance|p2a: Blaziken
|-boost|p2a: Blaziken|atk|2
|
|-heal|p2a: Blaziken|100/100|[from] item: Leftovers
|-heal|p1a: Landorus|94/100|[from] item: Leftovers
|-ability|p2a: Blaziken|Speed Boost|boost
|-boost|p2a: Blaziken|spe|1
|upkeep
|turn|21
|
|t:|1665885714
|switch|p2a: Tornadus|Tornadus-Therian, M|100/100
|move|p1a: Landorus|Earthquake|p2a: Tornadus
|-immune|p2a: Tornadus
|
|-heal|p1a: Landorus|99/100|[from] item: Leftovers
|upkeep
|turn|22
|
|t:|1665885719
|switch|p1a: Rotom|Rotom-Wash|97/100
|-damage|p1a: Rotom|85/100|[from] Stealth Rock
|move|p2a: Tornadus|Knock Off|p1a: Rotom
|-damage|p1a: Rotom|67/100
|-enditem|p1a: Rotom|Leftovers|[from] move: Knock Off|[of] p2a: Tornadus
|
|upkeep
|turn|23
|
|t:|1665885734
|move|p2a: Tornadus|Defog|p1a: Rotom
|-unboost|p1a: Rotom|evasion|1
|-sideend|p1: d18l|Stealth Rock|[from] move: Defog|[of] p2a: Tornadus
|-sideend|p2: Metany|Stealth Rock|[from] move: Defog|[of] p2a: Tornadus
|move|p1a: Rotom|Volt Switch|p2a: Tornadus
|-supereffective|p2a: Tornadus
|-damage|p2a: Tornadus|49/100
|
|t:|1665885737
|switch|p1a: Tapu Koko|Tapu Koko|97/100|[from]move: Volt Switch
|-fieldstart|move: Electric Terrain|[from] ability: Electric Surge|[of] p1a: Tapu Koko
|
|upkeep
|turn|24
|
|t:|1665885742
|switch|p2a: Rillaboom|Rillaboom, F|100/100
|-fieldstart|move: Grassy Terrain|[from] ability: Grassy Surge|[of] p2a: Rillaboom
|move|p1a: Tapu Koko|Dazzling Gleam|p2a: Rillaboom
|-damage|p2a: Rillaboom|40/100
|
|-heal|p1a: Tapu Koko|100/100|[from] Grassy Terrain
|-heal|p2a: Rillaboom|46/100|[from] Grassy Terrain
|-heal|p2a: Rillaboom|53/100|[from] item: Leftovers
|upkeep
|turn|25
|
|t:|1665885749
|switch|p1a: Tornadus|Tornadus-Therian, M|100/100
|switch|p2a: Melmetal|Melmetal|99/100
|
|-heal|p2a: Melmetal|100/100|[from] Grassy Terrain
|upkeep
|turn|26
|
|t:|1665885755
|switch|p2a: Garchomp|Garchomp, M|100/100
|move|p1a: Tornadus|U-turn|p2a: Garchomp
|-damage|p2a: Garchomp|88/100
|-damage|p1a: Tornadus|88/100|[from] ability: Rough Skin|[of] p2a: Garchomp
|
|t:|1665885763
|switch|p1a: Landorus|Landorus-Therian, M|99/100|[from]move: U-turn
|-ability|p1a: Landorus|Intimidate|boost
|-unboost|p2a: Garchomp|atk|1
|
|-heal|p2a: Garchomp|94/100|[from] Grassy Terrain
|-heal|p2a: Garchomp|99/100|[from] item: Leftovers
|-heal|p1a: Landorus|100/100|[from] item: Leftovers
|upkeep
|turn|27
|
|t:|1665885769
|switch|p2a: Melmetal|Melmetal|100/100
|move|p1a: Landorus|Toxic|p2a: Melmetal
|-immune|p2a: Melmetal
|
|upkeep
|turn|28
|
|t:|1665885772
|switch|p2a: Garchomp|Garchomp, M|99/100
|move|p1a: Landorus|U-turn|p2a: Garchomp
|-damage|p2a: Garchomp|80/100
|-damage|p1a: Landorus|88/100|[from] ability: Rough Skin|[of] p2a: Garchomp
|
|t:|1665885783
|switch|p1a: Tapu Koko|Tapu Koko|100/100|[from]move: U-turn
|-fieldstart|move: Electric Terrain|[from] ability: Electric Surge|[of] p1a: Tapu Koko
|
|-heal|p2a: Garchomp|87/100|[from] item: Leftovers
|upkeep
|turn|29
|
|t:|1665885788
|switch|p1a: Landorus|Landorus-Therian, M|88/100
|-ability|p1a: Landorus|Intimidate|boost
|-unboost|p2a: Garchomp|atk|1
|move|p2a: Garchomp|Toxic|p1a: Landorus
|-status|p1a: Landorus|tox
|
|-heal|p2a: Garchomp|93/100|[from] item: Leftovers
|-heal|p1a: Landorus|94/100 tox|[from] item: Leftovers
|-damage|p1a: Landorus|88/100 tox|[from] psn
|upkeep
|turn|30
|
|t:|1665885794
|switch|p2a: Tornadus|Tornadus-Therian, M|83/100
|switch|p1a: Ferrothorn|Ferrothorn, M|100/100
|
|upkeep
|turn|31
|
|t:|1665885800
|switch|p1a: Tornadus|Tornadus-Therian, M|100/100
|move|p2a: Tornadus|Knock Off|p1a: Tornadus
|-damage|p1a: Tornadus|80/100
|-enditem|p1a: Tornadus|Assault Vest|[from] move: Knock Off|[of] p2a: Tornadus
|
|upkeep
|turn|32
|
|t:|1665885804
|move|p2a: Tornadus|U-turn|p1a: Tornadus
|-resisted|p1a: Tornadus
|-damage|p1a: Tornadus|72/100
|
|t:|1665885806
|switch|p2a: Slowbro|Slowbro, F|99/100|[from]move: U-turn
|move|p1a: Tornadus|Knock Off|p2a: Slowbro
|-supereffective|p2a: Slowbro
|-damage|p2a: Slowbro|73/100
|-damage|p1a: Tornadus|56/100|[from] item: Rocky Helmet|[of] p2a: Slowbro
|-enditem|p2a: Slowbro|Rocky Helmet|[from] move: Knock Off|[of] p1a: Tornadus
|
|-fieldend|move: Electric Terrain
|upkeep
|turn|33
|
|t:|1665885809
|move|p1a: Tornadus|U-turn|p2a: Slowbro
|-supereffective|p2a: Slowbro
|-damage|p2a: Slowbro|56/100
|
|t:|1665885811
|switch|p1a: Tapu Koko|Tapu Koko|100/100|[from]move: U-turn
|-fieldstart|move: Electric Terrain|[from] ability: Electric Surge|[of] p1a: Tapu Koko
|move|p2a: Slowbro|Teleport|p2a: Slowbro
|
|t:|1665885816
|switch|p2a: Garchomp|Garchomp, M|93/100|[from]move: Teleport
|
|-heal|p2a: Garchomp|99/100|[from] item: Leftovers
|upkeep
|turn|34
|
|t:|1665885836
|switch|p1a: Ferrothorn|Ferrothorn, M|100/100
|move|p2a: Garchomp|Stealth Rock|p1a: Ferrothorn
|-sidestart|p1: d18l|move: Stealth Rock
|
|-heal|p2a: Garchomp|100/100|[from] item: Leftovers
|upkeep
|turn|35
|
|t:|1665885839
|switch|p2a: Blaziken|Blaziken, M|100/100
|move|p1a: Ferrothorn|Stealth Rock|p2a: Blaziken
|-sidestart|p2: Metany|move: Stealth Rock
|
|upkeep
|turn|36
|
|t:|1665885846
|switch|p1a: Victini|Victini|100/100
|move|p2a: Blaziken|Flare Blitz|p1a: Victini
|-resisted|p1a: Victini
|-damage|p1a: Victini|71/100
|-damage|p2a: Blaziken|91/100|[from] Recoil
|
|-heal|p2a: Blaziken|97/100|[from] item: Leftovers
|-ability|p2a: Blaziken|Speed Boost|boost
|-boost|p2a: Blaziken|spe|1
|upkeep
|turn|37
|
|t:|1665885855
|move|p2a: Blaziken|Protect|p2a: Blaziken
|-singleturn|p2a: Blaziken|Protect
|move|p1a: Victini|Bolt Strike|p2a: Blaziken
|-activate|p2a: Blaziken|move: Protect
|
|-heal|p2a: Blaziken|100/100|[from] item: Leftovers
|-fieldend|move: Electric Terrain
|-ability|p2a: Blaziken|Speed Boost|boost
|-boost|p2a: Blaziken|spe|1
|upkeep
|turn|38
|
|t:|1665885891
|switch|p2a: Slowbro|Slowbro, F|89/100
|-damage|p2a: Slowbro|76/100|[from] Stealth Rock
|move|p1a: Victini|Bolt Strike|p2a: Slowbro
|-supereffective|p2a: Slowbro
|-damage|p2a: Slowbro|33/100
|
|upkeep
|turn|39
|
|t:|1665885902
|switch|p2a: Garchomp|Garchomp, M|100/100
|-damage|p2a: Garchomp|94/100|[from] Stealth Rock
|move|p1a: Victini|Taunt|p2a: Garchomp
|-start|p2a: Garchomp|move: Taunt
|
|-heal|p2a: Garchomp|100/100|[from] item: Leftovers
|upkeep
|turn|40
|
|t:|1665885912
|switch|p1a: Rotom|Rotom-Wash|67/100
|-damage|p1a: Rotom|55/100|[from] Stealth Rock
|move|p2a: Garchomp|Earthquake|p1a: Rotom
|-immune|p1a: Rotom|[from] ability: Levitate
|
|upkeep
|turn|41
|
|t:|1665885920
|switch|p2a: Tornadus|Tornadus-Therian, M|100/100
|move|p1a: Rotom|Pain Split|p2a: Tornadus
|-sethp|p2a: Tornadus|74/100|[from] move: Pain Split|[silent]
|-sethp|p1a: Rotom|86/100|[from] move: Pain Split
|
|upkeep
|turn|42
|
|t:|1665885929
|move|p2a: Tornadus|U-turn|p1a: Rotom
|-damage|p1a: Rotom|72/100
|
|t:|1665885931
|switch|p2a: Garchomp|Garchomp, M|100/100|[from]move: U-turn
|-damage|p2a: Garchomp|94/100|[from] Stealth Rock
|move|p1a: Rotom|Hydro Pump|p2a: Garchomp
|-damage|p2a: Garchomp|67/100
|
|-heal|p2a: Garchomp|73/100|[from] item: Leftovers
|upkeep
|turn|43
|
|t:|1665885935
|switch|p1a: Ferrothorn|Ferrothorn, M|100/100
|-damage|p1a: Ferrothorn|95/100|[from] Stealth Rock
|move|p2a: Garchomp|Earthquake|p1a: Ferrothorn
|-damage|p1a: Ferrothorn|71/100
|
|-heal|p2a: Garchomp|79/100|[from] item: Leftovers
|upkeep
|turn|44
|
|t:|1665885939
|switch|p2a: Rillaboom|Rillaboom, F|53/100
|-damage|p2a: Rillaboom|40/100|[from] Stealth Rock
|-fieldstart|move: Grassy Terrain|[from] ability: Grassy Surge|[of] p2a: Rillaboom
|move|p1a: Ferrothorn|Leech Seed|p2a: Rillaboom
|-immune|p2a: Rillaboom
|
|-heal|p2a: Rillaboom|46/100|[from] Grassy Terrain
|-heal|p2a: Rillaboom|53/100|[from] item: Leftovers
|-heal|p1a: Ferrothorn|77/100|[from] Grassy Terrain
|upkeep
|turn|45
|
|t:|1665885944
|switch|p1a: Tornadus|Tornadus-Therian, M|89/100
|-damage|p1a: Tornadus|64/100|[from] Stealth Rock
|move|p2a: Rillaboom|Swords Dance|p2a: Rillaboom
|-boost|p2a: Rillaboom|atk|2
|
|-heal|p2a: Rillaboom|59/100|[from] Grassy Terrain
|-heal|p2a: Rillaboom|65/100|[from] item: Leftovers
|upkeep
|turn|46
|j| Pinkacross
|
|t:|1665885971
|switch|p2a: Tornadus|Tornadus-Therian, M|100/100
|move|p1a: Tornadus|Hurricane|p2a: Tornadus
|-damage|p2a: Tornadus|61/100
|
|upkeep
|turn|47
|
|t:|1665885980
|move|p1a: Tornadus|Knock Off|p2a: Tornadus
|-damage|p2a: Tornadus|40/100
|-enditem|p2a: Tornadus|Heavy-Duty Boots|[from] move: Knock Off|[of] p1a: Tornadus
|move|p2a: Tornadus|U-turn|p1a: Tornadus
|-resisted|p1a: Tornadus
|-damage|p1a: Tornadus|56/100
|
|t:|1665885990
|switch|p2a: Blaziken|Blaziken, M|100/100|[from]move: U-turn
|-damage|p2a: Blaziken|88/100|[from] Stealth Rock
|
|-heal|p2a: Blaziken|94/100|[from] Grassy Terrain
|-heal|p2a: Blaziken|99/100|[from] item: Leftovers
|upkeep
|turn|48
|
|t:|1665885996
|switch|p1a: Victini|Victini|71/100
|move|p2a: Blaziken|Flare Blitz|p1a: Victini
|-resisted|p1a: Victini
|-damage|p1a: Victini|41/100
|-damage|p2a: Blaziken|90/100|[from] Recoil
|
|-heal|p1a: Victini|47/100|[from] Grassy Terrain
|-heal|p2a: Blaziken|96/100|[from] Grassy Terrain
|-heal|p2a: Blaziken|100/100|[from] item: Leftovers
|-fieldend|move: Grassy Terrain
|-ability|p2a: Blaziken|Speed Boost|boost
|-boost|p2a: Blaziken|spe|1
|upkeep
|turn|49
|
|t:|1665886008
|move|p2a: Blaziken|Swords Dance|p2a: Blaziken
|-boost|p2a: Blaziken|atk|2
|move|p1a: Victini|Bolt Strike|p2a: Blaziken
|-damage|p2a: Blaziken|48/100
|
|-heal|p2a: Blaziken|54/100|[from] item: Leftovers
|-ability|p2a: Blaziken|Speed Boost|boost
|-boost|p2a: Blaziken|spe|1
|upkeep
|turn|50
|
|t:|1665886018
|switch|p1a: Ferrothorn|Ferrothorn, M|77/100
|-damage|p1a: Ferrothorn|71/100|[from] Stealth Rock
|move|p2a: Blaziken|Flare Blitz|p1a: Ferrothorn
|-supereffective|p1a: Ferrothorn
|-damage|p1a: Ferrothorn|0 fnt
|-damage|p2a: Blaziken|41/100|[from] ability: Iron Barbs|[of] p1a: Ferrothorn
|-damage|p2a: Blaziken|25/100|[from] item: Rocky Helmet|[of] p1a: Ferrothorn
|faint|p1a: Ferrothorn
|-damage|p2a: Blaziken|1/100|[from] Recoil
|
|-heal|p2a: Blaziken|7/100|[from] item: Leftovers
|-ability|p2a: Blaziken|Speed Boost|boost
|-boost|p2a: Blaziken|spe|1
|upkeep
|
|t:|1665886027
|switch|p1a: Landorus|Landorus-Therian, M|88/100 tox
|-damage|p1a: Landorus|76/100 tox|[from] Stealth Rock
|-ability|p1a: Landorus|Intimidate|boost
|-unboost|p2a: Blaziken|atk|1
|turn|51
|
|t:|1665886038
|move|p2a: Blaziken|Protect|p2a: Blaziken
|-singleturn|p2a: Blaziken|Protect
|move|p1a: Landorus|Earthquake|p2a: Blaziken
|-activate|p2a: Blaziken|move: Protect
|
|-heal|p2a: Blaziken|13/100|[from] item: Leftovers
|-heal|p1a: Landorus|82/100 tox|[from] item: Leftovers
|-damage|p1a: Landorus|76/100 tox|[from] psn
|-ability|p2a: Blaziken|Speed Boost|boost
|-boost|p2a: Blaziken|spe|1
|upkeep
|turn|52
|
|t:|1665886045
|switch|p2a: Rillaboom|Rillaboom, F|65/100
|-damage|p2a: Rillaboom|53/100|[from] Stealth Rock
|-fieldstart|move: Grassy Terrain|[from] ability: Grassy Surge|[of] p2a: Rillaboom
|move|p1a: Landorus|Earthquake|p2a: Rillaboom
|-resisted|p2a: Rillaboom
|-damage|p2a: Rillaboom|41/100
|
|-heal|p1a: Landorus|82/100 tox|[from] item: Leftovers
|-heal|p2a: Rillaboom|48/100|[from] Grassy Terrain
|-heal|p2a: Rillaboom|54/100|[from] item: Leftovers
|-damage|p1a: Landorus|70/100 tox|[from] psn
|upkeep
|turn|53
|
|t:|1665886053
|switch|p1a: Tornadus|Tornadus-Therian, M|89/100
|-damage|p1a: Tornadus|65/100|[from] Stealth Rock
|switch|p2a: Melmetal|Melmetal|100/100
|-damage|p2a: Melmetal|94/100|[from] Stealth Rock
|
|-heal|p2a: Melmetal|100/100|[from] Grassy Terrain
|upkeep
|turn|54
|
|t:|1665886060
|switch|p2a: Rillaboom|Rillaboom, F|54/100
|-damage|p2a: Rillaboom|41/100|[from] Stealth Rock
|move|p1a: Tornadus|U-turn|p2a: Rillaboom
|-supereffective|p2a: Rillaboom
|-damage|p2a: Rillaboom|15/100
|
|t:|1665886064
|switch|p1a: Victini|Victini|47/100|[from]move: U-turn
|
|-heal|p1a: Victini|53/100|[from] Grassy Terrain
|-heal|p2a: Rillaboom|21/100|[from] Grassy Terrain
|-heal|p2a: Rillaboom|27/100|[from] item: Leftovers
|upkeep
|turn|55
|
|t:|1665886068
|switch|p2a: Garchomp|Garchomp, M|79/100
|-damage|p2a: Garchomp|73/100|[from] Stealth Rock
|move|p1a: Victini|U-turn|p2a: Garchomp
|-damage|p2a: Garchomp|57/100
|-damage|p1a: Victini|41/100|[from] ability: Rough Skin|[of] p2a: Garchomp
|inactive|Battle timer is ON: inactive players will automatically lose when time's up. (requested by Metany)
|inactive|d18l has 120 seconds left.
|inactive|d18l has 90 seconds left.
|
|t:|1665886174
|switch|p1a: Tapu Koko|Tapu Koko|100/100|[from]move: U-turn
|-damage|p1a: Tapu Koko|88/100|[from] Stealth Rock
|-fieldstart|move: Electric Terrain|[from] ability: Electric Surge|[of] p1a: Tapu Koko
|
|-heal|p2a: Garchomp|63/100|[from] item: Leftovers
|upkeep
|turn|56
|
|t:|1665886181
|switch|p1a: Tornadus|Tornadus-Therian, M|98/100
|-damage|p1a: Tornadus|73/100|[from] Stealth Rock
|move|p2a: Garchomp|Protect||[still]
|-fail|p2a: Garchomp
|
|-heal|p2a: Garchomp|70/100|[from] item: Leftovers
|upkeep
|turn|57
|
|t:|1665886184
|move|p2a: Garchomp|Protect|p2a: Garchomp
|-singleturn|p2a: Garchomp|Protect
|move|p1a: Tornadus|Knock Off|p2a: Garchomp
|-activate|p2a: Garchomp|move: Protect
|
|-heal|p2a: Garchomp|76/100|[from] item: Leftovers
|upkeep
|turn|58
|
|t:|1665886188
|move|p1a: Tornadus|Knock Off|p2a: Garchomp
|-damage|p2a: Garchomp|58/100
|-damage|p1a: Tornadus|60/100|[from] ability: Rough Skin|[of] p2a: Garchomp
|-enditem|p2a: Garchomp|Leftovers|[from] move: Knock Off|[of] p1a: Tornadus
|move|p2a: Garchomp|Toxic|p1a: Tornadus|[miss]
|-miss|p2a: Garchomp|p1a: Tornadus
|
|upkeep
|turn|59
|
|t:|1665886201
|move|p1a: Tornadus|Hurricane|p2a: Garchomp
|-damage|p2a: Garchomp|30/100
|move|p2a: Garchomp|Toxic|p1a: Tornadus
|-status|p1a: Tornadus|tox
|
|-damage|p1a: Tornadus|54/100 tox|[from] psn
|-fieldend|move: Electric Terrain
|upkeep
|turn|60
|
|t:|1665886213
|move|p2a: Garchomp|Protect|p2a: Garchomp
|-singleturn|p2a: Garchomp|Protect
|move|p1a: Tornadus|U-turn|p2a: Garchomp
|-activate|p2a: Garchomp|move: Protect
|
|-damage|p1a: Tornadus|42/100 tox|[from] psn
|upkeep
|turn|61
|
|t:|1665886221
|switch|p2a: Melmetal|Melmetal|100/100
|-damage|p2a: Melmetal|94/100|[from] Stealth Rock
|move|p1a: Tornadus|U-turn|p2a: Melmetal
|-resisted|p2a: Melmetal
|-damage|p2a: Melmetal|90/100
|
|t:|1665886226
|switch|p1a: Rotom|Rotom-Wash|72/100|[from]move: U-turn
|-damage|p1a: Rotom|60/100|[from] Stealth Rock
|
|-heal|p2a: Melmetal|96/100|[from] item: Leftovers
|upkeep
|turn|62
|j| lags
|
|t:|1665886234
|move|p1a: Rotom|Will-O-Wisp|p2a: Melmetal
|-status|p2a: Melmetal|brn
|move|p2a: Melmetal|Superpower|p1a: Rotom
|-damage|p1a: Rotom|38/100
|-unboost|p2a: Melmetal|atk|1
|-unboost|p2a: Melmetal|def|1
|
|-heal|p2a: Melmetal|100/100 brn|[from] item: Leftovers
|-damage|p2a: Melmetal|94/100 brn|[from] brn
|upkeep
|turn|63
|
|t:|1665886239
|switch|p2a: Blaziken|Blaziken, M|13/100
|-damage|p2a: Blaziken|0 fnt|[from] Stealth Rock
|faint|p2a: Blaziken
|move|p1a: Rotom|Pain Split|p2: Blaziken|[notarget]
|-fail|p1a: Rotom
|
|upkeep
|
|t:|1665886242
|switch|p2a: Rillaboom|Rillaboom, F|27/100
|-damage|p2a: Rillaboom|15/100|[from] Stealth Rock
|-fieldstart|move: Grassy Terrain|[from] ability: Grassy Surge|[of] p2a: Rillaboom
|turn|64
|inactive|d18l has 120 seconds left.
|j| Blowfishbob
|
|t:|1665886289
|switch|p1a: Victini|Victini|41/100
|move|p2a: Rillaboom|Grassy Glide|p1a: Victini
|-resisted|p1a: Victini
|-damage|p1a: Victini|17/100
|
|-heal|p1a: Victini|23/100|[from] Grassy Terrain
|-heal|p2a: Rillaboom|21/100|[from] Grassy Terrain
|-heal|p2a: Rillaboom|27/100|[from] item: Leftovers
|upkeep
|turn|65
|
|t:|1665886295
|move|p2a: Rillaboom|Grassy Glide|p1a: Victini
|-resisted|p1a: Victini
|-damage|p1a: Victini|0 fnt
|faint|p1a: Victini
|
|-heal|p2a: Rillaboom|34/100|[from] Grassy Terrain
|-heal|p2a: Rillaboom|40/100|[from] item: Leftovers
|upkeep
|
|t:|1665886297
|switch|p1a: Tapu Koko|Tapu Koko|88/100
|-damage|p1a: Tapu Koko|76/100|[from] Stealth Rock
|-fieldstart|move: Electric Terrain|[from] ability: Electric Surge|[of] p1a: Tapu Koko
|turn|66
|inactive|d18l has 120 seconds left.
|
|t:|1665886302
|switch|p2a: Melmetal|Melmetal|94/100 brn
|-damage|p2a: Melmetal|88/100 brn|[from] Stealth Rock
|move|p1a: Tapu Koko|Dazzling Gleam|p2a: Melmetal
|-resisted|p2a: Melmetal
|-damage|p2a: Melmetal|65/100 brn
|
|-heal|p2a: Melmetal|71/100 brn|[from] item: Leftovers
|-damage|p2a: Melmetal|65/100 brn|[from] brn
|upkeep
|turn|67
|
|t:|1665886307
|switch|p1a: Landorus|Landorus-Therian, M|70/100 tox
|-damage|p1a: Landorus|58/100 tox|[from] Stealth Rock
|-ability|p1a: Landorus|Intimidate|boost
|-unboost|p2a: Melmetal|atk|1
|move|p2a: Melmetal|Superpower|p1a: Landorus
|-resisted|p1a: Landorus
|-damage|p1a: Landorus|51/100 tox
|-unboost|p2a: Melmetal|atk|1
|-unboost|p2a: Melmetal|def|1
|
|-heal|p1a: Landorus|57/100 tox|[from] item: Leftovers
|-heal|p2a: Melmetal|71/100 brn|[from] item: Leftovers
|-damage|p1a: Landorus|51/100 tox|[from] psn
|-damage|p2a: Melmetal|65/100 brn|[from] brn
|upkeep
|turn|68
|
|t:|1665886310
|switch|p2a: Slowbro|Slowbro, F|66/100
|-damage|p2a: Slowbro|54/100|[from] Stealth Rock
|move|p1a: Landorus|U-turn|p2a: Slowbro
|-supereffective|p2a: Slowbro
|-damage|p2a: Slowbro|28/100
|
|t:|1665886314
|switch|p1a: Tapu Koko|Tapu Koko|76/100|[from]move: U-turn
|-damage|p1a: Tapu Koko|63/100|[from] Stealth Rock
|
|upkeep
|turn|69
|
|t:|1665886322
|move|p1a: Tapu Koko|Volt Switch|p2a: Slowbro
|-supereffective|p2a: Slowbro
|-damage|p2a: Slowbro|0 fnt
|faint|p2a: Slowbro
|
|t:|1665886330
|switch|p1a: Tornadus|Tornadus-Therian, M|75/100 tox|[from]move: Volt Switch
|-damage|p1a: Tornadus|50/100 tox|[from] Stealth Rock
|
|-damage|p1a: Tornadus|44/100 tox|[from] psn
|upkeep
|
|t:|1665886335
|switch|p2a: Tornadus|Tornadus-Therian, M|73/100
|-damage|p2a: Tornadus|48/100|[from] Stealth Rock
|turn|70
|
|t:|1665886341
|move|p1a: Tornadus|Hurricane|p2a: Tornadus
|-damage|p2a: Tornadus|7/100
|move|p2a: Tornadus|U-turn|p1a: Tornadus
|-resisted|p1a: Tornadus
|-damage|p1a: Tornadus|37/100 tox
|
|t:|1665886356
|switch|p2a: Rillaboom|Rillaboom, F|40/100|[from]move: U-turn
|-damage|p2a: Rillaboom|27/100|[from] Stealth Rock
|-fieldstart|move: Grassy Terrain|[from] ability: Grassy Surge|[of] p2a: Rillaboom
|
|-heal|p2a: Rillaboom|34/100|[from] Grassy Terrain
|-heal|p2a: Rillaboom|40/100|[from] item: Leftovers
|-damage|p1a: Tornadus|25/100 tox|[from] psn
|upkeep
|turn|71
|
|t:|1665886368
|move|p2a: Rillaboom|Grassy Glide|p1a: Tornadus
|-resisted|p1a: Tornadus
|-damage|p1a: Tornadus|0 fnt
|faint|p1a: Tornadus
|
|-heal|p2a: Rillaboom|46/100|[from] Grassy Terrain
|-heal|p2a: Rillaboom|52/100|[from] item: Leftovers
|upkeep
|-message|d18l forfeited.
|
|win|Metany
|raw|d18l's rating: 1709 &rarr; <strong>1688</strong><br />(-21 for losing)
|raw|Metany's rating: 1685 &rarr; <strong>1706</strong><br />(+21 for winning)
|l| Blowfishbob
||Ladder isn't responding, score probably updated but might not have (Request timeout).
