|j|☆memesketch
|j|☆LolzMachine
|t:|1610294027
|player|p1|memesketch|wally|1699
|player|p2|LolzMachine|294|1688
|teamsize|p1|6
|teamsize|p2|6
|gametype|singles
|gen|8
|tier|[Gen 8] OU
|rated|
|clearpoke
|poke|p1|Aegislash, M|
|poke|p1|Hydreigon, M|
|poke|p1|Zeraora|
|poke|p1|Tornadus-Therian, M|
|poke|p1|Toxapex, M|
|poke|p1|Diancie|
|poke|p2|Blaziken, F|
|poke|p2|Garchomp, M|
|poke|p2|Salamence, F|
|poke|p2|Melmetal|
|poke|p2|Zarude|
|poke|p2|Regieleki|
|rule|Sleep Clause Mod: Limit one foe put to sleep
|rule|Species Clause: Limit one of each Pokémon
|rule|OHKO Clause: OHKO moves are banned
|rule|Evasion Moves Clause: Evasion moves are banned
|rule|Endless Battle Clause: Forcing endless battles is banned
|rule|HP Percentage Mod: HP is shown in percentages
|rule|Dynamax Clause: You cannot dynamax
|teampreview
|j| 0zorcNecropHADES
|j| flesh world
|j| uvc
|c| 0zorcNecropHADES|the hyper offense
|j| Comrade Aim
|j| weslley07xD2
|
|t:|1610294066
|start
|switch|p1a: Tornadus|Tornadus-Therian, M|100/100
|switch|p2a: Salamence|Salamence, F|100/100
|-ability|p2a: Salamence|Intimidate|boost
|-unboost|p1a: Tornadus|atk|1
|turn|1
|
|t:|1610294068
|move|p1a: Tornadus|Icy Wind|p2a: Salamence
|-supereffective|p2a: Salamence
|-damage|p2a: Salamence|28/100
|-unboost|p2a: Salamence|spe|1
|move|p2a: Salamence|Hurricane|p1a: Tornadus
|-damage|p1a: Tornadus|33/100
|-start|p1a: Tornadus|confusion
|-damage|p2a: Salamence|18/100|[from] item: Life Orb
|
|upkeep
|turn|2
|
|t:|1610294074
|switch|p1a: Toxapex|Toxapex, M|100/100
|switch|p2a: Melmetal|Melmetal|100/100
|
|upkeep
|turn|3
|c| flesh world|woah is that lolzmachine and his hyber offensivey team?
|c| 0zorcNecropHADES|too many threats yh
|
|t:|1610294096
|move|p2a: Melmetal|Double Iron Bash|p1a: Toxapex
|-resisted|p1a: Toxapex
|-damage|p1a: Toxapex|77/100
|-damage|p2a: Melmetal|84/100|[from] item: Rocky Helmet|[of] p1a: Toxapex
|-resisted|p1a: Toxapex
|-damage|p1a: Toxapex|55/100
|-damage|p2a: Melmetal|67/100|[from] item: Rocky Helmet|[of] p1a: Toxapex
|-hitcount|p1a: Toxapex|2
|cant|p1a: Toxapex|flinch
|
|upkeep
|turn|4
|
|t:|1610294101
|move|p2a: Melmetal|Double Iron Bash|p1a: Toxapex
|-resisted|p1a: Toxapex
|-damage|p1a: Toxapex|31/100
|-damage|p2a: Melmetal|51/100|[from] item: Rocky Helmet|[of] p1a: Toxapex
|-resisted|p1a: Toxapex
|-damage|p1a: Toxapex|7/100
|-damage|p2a: Melmetal|34/100|[from] item: Rocky Helmet|[of] p1a: Toxapex
|-hitcount|p1a: Toxapex|2
|cant|p1a: Toxapex|flinch
|
|upkeep
|turn|5
|
|t:|1610294107
|switch|p1a: Aegislash|Aegislash, M|100/100
|move|p2a: Melmetal|Double Iron Bash|p1a: Aegislash
|-resisted|p1a: Aegislash
|-damage|p1a: Aegislash|65/100
|-resisted|p1a: Aegislash
|-damage|p1a: Aegislash|33/100
|-hitcount|p1a: Aegislash|2
|
|upkeep
|turn|6
|l| Comrade Aim
|c| flesh world|bruh momento
|
|t:|1610294125
|switch|p2a: Salamence|Salamence, F|18/100
|-ability|p2a: Salamence|Intimidate|boost
|-unboost|p1a: Aegislash|atk|1
|-formechange|p1a: Aegislash|Aegislash-Blade||[from] ability: Stance Change
|move|p1a: Aegislash|Shadow Ball|p2a: Salamence
|-crit|p2a: Salamence
|-damage|p2a: Salamence|0 fnt
|-damage|p1a: Aegislash|23/100|[from] item: Life Orb
|faint|p2a: Salamence
|
|upkeep
|
|t:|1610294129
|switch|p2a: Blaziken|Blaziken, F|100/100
|turn|7
|
|t:|1610294132
|move|p2a: Blaziken|Earthquake|p1a: Aegislash
|-supereffective|p1a: Aegislash
|-damage|p1a: Aegislash|0 fnt
|faint|p1a: Aegislash
|
|-ability|p2a: Blaziken|Speed Boost|boost
|-boost|p2a: Blaziken|spe|1
|upkeep
|j| Ultra Dusk Mane31
|
|t:|1610294137
|switch|p1a: Diancie|Diancie|100/100
|turn|8
|
|t:|1610294143
|switch|p2a: Melmetal|Melmetal|34/100
|move|p1a: Diancie|Diamond Storm|p2a: Melmetal
|-resisted|p2a: Melmetal
|-damage|p2a: Melmetal|25/100
|-boost|p1a: Diancie|def|2
|
|upkeep
|turn|9
|
|t:|1610294155
|switch|p1a: Toxapex|Toxapex, M|40/100
|move|p2a: Melmetal|Double Iron Bash|p1a: Toxapex
|-resisted|p1a: Toxapex
|-damage|p1a: Toxapex|18/100
|-damage|p2a: Melmetal|8/100|[from] item: Rocky Helmet|[of] p1a: Toxapex
|-resisted|p1a: Toxapex
|-damage|p1a: Toxapex|0 fnt
|-damage|p2a: Melmetal|0 fnt|[from] item: Rocky Helmet|[of] p1a: Toxapex
|-hitcount|p1a: Toxapex|2
|faint|p1a: Toxapex
|faint|p2a: Melmetal
|
|upkeep
|
|t:|1610294160
|switch|p2a: Regieleki|Regieleki|100/100
|switch|p1a: Tornadus|Tornadus-Therian, M|67/100
|turn|10
|
|t:|1610294162
|switch|p2a: Garchomp|Garchomp, M|100/100
|switch|p1a: Zeraora|Zeraora|100/100
|
|upkeep
|turn|11
|
|t:|1610294165
|switch|p1a: Tornadus|Tornadus-Therian, M|99/100
|move|p2a: Garchomp|Dragon Tail|p1a: Tornadus
|-damage|p1a: Tornadus|71/100
|drag|p1a: Diancie|Diancie|100/100
|
|upkeep
|turn|12
|
|t:|1610294169
|switch|p1a: Tornadus|Tornadus-Therian, M|100/100
|move|p2a: Garchomp|Earthquake|p1a: Tornadus
|-immune|p1a: Tornadus
|
|upkeep
|turn|13
|
|t:|1610294172
|switch|p2a: Regieleki|Regieleki|100/100
|move|p1a: Tornadus|Icy Wind|p2a: Regieleki
|-damage|p2a: Regieleki|72/100
|-unboost|p2a: Regieleki|spe|1
|
|upkeep
|turn|14
|
|t:|1610294176
|switch|p2a: Blaziken|Blaziken, F|100/100
|move|p1a: Tornadus|U-turn|p2a: Blaziken
|-resisted|p2a: Blaziken
|-damage|p2a: Blaziken|95/100
|
|t:|1610294180
|switch|p1a: Diancie|Diancie|100/100|[from]move: U-turn
|
|upkeep
|turn|15
|
|t:|1610294184
|switch|p2a: Garchomp|Garchomp, M|100/100
|move|p1a: Diancie|Diamond Storm|p2a: Garchomp
|-resisted|p2a: Garchomp
|-damage|p2a: Garchomp|87/100
|
|upkeep
|turn|16
|
|t:|1610294186
|switch|p1a: Tornadus|Tornadus-Therian, M|100/100
|move|p2a: Garchomp|Stealth Rock|p1a: Tornadus
|-sidestart|p1: memesketch|move: Stealth Rock
|
|upkeep
|turn|17
|
|t:|1610294188
|move|p1a: Tornadus|Defog|p2a: Garchomp
|-unboost|p2a: Garchomp|evasion|1
|-sideend|p1: memesketch|Stealth Rock|[from] move: Defog|[of] p1a: Tornadus
|move|p2a: Garchomp|Dragon Tail|p1a: Tornadus
|-damage|p1a: Tornadus|70/100
|drag|p1a: Diancie|Diancie|100/100
|
|upkeep
|turn|18
|
|t:|1610294192
|switch|p1a: Tornadus|Tornadus-Therian, M|100/100
|move|p2a: Garchomp|Stealth Rock|p1a: Tornadus
|-sidestart|p1: memesketch|move: Stealth Rock
|
|upkeep
|turn|19
|
|t:|1610294194
|move|p1a: Tornadus|Defog|p2a: Garchomp
|-unboost|p2a: Garchomp|evasion|1
|-sideend|p1: memesketch|Stealth Rock|[from] move: Defog|[of] p1a: Tornadus
|move|p2a: Garchomp|Dragon Tail|p1a: Tornadus
|-damage|p1a: Tornadus|71/100
|drag|p1a: Hydreigon|Hydreigon, M|100/100
|
|upkeep
|turn|20
|
|t:|1610294198
|switch|p1a: Tornadus|Tornadus-Therian, M|100/100
|move|p2a: Garchomp|Stealth Rock|p1a: Tornadus
|-sidestart|p1: memesketch|move: Stealth Rock
|
|upkeep
|turn|21
|
|t:|1610294201
|move|p1a: Tornadus|Icy Wind|p2a: Garchomp
|-supereffective|p2a: Garchomp
|-damage|p2a: Garchomp|32/100
|-unboost|p2a: Garchomp|spe|1
|move|p2a: Garchomp|Dragon Tail|p1a: Tornadus
|-damage|p1a: Tornadus|69/100
|drag|p1a: Hydreigon|Hydreigon, M|100/100
|-damage|p1a: Hydreigon|88/100|[from] Stealth Rock
|
|-heal|p1a: Hydreigon|94/100|[from] item: Leftovers
|upkeep
|turn|22
|
|t:|1610294205
|move|p1a: Hydreigon|Dark Pulse|p2a: Garchomp
|-damage|p2a: Garchomp|0 fnt
|faint|p2a: Garchomp
|
|-heal|p1a: Hydreigon|100/100|[from] item: Leftovers
|upkeep
|
|t:|1610294210
|switch|p2a: Zarude|Zarude|100/100
|turn|23
|
|t:|1610294212
|switch|p1a: Tornadus|Tornadus-Therian, M|100/100
|move|p2a: Zarude|Bulk Up|p2a: Zarude
|-boost|p2a: Zarude|atk|1
|-boost|p2a: Zarude|def|1
|
|upkeep
|turn|24
|
|t:|1610294214
|move|p1a: Tornadus|Defog|p2a: Zarude
|-unboost|p2a: Zarude|evasion|1
|-sideend|p1: memesketch|Stealth Rock|[from] move: Defog|[of] p1a: Tornadus
|move|p2a: Zarude|Darkest Lariat|p1a: Tornadus
|-damage|p1a: Tornadus|47/100
|
|upkeep
|turn|25
|
|t:|1610294217
|move|p1a: Tornadus|U-turn|p2a: Zarude
|-supereffective|p2a: Zarude
|-damage|p2a: Zarude|71/100
|
|t:|1610294222
|switch|p1a: Hydreigon|Hydreigon, M|100/100|[from]move: U-turn
|move|p2a: Zarude|Darkest Lariat|p1a: Hydreigon
|-resisted|p1a: Hydreigon
|-damage|p1a: Hydreigon|70/100
|
|-heal|p2a: Zarude|77/100|[from] item: Leftovers
|-heal|p1a: Hydreigon|76/100|[from] item: Leftovers
|upkeep
|turn|26
|
|t:|1610294225
|move|p2a: Zarude|Power Whip|p1a: Hydreigon|[miss]
|-miss|p2a: Zarude|p1a: Hydreigon
|move|p1a: Hydreigon|Dark Pulse|p2a: Zarude
|-resisted|p2a: Zarude
|-damage|p2a: Zarude|60/100
|
|-heal|p2a: Zarude|66/100|[from] item: Leftovers
|-heal|p1a: Hydreigon|82/100|[from] item: Leftovers
|upkeep
|turn|27
|
|t:|1610294227
|move|p2a: Zarude|Jungle Healing|p2a: Zarude
|-heal|p2a: Zarude|91/100
|move|p1a: Hydreigon|Dark Pulse|p2a: Zarude
|-resisted|p2a: Zarude
|-damage|p2a: Zarude|74/100
|
|-heal|p2a: Zarude|80/100|[from] item: Leftovers
|-heal|p1a: Hydreigon|88/100|[from] item: Leftovers
|upkeep
|turn|28
|
|t:|1610294229
|move|p2a: Zarude|Bulk Up|p2a: Zarude
|-boost|p2a: Zarude|atk|1
|-boost|p2a: Zarude|def|1
|move|p1a: Hydreigon|Nasty Plot|p1a: Hydreigon
|-boost|p1a: Hydreigon|spa|2
|
|-heal|p2a: Zarude|86/100|[from] item: Leftovers
|-heal|p1a: Hydreigon|95/100|[from] item: Leftovers
|upkeep
|turn|29
|
|t:|1610294231
|move|p2a: Zarude|Power Whip|p1a: Hydreigon
|-resisted|p1a: Hydreigon
|-damage|p1a: Hydreigon|37/100
|move|p1a: Hydreigon|Dark Pulse|p2a: Zarude
|-resisted|p2a: Zarude
|-damage|p2a: Zarude|50/100
|
|-heal|p2a: Zarude|56/100|[from] item: Leftovers
|-heal|p1a: Hydreigon|43/100|[from] item: Leftovers
|upkeep
|turn|30
|
|t:|1610294234
|move|p2a: Zarude|Power Whip|p1a: Hydreigon
|-resisted|p1a: Hydreigon
|-damage|p1a: Hydreigon|0 fnt
|faint|p1a: Hydreigon
|
|-heal|p2a: Zarude|62/100|[from] item: Leftovers
|upkeep
|
|t:|1610294236
|switch|p1a: Tornadus|Tornadus-Therian, M|80/100
|turn|31
|
|t:|1610294238
|move|p1a: Tornadus|Hurricane|p2a: Zarude
|-supereffective|p2a: Zarude
|-damage|p2a: Zarude|0 fnt
|faint|p2a: Zarude
|
|upkeep
|
|t:|1610294251
|switch|p2a: Blaziken|Blaziken, F|95/100
|turn|32
|
|t:|1610294253
|move|p1a: Tornadus|Hurricane|p2a: Blaziken|[miss]
|-miss|p1a: Tornadus|p2a: Blaziken
|move|p2a: Blaziken|Swords Dance|p2a: Blaziken
|-boost|p2a: Blaziken|atk|2
|
|-ability|p2a: Blaziken|Speed Boost|boost
|-boost|p2a: Blaziken|spe|1
|upkeep
|turn|33
|
|t:|1610294256
|move|p2a: Blaziken|Flare Blitz|p1a: Tornadus
|-damage|p1a: Tornadus|0 fnt
|-damage|p2a: Blaziken|64/100|[from] Recoil
|faint|p1a: Tornadus
|
|-ability|p2a: Blaziken|Speed Boost|boost
|-boost|p2a: Blaziken|spe|1
|upkeep
|
|t:|1610294258
|switch|p1a: Diancie|Diancie|100/100
|turn|34
|
|t:|1610294264
|move|p2a: Blaziken|Earthquake|p1a: Diancie
|-supereffective|p1a: Diancie
|-damage|p1a: Diancie|14/100
|move|p1a: Diancie|Diamond Storm|p2a: Blaziken
|-damage|p2a: Blaziken|8/100
|-boost|p1a: Diancie|def|2
|
|-heal|p1a: Diancie|20/100|[from] item: Leftovers
|-ability|p2a: Blaziken|Speed Boost|boost
|-boost|p2a: Blaziken|spe|1
|upkeep
|turn|35
|c| flesh world|basE?!
|
|t:|1610294268
|move|p2a: Blaziken|Earthquake|p1a: Diancie
|-supereffective|p1a: Diancie
|-crit|p1a: Diancie
|-damage|p1a: Diancie|0 fnt
|faint|p1a: Diancie
|
|-ability|p2a: Blaziken|Speed Boost|boost
|-boost|p2a: Blaziken|spe|1
|upkeep
|c|☆memesketch|bro you garbage lmao
|-message|memesketch forfeited.
|
|win|LolzMachine
|l|☆memesketch
|l| flesh world
|raw|memesketch's rating: 1717 &rarr; <strong>1694</strong><br />(-23 for losing)
|raw|LolzMachine's rating: 1664 &rarr; <strong>1687</strong><br />(+23 for winning)
|c|☆LolzMachine|should have used gust
|l| Ultra Dusk Mane31
|l| uvc
