|j|☆tanishq1
|j|☆Draco09876
|t:|1610295630
|player|p1|tanishq1|1|1841
|player|p2|Draco09876|170|1747
|teamsize|p1|6
|teamsize|p2|6
|gametype|singles
|gen|8
|tier|[Gen 8] OU
|rated|
|clearpoke
|poke|p1|Urshifu-*, M|
|poke|p1|Clefable, M|
|poke|p1|Nidoking, M|
|poke|p1|Zapdos|
|poke|p1|Porygon2|
|poke|p1|Heatran, M|
|poke|p2|Weavile, M|
|poke|p2|Urshifu-*, M|
|poke|p2|Rillaboom, M|
|poke|p2|Mandibuzz, F|
|poke|p2|Slowking-Galar, F|
|poke|p2|Swampert, F|
|rule|Sleep Clause Mod: Limit one foe put to sleep
|rule|Species Clause: Limit one of each Pokémon
|rule|OHKO Clause: OHKO moves are banned
|rule|Evasion Moves Clause: Evasion moves are banned
|rule|Endless Battle Clause: Forcing endless battles is banned
|rule|HP Percentage Mod: HP is shown in percentages
|rule|Dynamax Clause: You cannot dynamax
|teampreview
|j| VrtX14
|inactive|Battle timer is ON: inactive players will automatically lose when time's up. (requested by tanishq1)
|j| weslley07xD2
|
|t:|1610295647
|start
|switch|p1a: Clefable|Clefable, M, shiny|100/100
|switch|p2a: Urshifu|Urshifu-Rapid-Strike, M|100/100
|turn|1
|
|t:|1610295652
|switch|p2a: Slowking|Slowking-Galar, F|100/100
|move|p1a: Clefable|Knock Off|p2a: Slowking
|-supereffective|p2a: Slowking
|-damage|p2a: Slowking|67/100
|-enditem|p2a: Slowking|Assault Vest|[from] move: Knock Off|[of] p1a: Clefable
|
|upkeep
|turn|2
|
|t:|1610295657
|switch|p1a: Nidoking|Nidoking, M, shiny|100/100
|move|p2a: Slowking|Scald|p1a: Nidoking
|-supereffective|p1a: Nidoking
|-damage|p1a: Nidoking|18/100
|
|upkeep
|turn|3
|j| Paporroflexia
|j| testingfish123
|
|t:|1610295666
|switch|p2a: Swampert|Swampert, F|100/100
|move|p1a: Nidoking|Sludge Wave|p2a: Swampert
|-resisted|p2a: Swampert
|-damage|p2a: Swampert|80/100
|
|-heal|p2a: Swampert|86/100|[from] item: Leftovers
|upkeep
|turn|4
|
|t:|1610295671
|switch|p1a: Urshifu|Urshifu-Rapid-Strike, M, shiny|100/100
|move|p2a: Swampert|Stealth Rock|p1a: Urshifu
|-sidestart|p1: tanishq1|move: Stealth Rock
|
|-heal|p2a: Swampert|92/100|[from] item: Leftovers
|upkeep
|turn|5
|
|t:|1610295675
|switch|p2a: Rillaboom|Rillaboom, M|100/100
|-fieldstart|move: Grassy Terrain|[from] ability: Grassy Surge|[of] p2a: Rillaboom
|move|p1a: Urshifu|Surging Strikes|p2a: Rillaboom
|-resisted|p2a: Rillaboom
|-crit|p2a: Rillaboom
|-damage|p2a: Rillaboom|85/100
|-resisted|p2a: Rillaboom
|-crit|p2a: Rillaboom
|-damage|p2a: Rillaboom|70/100
|-resisted|p2a: Rillaboom
|-crit|p2a: Rillaboom
|-damage|p2a: Rillaboom|53/100
|-hitcount|p2a: Rillaboom|3
|
|-heal|p2a: Rillaboom|59/100|[from] Grassy Terrain
|upkeep
|turn|6
|j| Malabar323
|
|t:|1610295682
|switch|p1a: Zapdos|Zapdos, shiny|100/100
|move|p2a: Rillaboom|U-turn|p1a: Zapdos
|-resisted|p1a: Zapdos
|-damage|p1a: Zapdos|86/100
|
|t:|1610295685
|switch|p2a: Weavile|Weavile, M|100/100|[from]move: U-turn
|-ability|p2a: Weavile|Pressure
|
|upkeep
|turn|7
|
|t:|1610295691
|move|p2a: Weavile|Knock Off|p1a: Zapdos
|-damage|p1a: Zapdos|30/100
|-enditem|p1a: Zapdos|Heavy-Duty Boots|[from] move: Knock Off|[of] p2a: Weavile
|move|p1a: Zapdos|Volt Switch|p2a: Weavile
|-damage|p2a: Weavile|57/100
|
|t:|1610295702
|switch|p1a: Clefable|Clefable, M, shiny|100/100|[from]move: Volt Switch
|
|-heal|p2a: Weavile|63/100|[from] Grassy Terrain
|upkeep
|turn|8
|j| ByronGymLeader
|
|t:|1610295709
|switch|p2a: Slowking|Slowking-Galar, F|99/100
|switch|p1a: Zapdos|Zapdos, shiny|30/100
|-damage|p1a: Zapdos|5/100|[from] Stealth Rock
|
|-heal|p2a: Slowking|100/100|[from] Grassy Terrain
|upkeep
|turn|9
|l| Malabar323
|
|t:|1610295712
|move|p1a: Zapdos|Roost|p1a: Zapdos
|-heal|p1a: Zapdos|55/100
|-singleturn|p1a: Zapdos|move: Roost
|move|p2a: Slowking|Sludge Bomb|p1a: Zapdos
|-damage|p1a: Zapdos|15/100
|-status|p1a: Zapdos|psn
|
|-heal|p1a: Zapdos|22/100 psn|[from] Grassy Terrain
|-fieldend|move: Grassy Terrain
|-damage|p1a: Zapdos|9/100 psn|[from] psn
|upkeep
|turn|10
|
|t:|1610295722
|move|p1a: Zapdos|Defog|p2a: Slowking
|-unboost|p2a: Slowking|evasion|1
|-sideend|p1: tanishq1|Stealth Rock|[from] move: Defog|[of] p1a: Zapdos
|move|p2a: Slowking|Sludge Bomb|p1a: Zapdos
|-damage|p1a: Zapdos|0 fnt
|faint|p1a: Zapdos
|
|upkeep
|
|t:|1610295726
|switch|p1a: Urshifu|Urshifu-Rapid-Strike, M, shiny|100/100
|turn|11
|l| testingfish123
|
|t:|1610295741
|switch|p2a: Urshifu|Urshifu-Rapid-Strike, M|100/100
|move|p1a: Urshifu|Surging Strikes|p2a: Urshifu
|-resisted|p2a: Urshifu
|-crit|p2a: Urshifu
|-damage|p2a: Urshifu|85/100
|-resisted|p2a: Urshifu
|-crit|p2a: Urshifu
|-damage|p2a: Urshifu|70/100
|-resisted|p2a: Urshifu
|-crit|p2a: Urshifu
|-damage|p2a: Urshifu|55/100
|-hitcount|p2a: Urshifu|3
|
|upkeep
|turn|12
|j| Reign1997
|
|t:|1610295748
|switch|p1a: Clefable|Clefable, M, shiny|100/100
|move|p2a: Urshifu|Close Combat|p1a: Clefable
|-resisted|p1a: Clefable
|-damage|p1a: Clefable|78/100
|-unboost|p2a: Urshifu|def|1
|-unboost|p2a: Urshifu|spd|1
|
|upkeep
|turn|13
|
|t:|1610295754
|switch|p2a: Slowking|Slowking-Galar, F|100/100
|switch|p1a: Urshifu|Urshifu-Rapid-Strike, M, shiny|100/100
|
|upkeep
|turn|14
|
|t:|1610295760
|move|p1a: Urshifu|Surging Strikes|p2a: Slowking
|-crit|p2a: Slowking
|-damage|p2a: Slowking|69/100
|-crit|p2a: Slowking
|-damage|p2a: Slowking|37/100
|-crit|p2a: Slowking
|-damage|p2a: Slowking|4/100
|-hitcount|p2a: Slowking|3
|move|p2a: Slowking|Future Sight|p1a: Urshifu
|-start|p2a: Slowking|move: Future Sight
|
|upkeep
|turn|15
|
|t:|1610295765
|switch|p2a: Urshifu|Urshifu-Rapid-Strike, M|55/100
|move|p1a: Urshifu|Surging Strikes|p2a: Urshifu
|-resisted|p2a: Urshifu
|-crit|p2a: Urshifu
|-damage|p2a: Urshifu|39/100
|-resisted|p2a: Urshifu
|-crit|p2a: Urshifu
|-damage|p2a: Urshifu|25/100
|-resisted|p2a: Urshifu
|-crit|p2a: Urshifu
|-damage|p2a: Urshifu|9/100
|-hitcount|p2a: Urshifu|3
|
|upkeep
|turn|16
|
|t:|1610295772
|switch|p1a: Clefable|Clefable, M, shiny|78/100
|move|p2a: Urshifu|Surging Strikes|p1a: Clefable
|-crit|p1a: Clefable
|-damage|p1a: Clefable|63/100
|-crit|p1a: Clefable
|-damage|p1a: Clefable|48/100
|-crit|p1a: Clefable
|-damage|p1a: Clefable|32/100
|-hitcount|p1a: Clefable|3
|
|-end|p1a: Clefable|move: Future Sight
|-damage|p1a: Clefable|0 fnt
|upkeep
|faint|p1a: Clefable
|
|t:|1610295781
|switch|p1a: Urshifu|Urshifu-Rapid-Strike, M, shiny|100/100
|turn|17
|
|t:|1610295786
|move|p1a: Urshifu|Surging Strikes|p2a: Urshifu
|-resisted|p2a: Urshifu
|-crit|p2a: Urshifu
|-damage|p2a: Urshifu|0 fnt
|-hitcount|p2a: Urshifu|1
|faint|p2a: Urshifu
|
|upkeep
|
|t:|1610295789
|switch|p2a: Rillaboom|Rillaboom, M|59/100
|-fieldstart|move: Grassy Terrain|[from] ability: Grassy Surge|[of] p2a: Rillaboom
|turn|18
|
|t:|1610295794
|switch|p1a: Porygon2|Porygon2, shiny|100/100
|-ability|p1a: Porygon2|Grassy Surge|[from] ability: Trace|[of] p2a: Rillaboom
|move|p2a: Rillaboom|Superpower|p1a: Porygon2
|-supereffective|p1a: Porygon2
|-damage|p1a: Porygon2|32/100
|-unboost|p2a: Rillaboom|atk|1
|-unboost|p2a: Rillaboom|def|1
|
|-heal|p2a: Rillaboom|65/100|[from] Grassy Terrain
|-heal|p1a: Porygon2|38/100|[from] Grassy Terrain
|upkeep
|turn|19
|
|t:|1610295799
|move|p2a: Rillaboom|Superpower|p1a: Porygon2
|-supereffective|p1a: Porygon2
|-damage|p1a: Porygon2|0 fnt
|-unboost|p2a: Rillaboom|atk|1
|-unboost|p2a: Rillaboom|def|1
|faint|p1a: Porygon2
|
|-heal|p2a: Rillaboom|71/100|[from] Grassy Terrain
|upkeep
|
|t:|1610295801
|switch|p1a: Heatran|Heatran, M|100/100
|turn|20
|
|t:|1610295804
|switch|p1a: Urshifu|Urshifu-Rapid-Strike, M, shiny|100/100
|switch|p2a: Swampert|Swampert, F|92/100
|
|-heal|p2a: Swampert|99/100|[from] Grassy Terrain
|-heal|p2a: Swampert|100/100|[from] item: Leftovers
|upkeep
|turn|21
|
|t:|1610295811
|move|p1a: Urshifu|Surging Strikes|p2a: Swampert
|-crit|p2a: Swampert
|-damage|p2a: Swampert|75/100
|-crit|p2a: Swampert
|-damage|p2a: Swampert|47/100
|-crit|p2a: Swampert
|-damage|p2a: Swampert|21/100
|-hitcount|p2a: Swampert|3
|move|p2a: Swampert|Yawn|p1a: Urshifu
|-start|p1a: Urshifu|move: Yawn|[of] p2a: Swampert
|
|-heal|p2a: Swampert|27/100|[from] Grassy Terrain
|-heal|p2a: Swampert|33/100|[from] item: Leftovers
|upkeep
|turn|22
|
|t:|1610295819
|switch|p1a: Nidoking|Nidoking, M, shiny|18/100
|move|p2a: Swampert|Flip Turn|p1a: Nidoking
|-supereffective|p1a: Nidoking
|-damage|p1a: Nidoking|0 fnt
|faint|p1a: Nidoking
|
|t:|1610295822
|switch|p2a: Rillaboom|Rillaboom, M|71/100|[from]move: Flip Turn
|
|-heal|p2a: Rillaboom|77/100|[from] Grassy Terrain
|-fieldend|move: Grassy Terrain
|upkeep
|
|t:|1610295824
|switch|p1a: Heatran|Heatran, M|100/100
|turn|23
|j| screensditto
|
|t:|1610295837
|switch|p2a: Swampert|Swampert, F|33/100
|move|p1a: Heatran|Eruption|p2a: Swampert
|-resisted|p2a: Swampert
|-crit|p2a: Swampert
|-damage|p2a: Swampert|0 fnt
|faint|p2a: Swampert
|
|upkeep
|j| effectvolume
|
|t:|1610295847
|switch|p2a: Mandibuzz|Mandibuzz, F|100/100
|turn|24
|
|t:|1610295850
|move|p1a: Heatran|Eruption|p2a: Mandibuzz
|-damage|p2a: Mandibuzz|29/100
|move|p2a: Mandibuzz|Knock Off|p1a: Heatran
|-damage|p1a: Heatran|76/100
|-enditem|p1a: Heatran|Choice Scarf|[from] move: Knock Off|[of] p2a: Mandibuzz
|
|upkeep
|turn|25
|l| screensditto
|
|t:|1610295855
|move|p1a: Heatran|Eruption|p2a: Mandibuzz
|-damage|p2a: Mandibuzz|0 fnt
|faint|p2a: Mandibuzz
|
|upkeep
|
|t:|1610295857
|switch|p2a: Weavile|Weavile, M|63/100
|-ability|p2a: Weavile|Pressure
|turn|26
|
|t:|1610295862
|move|p2a: Weavile|Brick Break|p1a: Heatran
|-supereffective|p1a: Heatran
|-damage|p1a: Heatran|0 fnt
|faint|p1a: Heatran
|
|upkeep
|
|t:|1610295865
|switch|p1a: Urshifu|Urshifu-Rapid-Strike, M, shiny|100/100
|turn|27
|j| Yatogami Mikoto 夜刀
|
|t:|1610295868
|move|p2a: Weavile|Brick Break|p1a: Urshifu
|-damage|p1a: Urshifu|61/100
|move|p1a: Urshifu|Close Combat|p2a: Weavile
|-supereffective|p2a: Weavile
|-damage|p2a: Weavile|0 fnt
|-unboost|p1a: Urshifu|def|1
|-unboost|p1a: Urshifu|spd|1
|faint|p2a: Weavile
|
|upkeep
|
|t:|1610295871
|switch|p2a: Rillaboom|Rillaboom, M|77/100
|-fieldstart|move: Grassy Terrain|[from] ability: Grassy Surge|[of] p2a: Rillaboom
|turn|28
|
|t:|1610295873
|move|p2a: Rillaboom|Grassy Glide|p1a: Urshifu
|-supereffective|p1a: Urshifu
|-damage|p1a: Urshifu|0 fnt
|faint|p1a: Urshifu
|
|win|Draco09876
|l|☆tanishq1
|c|☆Draco09876|gg
|l|☆Draco09876
|l| Paporroflexia
||Ladder (probably) updated, but score could not be retrieved (Request timeout).
