|j|☆hahskjsnjdk
|j|☆yvyxv
|player|p1|hahskjsnjdk|palmer|
|player|p2|yvyxv|anabel|
|teamsize|p1|6
|teamsize|p2|6
|gametype|singles
|gen|8
|tier|[Gen 8] OU
|clearpoke
|poke|p1|Excadrill, F|
|poke|p1|Tyranitar, F|
|poke|p1|Ferrothorn, M|
|poke|p1|Hydreigon, M|
|poke|p1|Hippowdon, F|
|poke|p1|Aegislash, M|
|poke|p2|Mew|
|poke|p2|Clefable, M|
|poke|p2|Seismitoad, F|
|poke|p2|Corviknight, M|
|poke|p2|Tyranitar, F|
|poke|p2|Conkeldurr, F|
|rule|Sleep Clause Mod: Limit one foe put to sleep
|rule|Species Clause: Limit one of each Pokémon
|rule|OHKO Clause: OHKO moves are banned
|rule|Evasion Moves Clause: Evasion moves are banned
|rule|Endless Battle Clause: Forcing endless battles is banned
|rule|HP Percentage Mod: HP is shown in percentages
|rule|Dynamax Clause: You cannot dynamax
|teampreview
|
|start
|switch|p1a: Hydreigon|Hydreigon, M|100/100
|switch|p2a: T.s|Mew|100/100
|turn|1
|
|switch|p1a: Ferrothorn|Ferrothorn, M|100/100
|switch|p2a: Ravenking|Corviknight, M, shiny|100/100
|-ability|p2a: Ravenking|Pressure
|
|upkeep
|turn|2
|
|switch|p2a: Dr.Anabol|Conkeldurr, F|100/100
|move|p1a: Ferrothorn|Knock Off|p2a: Dr.Anabol
|-resisted|p2a: Dr.Anabol
|-damage|p2a: Dr.Anabol|81/100
|-enditem|p2a: Dr.Anabol|Flame Orb|[from] move: Knock Off|[of] p1a: Ferrothorn
|
|upkeep
|turn|3
|
|switch|p2a: T.s|Mew|100/100
|switch|p1a: Hippowdon|Hippowdon, F|100/100
|-weather|Sandstorm|[from] ability: Sand Stream|[of] p1a: Hippowdon
|
|-weather|Sandstorm|[upkeep]
|-damage|p2a: T.s|94/100|[from] Sandstorm
|upkeep
|turn|4
|
|switch|p1a: Tyranitar|Tyranitar, F|100/100
|move|p2a: T.s|Will-O-Wisp|p1a: Tyranitar|[miss]
|-miss|p2a: T.s|p1a: Tyranitar
|
|-weather|Sandstorm|[upkeep]
|-damage|p2a: T.s|88/100|[from] Sandstorm
|upkeep
|turn|5
|
|move|p2a: T.s|Will-O-Wisp|p1a: Tyranitar
|-status|p1a: Tyranitar|brn
|move|p1a: Tyranitar|Crunch|p2a: T.s
|-supereffective|p2a: T.s
|-enditem|p2a: T.s|Colbur Berry|[eat]
|-enditem|p2a: T.s|Colbur Berry|[weaken]
|-damage|p2a: T.s|68/100
|-unboost|p2a: T.s|def|1
|
|-weather|Sandstorm|[upkeep]
|-damage|p2a: T.s|62/100|[from] Sandstorm
|-damage|p1a: Tyranitar|94/100 brn|[from] brn
|upkeep
|turn|6
|
|switch|p2a: Sonora|Tyranitar, F|100/100
|switch|p1a: Ferrothorn|Ferrothorn, M|100/100
|
|-weather|Sandstorm|[upkeep]
|upkeep
|turn|7
|
|switch|p2a: T.s|Mew|62/100
|move|p1a: Ferrothorn|Gyro Ball|p2a: T.s
|-damage|p2a: T.s|5/100
|
|-weather|none
|upkeep
|turn|8
|
|switch|p1a: Tyranitar|Tyranitar, F|94/100 brn
|-weather|Sandstorm|[from] ability: Sand Stream|[of] p1a: Tyranitar
|move|p2a: T.s|Soft-Boiled|p2a: T.s
|-heal|p2a: T.s|55/100
|
|-weather|Sandstorm|[upkeep]
|-damage|p2a: T.s|49/100|[from] Sandstorm
|-damage|p1a: Tyranitar|88/100 brn|[from] brn
|upkeep
|turn|9
|
|move|p2a: T.s|Soft-Boiled|p2a: T.s
|-heal|p2a: T.s|99/100
|move|p1a: Tyranitar|Crunch|p2a: T.s
|-supereffective|p2a: T.s
|-damage|p2a: T.s|52/100
|-unboost|p2a: T.s|def|1
|
|-weather|Sandstorm|[upkeep]
|-damage|p2a: T.s|46/100|[from] Sandstorm
|-damage|p1a: Tyranitar|82/100 brn|[from] brn
|upkeep
|turn|10
|
|switch|p2a: Sonora|Tyranitar, F|100/100
|switch|p1a: Hydreigon|Hydreigon, M|100/100
|
|-weather|Sandstorm|[upkeep]
|-damage|p1a: Hydreigon|94/100|[from] Sandstorm
|upkeep
|turn|11
|
|move|p1a: Hydreigon|Flash Cannon|p2a: Sonora
|-supereffective|p2a: Sonora
|-damage|p2a: Sonora|69/100
|-damage|p1a: Hydreigon|84/100|[from] item: Life Orb
|move|p2a: Sonora|Stealth Rock|p1a: Hydreigon
|-sidestart|p1: hahskjsnjdk|move: Stealth Rock
|
|-weather|Sandstorm|[upkeep]
|-damage|p1a: Hydreigon|78/100|[from] Sandstorm
|-heal|p2a: Sonora|75/100|[from] item: Leftovers
|upkeep
|turn|12
|
|switch|p1a: Hippowdon|Hippowdon, F|100/100
|-damage|p1a: Hippowdon|94/100|[from] Stealth Rock
|move|p2a: Sonora|Fire Blast|p1a: Hippowdon|[miss]
|-miss|p2a: Sonora|p1a: Hippowdon
|
|-weather|none
|-heal|p2a: Sonora|81/100|[from] item: Leftovers
|-heal|p1a: Hippowdon|100/100|[from] item: Leftovers
|upkeep
|turn|13
|
|move|p2a: Sonora|Toxic|p1a: Hippowdon
|-status|p1a: Hippowdon|tox
|move|p1a: Hippowdon|Earthquake|p2a: Sonora
|-supereffective|p2a: Sonora
|-damage|p2a: Sonora|26/100
|
|-heal|p2a: Sonora|33/100|[from] item: Leftovers
|-damage|p1a: Hippowdon|94/100 tox|[from] psn
|upkeep
|turn|14
|
|switch|p2a: Dr.Anabol|Conkeldurr, F|81/100
|move|p1a: Hippowdon|Stealth Rock|p2a: Dr.Anabol
|-sidestart|p2: yvyxv|move: Stealth Rock
|
|-heal|p1a: Hippowdon|100/100 tox|[from] item: Leftovers
|-damage|p1a: Hippowdon|88/100 tox|[from] psn
|upkeep
|turn|15
|
|move|p2a: Dr.Anabol|Knock Off|p1a: Hippowdon
|-damage|p1a: Hippowdon|66/100 tox
|-enditem|p1a: Hippowdon|Leftovers|[from] move: Knock Off|[of] p2a: Dr.Anabol
|move|p1a: Hippowdon|Earthquake|p2a: Dr.Anabol
|-damage|p2a: Dr.Anabol|43/100
|
|-damage|p1a: Hippowdon|48/100 tox|[from] psn
|upkeep
|turn|16
|
|switch|p1a: Aegislash|Aegislash, M|100/100
|-damage|p1a: Aegislash|94/100|[from] Stealth Rock
|-item|p1a: Aegislash|Air Balloon
|move|p2a: Dr.Anabol|Drain Punch|p1a: Aegislash
|-immune|p1a: Aegislash
|
|upkeep
|turn|17
|
|switch|p2a: Toad|Seismitoad, F|100/100
|-damage|p2a: Toad|94/100|[from] Stealth Rock
|-formechange|p1a: Aegislash|Aegislash-Blade||[from] ability: Stance Change
|move|p1a: Aegislash|Close Combat|p2a: Toad
|-damage|p2a: Toad|59/100
|-unboost|p1a: Aegislash|def|1
|-unboost|p1a: Aegislash|spd|1
|
|-heal|p2a: Toad|65/100|[from] item: Leftovers
|upkeep
|turn|18
|
|switch|p1a: Ferrothorn|Ferrothorn, M|100/100
|-damage|p1a: Ferrothorn|94/100|[from] Stealth Rock
|move|p2a: Toad|Scald|p1a: Ferrothorn
|-resisted|p1a: Ferrothorn
|-damage|p1a: Ferrothorn|85/100
|
|-heal|p2a: Toad|72/100|[from] item: Leftovers
|upkeep
|turn|19
|
|switch|p2a: Ravenking|Corviknight, M, shiny|100/100
|-damage|p2a: Ravenking|88/100|[from] Stealth Rock
|-ability|p2a: Ravenking|Pressure
|move|p1a: Ferrothorn|Power Whip|p2a: Ravenking
|-resisted|p2a: Ravenking
|-damage|p2a: Ravenking|70/100
|
|-heal|p2a: Ravenking|76/100|[from] item: Leftovers
|upkeep
|turn|20
|
|move|p2a: Ravenking|Roost|p2a: Ravenking
|-heal|p2a: Ravenking|100/100
|-singleturn|p2a: Ravenking|move: Roost
|move|p1a: Ferrothorn|Power Whip|p2a: Ravenking
|-resisted|p2a: Ravenking
|-damage|p2a: Ravenking|65/100
|
|-heal|p2a: Ravenking|71/100|[from] item: Leftovers
|upkeep
|turn|21
|
|switch|p1a: Hippowdon|Hippowdon, F|48/100 tox
|-damage|p1a: Hippowdon|41/100 tox|[from] Stealth Rock
|-weather|Sandstorm|[from] ability: Sand Stream|[of] p1a: Hippowdon
|move|p2a: Ravenking|Brave Bird|p1a: Hippowdon
|-damage|p1a: Hippowdon|22/100 tox
|-damage|p2a: Ravenking|65/100|[from] Recoil
|
|-weather|Sandstorm|[upkeep]
|-heal|p2a: Ravenking|71/100|[from] item: Leftovers
|-damage|p1a: Hippowdon|16/100 tox|[from] psn
|upkeep
|turn|22
|
|switch|p2a: T.s|Mew|46/100
|-damage|p2a: T.s|34/100|[from] Stealth Rock
|switch|p1a: Aegislash|Aegislash, M|94/100
|-damage|p1a: Aegislash|88/100|[from] Stealth Rock
|-item|p1a: Aegislash|Air Balloon
|
|-weather|Sandstorm|[upkeep]
|-damage|p2a: T.s|28/100|[from] Sandstorm
|upkeep
|turn|23
|
|-formechange|p1a: Aegislash|Aegislash-Blade||[from] ability: Stance Change
|move|p1a: Aegislash|Shadow Sneak|p2a: T.s
|-supereffective|p2a: T.s
|-damage|p2a: T.s|0 fnt
|faint|p2a: T.s
|
|-weather|Sandstorm|[upkeep]
|upkeep
|
|switch|p2a: Toad|Seismitoad, F|72/100
|-damage|p2a: Toad|65/100|[from] Stealth Rock
|turn|24
|
|switch|p1a: Ferrothorn|Ferrothorn, M|85/100
|-damage|p1a: Ferrothorn|79/100|[from] Stealth Rock
|move|p2a: Toad|Scald|p1a: Ferrothorn
|-resisted|p1a: Ferrothorn
|-damage|p1a: Ferrothorn|70/100
|
|-weather|Sandstorm|[upkeep]
|-heal|p2a: Toad|72/100|[from] item: Leftovers
|upkeep
|turn|25
|
|move|p2a: Toad|Protect|p2a: Toad
|-singleturn|p2a: Toad|Protect
|move|p1a: Ferrothorn|Knock Off|p2a: Toad
|-activate|p2a: Toad|move: Protect
|
|-weather|none
|-heal|p2a: Toad|78/100|[from] item: Leftovers
|upkeep
|turn|26
|
|switch|p2a: Dr.Anabol|Conkeldurr, F|43/100
|-damage|p2a: Dr.Anabol|37/100|[from] Stealth Rock
|move|p1a: Ferrothorn|Knock Off|p2a: Dr.Anabol
|-resisted|p2a: Dr.Anabol
|-damage|p2a: Dr.Anabol|23/100
|
|upkeep
|turn|27
|
|switch|p1a: Hippowdon|Hippowdon, F|16/100 tox
|-damage|p1a: Hippowdon|10/100 tox|[from] Stealth Rock
|-weather|Sandstorm|[from] ability: Sand Stream|[of] p1a: Hippowdon
|move|p2a: Dr.Anabol|Drain Punch|p1a: Hippowdon
|-damage|p1a: Hippowdon|0 fnt
|-heal|p2a: Dr.Anabol|28/100|[from] drain|[of] p1a: Hippowdon
|faint|p1a: Hippowdon
|
|-weather|Sandstorm|[upkeep]
|-damage|p2a: Dr.Anabol|22/100|[from] Sandstorm
|upkeep
|
|switch|p1a: Aegislash|Aegislash, M|88/100
|-damage|p1a: Aegislash|82/100|[from] Stealth Rock
|-item|p1a: Aegislash|Air Balloon
|turn|28
|
|-formechange|p1a: Aegislash|Aegislash-Blade||[from] ability: Stance Change
|move|p1a: Aegislash|Close Combat|p2a: Dr.Anabol
|-damage|p2a: Dr.Anabol|0 fnt
|-unboost|p1a: Aegislash|def|1
|-unboost|p1a: Aegislash|spd|1
|faint|p2a: Dr.Anabol
|
|-weather|Sandstorm|[upkeep]
|upkeep
|
|switch|p2a: Ravenking|Corviknight, M, shiny|71/100
|-damage|p2a: Ravenking|58/100|[from] Stealth Rock
|-ability|p2a: Ravenking|Pressure
|turn|29
|
|move|p1a: Aegislash|Close Combat|p2a: Ravenking
|-damage|p2a: Ravenking|19/100
|-unboost|p1a: Aegislash|def|1
|-unboost|p1a: Aegislash|spd|1
|move|p2a: Ravenking|Roost|p2a: Ravenking
|-heal|p2a: Ravenking|69/100
|-singleturn|p2a: Ravenking|move: Roost
|
|-weather|Sandstorm|[upkeep]
|-heal|p2a: Ravenking|75/100|[from] item: Leftovers
|upkeep
|turn|30
|
|switch|p1a: Ferrothorn|Ferrothorn, M|70/100
|-damage|p1a: Ferrothorn|63/100|[from] Stealth Rock
|move|p2a: Ravenking|Roost|p2a: Ravenking
|-heal|p2a: Ravenking|100/100
|-singleturn|p2a: Ravenking|move: Roost
|
|-weather|Sandstorm|[upkeep]
|upkeep
|turn|31
|
|move|p2a: Ravenking|Bulk Up|p2a: Ravenking
|-boost|p2a: Ravenking|atk|1
|-boost|p2a: Ravenking|def|1
|move|p1a: Ferrothorn|Knock Off|p2a: Ravenking
|-damage|p2a: Ravenking|77/100
|-enditem|p2a: Ravenking|Leftovers|[from] move: Knock Off|[of] p1a: Ferrothorn
|
|-weather|none
|upkeep
|turn|32
|
|switch|p1a: Aegislash|Aegislash, M|82/100
|-damage|p1a: Aegislash|76/100|[from] Stealth Rock
|-item|p1a: Aegislash|Air Balloon
|move|p2a: Ravenking|Roost|p2a: Ravenking
|-heal|p2a: Ravenking|100/100
|-singleturn|p2a: Ravenking|move: Roost
|
|upkeep
|turn|33
|
|move|p1a: Aegislash|Swords Dance|p1a: Aegislash
|-boost|p1a: Aegislash|atk|2
|move|p2a: Ravenking|Bulk Up|p2a: Ravenking
|-boost|p2a: Ravenking|atk|1
|-boost|p2a: Ravenking|def|1
|
|upkeep
|turn|34
|
|move|p1a: Aegislash|Swords Dance|p1a: Aegislash
|-boost|p1a: Aegislash|atk|2
|move|p2a: Ravenking|Brave Bird|p1a: Aegislash
|-resisted|p1a: Aegislash
|-damage|p1a: Aegislash|43/100
|-enditem|p1a: Aegislash|Air Balloon
|-damage|p2a: Ravenking|93/100|[from] Recoil
|
|upkeep
|turn|35
|
|move|p1a: Aegislash|Swords Dance|p1a: Aegislash
|-boost|p1a: Aegislash|atk|2
|move|p2a: Ravenking|Roost|p2a: Ravenking
|-heal|p2a: Ravenking|100/100
|-singleturn|p2a: Ravenking|move: Roost
|
|upkeep
|turn|36
|
|-formechange|p1a: Aegislash|Aegislash-Blade||[from] ability: Stance Change
|move|p1a: Aegislash|Close Combat|p2a: Ravenking
|-damage|p2a: Ravenking|24/100
|-unboost|p1a: Aegislash|def|1
|-unboost|p1a: Aegislash|spd|1
|move|p2a: Ravenking|Brave Bird|p1a: Aegislash
|-resisted|p1a: Aegislash
|-damage|p1a: Aegislash|0 fnt
|-damage|p2a: Ravenking|15/100|[from] Recoil
|faint|p1a: Aegislash
|
|upkeep
|
|switch|p1a: Hydreigon|Hydreigon, M|78/100
|-damage|p1a: Hydreigon|66/100|[from] Stealth Rock
|turn|37
|
|switch|p2a: Dead Inside|Clefable, M|100/100
|move|p1a: Hydreigon|Flamethrower|p2a: Dead Inside
|-damage|p2a: Dead Inside|75/100
|-damage|p1a: Hydreigon|56/100|[from] item: Life Orb
|
|-heal|p2a: Dead Inside|81/100|[from] item: Leftovers
|upkeep
|turn|38
|
|switch|p1a: Ferrothorn|Ferrothorn, M|63/100
|-damage|p1a: Ferrothorn|57/100|[from] Stealth Rock
|move|p2a: Dead Inside|Wish|p2a: Dead Inside
|
|-heal|p2a: Dead Inside|88/100|[from] item: Leftovers
|upkeep
|turn|39
|
|move|p2a: Dead Inside|Protect|p2a: Dead Inside
|-singleturn|p2a: Dead Inside|Protect
|move|p1a: Ferrothorn|Gyro Ball|p2a: Dead Inside
|-activate|p2a: Dead Inside|move: Protect
|
|-heal|p2a: Dead Inside|100/100|[from] move: Wish|[wisher] Dead Inside
|upkeep
|turn|40
|
|switch|p2a: Toad|Seismitoad, F|78/100
|-damage|p2a: Toad|72/100|[from] Stealth Rock
|move|p1a: Ferrothorn|Gyro Ball|p2a: Toad
|-resisted|p2a: Toad
|-damage|p2a: Toad|41/100
|
|-heal|p2a: Toad|47/100|[from] item: Leftovers
|upkeep
|turn|41
|
|switch|p1a: Hydreigon|Hydreigon, M|56/100
|-damage|p1a: Hydreigon|44/100|[from] Stealth Rock
|move|p2a: Toad|Scald|p1a: Hydreigon
|-resisted|p1a: Hydreigon
|-damage|p1a: Hydreigon|31/100
|-status|p1a: Hydreigon|brn
|
|-heal|p2a: Toad|53/100|[from] item: Leftovers
|-damage|p1a: Hydreigon|25/100 brn|[from] brn
|upkeep
|turn|42
|
|move|p2a: Toad|Protect|p2a: Toad
|-singleturn|p2a: Toad|Protect
|move|p1a: Hydreigon|Nasty Plot|p1a: Hydreigon
|-boost|p1a: Hydreigon|spa|2
|
|-heal|p2a: Toad|59/100|[from] item: Leftovers
|-damage|p1a: Hydreigon|19/100 brn|[from] brn
|upkeep
|turn|43
|
|switch|p2a: Sonora|Tyranitar, F|33/100
|-damage|p2a: Sonora|20/100|[from] Stealth Rock
|-weather|Sandstorm|[from] ability: Sand Stream|[of] p2a: Sonora
|move|p1a: Hydreigon|Draco Meteor|p2a: Sonora
|-damage|p2a: Sonora|0 fnt
|-unboost|p1a: Hydreigon|spa|2
|-damage|p1a: Hydreigon|9/100 brn|[from] item: Life Orb
|faint|p2a: Sonora
|
|-weather|Sandstorm|[upkeep]
|-damage|p1a: Hydreigon|3/100 brn|[from] Sandstorm
|-damage|p1a: Hydreigon|0 fnt|[from] brn
|faint|p1a: Hydreigon
|upkeep
|
|switch|p1a: Ferrothorn|Ferrothorn, M|57/100
|switch|p2a: Toad|Seismitoad, F|59/100
|-damage|p2a: Toad|53/100|[from] Stealth Rock
|-damage|p1a: Ferrothorn|51/100|[from] Stealth Rock
|turn|44
|
|move|p2a: Toad|Protect|p2a: Toad
|-singleturn|p2a: Toad|Protect
|move|p1a: Ferrothorn|Power Whip|p2a: Toad
|-activate|p2a: Toad|move: Protect
|
|-weather|Sandstorm|[upkeep]
|-heal|p2a: Toad|59/100|[from] item: Leftovers
|upkeep
|turn|45
|
|switch|p2a: Ravenking|Corviknight, M, shiny|15/100
|-damage|p2a: Ravenking|3/100|[from] Stealth Rock
|-ability|p2a: Ravenking|Pressure
|move|p1a: Ferrothorn|Power Whip|p2a: Ravenking
|-resisted|p2a: Ravenking
|-damage|p2a: Ravenking|0 fnt
|faint|p2a: Ravenking
|
|-weather|Sandstorm|[upkeep]
|upkeep
|
|switch|p2a: Dead Inside|Clefable, M|100/100
|turn|46
|
|move|p2a: Dead Inside|Protect|p2a: Dead Inside
|-singleturn|p2a: Dead Inside|Protect
|move|p1a: Ferrothorn|Power Whip|p2a: Dead Inside
|-activate|p2a: Dead Inside|move: Protect
|
|-weather|Sandstorm|[upkeep]
|upkeep
|turn|47
|
|move|p2a: Dead Inside|Wish|p2a: Dead Inside
|move|p1a: Ferrothorn|Power Whip|p2a: Dead Inside
|-damage|p2a: Dead Inside|7/100
|
|-weather|none
|-heal|p2a: Dead Inside|13/100|[from] item: Leftovers
|upkeep
|turn|48
|
|move|p2a: Dead Inside|Moonblast|p1a: Ferrothorn
|-resisted|p1a: Ferrothorn
|-damage|p1a: Ferrothorn|37/100
|move|p1a: Ferrothorn|Power Whip|p2a: Dead Inside
|-damage|p2a: Dead Inside|0 fnt
|faint|p2a: Dead Inside
|
|upkeep
|
|switch|p2a: Toad|Seismitoad, F|59/100
|-damage|p2a: Toad|53/100|[from] Stealth Rock
|turn|49
|
|move|p2a: Toad|Scald|p1a: Ferrothorn
|-resisted|p1a: Ferrothorn
|-damage|p1a: Ferrothorn|27/100
|move|p1a: Ferrothorn|Power Whip|p2a: Toad
|-supereffective|p2a: Toad
|-damage|p2a: Toad|0 fnt
|faint|p2a: Toad
|
|win|hahskjsnjdk
|l|☆yvyxv
