|j|☆Af Lele.Tomas
|j|☆Maitredouard2
|t:|1665493223
|gametype|singles
|player|p1|Af Lele.Tomas|nate|1758
|player|p2|Maitredouard2|lance|1809
|teamsize|p1|6
|teamsize|p2|6
|gen|8
|tier|[Gen 8] OU
|rated|
|rule|Sleep Clause Mod: Limit one foe put to sleep
|rule|Species Clause: Limit one of each Pokémon
|rule|OHKO Clause: OHKO moves are banned
|rule|Evasion Items Clause: Evasion items are banned
|rule|Evasion Moves Clause: Evasion moves are banned
|rule|Endless Battle Clause: Forcing endless battles is banned
|rule|HP Percentage Mod: HP is shown in percentages
|rule|Dynamax Clause: You cannot dynamax
|clearpoke
|poke|p1|Tyranitar, M|
|poke|p1|Corviknight, M|
|poke|p1|Clefable, M|
|poke|p1|Slowbro, M|
|poke|p1|Garchomp, M|
|poke|p1|Volcarona, M|
|poke|p2|Mandibuzz, F|
|poke|p2|Landorus-Therian, M|
|poke|p2|Blissey, F|
|poke|p2|Heatran, F|
|poke|p2|Toxapex, M|
|poke|p2|Tapu Lele|
|teampreview
|
|t:|1665493250
|start
|switch|p1a: Slowbro|Slowbro, M|100/100
|switch|p2a: Tapu Lele|Tapu Lele|100/100
|-fieldstart|move: Psychic Terrain|[from] ability: Psychic Surge|[of] p2a: Tapu Lele
|turn|1
|inactive|Battle timer is ON: inactive players will automatically lose when time's up. (requested by Maitredouard2)
|
|t:|1665493290
|move|p2a: Tapu Lele|Shadow Ball|p1a: Slowbro
|-supereffective|p1a: Slowbro
|-damage|p1a: Slowbro|6/100
|move|p1a: Slowbro|Thunder Wave|p2a: Tapu Lele
|-status|p2a: Tapu Lele|par
|
|upkeep
|turn|2
|j| Rojegue Ceni
|
|t:|1665493299
|switch|p2a: Landorus|Landorus-Therian, M|100/100
|-ability|p2a: Landorus|Intimidate|boost
|-unboost|p1a: Slowbro|atk|1
|switch|p1a: Tyranitar|Tyranitar, M|100/100
|-weather|Sandstorm|[from] ability: Sand Stream|[of] p1a: Tyranitar
|
|-weather|Sandstorm|[upkeep]
|upkeep
|turn|3
|
|t:|1665493309
|switch|p1a: Corviknight|Corviknight, M|100/100
|-ability|p1a: Corviknight|Pressure
|move|p2a: Landorus|U-turn|p1a: Corviknight
|-resisted|p1a: Corviknight
|-damage|p1a: Corviknight|96/100
|-damage|p2a: Landorus|84/100|[from] item: Rocky Helmet|[of] p1a: Corviknight
|
|t:|1665493317
|switch|p2a: Heatran|Heatran, F|100/100|[from]move: U-turn
|-item|p2a: Heatran|Air Balloon
|
|-weather|Sandstorm|[upkeep]
|upkeep
|turn|4
|
|t:|1665493324
|switch|p1a: Garchomp|Garchomp, M|100/100
|move|p2a: Heatran|Stealth Rock|p1a: Garchomp
|-sidestart|p1: Af Lele.Tomas|move: Stealth Rock
|
|-weather|Sandstorm|[upkeep]
|upkeep
|turn|5
|
|t:|1665493332
|switch|p2a: Mandibuzz|Mandibuzz, F|100/100
|move|p1a: Garchomp|Scale Shot|p2a: Mandibuzz
|-damage|p2a: Mandibuzz|91/100
|-damage|p2a: Mandibuzz|82/100
|-hitcount|p2a: Mandibuzz|2
|-unboost|p1a: Garchomp|def|1
|-boost|p1a: Garchomp|spe|1
|
|-weather|Sandstorm|[upkeep]
|-fieldend|move: Psychic Terrain
|upkeep
|turn|6
|
|t:|1665493344
|switch|p1a: Corviknight|Corviknight, M|96/100
|-damage|p1a: Corviknight|84/100|[from] Stealth Rock
|-ability|p1a: Corviknight|Pressure
|move|p2a: Mandibuzz|Toxic|p1a: Corviknight
|-immune|p1a: Corviknight
|
|-weather|none
|upkeep
|turn|7
|
|t:|1665493353
|move|p2a: Mandibuzz|Taunt|p1a: Corviknight
|-start|p1a: Corviknight|move: Taunt
|cant|p1a: Corviknight|move: Taunt|Defog
|
|upkeep
|turn|8
|
|t:|1665493358
|switch|p2a: Toxapex|Toxapex, M|100/100
|move|p1a: Corviknight|U-turn|p2a: Toxapex
|-resisted|p2a: Toxapex
|-damage|p2a: Toxapex|96/100
|-damage|p1a: Corviknight|67/100|[from] item: Rocky Helmet|[of] p2a: Toxapex
|l| Rojegue Ceni
|
|t:|1665493368
|switch|p1a: Garchomp|Garchomp, M|100/100|[from]move: U-turn
|-damage|p1a: Garchomp|94/100|[from] Stealth Rock
|
|-heal|p1a: Garchomp|100/100|[from] item: Leftovers
|upkeep
|turn|9
|
|t:|1665493375
|move|p1a: Garchomp|Swords Dance|p1a: Garchomp
|-boost|p1a: Garchomp|atk|2
|move|p2a: Toxapex|Toxic|p1a: Garchomp
|-status|p1a: Garchomp|tox
|
|-damage|p1a: Garchomp|94/100 tox|[from] psn
|upkeep
|turn|10
|
|t:|1665493383
|move|p1a: Garchomp|Swords Dance|p1a: Garchomp
|-boost|p1a: Garchomp|atk|2
|move|p2a: Toxapex|Haze|p2a: Toxapex
|-clearallboost
|
|-heal|p1a: Garchomp|100/100 tox|[from] item: Leftovers
|-damage|p1a: Garchomp|88/100 tox|[from] psn
|upkeep
|turn|11
|inactive|Maitredouard2 has 120 seconds left.
|
|t:|1665493434
|switch|p1a: Corviknight|Corviknight, M|67/100
|-damage|p1a: Corviknight|55/100|[from] Stealth Rock
|-ability|p1a: Corviknight|Pressure
|switch|p2a: Mandibuzz|Mandibuzz, F|82/100
|
|upkeep
|turn|12
|
|t:|1665493461
|move|p2a: Mandibuzz|Taunt|p1a: Corviknight
|-start|p1a: Corviknight|move: Taunt
|cant|p1a: Corviknight|move: Taunt|Defog
|
|upkeep
|turn|13
|
|t:|1665493471
|switch|p2a: Toxapex|Toxapex, M|100/100
|move|p1a: Corviknight|U-turn|p2a: Toxapex
|-resisted|p2a: Toxapex
|-damage|p2a: Toxapex|97/100
|-damage|p1a: Corviknight|38/100|[from] item: Rocky Helmet|[of] p2a: Toxapex
|
|t:|1665493477
|switch|p1a: Slowbro|Slowbro, M|39/100|[from]move: U-turn
|-damage|p1a: Slowbro|27/100|[from] Stealth Rock
|
|upkeep
|turn|14
|j| pelotonian
|inactive|Maitredouard2 has 120 seconds left.
|
|t:|1665493484
|switch|p2a: Heatran|Heatran, F|100/100
|-item|p2a: Heatran|Air Balloon
|move|p1a: Slowbro|Thunder Wave|p2a: Heatran
|-status|p2a: Heatran|par
|
|upkeep
|turn|15
|
|t:|1665493494
|switch|p1a: Tyranitar|Tyranitar, M|100/100
|-damage|p1a: Tyranitar|88/100|[from] Stealth Rock
|-weather|Sandstorm|[from] ability: Sand Stream|[of] p1a: Tyranitar
|move|p2a: Heatran|Magma Storm|p1a: Tyranitar
|-resisted|p1a: Tyranitar
|-crit|p1a: Tyranitar
|-damage|p1a: Tyranitar|70/100
|-activate|p1a: Tyranitar|move: Magma Storm|[of] p2a: Heatran
|
|-weather|Sandstorm|[upkeep]
|-heal|p1a: Tyranitar|76/100|[from] item: Leftovers
|-damage|p1a: Tyranitar|64/100|[from] move: Magma Storm|[partiallytrapped]
|upkeep
|turn|16
|
|t:|1665493507
|move|p1a: Tyranitar|Stealth Rock|p2a: Heatran
|-sidestart|p2: Maitredouard2|move: Stealth Rock
|move|p2a: Heatran|Magma Storm|p1a: Tyranitar
|-resisted|p1a: Tyranitar
|-damage|p1a: Tyranitar|52/100
|
|-weather|Sandstorm|[upkeep]
|-heal|p1a: Tyranitar|58/100|[from] item: Leftovers
|-damage|p1a: Tyranitar|46/100|[from] move: Magma Storm|[partiallytrapped]
|upkeep
|turn|17
|
|t:|1665493516
|move|p1a: Tyranitar|Rock Blast|p2a: Heatran
|-damage|p2a: Heatran|92/100 par
|-enditem|p2a: Heatran|Air Balloon
|-damage|p2a: Heatran|82/100 par
|-damage|p2a: Heatran|72/100 par
|-hitcount|p2a: Heatran|3
|move|p2a: Heatran|Earth Power|p1a: Tyranitar
|-supereffective|p1a: Tyranitar
|-damage|p1a: Tyranitar|15/100
|
|-weather|Sandstorm|[upkeep]
|-heal|p1a: Tyranitar|22/100|[from] item: Leftovers
|-damage|p1a: Tyranitar|9/100|[from] move: Magma Storm|[partiallytrapped]
|upkeep
|turn|18
|j| RazorForce21
|
|t:|1665493530
|switch|p2a: Landorus|Landorus-Therian, M|84/100
|-damage|p2a: Landorus|71/100|[from] Stealth Rock
|-ability|p2a: Landorus|Intimidate|boost
|-unboost|p1a: Tyranitar|atk|1
|move|p1a: Tyranitar|Earthquake|p2a: Landorus
|-immune|p2a: Landorus
|
|-weather|Sandstorm|[upkeep]
|-heal|p1a: Tyranitar|15/100|[from] item: Leftovers
|-end|p1a: Tyranitar|Magma Storm|[partiallytrapped]|[silent]
|upkeep
|turn|19
|
|t:|1665493541
|switch|p1a: Corviknight|Corviknight, M|38/100
|-damage|p1a: Corviknight|26/100|[from] Stealth Rock
|-ability|p1a: Corviknight|Pressure
|move|p2a: Landorus|Knock Off|p1a: Corviknight
|-damage|p1a: Corviknight|4/100
|-damage|p2a: Landorus|55/100|[from] item: Rocky Helmet|[of] p1a: Corviknight
|-enditem|p1a: Corviknight|Rocky Helmet|[from] move: Knock Off|[of] p2a: Landorus
|
|-weather|none
|upkeep
|turn|20
|
|t:|1665493552
|move|p2a: Landorus|Knock Off|p1a: Corviknight
|-damage|p1a: Corviknight|0 fnt
|faint|p1a: Corviknight
|
|upkeep
|
|t:|1665493555
|switch|p1a: Clefable|Clefable, M|100/100
|-damage|p1a: Clefable|88/100|[from] Stealth Rock
|turn|21
|
|t:|1665493560
|move|p2a: Landorus|Knock Off|p1a: Clefable
|-resisted|p1a: Clefable
|-damage|p1a: Clefable|75/100
|-enditem|p1a: Clefable|Leftovers|[from] move: Knock Off|[of] p2a: Landorus
|move|p1a: Clefable|Heal Bell|p1a: Clefable
|-activate|p1a: Clefable|move: Heal Bell
|-curestatus|p1: Garchomp|tox|[msg]
|
|upkeep
|turn|22
|
|t:|1665493572
|switch|p2a: Toxapex|Toxapex, M|100/100
|-damage|p2a: Toxapex|88/100|[from] Stealth Rock
|move|p1a: Clefable|Moonblast|p2a: Toxapex
|-resisted|p2a: Toxapex
|-damage|p2a: Toxapex|75/100
|
|upkeep
|turn|23
|
|t:|1665493583
|switch|p1a: Garchomp|Garchomp, M|88/100
|-damage|p1a: Garchomp|82/100|[from] Stealth Rock
|move|p2a: Toxapex|Toxic|p1a: Garchomp
|-status|p1a: Garchomp|tox
|
|-heal|p1a: Garchomp|88/100 tox|[from] item: Leftovers
|-damage|p1a: Garchomp|82/100 tox|[from] psn
|upkeep
|turn|24
|
|t:|1665493594
|switch|p2a: Mandibuzz|Mandibuzz, F|82/100
|move|p1a: Garchomp|Earthquake|p2a: Mandibuzz
|-immune|p2a: Mandibuzz
|
|-heal|p1a: Garchomp|88/100 tox|[from] item: Leftovers
|-damage|p1a: Garchomp|76/100 tox|[from] psn
|upkeep
|turn|25
|
|t:|1665493603
|move|p1a: Garchomp|Scale Shot|p2a: Mandibuzz
|-damage|p2a: Mandibuzz|73/100
|-damage|p2a: Mandibuzz|64/100
|-hitcount|p2a: Mandibuzz|2
|-unboost|p1a: Garchomp|def|1
|-boost|p1a: Garchomp|spe|1
|move|p2a: Mandibuzz|Toxic|p1a: Garchomp
|-fail|p1a: Garchomp|tox
|
|-heal|p1a: Garchomp|82/100 tox|[from] item: Leftovers
|-damage|p1a: Garchomp|64/100 tox|[from] psn
|upkeep
|turn|26
|j| emo705
|
|t:|1665493618
|switch|p1a: Volcarona|Volcarona, M|100/100
|move|p2a: Mandibuzz|Roost|p2a: Mandibuzz
|-heal|p2a: Mandibuzz|100/100
|-singleturn|p2a: Mandibuzz|move: Roost
|
|upkeep
|turn|27
|
|t:|1665493625
|move|p1a: Volcarona|Fiery Dance|p2a: Mandibuzz
|-damage|p2a: Mandibuzz|71/100
|-boost|p1a: Volcarona|spa|1
|move|p2a: Mandibuzz|Toxic|p1a: Volcarona
|-status|p1a: Volcarona|tox
|
|-damage|p1a: Volcarona|94/100 tox|[from] psn
|upkeep
|turn|28
|
|t:|1665493635
|switch|p2a: Blissey|Blissey, F|100/100
|move|p1a: Volcarona|Fiery Dance|p2a: Blissey
|-damage|p2a: Blissey|77/100
|
|-damage|p1a: Volcarona|82/100 tox|[from] psn
|upkeep
|turn|29
|
|t:|1665493648
|move|p1a: Volcarona|Fiery Dance|p2a: Blissey
|-damage|p2a: Blissey|55/100
|-boost|p1a: Volcarona|spa|1
|move|p2a: Blissey|Seismic Toss|p1a: Volcarona
|-damage|p1a: Volcarona|54/100 tox
|
|-damage|p1a: Volcarona|36/100 tox|[from] psn
|upkeep
|turn|30
|
|t:|1665493659
|switch|p1a: Garchomp|Garchomp, M|64/100 tox
|-damage|p1a: Garchomp|57/100 tox|[from] Stealth Rock
|move|p2a: Blissey|Seismic Toss|p1a: Garchomp
|-damage|p1a: Garchomp|29/100 tox
|-damage|p2a: Blissey|43/100|[from] ability: Rough Skin|[of] p1a: Garchomp
|
|-heal|p1a: Garchomp|36/100 tox|[from] item: Leftovers
|-damage|p1a: Garchomp|29/100 tox|[from] psn
|upkeep
|turn|31
|
|t:|1665493671
|move|p1a: Garchomp|Scale Shot|p2a: Blissey
|-damage|p2a: Blissey|32/100
|-damage|p2a: Blissey|20/100
|-damage|p2a: Blissey|9/100
|-hitcount|p2a: Blissey|3
|-unboost|p1a: Garchomp|def|1
|-boost|p1a: Garchomp|spe|1
|move|p2a: Blissey|Seismic Toss|p1a: Garchomp
|-damage|p1a: Garchomp|1/100 tox
|-damage|p2a: Blissey|0 fnt|[from] ability: Rough Skin|[of] p1a: Garchomp
|faint|p2a: Blissey
|
|-heal|p1a: Garchomp|8/100 tox|[from] item: Leftovers
|-damage|p1a: Garchomp|0 fnt|[from] psn
|faint|p1a: Garchomp
|upkeep
|
|t:|1665493688
|switch|p1a: Clefable|Clefable, M|75/100
|switch|p2a: Landorus|Landorus-Therian, M|55/100
|-damage|p2a: Landorus|42/100|[from] Stealth Rock
|-ability|p2a: Landorus|Intimidate|boost
|-unboost|p1a: Clefable|atk|1
|-damage|p1a: Clefable|63/100|[from] Stealth Rock
|turn|32
|
|t:|1665493697
|move|p2a: Landorus|Earthquake|p1a: Clefable
|-damage|p1a: Clefable|17/100
|move|p1a: Clefable|Heal Bell|p1a: Clefable
|-activate|p1a: Clefable|move: Heal Bell
|-curestatus|p1: Volcarona|tox|[msg]
|
|upkeep
|turn|33
|
|t:|1665493704
|move|p2a: Landorus|Earthquake|p1a: Clefable
|-damage|p1a: Clefable|0 fnt
|faint|p1a: Clefable
|
|upkeep
|
|t:|1665493706
|switch|p1a: Slowbro|Slowbro, M|60/100
|-damage|p1a: Slowbro|48/100|[from] Stealth Rock
|turn|34
|
|t:|1665493716
|switch|p2a: Tapu Lele|Tapu Lele|100/100 par
|-damage|p2a: Tapu Lele|88/100 par|[from] Stealth Rock
|-fieldstart|move: Psychic Terrain|[from] ability: Psychic Surge|[of] p2a: Tapu Lele
|move|p1a: Slowbro|Scald|p2a: Tapu Lele
|-damage|p2a: Tapu Lele|60/100 par
|
|upkeep
|turn|35
|
|t:|1665493726
|cant|p2a: Tapu Lele|par
|move|p1a: Slowbro|Future Sight|p2a: Tapu Lele
|-start|p1a: Slowbro|move: Future Sight
|
|upkeep
|turn|36
|
|t:|1665493731
|switch|p1a: Tyranitar|Tyranitar, M|15/100
|-damage|p1a: Tyranitar|3/100|[from] Stealth Rock
|-weather|Sandstorm|[from] ability: Sand Stream|[of] p1a: Tyranitar
|cant|p2a: Tapu Lele|par
|
|-weather|Sandstorm|[upkeep]
|-damage|p2a: Tapu Lele|54/100 par|[from] Sandstorm
|-heal|p1a: Tyranitar|9/100|[from] item: Leftovers
|upkeep
|turn|37
|
|t:|1665493744
|cant|p2a: Tapu Lele|par
|move|p1a: Tyranitar|Stealth Rock||[still]
|-fail|p1a: Tyranitar
|
|-weather|Sandstorm|[upkeep]
|-damage|p2a: Tapu Lele|48/100 par|[from] Sandstorm
|-end|p2a: Tapu Lele|move: Future Sight
|-resisted|p2a: Tapu Lele
|-damage|p2a: Tapu Lele|19/100 par
|-heal|p1a: Tyranitar|15/100|[from] item: Leftovers
|upkeep
|turn|38
|
|t:|1665493754
|move|p2a: Tapu Lele|Shadow Ball|p1a: Tyranitar
|-resisted|p1a: Tyranitar
|-damage|p1a: Tyranitar|6/100
|move|p1a: Tyranitar|Stealth Rock||[still]
|-fail|p1a: Tyranitar
|
|-weather|Sandstorm|[upkeep]
|-damage|p2a: Tapu Lele|13/100 par|[from] Sandstorm
|-heal|p1a: Tyranitar|13/100|[from] item: Leftovers
|-fieldend|move: Psychic Terrain
|upkeep
|turn|39
|l| emo705
|
|t:|1665493765
|move|p2a: Tapu Lele|Shadow Ball|p1a: Tyranitar
|-resisted|p1a: Tyranitar
|-damage|p1a: Tyranitar|4/100
|move|p1a: Tyranitar|Stealth Rock||[still]
|-fail|p1a: Tyranitar
|
|-weather|Sandstorm|[upkeep]
|-damage|p2a: Tapu Lele|7/100 par|[from] Sandstorm
|-heal|p1a: Tyranitar|11/100|[from] item: Leftovers
|upkeep
|turn|40
|
|t:|1665493775
|move|p2a: Tapu Lele|Shadow Ball|p1a: Tyranitar
|-resisted|p1a: Tyranitar
|-damage|p1a: Tyranitar|2/100
|move|p1a: Tyranitar|Stealth Rock||[still]
|-fail|p1a: Tyranitar
|
|-weather|none
|-heal|p1a: Tyranitar|8/100|[from] item: Leftovers
|upkeep
|turn|41
|
|t:|1665493783
|move|p2a: Tapu Lele|Shadow Ball|p1a: Tyranitar
|-resisted|p1a: Tyranitar
|-damage|p1a: Tyranitar|0 fnt
|faint|p1a: Tyranitar
|
|upkeep
|
|t:|1665493786
|switch|p1a: Volcarona|Volcarona, M|36/100
|turn|42
|
|t:|1665493792
|switch|p2a: Heatran|Heatran, F|72/100 par
|-damage|p2a: Heatran|59/100 par|[from] Stealth Rock
|move|p1a: Volcarona|Roost|p1a: Volcarona
|-heal|p1a: Volcarona|86/100
|-singleturn|p1a: Volcarona|move: Roost
|
|upkeep
|turn|43
|
|t:|1665493799
|move|p1a: Volcarona|Quiver Dance|p1a: Volcarona
|-boost|p1a: Volcarona|spa|1
|-boost|p1a: Volcarona|spd|1
|-boost|p1a: Volcarona|spe|1
|cant|p2a: Heatran|par
|
|upkeep
|turn|44
|l| RazorForce21
|j| RazorForce21
|
|t:|1665493805
|move|p1a: Volcarona|Quiver Dance|p1a: Volcarona
|-boost|p1a: Volcarona|spa|1
|-boost|p1a: Volcarona|spd|1
|-boost|p1a: Volcarona|spe|1
|move|p2a: Heatran|Magma Storm|p1a: Volcarona|[miss]
|-miss|p2a: Heatran|p1a: Volcarona
|
|upkeep
|turn|45
|
|t:|1665493812
|move|p1a: Volcarona|Quiver Dance|p1a: Volcarona
|-boost|p1a: Volcarona|spa|1
|-boost|p1a: Volcarona|spd|1
|-boost|p1a: Volcarona|spe|1
|move|p2a: Heatran|Magma Storm|p1a: Volcarona
|-damage|p1a: Volcarona|64/100
|-activate|p1a: Volcarona|move: Magma Storm|[of] p2a: Heatran
|
|-damage|p1a: Volcarona|52/100|[from] move: Magma Storm|[partiallytrapped]
|upkeep
|turn|46
|c| pelotonian|i. cant watch this lol
|
|t:|1665493822
|move|p1a: Volcarona|Roost|p1a: Volcarona
|-heal|p1a: Volcarona|100/100
|-singleturn|p1a: Volcarona|move: Roost
|move|p2a: Heatran|Taunt|p1a: Volcarona
|-start|p1a: Volcarona|move: Taunt
|
|-damage|p1a: Volcarona|88/100|[from] move: Magma Storm|[partiallytrapped]
|upkeep
|turn|47
|
|t:|1665493833
|move|p1a: Volcarona|Psychic|p2a: Heatran
|-resisted|p2a: Heatran
|-damage|p2a: Heatran|30/100 par
|move|p2a: Heatran|Magma Storm|p1a: Volcarona
|-damage|p1a: Volcarona|68/100
|
|-damage|p1a: Volcarona|56/100|[from] move: Magma Storm|[partiallytrapped]
|upkeep
|turn|48
|
|t:|1665493845
|move|p1a: Volcarona|Psychic|p2a: Heatran
|-resisted|p2a: Heatran
|-damage|p2a: Heatran|0 fnt
|faint|p2a: Heatran
|
|-end|p1a: Volcarona|Magma Storm|[partiallytrapped]|[silent]
|upkeep
|
|t:|1665493851
|switch|p2a: Mandibuzz|Mandibuzz, F|71/100
|turn|49
|
|t:|1665493854
|move|p1a: Volcarona|Fiery Dance|p2a: Mandibuzz
|-damage|p2a: Mandibuzz|0 fnt
|faint|p2a: Mandibuzz
|
|-end|p1a: Volcarona|move: Taunt
|upkeep
|c|☆Af Lele.Tomas|gg bro
|
|t:|1665493865
|switch|p2a: Landorus|Landorus-Therian, M|42/100
|-damage|p2a: Landorus|30/100|[from] Stealth Rock
|-ability|p2a: Landorus|Intimidate|boost
|-unboost|p1a: Volcarona|atk|1
|turn|50
|
|t:|1665493870
|move|p1a: Volcarona|Fiery Dance|p2a: Landorus
|-crit|p2a: Landorus
|-damage|p2a: Landorus|0 fnt
|-boost|p1a: Volcarona|spa|1
|faint|p2a: Landorus
|
|upkeep
|c|☆Maitredouard2|Gg
|c|☆Maitredouard2|J'ai mal joue sur 'a
|c|☆Maitredouard2|Sur la fin :(
|-message|Maitredouard2 forfeited.
|
|win|Af Lele.Tomas
|raw|Af Lele.Tomas's rating: 1758 &rarr; <strong>1781</strong><br />(+23 for winning)
|raw|Maitredouard2's rating: 1809 &rarr; <strong>1786</strong><br />(-23 for losing)
|l|☆Maitredouard2
|l| pelotonian
|l| RazorForce21
||Ladder isn't responding, score probably updated but might not have (Request timeout).
