|raw|<div class="broadcast-blue"><strong>This battle is required to be public due to a player having a name starting with 'lt93oq'.</div>
|j|☆LT93OQ Highv0ltag3
|j|☆LudwigFrog
|t:|1660576841
|gametype|singles
|player|p1|LT93OQ Highv0ltag3|volo|1816
|player|p2|LudwigFrog|hilbert-wonderlauncher|1921
|teamsize|p1|6
|teamsize|p2|6
|gen|8
|tier|[Gen 8] OU
|rated|
|rule|Sleep Clause Mod: Limit one foe put to sleep
|rule|Species Clause: Limit one of each Pokémon
|rule|OHKO Clause: OHKO moves are banned
|rule|Evasion Items Clause: Evasion items are banned
|rule|Evasion Moves Clause: Evasion moves are banned
|rule|Endless Battle Clause: Forcing endless battles is banned
|rule|HP Percentage Mod: HP is shown in percentages
|rule|Dynamax Clause: You cannot dynamax
|clearpoke
|poke|p1|Shedinja|
|poke|p1|Xatu, M|
|poke|p1|Toxapex, M|
|poke|p1|Chansey, F|
|poke|p1|Clefable, M|
|poke|p1|Corviknight, M|
|poke|p2|Dragapult, F|
|poke|p2|Tyranitar, F|
|poke|p2|Ferrothorn, M|
|poke|p2|Rillaboom, M|
|poke|p2|Corviknight, M|
|poke|p2|Gastrodon-East, F|
|teampreview
|inactive|Battle timer is ON: inactive players will automatically lose when time's up. (requested by LudwigFrog)
|c|☆LT93OQ Highv0ltag3|gl
|c|☆LudwigFrog|u2
|
|t:|1660576870
|start
|switch|p1a: Toxapex|Toxapex, M|100/100
|switch|p2a: Rillaboom|Rillaboom, M|100/100
|-fieldstart|move: Grassy Terrain|[from] ability: Grassy Surge|[of] p2a: Rillaboom
|turn|1
|
|t:|1660576877
|move|p2a: Rillaboom|Swords Dance|p2a: Rillaboom
|-boost|p2a: Rillaboom|atk|2
|move|p1a: Toxapex|Knock Off|p2a: Rillaboom
|-damage|p2a: Rillaboom|85/100
|-enditem|p2a: Rillaboom|Life Orb|[from] move: Knock Off|[of] p1a: Toxapex
|
|-heal|p2a: Rillaboom|91/100|[from] Grassy Terrain
|upkeep
|turn|2
|
|t:|1660576891
|switch|p1a: Clefable|Clefable, M|100/100
|move|p2a: Rillaboom|Knock Off|p1a: Clefable
|-resisted|p1a: Clefable
|-damage|p1a: Clefable|87/100
|-enditem|p1a: Clefable|Leftovers|[from] move: Knock Off|[of] p2a: Rillaboom
|
|-heal|p2a: Rillaboom|97/100|[from] Grassy Terrain
|-heal|p1a: Clefable|93/100|[from] Grassy Terrain
|upkeep
|turn|3
|
|t:|1660576894
|move|p2a: Rillaboom|Grassy Glide|p1a: Clefable
|-damage|p1a: Clefable|58/100
|move|p1a: Clefable|Soft-Boiled|p1a: Clefable
|-heal|p1a: Clefable|100/100
|
|-heal|p2a: Rillaboom|100/100|[from] Grassy Terrain
|upkeep
|turn|4
|j| climatechange=hoax
|
|t:|1660576900
|switch|p2a: Ferrothorn|Ferrothorn, M|100/100
|move|p1a: Clefable|Calm Mind|p1a: Clefable
|-boost|p1a: Clefable|spa|1
|-boost|p1a: Clefable|spd|1
|
|upkeep
|turn|5
|j| LT93OQ Bee
|
|t:|1660576903
|switch|p1a: Xatu|Xatu, M|100/100
|move|p2a: Ferrothorn|Gyro Ball|p1a: Xatu
|-damage|p1a: Xatu|36/100
|
|-heal|p1a: Xatu|42/100|[from] item: Leftovers
|-fieldend|move: Grassy Terrain
|upkeep
|turn|6
|
|t:|1660576908
|switch|p1a: Corviknight|Corviknight, M|100/100
|-ability|p1a: Corviknight|Pressure
|move|p2a: Ferrothorn|Gyro Ball|p1a: Corviknight
|-resisted|p1a: Corviknight
|-damage|p1a: Corviknight|81/100
|
|-heal|p1a: Corviknight|87/100|[from] item: Leftovers
|upkeep
|turn|7
|j| Santiago Bernabeu
|l| Santiago Bernabeu
|j| lt93oq fenomeno
|j| storm zone
|j|@ironwater
|
|t:|1660576926
|move|p1a: Corviknight|Roost|p1a: Corviknight
|-heal|p1a: Corviknight|100/100
|-singleturn|p1a: Corviknight|move: Roost
|move|p2a: Ferrothorn|Stealth Rock|p1a: Corviknight
|-sidestart|p1: LT93OQ Highv0ltag3|move: Stealth Rock
|
|upkeep
|turn|8
|
|t:|1660576940
|move|p1a: Corviknight|Defog|p2a: Ferrothorn
|-unboost|p2a: Ferrothorn|evasion|1
|-sideend|p1: LT93OQ Highv0ltag3|Stealth Rock|[from] move: Defog|[of] p1a: Corviknight
|move|p2a: Ferrothorn|Body Press|p1a: Corviknight
|-damage|p1a: Corviknight|76/100
|
|-heal|p1a: Corviknight|82/100|[from] item: Leftovers
|upkeep
|turn|9
|
|t:|1660576949
|move|p1a: Corviknight|Roost|p1a: Corviknight
|-heal|p1a: Corviknight|100/100
|-singleturn|p1a: Corviknight|move: Roost
|move|p2a: Ferrothorn|Gyro Ball|p1a: Corviknight
|-resisted|p1a: Corviknight
|-damage|p1a: Corviknight|84/100
|
|-heal|p1a: Corviknight|90/100|[from] item: Leftovers
|upkeep
|turn|10
|
|t:|1660576960
|move|p1a: Corviknight|Body Press|p2a: Ferrothorn
|-supereffective|p2a: Ferrothorn
|-damage|p2a: Ferrothorn|74/100
|-damage|p1a: Corviknight|77/100|[from] ability: Iron Barbs|[of] p2a: Ferrothorn
|-damage|p1a: Corviknight|61/100|[from] item: Rocky Helmet|[of] p2a: Ferrothorn
|move|p2a: Ferrothorn|Body Press|p1a: Corviknight
|-damage|p1a: Corviknight|38/100
|
|-heal|p1a: Corviknight|44/100|[from] item: Leftovers
|upkeep
|turn|11
|
|t:|1660576966
|move|p1a: Corviknight|Roost|p1a: Corviknight
|-heal|p1a: Corviknight|94/100
|-singleturn|p1a: Corviknight|move: Roost
|move|p2a: Ferrothorn|Leech Seed|p1a: Corviknight
|-start|p1a: Corviknight|move: Leech Seed
|
|-heal|p1a: Corviknight|99/100|[from] item: Leftovers
|-damage|p1a: Corviknight|88/100|[from] Leech Seed|[of] p2a: Ferrothorn
|-heal|p2a: Ferrothorn|86/100|[silent]
|upkeep
|turn|12
|j|+Dragonillis
|
|t:|1660576979
|switch|p1a: Xatu|Xatu, M|42/100
|move|p2a: Ferrothorn|Body Press|p1a: Xatu
|-resisted|p1a: Xatu
|-damage|p1a: Xatu|30/100
|
|-heal|p1a: Xatu|37/100|[from] item: Leftovers
|upkeep
|turn|13
|
|t:|1660576988
|switch|p2a: Tyranitar|Tyranitar, F|100/100
|-weather|Sandstorm|[from] ability: Sand Stream|[of] p2a: Tyranitar
|move|p1a: Xatu|Roost|p1a: Xatu
|-heal|p1a: Xatu|87/100
|-singleturn|p1a: Xatu|move: Roost
|
|-weather|Sandstorm|[upkeep]
|-damage|p1a: Xatu|80/100|[from] Sandstorm
|-heal|p1a: Xatu|87/100|[from] item: Leftovers
|upkeep
|turn|14
|
|t:|1660576991
|switch|p1a: Toxapex|Toxapex, M|100/100
|move|p2a: Tyranitar|Stone Edge|p1a: Toxapex
|-damage|p1a: Toxapex|48/100
|
|-weather|Sandstorm|[upkeep]
|-damage|p1a: Toxapex|42/100|[from] Sandstorm
|-heal|p1a: Toxapex|48/100|[from] item: Black Sludge
|upkeep
|turn|15
|j| LT93OQ Jay
|
|t:|1660576998
|switch|p1a: Corviknight|Corviknight, M|88/100
|-ability|p1a: Corviknight|Pressure
|move|p2a: Tyranitar|Stone Edge|p1a: Corviknight
|-crit|p1a: Corviknight
|-damage|p1a: Corviknight|0 fnt
|faint|p1a: Corviknight
|
|-weather|Sandstorm|[upkeep]
|upkeep
|c|☆LT93OQ Highv0ltag3|NOOOOOOOO
|c|☆LT93OQ Highv0ltag3|I was fast roost
|c| LT93OQ Jay|high voltage
|c|☆LudwigFrog|ooh
|c| LT93OQ Jay|hear me out
|c| LT93OQ Jay|safety goggles shed
|c|☆LudwigFrog|Outspeed Tyranitar?
|c|☆LT93OQ Highv0ltag3|yeah
|inactive|LT93OQ Highv0ltag3 has 120 seconds left.
|
|t:|1660577030
|switch|p1a: Toxapex|Toxapex, M|81/100
|turn|16
|c|☆LudwigFrog|Jay yeah I think thats not bad considering no rock resist
|j| isma hangougo
|
|t:|1660577042
|switch|p2a: Ferrothorn|Ferrothorn, M|86/100
|move|p1a: Toxapex|Knock Off|p2a: Ferrothorn
|-damage|p2a: Ferrothorn|77/100
|-damage|p1a: Toxapex|69/100|[from] ability: Iron Barbs|[of] p2a: Ferrothorn
|-damage|p1a: Toxapex|52/100|[from] item: Rocky Helmet|[of] p2a: Ferrothorn
|-enditem|p2a: Ferrothorn|Rocky Helmet|[from] move: Knock Off|[of] p1a: Toxapex
|
|-weather|Sandstorm|[upkeep]
|-damage|p1a: Toxapex|46/100|[from] Sandstorm
|-heal|p1a: Toxapex|52/100|[from] item: Black Sludge
|upkeep
|turn|17
|c| LT93OQ Jay|thanks ludwig
|c|☆LT93OQ Highv0ltag3|Jay I am
|c|☆LT93OQ Highv0ltag3|safety googles
|c| LT93OQ Jay|no shot
|inactive|LT93OQ Highv0ltag3 has 120 seconds left.
|c| LT93OQ Jay|that would be epic tho
|l| climatechange=hoax
|
|t:|1660577086
|switch|p1a: Xatu|Xatu, M|87/100
|move|p2a: Ferrothorn|Leech Seed|p1a: Xatu
|move|p1a: Xatu|Leech Seed|p2a: Ferrothorn|[from]ability: Magic Bounce
|-immune|p2a: Ferrothorn
|
|-weather|none
|-heal|p1a: Xatu|93/100|[from] item: Leftovers
|upkeep
|turn|18
|
|t:|1660577093
|switch|p2a: Tyranitar|Tyranitar, F|100/100
|-weather|Sandstorm|[from] ability: Sand Stream|[of] p2a: Tyranitar
|move|p1a: Xatu|Thunder Wave|p2a: Tyranitar
|-status|p2a: Tyranitar|par
|
|-weather|Sandstorm|[upkeep]
|-damage|p1a: Xatu|87/100|[from] Sandstorm
|-heal|p1a: Xatu|93/100|[from] item: Leftovers
|upkeep
|turn|19
|
|t:|1660577100
|switch|p1a: Toxapex|Toxapex, M|86/100
|move|p2a: Tyranitar|Stone Edge|p1a: Toxapex
|-damage|p1a: Toxapex|37/100
|
|-weather|Sandstorm|[upkeep]
|-damage|p1a: Toxapex|31/100|[from] Sandstorm
|-heal|p1a: Toxapex|37/100|[from] item: Black Sludge
|upkeep
|turn|20
|inactive|LT93OQ Highv0ltag3 has 120 seconds left.
|
|t:|1660577106
|switch|p1a: Chansey|Chansey, F|100/100
|move|p2a: Tyranitar|Stone Edge|p1a: Chansey
|-damage|p1a: Chansey|43/100
|
|-weather|Sandstorm|[upkeep]
|-damage|p1a: Chansey|36/100|[from] Sandstorm
|upkeep
|turn|21
|
|t:|1660577110
|move|p1a: Chansey|Soft-Boiled|p1a: Chansey
|-heal|p1a: Chansey|86/100
|cant|p2a: Tyranitar|par
|
|-weather|Sandstorm|[upkeep]
|-damage|p1a: Chansey|80/100|[from] Sandstorm
|upkeep
|turn|22
|
|t:|1660577114
|switch|p2a: Rillaboom|Rillaboom, M|100/100
|-fieldstart|move: Grassy Terrain|[from] ability: Grassy Surge|[of] p2a: Rillaboom
|move|p1a: Chansey|Soft-Boiled|p1a: Chansey
|-heal|p1a: Chansey|100/100
|
|-weather|none
|upkeep
|turn|23
|c|☆LudwigFrog|damn it
|
|t:|1660577121
|switch|p2a: Gastrodon|Gastrodon-East, F|100/100
|switch|p1a: Toxapex|Toxapex, M|71/100
|
|-heal|p1a: Toxapex|77/100|[from] Grassy Terrain
|-heal|p1a: Toxapex|83/100|[from] item: Black Sludge
|upkeep
|turn|24
|
|t:|1660577127
|switch|p1a: Chansey|Chansey, F|100/100
|move|p2a: Gastrodon|Earth Power|p1a: Chansey
|-damage|p1a: Chansey|91/100
|
|-heal|p1a: Chansey|98/100|[from] Grassy Terrain
|upkeep
|turn|25
|
|t:|1660577130
|switch|p2a: Ferrothorn|Ferrothorn, M|77/100
|move|p1a: Chansey|Stealth Rock|p2a: Ferrothorn
|-sidestart|p2: LudwigFrog|move: Stealth Rock
|
|-heal|p1a: Chansey|100/100|[from] Grassy Terrain
|-heal|p2a: Ferrothorn|84/100|[from] Grassy Terrain
|upkeep
|turn|26
|
|t:|1660577135
|switch|p1a: Xatu|Xatu, M|93/100
|move|p2a: Ferrothorn|Gyro Ball|p1a: Xatu
|-damage|p1a: Xatu|29/100
|
|-heal|p1a: Xatu|35/100|[from] item: Leftovers
|-heal|p2a: Ferrothorn|90/100|[from] Grassy Terrain
|-fieldend|move: Grassy Terrain
|upkeep
|turn|27
|j| LT93OQ Golgo
|c|☆LT93OQ Highv0ltag3|cmon xatu
|
|t:|1660577143
|move|p1a: Xatu|Roost|p1a: Xatu
|-heal|p1a: Xatu|85/100
|-singleturn|p1a: Xatu|move: Roost
|move|p2a: Ferrothorn|Gyro Ball|p1a: Xatu
|-damage|p1a: Xatu|19/100
|
|-heal|p1a: Xatu|25/100|[from] item: Leftovers
|upkeep
|turn|28
|j| Volcaronium
|
|t:|1660577149
|switch|p2a: Rillaboom|Rillaboom, M|100/100
|-damage|p2a: Rillaboom|88/100|[from] Stealth Rock
|-fieldstart|move: Grassy Terrain|[from] ability: Grassy Surge|[of] p2a: Rillaboom
|move|p1a: Xatu|Roost|p1a: Xatu
|-heal|p1a: Xatu|75/100
|-singleturn|p1a: Xatu|move: Roost
|
|-heal|p2a: Rillaboom|94/100|[from] Grassy Terrain
|-heal|p1a: Xatu|81/100|[from] Grassy Terrain
|-heal|p1a: Xatu|87/100|[from] item: Leftovers
|upkeep
|turn|29
|
|t:|1660577159
|switch|p2a: Tyranitar|Tyranitar, F|100/100 par
|-damage|p2a: Tyranitar|88/100 par|[from] Stealth Rock
|-weather|Sandstorm|[from] ability: Sand Stream|[of] p2a: Tyranitar
|switch|p1a: Clefable|Clefable, M|100/100
|
|-weather|Sandstorm|[upkeep]
|-damage|p1a: Clefable|94/100|[from] Sandstorm
|-heal|p1a: Clefable|100/100|[from] Grassy Terrain
|-heal|p2a: Tyranitar|94/100 par|[from] Grassy Terrain
|upkeep
|turn|30
|
|t:|1660577164
|switch|p1a: Toxapex|Toxapex, M|100/100
|move|p2a: Tyranitar|Crunch|p1a: Toxapex
|-damage|p1a: Toxapex|60/100
|
|-weather|Sandstorm|[upkeep]
|-damage|p1a: Toxapex|54/100|[from] Sandstorm
|-heal|p2a: Tyranitar|100/100 par|[from] Grassy Terrain
|-heal|p1a: Toxapex|60/100|[from] Grassy Terrain
|-heal|p1a: Toxapex|66/100|[from] item: Black Sludge
|upkeep
|turn|31
|
|t:|1660577172
|cant|p2a: Tyranitar|par
|move|p1a: Toxapex|Knock Off|p2a: Tyranitar
|-resisted|p2a: Tyranitar
|-damage|p2a: Tyranitar|93/100 par
|-enditem|p2a: Tyranitar|Choice Band|[from] move: Knock Off|[of] p1a: Toxapex
|
|-weather|Sandstorm|[upkeep]
|-damage|p1a: Toxapex|60/100|[from] Sandstorm
|-heal|p2a: Tyranitar|99/100 par|[from] Grassy Terrain
|-heal|p1a: Toxapex|66/100|[from] Grassy Terrain
|-heal|p1a: Toxapex|73/100|[from] item: Black Sludge
|upkeep
|turn|32
|
|t:|1660577176
|switch|p1a: Clefable|Clefable, M|100/100
|cant|p2a: Tyranitar|par
|
|-weather|Sandstorm|[upkeep]
|-damage|p1a: Clefable|94/100|[from] Sandstorm
|-heal|p1a: Clefable|100/100|[from] Grassy Terrain
|-heal|p2a: Tyranitar|100/100 par|[from] Grassy Terrain
|-fieldend|move: Grassy Terrain
|upkeep
|turn|33
|
|t:|1660577180
|move|p1a: Clefable|Calm Mind|p1a: Clefable
|-boost|p1a: Clefable|spa|1
|-boost|p1a: Clefable|spd|1
|cant|p2a: Tyranitar|par
|
|-weather|none
|upkeep
|turn|34
|c|☆LT93OQ Highv0ltag3|oh wait
|j| horadobos
|c|☆LT93OQ Highv0ltag3|u might be heavy slam
|
|t:|1660577194
|switch|p2a: Gastrodon|Gastrodon-East, F|100/100
|-damage|p2a: Gastrodon|94/100|[from] Stealth Rock
|move|p1a: Clefable|Moonblast|p2a: Gastrodon
|-damage|p2a: Gastrodon|66/100
|
|-heal|p2a: Gastrodon|72/100|[from] item: Leftovers
|upkeep
|turn|35
|j| trumps convoy
|l| trumps convoy
|c|☆LudwigFrog|Thats not a bad idea
|
|t:|1660577207
|move|p1a: Clefable|Calm Mind|p1a: Clefable
|-boost|p1a: Clefable|spa|1
|-boost|p1a: Clefable|spd|1
|move|p2a: Gastrodon|Toxic|p1a: Clefable
|-status|p1a: Clefable|tox
|
|-heal|p2a: Gastrodon|78/100|[from] item: Leftovers
|-damage|p1a: Clefable|94/100 tox|[from] psn
|upkeep
|turn|36
|j| LT_Alt1
|
|t:|1660577212
|move|p1a: Clefable|Calm Mind|p1a: Clefable
|-boost|p1a: Clefable|spa|1
|-boost|p1a: Clefable|spd|1
|move|p2a: Gastrodon|Earth Power|p1a: Clefable
|-damage|p1a: Clefable|83/100 tox
|
|-heal|p2a: Gastrodon|85/100|[from] item: Leftovers
|-damage|p1a: Clefable|71/100 tox|[from] psn
|upkeep
|turn|37
|
|t:|1660577214
|move|p1a: Clefable|Heal Bell|p1a: Clefable
|-activate|p1a: Clefable|move: Heal Bell
|-curestatus|p1a: Clefable|tox|[msg]
|move|p2a: Gastrodon|Earth Power|p1a: Clefable
|-damage|p1a: Clefable|60/100
|
|-heal|p2a: Gastrodon|91/100|[from] item: Leftovers
|upkeep
|turn|38
|
|t:|1660577217
|switch|p2a: Ferrothorn|Ferrothorn, M|90/100
|-damage|p2a: Ferrothorn|84/100|[from] Stealth Rock
|move|p1a: Clefable|Moonblast|p2a: Ferrothorn
|-resisted|p2a: Ferrothorn
|-damage|p2a: Ferrothorn|53/100
|
|upkeep
|turn|39
|
|t:|1660577223
|switch|p1a: Xatu|Xatu, M|87/100
|move|p2a: Ferrothorn|Leech Seed|p1a: Xatu
|move|p1a: Xatu|Leech Seed|p2a: Ferrothorn|[from]ability: Magic Bounce
|-immune|p2a: Ferrothorn
|
|-heal|p1a: Xatu|94/100|[from] item: Leftovers
|upkeep
|turn|40
|
|t:|1660577227
|switch|p2a: Tyranitar|Tyranitar, F|100/100 par
|-damage|p2a: Tyranitar|88/100 par|[from] Stealth Rock
|-weather|Sandstorm|[from] ability: Sand Stream|[of] p2a: Tyranitar
|move|p1a: Xatu|Night Shade|p2a: Tyranitar
|-damage|p2a: Tyranitar|59/100 par
|
|-weather|Sandstorm|[upkeep]
|-damage|p1a: Xatu|87/100|[from] Sandstorm
|-heal|p1a: Xatu|94/100|[from] item: Leftovers
|upkeep
|turn|41
|
|t:|1660577232
|switch|p1a: Toxapex|Toxapex, M|100/100
|move|p2a: Tyranitar|Crunch|p1a: Toxapex
|-damage|p1a: Toxapex|71/100
|-unboost|p1a: Toxapex|def|1
|
|-weather|Sandstorm|[upkeep]
|-damage|p1a: Toxapex|64/100|[from] Sandstorm
|-heal|p1a: Toxapex|71/100|[from] item: Black Sludge
|upkeep
|turn|42
|
|t:|1660577238
|move|p2a: Tyranitar|Stone Edge|p1a: Toxapex
|-damage|p1a: Toxapex|22/100
|move|p1a: Toxapex|Haze|p1a: Toxapex
|-clearallboost
|
|-weather|Sandstorm|[upkeep]
|-damage|p1a: Toxapex|16/100|[from] Sandstorm
|-heal|p1a: Toxapex|22/100|[from] item: Black Sludge
|upkeep
|turn|43
|
|t:|1660577244
|switch|p1a: Chansey|Chansey, F|100/100
|move|p2a: Tyranitar|Crunch|p1a: Chansey
|-damage|p1a: Chansey|71/100
|
|-weather|Sandstorm|[upkeep]
|-damage|p1a: Chansey|64/100|[from] Sandstorm
|upkeep
|turn|44
|
|t:|1660577247
|move|p1a: Chansey|Soft-Boiled|p1a: Chansey
|-heal|p1a: Chansey|100/100
|cant|p2a: Tyranitar|par
|
|-weather|none
|upkeep
|turn|45
|
|t:|1660577251
|switch|p1a: Toxapex|Toxapex, M|55/100
|switch|p2a: Corviknight|Corviknight, M|100/100
|-damage|p2a: Corviknight|88/100|[from] Stealth Rock
|-ability|p2a: Corviknight|Pressure
|
|-heal|p2a: Corviknight|94/100|[from] item: Leftovers
|-heal|p1a: Toxapex|62/100|[from] item: Black Sludge
|upkeep
|turn|46
|
|t:|1660577254
|move|p2a: Corviknight|Defog|p1a: Toxapex
|-unboost|p1a: Toxapex|evasion|1
|-sideend|p2: LudwigFrog|Stealth Rock|[from] move: Defog|[of] p2a: Corviknight
|move|p1a: Toxapex|Knock Off|p2a: Corviknight
|-damage|p2a: Corviknight|84/100
|-enditem|p2a: Corviknight|Leftovers|[from] move: Knock Off|[of] p1a: Toxapex
|
|-heal|p1a: Toxapex|68/100|[from] item: Black Sludge
|upkeep
|turn|47
|
|t:|1660577258
|move|p2a: Corviknight|Brave Bird|p1a: Toxapex
|-damage|p1a: Toxapex|47/100
|-damage|p2a: Corviknight|79/100|[from] Recoil
|move|p1a: Toxapex|Knock Off|p2a: Corviknight
|-damage|p2a: Corviknight|73/100
|
|-heal|p1a: Toxapex|53/100|[from] item: Black Sludge
|upkeep
|turn|48
|
|t:|1660577262
|move|p2a: Corviknight|U-turn|p1a: Toxapex
|-resisted|p1a: Toxapex
|-damage|p1a: Toxapex|49/100
|j| Break Me Free
|
|t:|1660577264
|switch|p2a: Ferrothorn|Ferrothorn, M|53/100|[from]move: U-turn
|move|p1a: Toxapex|Knock Off|p2a: Ferrothorn
|-damage|p2a: Ferrothorn|47/100
|-damage|p1a: Toxapex|37/100|[from] ability: Iron Barbs|[of] p2a: Ferrothorn
|
|-heal|p1a: Toxapex|43/100|[from] item: Black Sludge
|upkeep
|turn|49
|
|t:|1660577269
|switch|p1a: Xatu|Xatu, M|94/100
|move|p2a: Ferrothorn|Stealth Rock|p1a: Xatu
|move|p1a: Xatu|Stealth Rock|p2a: Ferrothorn|[from]ability: Magic Bounce
|-sidestart|p2: LudwigFrog|move: Stealth Rock
|
|-heal|p1a: Xatu|99/100|[from] item: Leftovers
|upkeep
|turn|50
|
|t:|1660577277
|switch|p2a: Corviknight|Corviknight, M|73/100
|-damage|p2a: Corviknight|60/100|[from] Stealth Rock
|-ability|p2a: Corviknight|Pressure
|move|p1a: Xatu|Night Shade|p2a: Corviknight
|-damage|p2a: Corviknight|35/100
|
|-heal|p1a: Xatu|100/100|[from] item: Leftovers
|upkeep
|turn|51
|l| Break Me Free
|
|t:|1660577282
|move|p1a: Xatu|Thunder Wave|p2a: Corviknight
|-status|p2a: Corviknight|par
|move|p2a: Corviknight|Roost|p2a: Corviknight
|-heal|p2a: Corviknight|85/100 par
|-singleturn|p2a: Corviknight|move: Roost
|
|upkeep
|turn|52
|
|t:|1660577284
|move|p1a: Xatu|Night Shade|p2a: Corviknight
|-damage|p2a: Corviknight|60/100 par
|move|p2a: Corviknight|Defog|p1a: Xatu
|move|p1a: Xatu|Defog|p2a: Corviknight|[from]ability: Magic Bounce
|-unboost|p2a: Corviknight|evasion|1
|-sideend|p2: LudwigFrog|Stealth Rock|[from] move: Defog|[of] p1a: Xatu
|
|upkeep
|turn|53
|
|t:|1660577289
|switch|p1a: Toxapex|Toxapex, M|76/100
|cant|p2a: Corviknight|par
|
|-heal|p1a: Toxapex|82/100|[from] item: Black Sludge
|upkeep
|turn|54
|
|t:|1660577295
|move|p1a: Toxapex|Scald|p2a: Corviknight
|-damage|p2a: Corviknight|48/100 par
|move|p2a: Corviknight|Roost|p2a: Corviknight
|-heal|p2a: Corviknight|98/100 par
|-singleturn|p2a: Corviknight|move: Roost
|
|-heal|p1a: Toxapex|89/100|[from] item: Black Sludge
|upkeep
|turn|55
|
|t:|1660577298
|move|p1a: Toxapex|Scald|p2a: Corviknight
|-damage|p2a: Corviknight|85/100 par
|move|p2a: Corviknight|U-turn|p1a: Toxapex
|-resisted|p1a: Toxapex
|-damage|p1a: Toxapex|85/100
|
|t:|1660577302
|switch|p2a: Ferrothorn|Ferrothorn, M|47/100|[from]move: U-turn
|
|-heal|p1a: Toxapex|91/100|[from] item: Black Sludge
|upkeep
|turn|56
|
|t:|1660577305
|switch|p1a: Xatu|Xatu, M|100/100
|switch|p2a: Dragapult|Dragapult, F|100/100
|
|upkeep
|turn|57
|
|t:|1660577307
|switch|p1a: Toxapex|Toxapex, M|100/100
|move|p2a: Dragapult|U-turn|p1a: Toxapex
|-resisted|p1a: Toxapex
|-damage|p1a: Toxapex|96/100
|
|t:|1660577312
|switch|p2a: Corviknight|Corviknight, M|85/100 par|[from]move: U-turn
|-ability|p2a: Corviknight|Pressure
|
|-heal|p1a: Toxapex|100/100|[from] item: Black Sludge
|upkeep
|turn|58
|
|t:|1660577320
|switch|p2a: Gastrodon|Gastrodon-East, F|91/100
|move|p1a: Toxapex|Scald|p2a: Gastrodon
|-ability|p2a: Gastrodon|Storm Drain|boost
|-boost|p2a: Gastrodon|spa|1
|
|-heal|p2a: Gastrodon|97/100|[from] item: Leftovers
|upkeep
|turn|59
|
|t:|1660577322
|switch|p1a: Chansey|Chansey, F|100/100
|move|p2a: Gastrodon|Earth Power|p1a: Chansey
|-damage|p1a: Chansey|86/100
|
|-heal|p2a: Gastrodon|100/100|[from] item: Leftovers
|upkeep
|turn|60
|
|t:|1660577327
|switch|p2a: Ferrothorn|Ferrothorn, M|47/100
|move|p1a: Chansey|Stealth Rock|p2a: Ferrothorn
|-sidestart|p2: LudwigFrog|move: Stealth Rock
|
|upkeep
|turn|61
|
|t:|1660577330
|switch|p1a: Xatu|Xatu, M|100/100
|switch|p2a: Corviknight|Corviknight, M|85/100 par
|-damage|p2a: Corviknight|73/100 par|[from] Stealth Rock
|-ability|p2a: Corviknight|Pressure
|
|upkeep
|turn|62
|
|t:|1660577335
|switch|p1a: Clefable|Clefable, M|60/100
|move|p2a: Corviknight|Defog|p1a: Clefable
|-unboost|p1a: Clefable|evasion|1
|-sideend|p2: LudwigFrog|Stealth Rock|[from] move: Defog|[of] p2a: Corviknight
|
|upkeep
|turn|63
|j| Marin XD
|
|t:|1660577339
|move|p1a: Clefable|Soft-Boiled|p1a: Clefable
|-heal|p1a: Clefable|100/100
|move|p2a: Corviknight|U-turn|p1a: Clefable
|-resisted|p1a: Clefable
|-damage|p1a: Clefable|95/100
|
|t:|1660577341
|switch|p2a: Dragapult|Dragapult, F|100/100|[from]move: U-turn
|
|upkeep
|turn|64
|
|t:|1660577347
|switch|p1a: Chansey|Chansey, F|86/100
|move|p2a: Dragapult|Shadow Ball|p1a: Chansey
|-immune|p1a: Chansey
|
|upkeep
|turn|65
|
|t:|1660577350
|switch|p2a: Rillaboom|Rillaboom, M|94/100
|-fieldstart|move: Grassy Terrain|[from] ability: Grassy Surge|[of] p2a: Rillaboom
|move|p1a: Chansey|Stealth Rock|p2a: Rillaboom
|-sidestart|p2: LudwigFrog|move: Stealth Rock
|
|-heal|p2a: Rillaboom|100/100|[from] Grassy Terrain
|-heal|p1a: Chansey|92/100|[from] Grassy Terrain
|upkeep
|turn|66
|
|t:|1660577356
|switch|p1a: Clefable|Clefable, M|95/100
|move|p2a: Rillaboom|Grassy Glide|p1a: Clefable
|-damage|p1a: Clefable|56/100
|
|-heal|p1a: Clefable|62/100|[from] Grassy Terrain
|upkeep
|turn|67
|
|t:|1660577358
|switch|p2a: Corviknight|Corviknight, M|73/100 par
|-damage|p2a: Corviknight|60/100 par|[from] Stealth Rock
|-ability|p2a: Corviknight|Pressure
|move|p1a: Clefable|Soft-Boiled|p1a: Clefable
|-heal|p1a: Clefable|100/100
|
|upkeep
|turn|68
|
|t:|1660577360
|move|p1a: Clefable|Calm Mind|p1a: Clefable
|-boost|p1a: Clefable|spa|1
|-boost|p1a: Clefable|spd|1
|cant|p2a: Corviknight|par
|
|upkeep
|turn|69
|
|t:|1660577362
|move|p1a: Clefable|Calm Mind|p1a: Clefable
|-boost|p1a: Clefable|spa|1
|-boost|p1a: Clefable|spd|1
|move|p2a: Corviknight|Defog|p1a: Clefable
|-unboost|p1a: Clefable|evasion|1
|-sideend|p2: LudwigFrog|Stealth Rock|[from] move: Defog|[of] p2a: Corviknight
|-fieldend|move: Grassy Terrain
|
|upkeep
|turn|70
|
|t:|1660577368
|switch|p2a: Ferrothorn|Ferrothorn, M|47/100
|move|p1a: Clefable|Calm Mind|p1a: Clefable
|-boost|p1a: Clefable|spa|1
|-boost|p1a: Clefable|spd|1
|
|upkeep
|turn|71
|
|t:|1660577372
|move|p1a: Clefable|Moonblast|p2a: Ferrothorn
|-resisted|p2a: Ferrothorn
|-damage|p2a: Ferrothorn|13/100
|move|p2a: Ferrothorn|Gyro Ball|p1a: Clefable
|-supereffective|p1a: Clefable
|-damage|p1a: Clefable|55/100
|
|upkeep
|turn|72
|
|t:|1660577376
|move|p1a: Clefable|Moonblast|p2a: Ferrothorn
|-resisted|p2a: Ferrothorn
|-damage|p2a: Ferrothorn|0 fnt
|faint|p2a: Ferrothorn
|
|upkeep
|j| LT92PF 729
|
|t:|1660577381
|switch|p2a: Dragapult|Dragapult, F|100/100
|turn|73
|c|☆LudwigFrog|crti maybe
|
|t:|1660577394
|move|p2a: Dragapult|Shadow Ball|p1a: Clefable
|-damage|p1a: Clefable|32/100
|move|p1a: Clefable|Soft-Boiled|p1a: Clefable
|-heal|p1a: Clefable|82/100
|
|upkeep
|turn|74
|
|t:|1660577398
|move|p2a: Dragapult|Shadow Ball|p1a: Clefable
|-damage|p1a: Clefable|62/100
|-unboost|p1a: Clefable|spd|1
|move|p1a: Clefable|Moonblast|p2a: Dragapult
|-supereffective|p2a: Dragapult
|-damage|p2a: Dragapult|0 fnt
|faint|p2a: Dragapult
|
|upkeep
|c|☆LudwigFrog|ah gg
|c|☆LT93OQ Highv0ltag3|gg
|c|☆LudwigFrog|Thought I had you after the corv
|j| pollopollopo
|-message|LudwigFrog forfeited.
|
|win|LT93OQ Highv0ltag3
|raw|LT93OQ Highv0ltag3's rating: 1816 &rarr; <strong>1842</strong><br />(+26 for winning)
|raw|LudwigFrog's rating: 1921 &rarr; <strong>1895</strong><br />(-26 for losing)
|j| The Delta Maybca☆〜
|l|☆LudwigFrog
|l| The Delta Maybca☆〜
|l| Marin XD
|l| LT93OQ Bee
|l| LT92PF 729
|l| LT93OQ Golgo
|j| LT93OQ Golgo
|l| LT93OQ Golgo
|l| LT93OQ Jay
|l|+Dragonillis
|l| Volcaronium
||Ladder isn't responding, score probably updated but might not have (Request timeout).
