|j|☆Pks itchy eyes
|j|☆Rheinmetal
|t:|1595733164
|player|p1|Pks itchy eyes|169|1451
|player|p2|Rheinmetal|cynthia|1400
|teamsize|p1|6
|teamsize|p2|6
|gametype|singles
|gen|8
|tier|[Gen 8] OU
|rated|
|html|<div class="broadcast-blue"><strong>OU is currently suspecting Magearna! For information on how to participate check out the <a href="https://www.smogon.com/forums/threads/3667669/">suspect thread</a>.</strong></div>
|clearpoke
|poke|p1|Magnezone|
|poke|p1|Cinderace, F|
|poke|p1|Togekiss, M|
|poke|p1|Dragapult, M|
|poke|p1|Sirfetch’d, F|
|poke|p1|Hippowdon, M|
|poke|p2|Ninetales-Alola, F|
|poke|p2|Excadrill, M|
|poke|p2|Haxorus, M|
|poke|p2|Urshifu-*, M|
|poke|p2|Azumarill, M|
|poke|p2|Volcarona, M|
|rule|Sleep Clause Mod: Limit one foe put to sleep
|rule|Species Clause: Limit one of each Pokémon
|rule|OHKO Clause: OHKO moves are banned
|rule|Evasion Moves Clause: Evasion moves are banned
|rule|Endless Battle Clause: Forcing endless battles is banned
|rule|HP Percentage Mod: HP is shown in percentages
|rule|Dynamax Clause: You cannot dynamax
|teampreview
|inactive|Battle timer is ON: inactive players will automatically lose when time's up. (requested by Rheinmetal)
|
|t:|1595733186
|start
|switch|p1a: Cinderace|Cinderace, F|100/100
|switch|p2a: Excadrill|Excadrill, M, shiny|100/100
|-ability|p2a: Excadrill|Mold Breaker
|turn|1
|
|t:|1595733195
|move|p1a: Cinderace|Pyro Ball|p2a: Excadrill
|-supereffective|p2a: Excadrill
|-enditem|p2a: Excadrill|Focus Sash
|-damage|p2a: Excadrill|1/100
|move|p2a: Excadrill|Stealth Rock|p1a: Cinderace
|-sidestart|p1: Pks itchy eyes|move: Stealth Rock
|
|upkeep
|turn|2
|
|t:|1595733201
|move|p1a: Cinderace|U-turn|p2a: Excadrill
|-start|p1a: Cinderace|typechange|Bug|[from] ability: Libero
|-resisted|p2a: Excadrill
|-damage|p2a: Excadrill|0 fnt
|faint|p2a: Excadrill
|
|t:|1595733207
|switch|p1a: Togekiss|Togekiss, M|100/100|[from]move: U-turn
|-damage|p1a: Togekiss|76/100|[from] Stealth Rock
|
|upkeep
|
|t:|1595733224
|switch|p2a: Ninetales|Ninetales-Alola, F, shiny|100/100
|-weather|Hail|[from] ability: Snow Warning|[of] p2a: Ninetales
|turn|3
|
|t:|1595733233
|move|p1a: Togekiss|Air Slash|p2a: Ninetales
|-damage|p2a: Ninetales|65/100
|cant|p2a: Ninetales|flinch
|
|-weather|Hail|[upkeep]
|-damage|p1a: Togekiss|70/100|[from] Hail
|upkeep
|turn|4
|
|t:|1595733247
|switch|p1a: Hippowdon|Hippowdon, M|100/100
|-damage|p1a: Hippowdon|94/100|[from] Stealth Rock
|-weather|Sandstorm|[from] ability: Sand Stream|[of] p1a: Hippowdon
|move|p2a: Ninetales|Aurora Veil||[still]
|-fail|p2a: Ninetales
|
|-weather|Sandstorm|[upkeep]
|-damage|p2a: Ninetales|59/100|[from] Sandstorm
|upkeep
|turn|5
|
|t:|1595733258
|switch|p2a: Urshifu|Urshifu, M|100/100
|switch|p1a: Magnezone|Magnezone|100/100
|-damage|p1a: Magnezone|94/100|[from] Stealth Rock
|
|-weather|Sandstorm|[upkeep]
|-damage|p2a: Urshifu|94/100|[from] Sandstorm
|upkeep
|turn|6
|
|t:|1595733279
|move|p2a: Urshifu|Wicked Blow|p1a: Magnezone
|-crit|p1a: Magnezone
|-damage|p1a: Magnezone|17/100
|move|p1a: Magnezone|Volt Switch|p2a: Urshifu
|-damage|p2a: Urshifu|1/100
|
|t:|1595733290
|switch|p1a: Cinderace|Cinderace, F|100/100|[from]move: Volt Switch
|
|-weather|Sandstorm|[upkeep]
|-damage|p1a: Cinderace|95/100|[from] Sandstorm
|-damage|p2a: Urshifu|0 fnt|[from] Sandstorm
|faint|p2a: Urshifu
|upkeep
|
|t:|1595733295
|switch|p2a: Ninetales|Ninetales-Alola, F, shiny|59/100
|-weather|Hail|[from] ability: Snow Warning|[of] p2a: Ninetales
|turn|7
|
|t:|1595733300
|move|p1a: Cinderace|Pyro Ball|p2a: Ninetales
|-supereffective|p2a: Ninetales
|-damage|p2a: Ninetales|0 fnt
|faint|p2a: Ninetales
|
|-weather|Hail|[upkeep]
|-damage|p1a: Cinderace|89/100|[from] Hail
|upkeep
|
|t:|1595733308
|switch|p2a: Haxorus|Haxorus, M, shiny|100/100
|-ability|p2a: Haxorus|Mold Breaker
|turn|8
|
|t:|1595733320
|move|p1a: Cinderace|U-turn|p2a: Haxorus
|-start|p1a: Cinderace|typechange|Bug|[from] ability: Libero
|-damage|p2a: Haxorus|59/100
|
|t:|1595733326
|switch|p1a: Magnezone|Magnezone|17/100|[from]move: U-turn
|-damage|p1a: Magnezone|11/100|[from] Stealth Rock
|move|p2a: Haxorus|Swords Dance|p2a: Haxorus
|-boost|p2a: Haxorus|atk|2
|
|-weather|Hail|[upkeep]
|-damage|p2a: Haxorus|52/100|[from] Hail
|-damage|p1a: Magnezone|5/100|[from] Hail
|upkeep
|turn|9
|
|t:|1595733345
|move|p2a: Haxorus|Scale Shot|p1a: Magnezone
|-resisted|p1a: Magnezone
|-damage|p1a: Magnezone|0 fnt
|-hitcount|p1a: Magnezone|1
|-unboost|p2a: Haxorus|def|1
|-boost|p2a: Haxorus|spe|1
|faint|p1a: Magnezone
|
|-weather|Hail|[upkeep]
|-damage|p2a: Haxorus|46/100|[from] Hail
|upkeep
|
|t:|1595733351
|switch|p1a: Sirfetch’d|Sirfetch’d, F|100/100
|-damage|p1a: Sirfetch’d|94/100|[from] Stealth Rock
|turn|10
|
|t:|1595733358
|move|p1a: Sirfetch’d|First Impression|p2a: Haxorus
|-crit|p2a: Haxorus
|-damage|p2a: Haxorus|0 fnt
|faint|p2a: Haxorus
|
|-weather|Hail|[upkeep]
|-damage|p1a: Sirfetch’d|88/100|[from] Hail
|upkeep
|-message|Rheinmetal forfeited.
|
|win|Pks itchy eyes
|l|☆Rheinmetal
|raw|Pks itchy eyes's rating: 1451 &rarr; <strong>1467</strong><br />(+16 for winning)
|raw|Rheinmetal's rating: 1378 &rarr; <strong>1362</strong><br />(-16 for losing)
|l|☆Pks itchy eyes
|j|☆Pks itchy eyes
|player|p1|Pks itchy eyes|169
