|raw|<div class="broadcast-blue"><strong>This battle is required to be public due to a player having a name starting with 'lt81yl'.</div>
|j|☆LT81YL EL NANO
|j|☆BestixL
|t:|1625438182
|gametype|singles
|player|p1|LT81YL EL NANO|barry|1812
|player|p2|BestixL|flannery|1914
|teamsize|p1|6
|teamsize|p2|6
|gen|8
|tier|[Gen 8] OU
|rated|
|rule|Sleep Clause Mod: Limit one foe put to sleep
|rule|Species Clause: Limit one of each Pokémon
|rule|OHKO Clause: OHKO moves are banned
|rule|Evasion Moves Clause: Evasion moves are banned
|rule|Endless Battle Clause: Forcing endless battles is banned
|rule|HP Percentage Mod: HP is shown in percentages
|rule|Dynamax Clause: You cannot dynamax
|clearpoke
|poke|p1|Dragapult, F|
|poke|p1|Volcarona, F|
|poke|p1|Mew|
|poke|p1|Garchomp, F|
|poke|p1|Cloyster, M|
|poke|p1|Bisharp, F|
|poke|p2|Slowking-Galar, F|
|poke|p2|Weavile, M|
|poke|p2|Landorus-Therian, M|
|poke|p2|Toxapex, M|
|poke|p2|Tapu Lele|
|poke|p2|Corviknight, F|
|teampreview
|j| LT81YL Tace
|inactive|Battle timer is ON: inactive players will automatically lose when time's up. (requested by BestixL)
|j| hailarctozoltt
|j| HappIsHere
|
|t:|1625438208
|start
|switch|p1a: Dragapult|Dragapult, F|100/100
|switch|p2a: Landorus|Landorus-Therian, M|100/100
|-ability|p2a: Landorus|Intimidate|boost
|-unboost|p1a: Dragapult|atk|1
|turn|1
|j| LT81YL Manolo
|
|t:|1625438219
|move|p1a: Dragapult|Hydro Pump|p2a: Landorus
|-supereffective|p2a: Landorus
|-damage|p2a: Landorus|5/100
|move|p2a: Landorus|Stealth Rock|p1a: Dragapult
|-sidestart|p1: LT81YL EL NANO|move: Stealth Rock
|
|-heal|p2a: Landorus|12/100|[from] item: Leftovers
|upkeep
|turn|2
|l| LT81YL Tace
|
|t:|1625438241
|switch|p1a: Mew|Mew|100/100
|-damage|p1a: Mew|88/100|[from] Stealth Rock
|switch|p2a: Toxapex|Toxapex, M|100/100
|
|upkeep
|turn|3
|j| bbvici
|
|t:|1625438247
|move|p1a: Mew|Stealth Rock|p2a: Toxapex
|-sidestart|p2: BestixL|move: Stealth Rock
|move|p2a: Toxapex|Toxic|p1a: Mew
|-status|p1a: Mew|tox
|-activate|p1a: Mew|ability: Synchronize
|-immune|p2a: Toxapex
|
|-damage|p1a: Mew|82/100 tox|[from] psn
|upkeep
|turn|4
|j| LT81YL Tace
|
|t:|1625438251
|move|p1a: Mew|Spikes|p2a: Toxapex
|-sidestart|p2: BestixL|Spikes
|move|p2a: Toxapex|Knock Off|p1a: Mew
|-supereffective|p1a: Mew
|-damage|p1a: Mew|58/100 tox
|-enditem|p1a: Mew|Red Card|[from] move: Knock Off|[of] p2a: Toxapex
|
|-damage|p1a: Mew|46/100 tox|[from] psn
|upkeep
|turn|5
|
|t:|1625438257
|move|p1a: Mew|Spikes|p2a: Toxapex
|-sidestart|p2: BestixL|Spikes
|move|p2a: Toxapex|Knock Off|p1a: Mew
|-supereffective|p1a: Mew
|-damage|p1a: Mew|30/100 tox
|
|-damage|p1a: Mew|11/100 tox|[from] psn
|upkeep
|turn|6
|j| LT81YL Romeo3
|
|t:|1625438261
|move|p1a: Mew|Taunt|p2a: Toxapex
|-start|p2a: Toxapex|move: Taunt
|move|p2a: Toxapex|Knock Off|p1a: Mew
|-supereffective|p1a: Mew
|-damage|p1a: Mew|0 fnt
|faint|p1a: Mew
|
|upkeep
|
|t:|1625438266
|switch|p1a: Volcarona|Volcarona, F|100/100
|turn|7
|l| LT81YL Romeo3
|
|t:|1625438277
|switch|p2a: Landorus|Landorus-Therian, M|12/100
|-damage|p2a: Landorus|0 fnt|[from] Stealth Rock
|faint|p2a: Landorus
|move|p1a: Volcarona|Quiver Dance|p1a: Volcarona
|-boost|p1a: Volcarona|spa|1
|-boost|p1a: Volcarona|spd|1
|-boost|p1a: Volcarona|spe|1
|
|upkeep
|l| LT81YL Tace
|
|t:|1625438279
|switch|p2a: Toxapex|Toxapex, M|100/100
|-damage|p2a: Toxapex|88/100|[from] Stealth Rock
|-damage|p2a: Toxapex|72/100|[from] Spikes
|turn|8
|
|t:|1625438281
|move|p1a: Volcarona|Psychic|p2a: Toxapex
|-supereffective|p2a: Toxapex
|-damage|p2a: Toxapex|2/100
|move|p2a: Toxapex|Toxic|p1a: Volcarona
|-status|p1a: Volcarona|tox
|
|-damage|p1a: Volcarona|94/100 tox|[from] psn
|upkeep
|turn|9
|
|t:|1625438286
|move|p1a: Volcarona|Flamethrower|p2a: Toxapex
|-resisted|p2a: Toxapex
|-damage|p2a: Toxapex|0 fnt
|faint|p2a: Toxapex
|
|-damage|p1a: Volcarona|82/100 tox|[from] psn
|upkeep
|
|t:|1625438288
|switch|p2a: Slowking|Slowking-Galar, F|100/100
|-damage|p2a: Slowking|88/100|[from] Stealth Rock
|-damage|p2a: Slowking|72/100|[from] Spikes
|turn|10
|j| hhhgfdd
|
|t:|1625438294
|move|p1a: Volcarona|Flamethrower|p2a: Slowking
|-damage|p2a: Slowking|40/100
|move|p2a: Slowking|Future Sight|p1a: Volcarona
|-start|p2a: Slowking|move: Future Sight
|
|-damage|p1a: Volcarona|64/100 tox|[from] psn
|upkeep
|turn|11
|
|t:|1625438299
|move|p1a: Volcarona|Flamethrower|p2a: Slowking
|-damage|p2a: Slowking|10/100
|move|p2a: Slowking|Earthquake|p1a: Volcarona
|-damage|p1a: Volcarona|37/100 tox
|
|-damage|p1a: Volcarona|12/100 tox|[from] psn
|upkeep
|turn|12
|
|t:|1625438306
|move|p1a: Volcarona|Flamethrower|p2a: Slowking
|-damage|p2a: Slowking|0 fnt
|faint|p2a: Slowking
|
|-end|p1a: Volcarona|move: Future Sight
|-damage|p1a: Volcarona|0 fnt
|faint|p1a: Volcarona
|upkeep
|j| LT81YL crying
|l| LT81YL crying
|inactive|BestixL has 120 seconds left.
|
|t:|1625438355
|switch|p1a: Dragapult|Dragapult, F|100/100
|switch|p2a: Weavile|Weavile, M|100/100
|-damage|p1a: Dragapult|88/100|[from] Stealth Rock
|-damage|p2a: Weavile|76/100|[from] Stealth Rock
|-damage|p2a: Weavile|59/100|[from] Spikes
|-ability|p2a: Weavile|Pressure
|turn|13
|j|+ez
|inactive|LT81YL EL NANO has 120 seconds left.
|
|t:|1625438405
|move|p2a: Weavile|Ice Shard|p1a: Dragapult
|-supereffective|p1a: Dragapult
|-damage|p1a: Dragapult|7/100
|move|p1a: Dragapult|U-turn|p2a: Weavile
|-supereffective|p2a: Weavile
|-damage|p2a: Weavile|2/100
|
|t:|1625438414
|switch|p1a: Cloyster|Cloyster, M|100/100|[from]move: U-turn
|-damage|p1a: Cloyster|76/100|[from] Stealth Rock
|
|upkeep
|turn|14
|
|t:|1625438430
|switch|p2a: Corviknight|Corviknight, F|100/100
|-damage|p2a: Corviknight|88/100|[from] Stealth Rock
|-ability|p2a: Corviknight|Pressure
|move|p1a: Cloyster|Shell Smash|p1a: Cloyster
|-unboost|p1a: Cloyster|def|1
|-unboost|p1a: Cloyster|spd|1
|-boost|p1a: Cloyster|atk|2
|-boost|p1a: Cloyster|spa|2
|-boost|p1a: Cloyster|spe|2
|
|-heal|p2a: Corviknight|94/100|[from] item: Leftovers
|upkeep
|turn|15
|
|t:|1625438437
|move|p1a: Cloyster|Icicle Spear|p2a: Corviknight
|-damage|p2a: Corviknight|80/100
|-damage|p2a: Corviknight|66/100
|-damage|p2a: Corviknight|52/100
|-damage|p2a: Corviknight|39/100
|-damage|p2a: Corviknight|26/100
|-hitcount|p2a: Corviknight|5
|move|p2a: Corviknight|Body Press|p1a: Cloyster
|-supereffective|p1a: Cloyster
|-damage|p1a: Cloyster|5/100
|
|-heal|p2a: Corviknight|32/100|[from] item: Leftovers
|upkeep
|turn|16
|j| NPCNPCNPCNPCNPC
|c|☆BestixL|ggggggggg
|-message|BestixL forfeited.
|
|win|LT81YL EL NANO
|raw|LT81YL EL NANO's rating: 1823 &rarr; <strong>1848</strong><br />(+25 for winning)
|raw|BestixL's rating: 1914 &rarr; <strong>1889</strong><br />(-25 for losing)
|c|☆LT81YL EL NANO|gg bro
|l|☆BestixL
|j|☆BestixL
|player|p2|BestixL|flannery
|l| NPCNPCNPCNPCNPC
|l|☆BestixL
|player|p2|
|l| bbvici
|j| sdflkuuhsdfiug
|l| hhhgfdd
|l| HappIsHere
