|j|☆Mindphuck
|j|☆Adel19
|t:|1664781290
|gametype|singles
|player|p1|Mindphuck|2|1768
|player|p2|Adel19|1|1930
|teamsize|p1|6
|teamsize|p2|6
|gen|8
|tier|[Gen 8] OU
|rated|
|rule|Sleep Clause Mod: Limit one foe put to sleep
|rule|Species Clause: Limit one of each Pokémon
|rule|OHKO Clause: OHKO moves are banned
|rule|Evasion Items Clause: Evasion items are banned
|rule|Evasion Moves Clause: Evasion moves are banned
|rule|Endless Battle Clause: Forcing endless battles is banned
|rule|HP Percentage Mod: HP is shown in percentages
|rule|Dynamax Clause: You cannot dynamax
|clearpoke
|poke|p1|Dragonite, M|
|poke|p1|Dracozolt|
|poke|p1|Kommo-o, M|
|poke|p1|Gigalith, M|
|poke|p1|Melmetal|
|poke|p1|Victini|
|poke|p2|Landorus-Therian, M|
|poke|p2|Tapu Fini|
|poke|p2|Zapdos|
|poke|p2|Blissey, F|
|poke|p2|Kartana|
|poke|p2|Volcanion|
|teampreview
|inactive|Battle timer is ON: inactive players will automatically lose when time's up. (requested by Mindphuck)
|inactive|Adel19 has 120 seconds left.
|j| Kyurem
|
|t:|1664781341
|start
|switch|p1a: Victini|Victini|100/100
|switch|p2a: Volcanion|Volcanion|100/100
|turn|1
|
|t:|1664781347
|move|p1a: Victini|Final Gambit|p2a: Volcanion
|-damage|p2a: Volcanion|0 fnt
|faint|p1a: Victini
|faint|p2a: Volcanion
|
|upkeep
|
|t:|1664781352
|switch|p1a: Dragonite|Dragonite, M|100/100
|switch|p2a: Landorus|Landorus-Therian, M|100/100
|-ability|p2a: Landorus|Intimidate|boost
|-unboost|p1a: Dragonite|atk|1
|turn|2
|
|t:|1664781356
|switch|p2a: Zapdos|Zapdos|100/100
|move|p1a: Dragonite|Ice Beam|p2a: Zapdos
|-supereffective|p2a: Zapdos
|-crit|p2a: Zapdos
|-damage|p2a: Zapdos|0 fnt
|faint|p2a: Zapdos
|
|upkeep
|
|t:|1664781373
|switch|p2a: Tapu Fini|Tapu Fini|100/100
|-fieldstart|move: Misty Terrain|[from] ability: Misty Surge|[of] p2a: Tapu Fini
|turn|3
|j| tricks av
|
|t:|1664781377
|switch|p2a: Landorus|Landorus-Therian, M|100/100
|-ability|p2a: Landorus|Intimidate|boost
|-unboost|p1a: Dragonite|atk|1
|move|p1a: Dragonite|Thunderbolt|p2a: Landorus
|-immune|p2a: Landorus
|
|upkeep
|turn|4
|
|t:|1664781382
|switch|p2a: Blissey|Blissey, F|100/100
|switch|p1a: Melmetal|Melmetal|100/100
|
|upkeep
|turn|5
|j| xqiht
|
|t:|1664781386
|move|p2a: Blissey|Stealth Rock|p1a: Melmetal
|-sidestart|p1: Mindphuck|move: Stealth Rock
|move|p1a: Melmetal|Double Iron Bash|p2a: Blissey
|-damage|p2a: Blissey|60/100
|-damage|p2a: Blissey|24/100
|-hitcount|p2a: Blissey|2
|
|upkeep
|turn|6
|j| Stally bully uwa
|
|t:|1664781399
|move|p2a: Blissey|Seismic Toss|p1a: Melmetal
|-damage|p1a: Melmetal|79/100
|move|p1a: Melmetal|Double Iron Bash|p2a: Blissey
|-damage|p2a: Blissey|0 fnt
|faint|p2a: Blissey
|-hitcount|p2: Blissey|1
|
|upkeep
|
|t:|1664781401
|switch|p2a: Landorus|Landorus-Therian, M|100/100
|-ability|p2a: Landorus|Intimidate|boost
|-unboost|p1a: Melmetal|atk|1
|turn|7
|
|t:|1664781407
|move|p2a: Landorus|Substitute|p2a: Landorus
|-start|p2a: Landorus|Substitute
|-damage|p2a: Landorus|76/100
|move|p1a: Melmetal|Ice Punch|p2a: Landorus
|-supereffective|p2a: Landorus
|-end|p2a: Landorus|Substitute
|
|-fieldend|Misty Terrain
|upkeep
|turn|8
|
|t:|1664781410
|move|p2a: Landorus|Earthquake|p1a: Melmetal
|-supereffective|p1a: Melmetal
|-damage|p1a: Melmetal|0 fnt
|faint|p1a: Melmetal
|
|upkeep
|
|t:|1664781417
|switch|p1a: Dragonite|Dragonite, M|100/100
|-damage|p1a: Dragonite|76/100|[from] Stealth Rock
|turn|9
|
|t:|1664781432
|switch|p2a: Tapu Fini|Tapu Fini|100/100
|-fieldstart|move: Misty Terrain|[from] ability: Misty Surge|[of] p2a: Tapu Fini
|move|p1a: Dragonite|Thunderbolt|p2a: Tapu Fini
|-supereffective|p2a: Tapu Fini
|-damage|p2a: Tapu Fini|50/100
|
|-heal|p2a: Tapu Fini|56/100|[from] item: Leftovers
|upkeep
|turn|10
|
|t:|1664781439
|move|p1a: Dragonite|Thunderbolt|p2a: Tapu Fini
|-supereffective|p2a: Tapu Fini
|-damage|p2a: Tapu Fini|0 fnt
|faint|p2a: Tapu Fini
|
|upkeep
|
|t:|1664781443
|switch|p2a: Kartana|Kartana|100/100
|turn|11
|
|t:|1664781453
|move|p2a: Kartana|Swords Dance|p2a: Kartana
|-boost|p2a: Kartana|atk|2
|move|p1a: Dragonite|Flamethrower|p2a: Kartana
|-supereffective|p2a: Kartana
|-damage|p2a: Kartana|0 fnt
|faint|p2a: Kartana
|
|upkeep
|-message|Adel19 forfeited.
|
|win|Mindphuck
|raw|Mindphuck's rating: 1768 &rarr; <strong>1797</strong><br />(+29 for winning)
|raw|Adel19's rating: 1930 &rarr; <strong>1901</strong><br />(-29 for losing)
|l|☆Adel19
