|j|☆Meister Siegfried
|j|☆BaddyGames
|inactive|Battle timer is ON: inactive players will automatically lose when time's up.
|t:|1658408423
|gametype|singles
|player|p1|Meister Siegfried|#helpstaff|
|player|p2|BaddyGames|rood|
|teamsize|p1|6
|teamsize|p2|6
|gen|8
|tier|[Gen 8] OU
|rated|Tournament battle
|rule|Sleep Clause Mod: Limit one foe put to sleep
|rule|Species Clause: Limit one of each Pokémon
|rule|OHKO Clause: OHKO moves are banned
|rule|Evasion Moves Clause: Evasion moves are banned
|rule|Endless Battle Clause: Forcing endless battles is banned
|rule|HP Percentage Mod: HP is shown in percentages
|rule|Dynamax Clause: You cannot dynamax
|clearpoke
|poke|p1|Clefable, M|
|poke|p1|Hippowdon, F|
|poke|p1|Tornadus-Therian, M|
|poke|p1|Rotom-Wash|
|poke|p1|Rillaboom, F|
|poke|p1|Melmetal|
|poke|p2|Tyranitar, F|
|poke|p2|Ferrothorn, F|
|poke|p2|Slowking, F|
|poke|p2|Excadrill, M|
|poke|p2|Clefable, M|
|poke|p2|Zapdos|
|teampreview
|j|*Lady Monita ☀
|inactive|Meister Siegfried also wants the timer to be on.
|j| manu949494
|j| ETJX
|
|t:|1658408448
|start
|switch|p1a: Tornadus|Tornadus-Therian, M|100/100
|switch|p2a: Slowking|Slowking, F|100/100
|turn|1
|
|t:|1658408452
|move|p1a: Tornadus|Knock Off|p2a: Slowking
|-supereffective|p2a: Slowking
|-damage|p2a: Slowking|62/100
|-enditem|p2a: Slowking|Heavy-Duty Boots|[from] move: Knock Off|[of] p1a: Tornadus
|move|p2a: Slowking|Scald|p1a: Tornadus
|-damage|p1a: Tornadus|71/100
|
|upkeep
|turn|2
|j| NetheriteShovel
|
|t:|1658408461
|switch|p2a: Zapdos|Zapdos|100/100
|move|p1a: Tornadus|U-turn|p2a: Zapdos
|-resisted|p2a: Zapdos
|-damage|p2a: Zapdos|95/100
|-status|p1a: Tornadus|par|[from] ability: Static|[of] p2a: Zapdos
|
|t:|1658408465
|switch|p1a: Hippowdon|Hippowdon, F|100/100|[from]move: U-turn
|-weather|Sandstorm|[from] ability: Sand Stream|[of] p1a: Hippowdon
|
|-weather|Sandstorm|[upkeep]
|-damage|p2a: Zapdos|89/100|[from] Sandstorm
|upkeep
|turn|3
|j| Viryziola
|
|t:|1658408469
|switch|p2a: Ferrothorn|Ferrothorn, F|100/100
|move|p1a: Hippowdon|Toxic|p2a: Ferrothorn
|-immune|p2a: Ferrothorn
|
|-weather|Sandstorm|[upkeep]
|upkeep
|turn|4
|
|t:|1658408471
|switch|p1a: Rillaboom|Rillaboom, F|100/100
|-fieldstart|move: Grassy Terrain|[from] ability: Grassy Surge|[of] p1a: Rillaboom
|move|p2a: Ferrothorn|Stealth Rock|p1a: Rillaboom
|-sidestart|p1: Meister Siegfried|move: Stealth Rock
|
|-weather|Sandstorm|[upkeep]
|-damage|p1a: Rillaboom|94/100|[from] Sandstorm
|-heal|p1a: Rillaboom|100/100|[from] Grassy Terrain
|upkeep
|turn|5
|j| Hitartha talukdar
|
|t:|1658408477
|switch|p2a: Zapdos|Zapdos|89/100
|move|p1a: Rillaboom|Swords Dance|p1a: Rillaboom
|-boost|p1a: Rillaboom|atk|2
|
|-weather|Sandstorm|[upkeep]
|-damage|p2a: Zapdos|83/100|[from] Sandstorm
|-damage|p1a: Rillaboom|94/100|[from] Sandstorm
|-heal|p1a: Rillaboom|100/100|[from] Grassy Terrain
|upkeep
|turn|6
|
|t:|1658408480
|switch|p1a: Hippowdon|Hippowdon, F|100/100
|-damage|p1a: Hippowdon|94/100|[from] Stealth Rock
|move|p2a: Zapdos|Hurricane|p1a: Hippowdon
|-damage|p1a: Hippowdon|64/100
|
|-weather|none
|-heal|p1a: Hippowdon|70/100|[from] Grassy Terrain
|-heal|p1a: Hippowdon|76/100|[from] item: Leftovers
|upkeep
|turn|7
|
|t:|1658408489
|switch|p2a: Clefable|Clefable, M|100/100
|move|p1a: Hippowdon|Stealth Rock|p2a: Clefable
|-sidestart|p2: BaddyGames|move: Stealth Rock
|
|-heal|p1a: Hippowdon|82/100|[from] Grassy Terrain
|-heal|p1a: Hippowdon|88/100|[from] item: Leftovers
|upkeep
|turn|8
|
|t:|1658408492
|switch|p1a: Clefable|Clefable, M|100/100
|move|p2a: Clefable|Trick|p1a: Clefable
|-activate|p2a: Clefable|move: Trick|[of] p1a: Clefable
|-item|p1a: Clefable|Sticky Barb|[from] move: Trick
|-item|p2a: Clefable|Sticky Barb|[from] move: Trick
|
|-fieldend|move: Grassy Terrain
|upkeep
|turn|9
|
|t:|1658408497
|move|p1a: Clefable|Aromatherapy|p1a: Clefable
|-activate|p1a: Clefable|move: Aromatherapy
|-curestatus|p1: Tornadus|par|[msg]
|move|p2a: Clefable|Calm Mind|p2a: Clefable
|-boost|p2a: Clefable|spa|1
|-boost|p2a: Clefable|spd|1
|
|upkeep
|turn|10
|
|t:|1658408503
|switch|p1a: Melmetal|Melmetal|100/100
|-damage|p1a: Melmetal|94/100|[from] Stealth Rock
|move|p2a: Clefable|Trick|p1a: Melmetal
|-activate|p2a: Clefable|move: Trick|[of] p1a: Melmetal
|-item|p1a: Melmetal|Sticky Barb|[from] move: Trick
|-item|p2a: Clefable|Leftovers|[from] move: Trick
|
|-damage|p1a: Melmetal|82/100|[from] item: Sticky Barb
|upkeep
|turn|11
|
|t:|1658408508
|switch|p2a: Ferrothorn|Ferrothorn, F|100/100
|-damage|p2a: Ferrothorn|94/100|[from] Stealth Rock
|move|p1a: Melmetal|Double Iron Bash|p2a: Ferrothorn
|-resisted|p2a: Ferrothorn
|-damage|p2a: Ferrothorn|81/100
|-damage|p1a: Melmetal|70/100|[from] ability: Iron Barbs|[of] p2a: Ferrothorn
|-damage|p1a: Melmetal|53/100|[from] item: Rocky Helmet|[of] p2a: Ferrothorn
|-resisted|p2a: Ferrothorn
|-damage|p2a: Ferrothorn|69/100
|-damage|p1a: Melmetal|41/100|[from] ability: Iron Barbs|[of] p2a: Ferrothorn
|-damage|p1a: Melmetal|24/100|[from] item: Rocky Helmet|[of] p2a: Ferrothorn
|-hitcount|p2a: Ferrothorn|2
|
|-damage|p1a: Melmetal|12/100|[from] item: Sticky Barb
|upkeep
|turn|12
|c|☆Meister Siegfried|too late to cancel moment
|
|t:|1658408520
|switch|p1a: Rillaboom|Rillaboom, F|100/100
|-damage|p1a: Rillaboom|88/100|[from] Stealth Rock
|-fieldstart|move: Grassy Terrain|[from] ability: Grassy Surge|[of] p1a: Rillaboom
|switch|p2a: Slowking|Slowking, F|95/100
|-damage|p2a: Slowking|83/100|[from] Stealth Rock
|
|-heal|p1a: Rillaboom|94/100|[from] Grassy Terrain
|-heal|p1a: Rillaboom|100/100|[from] item: Leftovers
|-heal|p2a: Slowking|89/100|[from] Grassy Terrain
|upkeep
|turn|13
|c|☆BaddyGames|:(
|j| arnavgupta
|j| Chilly 9Tailz
|
|t:|1658408528
|switch|p2a: Zapdos|Zapdos|83/100
|move|p1a: Rillaboom|Knock Off|p2a: Zapdos
|-damage|p2a: Zapdos|59/100
|-enditem|p2a: Zapdos|Heavy-Duty Boots|[from] move: Knock Off|[of] p1a: Rillaboom
|
|upkeep
|turn|14
|j| Thegriffinking2O
|
|t:|1658408534
|switch|p1a: Hippowdon|Hippowdon, F|88/100
|-damage|p1a: Hippowdon|82/100|[from] Stealth Rock
|-weather|Sandstorm|[from] ability: Sand Stream|[of] p1a: Hippowdon
|move|p2a: Zapdos|Roost|p2a: Zapdos
|-heal|p2a: Zapdos|100/100
|-singleturn|p2a: Zapdos|move: Roost
|
|-weather|Sandstorm|[upkeep]
|-damage|p2a: Zapdos|94/100|[from] Sandstorm
|-heal|p2a: Zapdos|100/100|[from] Grassy Terrain
|-heal|p1a: Hippowdon|88/100|[from] Grassy Terrain
|-heal|p1a: Hippowdon|95/100|[from] item: Leftovers
|upkeep
|turn|15
|l| Thegriffinking2O
|j| Thenoobwholose
|
|t:|1658408541
|switch|p2a: Clefable|Clefable, M|100/100
|switch|p1a: Rillaboom|Rillaboom, F|100/100
|-damage|p1a: Rillaboom|88/100|[from] Stealth Rock
|
|-weather|Sandstorm|[upkeep]
|-damage|p1a: Rillaboom|82/100|[from] Sandstorm
|-heal|p1a: Rillaboom|88/100|[from] Grassy Terrain
|-heal|p1a: Rillaboom|94/100|[from] item: Leftovers
|upkeep
|turn|16
|
|t:|1658408545
|switch|p2a: Zapdos|Zapdos|100/100
|-damage|p2a: Zapdos|76/100|[from] Stealth Rock
|move|p1a: Rillaboom|Swords Dance|p1a: Rillaboom
|-boost|p1a: Rillaboom|atk|2
|
|-weather|Sandstorm|[upkeep]
|-damage|p2a: Zapdos|70/100|[from] Sandstorm
|-damage|p1a: Rillaboom|88/100|[from] Sandstorm
|-heal|p1a: Rillaboom|94/100|[from] Grassy Terrain
|-heal|p1a: Rillaboom|100/100|[from] item: Leftovers
|-fieldend|move: Grassy Terrain
|upkeep
|turn|17
|c| Viryziola|baddy games you gotta win this
|
|t:|1658408550
|switch|p1a: Hippowdon|Hippowdon, F|95/100
|-damage|p1a: Hippowdon|88/100|[from] Stealth Rock
|move|p2a: Zapdos|Hurricane|p1a: Hippowdon
|-damage|p1a: Hippowdon|54/100
|-start|p1a: Hippowdon|confusion
|
|-weather|Sandstorm|[upkeep]
|-damage|p2a: Zapdos|64/100|[from] Sandstorm
|-heal|p1a: Hippowdon|60/100|[from] item: Leftovers
|upkeep
|turn|18
|
|t:|1658408556
|move|p2a: Zapdos|Roost|p2a: Zapdos
|-heal|p2a: Zapdos|100/100
|-singleturn|p2a: Zapdos|move: Roost
|-activate|p1a: Hippowdon|confusion
|-damage|p1a: Hippowdon|53/100|[from] confusion
|
|-weather|none
|-heal|p1a: Hippowdon|60/100|[from] item: Leftovers
|upkeep
|turn|19
|c|☆Meister Siegfried|noo
|c| Viryziola|you defeated wooper
|
|t:|1658408567
|switch|p2a: Clefable|Clefable, M|100/100
|-activate|p1a: Hippowdon|confusion
|move|p1a: Hippowdon|Slack Off|p1a: Hippowdon
|-heal|p1a: Hippowdon|100/100
|
|upkeep
|turn|20
|c| Viryziola|you have to
|c| Thenoobwholose|wooper is god
|c| Thenoobwholose|no way he ko wooper
|
|t:|1658408584
|switch|p1a: Melmetal|Melmetal|12/100
|-damage|p1a: Melmetal|6/100|[from] Stealth Rock
|move|p2a: Clefable|Calm Mind|p2a: Clefable
|-boost|p2a: Clefable|spa|1
|-boost|p2a: Clefable|spd|1
|
|-damage|p1a: Melmetal|0 fnt|[from] item: Sticky Barb
|faint|p1a: Melmetal
|upkeep
|
|t:|1658408589
|switch|p1a: Rillaboom|Rillaboom, F|100/100
|-damage|p1a: Rillaboom|88/100|[from] Stealth Rock
|-fieldstart|move: Grassy Terrain|[from] ability: Grassy Surge|[of] p1a: Rillaboom
|turn|21
|
|t:|1658408591
|move|p1a: Rillaboom|Swords Dance|p1a: Rillaboom
|-boost|p1a: Rillaboom|atk|2
|move|p2a: Clefable|Moonblast|p1a: Rillaboom
|-damage|p1a: Rillaboom|38/100
|
|-heal|p1a: Rillaboom|44/100|[from] Grassy Terrain
|-heal|p1a: Rillaboom|50/100|[from] item: Leftovers
|upkeep
|turn|22
|c| Viryziola|yeah he couldnt
|
|t:|1658408597
|switch|p2a: Ferrothorn|Ferrothorn, F|69/100
|-damage|p2a: Ferrothorn|63/100|[from] Stealth Rock
|move|p1a: Rillaboom|Grassy Glide|p2a: Ferrothorn
|-resisted|p2a: Ferrothorn
|-damage|p2a: Ferrothorn|48/100
|-damage|p1a: Rillaboom|38/100|[from] ability: Iron Barbs|[of] p2a: Ferrothorn
|-damage|p1a: Rillaboom|21/100|[from] item: Rocky Helmet|[of] p2a: Ferrothorn
|
|-heal|p1a: Rillaboom|28/100|[from] Grassy Terrain
|-heal|p1a: Rillaboom|34/100|[from] item: Leftovers
|-heal|p2a: Ferrothorn|54/100|[from] Grassy Terrain
|upkeep
|turn|23
|c| Viryziola|i forfeited just in time
|l| Chilly 9Tailz
|
|t:|1658408605
|switch|p2a: Zapdos|Zapdos|100/100
|-damage|p2a: Zapdos|76/100|[from] Stealth Rock
|move|p1a: Rillaboom|Drain Punch|p2a: Zapdos
|-resisted|p2a: Zapdos
|-damage|p2a: Zapdos|55/100
|-heal|p1a: Rillaboom|44/100|[from] drain|[of] p2a: Zapdos
|-status|p1a: Rillaboom|par|[from] ability: Static|[of] p2a: Zapdos
|
|-heal|p1a: Rillaboom|50/100 par|[from] Grassy Terrain
|-heal|p1a: Rillaboom|56/100 par|[from] item: Leftovers
|upkeep
|turn|24
|c| Thenoobwholose|Yay
|
|t:|1658408611
|switch|p1a: Clefable|Clefable, M|100/100
|move|p2a: Zapdos|Roost|p2a: Zapdos
|-heal|p2a: Zapdos|100/100
|-singleturn|p2a: Zapdos|move: Roost
|
|upkeep
|turn|25
|c| Viryziola|so that he could not be swept by wooper
|c| Thenoobwholose|wooper will never die
|
|t:|1658408623
|switch|p2a: Slowking|Slowking, F|100/100
|-damage|p2a: Slowking|88/100|[from] Stealth Rock
|move|p1a: Clefable|Aromatherapy|p1a: Clefable
|-activate|p1a: Clefable|move: Aromatherapy
|-curestatus|p1: Rillaboom|par|[msg]
|
|-heal|p2a: Slowking|94/100|[from] Grassy Terrain
|-fieldend|move: Grassy Terrain
|upkeep
|turn|26
|
|t:|1658408628
|move|p1a: Clefable|Thunder Wave|p2a: Slowking
|-status|p2a: Slowking|par
|move|p2a: Slowking|Future Sight|p1a: Clefable
|-start|p2a: Slowking|move: Future Sight
|
|upkeep
|turn|27
|
|t:|1658408632
|move|p1a: Clefable|Moonblast|p2a: Slowking
|-crit|p2a: Slowking
|-damage|p2a: Slowking|67/100 par
|-unboost|p2a: Slowking|spa|1
|cant|p2a: Slowking|par
|
|upkeep
|turn|28
|
|t:|1658408636
|move|p1a: Clefable|Moonblast|p2a: Slowking
|-damage|p2a: Slowking|48/100 par
|move|p2a: Slowking|Slack Off|p2a: Slowking
|-heal|p2a: Slowking|98/100 par
|
|-end|p1a: Clefable|move: Future Sight
|-damage|p1a: Clefable|75/100
|upkeep
|turn|29
|
|t:|1658408640
|switch|p1a: Rillaboom|Rillaboom, F|56/100
|-damage|p1a: Rillaboom|44/100|[from] Stealth Rock
|-fieldstart|move: Grassy Terrain|[from] ability: Grassy Surge|[of] p1a: Rillaboom
|move|p2a: Slowking|Future Sight|p1a: Rillaboom
|-start|p2a: Slowking|move: Future Sight
|
|-heal|p1a: Rillaboom|50/100|[from] Grassy Terrain
|-heal|p1a: Rillaboom|56/100|[from] item: Leftovers
|-heal|p2a: Slowking|100/100 par|[from] Grassy Terrain
|upkeep
|turn|30
|c| ETJX|ooh
|
|t:|1658408646
|switch|p1a: Rotom|Rotom-Wash, shiny|100/100
|-damage|p1a: Rotom|88/100|[from] Stealth Rock
|switch|p2a: Zapdos|Zapdos|100/100
|-damage|p2a: Zapdos|76/100|[from] Stealth Rock
|
|-heal|p1a: Rotom|94/100|[from] item: Leftovers
|upkeep
|turn|31
|
|t:|1658408651
|move|p2a: Zapdos|Roost|p2a: Zapdos
|-heal|p2a: Zapdos|100/100
|-singleturn|p2a: Zapdos|move: Roost
|move|p1a: Rotom|Hydro Pump|p2a: Zapdos
|-damage|p2a: Zapdos|61/100
|
|-end|p1a: Rotom|move: Future Sight
|-crit|p1a: Rotom
|-damage|p1a: Rotom|44/100
|-heal|p2a: Zapdos|67/100|[from] Grassy Terrain
|-heal|p1a: Rotom|50/100|[from] item: Leftovers
|upkeep
|turn|32
|
|t:|1658408657
|move|p2a: Zapdos|Roost|p2a: Zapdos
|-heal|p2a: Zapdos|100/100
|-singleturn|p2a: Zapdos|move: Roost
|move|p1a: Rotom|Pain Split|p2a: Zapdos
|-sethp|p2a: Zapdos|70/100|[from] move: Pain Split|[silent]
|-sethp|p1a: Rotom|89/100|[from] move: Pain Split
|
|-heal|p2a: Zapdos|76/100|[from] Grassy Terrain
|-heal|p1a: Rotom|95/100|[from] item: Leftovers
|upkeep
|turn|33
|
|t:|1658408660
|move|p2a: Zapdos|Roost|p2a: Zapdos
|-heal|p2a: Zapdos|100/100
|-singleturn|p2a: Zapdos|move: Roost
|move|p1a: Rotom|Will-O-Wisp|p2a: Zapdos|[miss]
|-miss|p1a: Rotom|p2a: Zapdos
|
|-heal|p1a: Rotom|100/100|[from] item: Leftovers
|-fieldend|move: Grassy Terrain
|upkeep
|turn|34
|j| Skittyrox
|
|t:|1658408668
|switch|p2a: Clefable|Clefable, M|100/100
|move|p1a: Rotom|Volt Switch|p2a: Clefable
|-damage|p2a: Clefable|75/100
|
|t:|1658408677
|switch|p1a: Rillaboom|Rillaboom, F|56/100|[from]move: Volt Switch
|-damage|p1a: Rillaboom|44/100|[from] Stealth Rock
|-fieldstart|move: Grassy Terrain|[from] ability: Grassy Surge|[of] p1a: Rillaboom
|
|-heal|p1a: Rillaboom|50/100|[from] Grassy Terrain
|-heal|p1a: Rillaboom|56/100|[from] item: Leftovers
|-heal|p2a: Clefable|81/100|[from] Grassy Terrain
|-heal|p2a: Clefable|88/100|[from] item: Leftovers
|upkeep
|turn|35
|
|t:|1658408683
|move|p1a: Rillaboom|Knock Off|p2a: Clefable
|-resisted|p2a: Clefable
|-damage|p2a: Clefable|74/100
|-enditem|p2a: Clefable|Leftovers|[from] move: Knock Off|[of] p1a: Rillaboom
|move|p2a: Clefable|Moonblast|p1a: Rillaboom
|-damage|p1a: Rillaboom|23/100
|
|-heal|p1a: Rillaboom|29/100|[from] Grassy Terrain
|-heal|p1a: Rillaboom|35/100|[from] item: Leftovers
|-heal|p2a: Clefable|80/100|[from] Grassy Terrain
|upkeep
|turn|36
|
|t:|1658408691
|move|p1a: Rillaboom|Grassy Glide|p2a: Clefable
|-damage|p2a: Clefable|42/100
|move|p2a: Clefable|Trick|p1a: Rillaboom
|-activate|p2a: Clefable|move: Trick|[of] p1a: Rillaboom
|-enditem|p1a: Rillaboom|Leftovers|[silent]|[from] move: Trick
|-item|p2a: Clefable|Leftovers|[from] move: Trick
|
|-heal|p1a: Rillaboom|41/100|[from] Grassy Terrain
|-heal|p2a: Clefable|48/100|[from] Grassy Terrain
|-heal|p2a: Clefable|54/100|[from] item: Leftovers
|upkeep
|turn|37
|
|t:|1658408697
|move|p1a: Rillaboom|Swords Dance|p1a: Rillaboom
|-boost|p1a: Rillaboom|atk|2
|move|p2a: Clefable|Soft-Boiled|p2a: Clefable
|-heal|p2a: Clefable|100/100
|
|-heal|p1a: Rillaboom|48/100|[from] Grassy Terrain
|upkeep
|turn|38
|
|t:|1658408699
|switch|p2a: Zapdos|Zapdos|100/100
|-damage|p2a: Zapdos|76/100|[from] Stealth Rock
|move|p1a: Rillaboom|Knock Off|p2a: Zapdos
|-damage|p2a: Zapdos|41/100
|-status|p1a: Rillaboom|par|[from] ability: Static|[of] p2a: Zapdos
|
|-heal|p1a: Rillaboom|54/100 par|[from] Grassy Terrain
|-fieldend|move: Grassy Terrain
|upkeep
|turn|39
|
|t:|1658408705
|switch|p1a: Hippowdon|Hippowdon, F|100/100
|-damage|p1a: Hippowdon|94/100|[from] Stealth Rock
|-weather|Sandstorm|[from] ability: Sand Stream|[of] p1a: Hippowdon
|move|p2a: Zapdos|Hurricane|p1a: Hippowdon|[miss]
|-miss|p2a: Zapdos|p1a: Hippowdon
|
|-weather|Sandstorm|[upkeep]
|-damage|p2a: Zapdos|35/100|[from] Sandstorm
|-heal|p1a: Hippowdon|100/100|[from] item: Leftovers
|upkeep
|turn|40
|
|t:|1658408711
|move|p2a: Zapdos|Roost|p2a: Zapdos
|-heal|p2a: Zapdos|85/100
|-singleturn|p2a: Zapdos|move: Roost
|move|p1a: Hippowdon|Toxic|p2a: Zapdos
|-status|p2a: Zapdos|tox
|
|-weather|Sandstorm|[upkeep]
|-damage|p2a: Zapdos|79/100 tox|[from] Sandstorm
|-damage|p2a: Zapdos|73/100 tox|[from] psn
|upkeep
|turn|41
|j|+Pika Sup
|
|t:|1658408726
|switch|p2a: Clefable|Clefable, M|100/100
|switch|p1a: Clefable|Clefable, M|75/100
|
|-weather|Sandstorm|[upkeep]
|upkeep
|turn|42
|
|t:|1658408732
|switch|p2a: Excadrill|Excadrill, M|100/100
|-damage|p2a: Excadrill|97/100|[from] Stealth Rock
|move|p1a: Clefable|Thunder Wave|p2a: Excadrill
|-immune|p2a: Excadrill
|
|-weather|Sandstorm|[upkeep]
|upkeep
|turn|43
|
|t:|1658408738
|switch|p2a: Tyranitar|Tyranitar, F|100/100
|-damage|p2a: Tyranitar|88/100|[from] Stealth Rock
|switch|p1a: Rotom|Rotom-Wash, shiny|100/100
|-damage|p1a: Rotom|88/100|[from] Stealth Rock
|
|-weather|none
|-heal|p1a: Rotom|94/100|[from] item: Leftovers
|upkeep
|turn|44
|
|t:|1658408742
|move|p1a: Rotom|Volt Switch|p2a: Tyranitar
|-damage|p2a: Tyranitar|64/100
|
|t:|1658408745
|switch|p1a: Hippowdon|Hippowdon, F|100/100|[from]move: Volt Switch
|-damage|p1a: Hippowdon|94/100|[from] Stealth Rock
|-weather|Sandstorm|[from] ability: Sand Stream|[of] p1a: Hippowdon
|move|p2a: Tyranitar|Crunch|p1a: Hippowdon
|-damage|p1a: Hippowdon|48/100
|
|-weather|Sandstorm|[upkeep]
|-heal|p1a: Hippowdon|54/100|[from] item: Leftovers
|upkeep
|turn|45
|l| ETJX
|
|t:|1658408748
|move|p2a: Tyranitar|Crunch|p1a: Hippowdon
|-crit|p1a: Hippowdon
|-damage|p1a: Hippowdon|0 fnt
|faint|p1a: Hippowdon
|
|-weather|Sandstorm|[upkeep]
|upkeep
|c|☆BaddyGames|mb
|-message|Meister Siegfried forfeited.
|
|win|BaddyGames
|n|☆Meister Siegfried|meistersiegfried
|n|☆BaddyGames|baddygames
|n|*Lady Monita ☀|ladymonita
|n| manu949494|manu949494
|n| NetheriteShovel|netheriteshovel
|n| Viryziola|viryziola
|n| Hitartha talukdar|hitarthatalukdar
|n| arnavgupta|arnavgupta
|n| Thenoobwholose|thenoobwholose
|n| Skittyrox|skittyrox
|n| Pika Sup|pikasup
