|raw|<div class="broadcast-blue"><strong>This battle is required to be public due to a player having a name starting with 'lt91bb'.</div>
|j|☆The art of
|j|☆LT91BB Tini
|t:|1658989154
|gametype|singles
|player|p1|The art of|unknown|1585
|player|p2|LT91BB Tini|cheren-gen5bw2|1492
|teamsize|p1|6
|teamsize|p2|6
|gen|8
|tier|[Gen 8] OU
|rated|
|rule|Sleep Clause Mod: Limit one foe put to sleep
|rule|Species Clause: Limit one of each Pokémon
|rule|OHKO Clause: OHKO moves are banned
|rule|Evasion Moves Clause: Evasion moves are banned
|rule|Endless Battle Clause: Forcing endless battles is banned
|rule|HP Percentage Mod: HP is shown in percentages
|rule|Dynamax Clause: You cannot dynamax
|clearpoke
|poke|p1|Volcanion|
|poke|p1|Ninetales-Alola, F|
|poke|p1|Corviknight, M|
|poke|p1|Arctozolt|
|poke|p1|Landorus-Therian, M|
|poke|p1|Tornadus-Therian, M|
|poke|p2|Tapu Bulu|
|poke|p2|Tornadus-Therian, M|
|poke|p2|Pelipper, F|
|poke|p2|Kartana|
|poke|p2|Omastar, F|
|poke|p2|Thundurus-Therian, M|
|teampreview
|inactive|Battle timer is ON: inactive players will automatically lose when time's up. (requested by The art of)
|c|☆LT91BB Tini|hfhf
|c|☆The art of|Hf
|
|t:|1658989180
|start
|switch|p1a: Volcanion|Volcanion|100/100
|switch|p2a: Omastar|Omastar, F|100/100
|turn|1
|
|t:|1658989186
|switch|p2a: Pelipper|Pelipper, F|100/100
|-weather|RainDance|[from] ability: Drizzle|[of] p2a: Pelipper
|move|p1a: Volcanion|Steam Eruption|p2a: Pelipper
|-resisted|p2a: Pelipper
|-damage|p2a: Pelipper|10/100
|
|-weather|RainDance|[upkeep]
|upkeep
|turn|2
|
|t:|1658989198
|switch|p2a: Tapu Bulu|Tapu Bulu|100/100
|-fieldstart|move: Grassy Terrain|[from] ability: Grassy Surge|[of] p2a: Tapu Bulu
|move|p1a: Volcanion|Steam Eruption|p2a: Tapu Bulu
|-resisted|p2a: Tapu Bulu
|-damage|p2a: Tapu Bulu|28/100
|-status|p2a: Tapu Bulu|brn
|
|-weather|RainDance|[upkeep]
|-heal|p2a: Tapu Bulu|35/100 brn|[from] Grassy Terrain
|-damage|p2a: Tapu Bulu|28/100 brn|[from] brn
|upkeep
|turn|3
|
|t:|1658989219
|switch|p1a: Corviknight|Corviknight, M|100/100
|-ability|p1a: Corviknight|Pressure
|move|p2a: Tapu Bulu|Stone Edge|p1a: Corviknight
|-damage|p1a: Corviknight|85/100
|
|-weather|RainDance|[upkeep]
|-heal|p2a: Tapu Bulu|35/100 brn|[from] Grassy Terrain
|-damage|p2a: Tapu Bulu|28/100 brn|[from] brn
|upkeep
|turn|4
|
|t:|1658989224
|switch|p2a: Thundurus|Thundurus-Therian, M|100/100
|move|p1a: Corviknight|U-turn|p2a: Thundurus
|-resisted|p2a: Thundurus
|-damage|p2a: Thundurus|90/100
|
|t:|1658989228
|switch|p1a: Ninetales|Ninetales-Alola, F|100/100|[from]move: U-turn
|-weather|Hail|[from] ability: Snow Warning|[of] p1a: Ninetales
|
|-weather|Hail|[upkeep]
|-damage|p2a: Thundurus|84/100|[from] Hail
|upkeep
|turn|5
|
|t:|1658989236
|move|p1a: Ninetales|Freeze-Dry|p2a: Thundurus
|-supereffective|p2a: Thundurus
|-damage|p2a: Thundurus|25/100
|move|p2a: Thundurus|Thunder|p1a: Ninetales|[miss]
|-miss|p2a: Thundurus|p1a: Ninetales
|
|-weather|Hail|[upkeep]
|-damage|p2a: Thundurus|19/100|[from] Hail
|upkeep
|turn|6
|
|t:|1658989243
|move|p1a: Ninetales|Freeze-Dry|p2a: Thundurus
|-supereffective|p2a: Thundurus
|-damage|p2a: Thundurus|0 fnt
|faint|p2a: Thundurus
|
|-weather|Hail|[upkeep]
|-fieldend|move: Grassy Terrain
|upkeep
|
|t:|1658989246
|switch|p2a: Pelipper|Pelipper, F|10/100
|-weather|RainDance|[from] ability: Drizzle|[of] p2a: Pelipper
|turn|7
|
|t:|1658989249
|switch|p2a: Omastar|Omastar, F|100/100
|move|p1a: Ninetales|Freeze-Dry|p2a: Omastar
|-supereffective|p2a: Omastar
|-damage|p2a: Omastar|32/100
|-status|p2a: Omastar|frz
|
|-weather|RainDance|[upkeep]
|upkeep
|turn|8
|
|t:|1658989253
|cant|p2a: Omastar|frz
|move|p1a: Ninetales|Freeze-Dry|p2a: Omastar
|-supereffective|p2a: Omastar
|-damage|p2a: Omastar|0 fnt
|faint|p2a: Omastar
|
|-weather|RainDance|[upkeep]
|upkeep
|
|t:|1658989256
|switch|p2a: Kartana|Kartana|100/100
|turn|9
|c|☆The art of|Sry
|
|t:|1658989262
|switch|p1a: Corviknight|Corviknight, M|85/100
|-ability|p1a: Corviknight|Pressure
|move|p2a: Kartana|Swords Dance|p2a: Kartana
|-boost|p2a: Kartana|atk|2
|
|-weather|RainDance|[upkeep]
|upkeep
|turn|10
|
|t:|1658989269
|move|p2a: Kartana|Swords Dance|p2a: Kartana
|-boost|p2a: Kartana|atk|2
|move|p1a: Corviknight|U-turn|p2a: Kartana
|-damage|p2a: Kartana|85/100
|
|t:|1658989278
|switch|p1a: Ninetales|Ninetales-Alola, F|100/100|[from]move: U-turn
|-weather|Hail|[from] ability: Snow Warning|[of] p1a: Ninetales
|
|-weather|Hail|[upkeep]
|-damage|p2a: Kartana|78/100|[from] Hail
|upkeep
|turn|11
|
|t:|1658989284
|move|p2a: Kartana|Sacred Sword|p1a: Ninetales
|-damage|p1a: Ninetales|0 fnt
|faint|p1a: Ninetales
|-ability|p2a: Kartana|Beast Boost|boost
|-boost|p2a: Kartana|atk|1
|-damage|p2a: Kartana|69/100|[from] item: Life Orb
|
|-weather|Hail|[upkeep]
|-damage|p2a: Kartana|63/100|[from] Hail
|upkeep
|
|t:|1658989287
|switch|p1a: Tornadus|Tornadus-Therian, M|100/100
|turn|12
|
|t:|1658989293
|switch|p2a: Tapu Bulu|Tapu Bulu|28/100 brn
|-fieldstart|move: Grassy Terrain|[from] ability: Grassy Surge|[of] p2a: Tapu Bulu
|move|p1a: Tornadus|Heat Wave|p2a: Tapu Bulu
|-supereffective|p2a: Tapu Bulu
|-damage|p2a: Tapu Bulu|0 fnt
|faint|p2a: Tapu Bulu
|
|-weather|Hail|[upkeep]
|-damage|p1a: Tornadus|94/100|[from] Hail
|upkeep
|
|t:|1658989300
|switch|p2a: Pelipper|Pelipper, F|10/100
|-weather|RainDance|[from] ability: Drizzle|[of] p2a: Pelipper
|turn|13
|
|t:|1658989309
|move|p1a: Tornadus|Knock Off|p2a: Pelipper
|-damage|p2a: Pelipper|0 fnt
|-enditem|p2a: Pelipper|Damp Rock|[from] move: Knock Off|[of] p1a: Tornadus
|faint|p2a: Pelipper
|
|-weather|RainDance|[upkeep]
|upkeep
|
|t:|1658989311
|switch|p2a: Tornadus|Tornadus-Therian, M|100/100
|turn|14
|
|t:|1658989315
|move|p2a: Tornadus|Nasty Plot|p2a: Tornadus
|-boost|p2a: Tornadus|spa|2
|move|p1a: Tornadus|U-turn|p2a: Tornadus
|-resisted|p2a: Tornadus
|-damage|p2a: Tornadus|90/100
|
|t:|1658989324
|switch|p1a: Volcanion|Volcanion|100/100|[from]move: U-turn
|
|-weather|RainDance|[upkeep]
|upkeep
|turn|15
|
|t:|1658989327
|move|p2a: Tornadus|Hurricane|p1a: Volcanion
|-damage|p1a: Volcanion|0 fnt
|faint|p1a: Volcanion
|-damage|p2a: Tornadus|81/100|[from] item: Life Orb
|
|-weather|RainDance|[upkeep]
|upkeep
|
|t:|1658989332
|switch|p1a: Arctozolt|Arctozolt|100/100
|turn|16
|
|t:|1658989339
|move|p2a: Tornadus|Focus Blast|p1a: Arctozolt
|-supereffective|p1a: Arctozolt
|-damage|p1a: Arctozolt|0 fnt
|faint|p1a: Arctozolt
|-damage|p2a: Tornadus|71/100|[from] item: Life Orb
|
|-weather|RainDance|[upkeep]
|-fieldend|move: Grassy Terrain
|upkeep
|
|t:|1658989343
|switch|p1a: Corviknight|Corviknight, M|85/100
|-ability|p1a: Corviknight|Pressure
|turn|17
|
|t:|1658989347
|move|p2a: Tornadus|Focus Blast|p1a: Corviknight
|-damage|p1a: Corviknight|0 fnt
|faint|p1a: Corviknight
|-damage|p2a: Tornadus|61/100|[from] item: Life Orb
|
|-weather|RainDance|[upkeep]
|upkeep
|
|t:|1658989351
|switch|p1a: Tornadus|Tornadus-Therian, M|100/100
|turn|18
|
|t:|1658989359
|move|p2a: Tornadus|Hurricane|p1a: Tornadus
|-damage|p1a: Tornadus|5/100
|-damage|p2a: Tornadus|52/100|[from] item: Life Orb
|move|p1a: Tornadus|Weather Ball|p2a: Tornadus
|-damage|p2a: Tornadus|5/100
|
|-weather|RainDance|[upkeep]
|upkeep
|turn|19
|
|t:|1658989369
|switch|p1a: Landorus|Landorus-Therian, M|100/100
|-ability|p1a: Landorus|Intimidate|boost
|-unboost|p2a: Tornadus|atk|1
|move|p2a: Tornadus|U-turn|p1a: Landorus
|-resisted|p1a: Landorus
|-damage|p1a: Landorus|94/100
|-damage|p2a: Tornadus|0 fnt|[from] item: Life Orb
|faint|p2a: Tornadus
|
|-weather|RainDance|[upkeep]
|-heal|p1a: Landorus|100/100|[from] item: Leftovers
|upkeep
|
|t:|1658989372
|switch|p2a: Kartana|Kartana|63/100
|turn|20
|
|t:|1658989381
|move|p2a: Kartana|Swords Dance|p2a: Kartana
|-boost|p2a: Kartana|atk|2
|move|p1a: Landorus|U-turn|p2a: Kartana
|-damage|p2a: Kartana|37/100
|
|t:|1658989383
|switch|p1a: Tornadus|Tornadus-Therian, M|38/100|[from]move: U-turn
|
|-weather|none
|upkeep
|turn|21
|
|t:|1658989385
|move|p1a: Tornadus|Heat Wave|p2a: Kartana
|-supereffective|p2a: Kartana
|-damage|p2a: Kartana|0 fnt
|faint|p2a: Kartana
|
|win|The art of
|raw|The art of's rating: 1585 &rarr; <strong>1600</strong><br />(+15 for winning)
|raw|LT91BB Tini's rating: 1492 &rarr; <strong>1477</strong><br />(-15 for losing)
|c|☆LT91BB Tini|gg
|l|☆LT91BB Tini
|c|☆The art of|Gg
