|j|☆test31415
|j|‽goran el draco
|player|p1|test31415|266|1736
|player|p2|goran el draco|n|1790
|teamsize|p1|6
|teamsize|p2|6
|gametype|singles
|gen|8
|tier|[Gen 8] OU
|rated|
|html|<div class="broadcast-blue"><strong>OU is currently suspecting Dracovish! For information on how to participate check out the <a href="https://www.smogon.com/forums/threads/3664521/">suspect thread</a>.</strong></div>
|clearpoke
|poke|p1|Hitmonlee, M|
|poke|p1|Dracovish|
|poke|p1|Mimikyu, F|
|poke|p1|Ninetales-Alola, F|
|poke|p1|Lucario, M|
|poke|p1|Hatterene, F|
|poke|p2|Obstagoon, F|
|poke|p2|Clefable, M|
|poke|p2|Salazzle, F|
|poke|p2|Conkeldurr, F|
|poke|p2|Kommo-o, F|
|poke|p2|Primarina, M|
|rule|Sleep Clause Mod: Limit one foe put to sleep
|rule|Species Clause: Limit one of each Pokémon
|rule|OHKO Clause: OHKO moves are banned
|rule|Evasion Moves Clause: Evasion moves are banned
|rule|Endless Battle Clause: Forcing endless battles is banned
|rule|HP Percentage Mod: HP is shown in percentages
|rule|Dynamax Clause: You cannot dynamax
|teampreview
|inactive|Battle timer is ON: inactive players will automatically lose when time's up. (requested by test31415)
|
|start
|switch|p1a: Hitmonlee|Hitmonlee, M|100/100
|switch|p2a: Kommo-o|Kommo-o, F|100/100
|turn|1
|
|move|p1a: Hitmonlee|Fake Out|p2a: Kommo-o
|-damage|p2a: Kommo-o|92/100
|cant|p2a: Kommo-o|flinch
|
|-heal|p2a: Kommo-o|98/100|[from] item: Leftovers
|upkeep
|turn|2
|
|switch|p1a: Hatterene|Hatterene, F|100/100
|switch|p2a: Salazzle|Salazzle, F|100/100
|
|upkeep
|turn|3
|j| lolis are queens
|
|move|p2a: Salazzle|Sludge Wave|p1a: Hatterene
|-supereffective|p1a: Hatterene
|-damage|p1a: Hatterene|4/100
|move|p1a: Hatterene|Psychic|p2a: Salazzle
|-supereffective|p2a: Salazzle
|-damage|p2a: Salazzle|0 fnt
|-damage|p1a: Hatterene|0 fnt|[from] item: Life Orb
|faint|p2a: Salazzle
|faint|p1a: Hatterene
|
|upkeep
|
|switch|p2a: Kommo-o|Kommo-o, F|98/100
|switch|p1a: Lucario|Lucario, M|100/100
|turn|4
|
|move|p1a: Lucario|Close Combat|p2a: Kommo-o
|-damage|p2a: Kommo-o|48/100
|-unboost|p1a: Lucario|def|1
|-unboost|p1a: Lucario|spd|1
|-damage|p1a: Lucario|91/100|[from] item: Life Orb
|move|p2a: Kommo-o|Body Press|p1a: Lucario
|-supereffective|p1a: Lucario
|-damage|p1a: Lucario|0 fnt
|faint|p1a: Lucario
|
|-heal|p2a: Kommo-o|54/100|[from] item: Leftovers
|upkeep
|l| lolis are queens
|
|switch|p1a: Ninetales|Ninetales-Alola, F|100/100
|-weather|Hail|[from] ability: Snow Warning|[of] p1a: Ninetales
|turn|5
|
|switch|p2a: Clefable|Clefable, M|100/100
|move|p1a: Ninetales|Blizzard|p2a: Clefable
|-damage|p2a: Clefable|73/100
|
|-weather|Hail|[upkeep]
|-heal|p2a: Clefable|79/100|[from] item: Leftovers
|upkeep
|turn|6
|
|switch|p1a: Hitmonlee|Hitmonlee, M|100/100
|move|p2a: Clefable|Teleport|p2a: Clefable
|
|switch|p2a: Conkeldurr|Conkeldurr, F|100/100|[from]move: Teleport
|
|-weather|Hail|[upkeep]
|-damage|p1a: Hitmonlee|94/100|[from] Hail
|-damage|p2a: Conkeldurr|94/100|[from] Hail
|-status|p2a: Conkeldurr|brn|[from] item: Flame Orb
|upkeep
|turn|7
|
|move|p1a: Hitmonlee|Fake Out|p2a: Conkeldurr
|-damage|p2a: Conkeldurr|80/100 brn
|cant|p2a: Conkeldurr|flinch
|
|-weather|Hail|[upkeep]
|-damage|p1a: Hitmonlee|88/100|[from] Hail
|-damage|p2a: Conkeldurr|74/100 brn|[from] Hail
|-damage|p2a: Conkeldurr|67/100 brn|[from] brn
|upkeep
|turn|8
|
|move|p2a: Conkeldurr|Mach Punch|p1a: Hitmonlee
|-damage|p1a: Hitmonlee|5/100
|move|p1a: Hitmonlee|High Jump Kick|p2a: Conkeldurr
|-damage|p2a: Conkeldurr|0 fnt
|faint|p2a: Conkeldurr
|
|-weather|Hail|[upkeep]
|-damage|p1a: Hitmonlee|0 fnt|[from] Hail
|faint|p1a: Hitmonlee
|upkeep
|
|switch|p1a: Mimikyu|Mimikyu, F|100/100
|switch|p2a: Obstagoon|Obstagoon, F|100/100
|turn|9
|
|move|p2a: Obstagoon|Knock Off|p1a: Mimikyu
|-activate|p1a: Mimikyu|ability: Disguise
|-damage|p1a: Mimikyu|100/100
|-enditem|p1a: Mimikyu|Red Card|[from] move: Knock Off|[of] p2a: Obstagoon
|detailschange|p1a: Mimikyu|Mimikyu-Busted, F
|-damage|p1a: Mimikyu|88/100|[from] pokemon: Mimikyu-Busted
|move|p1a: Mimikyu|Play Rough|p2a: Obstagoon
|-supereffective|p2a: Obstagoon
|-damage|p2a: Obstagoon|14/100
|
|-weather|none
|-status|p2a: Obstagoon|brn|[from] item: Flame Orb
|upkeep
|turn|10
|j| the hunterr
|
|move|p2a: Obstagoon|Knock Off|p1a: Mimikyu
|-damage|p1a: Mimikyu|35/100
|move|p1a: Mimikyu|Trick Room|p1a: Mimikyu
|-fieldstart|move: Trick Room|[of] p1a: Mimikyu
|
|-damage|p2a: Obstagoon|8/100 brn|[from] brn
|upkeep
|turn|11
|
|switch|p2a: Clefable|Clefable, M|79/100
|move|p1a: Mimikyu|Play Rough|p2a: Clefable
|-damage|p2a: Clefable|34/100
|
|-heal|p2a: Clefable|40/100|[from] item: Leftovers
|upkeep
|turn|12
|
|move|p2a: Clefable|Protect|p2a: Clefable
|-singleturn|p2a: Clefable|Protect
|move|p1a: Mimikyu|Play Rough|p2a: Clefable
|-activate|p2a: Clefable|move: Protect
|
|-heal|p2a: Clefable|46/100|[from] item: Leftovers
|upkeep
|turn|13
|
|move|p2a: Clefable|Wish|p2a: Clefable
|move|p1a: Mimikyu|Play Rough|p2a: Clefable
|-damage|p2a: Clefable|1/100
|
|-heal|p2a: Clefable|7/100|[from] item: Leftovers
|upkeep
|turn|14
|
|switch|p1a: Dracovish|Dracovish|100/100
|move|p2a: Clefable|Protect||[still]
|-fail|p2a: Clefable
|
|-heal|p2a: Clefable|57/100|[from] move: Wish|[wisher] Clefable
|-heal|p2a: Clefable|63/100|[from] item: Leftovers
|-fieldend|move: Trick Room
|upkeep
|turn|15
|
|move|p2a: Clefable|Protect|p2a: Clefable
|-singleturn|p2a: Clefable|Protect
|move|p1a: Dracovish|Fishious Rend|p2a: Clefable
|-activate|p2a: Clefable|move: Protect
|
|-heal|p2a: Clefable|69/100|[from] item: Leftovers
|upkeep
|turn|16
|l| the hunterr
|j| HELPINGHANSVIB
|inactive|goran el draco has 120 seconds left.
|j| IgnisUrticae
|j| outz pn
|j| Zephyr-451
|j| Albert Kesselring
|
|switch|p2a: Primarina|Primarina, M|100/100
|move|p1a: Dracovish|Fishious Rend|p2a: Primarina
|-resisted|p2a: Primarina
|-damage|p2a: Primarina|0 fnt
|faint|p2a: Primarina
|
|upkeep
|
|switch|p2a: Obstagoon|Obstagoon, F|8/100 brn
|turn|17
|
|switch|p1a: Mimikyu|Mimikyu-Busted, F|35/100
|move|p2a: Obstagoon|Knock Off|p1a: Mimikyu
|-crit|p1a: Mimikyu
|-damage|p1a: Mimikyu|0 fnt
|faint|p1a: Mimikyu
|
|-damage|p2a: Obstagoon|1/100 brn|[from] brn
|upkeep
|
|switch|p1a: Ninetales|Ninetales-Alola, F|100/100
|-weather|Hail|[from] ability: Snow Warning|[of] p1a: Ninetales
|turn|18
|
|switch|p2a: Clefable|Clefable, M|69/100
|move|p1a: Ninetales|Blizzard|p2a: Clefable
|-damage|p2a: Clefable|43/100
|
|-weather|Hail|[upkeep]
|-heal|p2a: Clefable|49/100|[from] item: Leftovers
|upkeep
|turn|19
|j| TheJaper823
|inactive|goran el draco has 120 seconds left.
|
|switch|p1a: Dracovish|Dracovish|100/100
|move|p2a: Clefable|Wish|p2a: Clefable
|
|-weather|Hail|[upkeep]
|-damage|p1a: Dracovish|94/100|[from] Hail
|-heal|p2a: Clefable|56/100|[from] item: Leftovers
|upkeep
|turn|20
|j| 0978nuoij
|
|move|p2a: Clefable|Protect|p2a: Clefable
|-singleturn|p2a: Clefable|Protect
|move|p1a: Dracovish|Fishious Rend|p2a: Clefable
|-activate|p2a: Clefable|move: Protect
|
|-weather|Hail|[upkeep]
|-damage|p1a: Dracovish|88/100|[from] Hail
|-heal|p2a: Clefable|100/100|[from] move: Wish|[wisher] Clefable
|upkeep
|turn|21
|
|switch|p2a: Obstagoon|Obstagoon, F|1/100 brn
|move|p1a: Dracovish|Fishious Rend|p2a: Obstagoon
|-damage|p2a: Obstagoon|0 fnt
|faint|p2a: Obstagoon
|
|-weather|Hail|[upkeep]
|-damage|p1a: Dracovish|82/100|[from] Hail
|upkeep
|
|switch|p2a: Kommo-o|Kommo-o, F|54/100
|turn|22
|
|move|p2a: Kommo-o|Body Press|p1a: Dracovish
|-damage|p1a: Dracovish|39/100
|move|p1a: Dracovish|Fishious Rend|p2a: Kommo-o
|-resisted|p2a: Kommo-o
|-damage|p2a: Kommo-o|30/100
|
|-weather|none
|-heal|p2a: Kommo-o|36/100|[from] item: Leftovers
|upkeep
|turn|23
|
|switch|p2a: Clefable|Clefable, M|100/100
|switch|p1a: Ninetales|Ninetales-Alola, F|100/100
|-weather|Hail|[from] ability: Snow Warning|[of] p1a: Ninetales
|
|-weather|Hail|[upkeep]
|upkeep
|turn|24
|
|move|p1a: Ninetales|Blizzard|p2a: Clefable
|-crit|p2a: Clefable
|-damage|p2a: Clefable|55/100
|move|p2a: Clefable|Moonblast|p1a: Ninetales
|-damage|p1a: Ninetales|66/100
|-unboost|p1a: Ninetales|spa|1
|
|-weather|Hail|[upkeep]
|-heal|p2a: Clefable|61/100|[from] item: Leftovers
|upkeep
|turn|25
|
|move|p1a: Ninetales|Blizzard|p2a: Clefable
|-damage|p2a: Clefable|42/100
|move|p2a: Clefable|Moonblast|p1a: Ninetales
|-damage|p1a: Ninetales|28/100
|
|-weather|Hail|[upkeep]
|-heal|p2a: Clefable|48/100|[from] item: Leftovers
|upkeep
|turn|26
|
|switch|p1a: Dracovish|Dracovish|39/100
|move|p2a: Clefable|Moonblast|p1a: Dracovish
|-supereffective|p1a: Dracovish
|-damage|p1a: Dracovish|0 fnt
|faint|p1a: Dracovish
|
|-weather|Hail|[upkeep]
|-heal|p2a: Clefable|54/100|[from] item: Leftovers
|upkeep
|
|switch|p1a: Ninetales|Ninetales-Alola, F|28/100
|turn|27
|
|move|p2a: Clefable|Protect|p2a: Clefable
|-singleturn|p2a: Clefable|Protect
|move|p1a: Ninetales|Blizzard|p2a: Clefable
|-activate|p2a: Clefable|move: Protect
|
|-weather|none
|-heal|p2a: Clefable|60/100|[from] item: Leftovers
|upkeep
|turn|28
|l| IgnisUrticae
|
|switch|p2a: Kommo-o|Kommo-o, F|36/100
|move|p1a: Ninetales|Blizzard|p2a: Kommo-o
|-supereffective|p2a: Kommo-o
|-damage|p2a: Kommo-o|0 fnt
|faint|p2a: Kommo-o
|
|upkeep
|
|switch|p2a: Clefable|Clefable, M|60/100
|turn|29
|
|move|p2a: Clefable|Protect|p2a: Clefable
|-singleturn|p2a: Clefable|Protect
|move|p1a: Ninetales|Blizzard|p2a: Clefable
|-activate|p2a: Clefable|move: Protect
|
|-heal|p2a: Clefable|66/100|[from] item: Leftovers
|upkeep
|turn|30
|
|move|p1a: Ninetales|Blizzard|p2a: Clefable
|-damage|p2a: Clefable|37/100
|move|p2a: Clefable|Wish|p2a: Clefable
|
|-heal|p2a: Clefable|43/100|[from] item: Leftovers
|upkeep
|turn|31
|-message|test31415 forfeited.
|
|win|goran el draco
|l|☆test31415
|raw|test31415's rating: 1736 &rarr; <strong>1719</strong><br />(-17 for losing)
|raw|goran el draco's rating: 1790 &rarr; <strong>1807</strong><br />(+17 for winning)
|l|‽goran el draco
