|j|☆return nirvana
|j|☆eelektrik funeral
|inactive|Battle timer is ON: inactive players will automatically lose when time's up.
|t:|1663688138
|gametype|singles
|player|p1|return nirvana|cynthia-gen4|
|player|p2|eelektrik funeral|workerice|
|teamsize|p1|6
|teamsize|p2|6
|gen|8
|tier|[Gen 8] OU
|rated|Tournament battle
|rule|Sleep Clause Mod: Limit one foe put to sleep
|rule|Species Clause: Limit one of each Pokémon
|rule|OHKO Clause: OHKO moves are banned
|rule|Evasion Items Clause: Evasion items are banned
|rule|Evasion Moves Clause: Evasion moves are banned
|rule|Endless Battle Clause: Forcing endless battles is banned
|rule|HP Percentage Mod: HP is shown in percentages
|rule|Dynamax Clause: You cannot dynamax
|clearpoke
|poke|p1|Clefable, M|
|poke|p1|Mew|
|poke|p1|Skarmory, M|
|poke|p1|Toxapex, M|
|poke|p1|Weavile, M|
|poke|p1|Garchomp, M|
|poke|p2|Aegislash, M|
|poke|p2|Buzzwole|
|poke|p2|Clefable, F|
|poke|p2|Gastrodon, M|
|poke|p2|Raikou|
|poke|p2|Rotom-Wash|
|teampreview
|inactive|return nirvana also wants the timer to be on.
|j| HarryBW247
|j| immaboogengar
|j| PYUKUMUKU GURU
|j|%Sww-Suwa
|inactive|return nirvana has 120 seconds left.
|inactive|eelektrik funeral has 120 seconds left.
|j| notazigzagoon
|j| sufys12
|j| yeshahr
|j| handsoapy
|j| Mon cappuccino
|j| NA Weezing
|
|t:|1663688185
|start
|switch|p1a: Serpentine|Toxapex, M, shiny|100/100
|switch|p2a: Raikou|Raikou, shiny|100/100
|-ability|p2a: Raikou|Pressure
|turn|1
|j| SkipTheDripBayless
|j| Billaboom
|j| Nazgrel!~♡
|c| PYUKUMUKU GURU|metronome
|inactive|eelektrik funeral has 120 seconds left.
|
|t:|1663688221
|switch|p2a: Clefable|Clefable, F|100/100
|switch|p1a: Zangetsu|Garchomp, M, shiny|100/100
|
|upkeep
|turn|2
|inactive|eelektrik funeral has 120 seconds left.
|
|t:|1663688237
|switch|p1a: Serpentine|Toxapex, M, shiny|100/100
|move|p2a: Clefable|Stealth Rock|p1a: Serpentine
|-sidestart|p1: return nirvana|move: Stealth Rock
|
|upkeep
|turn|3
|
|t:|1663688252
|move|p2a: Clefable|Knock Off|p1a: Serpentine
|-damage|p1a: Serpentine|90/100
|-enditem|p1a: Serpentine|Shed Shell|[from] move: Knock Off|[of] p2a: Clefable
|move|p1a: Serpentine|Toxic Spikes|p2a: Clefable
|-sidestart|p2: eelektrik funeral|move: Toxic Spikes
|
|upkeep
|turn|4
|
|t:|1663688280
|switch|p2a: Rotom|Rotom-Wash, shiny|100/100
|move|p1a: Serpentine|Knock Off|p2a: Rotom
|-damage|p2a: Rotom|85/100
|-enditem|p2a: Rotom|Choice Scarf|[from] move: Knock Off|[of] p1a: Serpentine
|
|upkeep
|turn|5
|j| PrivateRabbit
|
|t:|1663688291
|move|p2a: Rotom|Defog|p1a: Serpentine
|-unboost|p1a: Serpentine|evasion|1
|-sideend|p1: return nirvana|Stealth Rock|[from] move: Defog|[of] p2a: Rotom
|-sideend|p2: eelektrik funeral|Toxic Spikes|[from] move: Defog|[of] p2a: Rotom
|move|p1a: Serpentine|Knock Off|p2a: Rotom
|-damage|p2a: Rotom|74/100
|
|upkeep
|turn|6
|inactive|eelektrik funeral has 90 seconds left.
|c| SkipTheDripBayless|is that rotoms arm
|c| SkipTheDripBayless|on the side
|c| SkipTheDripBayless|flapping
|c| SkipTheDripBayless|wtf am i lookin at
|l| PrivateRabbit
|c| PYUKUMUKU GURU|thats new
|c| yeshahr|letter A
|inactive|eelektrik funeral has 60 seconds left.
|c| SkipTheDripBayless|it does look like A
|c| SkipTheDripBayless|it's spinning now
|c| Mon cappuccino|It's twirling
|c| notazigzagoon|rotom is just happy to be here
|c|☆return nirvana|it's probably just the cable lol
|j| Kisses mwah
|
|t:|1663688362
|move|p2a: Rotom|Volt Switch|p1a: Serpentine
|-supereffective|p1a: Serpentine
|-damage|p1a: Serpentine|55/100
|c| SkipTheDripBayless|naw but peep this
|
|t:|1663688367
|switch|p2a: Raikou|Raikou, shiny|100/100|[from]move: Volt Switch
|-ability|p2a: Raikou|Pressure
|move|p1a: Serpentine|Toxic Spikes|p2a: Raikou
|-sidestart|p2: eelektrik funeral|move: Toxic Spikes
|
|upkeep
|turn|7
|c| SkipTheDripBayless|rotoms arm
|j| AlIoutdragadarts
|c| SkipTheDripBayless|on the left
|j| Pikablu007
|c| SkipTheDripBayless|is holding
|c| SkipTheDripBayless|the tube
|
|t:|1663688377
|switch|p1a: Zangetsu|Garchomp, M, shiny|100/100
|move|p2a: Raikou|Scald|p1a: Zangetsu
|-damage|p1a: Zangetsu|74/100
|
|-heal|p1a: Zangetsu|80/100|[from] item: Leftovers
|upkeep
|turn|8
|c| Mon cappuccino|oooooo
|c| Mon cappuccino|I see it now
|c|☆return nirvana|lmao
|
|t:|1663688391
|switch|p2a: Clefable|Clefable, F|100/100
|-status|p2a: Clefable|psn
|move|p1a: Zangetsu|Stealth Rock|p2a: Clefable
|-sidestart|p2: eelektrik funeral|move: Stealth Rock
|
|-heal|p1a: Zangetsu|86/100|[from] item: Leftovers
|upkeep
|turn|9
|c| notazigzagoon|since when did raikou get scald
|
|t:|1663688400
|move|p1a: Zangetsu|Protect|p1a: Zangetsu
|-singleturn|p1a: Zangetsu|Protect
|move|p2a: Clefable|Stealth Rock|p1a: Zangetsu
|-sidestart|p1: return nirvana|move: Stealth Rock
|
|-heal|p1a: Zangetsu|92/100|[from] item: Leftovers
|upkeep
|turn|10
|c| yeshahr|gen 2
|c| Pikablu007|Gen 8
|
|t:|1663688412
|switch|p1a: Serpentine|Toxapex, M, shiny|89/100
|-damage|p1a: Serpentine|76/100|[from] Stealth Rock
|move|p2a: Clefable|Knock Off|p1a: Serpentine
|-damage|p1a: Serpentine|68/100
|
|upkeep
|turn|11
|c| yeshahr|wait what
|l| Pikablu007
|inactive|eelektrik funeral has 30 seconds left.
|c| Mon cappuccino|./learn raikou, scald, gen 5
|c| yeshahr|oh wtf only gen 8
|
|t:|1663688440
|switch|p2a: Rotom|Rotom-Wash, shiny|74/100
|-damage|p2a: Rotom|61/100|[from] Stealth Rock
|move|p1a: Serpentine|Knock Off|p2a: Rotom
|-damage|p2a: Rotom|51/100
|
|upkeep
|turn|12
|c| SkipTheDripBayless|scald in gen 2
|c| SkipTheDripBayless|would go hard
|j| Pikablu007
|inactive|eelektrik funeral has 30 seconds left.
|c| yeshahr|yes
|
|t:|1663688452
|move|p2a: Rotom|Defog|p1a: Serpentine
|-unboost|p1a: Serpentine|evasion|1
|-sideend|p1: return nirvana|Stealth Rock|[from] move: Defog|[of] p2a: Rotom
|-sideend|p2: eelektrik funeral|Toxic Spikes|[from] move: Defog|[of] p2a: Rotom
|-sideend|p2: eelektrik funeral|Stealth Rock|[from] move: Defog|[of] p2a: Rotom
|move|p1a: Serpentine|Toxic Spikes|p2a: Rotom
|-sidestart|p2: eelektrik funeral|move: Toxic Spikes
|
|upkeep
|turn|13
|
|t:|1663688456
|move|p2a: Rotom|Defog|p1a: Serpentine
|-unboost|p1a: Serpentine|evasion|1
|-sideend|p2: eelektrik funeral|Toxic Spikes|[from] move: Defog|[of] p2a: Rotom
|move|p1a: Serpentine|Knock Off|p2a: Rotom
|-damage|p2a: Rotom|39/100
|
|upkeep
|turn|14
|
|t:|1663688461
|move|p2a: Rotom|Volt Switch|p1a: Serpentine
|-supereffective|p1a: Serpentine
|-damage|p1a: Serpentine|36/100
|
|t:|1663688463
|switch|p2a: Aegislash|Aegislash, M, shiny|100/100|[from]move: Volt Switch
|move|p1a: Serpentine|Recover|p1a: Serpentine
|-heal|p1a: Serpentine|86/100
|
|upkeep
|turn|15
|
|t:|1663688466
|move|p2a: Aegislash|Substitute|p2a: Aegislash
|-start|p2a: Aegislash|Substitute
|-damage|p2a: Aegislash|75/100
|move|p1a: Serpentine|Toxic Spikes|p2a: Aegislash
|-sidestart|p2: eelektrik funeral|move: Toxic Spikes
|
|-heal|p2a: Aegislash|82/100|[from] item: Leftovers
|upkeep
|turn|16
|inactive|eelektrik funeral has 60 seconds left.
|
|t:|1663688472
|move|p2a: Aegislash|King's Shield|p2a: Aegislash
|-singleturn|p2a: Aegislash|Protect
|move|p1a: Serpentine|Knock Off|p2a: Aegislash
|-activate|p2a: Aegislash|move: Protect
|-unboost|p1a: Serpentine|atk|1
|
|-heal|p2a: Aegislash|88/100|[from] item: Leftovers
|upkeep
|turn|17
|
|t:|1663688476
|move|p2a: Aegislash|Substitute|p2a: Aegislash
|-fail|p2a: Aegislash|move: Substitute
|move|p1a: Serpentine|Haze|p1a: Serpentine
|-clearallboost
|
|-heal|p2a: Aegislash|94/100|[from] item: Leftovers
|upkeep
|turn|18
|j| 2006M
|
|t:|1663688483
|move|p2a: Aegislash|King's Shield|p2a: Aegislash
|-singleturn|p2a: Aegislash|Protect
|move|p1a: Serpentine|Knock Off|p2a: Aegislash
|-activate|p2a: Aegislash|move: Protect
|-unboost|p1a: Serpentine|atk|1
|
|-heal|p2a: Aegislash|99/100|[from] item: Leftovers
|upkeep
|turn|19
|
|t:|1663688486
|-formechange|p2a: Aegislash|Aegislash-Blade||[from] ability: Stance Change
|move|p2a: Aegislash|Shadow Ball|p1a: Serpentine
|-damage|p1a: Serpentine|56/100
|move|p1a: Serpentine|Haze|p1a: Serpentine
|-clearallboost
|
|-heal|p2a: Aegislash|100/100|[from] item: Leftovers
|upkeep
|turn|20
|inactive|eelektrik funeral has 90 seconds left.
|
|t:|1663688496
|-formechange|p2a: Aegislash|Aegislash||[from] ability: Stance Change
|move|p2a: Aegislash|King's Shield|p2a: Aegislash
|-singleturn|p2a: Aegislash|Protect
|move|p1a: Serpentine|Recover|p1a: Serpentine
|-heal|p1a: Serpentine|100/100
|
|upkeep
|turn|21
|
|t:|1663688499
|move|p2a: Aegislash|Substitute|p2a: Aegislash
|-fail|p2a: Aegislash|move: Substitute
|move|p1a: Serpentine|Knock Off|p2a: Aegislash
|-supereffective|p2a: Aegislash
|-activate|p2a: Aegislash|move: Substitute|[damage]
|
|upkeep
|turn|22
|l| Pikablu007
|
|t:|1663688502
|move|p2a: Aegislash|King's Shield|p2a: Aegislash
|-singleturn|p2a: Aegislash|Protect
|move|p1a: Serpentine|Haze|p1a: Serpentine
|-clearallboost
|
|upkeep
|turn|23
|
|t:|1663688506
|-formechange|p2a: Aegislash|Aegislash-Blade||[from] ability: Stance Change
|move|p2a: Aegislash|Shadow Ball|p1a: Serpentine
|-damage|p1a: Serpentine|71/100
|-unboost|p1a: Serpentine|spd|1
|move|p1a: Serpentine|Knock Off|p2a: Aegislash
|-supereffective|p2a: Aegislash
|-end|p2a: Aegislash|Substitute
|
|upkeep
|turn|24
|c| SkipTheDripBayless|has pex
|c| HarryBW247|this might take a while
|c| SkipTheDripBayless|switched out
|j| Pikablu007
|
|t:|1663688513
|switch|p1a: Zangetsu|Garchomp, M, shiny|92/100
|move|p2a: Aegislash|Shadow Ball|p1a: Zangetsu
|-crit|p1a: Zangetsu
|-damage|p1a: Zangetsu|50/100
|
|-heal|p1a: Zangetsu|56/100|[from] item: Leftovers
|upkeep
|turn|25
|
|t:|1663688524
|switch|p2a: Clefable|Clefable, F|100/100 psn
|move|p1a: Zangetsu|Earthquake|p2a: Clefable
|-damage|p2a: Clefable|62/100 psn
|
|-heal|p1a: Zangetsu|63/100|[from] item: Leftovers
|-heal|p2a: Clefable|69/100 psn|[from] item: Leftovers
|upkeep
|turn|26
|
|t:|1663688528
|move|p1a: Zangetsu|Stealth Rock|p2a: Clefable
|-sidestart|p2: eelektrik funeral|move: Stealth Rock
|move|p2a: Clefable|Stealth Rock|p1a: Zangetsu
|-sidestart|p1: return nirvana|move: Stealth Rock
|
|-heal|p1a: Zangetsu|69/100|[from] item: Leftovers
|-heal|p2a: Clefable|75/100 psn|[from] item: Leftovers
|upkeep
|turn|27
|
|t:|1663688531
|switch|p2a: Rotom|Rotom-Wash, shiny|39/100
|-damage|p2a: Rotom|26/100|[from] Stealth Rock
|move|p1a: Zangetsu|Protect||[still]
|-fail|p1a: Zangetsu
|
|-heal|p1a: Zangetsu|75/100|[from] item: Leftovers
|upkeep
|turn|28
|
|t:|1663688539
|move|p1a: Zangetsu|Protect|p1a: Zangetsu
|-singleturn|p1a: Zangetsu|Protect
|move|p2a: Rotom|Trick|p1a: Zangetsu
|-activate|p1a: Zangetsu|move: Protect
|
|-heal|p1a: Zangetsu|81/100|[from] item: Leftovers
|upkeep
|turn|29
|
|t:|1663688545
|switch|p1a: Chaos|Mew, shiny|100/100
|-damage|p1a: Chaos|88/100|[from] Stealth Rock
|move|p2a: Rotom|Defog|p1a: Chaos
|-unboost|p1a: Chaos|evasion|1
|-sideend|p1: return nirvana|Stealth Rock|[from] move: Defog|[of] p2a: Rotom
|-sideend|p2: eelektrik funeral|Toxic Spikes|[from] move: Defog|[of] p2a: Rotom
|-sideend|p2: eelektrik funeral|Stealth Rock|[from] move: Defog|[of] p2a: Rotom
|
|-heal|p1a: Chaos|94/100|[from] item: Leftovers
|upkeep
|turn|30
|
|t:|1663688548
|move|p1a: Chaos|Night Shade|p2a: Rotom
|-damage|p2a: Rotom|0 fnt
|faint|p2a: Rotom
|
|-heal|p1a: Chaos|100/100|[from] item: Leftovers
|upkeep
|c| SkipTheDripBayless|PYUKUMUKU GURU
|c| PYUKUMUKU GURU|:D
|
|t:|1663688560
|switch|p2a: Buzzwole|Buzzwole|100/100
|turn|31
|c| SkipTheDripBayless|u love mew
|c| SkipTheDripBayless|huh
|c| PYUKUMUKU GURU|mew is nice
|c| SkipTheDripBayless|i feel like ur name for mew
|c| SkipTheDripBayless|should be better
|inactive|eelektrik funeral has 120 seconds left.
|l| Pikablu007
|c|☆return nirvana|"genesis"
|c| SkipTheDripBayless|ye
|j| Pikablu007
|
|t:|1663688619
|switch|p1a: Raptor|Skarmory, M, shiny|100/100
|move|p2a: Buzzwole|Thunder Punch|p1a: Raptor
|-supereffective|p1a: Raptor
|-damage|p1a: Raptor|54/100
|-status|p1a: Raptor|par
|-damage|p2a: Buzzwole|84/100|[from] item: Rocky Helmet|[of] p1a: Raptor
|
|upkeep
|turn|32
|j| PU11 B2
|c|☆return nirvana|his most fire nickname
|c|☆return nirvana|is static soul burn
|c|☆return nirvana|for manectric
|c| SkipTheDripBayless|wat about
|l| PU11 B2
|c| Pikablu007|Full para now
|c| SkipTheDripBayless|posidens blade
|l| Pikablu007
|j| Pikablu007
|
|t:|1663688647
|switch|p2a: Aegislash|Aegislash, M, shiny|100/100
|move|p1a: Raptor|Roost|p1a: Raptor
|-heal|p1a: Raptor|100/100 par
|-singleturn|p1a: Raptor|move: Roost
|
|upkeep
|turn|33
|l| Pikablu007
|l| HarryBW247
|j| Pikablu007
|inactive|eelektrik funeral has 90 seconds left.
|
|t:|1663688668
|move|p2a: Aegislash|Substitute|p2a: Aegislash
|-start|p2a: Aegislash|Substitute
|-damage|p2a: Aegislash|75/100
|cant|p1a: Raptor|par
|
|-heal|p2a: Aegislash|82/100|[from] item: Leftovers
|upkeep
|turn|34
|inactive|eelektrik funeral has 90 seconds left.
|
|t:|1663688684
|-formechange|p2a: Aegislash|Aegislash-Blade||[from] ability: Stance Change
|move|p2a: Aegislash|Shadow Ball|p1a: Raptor
|-damage|p1a: Raptor|37/100 par
|move|p1a: Raptor|Spikes|p2a: Aegislash
|-sidestart|p2: eelektrik funeral|Spikes
|
|-heal|p2a: Aegislash|88/100|[from] item: Leftovers
|upkeep
|turn|35
|inactive|eelektrik funeral has 90 seconds left.
|
|t:|1663688690
|switch|p1a: Serpentine|Toxapex, M, shiny|100/100
|move|p2a: Aegislash|Shadow Ball|p1a: Serpentine
|-damage|p1a: Serpentine|70/100
|
|-heal|p2a: Aegislash|94/100|[from] item: Leftovers
|upkeep
|turn|36
|
|t:|1663688696
|move|p2a: Aegislash|Shadow Ball|p1a: Serpentine
|-damage|p1a: Serpentine|42/100
|-unboost|p1a: Serpentine|spd|1
|move|p1a: Serpentine|Recover|p1a: Serpentine
|-heal|p1a: Serpentine|93/100
|
|-heal|p2a: Aegislash|99/100|[from] item: Leftovers
|upkeep
|turn|37
|
|t:|1663688706
|move|p2a: Aegislash|Shadow Ball|p1a: Serpentine
|-damage|p1a: Serpentine|52/100
|move|p1a: Serpentine|Haze|p1a: Serpentine
|-clearallboost
|
|-heal|p2a: Aegislash|100/100|[from] item: Leftovers
|upkeep
|turn|38
|
|t:|1663688716
|move|p2a: Aegislash|Shadow Ball|p1a: Serpentine
|-damage|p1a: Serpentine|21/100
|move|p1a: Serpentine|Recover|p1a: Serpentine
|-heal|p1a: Serpentine|71/100
|
|upkeep
|turn|39
|
|t:|1663688725
|-formechange|p2a: Aegislash|Aegislash||[from] ability: Stance Change
|move|p2a: Aegislash|King's Shield|p2a: Aegislash
|-singleturn|p2a: Aegislash|Protect
|move|p1a: Serpentine|Recover|p1a: Serpentine
|-heal|p1a: Serpentine|100/100
|
|upkeep
|turn|40
|
|t:|1663688730
|move|p2a: Aegislash|Substitute|p2a: Aegislash
|-fail|p2a: Aegislash|move: Substitute
|move|p1a: Serpentine|Knock Off|p2a: Aegislash
|-supereffective|p2a: Aegislash
|-end|p2a: Aegislash|Substitute
|
|upkeep
|turn|41
|
|t:|1663688737
|move|p2a: Aegislash|King's Shield|p2a: Aegislash
|-singleturn|p2a: Aegislash|Protect
|move|p1a: Serpentine|Toxic Spikes|p2a: Aegislash
|-sidestart|p2: eelektrik funeral|move: Toxic Spikes
|
|upkeep
|turn|42
|
|t:|1663688740
|move|p2a: Aegislash|Substitute|p2a: Aegislash
|-start|p2a: Aegislash|Substitute
|-damage|p2a: Aegislash|75/100
|move|p1a: Serpentine|Knock Off|p2a: Aegislash
|-supereffective|p2a: Aegislash
|-end|p2a: Aegislash|Substitute
|
|-heal|p2a: Aegislash|82/100|[from] item: Leftovers
|upkeep
|turn|43
|
|t:|1663688749
|switch|p2a: Clefable|Clefable, F|75/100 psn
|move|p1a: Serpentine|Haze|p1a: Serpentine
|-clearallboost
|
|-heal|p2a: Clefable|81/100 psn|[from] item: Leftovers
|upkeep
|turn|44
|
|t:|1663688756
|switch|p2a: Raikou|Raikou, shiny|100/100
|-damage|p2a: Raikou|88/100|[from] Spikes
|-status|p2a: Raikou|psn
|-ability|p2a: Raikou|Pressure
|move|p1a: Serpentine|Knock Off|p2a: Raikou
|-damage|p2a: Raikou|66/100 psn
|-enditem|p2a: Raikou|Choice Specs|[from] move: Knock Off|[of] p1a: Serpentine
|
|-damage|p2a: Raikou|53/100 psn|[from] psn
|upkeep
|turn|45
|c|☆return nirvana|oh specs
|l| NA Weezing
|
|t:|1663688768
|move|p2a: Raikou|Scald|p1a: Serpentine
|-resisted|p1a: Serpentine
|-damage|p1a: Serpentine|93/100
|move|p1a: Serpentine|Knock Off|p2a: Raikou
|-damage|p2a: Raikou|38/100 psn
|
|-damage|p2a: Raikou|26/100 psn|[from] psn
|upkeep
|turn|46
|
|t:|1663688772
|move|p2a: Raikou|Thunderbolt|p1a: Serpentine
|-supereffective|p1a: Serpentine
|-damage|p1a: Serpentine|38/100
|move|p1a: Serpentine|Knock Off|p2a: Raikou
|-damage|p2a: Raikou|11/100 psn
|
|-damage|p2a: Raikou|0 fnt|[from] psn
|faint|p2a: Raikou
|upkeep
|
|t:|1663688781
|switch|p2a: Gastrodon|Gastrodon, M|100/100
|-damage|p2a: Gastrodon|88/100|[from] Spikes
|-status|p2a: Gastrodon|psn
|turn|47
|c| Pikablu007|Why did that only do 55
|c|☆return nirvana|cuz that mon is ass
|
|t:|1663688796
|switch|p1a: Crescent|Clefable, M, shiny|100/100
|move|p2a: Gastrodon|Curse|p2a: Gastrodon
|-unboost|p2a: Gastrodon|spe|1
|-boost|p2a: Gastrodon|atk|1
|-boost|p2a: Gastrodon|def|1
|
|-heal|p2a: Gastrodon|94/100 psn|[from] item: Leftovers
|-damage|p2a: Gastrodon|82/100 psn|[from] psn
|upkeep
|turn|48
|
|t:|1663688800
|move|p1a: Crescent|Knock Off|p2a: Gastrodon
|-damage|p2a: Gastrodon|74/100 psn
|-enditem|p2a: Gastrodon|Leftovers|[from] move: Knock Off|[of] p1a: Crescent
|move|p2a: Gastrodon|Curse|p2a: Gastrodon
|-unboost|p2a: Gastrodon|spe|1
|-boost|p2a: Gastrodon|atk|1
|-boost|p2a: Gastrodon|def|1
|
|-damage|p2a: Gastrodon|62/100 psn|[from] psn
|upkeep
|turn|49
|
|t:|1663688807
|switch|p1a: Serpentine|Toxapex, M, shiny|71/100
|move|p2a: Gastrodon|Recover|p2a: Gastrodon
|-heal|p2a: Gastrodon|100/100 psn
|
|-damage|p2a: Gastrodon|88/100 psn|[from] psn
|upkeep
|turn|50
|
|t:|1663688809
|move|p1a: Serpentine|Haze|p1a: Serpentine
|-clearallboost
|move|p2a: Gastrodon|Earthquake|p1a: Serpentine
|-supereffective|p1a: Serpentine
|-damage|p1a: Serpentine|23/100
|
|-damage|p2a: Gastrodon|76/100 psn|[from] psn
|upkeep
|turn|51
|
|t:|1663688819
|move|p1a: Serpentine|Recover|p1a: Serpentine
|-heal|p1a: Serpentine|73/100
|move|p2a: Gastrodon|Curse|p2a: Gastrodon
|-unboost|p2a: Gastrodon|spe|1
|-boost|p2a: Gastrodon|atk|1
|-boost|p2a: Gastrodon|def|1
|
|-damage|p2a: Gastrodon|63/100 psn|[from] psn
|upkeep
|turn|52
|
|t:|1663688826
|switch|p1a: Chaos|Mew, shiny|100/100
|move|p2a: Gastrodon|Curse|p2a: Gastrodon
|-unboost|p2a: Gastrodon|spe|1
|-boost|p2a: Gastrodon|atk|1
|-boost|p2a: Gastrodon|def|1
|
|-damage|p2a: Gastrodon|51/100 psn|[from] psn
|upkeep
|turn|53
|
|t:|1663688831
|move|p1a: Chaos|Taunt|p2a: Gastrodon
|-start|p2a: Gastrodon|move: Taunt
|cant|p2a: Gastrodon|move: Taunt|Recover
|
|-damage|p2a: Gastrodon|38/100 psn|[from] psn
|upkeep
|turn|54
|j| glutexos
|
|t:|1663688838
|switch|p2a: Buzzwole|Buzzwole|84/100
|-damage|p2a: Buzzwole|71/100|[from] Spikes
|-status|p2a: Buzzwole|psn
|move|p1a: Chaos|Night Shade|p2a: Buzzwole
|-damage|p2a: Buzzwole|43/100 psn
|
|-damage|p2a: Buzzwole|31/100 psn|[from] psn
|upkeep
|turn|55
|
|t:|1663688841
|switch|p1a: Raptor|Skarmory, M, shiny|37/100 par
|move|p2a: Buzzwole|Leech Life|p1a: Raptor
|-resisted|p1a: Raptor
|-damage|p1a: Raptor|28/100 par
|-heal|p2a: Buzzwole|35/100 psn|[from] drain|[of] p1a: Raptor
|-damage|p2a: Buzzwole|19/100 psn|[from] item: Rocky Helmet|[of] p1a: Raptor
|
|-damage|p2a: Buzzwole|6/100 psn|[from] psn
|upkeep
|turn|56
|
|t:|1663688844
|move|p2a: Buzzwole|Leech Life|p1a: Raptor
|-resisted|p1a: Raptor
|-damage|p1a: Raptor|18/100 par
|-heal|p2a: Buzzwole|11/100 psn|[from] drain|[of] p1a: Raptor
|-damage|p2a: Buzzwole|0 fnt|[from] item: Rocky Helmet|[of] p1a: Raptor
|faint|p2a: Buzzwole
|move|p1a: Raptor|Roost|p1a: Raptor
|-heal|p1a: Raptor|68/100 par
|-singleturn|p1a: Raptor|move: Roost
|
|upkeep
|
|t:|1663688846
|switch|p2a: Aegislash|Aegislash, M, shiny|82/100
|-damage|p2a: Aegislash|69/100|[from] Spikes
|turn|57
|
|t:|1663688850
|switch|p1a: Serpentine|Toxapex, M, shiny|100/100
|move|p2a: Aegislash|Substitute|p2a: Aegislash
|-start|p2a: Aegislash|Substitute
|-damage|p2a: Aegislash|44/100
|
|-heal|p2a: Aegislash|50/100|[from] item: Leftovers
|upkeep
|turn|58
|
|t:|1663688862
|-formechange|p2a: Aegislash|Aegislash-Blade||[from] ability: Stance Change
|move|p2a: Aegislash|Shadow Ball|p1a: Serpentine
|-damage|p1a: Serpentine|73/100
|move|p1a: Serpentine|Knock Off|p2a: Aegislash
|-supereffective|p2a: Aegislash
|-end|p2a: Aegislash|Substitute
|
|-heal|p2a: Aegislash|57/100|[from] item: Leftovers
|upkeep
|turn|59
|j| not mishmesh
|
|t:|1663688871
|move|p2a: Aegislash|Shadow Ball|p1a: Serpentine
|-damage|p1a: Serpentine|46/100
|move|p1a: Serpentine|Knock Off|p2a: Aegislash
|-supereffective|p2a: Aegislash
|-damage|p2a: Aegislash|0 fnt
|-enditem|p2a: Aegislash|Leftovers|[from] move: Knock Off|[of] p1a: Serpentine
|faint|p2a: Aegislash
|
|upkeep
|c|☆return nirvana|gg
|j| Seldon Fanatic
|
|t:|1663688881
|switch|p2a: Gastrodon|Gastrodon, M|38/100 psn
|-damage|p2a: Gastrodon|26/100 psn|[from] Spikes
|turn|60
|l| Pikablu007
|
|t:|1663688884
|switch|p1a: Bandit|Weavile, M, shiny|100/100
|-ability|p1a: Bandit|Pressure
|move|p2a: Gastrodon|Recover|p2a: Gastrodon
|-heal|p2a: Gastrodon|76/100 psn
|
|-damage|p2a: Gastrodon|63/100 psn|[from] psn
|upkeep
|turn|61
|
|t:|1663688892
|move|p1a: Bandit|Triple Axel|p2a: Gastrodon
|-damage|p2a: Gastrodon|56/100 psn
|-damage|p2a: Gastrodon|43/100 psn
|-hitcount|p2a: Gastrodon|2
|move|p2a: Gastrodon|Recover|p2a: Gastrodon
|-heal|p2a: Gastrodon|93/100 psn
|
|-damage|p2a: Gastrodon|80/100 psn|[from] psn
|upkeep
|turn|62
|
|t:|1663688898
|switch|p1a: Chaos|Mew, shiny|100/100
|move|p2a: Gastrodon|Curse|p2a: Gastrodon
|-unboost|p2a: Gastrodon|spe|1
|-boost|p2a: Gastrodon|atk|1
|-boost|p2a: Gastrodon|def|1
|
|-damage|p2a: Gastrodon|68/100 psn|[from] psn
|upkeep
|turn|63
|
|t:|1663688903
|move|p1a: Chaos|Night Shade|p2a: Gastrodon
|-damage|p2a: Gastrodon|44/100 psn
|move|p2a: Gastrodon|Scald||[still]
|-damage|p1a: Chaos|84/100
|-status|p1a: Chaos|brn
|-activate|p1a: Chaos|ability: Synchronize
|-fail|p1a: Chaos
|
|-heal|p1a: Chaos|90/100 brn|[from] item: Leftovers
|-damage|p2a: Gastrodon|32/100 psn|[from] psn
|-damage|p1a: Chaos|84/100 brn|[from] brn
|upkeep
|turn|64
|
|t:|1663688910
|switch|p2a: Clefable|Clefable, F|81/100 psn
|move|p1a: Chaos|Taunt|p2a: Clefable
|-start|p2a: Clefable|move: Taunt
|
|-heal|p1a: Chaos|90/100 brn|[from] item: Leftovers
|-heal|p2a: Clefable|87/100 psn|[from] item: Leftovers
|-damage|p1a: Chaos|84/100 brn|[from] brn
|upkeep
|turn|65
|
|t:|1663688914
|move|p1a: Chaos|Knock Off|p2a: Clefable
|-resisted|p2a: Clefable
|-damage|p2a: Clefable|82/100 psn
|-enditem|p2a: Clefable|Leftovers|[from] move: Knock Off|[of] p1a: Chaos
|move|p2a: Clefable|Knock Off|p1a: Chaos
|-supereffective|p1a: Chaos
|-damage|p1a: Chaos|60/100 brn
|-enditem|p1a: Chaos|Leftovers|[from] move: Knock Off|[of] p2a: Clefable
|
|-damage|p1a: Chaos|53/100 brn|[from] brn
|upkeep
|turn|66
|
|t:|1663688916
|move|p1a: Chaos|Night Shade|p2a: Clefable
|-damage|p2a: Clefable|56/100 psn
|move|p2a: Clefable|Moonblast|p1a: Chaos
|-damage|p1a: Chaos|33/100 brn
|
|-damage|p1a: Chaos|27/100 brn|[from] brn
|-end|p2a: Clefable|move: Taunt
|upkeep
|turn|67
|
|t:|1663688920
|move|p1a: Chaos|Roost|p1a: Chaos
|-heal|p1a: Chaos|77/100 brn
|-singleturn|p1a: Chaos|move: Roost
|move|p2a: Clefable|Stealth Rock|p1a: Chaos
|-sidestart|p1: return nirvana|move: Stealth Rock
|
|-damage|p1a: Chaos|71/100 brn|[from] brn
|upkeep
|turn|68
|
|t:|1663688922
|move|p1a: Chaos|Taunt|p2a: Clefable
|-start|p2a: Clefable|move: Taunt
|move|p2a: Clefable|Moonblast|p1a: Chaos
|-damage|p1a: Chaos|53/100 brn
|
|-damage|p1a: Chaos|47/100 brn|[from] brn
|upkeep
|turn|69
|
|t:|1663688924
|move|p1a: Chaos|Night Shade|p2a: Clefable
|-damage|p2a: Clefable|31/100 psn
|move|p2a: Clefable|Moonblast|p1a: Chaos
|-damage|p1a: Chaos|26/100 brn
|
|-damage|p1a: Chaos|20/100 brn|[from] brn
|upkeep
|turn|70
|
|t:|1663688926
|move|p1a: Chaos|Roost|p1a: Chaos
|-heal|p1a: Chaos|70/100 brn
|-singleturn|p1a: Chaos|move: Roost
|move|p2a: Clefable|Moonblast|p1a: Chaos
|-damage|p1a: Chaos|49/100 brn
|-unboost|p1a: Chaos|spa|1
|
|-damage|p1a: Chaos|43/100 brn|[from] brn
|-end|p2a: Clefable|move: Taunt
|upkeep
|turn|71
|
|t:|1663688929
|move|p1a: Chaos|Taunt|p2a: Clefable
|-start|p2a: Clefable|move: Taunt
|cant|p2a: Clefable|move: Taunt|Soft-Boiled
|
|-damage|p1a: Chaos|37/100 brn|[from] brn
|upkeep
|turn|72
|
|t:|1663688931
|move|p1a: Chaos|Roost|p1a: Chaos
|-heal|p1a: Chaos|87/100 brn
|-singleturn|p1a: Chaos|move: Roost
|move|p2a: Clefable|Moonblast|p1a: Chaos
|-damage|p1a: Chaos|67/100 brn
|-unboost|p1a: Chaos|spa|1
|
|-damage|p1a: Chaos|61/100 brn|[from] brn
|upkeep
|turn|73
|
|t:|1663688933
|move|p1a: Chaos|Night Shade|p2a: Clefable
|-damage|p2a: Clefable|6/100 psn
|move|p2a: Clefable|Moonblast|p1a: Chaos
|-damage|p1a: Chaos|41/100 brn
|
|-damage|p1a: Chaos|35/100 brn|[from] brn
|-end|p2a: Clefable|move: Taunt
|upkeep
|turn|74
|
|t:|1663688935
|move|p1a: Chaos|Night Shade|p2a: Clefable
|-damage|p2a: Clefable|0 fnt
|faint|p2a: Clefable
|
|-damage|p1a: Chaos|29/100 brn|[from] brn
|upkeep
|
|t:|1663688937
|switch|p2a: Gastrodon|Gastrodon, M|32/100 psn
|-damage|p2a: Gastrodon|19/100 psn|[from] Spikes
|turn|75
|
|t:|1663688939
|move|p1a: Chaos|Night Shade|p2a: Gastrodon
|-damage|p2a: Gastrodon|0 fnt
|faint|p2a: Gastrodon
|
|win|return nirvana
|n|☆return nirvana|returnnirvana
|n|☆eelektrik funeral|eelektrikfuneral
|n| immaboogengar|immaboogengar
|n| PYUKUMUKU GURU|pyukumukuguru
|n| Sww-Suwa|swwsuwa
|n| notazigzagoon|notazigzagoon
|n| sufys12|sufys12
|n| yeshahr|yeshahr
|n| handsoapy|handsoapy
|n| Mon cappuccino|moncappuccino
|n| SkipTheDripBayless|skipthedripbayless
|n| Billaboom|billaboom
|n| Nazgrel!~♡|nazgrel
|n| Kisses mwah|kissesmwah
|n| AlIoutdragadarts|alioutdragadarts
|n| 2006M|2006m
|n| glutexos|glutexos
|n| not mishmesh|notmishmesh
|n| Seldon Fanatic|seldonfanatic
