|raw|<div class="broadcast-blue"><strong>This battle is required to be public due to a player having a name starting with 'lt93oq'.</div>
|j|☆LT93OQ Harshal
|j|☆ripreckful
|t:|1660978694
|gametype|singles
|player|p1|LT93OQ Harshal|ethan|1921
|player|p2|ripreckful|hilbert|1921
|teamsize|p1|6
|teamsize|p2|6
|gen|8
|tier|[Gen 8] OU
|rated|
|rule|Sleep Clause Mod: Limit one foe put to sleep
|rule|Species Clause: Limit one of each Pokémon
|rule|OHKO Clause: OHKO moves are banned
|rule|Evasion Items Clause: Evasion items are banned
|rule|Evasion Moves Clause: Evasion moves are banned
|rule|Endless Battle Clause: Forcing endless battles is banned
|rule|HP Percentage Mod: HP is shown in percentages
|rule|Dynamax Clause: You cannot dynamax
|clearpoke
|poke|p1|Tyranitar, F|
|poke|p1|Buzzwole|
|poke|p1|Excadrill, M|
|poke|p1|Slowbro, F|
|poke|p1|Tornadus-Therian, M|
|poke|p1|Ferrothorn, F|
|poke|p2|Landorus-Therian, M|
|poke|p2|Melmetal|
|poke|p2|Zapdos|
|poke|p2|Urshifu-*, F|
|poke|p2|Tapu Lele|
|poke|p2|Dragapult, F|
|teampreview
|inactive|Battle timer is ON: inactive players will automatically lose when time's up. (requested by LT93OQ Harshal)
|inactive|ripreckful also wants the timer to be on.
|j| hamiltonion
|j| lt93oq fenomeno
|inactive|ripreckful has 120 seconds left.
|
|t:|1660978741
|start
|switch|p1a: Tornadus|Tornadus-Therian, M|100/100
|switch|p2a: Zapdos|Zapdos|100/100
|turn|1
|
|t:|1660978748
|move|p1a: Tornadus|Knock Off|p2a: Zapdos
|-damage|p2a: Zapdos|84/100
|-enditem|p2a: Zapdos|Heavy-Duty Boots|[from] move: Knock Off|[of] p1a: Tornadus
|move|p2a: Zapdos|Volt Switch|p1a: Tornadus
|-supereffective|p1a: Tornadus
|-damage|p1a: Tornadus|27/100
|
|t:|1660978756
|switch|p2a: Urshifu|Urshifu-Rapid-Strike, F|100/100|[from]move: Volt Switch
|
|upkeep
|turn|2
|j| Teletubby Watcher
|
|t:|1660978768
|switch|p1a: Slowbro|Slowbro, F|100/100
|move|p2a: Urshifu|U-turn|p1a: Slowbro
|-supereffective|p1a: Slowbro
|-damage|p1a: Slowbro|59/100
|-enditem|p1a: Slowbro|Eject Button
|
|t:|1660978778
|switch|p1a: Buzzwole|Buzzwole|100/100
|
|upkeep
|turn|3
|
|t:|1660978782
|move|p2a: Urshifu|U-turn|p1a: Buzzwole
|-resisted|p1a: Buzzwole
|-damage|p1a: Buzzwole|88/100
|
|t:|1660978784
|switch|p2a: Dragapult|Dragapult, F|100/100|[from]move: U-turn
|move|p1a: Buzzwole|Ice Punch|p2a: Dragapult
|-supereffective|p2a: Dragapult
|-damage|p2a: Dragapult|0 fnt
|faint|p2a: Dragapult
|-ability|p1a: Buzzwole|Beast Boost|boost
|-boost|p1a: Buzzwole|atk|1
|
|upkeep
|
|t:|1660978788
|switch|p2a: Tapu Lele|Tapu Lele|100/100
|-fieldstart|move: Psychic Terrain|[from] ability: Psychic Surge|[of] p2a: Tapu Lele
|turn|4
|
|t:|1660978796
|switch|p1a: Ferrothorn|Ferrothorn, F|100/100
|move|p2a: Tapu Lele|Future Sight|p1a: Ferrothorn
|-start|p2a: Tapu Lele|move: Future Sight
|
|upkeep
|turn|5
|
|t:|1660978802
|switch|p2a: Urshifu|Urshifu-Rapid-Strike, F|100/100
|switch|p1a: Tyranitar|Tyranitar, F|100/100
|-weather|Sandstorm|[from] ability: Sand Stream|[of] p1a: Tyranitar
|
|-weather|Sandstorm|[upkeep]
|-damage|p2a: Urshifu|94/100|[from] Sandstorm
|upkeep
|turn|6
|j| LT93OQ Lio
|
|t:|1660978814
|switch|p1a: Slowbro|Slowbro, F|93/100
|move|p2a: Urshifu|U-turn|p1a: Slowbro
|-supereffective|p1a: Slowbro
|-damage|p1a: Slowbro|47/100
|
|t:|1660978817
|switch|p2a: Zapdos|Zapdos|84/100|[from]move: U-turn
|
|-weather|Sandstorm|[upkeep]
|-damage|p2a: Zapdos|78/100|[from] Sandstorm
|-damage|p1a: Slowbro|41/100|[from] Sandstorm
|-end|p1a: Slowbro|move: Future Sight
|-resisted|p1a: Slowbro
|-damage|p1a: Slowbro|0 fnt
|faint|p1a: Slowbro
|upkeep
|
|t:|1660978821
|switch|p1a: Tyranitar|Tyranitar, F|100/100
|turn|7
|
|t:|1660978825
|switch|p2a: Urshifu|Urshifu-Rapid-Strike, F|94/100
|move|p1a: Tyranitar|Stealth Rock|p2a: Urshifu
|-sidestart|p2: ripreckful|move: Stealth Rock
|
|-weather|Sandstorm|[upkeep]
|-damage|p2a: Urshifu|88/100|[from] Sandstorm
|upkeep
|turn|8
|
|t:|1660978833
|switch|p1a: Ferrothorn|Ferrothorn, F|100/100
|move|p2a: Urshifu|Close Combat|p1a: Ferrothorn
|-supereffective|p1a: Ferrothorn
|-damage|p1a: Ferrothorn|0 fnt
|-unboost|p2a: Urshifu|def|1
|-unboost|p2a: Urshifu|spd|1
|-damage|p2a: Urshifu|76/100|[from] ability: Iron Barbs|[of] p1a: Ferrothorn
|faint|p1a: Ferrothorn
|
|-weather|Sandstorm|[upkeep]
|-damage|p2a: Urshifu|70/100|[from] Sandstorm
|-fieldend|move: Psychic Terrain
|upkeep
|
|t:|1660978839
|switch|p1a: Buzzwole|Buzzwole|88/100
|turn|9
|
|t:|1660978845
|switch|p2a: Melmetal|Melmetal|100/100
|-damage|p2a: Melmetal|94/100|[from] Stealth Rock
|move|p1a: Buzzwole|Ice Punch|p2a: Melmetal
|-resisted|p2a: Melmetal
|-damage|p2a: Melmetal|80/100
|
|-weather|none
|-heal|p2a: Melmetal|86/100|[from] item: Leftovers
|upkeep
|turn|10
|
|t:|1660978852
|switch|p1a: Excadrill|Excadrill, M|100/100
|move|p2a: Melmetal|Earthquake|p1a: Excadrill
|-supereffective|p1a: Excadrill
|-damage|p1a: Excadrill|0 fnt
|faint|p1a: Excadrill
|
|-heal|p2a: Melmetal|92/100|[from] item: Leftovers
|upkeep
|
|t:|1660978856
|switch|p1a: Buzzwole|Buzzwole|88/100
|turn|11
|
|t:|1660978862
|move|p2a: Melmetal|Protect|p2a: Melmetal
|-singleturn|p2a: Melmetal|Protect
|move|p1a: Buzzwole|Close Combat|p2a: Melmetal
|-activate|p2a: Melmetal|move: Protect
|
|-heal|p2a: Melmetal|99/100|[from] item: Leftovers
|upkeep
|turn|12
|
|t:|1660978867
|switch|p2a: Landorus|Landorus-Therian, M|100/100
|-damage|p2a: Landorus|88/100|[from] Stealth Rock
|-ability|p2a: Landorus|Intimidate|boost
|-unboost|p1a: Buzzwole|atk|1
|move|p1a: Buzzwole|Close Combat|p2a: Landorus
|-resisted|p2a: Landorus
|-damage|p2a: Landorus|55/100
|-unboost|p1a: Buzzwole|def|1
|-unboost|p1a: Buzzwole|spd|1
|
|-heal|p2a: Landorus|61/100|[from] item: Leftovers
|upkeep
|turn|13
|
|t:|1660978870
|move|p1a: Buzzwole|Close Combat|p2a: Landorus
|-resisted|p2a: Landorus
|-damage|p2a: Landorus|26/100
|-unboost|p1a: Buzzwole|def|1
|-unboost|p1a: Buzzwole|spd|1
|move|p2a: Landorus|Stealth Rock|p1a: Buzzwole
|-sidestart|p1: LT93OQ Harshal|move: Stealth Rock
|
|-heal|p2a: Landorus|32/100|[from] item: Leftovers
|upkeep
|turn|14
|j| LT93OQ Gray
|
|t:|1660978877
|switch|p2a: Zapdos|Zapdos|78/100
|-damage|p2a: Zapdos|53/100|[from] Stealth Rock
|move|p1a: Buzzwole|Close Combat|p2a: Zapdos
|-resisted|p2a: Zapdos
|-damage|p2a: Zapdos|27/100
|-unboost|p1a: Buzzwole|def|1
|-unboost|p1a: Buzzwole|spd|1
|
|upkeep
|turn|15
|j| impromptubossbatle
|
|t:|1660978880
|move|p1a: Buzzwole|Close Combat|p2a: Zapdos
|-resisted|p2a: Zapdos
|-damage|p2a: Zapdos|0 fnt
|-unboost|p1a: Buzzwole|def|1
|-unboost|p1a: Buzzwole|spd|1
|faint|p2a: Zapdos
|-ability|p1a: Buzzwole|Beast Boost|boost
|-boost|p1a: Buzzwole|atk|1
|
|upkeep
|j| The art of
|
|t:|1660978881
|switch|p2a: Tapu Lele|Tapu Lele|100/100
|-damage|p2a: Tapu Lele|88/100|[from] Stealth Rock
|-fieldstart|move: Psychic Terrain|[from] ability: Psychic Surge|[of] p2a: Tapu Lele
|turn|16
|
|t:|1660978886
|switch|p1a: Tyranitar|Tyranitar, F|100/100
|-damage|p1a: Tyranitar|88/100|[from] Stealth Rock
|-weather|Sandstorm|[from] ability: Sand Stream|[of] p1a: Tyranitar
|move|p2a: Tapu Lele|Moonblast|p1a: Tyranitar
|-supereffective|p1a: Tyranitar
|-damage|p1a: Tyranitar|25/100
|
|-weather|Sandstorm|[upkeep]
|-damage|p2a: Tapu Lele|82/100|[from] Sandstorm
|-heal|p1a: Tyranitar|31/100|[from] item: Leftovers
|upkeep
|turn|17
|
|t:|1660978889
|move|p2a: Tapu Lele|Moonblast|p1a: Tyranitar
|-supereffective|p1a: Tyranitar
|-damage|p1a: Tyranitar|0 fnt
|faint|p1a: Tyranitar
|
|-weather|Sandstorm|[upkeep]
|-damage|p2a: Tapu Lele|76/100|[from] Sandstorm
|upkeep
|
|t:|1660978891
|switch|p1a: Tornadus|Tornadus-Therian, M|60/100
|turn|18
|j| pokegamer666
|
|t:|1660978901
|switch|p2a: Urshifu|Urshifu-Rapid-Strike, F|70/100
|-damage|p2a: Urshifu|64/100|[from] Stealth Rock
|move|p1a: Tornadus|U-turn|p2a: Urshifu
|-resisted|p2a: Urshifu
|-damage|p2a: Urshifu|57/100
|
|t:|1660978904
|switch|p1a: Buzzwole|Buzzwole|88/100|[from]move: U-turn
|-damage|p1a: Buzzwole|76/100|[from] Stealth Rock
|
|-weather|Sandstorm|[upkeep]
|-damage|p2a: Urshifu|50/100|[from] Sandstorm
|-damage|p1a: Buzzwole|70/100|[from] Sandstorm
|upkeep
|turn|19
|
|t:|1660978913
|move|p2a: Urshifu|Surging Strikes|p1a: Buzzwole
|-crit|p1a: Buzzwole
|-damage|p1a: Buzzwole|50/100
|-crit|p1a: Buzzwole
|-damage|p1a: Buzzwole|30/100
|-crit|p1a: Buzzwole
|-damage|p1a: Buzzwole|7/100
|-hitcount|p1a: Buzzwole|3
|move|p1a: Buzzwole|Close Combat|p2a: Urshifu
|-damage|p2a: Urshifu|0 fnt
|-unboost|p1a: Buzzwole|def|1
|-unboost|p1a: Buzzwole|spd|1
|faint|p2a: Urshifu
|-ability|p1a: Buzzwole|Beast Boost|boost
|-boost|p1a: Buzzwole|atk|1
|
|-weather|Sandstorm|[upkeep]
|-damage|p1a: Buzzwole|0 fnt|[from] Sandstorm
|faint|p1a: Buzzwole
|upkeep
|c|☆ripreckful|gg
|
|t:|1660978919
|switch|p2a: Melmetal|Melmetal|99/100
|switch|p1a: Tornadus|Tornadus-Therian, M|93/100
|-damage|p2a: Melmetal|92/100|[from] Stealth Rock
|turn|20
|
|t:|1660978922
|move|p1a: Tornadus|Hurricane|p2a: Melmetal
|-resisted|p2a: Melmetal
|-damage|p2a: Melmetal|74/100
|-start|p2a: Melmetal|confusion
|-activate|p2a: Melmetal|confusion
|move|p2a: Melmetal|Double Iron Bash|p1a: Tornadus
|-damage|p1a: Tornadus|49/100
|-damage|p1a: Tornadus|2/100
|-hitcount|p1a: Tornadus|2
|
|-weather|none
|-heal|p2a: Melmetal|80/100|[from] item: Leftovers
|-fieldend|move: Psychic Terrain
|upkeep
|turn|21
|
|t:|1660978929
|move|p1a: Tornadus|Heat Wave|p2a: Melmetal
|-supereffective|p2a: Melmetal
|-damage|p2a: Melmetal|35/100
|-activate|p2a: Melmetal|confusion
|move|p2a: Melmetal|Double Iron Bash|p1a: Tornadus
|-damage|p1a: Tornadus|0 fnt
|faint|p1a: Tornadus
|-hitcount|p1: Tornadus|1
|
|win|ripreckful
|raw|LT93OQ Harshal's rating: 1921 &rarr; <strong>1901</strong><br />(-20 for losing)
|raw|ripreckful's rating: 1921 &rarr; <strong>1941</strong><br />(+20 for winning)
|c|☆LT93OQ Harshal|gg
|j| Dazzlingtogekisses
|l| pokegamer666
|l|☆LT93OQ Harshal
|l| impromptubossbatle
|l| Dazzlingtogekisses
|l| Teletubby Watcher
|j| MANNAT
|l| The art of
|l|☆ripreckful
