|j|☆ferromolybdenum
|j|☆i hate games
|player|p1|ferromolybdenum|lucas|1593
|player|p2|i hate games|blackbelt-gen4dp|1435
|teamsize|p1|6
|teamsize|p2|6
|gametype|singles
|gen|8
|tier|[Gen 8] OU
|rated|
|html|<div class="broadcast-red"><strong>OU is currently suspecting Melmetal! For information on how to participate check out the <a href="https://www.smogon.com/forums/threads/3662190/">suspect thread</a>.</strong></div>
|clearpoke
|poke|p1|Melmetal|
|poke|p1|Dragapult, M|
|poke|p1|Clefable, F|
|poke|p1|Kyurem|
|poke|p1|Seismitoad, F|
|poke|p1|Corviknight, F|
|poke|p2|Kyurem|
|poke|p2|Clefable, F|
|poke|p2|Corviknight, F|
|poke|p2|Toxapex, M|
|poke|p2|Hippowdon, M|
|poke|p2|Excadrill, M|
|rule|Sleep Clause Mod: Limit one foe put to sleep
|rule|Species Clause: Limit one of each Pokémon
|rule|OHKO Clause: OHKO moves are banned
|rule|Evasion Moves Clause: Evasion moves are banned
|rule|Endless Battle Clause: Forcing endless battles is banned
|rule|HP Percentage Mod: HP is shown in percentages
|rule|Dynamax Clause: You cannot dynamax
|teampreview
|inactive|Battle timer is ON: inactive players will automatically lose when time's up. (requested by i hate games)
|
|start
|switch|p1a: Kyurem|Kyurem|100/100
|switch|p2a: Kyurem|Kyurem|100/100
|-ability|p1a: Kyurem|Pressure
|-ability|p2a: Kyurem|Pressure
|turn|1
|inactive|ferromolybdenum has 120 seconds left.
|
|switch|p1a: Corviknight|Corviknight, F|100/100
|-ability|p1a: Corviknight|Pressure
|move|p2a: Kyurem|Draco Meteor|p1a: Corviknight
|-resisted|p1a: Corviknight
|-damage|p1a: Corviknight|61/100
|-unboost|p2a: Kyurem|spa|2
|
|-heal|p1a: Corviknight|67/100|[from] item: Leftovers
|upkeep
|turn|2
|
|switch|p2a: Corviknight|Corviknight, F|100/100
|-ability|p2a: Corviknight|Pressure
|move|p1a: Corviknight|Body Press|p2a: Corviknight
|-damage|p2a: Corviknight|82/100
|
|-heal|p1a: Corviknight|73/100|[from] item: Leftovers
|-heal|p2a: Corviknight|89/100|[from] item: Leftovers
|upkeep
|turn|3
|
|move|p1a: Corviknight|U-turn|p2a: Corviknight
|-resisted|p2a: Corviknight
|-damage|p2a: Corviknight|86/100
|
|switch|p1a: Melmetal|Melmetal|100/100|[from]move: U-turn
|move|p2a: Corviknight|U-turn|p1a: Melmetal
|-resisted|p1a: Melmetal
|-damage|p1a: Melmetal|96/100
|
|switch|p2a: Hippowdon|Hippowdon, M|100/100|[from]move: U-turn
|-weather|Sandstorm|[from] ability: Sand Stream|[of] p2a: Hippowdon
|
|-weather|Sandstorm|[upkeep]
|upkeep
|turn|4
|
|move|p1a: Melmetal|Double Iron Bash|p2a: Hippowdon
|-damage|p2a: Hippowdon|67/100
|-damage|p1a: Melmetal|80/100|[from] item: Rocky Helmet|[of] p2a: Hippowdon
|-damage|p2a: Hippowdon|32/100
|-damage|p1a: Melmetal|63/100|[from] item: Rocky Helmet|[of] p2a: Hippowdon
|-hitcount|p2a: Hippowdon|2
|move|p2a: Hippowdon|Stealth Rock|p1a: Melmetal
|-sidestart|p1: ferromolybdenum|move: Stealth Rock
|
|-weather|Sandstorm|[upkeep]
|upkeep
|turn|5
|
|switch|p2a: Toxapex|Toxapex, M|100/100
|move|p1a: Melmetal|Double Iron Bash|p2a: Toxapex
|-resisted|p2a: Toxapex
|-damage|p2a: Toxapex|80/100
|-resisted|p2a: Toxapex
|-damage|p2a: Toxapex|61/100
|-hitcount|p2a: Toxapex|2
|
|-weather|Sandstorm|[upkeep]
|-damage|p2a: Toxapex|55/100|[from] Sandstorm
|-heal|p2a: Toxapex|61/100|[from] item: Black Sludge
|upkeep
|turn|6
|
|move|p1a: Melmetal|Double Iron Bash|p2a: Toxapex
|-resisted|p2a: Toxapex
|-damage|p2a: Toxapex|43/100
|-resisted|p2a: Toxapex
|-damage|p2a: Toxapex|24/100
|-hitcount|p2a: Toxapex|2
|cant|p2a: Toxapex|flinch
|
|-weather|Sandstorm|[upkeep]
|-damage|p2a: Toxapex|18/100|[from] Sandstorm
|-heal|p2a: Toxapex|24/100|[from] item: Black Sludge
|upkeep
|turn|7
|
|switch|p2a: Corviknight|Corviknight, F|86/100
|-ability|p2a: Corviknight|Pressure
|move|p1a: Melmetal|Double Iron Bash|p2a: Corviknight
|-resisted|p2a: Corviknight
|-damage|p2a: Corviknight|57/100
|-resisted|p2a: Corviknight
|-damage|p2a: Corviknight|28/100
|-hitcount|p2a: Corviknight|2
|
|-weather|none
|-heal|p2a: Corviknight|34/100|[from] item: Leftovers
|upkeep
|turn|8
|
|switch|p2a: Hippowdon|Hippowdon, M|32/100
|-weather|Sandstorm|[from] ability: Sand Stream|[of] p2a: Hippowdon
|move|p1a: Melmetal|Double Iron Bash|p2a: Hippowdon
|-damage|p2a: Hippowdon|0 fnt
|-damage|p1a: Melmetal|46/100|[from] item: Rocky Helmet|[of] p2a: Hippowdon
|-hitcount|p2a: Hippowdon|1
|faint|p2a: Hippowdon
|
|-weather|Sandstorm|[upkeep]
|upkeep
|
|switch|p2a: Excadrill|Excadrill, M|100/100
|turn|9
|
|switch|p1a: Corviknight|Corviknight, F|73/100
|-damage|p1a: Corviknight|61/100|[from] Stealth Rock
|-ability|p1a: Corviknight|Pressure
|move|p2a: Excadrill|Earthquake|p1a: Corviknight
|-immune|p1a: Corviknight
|
|-weather|Sandstorm|[upkeep]
|-heal|p1a: Corviknight|67/100|[from] item: Leftovers
|upkeep
|turn|10
|
|move|p2a: Excadrill|Swords Dance|p2a: Excadrill
|-boost|p2a: Excadrill|atk|2
|move|p1a: Corviknight|Defog|p2a: Excadrill
|-unboost|p2a: Excadrill|evasion|1
|-sideend|p1: ferromolybdenum|Stealth Rock|[from] move: Defog|[of] p1a: Corviknight
|
|-weather|Sandstorm|[upkeep]
|-heal|p1a: Corviknight|73/100|[from] item: Leftovers
|upkeep
|turn|11
|
|move|p2a: Excadrill|Swords Dance|p2a: Excadrill
|-boost|p2a: Excadrill|atk|2
|move|p1a: Corviknight|Body Press|p2a: Excadrill
|-supereffective|p2a: Excadrill
|-damage|p2a: Excadrill|36/100
|
|-weather|Sandstorm|[upkeep]
|-heal|p2a: Excadrill|42/100|[from] item: Leftovers
|-heal|p1a: Corviknight|80/100|[from] item: Leftovers
|upkeep
|turn|12
|
|move|p2a: Excadrill|Iron Head|p1a: Corviknight
|-resisted|p1a: Corviknight
|-damage|p1a: Corviknight|36/100
|move|p1a: Corviknight|Body Press|p2a: Excadrill
|-supereffective|p2a: Excadrill
|-damage|p2a: Excadrill|0 fnt
|faint|p2a: Excadrill
|
|-weather|none
|-heal|p1a: Corviknight|42/100|[from] item: Leftovers
|upkeep
|
|switch|p2a: Kyurem|Kyurem|100/100
|-ability|p2a: Kyurem|Pressure
|turn|13
|
|switch|p1a: Clefable|Clefable, F|100/100
|move|p2a: Kyurem|Ice Beam|p1a: Clefable
|-damage|p1a: Clefable|56/100
|
|-heal|p1a: Clefable|62/100|[from] item: Leftovers
|upkeep
|turn|14
|
|move|p2a: Kyurem|Ice Beam|p1a: Clefable
|-damage|p1a: Clefable|15/100
|move|p1a: Clefable|Wish|p1a: Clefable
|
|-heal|p1a: Clefable|22/100|[from] item: Leftovers
|upkeep
|turn|15
|
|move|p1a: Clefable|Protect|p1a: Clefable
|-singleturn|p1a: Clefable|Protect
|move|p2a: Kyurem|Ice Beam|p1a: Clefable
|-activate|p1a: Clefable|move: Protect
|
|-heal|p1a: Clefable|72/100|[from] move: Wish|[wisher] Clefable
|-heal|p1a: Clefable|78/100|[from] item: Leftovers
|upkeep
|turn|16
|
|switch|p2a: Corviknight|Corviknight, F|34/100
|-ability|p2a: Corviknight|Pressure
|move|p1a: Clefable|Wish|p1a: Clefable
|
|-heal|p2a: Corviknight|40/100|[from] item: Leftovers
|-heal|p1a: Clefable|84/100|[from] item: Leftovers
|upkeep
|turn|17
|
|move|p2a: Corviknight|Roost|p2a: Corviknight
|-heal|p2a: Corviknight|90/100
|-singleturn|p2a: Corviknight|move: Roost
|move|p1a: Clefable|Teleport|p1a: Clefable
|
|switch|p1a: Melmetal|Melmetal|46/100|[from]move: Teleport
|
|-heal|p1a: Melmetal|94/100|[from] move: Wish|[wisher] Clefable
|-heal|p2a: Corviknight|97/100|[from] item: Leftovers
|upkeep
|turn|18
|
|move|p2a: Corviknight|U-turn|p1a: Melmetal
|-resisted|p1a: Melmetal
|-damage|p1a: Melmetal|90/100
|
|switch|p2a: Toxapex|Toxapex, M|57/100|[from]move: U-turn
|move|p1a: Melmetal|Thunder Punch|p2a: Toxapex
|-supereffective|p2a: Toxapex
|-damage|p2a: Toxapex|0 fnt
|faint|p2a: Toxapex
|
|upkeep
|
|switch|p2a: Kyurem|Kyurem|100/100
|-ability|p2a: Kyurem|Pressure
|turn|19
|
|switch|p1a: Clefable|Clefable, F|84/100
|move|p2a: Kyurem|Earth Power|p1a: Clefable
|-damage|p1a: Clefable|53/100
|
|-heal|p1a: Clefable|59/100|[from] item: Leftovers
|upkeep
|turn|20
|
|switch|p2a: Corviknight|Corviknight, F|97/100
|-ability|p2a: Corviknight|Pressure
|move|p1a: Clefable|Wish|p1a: Clefable
|
|-heal|p2a: Corviknight|100/100|[from] item: Leftovers
|-heal|p1a: Clefable|65/100|[from] item: Leftovers
|upkeep
|turn|21
|
|move|p1a: Clefable|Protect|p1a: Clefable
|-singleturn|p1a: Clefable|Protect
|move|p2a: Corviknight|Iron Head|p1a: Clefable
|-activate|p1a: Clefable|move: Protect
|
|-heal|p1a: Clefable|100/100|[from] move: Wish|[wisher] Clefable
|upkeep
|turn|22
|
|switch|p1a: Corviknight|Corviknight, F|42/100
|-ability|p1a: Corviknight|Pressure
|move|p2a: Corviknight|Iron Head|p1a: Corviknight
|-resisted|p1a: Corviknight
|-damage|p1a: Corviknight|34/100
|
|-heal|p1a: Corviknight|40/100|[from] item: Leftovers
|upkeep
|turn|23
|
|move|p1a: Corviknight|Roost|p1a: Corviknight
|-heal|p1a: Corviknight|90/100
|-singleturn|p1a: Corviknight|move: Roost
|move|p2a: Corviknight|U-turn|p1a: Corviknight
|-resisted|p1a: Corviknight
|-damage|p1a: Corviknight|85/100
|
|switch|p2a: Kyurem|Kyurem|100/100|[from]move: U-turn
|-ability|p2a: Kyurem|Pressure
|
|-heal|p1a: Corviknight|92/100|[from] item: Leftovers
|upkeep
|turn|24
|
|move|p2a: Kyurem|Ice Beam|p1a: Corviknight
|-damage|p1a: Corviknight|35/100
|move|p1a: Corviknight|Roost|p1a: Corviknight
|-heal|p1a: Corviknight|85/100
|-singleturn|p1a: Corviknight|move: Roost
|
|-heal|p1a: Corviknight|91/100|[from] item: Leftovers
|upkeep
|turn|25
|
|move|p2a: Kyurem|Ice Beam|p1a: Corviknight
|-damage|p1a: Corviknight|34/100
|move|p1a: Corviknight|Roost|p1a: Corviknight
|-heal|p1a: Corviknight|84/100
|-singleturn|p1a: Corviknight|move: Roost
|
|-heal|p1a: Corviknight|90/100|[from] item: Leftovers
|upkeep
|turn|26
|
|move|p2a: Kyurem|Ice Beam|p1a: Corviknight
|-damage|p1a: Corviknight|33/100
|move|p1a: Corviknight|Roost|p1a: Corviknight
|-heal|p1a: Corviknight|83/100
|-singleturn|p1a: Corviknight|move: Roost
|
|-heal|p1a: Corviknight|89/100|[from] item: Leftovers
|upkeep
|turn|27
|
|move|p2a: Kyurem|Ice Beam|p1a: Corviknight
|-damage|p1a: Corviknight|24/100
|move|p1a: Corviknight|Roost|p1a: Corviknight
|-heal|p1a: Corviknight|74/100
|-singleturn|p1a: Corviknight|move: Roost
|
|-heal|p1a: Corviknight|80/100|[from] item: Leftovers
|upkeep
|turn|28
|
|move|p2a: Kyurem|Ice Beam|p1a: Corviknight
|-damage|p1a: Corviknight|24/100
|move|p1a: Corviknight|Roost|p1a: Corviknight
|-heal|p1a: Corviknight|74/100
|-singleturn|p1a: Corviknight|move: Roost
|
|-heal|p1a: Corviknight|80/100|[from] item: Leftovers
|upkeep
|turn|29
|
|move|p2a: Kyurem|Ice Beam|p1a: Corviknight
|-damage|p1a: Corviknight|23/100
|move|p1a: Corviknight|Roost|p1a: Corviknight
|-heal|p1a: Corviknight|73/100
|-singleturn|p1a: Corviknight|move: Roost
|
|-heal|p1a: Corviknight|80/100|[from] item: Leftovers
|upkeep
|turn|30
|
|move|p2a: Kyurem|Ice Beam|p1a: Corviknight
|-damage|p1a: Corviknight|16/100
|-status|p1a: Corviknight|frz
|cant|p1a: Corviknight|frz
|
|-heal|p1a: Corviknight|22/100 frz|[from] item: Leftovers
|upkeep
|turn|31
|
|switch|p2a: Corviknight|Corviknight, F|100/100
|-ability|p2a: Corviknight|Pressure
|cant|p1a: Corviknight|frz
|
|-heal|p1a: Corviknight|28/100 frz|[from] item: Leftovers
|upkeep
|turn|32
|
|cant|p1a: Corviknight|frz
|move|p2a: Corviknight|U-turn|p1a: Corviknight
|-resisted|p1a: Corviknight
|-damage|p1a: Corviknight|26/100 frz
|
|switch|p2a: Kyurem|Kyurem|100/100|[from]move: U-turn
|-ability|p2a: Kyurem|Pressure
|
|-heal|p1a: Corviknight|32/100 frz|[from] item: Leftovers
|upkeep
|turn|33
|
|switch|p1a: Clefable|Clefable, F|100/100
|move|p2a: Kyurem|Freeze-Dry|p1a: Clefable
|-damage|p1a: Clefable|64/100
|
|-heal|p1a: Clefable|70/100|[from] item: Leftovers
|upkeep
|turn|34
|
|switch|p2a: Clefable|Clefable, F|100/100
|move|p1a: Clefable|Wish|p1a: Clefable
|
|-heal|p1a: Clefable|76/100|[from] item: Leftovers
|upkeep
|turn|35
|
|switch|p1a: Corviknight|Corviknight, F|32/100 frz
|-ability|p1a: Corviknight|Pressure
|switch|p2a: Corviknight|Corviknight, F|100/100
|-ability|p2a: Corviknight|Pressure
|
|-heal|p1a: Corviknight|81/100 frz|[from] move: Wish|[wisher] Clefable
|-heal|p1a: Corviknight|87/100 frz|[from] item: Leftovers
|upkeep
|turn|36
|
|cant|p1a: Corviknight|frz
|move|p2a: Corviknight|U-turn|p1a: Corviknight
|-resisted|p1a: Corviknight
|-damage|p1a: Corviknight|85/100 frz
|
|switch|p2a: Kyurem|Kyurem|100/100|[from]move: U-turn
|-ability|p2a: Kyurem|Pressure
|
|-heal|p1a: Corviknight|91/100 frz|[from] item: Leftovers
|upkeep
|turn|37
|
|move|p2a: Kyurem|Freeze-Dry|p1a: Corviknight
|-damage|p1a: Corviknight|48/100 frz
|cant|p1a: Corviknight|frz
|
|-heal|p1a: Corviknight|54/100 frz|[from] item: Leftovers
|upkeep
|turn|38
|
|switch|p1a: Clefable|Clefable, F|76/100
|move|p2a: Kyurem|Freeze-Dry|p1a: Clefable
|-crit|p1a: Clefable
|-damage|p1a: Clefable|20/100
|
|-heal|p1a: Clefable|26/100|[from] item: Leftovers
|upkeep
|turn|39
|
|move|p1a: Clefable|Protect|p1a: Clefable
|-singleturn|p1a: Clefable|Protect
|move|p2a: Kyurem|Freeze-Dry|p1a: Clefable
|-activate|p1a: Clefable|move: Protect
|
|-heal|p1a: Clefable|32/100|[from] item: Leftovers
|upkeep
|turn|40
|
|switch|p1a: Dragapult|Dragapult, M|100/100
|move|p2a: Kyurem|Freeze-Dry|p1a: Dragapult
|-supereffective|p1a: Dragapult
|-damage|p1a: Dragapult|0 fnt
|faint|p1a: Dragapult
|
|upkeep
|
|switch|p1a: Melmetal|Melmetal|90/100
|turn|41
|
|switch|p2a: Corviknight|Corviknight, F|100/100
|-ability|p2a: Corviknight|Pressure
|move|p1a: Melmetal|Double Iron Bash|p2a: Corviknight
|-resisted|p2a: Corviknight
|-damage|p2a: Corviknight|74/100
|-resisted|p2a: Corviknight
|-damage|p2a: Corviknight|48/100
|-hitcount|p2a: Corviknight|2
|
|-heal|p2a: Corviknight|54/100|[from] item: Leftovers
|upkeep
|turn|42
|
|switch|p1a: Seismitoad|Seismitoad, F|100/100
|move|p2a: Corviknight|Roost|p2a: Corviknight
|-heal|p2a: Corviknight|100/100
|-singleturn|p2a: Corviknight|move: Roost
|
|upkeep
|turn|43
|
|move|p1a: Seismitoad|Earth Power|p2a: Corviknight
|-immune|p2a: Corviknight
|move|p2a: Corviknight|U-turn|p1a: Seismitoad
|-damage|p1a: Seismitoad|91/100
|
|switch|p2a: Kyurem|Kyurem|100/100|[from]move: U-turn
|-ability|p2a: Kyurem|Pressure
|
|-heal|p1a: Seismitoad|97/100|[from] item: Leftovers
|upkeep
|turn|44
|
|move|p2a: Kyurem|Freeze-Dry|p1a: Seismitoad
|-supereffective|p1a: Seismitoad
|-damage|p1a: Seismitoad|0 fnt
|faint|p1a: Seismitoad
|
|upkeep
|
|switch|p1a: Kyurem|Kyurem|100/100
|-ability|p1a: Kyurem|Pressure
|turn|45
|
|switch|p2a: Clefable|Clefable, F|100/100
|move|p1a: Kyurem|Ice Beam|p2a: Clefable
|-crit|p2a: Clefable
|-damage|p2a: Clefable|28/100
|
|-heal|p2a: Clefable|34/100|[from] item: Leftovers
|upkeep
|turn|46
|
|move|p2a: Clefable|Protect|p2a: Clefable
|-singleturn|p2a: Clefable|Protect
|move|p1a: Kyurem|Ice Beam|p2a: Clefable
|-activate|p2a: Clefable|move: Protect
|
|-heal|p2a: Clefable|40/100|[from] item: Leftovers
|upkeep
|turn|47
|
|switch|p2a: Corviknight|Corviknight, F|100/100
|-ability|p2a: Corviknight|Pressure
|move|p1a: Kyurem|Ice Beam|p2a: Corviknight
|-damage|p2a: Corviknight|51/100
|
|-heal|p2a: Corviknight|57/100|[from] item: Leftovers
|upkeep
|turn|48
|
|move|p1a: Kyurem|Ice Beam|p2a: Corviknight
|-damage|p2a: Corviknight|12/100
|move|p2a: Corviknight|Roost|p2a: Corviknight
|-heal|p2a: Corviknight|62/100
|-singleturn|p2a: Corviknight|move: Roost
|
|-heal|p2a: Corviknight|69/100|[from] item: Leftovers
|upkeep
|turn|49
|
|move|p1a: Kyurem|Ice Beam|p2a: Corviknight
|-damage|p2a: Corviknight|24/100
|move|p2a: Corviknight|Roost|p2a: Corviknight
|-heal|p2a: Corviknight|74/100
|-singleturn|p2a: Corviknight|move: Roost
|
|-heal|p2a: Corviknight|80/100|[from] item: Leftovers
|upkeep
|turn|50
|
|move|p1a: Kyurem|Ice Beam|p2a: Corviknight
|-damage|p2a: Corviknight|31/100
|move|p2a: Corviknight|Roost|p2a: Corviknight
|-heal|p2a: Corviknight|81/100
|-singleturn|p2a: Corviknight|move: Roost
|
|-heal|p2a: Corviknight|87/100|[from] item: Leftovers
|upkeep
|turn|51
|
|switch|p1a: Melmetal|Melmetal|90/100
|move|p2a: Corviknight|Roost|p2a: Corviknight
|-heal|p2a: Corviknight|100/100
|-singleturn|p2a: Corviknight|move: Roost
|
|upkeep
|turn|52
|
|move|p2a: Corviknight|U-turn|p1a: Melmetal
|-resisted|p1a: Melmetal
|-damage|p1a: Melmetal|85/100
|
|switch|p2a: Kyurem|Kyurem|100/100|[from]move: U-turn
|-ability|p2a: Kyurem|Pressure
|move|p1a: Melmetal|Thunder Punch|p2a: Kyurem
|-resisted|p2a: Kyurem
|-damage|p2a: Kyurem|76/100
|
|upkeep
|turn|53
|
|switch|p1a: Corviknight|Corviknight, F|54/100 frz
|-ability|p1a: Corviknight|Pressure
|move|p2a: Kyurem|Freeze-Dry|p1a: Corviknight
|-damage|p1a: Corviknight|8/100 frz
|
|-heal|p1a: Corviknight|15/100 frz|[from] item: Leftovers
|upkeep
|turn|54
|
|move|p2a: Kyurem|Freeze-Dry|p1a: Corviknight
|-damage|p1a: Corviknight|0 fnt
|faint|p1a: Corviknight
|
|upkeep
|
|switch|p1a: Melmetal|Melmetal|85/100
|turn|55
|
|switch|p2a: Corviknight|Corviknight, F|100/100
|-ability|p2a: Corviknight|Pressure
|move|p1a: Melmetal|Superpower|p2a: Corviknight
|-damage|p2a: Corviknight|44/100
|-unboost|p1a: Melmetal|atk|1
|-unboost|p1a: Melmetal|def|1
|
|-heal|p2a: Corviknight|50/100|[from] item: Leftovers
|upkeep
|turn|56
|
|switch|p1a: Kyurem|Kyurem|100/100
|-ability|p1a: Kyurem|Pressure
|move|p2a: Corviknight|Roost|p2a: Corviknight
|-heal|p2a: Corviknight|99/100
|-singleturn|p2a: Corviknight|move: Roost
|
|-heal|p2a: Corviknight|100/100|[from] item: Leftovers
|upkeep
|turn|57
|
|switch|p1a: Melmetal|Melmetal|85/100
|move|p2a: Corviknight|Iron Head|p1a: Melmetal
|-resisted|p1a: Melmetal
|-damage|p1a: Melmetal|78/100
|
|upkeep
|turn|58
|
|move|p2a: Corviknight|Roost||[still]
|-fail|p2a: Corviknight|heal
|move|p1a: Melmetal|Earthquake|p2a: Corviknight
|-immune|p2a: Corviknight
|
|upkeep
|turn|59
|
|move|p2a: Corviknight|U-turn|p1a: Melmetal
|-resisted|p1a: Melmetal
|-damage|p1a: Melmetal|74/100
|
|switch|p2a: Clefable|Clefable, F|40/100|[from]move: U-turn
|move|p1a: Melmetal|Earthquake|p2a: Clefable
|-damage|p2a: Clefable|0 fnt
|faint|p2a: Clefable
|
|upkeep
|
|switch|p2a: Kyurem|Kyurem|76/100
|-ability|p2a: Kyurem|Pressure
|turn|60
|
|move|p2a: Kyurem|Earth Power|p1a: Melmetal
|-supereffective|p1a: Melmetal
|-damage|p1a: Melmetal|0 fnt
|faint|p1a: Melmetal
|
|upkeep
|
|switch|p1a: Clefable|Clefable, F|32/100
|turn|61
|inactive|i hate games has 120 seconds left.
|
|switch|p2a: Corviknight|Corviknight, F|100/100
|-ability|p2a: Corviknight|Pressure
|move|p1a: Clefable|Protect||[still]
|-fail|p1a: Clefable
|
|-heal|p1a: Clefable|38/100|[from] item: Leftovers
|upkeep
|turn|62
|
|move|p1a: Clefable|Protect|p1a: Clefable
|-singleturn|p1a: Clefable|Protect
|move|p2a: Corviknight|Iron Head|p1a: Clefable
|-activate|p1a: Clefable|move: Protect
|
|-heal|p1a: Clefable|44/100|[from] item: Leftovers
|upkeep
|turn|63
|
|switch|p1a: Kyurem|Kyurem|100/100
|-ability|p1a: Kyurem|Pressure
|move|p2a: Corviknight|Iron Head|p1a: Kyurem
|-supereffective|p1a: Kyurem
|-damage|p1a: Kyurem|50/100
|
|upkeep
|turn|64
|
|move|p1a: Kyurem|Ice Beam|p2a: Corviknight
|-damage|p2a: Corviknight|56/100
|move|p2a: Corviknight|Iron Head|p1a: Kyurem
|-supereffective|p1a: Kyurem
|-damage|p1a: Kyurem|6/100
|
|-heal|p2a: Corviknight|62/100|[from] item: Leftovers
|upkeep
|turn|65
|
|move|p1a: Kyurem|Ice Beam|p2a: Corviknight
|-damage|p2a: Corviknight|12/100
|move|p2a: Corviknight|Roost|p2a: Corviknight
|-heal|p2a: Corviknight|62/100
|-singleturn|p2a: Corviknight|move: Roost
|
|-heal|p2a: Corviknight|68/100|[from] item: Leftovers
|upkeep
|turn|66
|
|move|p1a: Kyurem|Ice Beam|p2a: Corviknight
|-damage|p2a: Corviknight|19/100
|move|p2a: Corviknight|Roost|p2a: Corviknight
|-heal|p2a: Corviknight|69/100
|-singleturn|p2a: Corviknight|move: Roost
|
|-heal|p2a: Corviknight|76/100|[from] item: Leftovers
|upkeep
|turn|67
|
|-activate|p1a: Kyurem|move: Struggle
|move|p1a: Kyurem|Struggle|p2a: Corviknight
|-damage|p2a: Corviknight|67/100
|-damage|p1a: Kyurem|0 fnt|[from] recoil
|faint|p1a: Kyurem
|move|p2a: Corviknight|Roost|p2a: Corviknight
|-heal|p2a: Corviknight|100/100
|-singleturn|p2a: Corviknight|move: Roost
|
|upkeep
|-message|ferromolybdenum forfeited.
|
|win|i hate games
|l|☆ferromolybdenum
|raw|ferromolybdenum's rating: 1593 &rarr; <strong>1565</strong><br />(-28 for losing)
|raw|i hate games's rating: 1435 &rarr; <strong>1464</strong><br />(+29 for winning)
