|j|☆LECH24
|j|☆Le-Perpetrator
|t:|1641850097
|gametype|singles
|player|p1|LECH24|102|1593
|player|p2|Le-Perpetrator|1|1622
|teamsize|p1|6
|teamsize|p2|6
|gen|8
|tier|[Gen 8] OU
|rated|
|rule|Sleep Clause Mod: Limit one foe put to sleep
|rule|Species Clause: Limit one of each Pokémon
|rule|OHKO Clause: OHKO moves are banned
|rule|Evasion Moves Clause: Evasion moves are banned
|rule|Endless Battle Clause: Forcing endless battles is banned
|rule|HP Percentage Mod: HP is shown in percentages
|rule|Dynamax Clause: You cannot dynamax
|clearpoke
|poke|p1|Grimmsnarl, M|
|poke|p1|Dragapult, F|
|poke|p1|Bisharp, M|
|poke|p1|Blacephalon|
|poke|p1|Garchomp, M|
|poke|p1|Mew|
|poke|p2|Toxapex, F|
|poke|p2|Ferrothorn, F|
|poke|p2|Hatterene, F|
|poke|p2|Landorus-Therian, M|
|poke|p2|Victini|
|poke|p2|Dragapult, M|
|teampreview
|inactive|Battle timer is ON: inactive players will automatically lose when time's up. (requested by LECH24)
|inactive|Le-Perpetrator has 120 seconds left.
|inactive|Le-Perpetrator has 90 seconds left.
|inactive|Le-Perpetrator has 60 seconds left.
|inactive|Le-Perpetrator has 30 seconds left.
|inactive|Le-Perpetrator has 20 seconds left.
|inactive|Le-Perpetrator has 15 seconds left.
|
|t:|1641850250
|start
|switch|p1a: Blacephalon|Blacephalon|100/100
|switch|p2a: BillieEllish|Landorus-Therian, M|100/100
|-ability|p2a: BillieEllish|Intimidate|boost
|-unboost|p1a: Blacephalon|atk|1
|turn|1
|
|t:|1641850266
|switch|p2a: NastyInsertion|Toxapex, F|100/100
|move|p1a: Blacephalon|Overheat|p2a: NastyInsertion
|-resisted|p2a: NastyInsertion
|-damage|p2a: NastyInsertion|71/100
|-unboost|p1a: Blacephalon|spa|2
|
|-heal|p2a: NastyInsertion|77/100|[from] item: Black Sludge
|upkeep
|turn|2
|
|t:|1641850274
|switch|p1a: Mew|Mew|100/100
|move|p2a: NastyInsertion|Toxic Spikes|p1a: Mew
|-sidestart|p1: LECH24|move: Toxic Spikes
|
|-heal|p2a: NastyInsertion|83/100|[from] item: Black Sludge
|upkeep
|turn|3
|inactive|Le-Perpetrator has 90 seconds left.
|
|t:|1641850287
|switch|p1a: Bisharp|Bisharp, M|100/100
|switch|p2a: Condom|Hatterene, F|100/100
|
|upkeep
|turn|4
|
|t:|1641850296
|switch|p2a: SoftontheInside|Ferrothorn, F|100/100
|move|p1a: Bisharp|Swords Dance|p1a: Bisharp
|-boost|p1a: Bisharp|atk|2
|
|upkeep
|turn|5
|
|t:|1641850304
|move|p1a: Bisharp|Knock Off|p2a: SoftontheInside
|-damage|p2a: SoftontheInside|2/100
|-damage|p1a: Bisharp|88/100|[from] ability: Iron Barbs|[of] p2a: SoftontheInside
|-damage|p1a: Bisharp|72/100|[from] item: Rocky Helmet|[of] p2a: SoftontheInside
|-enditem|p2a: SoftontheInside|Rocky Helmet|[from] move: Knock Off|[of] p1a: Bisharp
|-damage|p1a: Bisharp|62/100|[from] item: Life Orb
|move|p2a: SoftontheInside|Gyro Ball|p1a: Bisharp
|-resisted|p1a: Bisharp
|-damage|p1a: Bisharp|33/100
|
|upkeep
|turn|6
|
|t:|1641850313
|move|p1a: Bisharp|Knock Off|p2a: SoftontheInside
|-damage|p2a: SoftontheInside|0 fnt
|-damage|p1a: Bisharp|20/100|[from] ability: Iron Barbs|[of] p2a: SoftontheInside
|faint|p2a: SoftontheInside
|-damage|p1a: Bisharp|10/100|[from] item: Life Orb
|
|upkeep
|
|t:|1641850330
|switch|p2a: SpankBang|Victini|100/100
|turn|7
|
|t:|1641850337
|move|p1a: Bisharp|Sucker Punch|p2a: SpankBang
|-supereffective|p2a: SpankBang
|-damage|p2a: SpankBang|0 fnt
|faint|p2a: SpankBang
|-damage|p1a: Bisharp|0 fnt|[from] item: Life Orb
|faint|p1a: Bisharp
|
|upkeep
|
|t:|1641850358
|switch|p2a: Condom|Hatterene, F|100/100
|switch|p1a: Grimmsnarl|Grimmsnarl, M|100/100
|-status|p1a: Grimmsnarl|psn
|turn|8
|
|t:|1641850366
|switch|p1a: Blacephalon|Blacephalon|100/100
|-status|p1a: Blacephalon|psn
|move|p2a: Condom|Dazzling Gleam|p1a: Blacephalon
|-resisted|p1a: Blacephalon
|-damage|p1a: Blacephalon|41/100 psn
|
|-damage|p1a: Blacephalon|29/100 psn|[from] psn
|upkeep
|turn|9
|
|t:|1641850374
|switch|p2a: NastyInsertion|Toxapex, F|100/100
|move|p1a: Blacephalon|Trick|p2a: NastyInsertion
|-activate|p1a: Blacephalon|move: Trick|[of] p2a: NastyInsertion
|-item|p2a: NastyInsertion|Choice Scarf|[from] move: Trick
|-item|p1a: Blacephalon|Black Sludge|[from] move: Trick
|
|-damage|p1a: Blacephalon|17/100 psn|[from] item: Black Sludge
|-damage|p1a: Blacephalon|5/100 psn|[from] psn
|upkeep
|turn|10
|inactive|Le-Perpetrator has 120 seconds left.
|
|t:|1641850382
|move|p1a: Blacephalon|Shadow Ball|p2a: NastyInsertion
|-damage|p2a: NastyInsertion|66/100
|move|p2a: NastyInsertion|Toxic Spikes|p1a: Blacephalon
|-sidestart|p1: LECH24|move: Toxic Spikes
|
|-damage|p1a: Blacephalon|0 fnt|[from] item: Black Sludge
|faint|p1a: Blacephalon
|upkeep
|
|t:|1641850391
|switch|p1a: Dragapult|Dragapult, F|100/100
|-status|p1a: Dragapult|tox
|turn|11
|
|t:|1641850402
|switch|p2a: BillieEllish|Landorus-Therian, M|100/100
|-ability|p2a: BillieEllish|Intimidate|boost
|-fail|p1a: Dragapult|unboost|[from] ability: Clear Body|[of] p1a: Dragapult
|move|p1a: Dragapult|Dragon Dance|p1a: Dragapult
|-boost|p1a: Dragapult|atk|1
|-boost|p1a: Dragapult|spe|1
|
|-damage|p1a: Dragapult|95/100 tox|[from] psn
|upkeep
|turn|12
|
|t:|1641850411
|switch|p2a: Condom|Hatterene, F|100/100
|move|p1a: Dragapult|Dragon Darts|p2a: Condom
|-immune|p2a: Condom
|
|-heal|p1a: Dragapult|100/100 tox|[from] item: Leftovers
|-damage|p1a: Dragapult|89/100 tox|[from] psn
|upkeep
|turn|13
|
|t:|1641850418
|move|p1a: Dragapult|Dragon Darts|p2a: Condom
|-immune|p2a: Condom
|move|p2a: Condom|Draining Kiss|p1a: Dragapult
|-supereffective|p1a: Dragapult
|-damage|p1a: Dragapult|0 fnt
|faint|p1a: Dragapult
|
|upkeep
|-message|LECH24 forfeited.
|
|win|Le-Perpetrator
|raw|LECH24's rating: 1593 &rarr; <strong>1575</strong><br />(-18 for losing)
|raw|Le-Perpetrator's rating: 1622 &rarr; <strong>1640</strong><br />(+18 for winning)
|l|☆LECH24
