|j|☆xing-ggggg
|j|☆Ferrothornail草钢甲
|t:|1662951514
|gametype|singles
|player|p1|xing-ggggg|266|
|player|p2|Ferrothornail草钢甲|lillie|
|teamsize|p1|6
|teamsize|p2|6
|gen|8
|tier|[Gen 8] OU
|rule|Sleep Clause Mod: Limit one foe put to sleep
|rule|Species Clause: Limit one of each Pokémon
|rule|OHKO Clause: OHKO moves are banned
|rule|Evasion Items Clause: Evasion items are banned
|rule|Evasion Moves Clause: Evasion moves are banned
|rule|Endless Battle Clause: Forcing endless battles is banned
|rule|HP Percentage Mod: HP is shown in percentages
|rule|Dynamax Clause: You cannot dynamax
|clearpoke
|poke|p1|Pelipper, F|
|poke|p1|Ferrothorn, F|
|poke|p1|Barraskewda, F|
|poke|p1|Zapdos|
|poke|p1|Omastar, F|
|poke|p1|Melmetal|
|poke|p2|Hatterene, F|
|poke|p2|Porygon2|
|poke|p2|Cresselia, F|
|poke|p2|Marowak-Alola, M|
|poke|p2|Crawdaunt, F|
|poke|p2|Melmetal|
|teampreview
|c|☆Ferrothornail草钢甲|气急败坏
|
|t:|1662951527
|start
|switch|p1a: Pelipper|Pelipper, F|100/100
|switch|p2a: Melmetal|Melmetal|100/100
|-weather|RainDance|[from] ability: Drizzle|[of] p1a: Pelipper
|turn|1
|j| xiaolinyo
|
|t:|1662951536
|move|p1a: Pelipper|U-turn|p2a: Melmetal
|-resisted|p2a: Melmetal
|-damage|p2a: Melmetal|98/100
|c|☆xing-ggggg|论先读和反先读
|
|t:|1662951558
|switch|p1a: Ferrothorn|Ferrothorn, F|100/100|[from]move: U-turn
|move|p2a: Melmetal|Thunder Punch|p1a: Ferrothorn
|-resisted|p1a: Ferrothorn
|-damage|p1a: Ferrothorn|84/100
|-damage|p2a: Melmetal|86/100|[from] ability: Iron Barbs|[of] p1a: Ferrothorn
|
|-weather|RainDance|[upkeep]
|-heal|p1a: Ferrothorn|90/100|[from] item: Leftovers
|upkeep
|turn|2
|c| xiaolinyo|6
|j| pingyu2008苹羽
|c|☆Ferrothornail草钢甲|我觉得你要双换
|
|t:|1662951584
|switch|p2a: Hatterene|Hatterene, F|100/100
|switch|p1a: Melmetal|Melmetal|100/100
|
|-weather|RainDance|[upkeep]
|upkeep
|turn|3
|c|☆Ferrothornail草钢甲|果然
|c|☆xing-ggggg|乐
|c|☆xing-ggggg|读到力（喜
|
|t:|1662951602
|switch|p2a: Crawdaunt|Crawdaunt, F|100/100
|move|p1a: Melmetal|Earthquake|p2a: Crawdaunt
|-damage|p2a: Crawdaunt|55/100
|
|-weather|RainDance|[upkeep]
|upkeep
|turn|4
|
|t:|1662951616
|switch|p1a: Ferrothorn|Ferrothorn, F|90/100
|move|p2a: Crawdaunt|Swords Dance|p2a: Crawdaunt
|-boost|p2a: Crawdaunt|atk|2
|
|-weather|RainDance|[upkeep]
|-heal|p1a: Ferrothorn|96/100|[from] item: Leftovers
|upkeep
|turn|5
|
|t:|1662951620
|move|p2a: Crawdaunt|Knock Off|p1a: Ferrothorn
|-damage|p1a: Ferrothorn|0 fnt
|-damage|p2a: Crawdaunt|42/100|[from] ability: Iron Barbs|[of] p1a: Ferrothorn
|-enditem|p1a: Ferrothorn|Leftovers|[from] move: Knock Off|[of] p2a: Crawdaunt
|faint|p1a: Ferrothorn
|-damage|p2a: Crawdaunt|32/100|[from] item: Life Orb
|
|-weather|RainDance|[upkeep]
|upkeep
|c| xiaolinyo|正片来力
|
|t:|1662951623
|switch|p1a: Omastar|Omastar, F|100/100
|turn|6
|j| F-our Ma Ke
|
|t:|1662951631
|move|p2a: Crawdaunt|Aqua Jet|p1a: Omastar
|-enditem|p1a: Omastar|Focus Sash
|-damage|p1a: Omastar|1/100
|-damage|p2a: Crawdaunt|22/100|[from] item: Life Orb
|move|p1a: Omastar|Earth Power|p2a: Crawdaunt
|-damage|p2a: Crawdaunt|0 fnt
|faint|p2a: Crawdaunt
|
|-weather|RainDance|[upkeep]
|upkeep
|
|t:|1662951635
|switch|p2a: Porygon2|Porygon2|100/100
|-ability|p2a: Porygon2|Download|boost
|-boost|p2a: Porygon2|spa|1
|turn|7
|
|t:|1662951645
|move|p1a: Omastar|Surf|p2a: Porygon2
|-damage|p2a: Porygon2|66/100
|move|p2a: Porygon2|Trick Room|p2a: Porygon2
|-fieldstart|move: Trick Room|[of] p2a: Porygon2
|
|-weather|RainDance|[upkeep]
|upkeep
|turn|8
|
|t:|1662951650
|move|p1a: Omastar|Surf|p2a: Porygon2
|-damage|p2a: Porygon2|34/100
|move|p2a: Porygon2|Teleport|p2a: Porygon2
|
|t:|1662951653
|switch|p2a: Melmetal|Melmetal|86/100|[from]move: Teleport
|
|-weather|none
|upkeep
|turn|9
|
|t:|1662951663
|move|p2a: Melmetal|Superpower|p1a: Omastar
|-supereffective|p1a: Omastar
|-damage|p1a: Omastar|0 fnt
|-unboost|p2a: Melmetal|atk|1
|-unboost|p2a: Melmetal|def|1
|faint|p1a: Omastar
|
|upkeep
|
|t:|1662951666
|switch|p1a: Melmetal|Melmetal|100/100
|turn|10
|
|t:|1662951670
|move|p1a: Melmetal|Double Iron Bash|p2a: Melmetal
|-resisted|p2a: Melmetal
|-damage|p2a: Melmetal|67/100
|-resisted|p2a: Melmetal
|-damage|p2a: Melmetal|49/100
|-hitcount|p2a: Melmetal|2
|cant|p2a: Melmetal|flinch
|
|upkeep
|turn|11
|
|t:|1662951676
|switch|p2a: Marowak|Marowak-Alola, M|100/100
|move|p1a: Melmetal|Double Iron Bash|p2a: Marowak
|-resisted|p2a: Marowak
|-crit|p2a: Marowak
|-damage|p2a: Marowak|68/100
|-resisted|p2a: Marowak
|-crit|p2a: Marowak
|-damage|p2a: Marowak|35/100
|-hitcount|p2a: Marowak|2
|
|-fieldend|move: Trick Room
|upkeep
|turn|12
|c|☆xing-ggggg|我去
|c|☆xing-ggggg|运气突然来了
|c|☆Ferrothornail草钢甲|难蚌
|
|t:|1662951696
|switch|p2a: Hatterene|Hatterene, F|100/100
|switch|p1a: Pelipper|Pelipper, F|100/100
|-weather|RainDance|[from] ability: Drizzle|[of] p1a: Pelipper
|
|-weather|RainDance|[upkeep]
|upkeep
|turn|13
|
|t:|1662951699
|move|p1a: Pelipper|U-turn|p2a: Hatterene
|-damage|p2a: Hatterene|90/100
|
|t:|1662951703
|switch|p1a: Zapdos|Zapdos|100/100|[from]move: U-turn
|move|p2a: Hatterene|Trick Room|p2a: Hatterene
|-fieldstart|move: Trick Room|[of] p2a: Hatterene
|
|-weather|RainDance|[upkeep]
|upkeep
|turn|14
|
|t:|1662951708
|move|p2a: Hatterene|Psychic|p1a: Zapdos
|-damage|p1a: Zapdos|40/100
|move|p1a: Zapdos|Thunder|p2a: Hatterene
|-damage|p2a: Hatterene|33/100
|-status|p2a: Hatterene|par
|
|-weather|RainDance|[upkeep]
|upkeep
|turn|15
|c|☆xing-ggggg|？
|c|☆xing-ggggg|没p用
|
|t:|1662951728
|move|p2a: Hatterene|Healing Wish|p2a: Hatterene
|faint|p2a: Hatterene
|move|p1a: Zapdos|Thunder|p2: Hatterene|[notarget]
|-fail|p1a: Zapdos
|
|-weather|RainDance|[upkeep]
|upkeep
|
|t:|1662951732
|switch|p2a: Marowak|Marowak-Alola, M|35/100
|-heal|p2a: Marowak|100/100|[from] move: Healing Wish
|turn|16
|
|t:|1662951735
|switch|p1a: Pelipper|Pelipper, F|100/100
|move|p2a: Marowak|Poltergeist|p1a: Pelipper
|-activate|p1a: Pelipper|move: Poltergeist|Damp Rock
|-damage|p1a: Pelipper|6/100
|
|-weather|RainDance|[upkeep]
|upkeep
|turn|17
|
|t:|1662951743
|move|p2a: Marowak|Flare Blitz|p1a: Pelipper
|-resisted|p1a: Pelipper
|-damage|p1a: Pelipper|0 fnt
|faint|p1a: Pelipper
|
|-weather|RainDance|[upkeep]
|-fieldend|move: Trick Room
|upkeep
|
|t:|1662951747
|switch|p1a: Barraskewda|Barraskewda, F|100/100
|turn|18
|
|t:|1662951754
|switch|p2a: Porygon2|Porygon2|34/100
|-ability|p2a: Porygon2|Download|boost
|-boost|p2a: Porygon2|spa|1
|move|p1a: Barraskewda|Flip Turn|p2a: Porygon2
|-damage|p2a: Porygon2|0 fnt
|faint|p2a: Porygon2
|
|t:|1662951757
|switch|p1a: Melmetal|Melmetal|100/100|[from]move: Flip Turn
|
|-weather|RainDance|[upkeep]
|upkeep
|
|t:|1662951760
|switch|p2a: Marowak|Marowak-Alola, M|100/100
|turn|19
|
|t:|1662951765
|switch|p2a: Cresselia|Cresselia, F|100/100
|switch|p1a: Zapdos|Zapdos|40/100
|
|-weather|none
|upkeep
|turn|20
|
|t:|1662951771
|move|p1a: Zapdos|Hurricane|p2a: Cresselia
|-damage|p2a: Cresselia|71/100
|-start|p2a: Cresselia|confusion
|-activate|p2a: Cresselia|confusion
|-damage|p2a: Cresselia|68/100|[from] confusion
|
|upkeep
|turn|21
|c| xiaolinyo|6
|c|☆xing-ggggg|6
|c|☆xing-ggggg|上一局的运气
|c|☆Ferrothornail草钢甲|6
|j| rachel19738
|
|t:|1662951798
|move|p1a: Zapdos|Hurricane|p2a: Cresselia
|-damage|p2a: Cresselia|36/100
|-activate|p2a: Cresselia|confusion
|-damage|p2a: Cresselia|33/100|[from] confusion
|
|upkeep
|turn|22
|c| xiaolinyo|6
|c| rachel19738|??????????
|c|☆xing-ggggg|和昨晚火钢4连空的运气
|c|☆Ferrothornail草钢甲|有操作的
|c|☆xing-ggggg|nb
|
|t:|1662951815
|move|p1a: Zapdos|Hurricane|p2a: Cresselia|[miss]
|-miss|p1a: Zapdos|p2a: Cresselia
|-activate|p2a: Cresselia|confusion
|-damage|p2a: Cresselia|30/100|[from] confusion
|
|upkeep
|turn|23
|c| rachel19738|????????????
|c|☆xing-ggggg|哈哈哈哈哈哈哈哈哈
|c| xiaolinyo|6
|c|☆Ferrothornail草钢甲|有水平的
|c| xiaolinyo|哈哈哈哈哈哈哈哈啊哈
|c| xiaolinyo|哈哈哈哈哈哈哈哈哈哈哈哈哈哈哈哈哈哈哈哈哈哈哈哈哈哈哈哈哈哈哈哈
|c| xiaolinyo|哈哈哈哈哈哈哈
|
|t:|1662951838
|move|p1a: Zapdos|Hurricane|p2a: Cresselia
|-damage|p2a: Cresselia|0 fnt
|faint|p2a: Cresselia
|
|upkeep
|c| rachel19738|我昨晚一點運氣沒有
|c|☆Ferrothornail草钢甲|有·逆天的
|-message|Ferrothornail草钢甲 forfeited.
|
|win|xing-ggggg
|l|☆Ferrothornail草钢甲
