|j|☆GGeorgie◕‿◕
|j|☆LT94JE Iznamakin
|t:|1661376145
|gametype|singles
|player|p1|GGeorgie◕‿◕|hiker-gen2|1684
|player|p2|LT94JE Iznamakin|chase|1676
|teamsize|p1|6
|teamsize|p2|6
|gen|8
|tier|[Gen 8] OU
|rated|
|rule|Sleep Clause Mod: Limit one foe put to sleep
|rule|Species Clause: Limit one of each Pokémon
|rule|OHKO Clause: OHKO moves are banned
|rule|Evasion Items Clause: Evasion items are banned
|rule|Evasion Moves Clause: Evasion moves are banned
|rule|Endless Battle Clause: Forcing endless battles is banned
|rule|HP Percentage Mod: HP is shown in percentages
|rule|Dynamax Clause: You cannot dynamax
|clearpoke
|poke|p1|Zapdos|
|poke|p1|Tyranitar, F|
|poke|p1|Landorus-Therian, M|
|poke|p1|Excadrill, F|
|poke|p1|Clefable, M|
|poke|p1|Ferrothorn, F|
|poke|p2|Kartana|
|poke|p2|Heatran, F|
|poke|p2|Landorus-Therian, M|
|poke|p2|Slowbro, F|
|poke|p2|Umbreon, M|
|poke|p2|Tapu Koko|
|teampreview
|inactive|Battle timer is ON: inactive players will automatically lose when time's up. (requested by GGeorgie◕‿◕)
|
|t:|1661376174
|start
|switch|p1a: Landorus|Landorus-Therian, M|100/100
|switch|p2a: Slowbro|Slowbro, F|100/100
|-ability|p1a: Landorus|Intimidate|boost
|-unboost|p2a: Slowbro|atk|1
|turn|1
|
|t:|1661376179
|move|p1a: Landorus|U-turn|p2a: Slowbro
|-supereffective|p2a: Slowbro
|-damage|p2a: Slowbro|57/100
|
|t:|1661376183
|switch|p1a: Clefable|Clefable, M|100/100|[from]move: U-turn
|move|p2a: Slowbro|Scald|p1a: Clefable
|-damage|p1a: Clefable|75/100
|-status|p1a: Clefable|brn
|
|upkeep
|turn|2
|
|t:|1661376187
|move|p1a: Clefable|Thunder|p2a: Slowbro
|-supereffective|p2a: Slowbro
|-damage|p2a: Slowbro|14/100
|move|p2a: Slowbro|Future Sight|p1a: Clefable
|-start|p2a: Slowbro|move: Future Sight
|
|upkeep
|turn|3
|
|t:|1661376192
|switch|p2a: Heatran|Heatran, F|100/100
|move|p1a: Clefable|Thunder|p2a: Heatran
|-damage|p2a: Heatran|72/100
|
|-heal|p2a: Heatran|79/100|[from] item: Leftovers
|upkeep
|turn|4
|
|t:|1661376200
|switch|p1a: Tyranitar|Tyranitar, F, shiny|100/100
|-weather|Sandstorm|[from] ability: Sand Stream|[of] p1a: Tyranitar
|move|p2a: Heatran|Stealth Rock|p1a: Tyranitar
|-sidestart|p1: GGeorgie◕‿◕|move: Stealth Rock
|
|-weather|Sandstorm|[upkeep]
|-end|p1a: Tyranitar|move: Future Sight
|-immune|p1a: Tyranitar
|-heal|p2a: Heatran|85/100|[from] item: Leftovers
|upkeep
|turn|5
|
|t:|1661376205
|move|p2a: Heatran|Protect|p2a: Heatran
|-singleturn|p2a: Heatran|Protect
|move|p1a: Tyranitar|Earthquake|p2a: Heatran
|-activate|p2a: Heatran|move: Protect
|
|-weather|Sandstorm|[upkeep]
|-heal|p2a: Heatran|91/100|[from] item: Leftovers
|upkeep
|turn|6
|
|t:|1661376217
|switch|p2a: Landorus|Landorus-Therian, M|100/100
|-ability|p2a: Landorus|Intimidate|boost
|-unboost|p1a: Tyranitar|atk|1
|move|p1a: Tyranitar|Earthquake|p2a: Landorus
|-immune|p2a: Landorus
|
|-weather|Sandstorm|[upkeep]
|upkeep
|turn|7
|
|t:|1661376222
|switch|p1a: Ferrothorn|Ferrothorn, F, shiny|100/100
|-damage|p1a: Ferrothorn|94/100|[from] Stealth Rock
|move|p2a: Landorus|U-turn|p1a: Ferrothorn
|-damage|p1a: Ferrothorn|82/100
|-damage|p2a: Landorus|88/100|[from] ability: Iron Barbs|[of] p1a: Ferrothorn
|-damage|p2a: Landorus|72/100|[from] item: Rocky Helmet|[of] p1a: Ferrothorn
|
|t:|1661376225
|switch|p2a: Heatran|Heatran, F|91/100|[from]move: U-turn
|
|-weather|Sandstorm|[upkeep]
|-heal|p2a: Heatran|97/100|[from] item: Leftovers
|upkeep
|turn|8
|
|t:|1661376227
|switch|p1a: Tyranitar|Tyranitar, F, shiny|100/100
|-damage|p1a: Tyranitar|88/100|[from] Stealth Rock
|move|p2a: Heatran|Lava Plume|p1a: Tyranitar
|-resisted|p1a: Tyranitar
|-damage|p1a: Tyranitar|76/100
|
|-weather|none
|-heal|p2a: Heatran|100/100|[from] item: Leftovers
|upkeep
|turn|9
|
|t:|1661376230
|move|p2a: Heatran|Protect|p2a: Heatran
|-singleturn|p2a: Heatran|Protect
|move|p1a: Tyranitar|Stealth Rock|p2a: Heatran
|-sidestart|p2: LT94JE Iznamakin|move: Stealth Rock
|
|upkeep
|turn|10
|
|t:|1661376234
|move|p1a: Tyranitar|Stone Edge|p2a: Heatran
|-damage|p2a: Heatran|59/100
|move|p2a: Heatran|Toxic|p1a: Tyranitar
|-status|p1a: Tyranitar|tox
|
|-heal|p2a: Heatran|65/100|[from] item: Leftovers
|-damage|p1a: Tyranitar|70/100 tox|[from] psn
|upkeep
|turn|11
|
|t:|1661376238
|switch|p1a: Excadrill|Excadrill, F|100/100
|-damage|p1a: Excadrill|97/100|[from] Stealth Rock
|move|p2a: Heatran|Protect||[still]
|-fail|p2a: Heatran
|
|-heal|p1a: Excadrill|100/100|[from] item: Leftovers
|-heal|p2a: Heatran|71/100|[from] item: Leftovers
|upkeep
|turn|12
|
|t:|1661376246
|move|p2a: Heatran|Protect|p2a: Heatran
|-singleturn|p2a: Heatran|Protect
|move|p1a: Excadrill|Earthquake|p2a: Heatran
|-activate|p2a: Heatran|move: Protect
|
|-heal|p2a: Heatran|78/100|[from] item: Leftovers
|upkeep
|turn|13
|
|t:|1661376250
|switch|p2a: Umbreon|Umbreon, M|100/100
|-damage|p2a: Umbreon|88/100|[from] Stealth Rock
|move|p1a: Excadrill|Earthquake|p2a: Umbreon
|-damage|p2a: Umbreon|54/100
|
|-heal|p2a: Umbreon|60/100|[from] item: Leftovers
|upkeep
|turn|14
|
|t:|1661376256
|move|p1a: Excadrill|Iron Head|p2a: Umbreon
|-crit|p2a: Umbreon
|-damage|p2a: Umbreon|21/100
|move|p2a: Umbreon|Wish|p2a: Umbreon
|
|-heal|p2a: Umbreon|27/100|[from] item: Leftovers
|upkeep
|turn|15
|
|t:|1661376264
|switch|p1a: Clefable|Clefable, M|75/100 brn
|move|p2a: Umbreon|Protect||[still]
|-fail|p2a: Umbreon
|
|-heal|p2a: Umbreon|77/100|[from] move: Wish|[wisher] Umbreon
|-heal|p2a: Umbreon|83/100|[from] item: Leftovers
|upkeep
|turn|16
|
|t:|1661376269
|move|p2a: Umbreon|Protect|p2a: Umbreon
|-singleturn|p2a: Umbreon|Protect
|move|p1a: Clefable|Calm Mind|p1a: Clefable
|-boost|p1a: Clefable|spa|1
|-boost|p1a: Clefable|spd|1
|
|-heal|p2a: Umbreon|89/100|[from] item: Leftovers
|upkeep
|turn|17
|
|t:|1661376275
|switch|p2a: Heatran|Heatran, F|78/100
|-damage|p2a: Heatran|65/100|[from] Stealth Rock
|move|p1a: Clefable|Calm Mind|p1a: Clefable
|-boost|p1a: Clefable|spa|1
|-boost|p1a: Clefable|spd|1
|
|-heal|p2a: Heatran|71/100|[from] item: Leftovers
|upkeep
|turn|18
|
|t:|1661376279
|move|p2a: Heatran|Lava Plume|p1a: Clefable
|-damage|p1a: Clefable|60/100 brn
|move|p1a: Clefable|Calm Mind|p1a: Clefable
|-boost|p1a: Clefable|spa|1
|-boost|p1a: Clefable|spd|1
|
|-heal|p2a: Heatran|78/100|[from] item: Leftovers
|upkeep
|turn|19
|
|t:|1661376283
|switch|p2a: Kartana|Kartana|100/100
|-damage|p2a: Kartana|94/100|[from] Stealth Rock
|move|p1a: Clefable|Moonblast|p2a: Kartana
|-resisted|p2a: Kartana
|-damage|p2a: Kartana|0 fnt
|faint|p2a: Kartana
|
|upkeep
|-message|LT94JE Iznamakin forfeited.
|
|win|GGeorgie◕‿◕
|raw|GGeorgie◕‿◕'s rating: 1684 &rarr; <strong>1704</strong><br />(+20 for winning)
|raw|LT94JE Iznamakin's rating: 1676 &rarr; <strong>1656</strong><br />(-20 for losing)
|l|☆LT94JE Iznamakin
