|raw|<div class="broadcast-blue"><strong>This battle is required to be public due to a player having a name starting with 'lt84jm'.</div>
|j|‽lonietzzz
|j|☆LT84JM Farawyn98
|t:|1627571091
|gametype|singles
|player|p1|lonietzzz|pokemonbreederf|1851
|player|p2|LT84JM Farawyn98|steven-gen3|1883
|teamsize|p1|6
|teamsize|p2|6
|gen|8
|tier|[Gen 8] OU
|rated|
|rule|Sleep Clause Mod: Limit one foe put to sleep
|rule|Species Clause: Limit one of each Pokémon
|rule|OHKO Clause: OHKO moves are banned
|rule|Evasion Moves Clause: Evasion moves are banned
|rule|Endless Battle Clause: Forcing endless battles is banned
|rule|HP Percentage Mod: HP is shown in percentages
|rule|Dynamax Clause: You cannot dynamax
|clearpoke
|poke|p1|Arctozolt|
|poke|p1|Ninetales-Alola, M|
|poke|p1|Heatran, F|
|poke|p1|Kyurem|
|poke|p1|Tapu Lele|
|poke|p1|Landorus-Therian, M|
|poke|p2|Tapu Koko|
|poke|p2|Clefable, F|
|poke|p2|Skarmory, M|
|poke|p2|Scizor, M|
|poke|p2|Hippowdon, M|
|poke|p2|Toxapex, F|
|teampreview
|j| Coach Jones 6fifth
|j| lt84jm raizen
|j| e77e r5zebrt
|j| LT84JM reje
|inactive|Battle timer is ON: inactive players will automatically lose when time's up. (requested by LT84JM Farawyn98)
|
|t:|1627571152
|start
|switch|p1a: Kyurem|Kyurem|100/100
|switch|p2a: Toxapex|Toxapex, F|100/100
|-ability|p1a: Kyurem|Pressure
|turn|1
|
|t:|1627571160
|move|p1a: Kyurem|Substitute|p1a: Kyurem
|-start|p1a: Kyurem|Substitute
|-damage|p1a: Kyurem|76/100
|move|p2a: Toxapex|Toxic Spikes|p1a: Kyurem
|-sidestart|p1: lonietzzz|move: Toxic Spikes
|
|upkeep
|turn|2
|inactive|LT84JM Farawyn98 has 120 seconds left.
|
|t:|1627571194
|switch|p2a: Clefable|Clefable, F|100/100
|move|p1a: Kyurem|Earth Power|p2a: Clefable
|-damage|p2a: Clefable|74/100
|
|upkeep
|turn|3
|
|t:|1627571202
|move|p1a: Kyurem|Freeze-Dry|p2a: Clefable
|-damage|p2a: Clefable|40/100
|move|p2a: Clefable|Soft-Boiled|p2a: Clefable
|-heal|p2a: Clefable|90/100
|
|upkeep
|turn|4
|
|t:|1627571206
|move|p1a: Kyurem|Freeze-Dry|p2a: Clefable
|-damage|p2a: Clefable|57/100
|move|p2a: Clefable|Moonblast|p1a: Kyurem
|-supereffective|p1a: Kyurem
|-end|p1a: Kyurem|Substitute
|
|upkeep
|turn|5
|
|t:|1627571210
|switch|p1a: Heatran|Heatran, F|100/100
|move|p2a: Clefable|Soft-Boiled|p2a: Clefable
|-heal|p2a: Clefable|100/100
|
|upkeep
|turn|6
|
|t:|1627571218
|switch|p2a: Toxapex|Toxapex, F|100/100
|move|p1a: Heatran|Toxic|p2a: Toxapex
|-immune|p2a: Toxapex
|
|upkeep
|turn|7
|
|t:|1627571225
|switch|p1a: Landorus|Landorus-Therian, M|100/100
|-ability|p1a: Landorus|Intimidate|boost
|-unboost|p2a: Toxapex|atk|1
|move|p2a: Toxapex|Knock Off|p1a: Landorus
|-damage|p1a: Landorus|90/100
|-enditem|p1a: Landorus|Leftovers|[from] move: Knock Off|[of] p2a: Toxapex
|
|upkeep
|turn|8
|
|t:|1627571230
|switch|p2a: Skarmory|Skarmory, M|100/100
|move|p1a: Landorus|Stealth Rock|p2a: Skarmory
|-sidestart|p2: LT84JM Farawyn98|move: Stealth Rock
|
|upkeep
|turn|9
|
|t:|1627571232
|switch|p1a: Heatran|Heatran, F|100/100
|move|p2a: Skarmory|Spikes|p1a: Heatran
|-sidestart|p1: lonietzzz|Spikes
|
|upkeep
|turn|10
|
|t:|1627571236
|switch|p2a: Toxapex|Toxapex, F|100/100
|-damage|p2a: Toxapex|88/100|[from] Stealth Rock
|move|p1a: Heatran|Magma Storm|p2a: Toxapex
|-resisted|p2a: Toxapex
|-damage|p2a: Toxapex|75/100
|-activate|p2a: Toxapex|move: Magma Storm|[of] p1a: Heatran
|
|-damage|p2a: Toxapex|63/100|[from] move: Magma Storm|[partiallytrapped]
|upkeep
|turn|11
|
|t:|1627571244
|move|p1a: Heatran|Earth Power|p2a: Toxapex
|-supereffective|p2a: Toxapex
|-damage|p2a: Toxapex|28/100
|move|p2a: Toxapex|Recover|p2a: Toxapex
|-heal|p2a: Toxapex|78/100
|
|-damage|p2a: Toxapex|66/100|[from] move: Magma Storm|[partiallytrapped]
|upkeep
|turn|12
|
|t:|1627571247
|move|p1a: Heatran|Earth Power|p2a: Toxapex
|-supereffective|p2a: Toxapex
|-damage|p2a: Toxapex|31/100
|move|p2a: Toxapex|Knock Off|p1a: Heatran
|-damage|p1a: Heatran|88/100
|-enditem|p1a: Heatran|Leftovers|[from] move: Knock Off|[of] p2a: Toxapex
|
|-damage|p2a: Toxapex|19/100|[from] move: Magma Storm|[partiallytrapped]
|upkeep
|turn|13
|
|t:|1627571255
|switch|p2a: Hippowdon|Hippowdon, M|100/100
|-weather|Sandstorm|[from] ability: Sand Stream|[of] p2a: Hippowdon
|move|p1a: Heatran|Toxic|p2a: Hippowdon
|-status|p2a: Hippowdon|tox
|
|-weather|Sandstorm|[upkeep]
|-damage|p2a: Hippowdon|94/100 tox|[from] psn
|upkeep
|turn|14
|j| Blop_Le_Slime
|inactive|lonietzzz has 120 seconds left.
|j| Tiranito
|
|t:|1627571297
|switch|p1a: Kyurem|Kyurem|76/100
|-ability|p1a: Kyurem|Pressure
|move|p2a: Hippowdon|Earthquake|p1a: Kyurem
|-damage|p1a: Kyurem|41/100
|
|-weather|Sandstorm|[upkeep]
|-damage|p1a: Kyurem|35/100|[from] Sandstorm
|-damage|p2a: Hippowdon|82/100 tox|[from] psn
|upkeep
|turn|15
|
|t:|1627571301
|switch|p1a: Heatran|Heatran, F|88/100
|-damage|p1a: Heatran|76/100|[from] Spikes
|switch|p2a: Scizor|Scizor, M|100/100
|
|-weather|Sandstorm|[upkeep]
|upkeep
|turn|16
|
|t:|1627571329
|switch|p2a: Tapu Koko|Tapu Koko|100/100
|-fieldstart|move: Electric Terrain|[from] ability: Electric Surge|[of] p2a: Tapu Koko
|move|p1a: Heatran|Magma Storm|p2a: Tapu Koko
|-damage|p2a: Tapu Koko|35/100
|-activate|p2a: Tapu Koko|move: Magma Storm|[of] p1a: Heatran
|
|-weather|Sandstorm|[upkeep]
|-damage|p2a: Tapu Koko|29/100|[from] Sandstorm
|-damage|p2a: Tapu Koko|16/100|[from] move: Magma Storm|[partiallytrapped]
|upkeep
|turn|17
|
|t:|1627571339
|switch|p1a: Landorus|Landorus-Therian, M|90/100
|-ability|p1a: Landorus|Intimidate|boost
|-unboost|p2a: Tapu Koko|atk|1
|move|p2a: Tapu Koko|Thunderbolt|p1a: Landorus
|-immune|p1a: Landorus
|
|-weather|none
|-end|p2a: Tapu Koko|Magma Storm|[partiallytrapped]|[silent]
|upkeep
|turn|18
|
|t:|1627571349
|switch|p2a: Skarmory|Skarmory, M|100/100
|-damage|p2a: Skarmory|88/100|[from] Stealth Rock
|move|p1a: Landorus|U-turn|p2a: Skarmory
|-resisted|p2a: Skarmory
|-damage|p2a: Skarmory|85/100
|
|t:|1627571353
|switch|p1a: Heatran|Heatran, F|76/100|[from]move: U-turn
|-damage|p1a: Heatran|63/100|[from] Spikes
|
|upkeep
|turn|19
|inactive|LT84JM Farawyn98 has 120 seconds left.
|
|t:|1627571383
|switch|p2a: Tapu Koko|Tapu Koko|16/100
|move|p1a: Heatran|Magma Storm|p2a: Tapu Koko|[miss]
|-miss|p1a: Heatran|p2a: Tapu Koko
|
|upkeep
|turn|20
|
|t:|1627571392
|move|p2a: Tapu Koko|Thunderbolt|p1a: Heatran
|-damage|p1a: Heatran|30/100
|move|p1a: Heatran|Earth Power|p2a: Tapu Koko
|-supereffective|p2a: Tapu Koko
|-damage|p2a: Tapu Koko|0 fnt
|faint|p2a: Tapu Koko
|
|-fieldend|move: Electric Terrain
|upkeep
|
|t:|1627571401
|switch|p2a: Hippowdon|Hippowdon, M|82/100 tox
|-weather|Sandstorm|[from] ability: Sand Stream|[of] p2a: Hippowdon
|turn|21
|
|t:|1627571405
|move|p1a: Heatran|Taunt|p2a: Hippowdon
|-start|p2a: Hippowdon|move: Taunt
|move|p2a: Hippowdon|Earthquake|p1a: Heatran
|-supereffective|p1a: Heatran
|-crit|p1a: Heatran
|-damage|p1a: Heatran|0 fnt
|faint|p1a: Heatran
|
|-weather|Sandstorm|[upkeep]
|-damage|p2a: Hippowdon|76/100 tox|[from] psn
|upkeep
|
|t:|1627571429
|switch|p1a: Ninetales|Ninetales-Alola, M|100/100
|-damage|p1a: Ninetales|88/100|[from] Spikes
|-status|p1a: Ninetales|psn
|-weather|Hail|[from] ability: Snow Warning|[of] p1a: Ninetales
|turn|22
|
|t:|1627571444
|switch|p1a: Arctozolt|Arctozolt|100/100
|switch|p2a: Toxapex|Toxapex, F|52/100
|-damage|p2a: Toxapex|40/100|[from] Stealth Rock
|
|-weather|Hail|[upkeep]
|-damage|p2a: Toxapex|34/100|[from] Hail
|upkeep
|turn|23
|
|t:|1627571466
|switch|p2a: Hippowdon|Hippowdon, M|76/100 tox
|-weather|Sandstorm|[from] ability: Sand Stream|[of] p2a: Hippowdon
|move|p1a: Arctozolt|Substitute|p1a: Arctozolt
|-start|p1a: Arctozolt|Substitute
|-damage|p1a: Arctozolt|76/100
|
|-weather|Sandstorm|[upkeep]
|-damage|p1a: Arctozolt|69/100|[from] Sandstorm
|-damage|p2a: Hippowdon|69/100 tox|[from] psn
|upkeep
|turn|24
|
|t:|1627571482
|move|p1a: Arctozolt|Blizzard|p2a: Hippowdon
|-supereffective|p2a: Hippowdon
|-damage|p2a: Hippowdon|17/100 tox
|move|p2a: Hippowdon|Slack Off|p2a: Hippowdon
|-heal|p2a: Hippowdon|68/100 tox
|
|-weather|Sandstorm|[upkeep]
|-damage|p1a: Arctozolt|63/100|[from] Sandstorm
|-damage|p2a: Hippowdon|55/100 tox|[from] psn
|upkeep
|turn|25
|
|t:|1627571487
|move|p1a: Arctozolt|Blizzard|p2a: Hippowdon
|-supereffective|p2a: Hippowdon
|-damage|p2a: Hippowdon|8/100 tox
|move|p2a: Hippowdon|Earthquake|p1a: Arctozolt
|-supereffective|p1a: Arctozolt
|-end|p1a: Arctozolt|Substitute
|
|-weather|Sandstorm|[upkeep]
|-damage|p1a: Arctozolt|57/100|[from] Sandstorm
|-damage|p2a: Hippowdon|0 fnt|[from] psn
|faint|p2a: Hippowdon
|upkeep
|
|t:|1627571494
|switch|p2a: Scizor|Scizor, M|100/100
|turn|26
|
|t:|1627571508
|switch|p1a: Landorus|Landorus-Therian, M|90/100
|-ability|p1a: Landorus|Intimidate|boost
|-unboost|p2a: Scizor|atk|1
|move|p2a: Scizor|U-turn|p1a: Landorus
|-resisted|p1a: Landorus
|-damage|p1a: Landorus|81/100
|
|t:|1627571516
|switch|p2a: Skarmory|Skarmory, M|85/100|[from]move: U-turn
|-damage|p2a: Skarmory|73/100|[from] Stealth Rock
|
|-weather|Sandstorm|[upkeep]
|upkeep
|turn|27
|
|t:|1627571529
|move|p1a: Landorus|U-turn|p2a: Skarmory
|-resisted|p2a: Skarmory
|-damage|p2a: Skarmory|70/100
|
|t:|1627571530
|switch|p1a: Ninetales|Ninetales-Alola, M|88/100 psn|[from]move: U-turn
|-damage|p1a: Ninetales|76/100 psn|[from] Spikes
|-weather|Hail|[from] ability: Snow Warning|[of] p1a: Ninetales
|move|p2a: Skarmory|Body Press|p1a: Ninetales
|-damage|p1a: Ninetales|36/100 psn
|
|-weather|Hail|[upkeep]
|-damage|p2a: Skarmory|64/100|[from] Hail
|-damage|p1a: Ninetales|24/100 psn|[from] psn
|upkeep
|turn|28
|
|t:|1627571545
|move|p1a: Ninetales|Aurora Veil|p1a: Ninetales
|-sidestart|p1: lonietzzz|move: Aurora Veil
|move|p2a: Skarmory|Roost|p2a: Skarmory
|-heal|p2a: Skarmory|100/100
|-singleturn|p2a: Skarmory|move: Roost
|
|-weather|Hail|[upkeep]
|-damage|p2a: Skarmory|95/100|[from] Hail
|-damage|p1a: Ninetales|12/100 psn|[from] psn
|upkeep
|turn|29
|
|t:|1627571551
|switch|p2a: Clefable|Clefable, F|100/100
|move|p1a: Ninetales|Encore||[still]
|-fail|p1a: Ninetales
|
|-weather|Hail|[upkeep]
|-damage|p1a: Ninetales|0 fnt|[from] psn
|faint|p1a: Ninetales
|upkeep
|
|t:|1627571556
|switch|p1a: Arctozolt|Arctozolt|57/100
|turn|30
|
|t:|1627571558
|move|p1a: Arctozolt|Bolt Beak|p2a: Clefable
|-damage|p2a: Clefable|31/100
|move|p2a: Clefable|Moonblast|p1a: Arctozolt
|-damage|p1a: Arctozolt|29/100
|
|-weather|Hail|[upkeep]
|upkeep
|turn|31
|
|t:|1627571565
|move|p1a: Arctozolt|Bolt Beak|p2a: Clefable
|-damage|p2a: Clefable|0 fnt
|faint|p2a: Clefable
|
|-weather|Hail|[upkeep]
|upkeep
|
|t:|1627571566
|switch|p2a: Scizor|Scizor, M|100/100
|turn|32
|
|t:|1627571572
|move|p2a: Scizor|Bullet Punch|p1a: Arctozolt
|-damage|p1a: Arctozolt|12/100
|move|p1a: Arctozolt|Bolt Beak|p2a: Scizor
|-damage|p2a: Scizor|60/100
|
|-weather|Hail|[upkeep]
|-damage|p2a: Scizor|54/100|[from] Hail
|-sideend|p1: lonietzzz|move: Aurora Veil
|upkeep
|turn|33
|
|t:|1627571595
|switch|p1a: Landorus|Landorus-Therian, M|81/100
|-ability|p1a: Landorus|Intimidate|boost
|-unboost|p2a: Scizor|atk|1
|move|p2a: Scizor|Bullet Punch|p1a: Landorus
|-damage|p1a: Landorus|64/100
|
|-weather|Hail|[upkeep]
|-damage|p1a: Landorus|58/100|[from] Hail
|-damage|p2a: Scizor|48/100|[from] Hail
|upkeep
|turn|34
|
|t:|1627571606
|switch|p2a: Skarmory|Skarmory, M|95/100
|-damage|p2a: Skarmory|82/100|[from] Stealth Rock
|move|p1a: Landorus|Knock Off|p2a: Skarmory
|-damage|p2a: Skarmory|63/100
|-enditem|p2a: Skarmory|Shed Shell|[from] move: Knock Off|[of] p1a: Landorus
|
|-weather|none
|upkeep
|turn|35
|inactive|LT84JM Farawyn98 has 120 seconds left.
|
|t:|1627571661
|move|p1a: Landorus|U-turn|p2a: Skarmory
|-resisted|p2a: Skarmory
|-damage|p2a: Skarmory|59/100
|
|t:|1627571664
|switch|p1a: Tapu Lele|Tapu Lele|100/100|[from]move: U-turn
|-status|p1a: Tapu Lele|psn
|-damage|p1a: Tapu Lele|88/100 psn|[from] Spikes
|-fieldstart|move: Psychic Terrain|[from] ability: Psychic Surge|[of] p1a: Tapu Lele
|move|p2a: Skarmory|Roost|p2a: Skarmory
|-heal|p2a: Skarmory|100/100
|-singleturn|p2a: Skarmory|move: Roost
|
|-damage|p1a: Tapu Lele|76/100 psn|[from] psn
|upkeep
|turn|36
|
|t:|1627571668
|switch|p2a: Toxapex|Toxapex, F|67/100
|-damage|p2a: Toxapex|55/100|[from] Stealth Rock
|move|p1a: Tapu Lele|Thunderbolt|p2a: Toxapex
|-supereffective|p2a: Toxapex
|-damage|p2a: Toxapex|7/100
|
|-damage|p1a: Tapu Lele|63/100 psn|[from] psn
|upkeep
|turn|37
|inactive|LT84JM Farawyn98 has 120 seconds left.
|
|t:|1627571676
|move|p1a: Tapu Lele|Thunderbolt|p2a: Toxapex
|-supereffective|p2a: Toxapex
|-crit|p2a: Toxapex
|-damage|p2a: Toxapex|0 fnt
|faint|p2a: Toxapex
|
|-damage|p1a: Tapu Lele|51/100 psn|[from] psn
|upkeep
|
|t:|1627571677
|switch|p2a: Scizor|Scizor, M|48/100
|turn|38
|l| Blop_Le_Slime
|
|t:|1627571690
|move|p1a: Tapu Lele|Thunderbolt|p2a: Scizor
|-damage|p2a: Scizor|21/100
|move|p2a: Scizor|Roost|p2a: Scizor
|-heal|p2a: Scizor|71/100
|-singleturn|p2a: Scizor|move: Roost
|
|-damage|p1a: Tapu Lele|38/100 psn|[from] psn
|upkeep
|turn|39
|
|t:|1627571698
|switch|p1a: Landorus|Landorus-Therian, M|58/100
|-ability|p1a: Landorus|Intimidate|boost
|-unboost|p2a: Scizor|atk|1
|move|p2a: Scizor|Roost|p2a: Scizor
|-heal|p2a: Scizor|100/100
|-singleturn|p2a: Scizor|move: Roost
|
|-fieldend|move: Psychic Terrain
|upkeep
|turn|40
|
|t:|1627571709
|switch|p2a: Skarmory|Skarmory, M|100/100
|-damage|p2a: Skarmory|88/100|[from] Stealth Rock
|move|p1a: Landorus|Knock Off|p2a: Skarmory
|-damage|p2a: Skarmory|76/100
|
|upkeep
|turn|41
|inactive|LT84JM Farawyn98 has 120 seconds left.
|
|t:|1627571747
|move|p1a: Landorus|U-turn|p2a: Skarmory
|-resisted|p2a: Skarmory
|-damage|p2a: Skarmory|73/100
|inactive|lonietzzz has 120 seconds left.
|
|t:|1627571772
|switch|p1a: Tapu Lele|Tapu Lele|38/100 psn|[from]move: U-turn
|-damage|p1a: Tapu Lele|26/100 psn|[from] Spikes
|-fieldstart|move: Psychic Terrain|[from] ability: Psychic Surge|[of] p1a: Tapu Lele
|move|p2a: Skarmory|Roost|p2a: Skarmory
|-heal|p2a: Skarmory|100/100
|-singleturn|p2a: Skarmory|move: Roost
|
|-damage|p1a: Tapu Lele|13/100 psn|[from] psn
|upkeep
|turn|42
|j| Blop_Le_Slime
|inactive|lonietzzz has 120 seconds left.
|inactive|LT84JM Farawyn98 has 120 seconds left.
|
|t:|1627571790
|switch|p1a: Landorus|Landorus-Therian, M|58/100
|-ability|p1a: Landorus|Intimidate|boost
|-unboost|p2a: Skarmory|atk|1
|switch|p2a: Scizor|Scizor, M|100/100
|
|upkeep
|turn|43
|inactive|LT84JM Farawyn98 has 120 seconds left.
|
|t:|1627571799
|move|p1a: Landorus|U-turn|p2a: Scizor
|-resisted|p2a: Scizor
|-damage|p2a: Scizor|89/100
|
|t:|1627571805
|switch|p1a: Kyurem|Kyurem|35/100|[from]move: U-turn
|-ability|p1a: Kyurem|Pressure
|move|p2a: Scizor|Swords Dance|p2a: Scizor
|-boost|p2a: Scizor|atk|2
|
|upkeep
|turn|44
|
|t:|1627571814
|move|p1a: Kyurem|Earth Power|p2a: Scizor
|-damage|p2a: Scizor|63/100
|move|p2a: Scizor|Swords Dance|p2a: Scizor
|-boost|p2a: Scizor|atk|2
|
|upkeep
|turn|45
|l| Blop_Le_Slime
|
|t:|1627571821
|move|p1a: Kyurem|Earth Power|p2a: Scizor
|-damage|p2a: Scizor|37/100
|move|p2a: Scizor|Roost|p2a: Scizor
|-heal|p2a: Scizor|87/100
|-singleturn|p2a: Scizor|move: Roost
|
|-fieldend|move: Psychic Terrain
|upkeep
|turn|46
|
|t:|1627571828
|switch|p1a: Landorus|Landorus-Therian, M|58/100
|-ability|p1a: Landorus|Intimidate|boost
|-unboost|p2a: Scizor|atk|1
|move|p2a: Scizor|Roost|p2a: Scizor
|-heal|p2a: Scizor|100/100
|-singleturn|p2a: Scizor|move: Roost
|
|upkeep
|turn|47
|
|t:|1627571838
|switch|p1a: Tapu Lele|Tapu Lele|13/100 psn
|-damage|p1a: Tapu Lele|1/100 psn|[from] Spikes
|-fieldstart|move: Psychic Terrain|[from] ability: Psychic Surge|[of] p1a: Tapu Lele
|move|p2a: Scizor|Bullet Punch|p1a: Tapu Lele
|-activate|p1a: Tapu Lele|move: Psychic Terrain
|
|-damage|p1a: Tapu Lele|0 fnt|[from] psn
|faint|p1a: Tapu Lele
|upkeep
|
|t:|1627571846
|switch|p1a: Kyurem|Kyurem|35/100
|-ability|p1a: Kyurem|Pressure
|turn|48
|
|t:|1627571852
|move|p1a: Kyurem|Substitute|p1a: Kyurem
|-start|p1a: Kyurem|Substitute
|-damage|p1a: Kyurem|10/100
|move|p2a: Scizor|Swords Dance|p2a: Scizor
|-boost|p2a: Scizor|atk|2
|
|upkeep
|turn|49
|
|t:|1627571869
|move|p1a: Kyurem|Freeze-Dry|p2a: Scizor
|-resisted|p2a: Scizor
|-damage|p2a: Scizor|87/100
|-status|p2a: Scizor|frz
|cant|p2a: Scizor|frz
|
|upkeep
|turn|50
|
|t:|1627571876
|switch|p1a: Arctozolt|Arctozolt|12/100
|cant|p2a: Scizor|frz
|
|upkeep
|turn|51
|
|t:|1627571880
|move|p1a: Arctozolt|Bolt Beak|p2a: Scizor
|-damage|p2a: Scizor|7/100 frz
|-curestatus|p2a: Scizor|frz|[msg]
|move|p2a: Scizor|Roost|p2a: Scizor
|-heal|p2a: Scizor|57/100
|-singleturn|p2a: Scizor|move: Roost
|
|-fieldend|move: Psychic Terrain
|upkeep
|turn|52
|
|t:|1627571890
|move|p2a: Scizor|Bullet Punch|p1a: Arctozolt
|-damage|p1a: Arctozolt|0 fnt
|faint|p1a: Arctozolt
|
|upkeep
|
|t:|1627571891
|switch|p1a: Landorus|Landorus-Therian, M|58/100
|-ability|p1a: Landorus|Intimidate|boost
|-unboost|p2a: Scizor|atk|1
|turn|53
|
|t:|1627571893
|move|p2a: Scizor|Bullet Punch|p1a: Landorus
|-damage|p1a: Landorus|0 fnt
|faint|p1a: Landorus
|
|upkeep
|l| lt84jm raizen
|-message|lonietzzz forfeited.
|
|win|LT84JM Farawyn98
|l|‽lonietzzz
|raw|lonietzzz's rating: 1872 &rarr; <strong>1853</strong><br />(-19 for losing)
|raw|LT84JM Farawyn98's rating: 1883 &rarr; <strong>1902</strong><br />(+19 for winning)
