|j|☆LET ME LURK
|j|☆HOF69
|inactive|Battle timer is ON: inactive players will automatically lose when time's up.
|t:|1656822492
|gametype|singles
|player|p1|LET ME LURK|169|
|player|p2|HOF69|red|
|teamsize|p1|6
|teamsize|p2|6
|gen|8
|tier|[Gen 8] OU
|rated|Tournament battle
|rule|Sleep Clause Mod: Limit one foe put to sleep
|rule|Species Clause: Limit one of each Pokémon
|rule|OHKO Clause: OHKO moves are banned
|rule|Evasion Moves Clause: Evasion moves are banned
|rule|Endless Battle Clause: Forcing endless battles is banned
|rule|HP Percentage Mod: HP is shown in percentages
|rule|Dynamax Clause: You cannot dynamax
|clearpoke
|poke|p1|Espeon, M|
|poke|p1|Corviknight, F|
|poke|p1|Quagsire, M|
|poke|p1|Toxapex, M|
|poke|p1|Buzzwole|
|poke|p1|Blissey, F|
|poke|p2|Blacephalon|
|poke|p2|Gengar, M|
|poke|p2|Landorus-Therian, M|
|poke|p2|Krookodile, M|
|poke|p2|Tapu Lele|
|poke|p2|Kartana|
|teampreview
|j| sealoo
|j| DBREN
|inactive|LET ME LURK has 120 seconds left.
|
|t:|1656822525
|start
|switch|p1a: Buzzwole|Buzzwole|100/100
|switch|p2a: Krookodile|Krookodile, M|100/100
|-ability|p2a: Krookodile|Intimidate|boost
|-unboost|p1a: Buzzwole|atk|1
|turn|1
|
|t:|1656822533
|move|p2a: Krookodile|Stealth Rock|p1a: Buzzwole
|-sidestart|p1: LET ME LURK|move: Stealth Rock
|move|p1a: Buzzwole|Drain Punch|p2a: Krookodile
|-supereffective|p2a: Krookodile
|-damage|p2a: Krookodile|47/100
|
|upkeep
|turn|2
|
|t:|1656822537
|move|p2a: Krookodile|Knock Off|p1a: Buzzwole
|-resisted|p1a: Buzzwole
|-damage|p1a: Buzzwole|89/100
|-enditem|p1a: Buzzwole|Heavy-Duty Boots|[from] move: Knock Off|[of] p2a: Krookodile
|move|p1a: Buzzwole|Drain Punch|p2a: Krookodile
|-supereffective|p2a: Krookodile
|-damage|p2a: Krookodile|0 fnt
|-heal|p1a: Buzzwole|100/100|[from] drain|[of] p2a: Krookodile
|faint|p2a: Krookodile
|-ability|p1a: Buzzwole|Beast Boost|boost
|-boost|p1a: Buzzwole|def|1
|
|upkeep
|j|%Sww-Suwa
|j| Trailblazer324
|
|t:|1656822559
|switch|p2a: Gengar|Gengar, M, shiny|100/100
|turn|3
|
|t:|1656822564
|switch|p1a: Toxapex|Toxapex, M|100/100
|-damage|p1a: Toxapex|88/100|[from] Stealth Rock
|move|p2a: Gengar|Shadow Ball|p1a: Toxapex
|-damage|p1a: Toxapex|57/100
|
|upkeep
|turn|4
|
|t:|1656822568
|move|p2a: Gengar|Shadow Ball|p1a: Toxapex
|-damage|p1a: Toxapex|24/100
|-unboost|p1a: Toxapex|spd|1
|move|p1a: Toxapex|Knock Off|p2a: Gengar
|-supereffective|p2a: Gengar
|-damage|p2a: Gengar|45/100
|-enditem|p2a: Gengar|Focus Sash|[from] move: Knock Off|[of] p1a: Toxapex
|
|upkeep
|turn|5
|
|t:|1656822574
|switch|p1a: Blissey|Blissey, F|100/100
|move|p2a: Gengar|Sludge Wave|p1a: Blissey
|-damage|p1a: Blissey|82/100
|
|upkeep
|turn|6
|
|t:|1656822577
|move|p2a: Gengar|Taunt|p1a: Blissey
|-start|p1a: Blissey|move: Taunt
|cant|p1a: Blissey|move: Taunt|Stealth Rock
|
|upkeep
|turn|7
|j| nocluewhatamdoing
|
|t:|1656822588
|switch|p1a: Espeon|Espeon, M|100/100
|-damage|p1a: Espeon|88/100|[from] Stealth Rock
|move|p2a: Gengar|Shadow Ball|p1a: Espeon
|-supereffective|p1a: Espeon
|-damage|p1a: Espeon|22/100
|
|-heal|p1a: Espeon|28/100|[from] item: Leftovers
|upkeep
|turn|8
|
|t:|1656822592
|move|p1a: Espeon|Protect|p1a: Espeon
|-singleturn|p1a: Espeon|Protect
|move|p2a: Gengar|Shadow Ball|p1a: Espeon
|-activate|p1a: Espeon|move: Protect
|
|-heal|p1a: Espeon|34/100|[from] item: Leftovers
|upkeep
|turn|9
|
|t:|1656822597
|move|p2a: Gengar|Shadow Ball|p1a: Espeon
|-supereffective|p1a: Espeon
|-crit|p1a: Espeon
|-damage|p1a: Espeon|0 fnt
|faint|p1a: Espeon
|
|upkeep
|
|t:|1656822599
|switch|p1a: Toxapex|Toxapex, M|58/100
|-damage|p1a: Toxapex|45/100|[from] Stealth Rock
|turn|10
|
|t:|1656822606
|move|p2a: Gengar|Shadow Ball|p1a: Toxapex
|-damage|p1a: Toxapex|16/100
|move|p1a: Toxapex|Recover|p1a: Toxapex
|-heal|p1a: Toxapex|66/100
|
|upkeep
|turn|11
|l| nocluewhatamdoing
|
|t:|1656822615
|move|p2a: Gengar|Shadow Ball|p1a: Toxapex
|-damage|p1a: Toxapex|34/100
|-unboost|p1a: Toxapex|spd|1
|move|p1a: Toxapex|Knock Off|p2a: Gengar
|-supereffective|p2a: Gengar
|-damage|p2a: Gengar|4/100
|
|upkeep
|turn|12
|
|t:|1656822621
|switch|p1a: Blissey|Blissey, F|82/100
|move|p2a: Gengar|Sludge Wave|p1a: Blissey
|-damage|p1a: Blissey|66/100
|
|upkeep
|turn|13
|
|t:|1656822625
|switch|p1a: Toxapex|Toxapex, M|67/100
|-damage|p1a: Toxapex|55/100|[from] Stealth Rock
|move|p2a: Gengar|Taunt|p1a: Toxapex
|-start|p1a: Toxapex|move: Taunt
|
|upkeep
|turn|14
|
|t:|1656822627
|move|p2a: Gengar|Shadow Ball|p1a: Toxapex
|-damage|p1a: Toxapex|21/100
|move|p1a: Toxapex|Knock Off|p2a: Gengar
|-supereffective|p2a: Gengar
|-crit|p2a: Gengar
|-damage|p2a: Gengar|0 fnt
|faint|p2a: Gengar
|
|upkeep
|
|t:|1656822643
|switch|p2a: Blacephalon|Blacephalon|100/100
|turn|15
|
|t:|1656822646
|switch|p1a: Blissey|Blissey, F|66/100
|move|p2a: Blacephalon|Trick|p1a: Blissey
|-activate|p2a: Blacephalon|move: Trick|[of] p1a: Blissey
|-item|p1a: Blissey|Choice Scarf|[from] move: Trick
|-item|p2a: Blacephalon|Heavy-Duty Boots|[from] move: Trick
|
|upkeep
|turn|16
|
|t:|1656822652
|move|p2a: Blacephalon|Taunt|p1a: Blissey
|-start|p1a: Blissey|move: Taunt
|cant|p1a: Blissey|move: Taunt|Stealth Rock
|
|upkeep
|turn|17
|
|t:|1656822658
|switch|p1a: Toxapex|Toxapex, M|55/100
|-damage|p1a: Toxapex|42/100|[from] Stealth Rock
|move|p2a: Blacephalon|Shadow Ball|p1a: Toxapex
|-damage|p1a: Toxapex|5/100
|
|upkeep
|turn|18
|
|t:|1656822661
|switch|p1a: Blissey|Blissey, F|66/100
|-damage|p1a: Blissey|53/100|[from] Stealth Rock
|move|p2a: Blacephalon|Shadow Ball|p1a: Blissey
|-immune|p1a: Blissey
|
|upkeep
|turn|19
|
|t:|1656822665
|switch|p1a: Quagsire|Quagsire, M|100/100
|-damage|p1a: Quagsire|94/100|[from] Stealth Rock
|move|p2a: Blacephalon|Taunt|p1a: Quagsire
|-start|p1a: Quagsire|move: Taunt
|
|-heal|p1a: Quagsire|100/100|[from] item: Leftovers
|upkeep
|turn|20
|l| DBREN
|j| AlIoutdragadarts
|
|t:|1656822676
|switch|p2a: Landorus|Landorus-Therian, M|100/100
|-ability|p2a: Landorus|Intimidate|boost
|-unboost|p1a: Quagsire|atk|1
|move|p1a: Quagsire|Earthquake|p2a: Landorus
|-immune|p2a: Landorus
|
|upkeep
|turn|21
|l| AlIoutdragadarts
|
|t:|1656822681
|switch|p1a: Buzzwole|Buzzwole|100/100
|-damage|p1a: Buzzwole|88/100|[from] Stealth Rock
|move|p2a: Landorus|U-turn|p1a: Buzzwole
|-resisted|p1a: Buzzwole
|-crit|p1a: Buzzwole
|-damage|p1a: Buzzwole|78/100
|
|t:|1656822689
|switch|p2a: Tapu Lele|Tapu Lele|100/100|[from]move: U-turn
|-fieldstart|move: Psychic Terrain|[from] ability: Psychic Surge|[of] p2a: Tapu Lele
|
|upkeep
|turn|22
|
|t:|1656822692
|switch|p1a: Corviknight|Corviknight, F|100/100
|-damage|p1a: Corviknight|88/100|[from] Stealth Rock
|-ability|p1a: Corviknight|Pressure
|move|p2a: Tapu Lele|Psyshock|p1a: Corviknight
|-resisted|p1a: Corviknight
|-damage|p1a: Corviknight|63/100
|
|-heal|p1a: Corviknight|69/100|[from] item: Leftovers
|upkeep
|turn|23
|
|t:|1656822694
|move|p2a: Tapu Lele|Taunt|p1a: Corviknight
|-start|p1a: Corviknight|move: Taunt
|cant|p1a: Corviknight|move: Taunt|Defog
|
|-heal|p1a: Corviknight|75/100|[from] item: Leftovers
|upkeep
|turn|24
|
|t:|1656822697
|move|p2a: Tapu Lele|Psyshock|p1a: Corviknight
|-resisted|p1a: Corviknight
|-damage|p1a: Corviknight|48/100
|move|p1a: Corviknight|Brave Bird|p2a: Tapu Lele
|-damage|p2a: Tapu Lele|47/100
|-damage|p1a: Corviknight|36/100|[from] Recoil
|
|-heal|p1a: Corviknight|42/100|[from] item: Leftovers
|upkeep
|turn|25
|inactive|HOF69 has 120 seconds left.
|j| MasterPhart
|
|t:|1656822739
|switch|p2a: Kartana|Kartana|100/100
|move|p1a: Corviknight|Brave Bird|p2a: Kartana
|-damage|p2a: Kartana|63/100
|-damage|p1a: Corviknight|34/100|[from] Recoil
|
|-heal|p1a: Corviknight|40/100|[from] item: Leftovers
|-end|p1a: Corviknight|move: Taunt
|-fieldend|move: Psychic Terrain
|upkeep
|turn|26
|
|t:|1656822748
|switch|p1a: Buzzwole|Buzzwole|78/100
|-damage|p1a: Buzzwole|66/100|[from] Stealth Rock
|move|p2a: Kartana|Knock Off|p1a: Buzzwole
|-resisted|p1a: Buzzwole
|-damage|p1a: Buzzwole|60/100
|
|upkeep
|turn|27
|inactive|HOF69 has 120 seconds left.
|
|t:|1656822766
|switch|p2a: Tapu Lele|Tapu Lele|47/100
|-fieldstart|move: Psychic Terrain|[from] ability: Psychic Surge|[of] p2a: Tapu Lele
|move|p1a: Buzzwole|Toxic|p2a: Tapu Lele
|-status|p2a: Tapu Lele|tox
|
|-damage|p2a: Tapu Lele|41/100 tox|[from] psn
|upkeep
|turn|28
|j| Rosaism
|
|t:|1656822777
|switch|p1a: Corviknight|Corviknight, F|40/100
|-damage|p1a: Corviknight|28/100|[from] Stealth Rock
|-ability|p1a: Corviknight|Pressure
|move|p2a: Tapu Lele|Psyshock|p1a: Corviknight
|-resisted|p1a: Corviknight
|-damage|p1a: Corviknight|1/100
|
|-heal|p1a: Corviknight|8/100|[from] item: Leftovers
|-damage|p2a: Tapu Lele|29/100 tox|[from] psn
|upkeep
|turn|29
|j| Lou Dort
|
|t:|1656822780
|move|p2a: Tapu Lele|Psyshock|p1a: Corviknight
|-resisted|p1a: Corviknight
|-damage|p1a: Corviknight|0 fnt
|faint|p1a: Corviknight
|
|-damage|p2a: Tapu Lele|11/100 tox|[from] psn
|upkeep
|
|t:|1656822787
|switch|p1a: Toxapex|Toxapex, M|39/100
|-damage|p1a: Toxapex|27/100|[from] Stealth Rock
|turn|30
|
|t:|1656822817
|switch|p1a: Blissey|Blissey, F|53/100
|-damage|p1a: Blissey|41/100|[from] Stealth Rock
|move|p2a: Tapu Lele|Psyshock|p1a: Blissey
|-damage|p1a: Blissey|0 fnt
|faint|p1a: Blissey
|
|-damage|p2a: Tapu Lele|0 fnt|[from] psn
|faint|p2a: Tapu Lele
|upkeep
|inactive|LET ME LURK has 120 seconds left.
|
|t:|1656822838
|switch|p2a: Kartana|Kartana|63/100
|switch|p1a: Toxapex|Toxapex, M|60/100
|-damage|p1a: Toxapex|48/100|[from] Stealth Rock
|turn|31
|inactive|HOF69 has 120 seconds left.
|
|t:|1656822870
|switch|p1a: Buzzwole|Buzzwole|60/100
|-damage|p1a: Buzzwole|47/100|[from] Stealth Rock
|move|p2a: Kartana|Swords Dance|p2a: Kartana
|-boost|p2a: Kartana|atk|2
|
|-fieldend|move: Psychic Terrain
|upkeep
|turn|32
|j| Iknowup
|j| AlIoutdragadarts
|
|t:|1656822889
|switch|p2a: Blacephalon|Blacephalon|100/100
|move|p1a: Buzzwole|Roost|p1a: Buzzwole
|-heal|p1a: Buzzwole|97/100
|-singleturn|p1a: Buzzwole|move: Roost
|
|upkeep
|turn|33
|l| AlIoutdragadarts
|
|t:|1656822902
|switch|p1a: Toxapex|Toxapex, M|81/100
|-damage|p1a: Toxapex|69/100|[from] Stealth Rock
|move|p2a: Blacephalon|Shadow Ball|p1a: Toxapex
|-damage|p1a: Toxapex|32/100
|
|upkeep
|turn|34
|
|t:|1656822908
|move|p2a: Blacephalon|Shadow Ball|p1a: Toxapex
|-damage|p1a: Toxapex|0 fnt
|faint|p1a: Toxapex
|-ability|p2a: Blacephalon|Beast Boost|boost
|-boost|p2a: Blacephalon|spa|1
|
|upkeep
|
|t:|1656822909
|switch|p1a: Quagsire|Quagsire, M|100/100
|-damage|p1a: Quagsire|94/100|[from] Stealth Rock
|turn|35
|inactive|HOF69 has 120 seconds left.
|
|t:|1656822931
|switch|p2a: Landorus|Landorus-Therian, M|100/100
|-ability|p2a: Landorus|Intimidate|boost
|-unboost|p1a: Quagsire|atk|1
|move|p1a: Quagsire|Scald|p2a: Landorus
|-supereffective|p2a: Landorus
|-damage|p2a: Landorus|79/100
|-status|p2a: Landorus|brn
|
|-heal|p1a: Quagsire|100/100|[from] item: Leftovers
|-damage|p2a: Landorus|72/100 brn|[from] brn
|upkeep
|turn|36
|inactive|HOF69 has 120 seconds left.
|
|t:|1656822943
|move|p2a: Landorus|Knock Off|p1a: Quagsire
|-damage|p1a: Quagsire|89/100
|-enditem|p1a: Quagsire|Leftovers|[from] move: Knock Off|[of] p2a: Landorus
|move|p1a: Quagsire|Scald|p2a: Landorus
|-supereffective|p2a: Landorus
|-damage|p2a: Landorus|47/100 brn
|
|-damage|p2a: Landorus|41/100 brn|[from] brn
|upkeep
|turn|37
|c| MasterPhart|blacephalon = best pokemon
|inactive|HOF69 has 120 seconds left.
|
|t:|1656822969
|move|p2a: Landorus|Earthquake|p1a: Quagsire
|-damage|p1a: Quagsire|69/100
|move|p1a: Quagsire|Recover|p1a: Quagsire
|-heal|p1a: Quagsire|100/100
|
|-damage|p2a: Landorus|35/100 brn|[from] brn
|upkeep
|turn|38
|
|t:|1656822991
|move|p2a: Landorus|Earthquake|p1a: Quagsire
|-damage|p1a: Quagsire|81/100
|move|p1a: Quagsire|Scald|p2a: Landorus
|-supereffective|p2a: Landorus
|-damage|p2a: Landorus|11/100 brn
|
|-damage|p2a: Landorus|5/100 brn|[from] brn
|upkeep
|turn|39
|
|t:|1656822996
|move|p2a: Landorus|U-turn|p1a: Quagsire
|-damage|p1a: Quagsire|73/100
|
|t:|1656822998
|switch|p2a: Kartana|Kartana|63/100|[from]move: U-turn
|move|p1a: Quagsire|Recover|p1a: Quagsire
|-heal|p1a: Quagsire|100/100
|
|upkeep
|turn|40
|inactive|HOF69 has 120 seconds left.
|
|t:|1656823008
|switch|p2a: Landorus|Landorus-Therian, M|5/100 brn
|-ability|p2a: Landorus|Intimidate|boost
|-unboost|p1a: Quagsire|atk|1
|switch|p1a: Buzzwole|Buzzwole|97/100
|-damage|p1a: Buzzwole|85/100|[from] Stealth Rock
|
|-damage|p2a: Landorus|0 fnt|[from] brn
|faint|p2a: Landorus
|upkeep
|
|t:|1656823011
|switch|p2a: Blacephalon|Blacephalon|100/100
|turn|41
|
|t:|1656823016
|switch|p1a: Quagsire|Quagsire, M|100/100
|-damage|p1a: Quagsire|94/100|[from] Stealth Rock
|move|p2a: Blacephalon|Shadow Ball|p1a: Quagsire
|-damage|p1a: Quagsire|42/100
|
|upkeep
|turn|42
|-message|LET ME LURK forfeited.
|
|win|HOF69
|n|☆LET ME LURK|letmelurk
|n|☆HOF69|hof69
|n| sealoo|sealoo
|n| Sww-Suwa|swwsuwa
|n| Trailblazer324|trailblazer324
|n| MasterPhart|masterphart
|n| Rosaism|rosaism
|n| Lou Dort|loudort
|n| Iknowup|iknowup
|l|☆LET ME LURK
|c|☆HOF69|gg
|l| Sww-Suwa
|l| Rosaism
|l| sealoo
|l| Trailblazer324
|l| Lou Dort
|l|☆HOF69
|l| MasterPhart
