|j|☆exlipse
|j|☆Mamaw31180
|player|p1|exlipse|clair|1578
|player|p2|Mamaw31180|2|1590
|teamsize|p1|6
|teamsize|p2|6
|gametype|singles
|gen|8
|tier|[Gen 8] OU
|rated|
|clearpoke
|poke|p1|Bewear, F|
|poke|p1|Clefable, F|
|poke|p1|Toxapex, M|
|poke|p1|Corviknight, F|
|poke|p1|Reuniclus, M|
|poke|p1|Mew|
|poke|p2|Clefable, M|
|poke|p2|Zeraora|
|poke|p2|Dracovish|
|poke|p2|Seismitoad, F|
|poke|p2|Corviknight, F|
|poke|p2|Kyurem|
|rule|Sleep Clause Mod: Limit one foe put to sleep
|rule|Species Clause: Limit one of each Pokémon
|rule|OHKO Clause: OHKO moves are banned
|rule|Evasion Moves Clause: Evasion moves are banned
|rule|Endless Battle Clause: Forcing endless battles is banned
|rule|HP Percentage Mod: HP is shown in percentages
|rule|Dynamax Clause: You cannot dynamax
|teampreview
|
|start
|switch|p1a: Reuniclus|Reuniclus, M|100/100
|switch|p2a: Kyurem|Kyurem|100/100
|-ability|p2a: Kyurem|Pressure
|turn|1
|inactive|Battle timer is ON: inactive players will automatically lose when time's up. (requested by Mamaw31180)
|
|move|p2a: Kyurem|Ice Beam|p1a: Reuniclus
|-damage|p1a: Reuniclus|68/100
|move|p1a: Reuniclus|Focus Blast|p2a: Kyurem|[miss]
|-miss|p1a: Reuniclus|p2a: Kyurem
|
|upkeep
|turn|2
|
|switch|p2a: Clefable|Clefable, M|100/100
|move|p1a: Reuniclus|Focus Blast|p2a: Clefable
|-resisted|p2a: Clefable
|-damage|p2a: Clefable|90/100
|
|-heal|p2a: Clefable|96/100|[from] item: Leftovers
|upkeep
|turn|3
|
|move|p2a: Clefable|Moonblast|p1a: Reuniclus
|-damage|p1a: Reuniclus|54/100
|move|p1a: Reuniclus|Future Sight|p2a: Clefable
|-start|p1a: Reuniclus|move: Future Sight
|
|-heal|p2a: Clefable|100/100|[from] item: Leftovers
|upkeep
|turn|4
|
|move|p2a: Clefable|Moonblast|p1a: Reuniclus
|-crit|p1a: Reuniclus
|-damage|p1a: Reuniclus|34/100
|move|p1a: Reuniclus|Knock Off|p2a: Clefable
|-resisted|p2a: Clefable
|-damage|p2a: Clefable|92/100
|-enditem|p2a: Clefable|Leftovers|[from] move: Knock Off|[of] p1a: Reuniclus
|
|upkeep
|turn|5
|
|move|p2a: Clefable|Moonblast|p1a: Reuniclus
|-damage|p1a: Reuniclus|21/100
|move|p1a: Reuniclus|Psyshock|p2a: Clefable
|-damage|p2a: Clefable|58/100
|
|-end|p2a: Clefable|move: Future Sight
|-damage|p2a: Clefable|27/100
|upkeep
|turn|6
|
|move|p2a: Clefable|Moonblast|p1a: Reuniclus
|-damage|p1a: Reuniclus|8/100
|move|p1a: Reuniclus|Psyshock|p2a: Clefable
|-damage|p2a: Clefable|0 fnt
|faint|p2a: Clefable
|
|upkeep
|
|switch|p2a: Dracovish|Dracovish|100/100
|turn|7
|
|switch|p1a: Toxapex|Toxapex, M|100/100
|move|p2a: Dracovish|Fishious Rend|p1a: Toxapex
|-resisted|p1a: Toxapex
|-damage|p1a: Toxapex|46/100
|
|-heal|p1a: Toxapex|52/100|[from] item: Black Sludge
|upkeep
|turn|8
|
|move|p1a: Toxapex|Baneful Bunker|p1a: Toxapex
|-singleturn|p1a: Toxapex|move: Protect
|move|p2a: Dracovish|Fishious Rend|p1a: Toxapex
|-activate|p1a: Toxapex|move: Protect
|-status|p2a: Dracovish|psn
|
|-heal|p1a: Toxapex|59/100|[from] item: Black Sludge
|-damage|p2a: Dracovish|88/100 psn|[from] psn
|upkeep
|turn|9
|
|move|p2a: Dracovish|Fishious Rend|p1a: Toxapex
|-resisted|p1a: Toxapex
|-damage|p1a: Toxapex|10/100
|move|p1a: Toxapex|Recover|p1a: Toxapex
|-heal|p1a: Toxapex|60/100
|
|-heal|p1a: Toxapex|66/100|[from] item: Black Sludge
|-damage|p2a: Dracovish|76/100 psn|[from] psn
|upkeep
|turn|10
|
|switch|p2a: Seismitoad|Seismitoad, F|100/100
|move|p1a: Toxapex|Baneful Bunker||[still]
|-fail|p1a: Toxapex
|
|-heal|p1a: Toxapex|73/100|[from] item: Black Sludge
|upkeep
|turn|11
|
|switch|p1a: Mew|Mew|100/100
|move|p2a: Seismitoad|Stealth Rock|p1a: Mew
|-sidestart|p1: exlipse|move: Stealth Rock
|
|upkeep
|turn|12
|
|switch|p2a: Corviknight|Corviknight, F|100/100
|-ability|p2a: Corviknight|Pressure
|move|p1a: Mew|Imprison|p1a: Mew
|-start|p1a: Mew|move: Imprison
|
|upkeep
|turn|13
|
|switch|p2a: Kyurem|Kyurem|100/100
|-ability|p2a: Kyurem|Pressure
|move|p1a: Mew|Block|p2a: Kyurem
|-activate|p2a: Kyurem|trapped
|
|upkeep
|turn|14
|
|move|p2a: Kyurem|Ice Beam|p1a: Mew
|-damage|p1a: Mew|60/100
|move|p1a: Mew|Transform|p2a: Kyurem
|-transform|p1a: Mew|p2a: Kyurem
|-endability|p1a: Mew|Synchronize|[from] move: Transform
|-ability|p1a: Mew|Pressure
|
|-heal|p1a: Mew|67/100|[from] item: Leftovers
|upkeep
|turn|15
|
|-activate|p2a: Kyurem|move: Struggle
|move|p2a: Kyurem|Struggle|p1a: Mew
|-damage|p1a: Mew|54/100
|-damage|p2a: Kyurem|75/100|[from] recoil
|move|p1a: Mew|Earth Power|p2a: Kyurem
|-damage|p2a: Kyurem|47/100
|
|-heal|p1a: Mew|60/100|[from] item: Leftovers
|upkeep
|turn|16
|
|-activate|p2a: Kyurem|move: Struggle
|move|p2a: Kyurem|Struggle|p1a: Mew
|-damage|p1a: Mew|49/100
|-damage|p2a: Kyurem|22/100|[from] recoil
|move|p1a: Mew|Earth Power|p2a: Kyurem
|-damage|p2a: Kyurem|0 fnt
|faint|p2a: Kyurem
|
|-heal|p1a: Mew|55/100|[from] item: Leftovers
|upkeep
|
|switch|p2a: Corviknight|Corviknight, F|100/100
|-ability|p2a: Corviknight|Pressure
|turn|17
|
|switch|p1a: Bewear|Bewear, F|100/100
|-damage|p1a: Bewear|94/100|[from] Stealth Rock
|move|p2a: Corviknight|Iron Defense|p2a: Corviknight
|-boost|p2a: Corviknight|def|2
|
|upkeep
|turn|18
|
|move|p2a: Corviknight|Iron Defense|p2a: Corviknight
|-boost|p2a: Corviknight|def|2
|move|p1a: Bewear|Swords Dance|p1a: Bewear
|-boost|p1a: Bewear|atk|2
|
|upkeep
|turn|19
|
|move|p2a: Corviknight|Iron Defense|p2a: Corviknight
|-boost|p2a: Corviknight|def|2
|move|p1a: Bewear|Swords Dance|p1a: Bewear
|-boost|p1a: Bewear|atk|2
|
|upkeep
|turn|20
|
|move|p2a: Corviknight|Body Press|p1a: Bewear
|-supereffective|p1a: Bewear
|-damage|p1a: Bewear|19/100
|-damage|p2a: Corviknight|84/100|[from] item: Rocky Helmet|[of] p1a: Bewear
|move|p1a: Bewear|Swords Dance|p1a: Bewear
|-boost|p1a: Bewear|atk|2
|
|-heal|p2a: Corviknight|90/100|[from] item: Leftovers
|upkeep
|turn|21
|
|switch|p1a: Clefable|Clefable, F|100/100
|-damage|p1a: Clefable|88/100|[from] Stealth Rock
|move|p2a: Corviknight|Body Press|p1a: Clefable
|-resisted|p1a: Clefable
|-damage|p1a: Clefable|74/100
|
|-heal|p2a: Corviknight|96/100|[from] item: Leftovers
|-heal|p1a: Clefable|80/100|[from] item: Leftovers
|upkeep
|turn|22
|
|switch|p2a: Seismitoad|Seismitoad, F|100/100
|move|p1a: Clefable|Moonblast|p2a: Seismitoad
|-damage|p2a: Seismitoad|79/100
|-unboost|p2a: Seismitoad|spa|1
|
|-heal|p2a: Seismitoad|85/100|[from] item: Leftovers
|-heal|p1a: Clefable|86/100|[from] item: Leftovers
|upkeep
|turn|23
|
|move|p2a: Seismitoad|Toxic|p1a: Clefable
|-status|p1a: Clefable|tox
|move|p1a: Clefable|Moonblast|p2a: Seismitoad
|-damage|p2a: Seismitoad|61/100
|
|-heal|p2a: Seismitoad|67/100|[from] item: Leftovers
|-heal|p1a: Clefable|92/100 tox|[from] item: Leftovers
|-damage|p1a: Clefable|86/100 tox|[from] psn
|upkeep
|turn|24
|
|switch|p2a: Corviknight|Corviknight, F|96/100
|-ability|p2a: Corviknight|Pressure
|move|p1a: Clefable|Moonblast|p2a: Corviknight
|-resisted|p2a: Corviknight
|-damage|p2a: Corviknight|81/100
|
|-heal|p2a: Corviknight|88/100|[from] item: Leftovers
|-heal|p1a: Clefable|92/100 tox|[from] item: Leftovers
|-damage|p1a: Clefable|80/100 tox|[from] psn
|upkeep
|turn|25
|
|move|p2a: Corviknight|Body Press|p1a: Clefable
|-resisted|p1a: Clefable
|-damage|p1a: Clefable|65/100 tox
|move|p1a: Clefable|Aromatherapy|p1a: Clefable
|-activate|p1a: Clefable|move: Aromatherapy
|-curestatus|p1a: Clefable|tox|[msg]
|
|-heal|p2a: Corviknight|94/100|[from] item: Leftovers
|-heal|p1a: Clefable|71/100|[from] item: Leftovers
|upkeep
|turn|26
|
|switch|p2a: Dracovish|Dracovish|76/100 psn
|switch|p1a: Reuniclus|Reuniclus, M|41/100
|-damage|p1a: Reuniclus|29/100|[from] Stealth Rock
|
|-damage|p2a: Dracovish|63/100 psn|[from] psn
|upkeep
|turn|27
|
|switch|p1a: Toxapex|Toxapex, M|100/100
|-damage|p1a: Toxapex|88/100|[from] Stealth Rock
|move|p2a: Dracovish|Fishious Rend|p1a: Toxapex
|-resisted|p1a: Toxapex
|-damage|p1a: Toxapex|34/100
|
|-heal|p1a: Toxapex|40/100|[from] item: Black Sludge
|-damage|p2a: Dracovish|51/100 psn|[from] psn
|upkeep
|turn|28
|
|move|p1a: Toxapex|Baneful Bunker|p1a: Toxapex
|-singleturn|p1a: Toxapex|move: Protect
|move|p2a: Dracovish|Fishious Rend|p1a: Toxapex
|-activate|p1a: Toxapex|move: Protect
|
|-heal|p1a: Toxapex|46/100|[from] item: Black Sludge
|-damage|p2a: Dracovish|38/100 psn|[from] psn
|upkeep
|turn|29
|
|switch|p1a: Bewear|Bewear, F|19/100
|-damage|p1a: Bewear|13/100|[from] Stealth Rock
|move|p2a: Dracovish|Fishious Rend|p1a: Bewear
|-damage|p1a: Bewear|0 fnt
|-damage|p2a: Dracovish|22/100 psn|[from] item: Rocky Helmet|[of] p1a: Bewear
|faint|p1a: Bewear
|
|-damage|p2a: Dracovish|10/100 psn|[from] psn
|upkeep
|
|switch|p1a: Corviknight|Corviknight, F|100/100
|-damage|p1a: Corviknight|88/100|[from] Stealth Rock
|-ability|p1a: Corviknight|Pressure
|turn|30
|
|switch|p2a: Zeraora|Zeraora|100/100
|move|p1a: Corviknight|Defog|p2a: Zeraora
|-unboost|p2a: Zeraora|evasion|1
|-sideend|p1: exlipse|Stealth Rock|[from] move: Defog|[of] p1a: Corviknight
|
|-heal|p1a: Corviknight|94/100|[from] item: Leftovers
|upkeep
|turn|31
|
|move|p2a: Zeraora|Calm Mind|p2a: Zeraora
|-boost|p2a: Zeraora|spa|1
|-boost|p2a: Zeraora|spd|1
|move|p1a: Corviknight|Body Press|p2a: Zeraora
|-damage|p2a: Zeraora|67/100
|
|-heal|p2a: Zeraora|73/100|[from] item: Leftovers
|-heal|p1a: Corviknight|100/100|[from] item: Leftovers
|upkeep
|turn|32
|
|move|p2a: Zeraora|Thunderbolt|p1a: Corviknight
|-supereffective|p1a: Corviknight
|-crit|p1a: Corviknight
|-damage|p1a: Corviknight|0 fnt
|faint|p1a: Corviknight
|
|-heal|p2a: Zeraora|79/100|[from] item: Leftovers
|upkeep
|
|switch|p1a: Clefable|Clefable, F|71/100
|turn|33
|
|move|p2a: Zeraora|Thunderbolt|p1a: Clefable
|-damage|p1a: Clefable|45/100
|move|p1a: Clefable|Moonblast|p2a: Zeraora
|-damage|p2a: Zeraora|38/100
|
|-heal|p2a: Zeraora|44/100|[from] item: Leftovers
|-heal|p1a: Clefable|51/100|[from] item: Leftovers
|upkeep
|turn|34
|
|switch|p2a: Dracovish|Dracovish|10/100 psn
|move|p1a: Clefable|Wish|p1a: Clefable
|
|-heal|p1a: Clefable|57/100|[from] item: Leftovers
|-damage|p2a: Dracovish|0 fnt|[from] psn
|faint|p2a: Dracovish
|upkeep
|
|switch|p2a: Corviknight|Corviknight, F|94/100
|-ability|p2a: Corviknight|Pressure
|turn|35
|
|move|p2a: Corviknight|Iron Defense|p2a: Corviknight
|-boost|p2a: Corviknight|def|2
|move|p1a: Clefable|Teleport|p1a: Clefable
|
|switch|p1a: Mew|Mew|55/100|[from]move: Teleport
|
|-heal|p1a: Mew|100/100|[from] move: Wish|[wisher] Clefable
|-heal|p2a: Corviknight|99/100|[from] item: Leftovers
|upkeep
|turn|36
|
|switch|p2a: Seismitoad|Seismitoad, F|67/100
|move|p1a: Mew|Imprison|p1a: Mew
|-start|p1a: Mew|move: Imprison
|
|-heal|p2a: Seismitoad|73/100|[from] item: Leftovers
|upkeep
|turn|37
|
|move|p1a: Mew|Transform|p2a: Seismitoad
|-transform|p1a: Mew|p2a: Seismitoad
|-endability|p1a: Mew|Synchronize|[from] move: Transform
|cant|p2a: Seismitoad|move: Imprison|Toxic
|
|-heal|p2a: Seismitoad|79/100|[from] item: Leftovers
|upkeep
|turn|38
|
|move|p1a: Mew|Toxic|p2a: Seismitoad
|-status|p2a: Seismitoad|tox
|-activate|p2a: Seismitoad|move: Struggle
|move|p2a: Seismitoad|Struggle|p1a: Mew
|-damage|p1a: Mew|89/100
|-damage|p2a: Seismitoad|54/100 tox|[from] recoil
|
|-heal|p2a: Seismitoad|60/100 tox|[from] item: Leftovers
|-heal|p1a: Mew|95/100|[from] item: Leftovers
|-damage|p2a: Seismitoad|54/100 tox|[from] psn
|upkeep
|turn|39
|
|switch|p2a: Corviknight|Corviknight, F|99/100
|-ability|p2a: Corviknight|Pressure
|move|p1a: Mew|Stealth Rock|p2a: Corviknight
|-sidestart|p2: Mamaw31180|move: Stealth Rock
|
|-heal|p1a: Mew|100/100|[from] item: Leftovers
|-heal|p2a: Corviknight|100/100|[from] item: Leftovers
|upkeep
|turn|40
|
|move|p1a: Mew|Scald|p2a: Corviknight
|-damage|p2a: Corviknight|78/100
|-status|p2a: Corviknight|brn
|move|p2a: Corviknight|Defog|p1a: Mew
|-unboost|p1a: Mew|evasion|1
|-sideend|p2: Mamaw31180|Stealth Rock|[from] move: Defog|[of] p2a: Corviknight
|
|-heal|p2a: Corviknight|85/100 brn|[from] item: Leftovers
|-damage|p2a: Corviknight|78/100 brn|[from] brn
|upkeep
|turn|41
|
|move|p1a: Mew|Scald|p2a: Corviknight
|-damage|p2a: Corviknight|57/100 brn
|move|p2a: Corviknight|Iron Defense|p2a: Corviknight
|-boost|p2a: Corviknight|def|2
|
|-heal|p2a: Corviknight|63/100 brn|[from] item: Leftovers
|-damage|p2a: Corviknight|57/100 brn|[from] brn
|upkeep
|turn|42
|
|switch|p1a: Reuniclus|Reuniclus, M|62/100
|move|p2a: Corviknight|Iron Defense|p2a: Corviknight
|-boost|p2a: Corviknight|def|2
|
|-heal|p2a: Corviknight|63/100 brn|[from] item: Leftovers
|-damage|p2a: Corviknight|57/100 brn|[from] brn
|upkeep
|turn|43
|
|move|p2a: Corviknight|Roost|p2a: Corviknight
|-heal|p2a: Corviknight|100/100 brn
|-singleturn|p2a: Corviknight|move: Roost
|move|p1a: Reuniclus|Future Sight|p2a: Corviknight
|-start|p1a: Reuniclus|move: Future Sight
|
|-damage|p2a: Corviknight|94/100 brn|[from] brn
|upkeep
|turn|44
|
|move|p2a: Corviknight|Body Press|p1a: Reuniclus
|-resisted|p1a: Reuniclus
|-damage|p1a: Reuniclus|41/100
|move|p1a: Reuniclus|Psyshock|p2a: Corviknight
|-resisted|p2a: Corviknight
|-damage|p2a: Corviknight|91/100 brn
|
|-heal|p2a: Corviknight|97/100 brn|[from] item: Leftovers
|-damage|p2a: Corviknight|91/100 brn|[from] brn
|upkeep
|turn|45
|
|move|p2a: Corviknight|Body Press|p1a: Reuniclus
|-resisted|p1a: Reuniclus
|-damage|p1a: Reuniclus|22/100
|move|p1a: Reuniclus|Knock Off|p2a: Corviknight
|-damage|p2a: Corviknight|88/100 brn
|-enditem|p2a: Corviknight|Leftovers|[from] move: Knock Off|[of] p1a: Reuniclus
|
|-end|p2a: Corviknight|move: Future Sight
|-resisted|p2a: Corviknight
|-damage|p2a: Corviknight|62/100 brn
|-damage|p2a: Corviknight|56/100 brn|[from] brn
|upkeep
|turn|46
|
|move|p2a: Corviknight|Roost|p2a: Corviknight
|-heal|p2a: Corviknight|100/100 brn
|-singleturn|p2a: Corviknight|move: Roost
|move|p1a: Reuniclus|Focus Blast|p2a: Corviknight|[miss]
|-miss|p1a: Reuniclus|p2a: Corviknight
|
|-damage|p2a: Corviknight|94/100 brn|[from] brn
|upkeep
|turn|47
|
|switch|p1a: Mew|Mew|100/100
|move|p2a: Corviknight|Iron Defense|p2a: Corviknight
|-boost|p2a: Corviknight|def|2
|
|-damage|p2a: Corviknight|88/100 brn|[from] brn
|upkeep
|turn|48
|
|move|p1a: Mew|Imprison|p1a: Mew
|-start|p1a: Mew|move: Imprison
|move|p2a: Corviknight|Body Press|p1a: Mew
|-resisted|p1a: Mew
|-damage|p1a: Mew|78/100
|
|-heal|p1a: Mew|84/100|[from] item: Leftovers
|-damage|p2a: Corviknight|82/100 brn|[from] brn
|upkeep
|turn|49
|
|switch|p2a: Seismitoad|Seismitoad, F|54/100 tox
|move|p1a: Mew|Block|p2a: Seismitoad
|-activate|p2a: Seismitoad|trapped
|
|-heal|p1a: Mew|90/100|[from] item: Leftovers
|-heal|p2a: Seismitoad|60/100 tox|[from] item: Leftovers
|-damage|p2a: Seismitoad|54/100 tox|[from] psn
|upkeep
|turn|50
|
|move|p1a: Mew|Transform|p2a: Seismitoad
|-transform|p1a: Mew|p2a: Seismitoad
|-endability|p1a: Mew|Synchronize|[from] move: Transform
|cant|p2a: Seismitoad|move: Imprison|Toxic
|
|-heal|p2a: Seismitoad|60/100 tox|[from] item: Leftovers
|-heal|p1a: Mew|96/100|[from] item: Leftovers
|-damage|p2a: Seismitoad|48/100 tox|[from] psn
|upkeep
|turn|51
|
|move|p1a: Mew|Stealth Rock|p2a: Seismitoad
|-sidestart|p2: Mamaw31180|move: Stealth Rock
|-activate|p2a: Seismitoad|move: Struggle
|move|p2a: Seismitoad|Struggle|p1a: Mew
|-damage|p1a: Mew|85/100
|-damage|p2a: Seismitoad|23/100 tox|[from] recoil
|
|-heal|p2a: Seismitoad|29/100 tox|[from] item: Leftovers
|-heal|p1a: Mew|91/100|[from] item: Leftovers
|-damage|p2a: Seismitoad|11/100 tox|[from] psn
|upkeep
|turn|52
|
|move|p1a: Mew|Earth Power|p2a: Seismitoad
|-damage|p2a: Seismitoad|0 fnt
|faint|p2a: Seismitoad
|
|-heal|p1a: Mew|97/100|[from] item: Leftovers
|upkeep
|
|switch|p2a: Zeraora|Zeraora|44/100
|-damage|p2a: Zeraora|32/100|[from] Stealth Rock
|turn|53
|j| HeavenStar
|
|switch|p1a: Reuniclus|Reuniclus, M|55/100
|move|p2a: Zeraora|Grass Knot|p1a: Reuniclus
|-damage|p1a: Reuniclus|50/100
|
|-heal|p2a: Zeraora|38/100|[from] item: Leftovers
|upkeep
|turn|54
|-message|Mamaw31180 forfeited.
|
|win|exlipse
|l|☆Mamaw31180
||Ladder (probably) updated, but score could not be retrieved (Response not received).
