|j|☆ChandosH
|j|☆superrouchuan
|t:|1667977185
|gametype|singles
|player|p1|ChandosH|n-masters|1769
|player|p2|superrouchuan|clown|1765
|teamsize|p1|6
|teamsize|p2|6
|gen|8
|tier|[Gen 8] OU
|rated|
|rule|Sleep Clause Mod: Limit one foe put to sleep
|rule|Species Clause: Limit one of each Pokémon
|rule|OHKO Clause: OHKO moves are banned
|rule|Evasion Items Clause: Evasion items are banned
|rule|Evasion Moves Clause: Evasion moves are banned
|rule|Endless Battle Clause: Forcing endless battles is banned
|rule|HP Percentage Mod: HP is shown in percentages
|rule|Dynamax Clause: You cannot dynamax
|clearpoke
|poke|p1|Tyranitar, M|
|poke|p1|Excadrill, M|
|poke|p1|Slowbro, F|
|poke|p1|Tornadus-Therian, M|
|poke|p1|Buzzwole|
|poke|p1|Heatran, M|
|poke|p2|Snorlax, M|
|poke|p2|Tapu Lele|
|poke|p2|Tyranitar, F|
|poke|p2|Zapdos|
|poke|p2|Garchomp, M|
|poke|p2|Buzzwole|
|teampreview
|
|t:|1667977219
|start
|switch|p1a: Tornadus|Tornadus-Therian, M|100/100
|switch|p2a: 蝶神|Tapu Lele|100/100
|-fieldstart|move: Psychic Terrain|[from] ability: Psychic Surge|[of] p2a: 蝶神
|turn|1
|
|t:|1667977229
|move|p2a: 蝶神|Psychic|p1a: Tornadus
|-damage|p1a: Tornadus|34/100
|move|p1a: Tornadus|Knock Off|p2a: 蝶神
|-damage|p2a: 蝶神|70/100
|-enditem|p2a: 蝶神|Choice Scarf|[from] move: Knock Off|[of] p1a: Tornadus
|
|upkeep
|turn|2
|
|t:|1667977241
|move|p1a: Tornadus|U-turn|p2a: 蝶神
|-damage|p2a: 蝶神|45/100
|
|t:|1667977249
|switch|p1a: Slowbro|Slowbro, F|100/100|[from]move: U-turn
|move|p2a: 蝶神|Focus Blast|p1a: Slowbro|[miss]
|-miss|p2a: 蝶神|p1a: Slowbro
|
|upkeep
|turn|3
|
|t:|1667977257
|move|p2a: 蝶神|Energy Ball|p1a: Slowbro
|-supereffective|p1a: Slowbro
|-damage|p1a: Slowbro|32/100
|move|p1a: Slowbro|Teleport|p1a: Slowbro
|inactive|Battle timer is ON: inactive players will automatically lose when time's up. (requested by superrouchuan)
|
|t:|1667977312
|switch|p1a: Heatran|Heatran, M|100/100|[from]move: Teleport
|
|upkeep
|turn|4
|
|t:|1667977318
|switch|p2a: 龙爷（虽然还是不会龙舞）|Garchomp, M|100/100
|move|p1a: Heatran|Magma Storm|p2a: 龙爷（虽然还是不会龙舞）|[miss]
|-miss|p1a: Heatran|p2a: 龙爷（虽然还是不会龙舞）
|
|upkeep
|turn|5
|
|t:|1667977329
|move|p2a: 龙爷（虽然还是不会龙舞）|Dragon Claw|p1a: Heatran
|-resisted|p1a: Heatran
|-damage|p1a: Heatran|68/100
|move|p1a: Heatran|Stealth Rock|p2a: 龙爷（虽然还是不会龙舞）
|-sidestart|p2: superrouchuan|move: Stealth Rock
|
|-heal|p1a: Heatran|74/100|[from] item: Leftovers
|-fieldend|move: Psychic Terrain
|upkeep
|turn|6
|
|t:|1667977357
|switch|p2a: 老班|Tyranitar, F, shiny|100/100
|-damage|p2a: 老班|88/100|[from] Stealth Rock
|-weather|Sandstorm|[from] ability: Sand Stream|[of] p2a: 老班
|switch|p1a: Tornadus|Tornadus-Therian, M|67/100
|
|-weather|Sandstorm|[upkeep]
|-damage|p1a: Tornadus|61/100|[from] Sandstorm
|-heal|p2a: 老班|94/100|[from] item: Leftovers
|upkeep
|turn|7
|
|t:|1667977372
|move|p1a: Tornadus|U-turn|p2a: 老班
|-supereffective|p2a: 老班
|-damage|p2a: 老班|72/100
|inactive|ChandosH has 120 seconds left.
|
|t:|1667977398
|switch|p1a: Buzzwole|Buzzwole|100/100|[from]move: U-turn
|move|p2a: 老班|Fire Blast|p1a: Buzzwole
|-supereffective|p1a: Buzzwole
|-damage|p1a: Buzzwole|18/100
|
|-weather|Sandstorm|[upkeep]
|-damage|p1a: Buzzwole|12/100|[from] Sandstorm
|-heal|p2a: 老班|78/100|[from] item: Leftovers
|upkeep
|turn|8
|
|t:|1667977405
|switch|p2a: 鸟哥|Zapdos, shiny|100/100
|-damage|p2a: 鸟哥|75/100|[from] Stealth Rock
|move|p1a: Buzzwole|Roost|p1a: Buzzwole
|-heal|p1a: Buzzwole|62/100
|-singleturn|p1a: Buzzwole|move: Roost
|
|-weather|Sandstorm|[upkeep]
|-damage|p1a: Buzzwole|56/100|[from] Sandstorm
|-damage|p2a: 鸟哥|69/100|[from] Sandstorm
|upkeep
|turn|9
|
|t:|1667977412
|switch|p1a: Excadrill|Excadrill, M|100/100
|move|p2a: 鸟哥|Defog|p1a: Excadrill
|-unboost|p1a: Excadrill|evasion|1
|-sideend|p2: superrouchuan|Stealth Rock|[from] move: Defog|[of] p2a: 鸟哥
|
|-weather|Sandstorm|[upkeep]
|-damage|p2a: 鸟哥|63/100|[from] Sandstorm
|upkeep
|turn|10
|inactive|ChandosH has 120 seconds left.
|
|t:|1667977440
|switch|p2a: 蚊大爷|Buzzwole|100/100
|move|p1a: Excadrill|Earthquake|p2a: 蚊大爷
|-resisted|p2a: 蚊大爷
|-damage|p2a: 蚊大爷|77/100
|
|-weather|none
|upkeep
|turn|11
|
|t:|1667977454
|switch|p1a: Buzzwole|Buzzwole|56/100
|move|p2a: 蚊大爷|Close Combat|p1a: Buzzwole
|-resisted|p1a: Buzzwole
|-damage|p1a: Buzzwole|30/100
|-unboost|p2a: 蚊大爷|def|1
|-unboost|p2a: 蚊大爷|spd|1
|-damage|p2a: 蚊大爷|61/100|[from] item: Rocky Helmet|[of] p1a: Buzzwole
|
|upkeep
|turn|12
|inactive|ChandosH has 90 seconds left.
|
|t:|1667977480
|switch|p2a: 蝶神|Tapu Lele|45/100
|-fieldstart|move: Psychic Terrain|[from] ability: Psychic Surge|[of] p2a: 蝶神
|move|p1a: Buzzwole|Roost|p1a: Buzzwole
|-heal|p1a: Buzzwole|80/100
|-singleturn|p1a: Buzzwole|move: Roost
|
|upkeep
|turn|13
|c|☆ChandosH|o cool
|inactive|ChandosH has 90 seconds left.
|
|t:|1667977493
|switch|p1a: Heatran|Heatran, M|74/100
|move|p2a: 蝶神|Psychic|p1a: Heatran
|-resisted|p1a: Heatran
|-damage|p1a: Heatran|41/100
|
|-heal|p1a: Heatran|47/100|[from] item: Leftovers
|upkeep
|turn|14
|
|t:|1667977503
|move|p2a: 蝶神|Focus Blast|p1a: Heatran
|-supereffective|p1a: Heatran
|-damage|p1a: Heatran|0 fnt
|faint|p1a: Heatran
|
|upkeep
|
|t:|1667977509
|switch|p1a: Tornadus|Tornadus-Therian, M|94/100
|turn|15
|
|t:|1667977517
|switch|p2a: 老班|Tyranitar, F, shiny|78/100
|-weather|Sandstorm|[from] ability: Sand Stream|[of] p2a: 老班
|move|p1a: Tornadus|Toxic|p2a: 老班
|-status|p2a: 老班|tox
|
|-weather|Sandstorm|[upkeep]
|-damage|p1a: Tornadus|88/100|[from] Sandstorm
|-heal|p2a: 老班|84/100 tox|[from] item: Leftovers
|-damage|p2a: 老班|78/100 tox|[from] psn
|upkeep
|turn|16
|
|t:|1667977530
|move|p1a: Tornadus|U-turn|p2a: 老班
|-supereffective|p2a: 老班
|-damage|p2a: 老班|56/100 tox
|
|t:|1667977533
|switch|p1a: Slowbro|Slowbro, F|66/100|[from]move: U-turn
|move|p2a: 老班|Stealth Rock|p1a: Slowbro
|-sidestart|p1: ChandosH|move: Stealth Rock
|
|-weather|Sandstorm|[upkeep]
|-damage|p1a: Slowbro|60/100|[from] Sandstorm
|-heal|p2a: 老班|62/100 tox|[from] item: Leftovers
|-damage|p2a: 老班|50/100 tox|[from] psn
|-fieldend|move: Psychic Terrain
|upkeep
|turn|17
|
|t:|1667977553
|switch|p2a: 鸟哥|Zapdos, shiny|63/100
|move|p1a: Slowbro|Teleport|p1a: Slowbro
|
|t:|1667977564
|switch|p1a: Tornadus|Tornadus-Therian, M|100/100|[from]move: Teleport
|
|-weather|Sandstorm|[upkeep]
|-damage|p1a: Tornadus|94/100|[from] Sandstorm
|-damage|p2a: 鸟哥|57/100|[from] Sandstorm
|upkeep
|turn|18
|
|t:|1667977572
|move|p1a: Tornadus|Toxic|p2a: 鸟哥
|-status|p2a: 鸟哥|tox
|move|p2a: 鸟哥|Discharge|p1a: Tornadus
|-supereffective|p1a: Tornadus
|-damage|p1a: Tornadus|23/100
|
|-weather|Sandstorm|[upkeep]
|-damage|p1a: Tornadus|17/100|[from] Sandstorm
|-damage|p2a: 鸟哥|50/100 tox|[from] Sandstorm
|-damage|p2a: 鸟哥|44/100 tox|[from] psn
|upkeep
|turn|19
|
|t:|1667977583
|switch|p1a: Excadrill|Excadrill, M|100/100
|-damage|p1a: Excadrill|97/100|[from] Stealth Rock
|move|p2a: 鸟哥|Roost|p2a: 鸟哥
|-heal|p2a: 鸟哥|94/100 tox
|-singleturn|p2a: 鸟哥|move: Roost
|
|-weather|none
|-heal|p1a: Excadrill|100/100|[from] item: Leftovers
|-damage|p2a: 鸟哥|82/100 tox|[from] psn
|upkeep
|turn|20
|
|t:|1667977589
|switch|p2a: 蚊大爷|Buzzwole|61/100
|move|p1a: Excadrill|Rapid Spin|p2a: 蚊大爷
|-damage|p2a: 蚊大爷|47/100
|-boost|p1a: Excadrill|spe|1
|-sideend|p1: ChandosH|Stealth Rock|[from] move: Rapid Spin|[of] p1a: Excadrill
|
|upkeep
|turn|21
|
|t:|1667977607
|switch|p1a: Buzzwole|Buzzwole|80/100
|move|p2a: 蚊大爷|Earthquake|p1a: Buzzwole
|-resisted|p1a: Buzzwole
|-damage|p1a: Buzzwole|66/100
|
|upkeep
|turn|22
|
|t:|1667977614
|switch|p2a: 老班|Tyranitar, F, shiny|50/100 tox
|-weather|Sandstorm|[from] ability: Sand Stream|[of] p2a: 老班
|switch|p1a: Tornadus|Tornadus-Therian, M|50/100
|
|-weather|Sandstorm|[upkeep]
|-damage|p1a: Tornadus|44/100|[from] Sandstorm
|-heal|p2a: 老班|56/100 tox|[from] item: Leftovers
|-damage|p2a: 老班|50/100 tox|[from] psn
|upkeep
|turn|23
|
|t:|1667977626
|move|p1a: Tornadus|U-turn|p2a: 老班
|-supereffective|p2a: 老班
|-damage|p2a: 老班|29/100 tox
|j| Amamiya Kurara
|inactive|ChandosH has 90 seconds left.
|
|t:|1667977652
|switch|p1a: Slowbro|Slowbro, F|93/100|[from]move: U-turn
|move|p2a: 老班|Stealth Rock|p1a: Slowbro
|-sidestart|p1: ChandosH|move: Stealth Rock
|
|-weather|Sandstorm|[upkeep]
|-damage|p1a: Slowbro|87/100|[from] Sandstorm
|-heal|p2a: 老班|35/100 tox|[from] item: Leftovers
|-damage|p2a: 老班|23/100 tox|[from] psn
|upkeep
|turn|24
|inactive|ChandosH has 90 seconds left.
|l| Amamiya Kurara
|
|t:|1667977669
|switch|p2a: 龙爷（虽然还是不会龙舞）|Garchomp, M|100/100
|move|p1a: Slowbro|Teleport|p1a: Slowbro
|j| You WILL Miss
|
|t:|1667977697
|switch|p1a: Buzzwole|Buzzwole|66/100|[from]move: Teleport
|-damage|p1a: Buzzwole|54/100|[from] Stealth Rock
|
|-weather|Sandstorm|[upkeep]
|-damage|p1a: Buzzwole|48/100|[from] Sandstorm
|upkeep
|turn|25
|
|t:|1667977705
|move|p2a: 龙爷（虽然还是不会龙舞）|Fire Fang|p1a: Buzzwole
|-supereffective|p1a: Buzzwole
|-damage|p1a: Buzzwole|5/100
|-damage|p2a: 龙爷（虽然还是不会龙舞）|84/100|[from] item: Rocky Helmet|[of] p1a: Buzzwole
|move|p1a: Buzzwole|Roost|p1a: Buzzwole
|-heal|p1a: Buzzwole|55/100
|-singleturn|p1a: Buzzwole|move: Roost
|
|-weather|Sandstorm|[upkeep]
|-damage|p1a: Buzzwole|49/100|[from] Sandstorm
|upkeep
|turn|26
|
|t:|1667977712
|move|p2a: 龙爷（虽然还是不会龙舞）|Fire Fang|p1a: Buzzwole
|-supereffective|p1a: Buzzwole
|-damage|p1a: Buzzwole|7/100
|-damage|p2a: 龙爷（虽然还是不会龙舞）|68/100|[from] item: Rocky Helmet|[of] p1a: Buzzwole
|move|p1a: Buzzwole|Roost|p1a: Buzzwole
|-heal|p1a: Buzzwole|58/100
|-singleturn|p1a: Buzzwole|move: Roost
|
|-weather|none
|upkeep
|turn|27
|inactive|ChandosH has 60 seconds left.
|inactive|superrouchuan has 120 seconds left.
|
|t:|1667977755
|switch|p2a: 老班|Tyranitar, F, shiny|23/100 tox
|-weather|Sandstorm|[from] ability: Sand Stream|[of] p2a: 老班
|switch|p1a: Tornadus|Tornadus-Therian, M|77/100
|
|-weather|Sandstorm|[upkeep]
|-damage|p1a: Tornadus|71/100|[from] Sandstorm
|-heal|p2a: 老班|29/100 tox|[from] item: Leftovers
|-damage|p2a: 老班|23/100 tox|[from] psn
|upkeep
|turn|28
|inactive|superrouchuan has 120 seconds left.
|
|t:|1667977764
|move|p1a: Tornadus|U-turn|p2a: 老班
|-supereffective|p2a: 老班
|-damage|p2a: 老班|1/100 tox
|
|t:|1667977770
|switch|p1a: Slowbro|Slowbro, F|100/100|[from]move: U-turn
|-damage|p1a: Slowbro|88/100|[from] Stealth Rock
|move|p2a: 老班|Ice Beam|p1a: Slowbro
|-resisted|p1a: Slowbro
|-damage|p1a: Slowbro|75/100
|
|-weather|Sandstorm|[upkeep]
|-damage|p1a: Slowbro|69/100|[from] Sandstorm
|-heal|p2a: 老班|7/100 tox|[from] item: Leftovers
|-damage|p2a: 老班|0 fnt|[from] psn
|faint|p2a: 老班
|upkeep
|
|t:|1667977775
|switch|p2a: 卡圣别演我|Snorlax, M, shiny|100/100
|turn|29
|j| tapu moxo
|
|t:|1667977782
|move|p2a: 卡圣别演我|Self-Destruct|p1a: Slowbro
|-enditem|p2a: 卡圣别演我|Normal Gem|[from] gem
|-damage|p1a: Slowbro|0 fnt
|faint|p2a: 卡圣别演我
|faint|p1a: Slowbro
|
|-weather|Sandstorm|[upkeep]
|upkeep
|
|t:|1667977800
|switch|p2a: 蚊大爷|Buzzwole|47/100
|switch|p1a: Excadrill|Excadrill, M|100/100
|-damage|p1a: Excadrill|97/100|[from] Stealth Rock
|turn|30
|
|t:|1667977811
|switch|p1a: Buzzwole|Buzzwole|58/100
|-damage|p1a: Buzzwole|45/100|[from] Stealth Rock
|move|p2a: 蚊大爷|Close Combat|p1a: Buzzwole
|-resisted|p1a: Buzzwole
|-damage|p1a: Buzzwole|20/100
|-unboost|p2a: 蚊大爷|def|1
|-unboost|p2a: 蚊大爷|spd|1
|-damage|p2a: 蚊大爷|30/100|[from] item: Rocky Helmet|[of] p1a: Buzzwole
|
|-weather|Sandstorm|[upkeep]
|-damage|p2a: 蚊大爷|24/100|[from] Sandstorm
|-damage|p1a: Buzzwole|14/100|[from] Sandstorm
|upkeep
|turn|31
|
|t:|1667977818
|move|p2a: 蚊大爷|Close Combat|p1a: Buzzwole
|-resisted|p1a: Buzzwole
|-damage|p1a: Buzzwole|0 fnt
|-unboost|p2a: 蚊大爷|def|1
|-unboost|p2a: 蚊大爷|spd|1
|-damage|p2a: 蚊大爷|7/100|[from] item: Rocky Helmet|[of] p1a: Buzzwole
|faint|p1a: Buzzwole
|-ability|p2a: 蚊大爷|Beast Boost|boost
|-boost|p2a: 蚊大爷|atk|1
|
|-weather|none
|upkeep
|
|t:|1667977830
|switch|p1a: Tornadus|Tornadus-Therian, M|100/100
|turn|32
|
|t:|1667977840
|switch|p2a: 鸟哥|Zapdos, shiny|82/100 tox
|move|p1a: Tornadus|Knock Off|p2a: 鸟哥
|-damage|p2a: 鸟哥|67/100 tox
|-damage|p1a: Tornadus|84/100|[from] item: Rocky Helmet|[of] p2a: 鸟哥
|-enditem|p2a: 鸟哥|Rocky Helmet|[from] move: Knock Off|[of] p1a: Tornadus
|
|-damage|p2a: 鸟哥|61/100 tox|[from] psn
|upkeep
|turn|33
|
|t:|1667977854
|switch|p1a: Excadrill|Excadrill, M|97/100
|-damage|p1a: Excadrill|94/100|[from] Stealth Rock
|switch|p2a: 蝶神|Tapu Lele|45/100
|-fieldstart|move: Psychic Terrain|[from] ability: Psychic Surge|[of] p2a: 蝶神
|
|-heal|p1a: Excadrill|100/100|[from] item: Leftovers
|upkeep
|turn|34
|
|t:|1667977867
|switch|p1a: Tornadus|Tornadus-Therian, M|100/100
|move|p2a: 蝶神|Focus Blast|p1a: Tornadus
|-resisted|p1a: Tornadus
|-damage|p1a: Tornadus|78/100
|
|upkeep
|turn|35
|inactive|ChandosH has 60 seconds left.
|inactive|superrouchuan has 120 seconds left.
|
|t:|1667977924
|move|p1a: Tornadus|Hurricane|p2a: 蝶神
|-damage|p2a: 蝶神|1/100
|move|p2a: 蝶神|Psychic|p1a: Tornadus
|-damage|p1a: Tornadus|16/100
|
|upkeep
|turn|36
|
|t:|1667977932
|switch|p2a: 鸟哥|Zapdos, shiny|61/100 tox
|move|p1a: Tornadus|U-turn|p2a: 鸟哥
|-resisted|p2a: 鸟哥
|-damage|p2a: 鸟哥|55/100 tox
|
|t:|1667977938
|switch|p1a: Excadrill|Excadrill, M|100/100|[from]move: U-turn
|-damage|p1a: Excadrill|97/100|[from] Stealth Rock
|
|-heal|p1a: Excadrill|100/100|[from] item: Leftovers
|-damage|p2a: 鸟哥|49/100 tox|[from] psn
|upkeep
|turn|37
|inactive|superrouchuan has 120 seconds left.
|
|t:|1667977970
|switch|p2a: 龙爷（虽然还是不会龙舞）|Garchomp, M|68/100
|move|p1a: Excadrill|Rapid Spin|p2a: 龙爷（虽然还是不会龙舞）
|-damage|p2a: 龙爷（虽然还是不会龙舞）|47/100
|-boost|p1a: Excadrill|spe|1
|-damage|p1a: Excadrill|88/100|[from] ability: Rough Skin|[of] p2a: 龙爷（虽然还是不会龙舞）
|-sideend|p1: ChandosH|Stealth Rock|[from] move: Rapid Spin|[of] p1a: Excadrill
|
|-heal|p1a: Excadrill|94/100|[from] item: Leftovers
|-fieldend|move: Psychic Terrain
|upkeep
|turn|38
|inactive|superrouchuan has 120 seconds left.
|
|t:|1667978004
|move|p1a: Excadrill|Earthquake|p2a: 龙爷（虽然还是不会龙舞）
|-damage|p2a: 龙爷（虽然还是不会龙舞）|0 fnt
|faint|p2a: 龙爷（虽然还是不会龙舞）
|
|-heal|p1a: Excadrill|99/100|[from] item: Leftovers
|upkeep
|-message|superrouchuan forfeited.
|
|win|ChandosH
|raw|ChandosH's rating: 1769 &rarr; <strong>1789</strong><br />(+20 for winning)
|raw|superrouchuan's rating: 1765 &rarr; <strong>1745</strong><br />(-20 for losing)
|player|p2|superrouchuan|clown
|c|☆ChandosH|man tough match man
||Ladder isn't responding, score probably updated but might not have (Request timeout).
