|raw|<div class="broadcast-blue"><strong>This battle is required to be public due to a player having a name starting with 'lt91bb'.</div>
|j|☆badalakazam
|j|☆LT91BB CCN
|t:|1658945703
|gametype|singles
|player|p1|badalakazam|scientist-gen4dp|1641
|player|p2|LT91BB CCN|dawn|1569
|teamsize|p1|6
|teamsize|p2|6
|gen|8
|tier|[Gen 8] OU
|rated|
|rule|Sleep Clause Mod: Limit one foe put to sleep
|rule|Species Clause: Limit one of each Pokémon
|rule|OHKO Clause: OHKO moves are banned
|rule|Evasion Moves Clause: Evasion moves are banned
|rule|Endless Battle Clause: Forcing endless battles is banned
|rule|HP Percentage Mod: HP is shown in percentages
|rule|Dynamax Clause: You cannot dynamax
|clearpoke
|poke|p1|Dracozolt|
|poke|p1|Tyranitar, M|
|poke|p1|Excadrill, M|
|poke|p1|Blissey, F|
|poke|p1|Keldeo-Resolute|
|poke|p1|Zapdos|
|poke|p2|Kartana|
|poke|p2|Zapdos-Galar|
|poke|p2|Melmetal|
|poke|p2|Tapu Koko|
|poke|p2|Landorus-Therian, M|
|poke|p2|Tapu Fini|
|teampreview
|j| Linkerrr
|
|t:|1658945725
|start
|switch|p1a: Zapdos|Zapdos|100/100
|switch|p2a: Kartana|Kartana|100/100
|turn|1
|
|t:|1658945728
|switch|p2a: Landorus|Landorus-Therian, M|100/100
|-ability|p2a: Landorus|Intimidate|boost
|-unboost|p1a: Zapdos|atk|1
|move|p1a: Zapdos|Volt Switch|p2a: Landorus
|-immune|p2a: Landorus
|
|upkeep
|turn|2
|
|t:|1658945735
|move|p1a: Zapdos|Hurricane|p2a: Landorus
|-damage|p2a: Landorus|64/100
|-start|p2a: Landorus|confusion
|-activate|p2a: Landorus|confusion
|move|p2a: Landorus|Toxic|p1a: Zapdos|[miss]
|-miss|p2a: Landorus|p1a: Zapdos
|
|-heal|p2a: Landorus|70/100|[from] item: Leftovers
|upkeep
|turn|3
|
|t:|1658945745
|switch|p2a: Melmetal|Melmetal|100/100
|move|p1a: Zapdos|Hurricane|p2a: Melmetal
|-resisted|p2a: Melmetal
|-damage|p2a: Melmetal|79/100
|-start|p2a: Melmetal|confusion
|
|-heal|p2a: Melmetal|85/100|[from] item: Leftovers
|upkeep
|turn|4
|
|t:|1658945752
|move|p1a: Zapdos|Volt Switch|p2a: Melmetal
|-damage|p2a: Melmetal|58/100
|
|t:|1658945762
|switch|p1a: Keldeo|Keldeo-Resolute|100/100|[from]move: Volt Switch
|-activate|p2a: Melmetal|confusion
|-damage|p2a: Melmetal|47/100|[from] confusion
|
|-heal|p2a: Melmetal|53/100|[from] item: Leftovers
|upkeep
|turn|5
|
|t:|1658945776
|switch|p1a: Tyranitar|Tyranitar, M|100/100
|-weather|Sandstorm|[from] ability: Sand Stream|[of] p1a: Tyranitar
|switch|p2a: Tapu Fini|Tapu Fini|100/100
|-fieldstart|move: Misty Terrain|[from] ability: Misty Surge|[of] p2a: Tapu Fini
|
|-weather|Sandstorm|[upkeep]
|-damage|p2a: Tapu Fini|94/100|[from] Sandstorm
|upkeep
|turn|6
|
|t:|1658945784
|switch|p2a: Landorus|Landorus-Therian, M|70/100
|-ability|p2a: Landorus|Intimidate|boost
|-unboost|p1a: Tyranitar|atk|1
|move|p1a: Tyranitar|Stone Edge|p2a: Landorus|[miss]
|-miss|p1a: Tyranitar|p2a: Landorus
|
|-weather|Sandstorm|[upkeep]
|-heal|p2a: Landorus|76/100|[from] item: Leftovers
|upkeep
|turn|7
|
|t:|1658945790
|switch|p1a: Zapdos|Zapdos|100/100
|move|p2a: Landorus|Stealth Rock|p1a: Zapdos
|-sidestart|p1: badalakazam|move: Stealth Rock
|
|-weather|Sandstorm|[upkeep]
|-damage|p1a: Zapdos|94/100|[from] Sandstorm
|-heal|p2a: Landorus|82/100|[from] item: Leftovers
|upkeep
|turn|8
|
|t:|1658945795
|move|p1a: Zapdos|Defog|p2a: Landorus
|-unboost|p2a: Landorus|evasion|1
|-sideend|p1: badalakazam|Stealth Rock|[from] move: Defog|[of] p1a: Zapdos
|-fieldend|Misty Terrain
|move|p2a: Landorus|Toxic|p1a: Zapdos
|-status|p1a: Zapdos|tox
|
|-weather|Sandstorm|[upkeep]
|-damage|p1a: Zapdos|88/100 tox|[from] Sandstorm
|-heal|p2a: Landorus|88/100|[from] item: Leftovers
|-damage|p1a: Zapdos|82/100 tox|[from] psn
|upkeep
|turn|9
|
|t:|1658945803
|switch|p1a: Keldeo|Keldeo-Resolute|100/100
|move|p2a: Landorus|Stealth Rock|p1a: Keldeo
|-sidestart|p1: badalakazam|move: Stealth Rock
|
|-weather|none
|-heal|p2a: Landorus|94/100|[from] item: Leftovers
|upkeep
|turn|10
|
|t:|1658945810
|switch|p1a: Tyranitar|Tyranitar, M|100/100
|-damage|p1a: Tyranitar|88/100|[from] Stealth Rock
|-weather|Sandstorm|[from] ability: Sand Stream|[of] p1a: Tyranitar
|switch|p2a: Tapu Fini|Tapu Fini|94/100
|-fieldstart|move: Misty Terrain|[from] ability: Misty Surge|[of] p2a: Tapu Fini
|
|-weather|Sandstorm|[upkeep]
|-damage|p2a: Tapu Fini|88/100|[from] Sandstorm
|upkeep
|turn|11
|
|t:|1658945822
|switch|p2a: Melmetal|Melmetal|53/100
|move|p1a: Tyranitar|Stone Edge|p2a: Melmetal
|-resisted|p2a: Melmetal
|-crit|p2a: Melmetal
|-damage|p2a: Melmetal|10/100
|
|-weather|Sandstorm|[upkeep]
|-heal|p2a: Melmetal|17/100|[from] item: Leftovers
|upkeep
|turn|12
|
|t:|1658945831
|move|p2a: Melmetal|Protect|p2a: Melmetal
|-singleturn|p2a: Melmetal|Protect
|move|p1a: Tyranitar|Stone Edge|p2a: Melmetal
|-activate|p2a: Melmetal|move: Protect
|
|-weather|Sandstorm|[upkeep]
|-heal|p2a: Melmetal|23/100|[from] item: Leftovers
|upkeep
|turn|13
|
|t:|1658945853
|switch|p2a: Kartana|Kartana|100/100
|move|p1a: Tyranitar|Stone Edge|p2a: Kartana
|-resisted|p2a: Kartana
|-damage|p2a: Kartana|63/100
|
|-weather|Sandstorm|[upkeep]
|upkeep
|turn|14
|
|t:|1658945860
|switch|p1a: Zapdos|Zapdos|82/100 tox
|move|p2a: Kartana|Swords Dance|p2a: Kartana
|-boost|p2a: Kartana|atk|2
|
|-weather|none
|-damage|p1a: Zapdos|76/100 tox|[from] psn
|-fieldend|Misty Terrain
|upkeep
|turn|15
|
|t:|1658945869
|move|p2a: Kartana|Knock Off|p1a: Zapdos
|-damage|p1a: Zapdos|22/100 tox
|-enditem|p1a: Zapdos|Heavy-Duty Boots|[from] move: Knock Off|[of] p2a: Kartana
|move|p1a: Zapdos|Hurricane|p2a: Kartana
|-damage|p2a: Kartana|0 fnt
|faint|p2a: Kartana
|
|-damage|p1a: Zapdos|10/100 tox|[from] psn
|upkeep
|
|t:|1658945879
|switch|p2a: Tapu Koko|Tapu Koko|100/100
|-fieldstart|move: Electric Terrain|[from] ability: Electric Surge|[of] p2a: Tapu Koko
|turn|16
|
|t:|1658945887
|move|p2a: Tapu Koko|Dazzling Gleam|p1a: Zapdos
|-damage|p1a: Zapdos|0 fnt
|faint|p1a: Zapdos
|
|upkeep
|
|t:|1658945889
|switch|p1a: Excadrill|Excadrill, M|100/100
|-damage|p1a: Excadrill|97/100|[from] Stealth Rock
|turn|17
|
|t:|1658945894
|move|p2a: Tapu Koko|U-turn|p1a: Excadrill
|-resisted|p1a: Excadrill
|-damage|p1a: Excadrill|86/100
|
|t:|1658945897
|switch|p2a: Zapdos|Zapdos-Galar|100/100|[from]move: U-turn
|move|p1a: Excadrill|Swords Dance|p1a: Excadrill
|-boost|p1a: Excadrill|atk|2
|
|-heal|p1a: Excadrill|92/100|[from] item: Leftovers
|upkeep
|turn|18
|
|t:|1658945909
|switch|p1a: Keldeo|Keldeo-Resolute|100/100
|-damage|p1a: Keldeo|94/100|[from] Stealth Rock
|move|p2a: Zapdos|Close Combat|p1a: Keldeo
|-damage|p1a: Keldeo|12/100
|-unboost|p2a: Zapdos|def|1
|-unboost|p2a: Zapdos|spd|1
|
|-heal|p1a: Keldeo|18/100|[from] item: Leftovers
|upkeep
|turn|19
|
|t:|1658945921
|switch|p2a: Tapu Fini|Tapu Fini|88/100
|-fieldstart|move: Misty Terrain|[from] ability: Misty Surge|[of] p2a: Tapu Fini
|move|p1a: Keldeo|Scald|p2a: Tapu Fini
|-resisted|p2a: Tapu Fini
|-damage|p2a: Tapu Fini|75/100
|
|-heal|p1a: Keldeo|24/100|[from] item: Leftovers
|upkeep
|turn|20
|
|t:|1658945927
|switch|p2a: Zapdos|Zapdos-Galar|100/100
|switch|p1a: Blissey|Blissey, F|100/100
|
|upkeep
|turn|21
|
|t:|1658945932
|switch|p1a: Keldeo|Keldeo-Resolute|24/100
|-damage|p1a: Keldeo|18/100|[from] Stealth Rock
|move|p2a: Zapdos|Thunderous Kick|p1a: Keldeo
|-damage|p1a: Keldeo|0 fnt
|faint|p1a: Keldeo
|
|upkeep
|
|t:|1658945938
|switch|p1a: Dracozolt|Dracozolt|100/100
|-damage|p1a: Dracozolt|88/100|[from] Stealth Rock
|turn|22
|
|t:|1658945953
|switch|p2a: Landorus|Landorus-Therian, M|94/100
|-ability|p2a: Landorus|Intimidate|boost
|-unboost|p1a: Dracozolt|atk|1
|move|p1a: Dracozolt|Bolt Beak|p2a: Landorus
|-immune|p2a: Landorus
|
|-heal|p2a: Landorus|99/100|[from] item: Leftovers
|upkeep
|turn|23
|
|t:|1658945960
|switch|p1a: Blissey|Blissey, F|100/100
|move|p2a: Landorus|U-turn|p1a: Blissey
|-crit|p1a: Blissey
|-damage|p1a: Blissey|75/100
|
|t:|1658945963
|switch|p2a: Zapdos|Zapdos-Galar|100/100|[from]move: U-turn
|
|-fieldend|Misty Terrain
|upkeep
|turn|24
|-message|badalakazam forfeited.
|
|win|LT91BB CCN
|raw|badalakazam's rating: 1624 &rarr; <strong>1601</strong><br />(-23 for losing)
|raw|LT91BB CCN's rating: 1569 &rarr; <strong>1592</strong><br />(+23 for winning)
|l| Linkerrr
