|raw|<div class="broadcast-blue"><strong>This battle is required to be public due to a player having a name starting with 'lt92pf'.</div>
|j|☆can't type on ipad
|j|☆LT92PF PDC
|t:|1659700235
|gametype|singles
|player|p1|can't type on ipad|cyrus|1628
|player|p2|LT92PF PDC|#splxiiityrants|1717
|teamsize|p1|6
|teamsize|p2|6
|gen|8
|tier|[Gen 8] OU
|rated|
|rule|Sleep Clause Mod: Limit one foe put to sleep
|rule|Species Clause: Limit one of each Pokémon
|rule|OHKO Clause: OHKO moves are banned
|rule|Evasion Items Clause: Evasion items are banned
|rule|Evasion Moves Clause: Evasion moves are banned
|rule|Endless Battle Clause: Forcing endless battles is banned
|rule|HP Percentage Mod: HP is shown in percentages
|rule|Dynamax Clause: You cannot dynamax
|clearpoke
|poke|p1|Regieleki|
|poke|p1|Bewear, M|
|poke|p1|Swampert, F|
|poke|p1|Rillaboom, M|
|poke|p1|Corviknight, F|
|poke|p1|Hydreigon, M|
|poke|p2|Garchomp, F|
|poke|p2|Dragapult, M|
|poke|p2|Heatran, M|
|poke|p2|Scizor, M|
|poke|p2|Weavile, M|
|poke|p2|Zapdos|
|teampreview
|inactive|Battle timer is ON: inactive players will automatically lose when time's up. (requested by can't type on ipad)
|j| L'chonk
|
|t:|1659700262
|start
|switch|p1a: Bewear|Bewear, M|100/100
|switch|p2a: Heatran|Heatran, M|100/100
|-item|p2a: Heatran|Air Balloon
|turn|1
|
|t:|1659700267
|switch|p2a: Zapdos|Zapdos|100/100
|switch|p1a: Swampert|Swampert, F|100/100
|
|upkeep
|turn|2
|
|t:|1659700271
|move|p2a: Zapdos|Hurricane|p1a: Swampert|[miss]
|-miss|p2a: Zapdos|p1a: Swampert
|move|p1a: Swampert|Toxic|p2a: Zapdos
|-status|p2a: Zapdos|tox
|
|-damage|p2a: Zapdos|94/100 tox|[from] psn
|upkeep
|turn|3
|
|t:|1659700274
|move|p2a: Zapdos|Hurricane|p1a: Swampert
|-damage|p1a: Swampert|64/100
|move|p1a: Swampert|Stealth Rock|p2a: Zapdos
|-sidestart|p2: LT92PF PDC|move: Stealth Rock
|
|-heal|p1a: Swampert|70/100|[from] item: Leftovers
|-damage|p2a: Zapdos|82/100 tox|[from] psn
|upkeep
|turn|4
|
|t:|1659700278
|switch|p1a: Hydreigon|Hydreigon, M|100/100
|move|p2a: Zapdos|Hurricane|p1a: Hydreigon
|-damage|p1a: Hydreigon|42/100
|
|-heal|p1a: Hydreigon|48/100|[from] item: Leftovers
|-damage|p2a: Zapdos|64/100 tox|[from] psn
|upkeep
|turn|5
|
|t:|1659700283
|move|p1a: Hydreigon|Dark Pulse|p2a: Zapdos
|-damage|p2a: Zapdos|21/100 tox
|cant|p2a: Zapdos|flinch
|
|-heal|p1a: Hydreigon|54/100|[from] item: Leftovers
|-damage|p2a: Zapdos|0 fnt|[from] psn
|faint|p2a: Zapdos
|upkeep
|j| ryjhuv
|
|t:|1659700290
|switch|p2a: Dragapult|Dragapult, M|100/100
|-damage|p2a: Dragapult|88/100|[from] Stealth Rock
|turn|6
|
|t:|1659700295
|move|p2a: Dragapult|Dragon Darts|p1a: Hydreigon
|-supereffective|p1a: Hydreigon
|-damage|p1a: Hydreigon|0 fnt
|faint|p1a: Hydreigon
|
|upkeep
|
|t:|1659700296
|switch|p1a: Corviknight|Corviknight, F|100/100
|-ability|p1a: Corviknight|Pressure
|turn|7
|
|t:|1659700298
|switch|p2a: Heatran|Heatran, M|100/100
|-damage|p2a: Heatran|88/100|[from] Stealth Rock
|-item|p2a: Heatran|Air Balloon
|move|p1a: Corviknight|U-turn|p2a: Heatran
|-resisted|p2a: Heatran
|-damage|p2a: Heatran|85/100
|-enditem|p2a: Heatran|Air Balloon
|
|t:|1659700305
|switch|p1a: Swampert|Swampert, F|70/100|[from]move: U-turn
|
|-heal|p1a: Swampert|76/100|[from] item: Leftovers
|upkeep
|turn|8
|
|t:|1659700308
|move|p2a: Heatran|Stealth Rock|p1a: Swampert
|-sidestart|p1: can't type on ipad|move: Stealth Rock
|move|p1a: Swampert|Earthquake|p2a: Heatran
|-supereffective|p2a: Heatran
|-damage|p2a: Heatran|0 fnt
|faint|p2a: Heatran
|
|-heal|p1a: Swampert|82/100|[from] item: Leftovers
|upkeep
|
|t:|1659700314
|switch|p2a: Scizor|Scizor, M|100/100
|-damage|p2a: Scizor|88/100|[from] Stealth Rock
|turn|9
|j| Keblar
|
|t:|1659700330
|move|p2a: Scizor|Swords Dance|p2a: Scizor
|-boost|p2a: Scizor|atk|2
|move|p1a: Swampert|Flip Turn|p2a: Scizor
|-damage|p2a: Scizor|66/100
|
|t:|1659700332
|switch|p1a: Bewear|Bewear, M|100/100|[from]move: Flip Turn
|-damage|p1a: Bewear|94/100|[from] Stealth Rock
|
|-heal|p2a: Scizor|72/100|[from] item: Leftovers
|upkeep
|turn|10
|
|t:|1659700334
|move|p1a: Bewear|Drain Punch|p2a: Scizor
|-damage|p2a: Scizor|28/100
|-heal|p1a: Bewear|100/100|[from] drain|[of] p2a: Scizor
|move|p2a: Scizor|Swords Dance|p2a: Scizor
|-boost|p2a: Scizor|atk|2
|
|-heal|p2a: Scizor|34/100|[from] item: Leftovers
|upkeep
|turn|11
|j| xray
|
|t:|1659700350
|move|p2a: Scizor|Bullet Punch|p1a: Bewear
|-damage|p1a: Bewear|49/100
|move|p1a: Bewear|Drain Punch|p2a: Scizor
|-damage|p2a: Scizor|0 fnt
|-heal|p1a: Bewear|64/100|[from] drain|[of] p2a: Scizor
|faint|p2a: Scizor
|
|upkeep
|
|t:|1659700358
|switch|p2a: Garchomp|Garchomp, F|100/100
|-damage|p2a: Garchomp|94/100|[from] Stealth Rock
|turn|12
|
|t:|1659700361
|move|p2a: Garchomp|Swords Dance|p2a: Garchomp
|-boost|p2a: Garchomp|atk|2
|move|p1a: Bewear|Ice Punch|p2a: Garchomp
|-supereffective|p2a: Garchomp
|-damage|p2a: Garchomp|0 fnt
|-damage|p1a: Bewear|51/100|[from] ability: Rough Skin|[of] p2a: Garchomp
|faint|p2a: Garchomp
|
|upkeep
|j| De la Bourdonnais
|
|t:|1659700366
|switch|p2a: Weavile|Weavile, M|100/100
|-ability|p2a: Weavile|Pressure
|turn|13
|
|t:|1659700368
|move|p2a: Weavile|Triple Axel|p1a: Bewear
|-damage|p1a: Bewear|47/100
|-damage|p1a: Bewear|36/100
|-damage|p1a: Bewear|21/100
|-hitcount|p1a: Bewear|3
|move|p1a: Bewear|Drain Punch|p2a: Weavile
|-supereffective|p2a: Weavile
|-damage|p2a: Weavile|0 fnt
|-heal|p1a: Bewear|59/100|[from] drain|[of] p2a: Weavile
|faint|p2a: Weavile
|
|upkeep
|-message|LT92PF PDC forfeited.
|
|win|can't type on ipad
|raw|can&apos;t type on ipad's rating: 1606 &rarr; <strong>1632</strong><br />(+26 for winning)
|raw|LT92PF PDC's rating: 1717 &rarr; <strong>1691</strong><br />(-26 for losing)
|l|☆LT92PF PDC
|c|☆can't type on ipad|Nice
|l|☆can't type on ipad
|l| Keblar
|l| L'chonk
||Ladder isn't responding, score probably updated but might not have (Request timeout).
|l| ryjhuv
|j| LT92PF Dasmer
|l| LT92PF Dasmer
|l| De la Bourdonnais
