|j|☆stopthreat
|j|☆1owercase
|t:|1650645272
|gametype|singles
|player|p1|stopthreat|skier|1726
|player|p2|1owercase|flannery|1759
|teamsize|p1|6
|teamsize|p2|6
|gen|8
|tier|[Gen 8] OU
|rated|
|rule|Sleep Clause Mod: Limit one foe put to sleep
|rule|Species Clause: Limit one of each Pokémon
|rule|OHKO Clause: OHKO moves are banned
|rule|Evasion Moves Clause: Evasion moves are banned
|rule|Endless Battle Clause: Forcing endless battles is banned
|rule|HP Percentage Mod: HP is shown in percentages
|rule|Dynamax Clause: You cannot dynamax
|clearpoke
|poke|p1|Dragapult, M|
|poke|p1|Clefable, F|
|poke|p1|Crawdaunt, M|
|poke|p1|Corviknight, F|
|poke|p1|Heatran, M|
|poke|p1|Gastrodon, F|
|poke|p2|Landorus-Therian, M|
|poke|p2|Weavile, M|
|poke|p2|Ferrothorn, M|
|poke|p2|Zapdos|
|poke|p2|Urshifu-*, M|
|poke|p2|Volcarona, M|
|teampreview
|inactive|Battle timer is ON: inactive players will automatically lose when time's up. (requested by 1owercase)
|
|t:|1650645293
|start
|switch|p1a: Clefable|Clefable, F|100/100
|switch|p2a: Urshifu|Urshifu-Rapid-Strike, M|100/100
|turn|1
|j| pyh333
|inactive|stopthreat has 120 seconds left.
|
|t:|1650645328
|switch|p1a: Corviknight|Corviknight, F|100/100
|-ability|p1a: Corviknight|Pressure
|move|p2a: Urshifu|U-turn|p1a: Corviknight
|-resisted|p1a: Corviknight
|-damage|p1a: Corviknight|95/100
|
|t:|1650645337
|switch|p2a: Zapdos|Zapdos|100/100|[from]move: U-turn
|
|upkeep
|turn|2
|
|t:|1650645347
|switch|p1a: Gastrodon|Gastrodon, F|100/100
|move|p2a: Zapdos|Hurricane|p1a: Gastrodon|[miss]
|-miss|p2a: Zapdos|p1a: Gastrodon
|
|upkeep
|turn|3
|
|t:|1650645353
|switch|p2a: Ferrothorn|Ferrothorn, M|100/100
|switch|p1a: Heatran|Heatran, M|100/100
|
|upkeep
|turn|4
|
|t:|1650645359
|switch|p2a: Landorus|Landorus-Therian, M|100/100
|-ability|p2a: Landorus|Intimidate|boost
|-unboost|p1a: Heatran|atk|1
|move|p1a: Heatran|Magma Storm|p2a: Landorus|[miss]
|-miss|p1a: Heatran|p2a: Landorus
|
|upkeep
|turn|5
|j| guho
|j| tapu moxo
|inactive|stopthreat has 120 seconds left.
|inactive|stopthreat has 90 seconds left.
|j| 0WithdrawalSyndrom
|
|t:|1650645430
|switch|p1a: Corviknight|Corviknight, F|95/100
|-ability|p1a: Corviknight|Pressure
|move|p2a: Landorus|Earthquake|p1a: Corviknight
|-immune|p1a: Corviknight
|
|upkeep
|turn|6
|
|t:|1650645434
|move|p1a: Corviknight|Brave Bird|p2a: Landorus
|-crit|p2a: Landorus
|-damage|p2a: Landorus|45/100
|-damage|p1a: Corviknight|78/100|[from] Recoil
|move|p2a: Landorus|U-turn|p1a: Corviknight
|-resisted|p1a: Corviknight
|-damage|p1a: Corviknight|74/100
|-damage|p2a: Landorus|29/100|[from] item: Rocky Helmet|[of] p1a: Corviknight
|
|t:|1650645444
|switch|p2a: Ferrothorn|Ferrothorn, M|100/100|[from]move: U-turn
|
|upkeep
|turn|7
|j| Wrain
|inactive|stopthreat has 90 seconds left.
|
|t:|1650645469
|move|p1a: Corviknight|U-turn|p2a: Ferrothorn
|-damage|p2a: Ferrothorn|92/100
|-damage|p1a: Corviknight|61/100|[from] ability: Iron Barbs|[of] p2a: Ferrothorn
|
|t:|1650645470
|switch|p1a: Heatran|Heatran, M|100/100|[from]move: U-turn
|move|p2a: Ferrothorn|Stealth Rock|p1a: Heatran
|-sidestart|p1: stopthreat|move: Stealth Rock
|
|-heal|p2a: Ferrothorn|98/100|[from] item: Leftovers
|upkeep
|turn|8
|inactive|stopthreat has 90 seconds left.
|
|t:|1650645492
|switch|p2a: Urshifu|Urshifu-Rapid-Strike, M|100/100
|move|p1a: Heatran|Magma Storm|p2a: Urshifu
|-resisted|p2a: Urshifu
|-damage|p2a: Urshifu|68/100
|-activate|p2a: Urshifu|move: Magma Storm|[of] p1a: Heatran
|
|-damage|p2a: Urshifu|56/100|[from] move: Magma Storm|[partiallytrapped]
|upkeep
|turn|9
|
|t:|1650645497
|switch|p1a: Gastrodon|Gastrodon, F|100/100
|-damage|p1a: Gastrodon|94/100|[from] Stealth Rock
|move|p2a: Urshifu|Close Combat|p1a: Gastrodon
|-damage|p1a: Gastrodon|52/100
|-unboost|p2a: Urshifu|def|1
|-unboost|p2a: Urshifu|spd|1
|
|-heal|p1a: Gastrodon|58/100|[from] item: Leftovers
|-end|p2a: Urshifu|Magma Storm|[partiallytrapped]|[silent]
|upkeep
|turn|10
|
|t:|1650645504
|switch|p1a: Heatran|Heatran, M|100/100
|-damage|p1a: Heatran|88/100|[from] Stealth Rock
|move|p2a: Urshifu|U-turn|p1a: Heatran
|-resisted|p1a: Heatran
|-crit|p1a: Heatran
|-damage|p1a: Heatran|80/100
|j| gpz123
|
|t:|1650645532
|switch|p2a: Landorus|Landorus-Therian, M|29/100|[from]move: U-turn
|-ability|p2a: Landorus|Intimidate|boost
|-unboost|p1a: Heatran|atk|1
|
|-heal|p1a: Heatran|86/100|[from] item: Leftovers
|-heal|p2a: Landorus|35/100|[from] item: Leftovers
|upkeep
|turn|11
|
|t:|1650645540
|switch|p1a: Corviknight|Corviknight, F|61/100
|-damage|p1a: Corviknight|49/100|[from] Stealth Rock
|-ability|p1a: Corviknight|Pressure
|move|p2a: Landorus|U-turn|p1a: Corviknight
|-resisted|p1a: Corviknight
|-damage|p1a: Corviknight|44/100
|-damage|p2a: Landorus|18/100|[from] item: Rocky Helmet|[of] p1a: Corviknight
|
|t:|1650645546
|switch|p2a: Weavile|Weavile, M, shiny|100/100|[from]move: U-turn
|-ability|p2a: Weavile|Pressure
|
|upkeep
|turn|12
|inactive|1owercase has 120 seconds left.
|
|t:|1650645576
|move|p2a: Weavile|Knock Off|p1a: Corviknight
|-damage|p1a: Corviknight|0 fnt
|-damage|p2a: Weavile|84/100|[from] item: Rocky Helmet|[of] p1a: Corviknight
|-enditem|p1a: Corviknight|Rocky Helmet|[from] move: Knock Off|[of] p2a: Weavile
|faint|p1a: Corviknight
|
|upkeep
|
|t:|1650645585
|switch|p1a: Crawdaunt|Crawdaunt, M|100/100
|-damage|p1a: Crawdaunt|88/100|[from] Stealth Rock
|turn|13
|inactive|1owercase has 120 seconds left.
|l| tapu moxo
|
|t:|1650645592
|switch|p2a: Landorus|Landorus-Therian, M|18/100
|-ability|p2a: Landorus|Intimidate|boost
|-unboost|p1a: Crawdaunt|atk|1
|move|p1a: Crawdaunt|Knock Off|p2a: Landorus
|-damage|p2a: Landorus|0 fnt
|-enditem|p2a: Landorus|Leftovers|[from] move: Knock Off|[of] p1a: Crawdaunt
|faint|p2a: Landorus
|
|upkeep
|inactive|1owercase has 120 seconds left.
|
|t:|1650645610
|switch|p2a: Urshifu|Urshifu-Rapid-Strike, M|56/100
|turn|14
|inactive|stopthreat has 120 seconds left.
|
|t:|1650645644
|switch|p1a: Dragapult|Dragapult, M|100/100
|-damage|p1a: Dragapult|88/100|[from] Stealth Rock
|move|p2a: Urshifu|U-turn|p1a: Dragapult
|-resisted|p1a: Dragapult
|-damage|p1a: Dragapult|71/100
|inactive|1owercase has 90 seconds left.
|
|t:|1650645655
|switch|p2a: Weavile|Weavile, M, shiny|84/100|[from]move: U-turn
|-ability|p2a: Weavile|Pressure
|
|upkeep
|turn|15
|inactive|stopthreat has 120 seconds left.
|inactive|stopthreat has 90 seconds left.
|
|t:|1650645710
|move|p2a: Weavile|Ice Shard|p1a: Dragapult
|-supereffective|p1a: Dragapult
|-damage|p1a: Dragapult|0 fnt
|faint|p1a: Dragapult
|
|upkeep
|
|t:|1650645713
|switch|p1a: Heatran|Heatran, M|86/100
|-damage|p1a: Heatran|74/100|[from] Stealth Rock
|turn|16
|
|t:|1650645725
|switch|p2a: Urshifu|Urshifu-Rapid-Strike, M|56/100
|move|p1a: Heatran|Magma Storm|p2a: Urshifu
|-resisted|p2a: Urshifu
|-crit|p2a: Urshifu
|-damage|p2a: Urshifu|10/100
|-activate|p2a: Urshifu|move: Magma Storm|[of] p1a: Heatran
|
|-heal|p1a: Heatran|80/100|[from] item: Leftovers
|-damage|p2a: Urshifu|0 fnt|[from] move: Magma Storm|[partiallytrapped]
|faint|p2a: Urshifu
|upkeep
|
|t:|1650645729
|switch|p2a: Zapdos|Zapdos|100/100
|turn|17
|inactive|stopthreat has 90 seconds left.
|
|t:|1650645761
|move|p2a: Zapdos|Thunderbolt|p1a: Heatran
|-damage|p1a: Heatran|38/100
|move|p1a: Heatran|Magma Storm|p2a: Zapdos
|-damage|p2a: Zapdos|51/100
|-activate|p2a: Zapdos|move: Magma Storm|[of] p1a: Heatran
|
|-heal|p1a: Heatran|44/100|[from] item: Leftovers
|-damage|p2a: Zapdos|38/100|[from] move: Magma Storm|[partiallytrapped]
|upkeep
|turn|18
|inactive|stopthreat has 90 seconds left.
|
|t:|1650645772
|switch|p1a: Gastrodon|Gastrodon, F|58/100
|-damage|p1a: Gastrodon|52/100|[from] Stealth Rock
|move|p2a: Zapdos|Thunderbolt|p1a: Gastrodon
|-immune|p1a: Gastrodon
|
|-heal|p1a: Gastrodon|58/100|[from] item: Leftovers
|-end|p2a: Zapdos|Magma Storm|[partiallytrapped]|[silent]
|upkeep
|turn|19
|inactive|stopthreat has 90 seconds left.
|
|t:|1650645778
|switch|p2a: Ferrothorn|Ferrothorn, M|98/100
|switch|p1a: Clefable|Clefable, F|100/100
|
|-heal|p2a: Ferrothorn|100/100|[from] item: Leftovers
|upkeep
|turn|20
|inactive|1owercase has 120 seconds left.
|
|t:|1650645785
|move|p1a: Clefable|Flamethrower|p2a: Ferrothorn
|-supereffective|p2a: Ferrothorn
|-damage|p2a: Ferrothorn|0 fnt
|faint|p2a: Ferrothorn
|
|upkeep
|j| supahotnicememe
|
|t:|1650645787
|switch|p2a: Weavile|Weavile, M, shiny|84/100
|-ability|p2a: Weavile|Pressure
|turn|21
|
|t:|1650645799
|move|p2a: Weavile|Poison Jab|p1a: Clefable
|-supereffective|p1a: Clefable
|-damage|p1a: Clefable|0 fnt
|faint|p1a: Clefable
|
|upkeep
|
|t:|1650645804
|switch|p1a: Heatran|Heatran, M|44/100
|-damage|p1a: Heatran|32/100|[from] Stealth Rock
|turn|22
|
|t:|1650645808
|switch|p2a: Zapdos|Zapdos|38/100
|move|p1a: Heatran|Magma Storm|p2a: Zapdos
|-damage|p2a: Zapdos|0 fnt
|faint|p2a: Zapdos
|
|-heal|p1a: Heatran|38/100|[from] item: Leftovers
|upkeep
|
|t:|1650645811
|switch|p2a: Weavile|Weavile, M, shiny|84/100
|-ability|p2a: Weavile|Pressure
|turn|23
|
|t:|1650645814
|switch|p1a: Gastrodon|Gastrodon, F|58/100
|-damage|p1a: Gastrodon|52/100|[from] Stealth Rock
|move|p2a: Weavile|Knock Off|p1a: Gastrodon
|-damage|p1a: Gastrodon|0 fnt
|-enditem|p1a: Gastrodon|Leftovers|[from] move: Knock Off|[of] p2a: Weavile
|faint|p1a: Gastrodon
|
|upkeep
|
|t:|1650645816
|switch|p1a: Crawdaunt|Crawdaunt, M|88/100
|-damage|p1a: Crawdaunt|76/100|[from] Stealth Rock
|turn|24
|
|t:|1650645833
|switch|p2a: Volcarona|Volcarona, M, shiny|100/100
|move|p1a: Crawdaunt|Crabhammer|p2a: Volcarona
|-supereffective|p2a: Volcarona
|-damage|p2a: Volcarona|0 fnt
|faint|p2a: Volcarona
|
|upkeep
|
|t:|1650645835
|switch|p2a: Weavile|Weavile, M, shiny|84/100
|-ability|p2a: Weavile|Pressure
|turn|25
|
|t:|1650645843
|move|p2a: Weavile|Triple Axel|p1a: Crawdaunt
|-resisted|p1a: Crawdaunt
|-damage|p1a: Crawdaunt|65/100
|-resisted|p1a: Crawdaunt
|-damage|p1a: Crawdaunt|45/100
|-resisted|p1a: Crawdaunt
|-damage|p1a: Crawdaunt|11/100
|-hitcount|p1a: Crawdaunt|3
|move|p1a: Crawdaunt|Crabhammer|p2a: Weavile
|-damage|p2a: Weavile|0 fnt
|faint|p2a: Weavile
|
|win|stopthreat
|raw|stopthreat's rating: 1725 &rarr; <strong>1747</strong><br />(+22 for winning)
|raw|1owercase's rating: 1759 &rarr; <strong>1737</strong><br />(-22 for losing)
|l|☆1owercase
|l|☆stopthreat
|l| supahotnicememe
|l| Wrain
|l| pyh333
