|j|☆EM3RLD
|j|☆Wheezer
|inactive|Battle timer is ON: inactive players will automatically lose when time's up.
|t:|1640226895
|gametype|singles
|player|p1|EM3RLD|giovanni|
|player|p2|Wheezer|petrel|
|teamsize|p1|6
|teamsize|p2|6
|gen|8
|tier|[Gen 8] OU
|rated|Tournament battle
|rule|Sleep Clause Mod: Limit one foe put to sleep
|rule|Species Clause: Limit one of each Pokémon
|rule|OHKO Clause: OHKO moves are banned
|rule|Evasion Moves Clause: Evasion moves are banned
|rule|Endless Battle Clause: Forcing endless battles is banned
|rule|HP Percentage Mod: HP is shown in percentages
|rule|Dynamax Clause: You cannot dynamax
|clearpoke
|poke|p1|Pelipper, M|
|poke|p1|Barraskewda, F|
|poke|p1|Blissey, F|
|poke|p1|Dragapult, M|
|poke|p1|Bisharp, M|
|poke|p1|Zapdos|
|poke|p2|Primarina, M|
|poke|p2|Suicune|
|poke|p2|Ditto|
|poke|p2|Hatterene, F|
|poke|p2|Garchomp, M|
|poke|p2|Heatran, F|
|teampreview
|inactive|EM3RLD also wants the timer to be on.
|j| lowladderisheaven
|j|@mcp3
|j| plasmidoo
|j| ian_yo
|c|☆Wheezer|give me an ekiss
|inactive|Wheezer has 120 seconds left.
|j| blubop
|c|☆Wheezer|*mwah*
|c|☆EM3RLD|No lol
|
|t:|1640226937
|start
|switch|p1a: Dragapult|Dragapult, M|100/100
|switch|p2a: Suicune|Suicune|100/100
|-ability|p2a: Suicune|Pressure
|turn|1
|c|☆Wheezer|:(
|c|☆EM3RLD|Glhf
|c|@mcp3|here Wheezer
|c|@mcp3|:*
|j| DA COME UP
|c|☆Wheezer|<3
|c|☆EM3RLD|Gross bro lol
|c|@mcp3|gl both
|l| DA COME UP
|c|☆EM3RLD|Weird
|inactive|Wheezer has 120 seconds left.
|c|☆Wheezer|i thinki lose to this
|
|t:|1640226975
|move|p2a: Suicune|Protect|p2a: Suicune
|-singleturn|p2a: Suicune|Protect
|move|p1a: Dragapult|U-turn|p2a: Suicune
|-activate|p2a: Suicune|move: Protect
|
|upkeep
|turn|2
|c|@mcp3|simply outplau
|inactive|Wheezer has 120 seconds left.
|c|☆Wheezer|true
|c|@mcp3|u literally win rn
|c|☆EM3RLD|Make ur move lol
|
|t:|1640226988
|move|p1a: Dragapult|U-turn|p2a: Suicune
|-damage|p2a: Suicune|88/100
|
|t:|1640226992
|switch|p1a: Blissey|Blissey, F|100/100|[from]move: U-turn
|move|p2a: Suicune|Scald|p1a: Blissey
|-damage|p1a: Blissey|90/100
|
|-heal|p2a: Suicune|94/100|[from] item: Leftovers
|upkeep
|turn|3
|l| lowladderisheaven
|j| Cra2k
|
|t:|1640226997
|move|p2a: Suicune|Substitute|p2a: Suicune
|-start|p2a: Suicune|Substitute
|-damage|p2a: Suicune|69/100
|move|p1a: Blissey|Teleport|p1a: Blissey
|
|t:|1640227004
|switch|p1a: Dragapult|Dragapult, M|100/100|[from]move: Teleport
|
|-heal|p2a: Suicune|75/100|[from] item: Leftovers
|upkeep
|turn|4
|
|t:|1640227011
|move|p2a: Suicune|Protect|p2a: Suicune
|-singleturn|p2a: Suicune|Protect
|move|p1a: Dragapult|Shadow Ball|p2a: Suicune
|-activate|p2a: Suicune|move: Protect
|
|-heal|p2a: Suicune|82/100|[from] item: Leftovers
|upkeep
|turn|5
|
|t:|1640227018
|switch|p2a: Heatran|Heatran, F|100/100
|move|p1a: Dragapult|Shadow Ball|p2a: Heatran
|-damage|p2a: Heatran|68/100
|
|-heal|p2a: Heatran|74/100|[from] item: Leftovers
|upkeep
|turn|6
|
|t:|1640227027
|switch|p1a: Pelipper|Pelipper, M|100/100
|-weather|RainDance|[from] ability: Drizzle|[of] p1a: Pelipper
|move|p2a: Heatran|Magma Storm|p1a: Pelipper
|-resisted|p1a: Pelipper
|-damage|p1a: Pelipper|86/100
|-activate|p1a: Pelipper|move: Magma Storm|[of] p2a: Heatran
|
|-weather|RainDance|[upkeep]
|-heal|p2a: Heatran|80/100|[from] item: Leftovers
|-damage|p1a: Pelipper|73/100|[from] move: Magma Storm|[partiallytrapped]
|upkeep
|turn|7
|
|t:|1640227032
|switch|p2a: Primarina|Primarina, M|100/100
|move|p1a: Pelipper|U-turn|p2a: Primarina
|-resisted|p2a: Primarina
|-damage|p2a: Primarina|97/100
|j| Zen860
|
|t:|1640227038
|switch|p1a: Barraskewda|Barraskewda, F|100/100|[from]move: U-turn
|
|-weather|RainDance|[upkeep]
|-heal|p2a: Primarina|100/100|[from] item: Leftovers
|upkeep
|turn|8
|
|t:|1640227044
|move|p2a: Primarina|Protect|p2a: Primarina
|-singleturn|p2a: Primarina|Protect
|move|p1a: Barraskewda|Flip Turn|p2a: Primarina
|-activate|p2a: Primarina|move: Protect
|
|-weather|RainDance|[upkeep]
|upkeep
|turn|9
|
|t:|1640227047
|move|p1a: Barraskewda|Flip Turn|p2a: Primarina
|-resisted|p2a: Primarina
|-damage|p2a: Primarina|68/100
|
|t:|1640227051
|switch|p1a: Blissey|Blissey, F|90/100|[from]move: Flip Turn
|move|p2a: Primarina|Whirlpool|p1a: Blissey
|-damage|p1a: Blissey|83/100
|-activate|p1a: Blissey|move: Whirlpool|[of] p2a: Primarina
|
|-weather|RainDance|[upkeep]
|-heal|p2a: Primarina|74/100|[from] item: Leftovers
|-damage|p1a: Blissey|70/100|[from] move: Whirlpool|[partiallytrapped]
|upkeep
|turn|10
|c| Zen860|ditto on nonstall is interesting to see
|
|t:|1640227070
|switch|p2a: Hatterene|Hatterene, F|100/100
|move|p1a: Blissey|Stealth Rock|p2a: Hatterene
|move|p2a: Hatterene|Stealth Rock|p1a: Blissey|[from]ability: Magic Bounce
|-sidestart|p1: EM3RLD|move: Stealth Rock
|
|-weather|none
|-end|p1a: Blissey|Whirlpool|[partiallytrapped]|[silent]
|upkeep
|turn|11
|l| plasmidoo
|j| Iliketurtleslmao
|
|t:|1640227079
|move|p2a: Hatterene|Draining Kiss|p1a: Blissey
|-damage|p1a: Blissey|62/100
|move|p1a: Blissey|Teleport|p1a: Blissey
|j| aarush_prabhu_24
|c|☆Wheezer|im offended
|
|t:|1640227092
|switch|p1a: Barraskewda|Barraskewda, F|100/100|[from]move: Teleport
|-damage|p1a: Barraskewda|88/100|[from] Stealth Rock
|
|upkeep
|turn|12
|l| aarush_prabhu_24
|c|☆Wheezer|this is stall
|j| plasmidoo
|
|t:|1640227099
|move|p1a: Barraskewda|Flip Turn|p2a: Hatterene
|-damage|p2a: Hatterene|63/100
|c| Zen860|uh
|
|t:|1640227109
|switch|p1a: Blissey|Blissey, F|62/100|[from]move: Flip Turn
|move|p2a: Hatterene|Draining Kiss|p1a: Blissey
|-damage|p1a: Blissey|53/100
|-heal|p2a: Hatterene|78/100|[from] drain|[of] p1a: Blissey
|
|-heal|p2a: Hatterene|84/100|[from] item: Leftovers
|upkeep
|turn|13
|
|t:|1640227116
|move|p1a: Blissey|Soft-Boiled|p1a: Blissey
|-heal|p1a: Blissey|100/100
|move|p2a: Hatterene|Calm Mind|p2a: Hatterene
|-boost|p2a: Hatterene|spa|1
|-boost|p2a: Hatterene|spd|1
|
|-heal|p2a: Hatterene|90/100|[from] item: Leftovers
|upkeep
|turn|14
|
|t:|1640227125
|move|p1a: Blissey|Seismic Toss|p2a: Hatterene
|-damage|p2a: Hatterene|59/100
|move|p2a: Hatterene|Calm Mind|p2a: Hatterene
|-boost|p2a: Hatterene|spa|1
|-boost|p2a: Hatterene|spd|1
|
|-heal|p2a: Hatterene|65/100|[from] item: Leftovers
|upkeep
|turn|15
|j| Sheik
|
|t:|1640227129
|move|p2a: Hatterene|Draining Kiss|p1a: Blissey
|-damage|p1a: Blissey|83/100
|-heal|p2a: Hatterene|94/100|[from] drain|[of] p1a: Blissey
|move|p1a: Blissey|Teleport|p1a: Blissey
|l| Sheik
|
|t:|1640227136
|switch|p1a: Bisharp|Bisharp, M|100/100|[from]move: Teleport
|-damage|p1a: Bisharp|95/100|[from] Stealth Rock
|
|-heal|p2a: Hatterene|99/100|[from] item: Leftovers
|upkeep
|turn|16
|
|t:|1640227141
|switch|p2a: Garchomp|Garchomp, M|100/100
|move|p1a: Bisharp|Iron Head|p2a: Garchomp
|-damage|p2a: Garchomp|69/100
|-damage|p1a: Bisharp|82/100|[from] ability: Rough Skin|[of] p2a: Garchomp
|-damage|p1a: Bisharp|66/100|[from] item: Rocky Helmet|[of] p2a: Garchomp
|
|upkeep
|turn|17
|j|@Srn
|
|t:|1640227150
|switch|p1a: Pelipper|Pelipper, M|73/100
|-weather|RainDance|[from] ability: Drizzle|[of] p1a: Pelipper
|move|p2a: Garchomp|Toxic|p1a: Pelipper
|-status|p1a: Pelipper|tox
|
|-weather|RainDance|[upkeep]
|-damage|p1a: Pelipper|67/100 tox|[from] psn
|upkeep
|turn|18
|
|t:|1640227156
|switch|p2a: Primarina|Primarina, M|74/100
|move|p1a: Pelipper|U-turn|p2a: Primarina
|-resisted|p2a: Primarina
|-damage|p2a: Primarina|71/100
|
|t:|1640227165
|switch|p1a: Zapdos|Zapdos|100/100|[from]move: U-turn
|
|-weather|RainDance|[upkeep]
|-heal|p2a: Primarina|77/100|[from] item: Leftovers
|upkeep
|turn|19
|c| Zen860|i wanna see a ditto play this game
|
|t:|1640227173
|move|p2a: Primarina|Protect|p2a: Primarina
|-singleturn|p2a: Primarina|Protect
|move|p1a: Zapdos|Thunder|p2a: Primarina
|-activate|p2a: Primarina|move: Protect
|
|-weather|RainDance|[upkeep]
|-heal|p2a: Primarina|83/100|[from] item: Leftovers
|upkeep
|turn|20
|c| Zen860|rn i dont think itll do anything
|l|@Srn
|c| Zen860|prove me wrong
|j| EL BAMZUKA
|
|t:|1640227187
|switch|p2a: Garchomp|Garchomp, M|69/100
|move|p1a: Zapdos|Hurricane|p2a: Garchomp
|-damage|p2a: Garchomp|13/100
|
|-weather|RainDance|[upkeep]
|upkeep
|turn|21
|
|t:|1640227196
|move|p1a: Zapdos|Hurricane|p2a: Garchomp
|-damage|p2a: Garchomp|0 fnt
|faint|p2a: Garchomp
|
|-weather|none
|upkeep
|j| arnavgupta
|c|☆Wheezer|damn, had to go for it
|
|t:|1640227210
|switch|p2a: Heatran|Heatran, F|80/100
|turn|22
|
|t:|1640227214
|switch|p1a: Pelipper|Pelipper, M|67/100 tox
|-weather|RainDance|[from] ability: Drizzle|[of] p1a: Pelipper
|move|p2a: Heatran|Magma Storm|p1a: Pelipper
|-resisted|p1a: Pelipper
|-damage|p1a: Pelipper|52/100 tox
|-activate|p1a: Pelipper|move: Magma Storm|[of] p2a: Heatran
|
|-weather|RainDance|[upkeep]
|-heal|p2a: Heatran|86/100|[from] item: Leftovers
|-damage|p1a: Pelipper|46/100 tox|[from] psn
|-damage|p1a: Pelipper|33/100 tox|[from] move: Magma Storm|[partiallytrapped]
|upkeep
|turn|23
|
|t:|1640227223
|switch|p2a: Primarina|Primarina, M|83/100
|move|p1a: Pelipper|U-turn|p2a: Primarina
|-resisted|p2a: Primarina
|-damage|p2a: Primarina|80/100
|
|t:|1640227233
|switch|p1a: Blissey|Blissey, F|83/100|[from]move: U-turn
|
|-weather|RainDance|[upkeep]
|-heal|p2a: Primarina|86/100|[from] item: Leftovers
|upkeep
|turn|24
|
|t:|1640227239
|switch|p2a: Suicune|Suicune|82/100
|-ability|p2a: Suicune|Pressure
|move|p1a: Blissey|Teleport|p1a: Blissey
|l| arnavgupta
|
|t:|1640227248
|switch|p1a: Dragapult|Dragapult, M|100/100|[from]move: Teleport
|-damage|p1a: Dragapult|88/100|[from] Stealth Rock
|
|-weather|RainDance|[upkeep]
|-heal|p2a: Suicune|88/100|[from] item: Leftovers
|upkeep
|turn|25
|
|t:|1640227256
|move|p2a: Suicune|Protect|p2a: Suicune
|-singleturn|p2a: Suicune|Protect
|move|p1a: Dragapult|Shadow Ball|p2a: Suicune
|-activate|p2a: Suicune|move: Protect
|
|-weather|RainDance|[upkeep]
|-heal|p2a: Suicune|94/100|[from] item: Leftovers
|upkeep
|turn|26
|
|t:|1640227269
|switch|p2a: Heatran|Heatran, F|86/100
|move|p1a: Dragapult|Shadow Ball|p2a: Heatran
|-damage|p2a: Heatran|56/100
|
|-weather|none
|-heal|p2a: Heatran|62/100|[from] item: Leftovers
|upkeep
|turn|27
|
|t:|1640227274
|move|p1a: Dragapult|Shadow Ball|p2a: Heatran
|-damage|p2a: Heatran|29/100
|-unboost|p2a: Heatran|spd|1
|move|p2a: Heatran|Magma Storm|p1a: Dragapult
|-resisted|p1a: Dragapult
|-damage|p1a: Dragapult|60/100
|-activate|p1a: Dragapult|move: Magma Storm|[of] p2a: Heatran
|
|-heal|p2a: Heatran|35/100|[from] item: Leftovers
|-damage|p1a: Dragapult|48/100|[from] move: Magma Storm|[partiallytrapped]
|upkeep
|turn|28
|inactive|Wheezer has 120 seconds left.
|
|t:|1640227313
|switch|p2a: Primarina|Primarina, M|86/100
|move|p1a: Dragapult|Shadow Ball|p2a: Primarina
|-damage|p2a: Primarina|42/100
|-unboost|p2a: Primarina|spd|1
|
|-heal|p2a: Primarina|48/100|[from] item: Leftovers
|-end|p1a: Dragapult|Magma Storm|[partiallytrapped]|[silent]
|upkeep
|turn|29
|
|t:|1640227319
|move|p2a: Primarina|Protect|p2a: Primarina
|-singleturn|p2a: Primarina|Protect
|move|p1a: Dragapult|Shadow Ball|p2a: Primarina
|-activate|p2a: Primarina|move: Protect
|
|-heal|p2a: Primarina|54/100|[from] item: Leftovers
|upkeep
|turn|30
|
|t:|1640227328
|move|p1a: Dragapult|Shadow Ball|p2a: Primarina
|-damage|p2a: Primarina|0 fnt
|faint|p2a: Primarina
|
|upkeep
|
|t:|1640227330
|switch|p2a: Ditto|Ditto|100/100
|-transform|p2a: Ditto|p1a: Dragapult|[from] ability: Imposter
|turn|31
|
|t:|1640227336
|switch|p1a: Blissey|Blissey, F|83/100
|move|p2a: Ditto|U-turn|p1a: Blissey
|-damage|p1a: Blissey|67/100
|
|t:|1640227339
|switch|p2a: Suicune|Suicune|94/100|[from]move: U-turn
|-ability|p2a: Suicune|Pressure
|
|-heal|p2a: Suicune|99/100|[from] item: Leftovers
|upkeep
|turn|32
|
|t:|1640227342
|move|p2a: Suicune|Substitute|p2a: Suicune
|-start|p2a: Suicune|Substitute
|-damage|p2a: Suicune|75/100
|move|p1a: Blissey|Stealth Rock|p2a: Suicune
|-sidestart|p2: Wheezer|move: Stealth Rock
|
|-heal|p2a: Suicune|81/100|[from] item: Leftovers
|upkeep
|turn|33
|
|t:|1640227345
|move|p2a: Suicune|Calm Mind|p2a: Suicune
|-boost|p2a: Suicune|spa|1
|-boost|p2a: Suicune|spd|1
|move|p1a: Blissey|Seismic Toss|p2a: Suicune
|-activate|p2a: Suicune|move: Substitute|[damage]
|
|-heal|p2a: Suicune|88/100|[from] item: Leftovers
|upkeep
|turn|34
|
|t:|1640227350
|move|p2a: Suicune|Protect|p2a: Suicune
|-singleturn|p2a: Suicune|Protect
|move|p1a: Blissey|Teleport|p1a: Blissey
|
|t:|1640227363
|switch|p1a: Pelipper|Pelipper, M|33/100 tox|[from]move: Teleport
|-weather|RainDance|[from] ability: Drizzle|[of] p1a: Pelipper
|
|-weather|RainDance|[upkeep]
|-heal|p2a: Suicune|94/100|[from] item: Leftovers
|-damage|p1a: Pelipper|27/100 tox|[from] psn
|upkeep
|turn|35
|
|t:|1640227373
|move|p2a: Suicune|Calm Mind|p2a: Suicune
|-boost|p2a: Suicune|spa|1
|-boost|p2a: Suicune|spd|1
|move|p1a: Pelipper|U-turn|p2a: Suicune
|-end|p2a: Suicune|Substitute
|
|t:|1640227375
|switch|p1a: Zapdos|Zapdos|100/100|[from]move: U-turn
|
|-weather|RainDance|[upkeep]
|-heal|p2a: Suicune|99/100|[from] item: Leftovers
|upkeep
|turn|36
|
|t:|1640227381
|move|p2a: Suicune|Protect|p2a: Suicune
|-singleturn|p2a: Suicune|Protect
|move|p1a: Zapdos|Thunder|p2a: Suicune
|-activate|p2a: Suicune|move: Protect
|
|-weather|RainDance|[upkeep]
|-heal|p2a: Suicune|100/100|[from] item: Leftovers
|upkeep
|turn|37
|inactive|Wheezer has 120 seconds left.
|
|t:|1640227432
|move|p1a: Zapdos|Thunder|p2a: Suicune
|-supereffective|p2a: Suicune
|-damage|p2a: Suicune|61/100
|move|p2a: Suicune|Scald|p1a: Zapdos
|-crit|p1a: Zapdos
|-damage|p1a: Zapdos|0 fnt
|faint|p1a: Zapdos
|
|-weather|RainDance|[upkeep]
|-heal|p2a: Suicune|68/100|[from] item: Leftovers
|upkeep
|c| Zen860|ooo
|
|t:|1640227456
|switch|p1a: Dragapult|Dragapult, M|48/100
|-damage|p1a: Dragapult|35/100|[from] Stealth Rock
|turn|38
|
|t:|1640227459
|move|p2a: Suicune|Protect|p2a: Suicune
|-singleturn|p2a: Suicune|Protect
|move|p1a: Dragapult|Draco Meteor|p2a: Suicune
|-activate|p2a: Suicune|move: Protect
|
|-weather|none
|-heal|p2a: Suicune|74/100|[from] item: Leftovers
|upkeep
|turn|39
|inactive|Wheezer has 120 seconds left.
|
|t:|1640227466
|move|p1a: Dragapult|Draco Meteor|p2a: Suicune
|-damage|p2a: Suicune|42/100
|-unboost|p1a: Dragapult|spa|2
|move|p2a: Suicune|Calm Mind|p2a: Suicune
|-boost|p2a: Suicune|spa|1
|-boost|p2a: Suicune|spd|1
|
|-heal|p2a: Suicune|49/100|[from] item: Leftovers
|upkeep
|turn|40
|
|t:|1640227474
|switch|p1a: Bisharp|Bisharp, M|66/100
|-damage|p1a: Bisharp|60/100|[from] Stealth Rock
|move|p2a: Suicune|Protect||[still]
|-fail|p2a: Suicune
|
|-heal|p2a: Suicune|55/100|[from] item: Leftovers
|upkeep
|turn|41
|c| Zen860|yoo
|
|t:|1640227480
|move|p2a: Suicune|Scald|p1a: Bisharp
|-damage|p1a: Bisharp|0 fnt
|faint|p1a: Bisharp
|
|-heal|p2a: Suicune|61/100|[from] item: Leftovers
|upkeep
|c| Zen860|!!
|
|t:|1640227490
|switch|p1a: Blissey|Blissey, F|67/100
|turn|42
|c| Zen860|i looked away for 2sec
|
|t:|1640227500
|move|p2a: Suicune|Substitute|p2a: Suicune
|-start|p2a: Suicune|Substitute
|-damage|p2a: Suicune|36/100
|move|p1a: Blissey|Seismic Toss|p2a: Suicune
|-activate|p2a: Suicune|move: Substitute|[damage]
|
|-heal|p2a: Suicune|42/100|[from] item: Leftovers
|upkeep
|turn|43
|
|t:|1640227502
|move|p2a: Suicune|Protect|p2a: Suicune
|-singleturn|p2a: Suicune|Protect
|move|p1a: Blissey|Seismic Toss|p2a: Suicune
|-activate|p2a: Suicune|move: Protect
|
|-heal|p2a: Suicune|48/100|[from] item: Leftovers
|upkeep
|turn|44
|
|t:|1640227507
|move|p2a: Suicune|Calm Mind|p2a: Suicune
|-boost|p2a: Suicune|spa|1
|-boost|p2a: Suicune|spd|1
|move|p1a: Blissey|Seismic Toss|p2a: Suicune
|-end|p2a: Suicune|Substitute
|
|-heal|p2a: Suicune|54/100|[from] item: Leftovers
|upkeep
|turn|45
|c| Zen860|suicune the goat
|c|☆EM3RLD|Gg bro this is an uphill battle. You win
|c|☆Wheezer|gg
|c| Zen860|noo
|inactive|EM3RLD has 120 seconds left.
|c| Zen860|crit pult
|-message|EM3RLD forfeited.
|
|win|Wheezer
|n|☆EM3RLD|em3rld
|n|☆Wheezer|wheezer
|n| mcp3|mcp3
|n| ian_yo|ianyo
|n| blubop|blubop
|n| Cra2k|cra2k
|n| Zen860|zen860
|n| Iliketurtleslmao|iliketurtleslmao
|n| plasmidoo|plasmidoo
|n| EL BAMZUKA|elbamzuka
