|j|☆finna hafta boutta
|j|☆Contorted Lies
|t:|1608500681
|player|p1|finna hafta boutta|acerola|1818
|player|p2|Contorted Lies|170|1779
|teamsize|p1|6
|teamsize|p2|6
|gametype|singles
|gen|8
|tier|[Gen 8] OU
|rated|
|clearpoke
|poke|p1|Slowking-Galar, M|
|poke|p1|Hippowdon, F|
|poke|p1|Urshifu-*, F|
|poke|p1|Tapu Bulu|
|poke|p1|Tornadus-Therian, M|
|poke|p1|Keldeo-Resolute|
|poke|p2|Nidoking, M|
|poke|p2|Kartana|
|poke|p2|Slowking-Galar, M|
|poke|p2|Landorus-Therian, M|
|poke|p2|Clefable, M|
|poke|p2|Hydreigon, M|
|rule|Sleep Clause Mod: Limit one foe put to sleep
|rule|Species Clause: Limit one of each Pokémon
|rule|OHKO Clause: OHKO moves are banned
|rule|Evasion Moves Clause: Evasion moves are banned
|rule|Endless Battle Clause: Forcing endless battles is banned
|rule|HP Percentage Mod: HP is shown in percentages
|rule|Dynamax Clause: You cannot dynamax
|teampreview
|j| Vessev
|
|t:|1608500701
|start
|switch|p1a: Tornadus|Tornadus-Therian, M|100/100
|switch|p2a: Landorus|Landorus-Therian, M|100/100
|-ability|p2a: Landorus|Intimidate|boost
|-unboost|p1a: Tornadus|atk|1
|turn|1
|
|t:|1608500706
|move|p2a: Landorus|Stone Edge|p1a: Tornadus|[miss]
|-miss|p2a: Landorus|p1a: Tornadus
|move|p1a: Tornadus|Knock Off|p2a: Landorus
|-damage|p2a: Landorus|83/100
|-enditem|p2a: Landorus|Choice Scarf|[from] move: Knock Off|[of] p1a: Tornadus
|
|upkeep
|turn|2
|
|t:|1608500717
|move|p1a: Tornadus|Hurricane|p2a: Landorus
|-damage|p2a: Landorus|27/100
|-start|p2a: Landorus|confusion
|-activate|p2a: Landorus|confusion
|move|p2a: Landorus|U-turn|p1a: Tornadus
|-resisted|p1a: Tornadus
|-damage|p1a: Tornadus|86/100
|
|t:|1608500722
|switch|p2a: Slowking|Slowking-Galar, M|100/100|[from]move: U-turn
|
|upkeep
|turn|3
|
|t:|1608500726
|move|p1a: Tornadus|Knock Off|p2a: Slowking
|-supereffective|p2a: Slowking
|-damage|p2a: Slowking|72/100
|-enditem|p2a: Slowking|Assault Vest|[from] move: Knock Off|[of] p1a: Tornadus
|move|p2a: Slowking|Future Sight|p1a: Tornadus
|-start|p2a: Slowking|move: Future Sight
|
|upkeep
|turn|4
|j| Reverb And Rei
|
|t:|1608500741
|move|p1a: Tornadus|Hurricane|p2a: Slowking
|-damage|p2a: Slowking|39/100
|-start|p2a: Slowking|confusion
|-activate|p2a: Slowking|confusion
|move|p2a: Slowking|Sludge Bomb|p1a: Tornadus
|-damage|p1a: Tornadus|40/100
|-status|p1a: Tornadus|psn
|
|-damage|p1a: Tornadus|28/100 psn|[from] psn
|upkeep
|turn|5
|
|t:|1608500752
|move|p1a: Tornadus|U-turn|p2a: Slowking
|-damage|p2a: Slowking|28/100
|
|t:|1608500755
|switch|p1a: Urshifu|Urshifu, F|100/100|[from]move: U-turn
|-activate|p2a: Slowking|confusion
|move|p2a: Slowking|Sludge Bomb|p1a: Urshifu
|-damage|p1a: Urshifu|33/100
|
|-end|p1a: Urshifu|move: Future Sight
|-immune|p1a: Urshifu
|upkeep
|turn|6
|
|t:|1608500768
|switch|p1a: Slowking|Slowking-Galar, M|100/100
|switch|p2a: Clefable|Clefable, M|100/100
|
|upkeep
|turn|7
|
|t:|1608500778
|switch|p2a: Slowking|Slowking-Galar, M|61/100
|move|p1a: Slowking|Sludge Bomb|p2a: Slowking
|-resisted|p2a: Slowking
|-damage|p2a: Slowking|45/100
|
|upkeep
|turn|8
|
|t:|1608500781
|move|p2a: Slowking|Future Sight|p1a: Slowking
|-start|p2a: Slowking|move: Future Sight
|move|p1a: Slowking|Future Sight|p2a: Slowking
|-start|p1a: Slowking|move: Future Sight
|
|upkeep
|turn|9
|
|t:|1608500788
|move|p1a: Slowking|Flamethrower|p2a: Slowking
|-damage|p2a: Slowking|26/100
|move|p2a: Slowking|Psychic|p1a: Slowking
|-damage|p1a: Slowking|81/100
|-unboost|p1a: Slowking|spd|1
|
|upkeep
|turn|10
|
|t:|1608500807
|switch|p2a: Hydreigon|Hydreigon, M|100/100
|move|p1a: Slowking|Sludge Bomb|p2a: Hydreigon
|-damage|p2a: Hydreigon|60/100
|
|-end|p1a: Slowking|move: Future Sight
|-damage|p1a: Slowking|42/100
|-end|p2a: Hydreigon|move: Future Sight
|-immune|p2a: Hydreigon
|-heal|p2a: Hydreigon|66/100|[from] item: Leftovers
|upkeep
|turn|11
|
|t:|1608500821
|switch|p2a: Clefable|Clefable, M|100/100
|switch|p1a: Hippowdon|Hippowdon, F|100/100
|-weather|Sandstorm|[from] ability: Sand Stream|[of] p1a: Hippowdon
|
|-weather|Sandstorm|[upkeep]
|upkeep
|turn|12
|
|t:|1608500827
|move|p2a: Clefable|Stealth Rock|p1a: Hippowdon
|-sidestart|p1: finna hafta boutta|move: Stealth Rock
|move|p1a: Hippowdon|Stealth Rock|p2a: Clefable
|-sidestart|p2: Contorted Lies|move: Stealth Rock
|
|-weather|Sandstorm|[upkeep]
|upkeep
|turn|13
|j| Slaking2000
|
|t:|1608500835
|switch|p2a: Landorus|Landorus-Therian, M|27/100
|-damage|p2a: Landorus|14/100|[from] Stealth Rock
|-ability|p2a: Landorus|Intimidate|boost
|-unboost|p1a: Hippowdon|atk|1
|move|p1a: Hippowdon|High Horsepower|p2a: Landorus
|-immune|p2a: Landorus
|
|-weather|Sandstorm|[upkeep]
|upkeep
|turn|14
|
|t:|1608500847
|move|p2a: Landorus|Explosion|p1a: Hippowdon
|-damage|p1a: Hippowdon|49/100
|faint|p2a: Landorus
|move|p1a: Hippowdon|Whirlwind|p2: Landorus|[notarget]
|-fail|p1a: Hippowdon
|
|-weather|Sandstorm|[upkeep]
|-heal|p1a: Hippowdon|55/100|[from] item: Leftovers
|upkeep
|j| IM AT MY LIMIT
|
|t:|1608500853
|switch|p2a: Kartana|Kartana|100/100
|-damage|p2a: Kartana|94/100|[from] Stealth Rock
|turn|15
|j| Lando-San
|l| Slaking2000
|
|t:|1608500882
|move|p2a: Kartana|Leaf Blade|p1a: Hippowdon
|-supereffective|p1a: Hippowdon
|-crit|p1a: Hippowdon
|-damage|p1a: Hippowdon|0 fnt
|faint|p1a: Hippowdon
|-ability|p2a: Kartana|Beast Boost|boost
|-boost|p2a: Kartana|atk|1
|
|-weather|none
|upkeep
|
|t:|1608500887
|switch|p1a: Tornadus|Tornadus-Therian, M|61/100 psn
|turn|16
|
|t:|1608500890
|switch|p2a: Slowking|Slowking-Galar, M|59/100
|-damage|p2a: Slowking|47/100|[from] Stealth Rock
|move|p1a: Tornadus|Hurricane|p2a: Slowking
|-damage|p2a: Slowking|15/100
|
|-damage|p1a: Tornadus|49/100 psn|[from] psn
|upkeep
|turn|17
|
|t:|1608500903
|switch|p2a: Clefable|Clefable, M|100/100
|move|p1a: Tornadus|Knock Off|p2a: Clefable
|-resisted|p2a: Clefable
|-damage|p2a: Clefable|92/100
|-enditem|p2a: Clefable|Leftovers|[from] move: Knock Off|[of] p1a: Tornadus
|
|-damage|p1a: Tornadus|36/100 psn|[from] psn
|upkeep
|turn|18
|
|t:|1608500911
|move|p1a: Tornadus|U-turn|p2a: Clefable
|-resisted|p2a: Clefable
|-damage|p2a: Clefable|87/100
|
|t:|1608500914
|switch|p1a: Slowking|Slowking-Galar, M|76/100|[from]move: U-turn
|-damage|p1a: Slowking|63/100|[from] Stealth Rock
|move|p2a: Clefable|Thunder Wave|p1a: Slowking
|-status|p1a: Slowking|par
|
|upkeep
|turn|19
|j| Dialkia89
|
|t:|1608500941
|switch|p2a: Nidoking|Nidoking, M|100/100
|-damage|p2a: Nidoking|95/100|[from] Stealth Rock
|cant|p1a: Slowking|par
|
|upkeep
|turn|20
|
|t:|1608500967
|move|p2a: Nidoking|Earth Power|p1a: Slowking
|-supereffective|p1a: Slowking
|-damage|p1a: Slowking|9/100 par
|move|p1a: Slowking|Future Sight|p2a: Nidoking
|-start|p1a: Slowking|move: Future Sight
|
|upkeep
|turn|21
|
|t:|1608500973
|switch|p1a: Urshifu|Urshifu, F|33/100
|-damage|p1a: Urshifu|27/100|[from] Stealth Rock
|move|p2a: Nidoking|Ice Beam|p1a: Urshifu
|-damage|p1a: Urshifu|0 fnt
|faint|p1a: Urshifu
|
|upkeep
|
|t:|1608500977
|switch|p1a: Keldeo|Keldeo-Resolute|100/100
|-damage|p1a: Keldeo|94/100|[from] Stealth Rock
|turn|22
|
|t:|1608501006
|switch|p2a: Hydreigon|Hydreigon, M|66/100
|-damage|p2a: Hydreigon|53/100|[from] Stealth Rock
|move|p1a: Keldeo|Scald|p2a: Hydreigon
|-resisted|p2a: Hydreigon
|-damage|p2a: Hydreigon|17/100
|
|-end|p2a: Hydreigon|move: Future Sight
|-immune|p2a: Hydreigon
|-heal|p2a: Hydreigon|23/100|[from] item: Leftovers
|upkeep
|turn|23
|
|t:|1608501022
|move|p1a: Keldeo|Scald|p2a: Hydreigon
|-resisted|p2a: Hydreigon
|-damage|p2a: Hydreigon|0 fnt
|faint|p2a: Hydreigon
|
|upkeep
|j| The412Gang
|
|t:|1608501030
|switch|p2a: Kartana|Kartana|94/100
|-damage|p2a: Kartana|88/100|[from] Stealth Rock
|turn|24
|j| sapoidoioi
|
|t:|1608501036
|switch|p1a: Slowking|Slowking-Galar, M|42/100 par
|-damage|p1a: Slowking|30/100 par|[from] Stealth Rock
|move|p2a: Kartana|Leaf Blade|p1a: Slowking
|-resisted|p1a: Slowking
|-damage|p1a: Slowking|0 fnt
|faint|p1a: Slowking
|-ability|p2a: Kartana|Beast Boost|boost
|-boost|p2a: Kartana|atk|1
|
|upkeep
|
|t:|1608501039
|switch|p1a: Tornadus|Tornadus-Therian, M|69/100 psn
|turn|25
|
|t:|1608501051
|switch|p2a: Nidoking|Nidoking, M|95/100
|-damage|p2a: Nidoking|89/100|[from] Stealth Rock
|move|p1a: Tornadus|Hurricane|p2a: Nidoking
|-damage|p2a: Nidoking|28/100
|
|-damage|p1a: Tornadus|57/100 psn|[from] psn
|upkeep
|turn|26
|
|t:|1608501062
|move|p1a: Tornadus|U-turn|p2a: Nidoking
|-resisted|p2a: Nidoking
|-damage|p2a: Nidoking|17/100
|
|t:|1608501067
|switch|p1a: Keldeo|Keldeo-Resolute|94/100|[from]move: U-turn
|-damage|p1a: Keldeo|88/100|[from] Stealth Rock
|move|p2a: Nidoking|Sludge Wave|p1a: Keldeo
|-damage|p1a: Keldeo|14/100
|
|upkeep
|turn|27
|
|t:|1608501076
|move|p1a: Keldeo|Scald|p2a: Nidoking
|-supereffective|p2a: Nidoking
|-crit|p2a: Nidoking
|-damage|p2a: Nidoking|0 fnt
|faint|p2a: Nidoking
|
|upkeep
|
|t:|1608501078
|switch|p2a: Kartana|Kartana|88/100
|-damage|p2a: Kartana|82/100|[from] Stealth Rock
|turn|28
|
|t:|1608501084
|move|p2a: Kartana|Smart Strike|p1a: Keldeo
|-resisted|p1a: Keldeo
|-damage|p1a: Keldeo|0 fnt
|faint|p1a: Keldeo
|-ability|p2a: Kartana|Beast Boost|boost
|-boost|p2a: Kartana|atk|1
|
|upkeep
|
|t:|1608501087
|switch|p1a: Tornadus|Tornadus-Therian, M|90/100 psn
|turn|29
|
|t:|1608501097
|switch|p2a: Slowking|Slowking-Galar, M|48/100
|-damage|p2a: Slowking|36/100|[from] Stealth Rock
|move|p1a: Tornadus|Hurricane|p2a: Slowking
|-damage|p2a: Slowking|5/100
|
|-damage|p1a: Tornadus|78/100 psn|[from] psn
|upkeep
|turn|30
|
|t:|1608501113
|move|p1a: Tornadus|Knock Off|p2a: Slowking
|-supereffective|p2a: Slowking
|-damage|p2a: Slowking|0 fnt
|faint|p2a: Slowking
|
|-damage|p1a: Tornadus|65/100 psn|[from] psn
|upkeep
|
|t:|1608501115
|switch|p2a: Clefable|Clefable, M|87/100
|turn|31
|
|t:|1608501130
|move|p1a: Tornadus|U-turn|p2a: Clefable
|-resisted|p2a: Clefable
|-damage|p2a: Clefable|82/100
|
|t:|1608501132
|switch|p1a: Tapu Bulu|Tapu Bulu|100/100|[from]move: U-turn
|-damage|p1a: Tapu Bulu|88/100|[from] Stealth Rock
|-fieldstart|move: Grassy Terrain|[from] ability: Grassy Surge|[of] p1a: Tapu Bulu
|move|p2a: Clefable|Moonblast|p1a: Tapu Bulu
|-damage|p1a: Tapu Bulu|47/100
|
|-heal|p1a: Tapu Bulu|54/100|[from] item: Leftovers
|-heal|p1a: Tapu Bulu|60/100|[from] Grassy Terrain
|-heal|p2a: Clefable|88/100|[from] Grassy Terrain
|upkeep
|turn|32
|
|t:|1608501142
|switch|p2a: Kartana|Kartana|82/100
|-damage|p2a: Kartana|76/100|[from] Stealth Rock
|move|p1a: Tapu Bulu|Substitute|p1a: Tapu Bulu
|-start|p1a: Tapu Bulu|Substitute
|-damage|p1a: Tapu Bulu|35/100
|
|-heal|p2a: Kartana|82/100|[from] Grassy Terrain
|-heal|p1a: Tapu Bulu|41/100|[from] item: Leftovers
|-heal|p1a: Tapu Bulu|47/100|[from] Grassy Terrain
|upkeep
|turn|33
|l| IM AT MY LIMIT
|
|t:|1608501149
|-singleturn|p1a: Tapu Bulu|move: Focus Punch
|move|p2a: Kartana|Smart Strike|p1a: Tapu Bulu
|-supereffective|p1a: Tapu Bulu
|-end|p1a: Tapu Bulu|Substitute
|move|p1a: Tapu Bulu|Focus Punch|p2a: Kartana
|-supereffective|p2a: Kartana
|-damage|p2a: Kartana|0 fnt
|faint|p2a: Kartana
|
|-heal|p1a: Tapu Bulu|53/100|[from] item: Leftovers
|-heal|p1a: Tapu Bulu|59/100|[from] Grassy Terrain
|upkeep
|
|t:|1608501151
|switch|p2a: Clefable|Clefable, M|88/100
|turn|34
|j| lolebruh
|
|t:|1608501161
|move|p1a: Tapu Bulu|Horn Leech|p2a: Clefable
|-damage|p2a: Clefable|47/100
|-heal|p1a: Tapu Bulu|88/100|[from] drain|[of] p2a: Clefable
|move|p2a: Clefable|Thunder Wave|p1a: Tapu Bulu
|-status|p1a: Tapu Bulu|par
|
|-heal|p2a: Clefable|53/100|[from] Grassy Terrain
|-heal|p1a: Tapu Bulu|94/100 par|[from] item: Leftovers
|-heal|p1a: Tapu Bulu|99/100 par|[from] Grassy Terrain
|upkeep
|turn|35
|
|t:|1608501168
|move|p2a: Clefable|Soft-Boiled|p2a: Clefable
|-heal|p2a: Clefable|100/100
|move|p1a: Tapu Bulu|Horn Leech|p2a: Clefable
|-damage|p2a: Clefable|56/100
|-heal|p1a: Tapu Bulu|100/100 par|[from] drain|[of] p2a: Clefable
|
|-heal|p2a: Clefable|62/100|[from] Grassy Terrain
|-fieldend|move: Grassy Terrain
|upkeep
|turn|36
|
|t:|1608501176
|move|p2a: Clefable|Moonblast|p1a: Tapu Bulu
|-damage|p1a: Tapu Bulu|62/100 par
|move|p1a: Tapu Bulu|Horn Leech|p2a: Clefable
|-damage|p2a: Clefable|28/100
|-heal|p1a: Tapu Bulu|86/100 par|[from] drain|[of] p2a: Clefable
|
|-heal|p1a: Tapu Bulu|92/100 par|[from] item: Leftovers
|upkeep
|turn|37
|
|t:|1608501190
|move|p2a: Clefable|Soft-Boiled|p2a: Clefable
|-heal|p2a: Clefable|78/100
|move|p1a: Tapu Bulu|Horn Leech|p2a: Clefable
|-damage|p2a: Clefable|43/100
|-heal|p1a: Tapu Bulu|100/100 par|[from] drain|[of] p2a: Clefable
|
|upkeep
|turn|38
|
|t:|1608501198
|move|p2a: Clefable|Soft-Boiled|p2a: Clefable
|-heal|p2a: Clefable|93/100
|cant|p1a: Tapu Bulu|par
|
|upkeep
|turn|39
|
|t:|1608501202
|move|p2a: Clefable|Moonblast|p1a: Tapu Bulu
|-damage|p1a: Tapu Bulu|60/100 par
|-unboost|p1a: Tapu Bulu|spa|1
|move|p1a: Tapu Bulu|Horn Leech|p2a: Clefable
|-damage|p2a: Clefable|62/100
|-heal|p1a: Tapu Bulu|82/100 par|[from] drain|[of] p2a: Clefable
|
|-heal|p1a: Tapu Bulu|88/100 par|[from] item: Leftovers
|upkeep
|turn|40
|
|t:|1608501212
|move|p2a: Clefable|Soft-Boiled|p2a: Clefable
|-heal|p2a: Clefable|100/100
|move|p1a: Tapu Bulu|Horn Leech|p2a: Clefable
|-damage|p2a: Clefable|69/100
|-heal|p1a: Tapu Bulu|100/100 par|[from] drain|[of] p2a: Clefable
|
|upkeep
|turn|41
|
|t:|1608501220
|move|p2a: Clefable|Moonblast|p1a: Tapu Bulu
|-damage|p1a: Tapu Bulu|61/100 par
|move|p1a: Tapu Bulu|Horn Leech|p2a: Clefable
|-damage|p2a: Clefable|37/100
|-heal|p1a: Tapu Bulu|83/100 par|[from] drain|[of] p2a: Clefable
|
|-heal|p1a: Tapu Bulu|89/100 par|[from] item: Leftovers
|upkeep
|turn|42
|
|t:|1608501234
|move|p2a: Clefable|Soft-Boiled|p2a: Clefable
|-heal|p2a: Clefable|87/100
|move|p1a: Tapu Bulu|Horn Leech|p2a: Clefable
|-damage|p2a: Clefable|57/100
|-heal|p1a: Tapu Bulu|100/100 par|[from] drain|[of] p2a: Clefable
|
|upkeep
|turn|43
|
|t:|1608501249
|move|p2a: Clefable|Soft-Boiled|p2a: Clefable
|-heal|p2a: Clefable|100/100
|move|p1a: Tapu Bulu|Horn Leech|p2a: Clefable
|-damage|p2a: Clefable|68/100
|
|upkeep
|turn|44
|
|t:|1608501255
|move|p2a: Clefable|Moonblast|p1a: Tapu Bulu
|-damage|p1a: Tapu Bulu|58/100 par
|move|p1a: Tapu Bulu|Horn Leech|p2a: Clefable
|-damage|p2a: Clefable|34/100
|-heal|p1a: Tapu Bulu|81/100 par|[from] drain|[of] p2a: Clefable
|
|-heal|p1a: Tapu Bulu|87/100 par|[from] item: Leftovers
|upkeep
|turn|45
|
|t:|1608501268
|switch|p1a: Tornadus|Tornadus-Therian, M|99/100 psn
|move|p2a: Clefable|Soft-Boiled|p2a: Clefable
|-heal|p2a: Clefable|84/100
|
|-damage|p1a: Tornadus|86/100 psn|[from] psn
|upkeep
|turn|46
|j| Devon
|
|t:|1608501276
|move|p1a: Tornadus|Hurricane|p2a: Clefable
|-crit|p2a: Clefable
|-damage|p2a: Clefable|23/100
|-start|p2a: Clefable|confusion
|-activate|p2a: Clefable|confusion
|-damage|p2a: Clefable|19/100|[from] confusion
|
|-damage|p1a: Tornadus|74/100 psn|[from] psn
|upkeep
|turn|47
|l| Lando-San
|
|t:|1608501283
|move|p1a: Tornadus|Hurricane|p2a: Clefable|[miss]
|-miss|p1a: Tornadus|p2a: Clefable
|-activate|p2a: Clefable|confusion
|move|p2a: Clefable|Moonblast|p1a: Tornadus
|-damage|p1a: Tornadus|40/100 psn
|-unboost|p1a: Tornadus|spa|1
|
|-damage|p1a: Tornadus|28/100 psn|[from] psn
|upkeep
|turn|48
|j| Lando-San
|
|t:|1608501287
|move|p1a: Tornadus|Hurricane|p2a: Clefable|[miss]
|-miss|p1a: Tornadus|p2a: Clefable
|-activate|p2a: Clefable|confusion
|-damage|p2a: Clefable|15/100|[from] confusion
|
|-damage|p1a: Tornadus|15/100 psn|[from] psn
|upkeep
|turn|49
|
|t:|1608501289
|move|p1a: Tornadus|Hurricane|p2a: Clefable
|-damage|p2a: Clefable|0 fnt
|faint|p2a: Clefable
|
|win|finna hafta boutta
|l|☆Contorted Lies
|l| Devon
|l| Dialkia89
||Ladder (probably) updated, but score could not be retrieved (Request timeout).
