|raw|<div class="broadcast-blue"><strong>This battle is required to be public due to a player having a name prefixed by 'LT72MS'.</div>
|j|‽LT72MS EGC
|j|☆Arnaud Senju vgc
|t:|1597416647
|player|p1|LT72MS EGC|unknown|1807
|player|p2|Arnaud Senju vgc|steven|1759
|teamsize|p1|6
|teamsize|p2|6
|gametype|singles
|gen|8
|tier|[Gen 8] OU
|rated|
|clearpoke
|poke|p1|Togekiss, M|
|poke|p1|Zeraora|
|poke|p1|Rhyperior, F|
|poke|p1|Tangrowth, M|
|poke|p1|Toxapex, M|
|poke|p1|Aegislash, M|
|poke|p2|Mew|
|poke|p2|Azumarill, M|
|poke|p2|Rillaboom, F|
|poke|p2|Urshifu-*, F|
|poke|p2|Volcarona, M|
|poke|p2|Togekiss, M|
|rule|Sleep Clause Mod: Limit one foe put to sleep
|rule|Species Clause: Limit one of each Pokémon
|rule|OHKO Clause: OHKO moves are banned
|rule|Evasion Moves Clause: Evasion moves are banned
|rule|Endless Battle Clause: Forcing endless battles is banned
|rule|HP Percentage Mod: HP is shown in percentages
|rule|Dynamax Clause: You cannot dynamax
|teampreview
|inactive|Battle timer is ON: inactive players will automatically lose when time's up. (requested by Arnaud Senju vgc)
|j| Chiori Mikami
|
|t:|1597416669
|start
|switch|p1a: Aegislash|Aegislash, M, shiny|100/100
|switch|p2a: Rillaboom|Rillaboom, F|100/100
|-fieldstart|move: Grassy Terrain|[from] ability: Grassy Surge|[of] p2a: Rillaboom
|-enditem|p2a: Rillaboom|Grassy Seed
|-boost|p2a: Rillaboom|def|1|[from] item: Grassy Seed
|turn|1
|j| thesupercooldude
|
|t:|1597416685
|switch|p2a: Urshifu|Urshifu, F|100/100
|-formechange|p1a: Aegislash|Aegislash-Blade||[from] ability: Stance Change
|move|p1a: Aegislash|Steel Beam|p2a: Urshifu
|-damage|p2a: Urshifu|0 fnt
|-damage|p1a: Aegislash|50/100|[from] mindblown
|faint|p2a: Urshifu
|
|-heal|p1a: Aegislash|56/100|[from] Grassy Terrain
|upkeep
|
|t:|1597416700
|switch|p2a: Volcarona|Volcarona, M|100/100
|turn|2
|j| LT72MS Sagiri
|
|t:|1597416704
|switch|p1a: Toxapex|Toxapex, M|100/100
|move|p2a: Volcarona|Fiery Dance|p1a: Toxapex
|-resisted|p1a: Toxapex
|-damage|p1a: Toxapex|90/100
|-boost|p2a: Volcarona|spa|1
|
|-heal|p1a: Toxapex|96/100|[from] item: Black Sludge
|-heal|p1a: Toxapex|100/100|[from] Grassy Terrain
|upkeep
|turn|3
|
|t:|1597416716
|move|p2a: Volcarona|Psychic|p1a: Toxapex
|-supereffective|p1a: Toxapex
|-damage|p1a: Toxapex|53/100
|move|p1a: Toxapex|Haze|p1a: Toxapex
|-clearallboost
|
|-heal|p1a: Toxapex|59/100|[from] item: Black Sludge
|-heal|p1a: Toxapex|65/100|[from] Grassy Terrain
|upkeep
|turn|4
|
|t:|1597416727
|move|p2a: Volcarona|Psychic|p1a: Toxapex
|-supereffective|p1a: Toxapex
|-damage|p1a: Toxapex|30/100
|move|p1a: Toxapex|Toxic|p2a: Volcarona
|-status|p2a: Volcarona|tox
|
|-heal|p1a: Toxapex|36/100|[from] item: Black Sludge
|-heal|p1a: Toxapex|42/100|[from] Grassy Terrain
|-damage|p2a: Volcarona|94/100 tox|[from] psn
|upkeep
|turn|5
|
|t:|1597416739
|switch|p2a: Mew|Mew|100/100
|move|p1a: Toxapex|Recover|p1a: Toxapex
|-heal|p1a: Toxapex|92/100
|
|-heal|p1a: Toxapex|98/100|[from] item: Black Sludge
|-heal|p1a: Toxapex|100/100|[from] Grassy Terrain
|-fieldend|move: Grassy Terrain
|upkeep
|turn|6
|j| LT72MS Dank
|
|t:|1597416749
|move|p2a: Mew|Substitute|p2a: Mew
|-start|p2a: Mew|Substitute
|-damage|p2a: Mew|75/100
|move|p1a: Toxapex|Toxic||[still]
|-fail|p1a: Toxapex
|
|-heal|p2a: Mew|82/100|[from] item: Leftovers
|upkeep
|turn|7
|j| LT72MS idm = bomb
|
|t:|1597416758
|move|p2a: Mew|Block|p1a: Toxapex
|-activate|p1a: Toxapex|trapped
|move|p1a: Toxapex|Haze|p1a: Toxapex
|-clearallboost
|
|-heal|p2a: Mew|88/100|[from] item: Leftovers
|upkeep
|turn|8
|
|t:|1597416767
|move|p2a: Mew|Imprison|p2a: Mew
|-start|p2a: Mew|move: Imprison
|move|p1a: Toxapex|Scald|p2a: Mew
|-activate|p2a: Mew|move: Substitute|[damage]
|
|-heal|p2a: Mew|94/100|[from] item: Leftovers
|upkeep
|turn|9
|
|t:|1597416778
|move|p2a: Mew|Transform|p1a: Toxapex
|-transform|p2a: Mew|p1a: Toxapex
|-endability|p2a: Mew|Synchronize|[from] move: Transform
|cant|p1a: Toxapex|move: Imprison|Haze
|
|-heal|p2a: Mew|99/100|[from] item: Leftovers
|upkeep
|turn|10
|
|t:|1597416787
|-activate|p1a: Toxapex|move: Struggle
|move|p1a: Toxapex|Struggle|p2a: Mew
|-activate|p2a: Mew|move: Substitute|[damage]
|-damage|p1a: Toxapex|75/100|[from] recoil
|move|p2a: Mew|Scald|p1a: Toxapex
|-resisted|p1a: Toxapex
|-damage|p1a: Toxapex|70/100
|
|-heal|p1a: Toxapex|76/100|[from] item: Black Sludge
|-heal|p2a: Mew|100/100|[from] item: Leftovers
|upkeep
|turn|11
|
|t:|1597416801
|-activate|p1a: Toxapex|move: Struggle
|move|p1a: Toxapex|Struggle|p2a: Mew
|-activate|p2a: Mew|move: Substitute|[damage]
|-damage|p1a: Toxapex|51/100|[from] recoil
|move|p2a: Mew|Haze|p2a: Mew
|-clearallboost
|
|-heal|p1a: Toxapex|57/100|[from] item: Black Sludge
|upkeep
|turn|12
|inactiveoff|Battle timer is now OFF.
|
|t:|1597416812
|-activate|p1a: Toxapex|move: Struggle
|move|p1a: Toxapex|Struggle|p2a: Mew
|-end|p2a: Mew|Substitute
|-damage|p1a: Toxapex|32/100|[from] recoil
|move|p2a: Mew|Haze|p2a: Mew
|-clearallboost
|
|-heal|p1a: Toxapex|38/100|[from] item: Black Sludge
|upkeep
|turn|13
|
|t:|1597416824
|move|p2a: Mew|Haze|p2a: Mew
|-clearallboost
|-activate|p1a: Toxapex|move: Struggle
|move|p1a: Toxapex|Struggle|p2a: Mew
|-damage|p2a: Mew|97/100
|-damage|p1a: Toxapex|13/100|[from] recoil
|
|-heal|p1a: Toxapex|19/100|[from] item: Black Sludge
|-heal|p2a: Mew|100/100|[from] item: Leftovers
|upkeep
|turn|14
|
|t:|1597416835
|move|p2a: Mew|Haze|p2a: Mew
|-clearallboost
|-activate|p1a: Toxapex|move: Struggle
|move|p1a: Toxapex|Struggle|p2a: Mew
|-damage|p2a: Mew|97/100
|-damage|p1a: Toxapex|0 fnt|[from] recoil
|faint|p1a: Toxapex
|
|-heal|p2a: Mew|100/100|[from] item: Leftovers
|upkeep
|inactive|Battle timer is ON: inactive players will automatically lose when time's up. (requested by LT72MS EGC)
|j| James110489
|j| stfu itz a cartoon
|
|t:|1597416854
|switch|p1a: Togekiss|Togekiss, M|100/100
|turn|15
|l| stfu itz a cartoon
|
|t:|1597416864
|switch|p2a: Togekiss|Togekiss, M|100/100
|move|p1a: Togekiss|Nasty Plot|p1a: Togekiss
|-boost|p1a: Togekiss|spa|2
|
|upkeep
|turn|16
|
|t:|1597416871
|move|p2a: Togekiss|Air Slash|p1a: Togekiss
|-damage|p1a: Togekiss|69/100
|cant|p1a: Togekiss|flinch
|
|upkeep
|turn|17
|
|t:|1597416877
|switch|p1a: Rhyperior|Rhyperior, F|100/100
|move|p2a: Togekiss|Air Slash|p1a: Rhyperior
|-resisted|p1a: Rhyperior
|-damage|p1a: Rhyperior|85/100
|
|-heal|p1a: Rhyperior|92/100|[from] item: Leftovers
|upkeep
|turn|18
|j| LT72MS Stareal
|
|t:|1597416889
|switch|p2a: Mew|Mew|100/100
|move|p1a: Rhyperior|Stealth Rock|p2a: Mew
|-sidestart|p2: Arnaud Senju vgc|move: Stealth Rock
|
|-heal|p1a: Rhyperior|98/100|[from] item: Leftovers
|upkeep
|turn|19
|
|t:|1597416897
|switch|p1a: Aegislash|Aegislash, M, shiny|56/100
|move|p2a: Mew|Imprison|p2a: Mew
|-start|p2a: Mew|move: Imprison
|
|upkeep
|turn|20
|
|t:|1597416905
|move|p2a: Mew|Substitute|p2a: Mew
|-start|p2a: Mew|Substitute
|-damage|p2a: Mew|75/100
|-formechange|p1a: Aegislash|Aegislash-Blade||[from] ability: Stance Change
|move|p1a: Aegislash|Shadow Ball|p2a: Mew
|-supereffective|p2a: Mew
|-end|p2a: Mew|Substitute
|
|-heal|p2a: Mew|82/100|[from] item: Leftovers
|upkeep
|turn|21
|
|t:|1597416917
|switch|p2a: Volcarona|Volcarona, M|94/100 tox
|move|p1a: Aegislash|Shadow Ball|p2a: Volcarona
|-damage|p2a: Volcarona|36/100 tox
|
|-damage|p2a: Volcarona|29/100 tox|[from] psn
|upkeep
|turn|22
|j| LT72MS Chapo
|
|t:|1597416927
|switch|p1a: Zeraora|Zeraora, shiny|100/100
|move|p2a: Volcarona|Fiery Dance|p1a: Zeraora
|-damage|p1a: Zeraora|58/100
|
|-damage|p2a: Volcarona|17/100 tox|[from] psn
|upkeep
|turn|23
|
|t:|1597416937
|move|p1a: Zeraora|Volt Switch|p2a: Volcarona
|-damage|p2a: Volcarona|0 fnt
|faint|p2a: Volcarona
|
|t:|1597416951
|switch|p1a: Aegislash|Aegislash, M, shiny|56/100|[from]move: Volt Switch
|
|upkeep
|
|t:|1597416956
|switch|p2a: Togekiss|Togekiss, M|100/100
|-damage|p2a: Togekiss|75/100|[from] Stealth Rock
|turn|24
|
|t:|1597416972
|switch|p1a: Rhyperior|Rhyperior, F|98/100
|move|p2a: Togekiss|Flamethrower|p1a: Rhyperior
|-resisted|p1a: Rhyperior
|-damage|p1a: Rhyperior|85/100
|-status|p1a: Rhyperior|brn
|
|-heal|p1a: Rhyperior|91/100 brn|[from] item: Leftovers
|-damage|p1a: Rhyperior|85/100 brn|[from] brn
|upkeep
|turn|25
|
|t:|1597416984
|switch|p1a: Zeraora|Zeraora, shiny|58/100
|move|p2a: Togekiss|Flamethrower|p1a: Zeraora
|-damage|p1a: Zeraora|18/100
|
|upkeep
|turn|26
|
|t:|1597416991
|switch|p1a: Togekiss|Togekiss, M|69/100
|move|p2a: Togekiss|Flamethrower|p1a: Togekiss
|-damage|p1a: Togekiss|47/100
|
|upkeep
|turn|27
|l| LT72MS idm = bomb
|
|t:|1597416999
|switch|p2a: Mew|Mew|82/100
|-damage|p2a: Mew|69/100|[from] Stealth Rock
|move|p1a: Togekiss|Roost|p1a: Togekiss
|-heal|p1a: Togekiss|97/100
|-singleturn|p1a: Togekiss|move: Roost
|
|-heal|p2a: Mew|75/100|[from] item: Leftovers
|upkeep
|turn|28
|
|t:|1597417010
|switch|p1a: Aegislash|Aegislash, M, shiny|56/100
|move|p2a: Mew|Imprison|p2a: Mew
|-start|p2a: Mew|move: Imprison
|
|-heal|p2a: Mew|82/100|[from] item: Leftovers
|upkeep
|turn|29
|
|t:|1597417030
|switch|p1a: Zeraora|Zeraora, shiny|18/100
|move|p2a: Mew|Substitute|p2a: Mew
|-start|p2a: Mew|Substitute
|-damage|p2a: Mew|57/100
|
|-heal|p2a: Mew|63/100|[from] item: Leftovers
|upkeep
|turn|30
|
|t:|1597417040
|move|p1a: Zeraora|Knock Off|p2a: Mew
|-supereffective|p2a: Mew
|-end|p2a: Mew|Substitute
|move|p2a: Mew|Block|p1a: Zeraora
|-activate|p1a: Zeraora|trapped
|
|-heal|p2a: Mew|69/100|[from] item: Leftovers
|upkeep
|turn|31
|
|t:|1597417049
|move|p1a: Zeraora|Knock Off|p2a: Mew
|-supereffective|p2a: Mew
|-damage|p2a: Mew|18/100
|-enditem|p2a: Mew|Leftovers|[from] move: Knock Off|[of] p1a: Zeraora
|move|p2a: Mew|Transform|p1a: Zeraora
|-transform|p2a: Mew|p1a: Zeraora
|-endability|p2a: Mew|Synchronize|[from] move: Transform
|
|upkeep
|turn|32
|
|t:|1597417058
|move|p2a: Mew|Knock Off|p1a: Zeraora
|-damage|p1a: Zeraora|0 fnt
|-enditem|p1a: Zeraora|Heavy-Duty Boots|[from] move: Knock Off|[of] p2a: Mew
|faint|p1a: Zeraora
|
|upkeep
|
|t:|1597417061
|switch|p1a: Tangrowth|Tangrowth, M|100/100
|turn|33
|
|t:|1597417069
|move|p2a: Mew|Knock Off|p1a: Tangrowth
|-damage|p1a: Tangrowth|84/100
|-enditem|p1a: Tangrowth|Heavy-Duty Boots|[from] move: Knock Off|[of] p2a: Mew
|move|p1a: Tangrowth|Sludge Bomb|p2a: Mew
|-damage|p2a: Mew|0 fnt
|faint|p2a: Mew
|
|upkeep
|j| Hakuji-Hisoka
|
|t:|1597417078
|switch|p2a: Togekiss|Togekiss, M|75/100
|-damage|p2a: Togekiss|50/100|[from] Stealth Rock
|turn|34
|l| Hakuji-Hisoka
|
|t:|1597417087
|switch|p1a: Rhyperior|Rhyperior, F|85/100 brn
|move|p2a: Togekiss|Air Slash|p1a: Rhyperior
|-resisted|p1a: Rhyperior
|-damage|p1a: Rhyperior|68/100 brn
|
|-heal|p1a: Rhyperior|75/100 brn|[from] item: Leftovers
|-damage|p1a: Rhyperior|68/100 brn|[from] brn
|upkeep
|turn|35
|
|t:|1597417099
|switch|p1a: Aegislash|Aegislash, M, shiny|56/100
|move|p2a: Togekiss|Air Slash|p1a: Aegislash
|-resisted|p1a: Aegislash
|-damage|p1a: Aegislash|38/100
|
|upkeep
|turn|36
|
|t:|1597417106
|move|p2a: Togekiss|Air Slash|p1a: Aegislash|[miss]
|-miss|p2a: Togekiss|p1a: Aegislash
|-formechange|p1a: Aegislash|Aegislash-Blade||[from] ability: Stance Change
|move|p1a: Aegislash|Shadow Ball|p2a: Togekiss
|-damage|p2a: Togekiss|0 fnt
|faint|p2a: Togekiss
|
|upkeep
|l| LT72MS Chapo
|
|t:|1597417117
|switch|p2a: Rillaboom|Rillaboom, F|100/100
|-damage|p2a: Rillaboom|88/100|[from] Stealth Rock
|-fieldstart|move: Grassy Terrain|[from] ability: Grassy Surge|[of] p2a: Rillaboom
|turn|37
|
|t:|1597417124
|move|p2a: Rillaboom|Swords Dance|p2a: Rillaboom
|-boost|p2a: Rillaboom|atk|2
|move|p1a: Aegislash|Shadow Ball|p2a: Rillaboom
|-damage|p2a: Rillaboom|3/100
|
|-heal|p2a: Rillaboom|9/100|[from] Grassy Terrain
|-heal|p1a: Aegislash|44/100|[from] Grassy Terrain
|upkeep
|turn|38
|
|t:|1597417135
|switch|p1a: Rhyperior|Rhyperior, F|68/100 brn
|move|p2a: Rillaboom|Acrobatics|p1a: Rhyperior
|-resisted|p1a: Rhyperior
|-damage|p1a: Rhyperior|41/100 brn
|
|-heal|p2a: Rillaboom|16/100|[from] Grassy Terrain
|-heal|p1a: Rhyperior|47/100 brn|[from] item: Leftovers
|-heal|p1a: Rhyperior|53/100 brn|[from] Grassy Terrain
|-damage|p1a: Rhyperior|47/100 brn|[from] brn
|upkeep
|turn|39
|
|t:|1597417148
|move|p2a: Rillaboom|Drain Punch|p1a: Rhyperior
|-supereffective|p1a: Rhyperior
|-damage|p1a: Rhyperior|0 fnt
|-heal|p2a: Rillaboom|42/100|[from] drain|[of] p1a: Rhyperior
|faint|p1a: Rhyperior
|
|-heal|p2a: Rillaboom|49/100|[from] Grassy Terrain
|upkeep
|
|t:|1597417157
|switch|p1a: Togekiss|Togekiss, M|97/100
|turn|40
|
|t:|1597417163
|move|p1a: Togekiss|Air Slash|p2a: Rillaboom
|-supereffective|p2a: Rillaboom
|-damage|p2a: Rillaboom|0 fnt
|faint|p2a: Rillaboom
|
|upkeep
|
|t:|1597417169
|switch|p2a: Azumarill|Azumarill, M|100/100
|-damage|p2a: Azumarill|88/100|[from] Stealth Rock
|turn|41
|
|t:|1597417174
|move|p1a: Togekiss|Air Slash|p2a: Azumarill
|-damage|p2a: Azumarill|57/100
|cant|p2a: Azumarill|flinch
|
|-heal|p2a: Azumarill|64/100|[from] Grassy Terrain
|-fieldend|move: Grassy Terrain
|upkeep
|turn|42
|
|t:|1597417183
|move|p1a: Togekiss|Air Slash|p2a: Azumarill
|-damage|p2a: Azumarill|31/100
|-enditem|p2a: Azumarill|Sitrus Berry|[eat]
|-heal|p2a: Azumarill|56/100|[from] item: Sitrus Berry
|move|p2a: Azumarill|Belly Drum|p2a: Azumarill
|-damage|p2a: Azumarill|6/100
|-setboost|p2a: Azumarill|atk|6|[from] move: Belly Drum
|
|upkeep
|turn|43
|
|t:|1597417193
|move|p2a: Azumarill|Aqua Jet|p1a: Togekiss
|-damage|p1a: Togekiss|0 fnt
|faint|p1a: Togekiss
|
|upkeep
|
|t:|1597417195
|switch|p1a: Aegislash|Aegislash, M, shiny|44/100
|turn|44
|
|t:|1597417201
|-formechange|p1a: Aegislash|Aegislash-Blade||[from] ability: Stance Change
|move|p1a: Aegislash|Shadow Sneak|p2a: Azumarill
|-damage|p2a: Azumarill|0 fnt
|faint|p2a: Azumarill
|
|win|LT72MS EGC
|l| Chiori Mikami
|l|☆Arnaud Senju vgc
|l| James110489
|l|‽LT72MS EGC
||Ladder (probably) updated, but score could not be retrieved (Request timeout).
|l| thesupercooldude
|l| LT72MS Dank
|j| Hashg Skynyrd
|l| LT72MS Sagiri
|l| Hashg Skynyrd
