|j|☆Oryen
|j|☆UncannyOnslaught
|inactive|Battle timer is ON: inactive players will automatically lose when time's up.
|t:|1652794331
|gametype|singles
|player|p1|Oryen|bruno-gen1|
|player|p2|UncannyOnslaught|ethan|
|teamsize|p1|6
|teamsize|p2|6
|gen|8
|tier|[Gen 8] OU
|rated|Tournament battle
|rule|Sleep Clause Mod: Limit one foe put to sleep
|rule|Species Clause: Limit one of each Pokémon
|rule|OHKO Clause: OHKO moves are banned
|rule|Evasion Moves Clause: Evasion moves are banned
|rule|Endless Battle Clause: Forcing endless battles is banned
|rule|HP Percentage Mod: HP is shown in percentages
|rule|Dynamax Clause: You cannot dynamax
|clearpoke
|poke|p1|Slowbro, F|
|poke|p1|Blacephalon|
|poke|p1|Landorus-Therian, M|
|poke|p1|Blissey, F|
|poke|p1|Buzzwole|
|poke|p1|Melmetal|
|poke|p2|Garchomp, M|
|poke|p2|Corviknight, M|
|poke|p2|Volcarona, M|
|poke|p2|Inteleon, F|
|poke|p2|Zapdos-Galar|
|poke|p2|Ferrothorn, F|
|teampreview
|j|*Lady Monita ✿
|c|☆UncannyOnslaught|glhf
|j| Awesomepik997
|c|☆UncannyOnslaught|nice team man
|inactive|Oryen has 120 seconds left.
|c|☆Oryen|u2
|
|t:|1652794379
|start
|switch|p1a: Blacephalon|Blacephalon, shiny|100/100
|switch|p2a: Ferrothorn|Ferrothorn, F|100/100
|turn|1
|j| ghdorah
|l| ghdorah
|
|t:|1652794387
|move|p2a: Ferrothorn|Protect|p2a: Ferrothorn
|-singleturn|p2a: Ferrothorn|Protect
|move|p1a: Blacephalon|Flamethrower|p2a: Ferrothorn
|-activate|p2a: Ferrothorn|move: Protect
|
|upkeep
|turn|2
|
|t:|1652794396
|switch|p2a: Inteleon|Inteleon, F|100/100
|move|p1a: Blacephalon|Flamethrower|p2a: Inteleon
|-resisted|p2a: Inteleon
|-damage|p2a: Inteleon|30/100
|
|upkeep
|turn|3
|
|t:|1652794404
|switch|p1a: Blissey|Blissey, F|100/100
|move|p2a: Inteleon|Snipe Shot|p1a: Blissey
|-crit|p1a: Blissey
|-damage|p1a: Blissey|65/100
|
|upkeep
|turn|4
|j| magnoliaflowerz
|
|t:|1652794409
|switch|p2a: Ferrothorn|Ferrothorn, F|100/100
|move|p1a: Blissey|Soft-Boiled|p1a: Blissey
|-heal|p1a: Blissey|100/100
|
|upkeep
|turn|5
|
|t:|1652794420
|switch|p1a: Slowbro|Slowbro, F|100/100
|move|p2a: Ferrothorn|Stealth Rock|p1a: Slowbro
|-sidestart|p1: Oryen|move: Stealth Rock
|
|upkeep
|turn|6
|
|t:|1652794426
|move|p1a: Slowbro|Future Sight|p2a: Ferrothorn
|-start|p1a: Slowbro|move: Future Sight
|move|p2a: Ferrothorn|Leech Seed|p1a: Slowbro
|-start|p1a: Slowbro|move: Leech Seed
|
|-damage|p1a: Slowbro|88/100|[from] Leech Seed|[of] p2a: Ferrothorn
|upkeep
|turn|7
|
|t:|1652794431
|switch|p2a: Volcarona|Volcarona, M|100/100
|move|p1a: Slowbro|Teleport|p1a: Slowbro
|
|t:|1652794442
|switch|p1a: Blacephalon|Blacephalon, shiny|100/100|[from]move: Teleport
|-damage|p1a: Blacephalon|76/100|[from] Stealth Rock
|
|upkeep
|turn|8
|
|t:|1652794448
|move|p1a: Blacephalon|Shadow Ball|p2a: Volcarona
|-damage|p2a: Volcarona|37/100
|move|p2a: Volcarona|Quiver Dance|p2a: Volcarona
|-boost|p2a: Volcarona|spa|1
|-boost|p2a: Volcarona|spd|1
|-boost|p2a: Volcarona|spe|1
|
|-end|p2a: Volcarona|move: Future Sight
|-damage|p2a: Volcarona|13/100
|-heal|p2a: Volcarona|19/100|[from] item: Leftovers
|upkeep
|turn|9
|
|t:|1652794457
|switch|p1a: Blissey|Blissey, F|100/100
|move|p2a: Volcarona|Roost|p2a: Volcarona
|-heal|p2a: Volcarona|69/100
|-singleturn|p2a: Volcarona|move: Roost
|
|-heal|p2a: Volcarona|75/100|[from] item: Leftovers
|upkeep
|turn|10
|
|t:|1652794464
|move|p2a: Volcarona|Fiery Dance|p1a: Blissey
|-damage|p1a: Blissey|80/100
|move|p1a: Blissey|Toxic|p2a: Volcarona
|-status|p2a: Volcarona|tox
|
|-heal|p2a: Volcarona|81/100 tox|[from] item: Leftovers
|-damage|p2a: Volcarona|75/100 tox|[from] psn
|upkeep
|turn|11
|
|t:|1652794468
|move|p2a: Volcarona|Bug Buzz|p1a: Blissey
|-damage|p1a: Blissey|57/100
|move|p1a: Blissey|Soft-Boiled|p1a: Blissey
|-heal|p1a: Blissey|100/100
|
|-heal|p2a: Volcarona|81/100 tox|[from] item: Leftovers
|-damage|p2a: Volcarona|69/100 tox|[from] psn
|upkeep
|turn|12
|
|t:|1652794471
|move|p2a: Volcarona|Fiery Dance|p1a: Blissey
|-damage|p1a: Blissey|81/100
|-boost|p2a: Volcarona|spa|1
|move|p1a: Blissey|Stealth Rock|p2a: Volcarona
|-sidestart|p2: UncannyOnslaught|move: Stealth Rock
|
|-heal|p2a: Volcarona|75/100 tox|[from] item: Leftovers
|-damage|p2a: Volcarona|56/100 tox|[from] psn
|upkeep
|turn|13
|
|t:|1652794475
|move|p2a: Volcarona|Bug Buzz|p1a: Blissey
|-damage|p1a: Blissey|52/100
|move|p1a: Blissey|Soft-Boiled|p1a: Blissey
|-heal|p1a: Blissey|100/100
|
|-heal|p2a: Volcarona|63/100 tox|[from] item: Leftovers
|-damage|p2a: Volcarona|38/100 tox|[from] psn
|upkeep
|turn|14
|
|t:|1652794478
|move|p2a: Volcarona|Bug Buzz|p1a: Blissey
|-damage|p1a: Blissey|72/100
|move|p1a: Blissey|Soft-Boiled|p1a: Blissey
|-heal|p1a: Blissey|100/100
|
|-heal|p2a: Volcarona|44/100 tox|[from] item: Leftovers
|-damage|p2a: Volcarona|13/100 tox|[from] psn
|upkeep
|turn|15
|
|t:|1652794481
|move|p2a: Volcarona|Bug Buzz|p1a: Blissey
|-damage|p1a: Blissey|71/100
|move|p1a: Blissey|Soft-Boiled|p1a: Blissey
|-heal|p1a: Blissey|100/100
|
|-heal|p2a: Volcarona|19/100 tox|[from] item: Leftovers
|-damage|p2a: Volcarona|0 fnt|[from] psn
|faint|p2a: Volcarona
|upkeep
|
|t:|1652794491
|switch|p2a: Zapdos|Zapdos-Galar|100/100
|-damage|p2a: Zapdos|88/100|[from] Stealth Rock
|turn|16
|
|t:|1652794496
|switch|p1a: Slowbro|Slowbro, F|100/100
|-damage|p1a: Slowbro|88/100|[from] Stealth Rock
|move|p2a: Zapdos|Stomping Tantrum|p1a: Slowbro
|-damage|p1a: Slowbro|63/100
|-damage|p2a: Zapdos|72/100|[from] item: Rocky Helmet|[of] p1a: Slowbro
|-damage|p2a: Zapdos|62/100|[from] item: Life Orb
|
|upkeep
|turn|17
|
|t:|1652794501
|switch|p2a: Ferrothorn|Ferrothorn, F|100/100
|-damage|p2a: Ferrothorn|94/100|[from] Stealth Rock
|move|p1a: Slowbro|Slack Off|p1a: Slowbro
|-heal|p1a: Slowbro|100/100
|
|-heal|p2a: Ferrothorn|100/100|[from] item: Leftovers
|upkeep
|turn|18
|
|t:|1652794505
|move|p1a: Slowbro|Future Sight|p2a: Ferrothorn
|-start|p1a: Slowbro|move: Future Sight
|move|p2a: Ferrothorn|Gyro Ball|p1a: Slowbro
|-resisted|p1a: Slowbro
|-damage|p1a: Slowbro|96/100
|-damage|p2a: Ferrothorn|84/100|[from] item: Rocky Helmet|[of] p1a: Slowbro
|
|-heal|p2a: Ferrothorn|90/100|[from] item: Leftovers
|upkeep
|turn|19
|
|t:|1652794508
|move|p2a: Ferrothorn|Gyro Ball|p1a: Slowbro
|-resisted|p1a: Slowbro
|-damage|p1a: Slowbro|91/100
|-damage|p2a: Ferrothorn|74/100|[from] item: Rocky Helmet|[of] p1a: Slowbro
|move|p1a: Slowbro|Teleport|p1a: Slowbro
|
|t:|1652794511
|switch|p1a: Blacephalon|Blacephalon, shiny|76/100|[from]move: Teleport
|-damage|p1a: Blacephalon|51/100|[from] Stealth Rock
|
|-heal|p2a: Ferrothorn|80/100|[from] item: Leftovers
|upkeep
|turn|20
|
|t:|1652794515
|move|p2a: Ferrothorn|Protect|p2a: Ferrothorn
|-singleturn|p2a: Ferrothorn|Protect
|move|p1a: Blacephalon|Flamethrower|p2a: Ferrothorn
|-activate|p2a: Ferrothorn|move: Protect
|
|-end|p2a: Ferrothorn|move: Future Sight
|-resisted|p2a: Ferrothorn
|-damage|p2a: Ferrothorn|63/100
|-heal|p2a: Ferrothorn|69/100|[from] item: Leftovers
|upkeep
|turn|21
|
|t:|1652794518
|switch|p2a: Garchomp|Garchomp, M|100/100
|-damage|p2a: Garchomp|94/100|[from] Stealth Rock
|move|p1a: Blacephalon|Flamethrower|p2a: Garchomp
|-resisted|p2a: Garchomp
|-damage|p2a: Garchomp|48/100
|
|upkeep
|turn|22
|
|t:|1652794524
|switch|p1a: Buzzwole|Buzzwole|100/100
|move|p2a: Garchomp|Earthquake|p1a: Buzzwole
|-resisted|p1a: Buzzwole
|-damage|p1a: Buzzwole|89/100
|
|upkeep
|turn|23
|
|t:|1652794530
|switch|p2a: Corviknight|Corviknight, M|100/100
|-damage|p2a: Corviknight|88/100|[from] Stealth Rock
|move|p1a: Buzzwole|Ice Punch|p2a: Corviknight
|-damage|p2a: Corviknight|70/100
|
|-heal|p2a: Corviknight|76/100|[from] item: Leftovers
|upkeep
|turn|24
|
|t:|1652794542
|switch|p1a: Landorus|Landorus-Therian, M|100/100
|-damage|p1a: Landorus|88/100|[from] Stealth Rock
|-ability|p1a: Landorus|Intimidate|boost
|-ability|p2a: Corviknight|Mirror Armor
|-unboost|p1a: Landorus|atk|1
|move|p2a: Corviknight|Brave Bird|p1a: Landorus
|-damage|p1a: Landorus|55/100
|-damage|p2a: Corviknight|66/100|[from] Recoil
|
|-heal|p1a: Landorus|61/100|[from] item: Leftovers
|-heal|p2a: Corviknight|72/100|[from] item: Leftovers
|upkeep
|turn|25
|
|t:|1652794548
|move|p1a: Landorus|Defog|p2a: Corviknight
|-ability|p2a: Corviknight|Mirror Armor
|-unboost|p1a: Landorus|evasion|1
|-sideend|p2: UncannyOnslaught|Stealth Rock|[from] move: Defog|[of] p1a: Landorus
|-sideend|p1: Oryen|Stealth Rock|[from] move: Defog|[of] p1a: Landorus
|move|p2a: Corviknight|Bulk Up|p2a: Corviknight
|-boost|p2a: Corviknight|atk|1
|-boost|p2a: Corviknight|def|1
|
|-heal|p1a: Landorus|67/100|[from] item: Leftovers
|-heal|p2a: Corviknight|78/100|[from] item: Leftovers
|upkeep
|turn|26
|
|t:|1652794554
|move|p1a: Landorus|U-turn|p2a: Corviknight
|-resisted|p2a: Corviknight
|-damage|p2a: Corviknight|76/100
|
|t:|1652794556
|switch|p1a: Slowbro|Slowbro, F|100/100|[from]move: U-turn
|move|p2a: Corviknight|Brave Bird|p1a: Slowbro
|-damage|p1a: Slowbro|55/100
|-damage|p2a: Corviknight|59/100|[from] item: Rocky Helmet|[of] p1a: Slowbro
|-damage|p2a: Corviknight|45/100|[from] Recoil
|
|-heal|p2a: Corviknight|51/100|[from] item: Leftovers
|upkeep
|turn|27
|
|t:|1652794559
|move|p2a: Corviknight|Roost|p2a: Corviknight
|-heal|p2a: Corviknight|100/100
|-singleturn|p2a: Corviknight|move: Roost
|move|p1a: Slowbro|Slack Off|p1a: Slowbro
|-heal|p1a: Slowbro|100/100
|
|upkeep
|turn|28
|
|t:|1652794563
|move|p2a: Corviknight|Brave Bird|p1a: Slowbro
|-damage|p1a: Slowbro|58/100
|-damage|p2a: Corviknight|84/100|[from] item: Rocky Helmet|[of] p1a: Slowbro
|-damage|p2a: Corviknight|70/100|[from] Recoil
|move|p1a: Slowbro|Teleport|p1a: Slowbro
|
|t:|1652794566
|switch|p1a: Blacephalon|Blacephalon, shiny|51/100|[from]move: Teleport
|
|-heal|p2a: Corviknight|76/100|[from] item: Leftovers
|upkeep
|turn|29
|c|☆UncannyOnslaught|I hate blacephelon
|l|☆UncannyOnslaught
|inactive|UncannyOnslaught disconnected and has a minute to reconnect!
|player|p2|
|c|☆Oryen|gg?
|inactive|UncannyOnslaught has 30 seconds to reconnect!
|inactive|UncannyOnslaught has 20 seconds to reconnect!
|inactive|UncannyOnslaught has 15 seconds to reconnect!
|inactive|UncannyOnslaught has 10 seconds to reconnect!
|inactive|UncannyOnslaught has 5 seconds to reconnect!
|-message|UncannyOnslaught lost due to inactivity.
|
|win|Oryen
|n|☆Oryen|oryen
|n|*Lady Monita ✿|ladymonita
|n| Awesomepik997|awesomepik997
|n| magnoliaflowerz|magnoliaflowerz
