|j|☆Testing Voltage
|j|☆tanishq1
|t:|1645979685
|gametype|singles
|player|p1|Testing Voltage|juggler|1666
|player|p2|tanishq1|169|1658
|teamsize|p1|6
|teamsize|p2|6
|gen|8
|tier|[Gen 8] OU
|rated|
|rule|Sleep Clause Mod: Limit one foe put to sleep
|rule|Species Clause: Limit one of each Pokémon
|rule|OHKO Clause: OHKO moves are banned
|rule|Evasion Moves Clause: Evasion moves are banned
|rule|Endless Battle Clause: Forcing endless battles is banned
|rule|HP Percentage Mod: HP is shown in percentages
|rule|Dynamax Clause: You cannot dynamax
|clearpoke
|poke|p1|Raichu-Alola, F|
|poke|p1|Tapu Koko|
|poke|p1|Zapdos|
|poke|p1|Ferrothorn, M|
|poke|p1|Swampert, M|
|poke|p1|Urshifu-*, F|
|poke|p2|Kartana|
|poke|p2|Buzzwole|
|poke|p2|Zapdos|
|poke|p2|Slowking, F|
|poke|p2|Garchomp, M|
|poke|p2|Tyranitar, F|
|teampreview
|inactive|Battle timer is ON: inactive players will automatically lose when time's up. (requested by tanishq1)
|
|t:|1645979700
|start
|switch|p1a: Zapdos|Zapdos|100/100
|switch|p2a: Kartana|Kartana|100/100
|turn|1
|
|t:|1645979705
|switch|p2a: Tyranitar|Tyranitar, F|100/100
|-weather|Sandstorm|[from] ability: Sand Stream|[of] p2a: Tyranitar
|move|p1a: Zapdos|Volt Switch|p2a: Tyranitar
|-damage|p2a: Tyranitar|89/100
|
|t:|1645979706
|switch|p1a: Urshifu|Urshifu-Rapid-Strike, F|100/100|[from]move: Volt Switch
|
|-weather|Sandstorm|[upkeep]
|-damage|p1a: Urshifu|94/100|[from] Sandstorm
|-heal|p2a: Tyranitar|96/100|[from] item: Leftovers
|upkeep
|turn|2
|
|t:|1645979710
|switch|p1a: Eagle|Tapu Koko|100/100
|-fieldstart|move: Electric Terrain|[from] ability: Electric Surge|[of] p1a: Eagle
|switch|p2a: Buzzwole|Buzzwole|100/100
|
|-weather|Sandstorm|[upkeep]
|-damage|p1a: Eagle|94/100|[from] Sandstorm
|-damage|p2a: Buzzwole|94/100|[from] Sandstorm
|upkeep
|turn|3
|
|t:|1645979717
|switch|p2a: Tyranitar|Tyranitar, F|96/100
|move|p1a: Eagle|Thunderbolt|p2a: Tyranitar
|-damage|p2a: Tyranitar|75/100
|
|-weather|Sandstorm|[upkeep]
|-damage|p1a: Eagle|88/100|[from] Sandstorm
|-heal|p2a: Tyranitar|81/100|[from] item: Leftovers
|upkeep
|turn|4
|
|t:|1645979720
|move|p1a: Eagle|U-turn|p2a: Tyranitar
|-supereffective|p2a: Tyranitar
|-damage|p2a: Tyranitar|57/100
|
|t:|1645979723
|switch|p1a: Ferrothorn|Ferrothorn, M, shiny|100/100|[from]move: U-turn
|move|p2a: Tyranitar|Stealth Rock|p1a: Ferrothorn
|-sidestart|p1: Testing Voltage|move: Stealth Rock
|
|-weather|Sandstorm|[upkeep]
|-heal|p2a: Tyranitar|64/100|[from] item: Leftovers
|upkeep
|turn|5
|
|t:|1645979728
|switch|p2a: Buzzwole|Buzzwole|94/100
|switch|p1a: Swampert|Swampert, M, shiny|100/100
|-damage|p1a: Swampert|94/100|[from] Stealth Rock
|
|-weather|none
|-heal|p1a: Swampert|100/100|[from] item: Leftovers
|upkeep
|turn|6
|
|t:|1645979734
|switch|p2a: Kartana|Kartana|100/100
|move|p1a: Swampert|Toxic|p2a: Kartana
|-immune|p2a: Kartana
|
|upkeep
|turn|7
|
|t:|1645979744
|move|p2a: Kartana|Knock Off|p1a: Swampert
|-damage|p1a: Swampert|45/100
|-enditem|p1a: Swampert|Leftovers|[from] move: Knock Off|[of] p2a: Kartana
|move|p1a: Swampert|Stealth Rock|p2a: Kartana
|-sidestart|p2: tanishq1|move: Stealth Rock
|
|upkeep
|turn|8
|
|t:|1645979747
|move|p2a: Kartana|Knock Off|p1a: Swampert
|-damage|p1a: Swampert|7/100
|move|p1a: Swampert|Earthquake|p2a: Kartana
|-damage|p2a: Kartana|63/100
|
|upkeep
|turn|9
|
|t:|1645979751
|switch|p1a: Urshifu|Urshifu-Rapid-Strike, F|94/100
|-damage|p1a: Urshifu|88/100|[from] Stealth Rock
|move|p2a: Kartana|Knock Off|p1a: Urshifu
|-resisted|p1a: Urshifu
|-crit|p1a: Urshifu
|-damage|p1a: Urshifu|36/100
|-enditem|p1a: Urshifu|Choice Band|[from] move: Knock Off|[of] p2a: Kartana
|
|-fieldend|move: Electric Terrain
|upkeep
|turn|10
|
|t:|1645979759
|switch|p2a: Zapdos|Zapdos|100/100
|move|p1a: Urshifu|Close Combat|p2a: Zapdos
|-resisted|p2a: Zapdos
|-crit|p2a: Zapdos
|-damage|p2a: Zapdos|55/100
|-unboost|p1a: Urshifu|def|1
|-unboost|p1a: Urshifu|spd|1
|-status|p1a: Urshifu|par|[from] ability: Static|[of] p2a: Zapdos
|
|upkeep
|turn|11
|
|t:|1645979763
|move|p2a: Zapdos|Roost|p2a: Zapdos
|-heal|p2a: Zapdos|100/100
|-singleturn|p2a: Zapdos|move: Roost
|move|p1a: Urshifu|Surging Strikes|p2a: Zapdos
|-crit|p2a: Zapdos
|-damage|p2a: Zapdos|82/100
|-crit|p2a: Zapdos
|-damage|p2a: Zapdos|61/100
|-crit|p2a: Zapdos
|-damage|p2a: Zapdos|40/100
|-hitcount|p2a: Zapdos|3
|
|upkeep
|turn|12
|
|t:|1645979769
|move|p2a: Zapdos|Roost|p2a: Zapdos
|-heal|p2a: Zapdos|90/100
|-singleturn|p2a: Zapdos|move: Roost
|cant|p1a: Urshifu|par
|
|upkeep
|turn|13
|
|t:|1645979776
|switch|p1a: Swampert|Swampert, M, shiny|7/100
|-damage|p1a: Swampert|0 fnt|[from] Stealth Rock
|faint|p1a: Swampert
|move|p2a: Zapdos|Volt Switch|p1: Swampert|[notarget]
|-fail|p2a: Zapdos
|
|upkeep
|
|t:|1645979780
|switch|p1a: Eagle|Tapu Koko|88/100
|-damage|p1a: Eagle|76/100|[from] Stealth Rock
|-fieldstart|move: Electric Terrain|[from] ability: Electric Surge|[of] p1a: Eagle
|turn|14
|
|t:|1645979783
|move|p1a: Eagle|Thunderbolt|p2a: Zapdos
|-damage|p2a: Zapdos|46/100
|move|p2a: Zapdos|Roost|p2a: Zapdos
|-heal|p2a: Zapdos|96/100
|-singleturn|p2a: Zapdos|move: Roost
|
|upkeep
|turn|15
|
|t:|1645979791
|move|p1a: Eagle|Thunderbolt|p2a: Zapdos
|-damage|p2a: Zapdos|47/100
|move|p2a: Zapdos|Defog|p1a: Eagle
|-unboost|p1a: Eagle|evasion|1
|-sideend|p1: Testing Voltage|Stealth Rock|[from] move: Defog|[of] p2a: Zapdos
|-sideend|p2: tanishq1|Stealth Rock|[from] move: Defog|[of] p2a: Zapdos
|-fieldend|move: Electric Terrain
|
|upkeep
|turn|16
|
|t:|1645979794
|move|p1a: Eagle|Thunderbolt|p2a: Zapdos
|-crit|p2a: Zapdos
|-damage|p2a: Zapdos|0 fnt
|faint|p2a: Zapdos
|
|upkeep
|
|t:|1645979798
|switch|p2a: Tyranitar|Tyranitar, F|64/100
|-weather|Sandstorm|[from] ability: Sand Stream|[of] p2a: Tyranitar
|turn|17
|
|t:|1645979800
|move|p1a: Eagle|U-turn|p2a: Tyranitar
|-supereffective|p2a: Tyranitar
|-damage|p2a: Tyranitar|37/100
|
|t:|1645979801
|switch|p1a: Ferrothorn|Ferrothorn, M, shiny|100/100|[from]move: U-turn
|move|p2a: Tyranitar|Rock Blast|p1a: Ferrothorn|[miss]
|-miss|p2a: Tyranitar|p1a: Ferrothorn
|
|-weather|Sandstorm|[upkeep]
|-heal|p2a: Tyranitar|43/100|[from] item: Leftovers
|upkeep
|turn|18
|
|t:|1645979806
|switch|p2a: Buzzwole|Buzzwole|94/100
|move|p1a: Ferrothorn|Spikes|p2a: Buzzwole
|-sidestart|p2: tanishq1|Spikes
|
|-weather|Sandstorm|[upkeep]
|-damage|p2a: Buzzwole|88/100|[from] Sandstorm
|upkeep
|turn|19
|
|t:|1645979813
|switch|p1a: Zapdos|Zapdos|100/100
|move|p2a: Buzzwole|Ice Punch|p1a: Zapdos
|-supereffective|p1a: Zapdos
|-damage|p1a: Zapdos|66/100
|-status|p2a: Buzzwole|par|[from] ability: Static|[of] p1a: Zapdos
|
|-weather|Sandstorm|[upkeep]
|-damage|p1a: Zapdos|60/100|[from] Sandstorm
|-damage|p2a: Buzzwole|82/100 par|[from] Sandstorm
|upkeep
|turn|20
|
|t:|1645979821
|switch|p2a: Tyranitar|Tyranitar, F|43/100
|-damage|p2a: Tyranitar|31/100|[from] Spikes
|move|p1a: Zapdos|Hurricane|p2a: Tyranitar
|-resisted|p2a: Tyranitar
|-damage|p2a: Tyranitar|22/100
|
|-weather|Sandstorm|[upkeep]
|-damage|p1a: Zapdos|54/100|[from] Sandstorm
|-heal|p2a: Tyranitar|28/100|[from] item: Leftovers
|upkeep
|turn|21
|
|t:|1645979826
|move|p1a: Zapdos|Volt Switch|p2a: Tyranitar
|-damage|p2a: Tyranitar|15/100
|
|t:|1645979828
|switch|p1a: Ferrothorn|Ferrothorn, M, shiny|100/100|[from]move: Volt Switch
|move|p2a: Tyranitar|Stealth Rock|p1a: Ferrothorn
|-sidestart|p1: Testing Voltage|move: Stealth Rock
|
|-weather|none
|-heal|p2a: Tyranitar|22/100|[from] item: Leftovers
|upkeep
|turn|22
|
|t:|1645979833
|switch|p2a: Buzzwole|Buzzwole|82/100 par
|-damage|p2a: Buzzwole|69/100 par|[from] Spikes
|move|p1a: Ferrothorn|Spikes|p2a: Buzzwole
|-sidestart|p2: tanishq1|Spikes
|
|upkeep
|turn|23
|
|t:|1645979836
|switch|p2a: Garchomp|Garchomp, M|100/100
|-damage|p2a: Garchomp|84/100|[from] Spikes
|move|p1a: Ferrothorn|Spikes|p2a: Garchomp
|-sidestart|p2: tanishq1|Spikes
|
|-heal|p2a: Garchomp|90/100|[from] item: Leftovers
|upkeep
|turn|24
|
|t:|1645979839
|move|p2a: Garchomp|Swords Dance|p2a: Garchomp
|-boost|p2a: Garchomp|atk|2
|move|p1a: Ferrothorn|Leech Seed|p2a: Garchomp
|-start|p2a: Garchomp|move: Leech Seed
|
|-heal|p2a: Garchomp|96/100|[from] item: Leftovers
|-damage|p2a: Garchomp|84/100|[from] Leech Seed|[of] p1a: Ferrothorn
|upkeep
|turn|25
|
|t:|1645979847
|move|p2a: Garchomp|Fire Fang|p1a: Ferrothorn
|-supereffective|p1a: Ferrothorn
|-damage|p1a: Ferrothorn|0 fnt
|-damage|p2a: Garchomp|72/100|[from] ability: Iron Barbs|[of] p1a: Ferrothorn
|faint|p1a: Ferrothorn
|
|-heal|p2a: Garchomp|78/100|[from] item: Leftovers
|upkeep
|
|t:|1645979850
|switch|p1a: Eagle|Tapu Koko|76/100
|-damage|p1a: Eagle|63/100|[from] Stealth Rock
|-fieldstart|move: Electric Terrain|[from] ability: Electric Surge|[of] p1a: Eagle
|turn|26
|
|t:|1645979852
|move|p1a: Eagle|Dazzling Gleam|p2a: Garchomp
|-supereffective|p2a: Garchomp
|-damage|p2a: Garchomp|4/100
|move|p2a: Garchomp|Earthquake|p1a: Eagle
|-supereffective|p1a: Eagle
|-damage|p1a: Eagle|0 fnt
|faint|p1a: Eagle
|
|-heal|p2a: Garchomp|10/100|[from] item: Leftovers
|upkeep
|
|t:|1645979855
|switch|p1a: Voltsail|Raichu-Alola, F, shiny|100/100
|-damage|p1a: Voltsail|88/100|[from] Stealth Rock
|turn|27
|
|t:|1645979864
|move|p1a: Voltsail|Surf|p2a: Garchomp
|-damage|p2a: Garchomp|0 fnt
|faint|p2a: Garchomp
|-damage|p1a: Voltsail|78/100|[from] item: Life Orb
|
|upkeep
|
|t:|1645979872
|switch|p2a: Slowking|Slowking, F|100/100
|turn|28
|
|t:|1645979876
|switch|p2a: Tyranitar|Tyranitar, F|22/100
|-damage|p2a: Tyranitar|0 fnt|[from] Spikes
|faint|p2a: Tyranitar
|move|p1a: Voltsail|Rising Voltage|p2: Tyranitar|[notarget]
|-fail|p1a: Voltsail
|
|upkeep
|
|t:|1645979880
|switch|p2a: Slowking|Slowking, F|100/100
|turn|29
|
|t:|1645979890
|move|p1a: Voltsail|Rising Voltage|p2a: Slowking
|-supereffective|p2a: Slowking
|-damage|p2a: Slowking|0 fnt
|faint|p2a: Slowking
|-damage|p1a: Voltsail|68/100|[from] item: Life Orb
|
|upkeep
|
|t:|1645979893
|switch|p2a: Buzzwole|Buzzwole|69/100 par
|-damage|p2a: Buzzwole|45/100 par|[from] Spikes
|turn|30
|
|t:|1645979896
|move|p1a: Voltsail|Rising Voltage|p2a: Buzzwole
|-damage|p2a: Buzzwole|0 fnt
|faint|p2a: Buzzwole
|-damage|p1a: Voltsail|58/100|[from] item: Life Orb
|
|upkeep
|
|t:|1645979898
|switch|p2a: Kartana|Kartana|63/100
|-damage|p2a: Kartana|38/100|[from] Spikes
|turn|31
|
|t:|1645979901
|move|p1a: Voltsail|Rising Voltage|p2a: Kartana
|-resisted|p2a: Kartana
|-damage|p2a: Kartana|0 fnt
|faint|p2a: Kartana
|-damage|p1a: Voltsail|48/100|[from] item: Life Orb
|
|win|Testing Voltage
|raw|Testing Voltage's rating: 1666 &rarr; <strong>1686</strong><br />(+20 for winning)
|raw|tanishq1's rating: 1658 &rarr; <strong>1638</strong><br />(-20 for losing)
|l|☆tanishq1
||Ladder isn't responding, score probably updated but might not have (Request timeout).
