|html|<div class="broadcast-blue"><strong>[Gen 8] OU is currently suspecting Melmetal! For information on how to participate check out the <a href="https://www.smogon.com/forums/threads/np-ss-ou-suspect-process-round-12-monster-mash.3709234/">suspect thread</a>.</strong></div>
|j|☆TestingTesting1
|j|☆Lucians Call
|t:|1666210274
|gametype|singles
|player|p1|TestingTesting1|101|1711
|player|p2|Lucians Call|furisodegirl-blue|1787
|teamsize|p1|6
|teamsize|p2|6
|gen|8
|tier|[Gen 8] OU
|rated|
|rule|Sleep Clause Mod: Limit one foe put to sleep
|rule|Species Clause: Limit one of each Pokémon
|rule|OHKO Clause: OHKO moves are banned
|rule|Evasion Items Clause: Evasion items are banned
|rule|Evasion Moves Clause: Evasion moves are banned
|rule|Endless Battle Clause: Forcing endless battles is banned
|rule|HP Percentage Mod: HP is shown in percentages
|rule|Dynamax Clause: You cannot dynamax
|clearpoke
|poke|p1|Heatran, M|
|poke|p1|Dragapult, F|
|poke|p1|Sharpedo, F|
|poke|p1|Melmetal|
|poke|p1|Rillaboom, F|
|poke|p1|Landorus-Therian, M|
|poke|p2|Slowking-Galar, F|
|poke|p2|Volcarona, M|
|poke|p2|Tornadus-Therian, M|
|poke|p2|Ferrothorn, F|
|poke|p2|Garchomp, F|
|poke|p2|Zeraora|
|teampreview
|
|t:|1666210286
|start
|switch|p1a: Heatran|Heatran, M|100/100
|switch|p2a: Volcarona|Volcarona, M|100/100
|-item|p1a: Heatran|Air Balloon
|turn|1
|inactive|Battle timer is ON: inactive players will automatically lose when time's up. (requested by Lucians Call)
|
|t:|1666210294
|switch|p2a: Tornadus|Tornadus-Therian, M|100/100
|move|p1a: Heatran|Eruption|p2a: Tornadus
|-damage|p2a: Tornadus|19/100
|
|upkeep
|turn|2
|
|t:|1666210301
|move|p2a: Tornadus|U-turn|p1a: Heatran
|-resisted|p1a: Heatran
|-damage|p1a: Heatran|97/100
|-enditem|p1a: Heatran|Air Balloon
|
|t:|1666210303
|switch|p2a: Garchomp|Garchomp, F|100/100|[from]move: U-turn
|move|p1a: Heatran|Eruption|p2a: Garchomp
|-resisted|p2a: Garchomp
|-damage|p2a: Garchomp|75/100
|
|-heal|p2a: Garchomp|82/100|[from] item: Leftovers
|upkeep
|turn|3
|j| tapu moxo
|
|t:|1666210314
|switch|p1a: Landorus|Landorus-Therian, M|100/100
|-ability|p1a: Landorus|Intimidate|boost
|-unboost|p2a: Garchomp|atk|1
|move|p2a: Garchomp|Earthquake|p1a: Landorus
|-immune|p1a: Landorus
|
|-heal|p2a: Garchomp|88/100|[from] item: Leftovers
|upkeep
|turn|4
|
|t:|1666210323
|move|p2a: Garchomp|Toxic|p1a: Landorus
|-status|p1a: Landorus|tox
|move|p1a: Landorus|Toxic|p2a: Garchomp
|-status|p2a: Garchomp|tox
|
|-heal|p2a: Garchomp|94/100 tox|[from] item: Leftovers
|-damage|p2a: Garchomp|88/100 tox|[from] psn
|-damage|p1a: Landorus|94/100 tox|[from] psn
|upkeep
|turn|5
|
|t:|1666210334
|move|p2a: Garchomp|Stealth Rock|p1a: Landorus
|-sidestart|p1: TestingTesting1|move: Stealth Rock
|move|p1a: Landorus|Earthquake|p2a: Garchomp
|-damage|p2a: Garchomp|48/100 tox
|
|-heal|p2a: Garchomp|54/100 tox|[from] item: Leftovers
|-heal|p1a: Landorus|100/100 tox|[from] item: Leftovers
|-damage|p2a: Garchomp|41/100 tox|[from] psn
|-damage|p1a: Landorus|88/100 tox|[from] psn
|upkeep
|turn|6
|
|t:|1666210344
|switch|p2a: Tornadus|Tornadus-Therian, M|52/100
|move|p1a: Landorus|Stealth Rock|p2a: Tornadus
|-sidestart|p2: Lucians Call|move: Stealth Rock
|
|-heal|p1a: Landorus|94/100 tox|[from] item: Leftovers
|-damage|p1a: Landorus|76/100 tox|[from] psn
|upkeep
|turn|7
|
|t:|1666210353
|move|p2a: Tornadus|Icy Wind|p1a: Landorus
|-supereffective|p1a: Landorus
|-damage|p1a: Landorus|17/100 tox
|-unboost|p1a: Landorus|spe|1
|move|p1a: Landorus|U-turn|p2a: Tornadus
|-resisted|p2a: Tornadus
|-damage|p2a: Tornadus|41/100
|
|t:|1666210361
|switch|p1a: Heatran|Heatran, M|97/100|[from]move: U-turn
|-damage|p1a: Heatran|85/100|[from] Stealth Rock
|
|upkeep
|turn|8
|
|t:|1666210370
|move|p2a: Tornadus|U-turn|p1a: Heatran
|-resisted|p1a: Heatran
|-damage|p1a: Heatran|81/100
|
|t:|1666210371
|switch|p2a: Garchomp|Garchomp, F|41/100 tox|[from]move: U-turn
|-damage|p2a: Garchomp|35/100 tox|[from] Stealth Rock
|move|p1a: Heatran|Magma Storm|p2a: Garchomp|[miss]
|-miss|p1a: Heatran|p2a: Garchomp
|
|-heal|p2a: Garchomp|41/100 tox|[from] item: Leftovers
|-damage|p2a: Garchomp|35/100 tox|[from] psn
|upkeep
|turn|9
|j|+Dragonillis
|
|t:|1666210383
|switch|p1a: Landorus|Landorus-Therian, M|17/100 tox
|-damage|p1a: Landorus|4/100 tox|[from] Stealth Rock
|-ability|p1a: Landorus|Intimidate|boost
|-unboost|p2a: Garchomp|atk|1
|move|p2a: Garchomp|Earthquake|p1a: Landorus
|-immune|p1a: Landorus
|
|-heal|p2a: Garchomp|41/100 tox|[from] item: Leftovers
|-heal|p1a: Landorus|10/100 tox|[from] item: Leftovers
|-damage|p2a: Garchomp|29/100 tox|[from] psn
|-damage|p1a: Landorus|4/100 tox|[from] psn
|upkeep
|turn|10
|
|t:|1666210396
|move|p2a: Garchomp|Protect|p2a: Garchomp
|-singleturn|p2a: Garchomp|Protect
|move|p1a: Landorus|U-turn|p2a: Garchomp
|-activate|p2a: Garchomp|move: Protect
|
|-heal|p2a: Garchomp|35/100 tox|[from] item: Leftovers
|-heal|p1a: Landorus|10/100 tox|[from] item: Leftovers
|-damage|p2a: Garchomp|17/100 tox|[from] psn
|-damage|p1a: Landorus|0 fnt|[from] psn
|faint|p1a: Landorus
|upkeep
|
|t:|1666210414
|switch|p1a: Sharpedo|Sharpedo, F|100/100
|-damage|p1a: Sharpedo|88/100|[from] Stealth Rock
|turn|11
|
|t:|1666210424
|switch|p2a: Ferrothorn|Ferrothorn, F|100/100
|-damage|p2a: Ferrothorn|95/100|[from] Stealth Rock
|move|p1a: Sharpedo|Protect||[still]
|-fail|p1a: Sharpedo
|
|-ability|p1a: Sharpedo|Speed Boost|boost
|-boost|p1a: Sharpedo|spe|1
|upkeep
|turn|12
|
|t:|1666210436
|move|p1a: Sharpedo|Dark Pulse|p2a: Ferrothorn
|-damage|p2a: Ferrothorn|52/100
|-damage|p1a: Sharpedo|78/100|[from] item: Life Orb
|cant|p2a: Ferrothorn|flinch
|
|-ability|p1a: Sharpedo|Speed Boost|boost
|-boost|p1a: Sharpedo|spe|1
|upkeep
|turn|13
|
|t:|1666210446
|move|p1a: Sharpedo|Close Combat|p2a: Ferrothorn
|-supereffective|p2a: Ferrothorn
|-damage|p2a: Ferrothorn|3/100
|-unboost|p1a: Sharpedo|def|1
|-unboost|p1a: Sharpedo|spd|1
|-damage|p1a: Sharpedo|66/100|[from] ability: Iron Barbs|[of] p2a: Ferrothorn
|-damage|p1a: Sharpedo|49/100|[from] item: Rocky Helmet|[of] p2a: Ferrothorn
|-damage|p1a: Sharpedo|39/100|[from] item: Life Orb
|move|p2a: Ferrothorn|Power Whip|p1a: Sharpedo
|-supereffective|p1a: Sharpedo
|-damage|p1a: Sharpedo|0 fnt
|faint|p1a: Sharpedo
|
|upkeep
|
|t:|1666210468
|switch|p1a: Dragapult|Dragapult, F|100/100
|-damage|p1a: Dragapult|88/100|[from] Stealth Rock
|turn|14
|
|t:|1666210485
|move|p1a: Dragapult|Shadow Ball|p2a: Ferrothorn
|-damage|p2a: Ferrothorn|0 fnt
|faint|p2a: Ferrothorn
|
|upkeep
|
|t:|1666210489
|switch|p2a: Zeraora|Zeraora|100/100
|-damage|p2a: Zeraora|88/100|[from] Stealth Rock
|turn|15
|
|t:|1666210506
|switch|p1a: Heatran|Heatran, M|81/100
|-damage|p1a: Heatran|69/100|[from] Stealth Rock
|move|p2a: Zeraora|Knock Off|p1a: Heatran
|-damage|p1a: Heatran|48/100
|
|-heal|p2a: Zeraora|94/100|[from] item: Leftovers
|upkeep
|turn|16
|
|t:|1666210524
|move|p2a: Zeraora|Bulk Up|p2a: Zeraora
|-boost|p2a: Zeraora|atk|1
|-boost|p2a: Zeraora|def|1
|move|p1a: Heatran|Earth Power|p2a: Zeraora
|-supereffective|p2a: Zeraora
|-damage|p2a: Zeraora|10/100
|
|-heal|p2a: Zeraora|16/100|[from] item: Leftovers
|upkeep
|turn|17
|
|t:|1666210540
|move|p2a: Zeraora|Drain Punch|p1a: Heatran
|-supereffective|p1a: Heatran
|-crit|p1a: Heatran
|-damage|p1a: Heatran|0 fnt
|-heal|p2a: Zeraora|40/100|[from] drain|[of] p1a: Heatran
|faint|p1a: Heatran
|
|-heal|p2a: Zeraora|46/100|[from] item: Leftovers
|upkeep
|
|t:|1666210548
|switch|p1a: Rillaboom|Rillaboom, F|100/100
|-damage|p1a: Rillaboom|88/100|[from] Stealth Rock
|-fieldstart|move: Grassy Terrain|[from] ability: Grassy Surge|[of] p1a: Rillaboom
|turn|18
|
|t:|1666210555
|switch|p2a: Tornadus|Tornadus-Therian, M|74/100
|move|p1a: Rillaboom|Knock Off|p2a: Tornadus
|-damage|p2a: Tornadus|25/100
|-enditem|p2a: Tornadus|Heavy-Duty Boots|[from] move: Knock Off|[of] p1a: Rillaboom
|-damage|p1a: Rillaboom|78/100|[from] item: Life Orb
|
|-heal|p1a: Rillaboom|84/100|[from] Grassy Terrain
|upkeep
|turn|19
|
|t:|1666210568
|switch|p2a: Slowking|Slowking-Galar, F|100/100
|-damage|p2a: Slowking|88/100|[from] Stealth Rock
|move|p1a: Rillaboom|Grassy Glide|p2a: Slowking
|-resisted|p2a: Slowking
|-damage|p2a: Slowking|55/100
|-damage|p1a: Rillaboom|74/100|[from] item: Life Orb
|
|-heal|p1a: Rillaboom|81/100|[from] Grassy Terrain
|-heal|p2a: Slowking|61/100|[from] Grassy Terrain
|upkeep
|turn|20
|
|t:|1666210581
|switch|p2a: Garchomp|Garchomp, F|17/100 tox
|-damage|p2a: Garchomp|10/100 tox|[from] Stealth Rock
|move|p1a: Rillaboom|Knock Off|p2a: Garchomp
|-damage|p2a: Garchomp|0 fnt
|-damage|p1a: Rillaboom|68/100|[from] ability: Rough Skin|[of] p2a: Garchomp
|-enditem|p2a: Garchomp|Leftovers|[from] move: Knock Off|[of] p1a: Rillaboom
|faint|p2a: Garchomp
|-damage|p1a: Rillaboom|58/100|[from] item: Life Orb
|
|-heal|p1a: Rillaboom|64/100|[from] Grassy Terrain
|upkeep
|
|t:|1666210585
|switch|p2a: Volcarona|Volcarona, M|100/100
|-damage|p2a: Volcarona|51/100|[from] Stealth Rock
|turn|21
|j| BabyPigsAreLaughin
|
|t:|1666210599
|switch|p1a: Dragapult|Dragapult, F|88/100
|-damage|p1a: Dragapult|76/100|[from] Stealth Rock
|move|p2a: Volcarona|Overheat|p1a: Dragapult
|-resisted|p1a: Dragapult
|-damage|p1a: Dragapult|3/100
|-unboost|p2a: Volcarona|spa|2
|
|-heal|p1a: Dragapult|9/100|[from] Grassy Terrain
|-heal|p2a: Volcarona|57/100|[from] Grassy Terrain
|upkeep
|turn|22
|
|t:|1666210623
|switch|p2a: Slowking|Slowking-Galar, F|94/100
|-damage|p2a: Slowking|82/100|[from] Stealth Rock
|move|p1a: Dragapult|Shadow Ball|p2a: Slowking
|-supereffective|p2a: Slowking
|-damage|p2a: Slowking|28/100
|
|-heal|p1a: Dragapult|15/100|[from] Grassy Terrain
|-heal|p2a: Slowking|34/100|[from] Grassy Terrain
|-fieldend|move: Grassy Terrain
|upkeep
|turn|23
|
|t:|1666210635
|move|p1a: Dragapult|Shadow Ball|p2a: Slowking
|-supereffective|p2a: Slowking
|-damage|p2a: Slowking|0 fnt
|faint|p2a: Slowking
|
|upkeep
|
|t:|1666210637
|switch|p2a: Zeraora|Zeraora|46/100
|-damage|p2a: Zeraora|34/100|[from] Stealth Rock
|turn|24
|
|t:|1666210647
|switch|p1a: Melmetal|Melmetal|100/100
|-damage|p1a: Melmetal|94/100|[from] Stealth Rock
|move|p2a: Zeraora|Knock Off|p1a: Melmetal
|-damage|p1a: Melmetal|78/100
|-enditem|p1a: Melmetal|Assault Vest|[from] move: Knock Off|[of] p2a: Zeraora
|
|-heal|p2a: Zeraora|40/100|[from] item: Leftovers
|upkeep
|turn|25
|
|t:|1666210658
|move|p2a: Zeraora|Bulk Up|p2a: Zeraora
|-boost|p2a: Zeraora|atk|1
|-boost|p2a: Zeraora|def|1
|move|p1a: Melmetal|Double Iron Bash|p2a: Zeraora
|-resisted|p2a: Zeraora
|-damage|p2a: Zeraora|24/100
|-resisted|p2a: Zeraora
|-damage|p2a: Zeraora|6/100
|-hitcount|p2a: Zeraora|2
|
|-heal|p2a: Zeraora|12/100|[from] item: Leftovers
|upkeep
|turn|26
|
|t:|1666210677
|move|p2a: Zeraora|Drain Punch|p1a: Melmetal
|-supereffective|p1a: Melmetal
|-damage|p1a: Melmetal|35/100
|-heal|p2a: Zeraora|42/100|[from] drain|[of] p1a: Melmetal
|move|p1a: Melmetal|Ice Punch|p2a: Zeraora
|-damage|p2a: Zeraora|16/100
|
|-heal|p2a: Zeraora|22/100|[from] item: Leftovers
|upkeep
|turn|27
|
|t:|1666210688
|move|p2a: Zeraora|Drain Punch|p1a: Melmetal
|-supereffective|p1a: Melmetal
|-damage|p1a: Melmetal|0 fnt
|-heal|p2a: Zeraora|47/100|[from] drain|[of] p1a: Melmetal
|faint|p1a: Melmetal
|
|-heal|p2a: Zeraora|53/100|[from] item: Leftovers
|upkeep
|
|t:|1666210696
|switch|p1a: Rillaboom|Rillaboom, F|64/100
|-damage|p1a: Rillaboom|52/100|[from] Stealth Rock
|-fieldstart|move: Grassy Terrain|[from] ability: Grassy Surge|[of] p1a: Rillaboom
|turn|28
|
|t:|1666210717
|switch|p2a: Volcarona|Volcarona, M|57/100
|-damage|p2a: Volcarona|7/100|[from] Stealth Rock
|move|p1a: Rillaboom|Grassy Glide|p2a: Volcarona
|-resisted|p2a: Volcarona
|-damage|p2a: Volcarona|0 fnt
|faint|p2a: Volcarona
|-damage|p1a: Rillaboom|42/100|[from] item: Life Orb
|
|-heal|p1a: Rillaboom|48/100|[from] Grassy Terrain
|upkeep
|
|t:|1666210719
|switch|p2a: Tornadus|Tornadus-Therian, M|58/100
|-damage|p2a: Tornadus|33/100|[from] Stealth Rock
|turn|29
|inactive|Lucians Call has 120 seconds left.
|inactive|Lucians Call has 90 seconds left.
|
|t:|1666210779
|move|p1a: Rillaboom|Grassy Glide|p2a: Tornadus
|-resisted|p2a: Tornadus
|-damage|p2a: Tornadus|0 fnt
|faint|p2a: Tornadus
|-damage|p1a: Rillaboom|38/100|[from] item: Life Orb
|
|-heal|p1a: Rillaboom|44/100|[from] Grassy Terrain
|upkeep
|inactive|Lucians Call has 90 seconds left.
|l|☆Lucians Call
|inactive|Lucians Call disconnected and has a minute to reconnect!
|player|p2|
|j|☆Lucians Call
|inactive|Lucians Call reconnected and has 50 seconds left.
|player|p2|Lucians Call|furisodegirl-blue
|-message|Lucians Call forfeited.
|
|win|TestingTesting1
|raw|TestingTesting1's rating: 1711 &rarr; <strong>1735</strong><br />(+24 for winning)
|raw|Lucians Call's rating: 1787 &rarr; <strong>1763</strong><br />(-24 for losing)
|l|☆Lucians Call
|l|☆TestingTesting1
||Ladder isn't responding, score probably updated but might not have (Request timeout).
