|raw|<div class="broadcast-red"><strong>This battle is invite-only!</strong><br />Users must be invited with <code>/invite</code> (or be staff) to join</div>
|j|☆JoeyOwesMeMoney
|j|☆Sparkesque
|player|p1|JoeyOwesMeMoney|101|1829
|player|p2|Sparkesque|101|1777
|teamsize|p1|6
|teamsize|p2|6
|gametype|singles
|gen|8
|tier|[Gen 8] OU
|rated|
|clearpoke
|poke|p1|Chansey, F|
|poke|p1|Toxapex, M|
|poke|p1|Clefable, M|
|poke|p1|Corviknight, M|
|poke|p1|Magearna|
|poke|p1|Blissey, F|
|poke|p2|Scizor, F|
|poke|p2|Crawdaunt, M|
|poke|p2|Terrakion|
|poke|p2|Rillaboom, M|
|poke|p2|Hawlucha, M|
|poke|p2|Weavile, F|
|rule|Sleep Clause Mod: Limit one foe put to sleep
|rule|Species Clause: Limit one of each Pokémon
|rule|OHKO Clause: OHKO moves are banned
|rule|Evasion Moves Clause: Evasion moves are banned
|rule|Endless Battle Clause: Forcing endless battles is banned
|rule|HP Percentage Mod: HP is shown in percentages
|rule|Dynamax Clause: You cannot dynamax
|teampreview
|inactive|Battle timer is ON: inactive players will automatically lose when time's up. (requested by Sparkesque)
|
|start
|switch|p1a: Toxapex|Toxapex, M|100/100
|switch|p2a: Terrakion|Terrakion|100/100
|turn|1
|
|move|p2a: Terrakion|Swords Dance|p2a: Terrakion
|-boost|p2a: Terrakion|atk|2
|move|p1a: Toxapex|Scald|p2a: Terrakion
|-supereffective|p2a: Terrakion
|-damage|p2a: Terrakion|65/100
|
|upkeep
|turn|2
|
|switch|p1a: Clefable|Clefable, M|100/100
|move|p2a: Terrakion|Rock Tomb|p1a: Clefable
|-damage|p1a: Clefable|79/100
|-unboost|p1a: Clefable|spe|1
|
|-heal|p1a: Clefable|85/100|[from] item: Leftovers
|upkeep
|turn|3
|
|move|p1a: Clefable|Protect|p1a: Clefable
|-singleturn|p1a: Clefable|Protect
|move|p2a: Terrakion|Stealth Rock|p1a: Clefable
|-sidestart|p1: JoeyOwesMeMoney|move: Stealth Rock
|
|-heal|p1a: Clefable|91/100|[from] item: Leftovers
|upkeep
|turn|4
|
|switch|p2a: Scizor|Scizor, F|100/100
|move|p1a: Clefable|Wish|p1a: Clefable
|
|-heal|p1a: Clefable|97/100|[from] item: Leftovers
|upkeep
|turn|5
|
|switch|p2a: Terrakion|Terrakion|65/100
|switch|p1a: Corviknight|Corviknight, M|100/100
|-damage|p1a: Corviknight|88/100|[from] Stealth Rock
|-ability|p1a: Corviknight|Pressure
|
|-heal|p1a: Corviknight|100/100|[from] move: Wish|[wisher] Clefable
|upkeep
|turn|6
|
|move|p2a: Terrakion|Close Combat|p1a: Corviknight
|-damage|p1a: Corviknight|66/100
|-unboost|p2a: Terrakion|def|1
|-unboost|p2a: Terrakion|spd|1
|-damage|p2a: Terrakion|49/100|[from] item: Rocky Helmet|[of] p1a: Corviknight
|move|p1a: Corviknight|Defog|p2a: Terrakion
|-unboost|p2a: Terrakion|evasion|1
|-sideend|p1: JoeyOwesMeMoney|Stealth Rock|[from] move: Defog|[of] p1a: Corviknight
|
|upkeep
|turn|7
|
|move|p2a: Terrakion|Stealth Rock|p1a: Corviknight
|-sidestart|p1: JoeyOwesMeMoney|move: Stealth Rock
|move|p1a: Corviknight|Body Press|p2a: Terrakion
|-supereffective|p2a: Terrakion
|-damage|p2a: Terrakion|0 fnt
|faint|p2a: Terrakion
|
|upkeep
|
|switch|p2a: Crawdaunt|Crawdaunt, M|100/100
|turn|8
|
|switch|p1a: Toxapex|Toxapex, M|100/100
|-damage|p1a: Toxapex|88/100|[from] Stealth Rock
|move|p2a: Crawdaunt|Crabhammer|p1a: Toxapex
|-resisted|p1a: Toxapex
|-crit|p1a: Toxapex
|-damage|p1a: Toxapex|46/100
|-damage|p2a: Crawdaunt|91/100|[from] item: Life Orb
|
|-heal|p1a: Toxapex|52/100|[from] item: Black Sludge
|upkeep
|turn|9
|inactive|JoeyOwesMeMoney has 120 seconds left.
|
|switch|p1a: Magearna|Magearna|100/100
|-damage|p1a: Magearna|94/100|[from] Stealth Rock
|move|p2a: Crawdaunt|Knock Off|p1a: Magearna
|-resisted|p1a: Magearna
|-damage|p1a: Magearna|54/100
|-enditem|p1a: Magearna|Choice Specs|[from] move: Knock Off|[of] p2a: Crawdaunt
|-damage|p2a: Crawdaunt|81/100|[from] item: Life Orb
|
|upkeep
|turn|10
|
|switch|p2a: Scizor|Scizor, F|100/100
|move|p1a: Magearna|Fleur Cannon|p2a: Scizor
|-resisted|p2a: Scizor
|-damage|p2a: Scizor|49/100
|-unboost|p1a: Magearna|spa|2
|
|upkeep
|turn|11
|inactive|Sparkesque has 120 seconds left.
|
|switch|p2a: Weavile|Weavile, F|100/100
|switch|p1a: Toxapex|Toxapex, M|86/100
|-damage|p1a: Toxapex|73/100|[from] Stealth Rock
|
|-heal|p1a: Toxapex|79/100|[from] item: Black Sludge
|upkeep
|turn|12
|inactive|Sparkesque has 120 seconds left.
|
|move|p2a: Weavile|Swords Dance|p2a: Weavile
|-boost|p2a: Weavile|atk|2
|move|p1a: Toxapex|Toxic Spikes|p2a: Weavile
|-sidestart|p2: Sparkesque|move: Toxic Spikes
|
|-heal|p1a: Toxapex|85/100|[from] item: Black Sludge
|upkeep
|turn|13
|
|switch|p1a: Blissey|Blissey, F|100/100
|-damage|p1a: Blissey|88/100|[from] Stealth Rock
|move|p2a: Weavile|Knock Off|p1a: Blissey
|-damage|p1a: Blissey|0 fnt
|-enditem|p1a: Blissey|Leftovers|[from] move: Knock Off|[of] p2a: Weavile
|-damage|p2a: Weavile|91/100|[from] item: Life Orb
|faint|p1a: Blissey
|
|upkeep
|
|switch|p1a: Clefable|Clefable, M|97/100
|-damage|p1a: Clefable|85/100|[from] Stealth Rock
|turn|14
|
|move|p1a: Clefable|Protect|p1a: Clefable
|-singleturn|p1a: Clefable|Protect
|move|p2a: Weavile|Triple Axel|p1a: Clefable
|-activate|p1a: Clefable|move: Protect
|
|-heal|p1a: Clefable|91/100|[from] item: Leftovers
|upkeep
|turn|15
|
|move|p2a: Weavile|Triple Axel|p1a: Clefable
|-damage|p1a: Clefable|80/100
|-damage|p1a: Clefable|60/100
|-crit|p1a: Clefable
|-damage|p1a: Clefable|13/100
|-hitcount|p1a: Clefable|3
|-damage|p2a: Weavile|81/100|[from] item: Life Orb
|move|p1a: Clefable|Wish|p1a: Clefable
|
|-heal|p1a: Clefable|19/100|[from] item: Leftovers
|upkeep
|turn|16
|
|switch|p2a: Scizor|Scizor, F|49/100
|move|p1a: Clefable|Protect||[still]
|-fail|p1a: Clefable
|
|-heal|p1a: Clefable|69/100|[from] move: Wish|[wisher] Clefable
|-heal|p1a: Clefable|75/100|[from] item: Leftovers
|upkeep
|turn|17
|
|move|p1a: Clefable|Protect|p1a: Clefable
|-singleturn|p1a: Clefable|Protect
|move|p2a: Scizor|Swords Dance|p2a: Scizor
|-boost|p2a: Scizor|atk|2
|
|-heal|p1a: Clefable|81/100|[from] item: Leftovers
|upkeep
|turn|18
|
|move|p2a: Scizor|Bullet Punch|p1a: Clefable
|-supereffective|p1a: Clefable
|-damage|p1a: Clefable|7/100
|-damage|p2a: Scizor|39/100|[from] item: Life Orb
|move|p1a: Clefable|Wish|p1a: Clefable
|
|-heal|p1a: Clefable|13/100|[from] item: Leftovers
|upkeep
|turn|19
|
|switch|p1a: Corviknight|Corviknight, M|66/100
|-damage|p1a: Corviknight|54/100|[from] Stealth Rock
|-ability|p1a: Corviknight|Pressure
|move|p2a: Scizor|Bullet Punch|p1a: Corviknight
|-resisted|p1a: Corviknight
|-damage|p1a: Corviknight|28/100
|-damage|p2a: Scizor|23/100|[from] item: Rocky Helmet|[of] p1a: Corviknight
|-damage|p2a: Scizor|13/100|[from] item: Life Orb
|
|-heal|p1a: Corviknight|77/100|[from] move: Wish|[wisher] Clefable
|upkeep
|turn|20
|
|switch|p2a: Hawlucha|Hawlucha, M|100/100
|move|p1a: Corviknight|Roost|p1a: Corviknight
|-heal|p1a: Corviknight|100/100
|-singleturn|p1a: Corviknight|move: Roost
|
|upkeep
|turn|21
|
|move|p2a: Hawlucha|Swords Dance|p2a: Hawlucha
|-boost|p2a: Hawlucha|atk|2
|move|p1a: Corviknight|Bulk Up|p1a: Corviknight
|-boost|p1a: Corviknight|atk|1
|-boost|p1a: Corviknight|def|1
|
|upkeep
|turn|22
|
|move|p2a: Hawlucha|Taunt|p1a: Corviknight
|-start|p1a: Corviknight|move: Taunt
|cant|p1a: Corviknight|move: Taunt|Defog
|
|upkeep
|turn|23
|
|move|p2a: Hawlucha|Swords Dance|p2a: Hawlucha
|-boost|p2a: Hawlucha|atk|2
|move|p1a: Corviknight|Body Press|p2a: Hawlucha
|-resisted|p2a: Hawlucha
|-damage|p2a: Hawlucha|70/100
|
|upkeep
|turn|24
|
|switch|p1a: Magearna|Magearna|54/100
|-damage|p1a: Magearna|48/100|[from] Stealth Rock
|move|p2a: Hawlucha|Close Combat|p1a: Magearna
|-damage|p1a: Magearna|0 fnt
|-unboost|p2a: Hawlucha|def|1
|-unboost|p2a: Hawlucha|spd|1
|faint|p1a: Magearna
|
|upkeep
|
|switch|p1a: Toxapex|Toxapex, M|100/100
|-damage|p1a: Toxapex|88/100|[from] Stealth Rock
|turn|25
|
|switch|p2a: Scizor|Scizor, F|13/100
|switch|p1a: Clefable|Clefable, M|13/100
|-damage|p1a: Clefable|1/100|[from] Stealth Rock
|
|-heal|p1a: Clefable|7/100|[from] item: Leftovers
|upkeep
|turn|26
|
|switch|p1a: Corviknight|Corviknight, M|100/100
|-damage|p1a: Corviknight|88/100|[from] Stealth Rock
|-ability|p1a: Corviknight|Pressure
|move|p2a: Scizor|Bullet Punch|p1a: Corviknight
|-resisted|p1a: Corviknight
|-damage|p1a: Corviknight|76/100
|-damage|p2a: Scizor|0 fnt|[from] item: Rocky Helmet|[of] p1a: Corviknight
|faint|p2a: Scizor
|
|upkeep
|
|switch|p2a: Crawdaunt|Crawdaunt, M|81/100
|-status|p2a: Crawdaunt|psn
|turn|27
|
|move|p2a: Crawdaunt|Knock Off|p1a: Corviknight
|-damage|p1a: Corviknight|21/100
|-damage|p2a: Crawdaunt|65/100 psn|[from] item: Rocky Helmet|[of] p1a: Corviknight
|-enditem|p1a: Corviknight|Rocky Helmet|[from] move: Knock Off|[of] p2a: Crawdaunt
|-damage|p2a: Crawdaunt|55/100 psn|[from] item: Life Orb
|move|p1a: Corviknight|Roost|p1a: Corviknight
|-heal|p1a: Corviknight|71/100
|-singleturn|p1a: Corviknight|move: Roost
|
|-damage|p2a: Crawdaunt|42/100 psn|[from] psn
|upkeep
|turn|28
|
|switch|p1a: Clefable|Clefable, M|7/100
|-damage|p1a: Clefable|0 fnt|[from] Stealth Rock
|faint|p1a: Clefable
|move|p2a: Crawdaunt|Crabhammer|p1: Clefable|[notarget]
|-fail|p2a: Crawdaunt
|
|-damage|p2a: Crawdaunt|30/100 psn|[from] psn
|upkeep
|
|switch|p1a: Toxapex|Toxapex, M|100/100
|-damage|p1a: Toxapex|88/100|[from] Stealth Rock
|turn|29
|inactive|JoeyOwesMeMoney has 120 seconds left.
|
|move|p2a: Crawdaunt|Knock Off|p1a: Toxapex
|-damage|p1a: Toxapex|34/100
|-enditem|p1a: Toxapex|Black Sludge|[from] move: Knock Off|[of] p2a: Crawdaunt
|-damage|p2a: Crawdaunt|20/100 psn|[from] item: Life Orb
|move|p1a: Toxapex|Scald|p2a: Crawdaunt
|-resisted|p2a: Crawdaunt
|-damage|p2a: Crawdaunt|2/100 psn
|
|-damage|p2a: Crawdaunt|0 fnt|[from] psn
|faint|p2a: Crawdaunt
|upkeep
|
|switch|p2a: Rillaboom|Rillaboom, M|100/100
|-status|p2a: Rillaboom|psn
|-fieldstart|move: Grassy Terrain|[from] ability: Grassy Surge|[of] p2a: Rillaboom
|turn|30
|
|move|p2a: Rillaboom|Swords Dance|p2a: Rillaboom
|-boost|p2a: Rillaboom|atk|2
|move|p1a: Toxapex|Poison Jab|p2a: Rillaboom
|-supereffective|p2a: Rillaboom
|-damage|p2a: Rillaboom|58/100 psn
|
|-heal|p2a: Rillaboom|64/100 psn|[from] Grassy Terrain
|-heal|p1a: Toxapex|40/100|[from] Grassy Terrain
|-damage|p2a: Rillaboom|52/100 psn|[from] psn
|upkeep
|turn|31
|
|switch|p1a: Chansey|Chansey, F|100/100
|-damage|p1a: Chansey|88/100|[from] Stealth Rock
|move|p2a: Rillaboom|Knock Off|p1a: Chansey
|-damage|p1a: Chansey|32/100
|-enditem|p1a: Chansey|Eviolite|[from] move: Knock Off|[of] p2a: Rillaboom
|-damage|p2a: Rillaboom|42/100 psn|[from] item: Life Orb
|
|-heal|p2a: Rillaboom|48/100 psn|[from] Grassy Terrain
|-heal|p1a: Chansey|38/100|[from] Grassy Terrain
|-damage|p2a: Rillaboom|35/100 psn|[from] psn
|upkeep
|turn|32
|inactive|JoeyOwesMeMoney has 120 seconds left.
|
|move|p2a: Rillaboom|Drain Punch|p1a: Chansey
|-supereffective|p1a: Chansey
|-damage|p1a: Chansey|0 fnt
|-heal|p2a: Rillaboom|74/100 psn|[from] drain|[of] p1a: Chansey
|-damage|p2a: Rillaboom|64/100 psn|[from] item: Life Orb
|faint|p1a: Chansey
|
|-heal|p2a: Rillaboom|70/100 psn|[from] Grassy Terrain
|-damage|p2a: Rillaboom|58/100 psn|[from] psn
|upkeep
|inactive|JoeyOwesMeMoney has 120 seconds left.
|inactive|JoeyOwesMeMoney has 90 seconds left.
|
|switch|p1a: Corviknight|Corviknight, M|71/100
|-damage|p1a: Corviknight|58/100|[from] Stealth Rock
|-ability|p1a: Corviknight|Pressure
|turn|33
|
|move|p2a: Rillaboom|Drain Punch|p1a: Corviknight
|-damage|p1a: Corviknight|14/100
|-heal|p2a: Rillaboom|84/100 psn|[from] drain|[of] p1a: Corviknight
|-damage|p2a: Rillaboom|74/100 psn|[from] item: Life Orb
|move|p1a: Corviknight|Roost|p1a: Corviknight
|-heal|p1a: Corviknight|64/100
|-singleturn|p1a: Corviknight|move: Roost
|
|-heal|p2a: Rillaboom|80/100 psn|[from] Grassy Terrain
|-heal|p1a: Corviknight|70/100|[from] Grassy Terrain
|-damage|p2a: Rillaboom|68/100 psn|[from] psn
|upkeep
|turn|34
|
|switch|p2a: Hawlucha|Hawlucha, M|70/100
|-enditem|p2a: Hawlucha|Grassy Seed
|-boost|p2a: Hawlucha|def|1|[from] item: Grassy Seed
|move|p1a: Corviknight|Roost|p1a: Corviknight
|-heal|p1a: Corviknight|100/100
|-singleturn|p1a: Corviknight|move: Roost
|
|-fieldend|move: Grassy Terrain
|upkeep
|turn|35
|
|move|p2a: Hawlucha|Swords Dance|p2a: Hawlucha
|-boost|p2a: Hawlucha|atk|2
|move|p1a: Corviknight|Bulk Up|p1a: Corviknight
|-boost|p1a: Corviknight|atk|1
|-boost|p1a: Corviknight|def|1
|
|upkeep
|turn|36
|
|move|p2a: Hawlucha|Taunt|p1a: Corviknight
|-start|p1a: Corviknight|move: Taunt
|cant|p1a: Corviknight|move: Taunt|Bulk Up
|
|upkeep
|turn|37
|inactive|JoeyOwesMeMoney has 120 seconds left.
|inactive|JoeyOwesMeMoney has 90 seconds left.
|inactive|JoeyOwesMeMoney has 60 seconds left.
|c|☆Sparkesque|Come on nerd
|c|☆Sparkesque|Whats the matter?
|inactive|JoeyOwesMeMoney has 30 seconds left.
|c|☆Sparkesque|Your precious stall bouta get smashed
|inactive|JoeyOwesMeMoney has 20 seconds left.
|inactive|JoeyOwesMeMoney has 15 seconds left.
|inactive|JoeyOwesMeMoney has 10 seconds left.
|inactive|JoeyOwesMeMoney has 5 seconds left.
|-message|JoeyOwesMeMoney lost due to inactivity.
|
|win|Sparkesque
|raw|JoeyOwesMeMoney's rating: 1806 &rarr; <strong>1785</strong><br />(-21 for losing)
|raw|Sparkesque's rating: 1777 &rarr; <strong>1799</strong><br />(+22 for winning)
|c|☆Sparkesque|/log Sparkesque made this room public.
