|j|☆demgeilem
|j|☆Fiery Wave
|t:|1668000663
|gametype|singles
|player|p1|demgeilem|ethan-masters|1559
|player|p2|Fiery Wave|crasherwake|1593
|teamsize|p1|6
|teamsize|p2|6
|gen|8
|tier|[Gen 8] OU
|rated|
|rule|Sleep Clause Mod: Limit one foe put to sleep
|rule|Species Clause: Limit one of each Pokémon
|rule|OHKO Clause: OHKO moves are banned
|rule|Evasion Items Clause: Evasion items are banned
|rule|Evasion Moves Clause: Evasion moves are banned
|rule|Endless Battle Clause: Forcing endless battles is banned
|rule|HP Percentage Mod: HP is shown in percentages
|rule|Dynamax Clause: You cannot dynamax
|clearpoke
|poke|p1|Melmetal|
|poke|p1|Dragapult, F|
|poke|p1|Slowbro, M|
|poke|p1|Clefable, F|
|poke|p1|Landorus-Therian, M|
|poke|p1|Buzzwole|
|poke|p2|Mew|
|poke|p2|Nidoking, M|
|poke|p2|Urshifu-*, M|
|poke|p2|Blaziken, M|
|poke|p2|Melmetal|
|poke|p2|Hydreigon, F|
|teampreview
|inactive|Battle timer is ON: inactive players will automatically lose when time's up. (requested by Fiery Wave)
|
|t:|1668000674
|start
|switch|p1a: Melmetal|Melmetal|100/100
|switch|p2a: Rachid l'arabe|Mew|100/100
|turn|1
|
|t:|1668000678
|move|p2a: Rachid l'arabe|Stealth Rock|p1a: Melmetal
|-sidestart|p1: demgeilem|move: Stealth Rock
|move|p1a: Melmetal|Double Iron Bash|p2a: Rachid l'arabe
|-damage|p2a: Rachid l'arabe|32/100
|-damage|p2a: Rachid l'arabe|0 fnt
|faint|p2a: Rachid l'arabe
|-hitcount|p2: Rachid l'arabe|2
|
|upkeep
|
|t:|1668000686
|switch|p2a: Braqueur|Nidoking, M|100/100
|turn|2
|
|t:|1668000696
|move|p2a: Braqueur|Earth Power|p1a: Melmetal
|-supereffective|p1a: Melmetal
|-damage|p1a: Melmetal|0 fnt
|faint|p1a: Melmetal
|
|upkeep
|
|t:|1668000707
|switch|p1a: Dragapult|Dragapult, F|100/100
|-damage|p1a: Dragapult|88/100|[from] Stealth Rock
|turn|3
|
|t:|1668000712
|switch|p2a: Metarianit|Melmetal|100/100
|move|p1a: Dragapult|Draco Meteor|p2a: Metarianit
|-resisted|p2a: Metarianit
|-damage|p2a: Metarianit|80/100
|-unboost|p1a: Dragapult|spa|2
|
|upkeep
|turn|4
|
|t:|1668000734
|switch|p1a: Buzzwole|Buzzwole|100/100
|-damage|p1a: Buzzwole|88/100|[from] Stealth Rock
|switch|p2a: Braqueur|Nidoking, M|100/100
|
|upkeep
|turn|5
|
|t:|1668000751
|move|p1a: Buzzwole|Earthquake|p2a: Braqueur
|-supereffective|p2a: Braqueur
|-damage|p2a: Braqueur|0 fnt
|faint|p2a: Braqueur
|-ability|p1a: Buzzwole|Beast Boost|boost
|-boost|p1a: Buzzwole|atk|1
|
|upkeep
|
|t:|1668000757
|switch|p2a: 3ème jambe|Hydreigon, F|100/100
|turn|6
|
|t:|1668000763
|switch|p1a: Clefable|Clefable, F|100/100
|move|p2a: 3ème jambe|U-turn|p1a: Clefable
|-resisted|p1a: Clefable
|-damage|p1a: Clefable|93/100
|
|t:|1668000768
|switch|p2a: Metarianit|Melmetal|80/100|[from]move: U-turn
|
|-heal|p1a: Clefable|99/100|[from] item: Leftovers
|upkeep
|turn|7
|
|t:|1668000774
|switch|p1a: Slowbro|Slowbro, M, shiny|100/100
|-damage|p1a: Slowbro|88/100|[from] Stealth Rock
|move|p2a: Metarianit|Double Iron Bash|p1a: Slowbro
|-resisted|p1a: Slowbro
|-damage|p1a: Slowbro|78/100
|-damage|p2a: Metarianit|63/100|[from] item: Rocky Helmet|[of] p1a: Slowbro
|-resisted|p1a: Slowbro
|-damage|p1a: Slowbro|66/100
|-damage|p2a: Metarianit|47/100|[from] item: Rocky Helmet|[of] p1a: Slowbro
|-hitcount|p1a: Slowbro|2
|
|upkeep
|turn|8
|
|t:|1668000786
|switch|p2a: Ramzi|Urshifu-Rapid-Strike, M|100/100
|move|p1a: Slowbro|Slack Off|p1a: Slowbro
|-heal|p1a: Slowbro|100/100
|
|upkeep
|turn|9
|
|t:|1668000793
|move|p2a: Ramzi|U-turn|p1a: Slowbro
|-supereffective|p1a: Slowbro
|-damage|p1a: Slowbro|70/100
|
|t:|1668000796
|switch|p2a: 3ème jambe|Hydreigon, F|100/100|[from]move: U-turn
|move|p1a: Slowbro|Teleport|p1a: Slowbro
|
|t:|1668000800
|switch|p1a: Clefable|Clefable, F|99/100|[from]move: Teleport
|
|-heal|p1a: Clefable|100/100|[from] item: Leftovers
|upkeep
|turn|10
|
|t:|1668000805
|move|p2a: 3ème jambe|U-turn|p1a: Clefable
|-resisted|p1a: Clefable
|-damage|p1a: Clefable|93/100
|
|t:|1668000808
|switch|p2a: Metarianit|Melmetal|47/100|[from]move: U-turn
|move|p1a: Clefable|Stealth Rock|p2a: Metarianit
|-sidestart|p2: Fiery Wave|move: Stealth Rock
|
|-heal|p1a: Clefable|99/100|[from] item: Leftovers
|upkeep
|turn|11
|-message|Fiery Wave forfeited.
|
|win|demgeilem
|raw|demgeilem's rating: 1559 &rarr; <strong>1581</strong><br />(+22 for winning)
|raw|Fiery Wave's rating: 1593 &rarr; <strong>1571</strong><br />(-22 for losing)
