|j|☆Alien4ce
|j|☆2(H2O)
|t:|1653056529
|gametype|singles
|player|p1|Alien4ce|2|1469
|player|p2|2(H2O)|viola|1553
|teamsize|p1|6
|teamsize|p2|6
|gen|8
|tier|[Gen 8] OU
|rated|
|rule|Sleep Clause Mod: Limit one foe put to sleep
|rule|Species Clause: Limit one of each Pokémon
|rule|OHKO Clause: OHKO moves are banned
|rule|Evasion Moves Clause: Evasion moves are banned
|rule|Endless Battle Clause: Forcing endless battles is banned
|rule|HP Percentage Mod: HP is shown in percentages
|rule|Dynamax Clause: You cannot dynamax
|clearpoke
|poke|p1|Tapu Fini|
|poke|p1|Zapdos-Galar|
|poke|p1|Hydreigon, M|
|poke|p1|Slowking-Galar, M|
|poke|p1|Regieleki|
|poke|p1|Landorus-Therian, M|
|poke|p2|Pelipper, M|
|poke|p2|Seismitoad, M|
|poke|p2|Barraskewda, M|
|poke|p2|Ferrothorn, M|
|poke|p2|Heliolisk, M|
|poke|p2|Zapdos|
|teampreview
|inactive|Battle timer is ON: inactive players will automatically lose when time's up. (requested by Alien4ce)
|
|t:|1653056545
|start
|switch|p1a: IEL|Regieleki|100/100
|switch|p2a: Pelipper|Pelipper, M|100/100
|-weather|RainDance|[from] ability: Drizzle|[of] p2a: Pelipper
|turn|1
|
|t:|1653056551
|switch|p1a: LOWE|Slowking-Galar, M|100/100
|switch|p2a: Seismitoad|Seismitoad, M|100/100
|
|-weather|RainDance|[upkeep]
|upkeep
|turn|2
|
|t:|1653056557
|move|p2a: Seismitoad|Earth Power|p1a: LOWE
|-supereffective|p1a: LOWE
|-damage|p1a: LOWE|37/100
|move|p1a: LOWE|Future Sight|p2a: Seismitoad
|-start|p1a: LOWE|move: Future Sight
|
|-weather|RainDance|[upkeep]
|-heal|p1a: LOWE|44/100|[from] item: Black Sludge
|upkeep
|turn|3
|
|t:|1653056564
|switch|p2a: Barraskewda|Barraskewda, M|100/100
|switch|p1a: GONN|Hydreigon, M|100/100
|
|-weather|RainDance|[upkeep]
|upkeep
|turn|4
|
|t:|1653056571
|switch|p1a: BINI|Tapu Fini|100/100
|-fieldstart|move: Misty Terrain|[from] ability: Misty Surge|[of] p1a: BINI
|move|p2a: Barraskewda|Flip Turn|p1a: BINI
|-resisted|p1a: BINI
|-damage|p1a: BINI|70/100
|
|t:|1653056577
|switch|p2a: Ferrothorn|Ferrothorn, M|100/100|[from]move: Flip Turn
|
|-weather|RainDance|[upkeep]
|-end|p2a: Ferrothorn|move: Future Sight
|-resisted|p2a: Ferrothorn
|-damage|p2a: Ferrothorn|83/100
|-heal|p2a: Ferrothorn|89/100|[from] item: Leftovers
|upkeep
|turn|5
|
|t:|1653056592
|switch|p1a: LOWE|Slowking-Galar, M|77/100
|switch|p2a: Zapdos|Zapdos|100/100
|
|-weather|RainDance|[upkeep]
|-heal|p1a: LOWE|83/100|[from] item: Black Sludge
|upkeep
|turn|6
|
|t:|1653056599
|move|p2a: Zapdos|Hurricane|p1a: LOWE
|-damage|p1a: LOWE|37/100
|move|p1a: LOWE|Future Sight|p2a: Zapdos
|-start|p1a: LOWE|move: Future Sight
|
|-weather|RainDance|[upkeep]
|-heal|p1a: LOWE|43/100|[from] item: Black Sludge
|upkeep
|turn|7
|
|t:|1653056606
|switch|p1a: DORA|Landorus-Therian, M|100/100
|-ability|p1a: DORA|Intimidate|boost
|-unboost|p2a: Zapdos|atk|1
|move|p2a: Zapdos|Hurricane|p1a: DORA
|-crit|p1a: DORA
|-damage|p1a: DORA|7/100
|
|-weather|RainDance|[upkeep]
|-heal|p1a: DORA|13/100|[from] item: Leftovers
|upkeep
|turn|8
|c|☆Alien4ce|Wow
|
|t:|1653056625
|switch|p2a: Ferrothorn|Ferrothorn, M|89/100
|move|p1a: DORA|Stealth Rock|p2a: Ferrothorn
|-sidestart|p2: 2(H2O)|move: Stealth Rock
|
|-weather|none
|-end|p2a: Ferrothorn|move: Future Sight
|-resisted|p2a: Ferrothorn
|-damage|p2a: Ferrothorn|68/100
|-heal|p1a: DORA|19/100|[from] item: Leftovers
|-heal|p2a: Ferrothorn|75/100|[from] item: Leftovers
|-fieldend|Misty Terrain
|upkeep
|turn|9
|
|t:|1653056636
|switch|p1a: LOWE|Slowking-Galar, M|77/100
|move|p2a: Ferrothorn|Stealth Rock|p1a: LOWE
|-sidestart|p1: Alien4ce|move: Stealth Rock
|
|-heal|p1a: LOWE|83/100|[from] item: Black Sludge
|-heal|p2a: Ferrothorn|81/100|[from] item: Leftovers
|upkeep
|turn|10
|
|t:|1653056645
|switch|p1a: IEL|Regieleki|100/100
|switch|p2a: Pelipper|Pelipper, M|100/100
|-damage|p2a: Pelipper|76/100|[from] Stealth Rock
|-weather|RainDance|[from] ability: Drizzle|[of] p2a: Pelipper
|
|-weather|RainDance|[upkeep]
|upkeep
|turn|11
|
|t:|1653056653
|switch|p1a: LOWE|Slowking-Galar, M|100/100
|-damage|p1a: LOWE|88/100|[from] Stealth Rock
|switch|p2a: Seismitoad|Seismitoad, M|100/100
|-damage|p2a: Seismitoad|95/100|[from] Stealth Rock
|
|-weather|RainDance|[upkeep]
|-heal|p1a: LOWE|94/100|[from] item: Black Sludge
|upkeep
|turn|12
|
|t:|1653056662
|switch|p1a: GONN|Hydreigon, M|100/100
|-damage|p1a: GONN|88/100|[from] Stealth Rock
|move|p2a: Seismitoad|Weather Ball|p1a: GONN
|-resisted|p1a: GONN
|-damage|p1a: GONN|35/100
|
|-weather|RainDance|[upkeep]
|upkeep
|turn|13
|
|t:|1653056670
|switch|p1a: LOWE|Slowking-Galar, M|100/100
|-damage|p1a: LOWE|88/100|[from] Stealth Rock
|move|p2a: Seismitoad|Weather Ball|p1a: LOWE
|-damage|p1a: LOWE|36/100
|
|-weather|RainDance|[upkeep]
|-heal|p1a: LOWE|42/100|[from] item: Black Sludge
|upkeep
|turn|14
|
|t:|1653056678
|switch|p1a: DORA|Landorus-Therian, M|19/100
|-damage|p1a: DORA|7/100|[from] Stealth Rock
|-ability|p1a: DORA|Intimidate|boost
|-unboost|p2a: Seismitoad|atk|1
|move|p2a: Seismitoad|Weather Ball|p1a: DORA
|-supereffective|p1a: DORA
|-damage|p1a: DORA|0 fnt
|faint|p1a: DORA
|
|-weather|RainDance|[upkeep]
|upkeep
|
|t:|1653056685
|switch|p1a: LOWE|Slowking-Galar, M|75/100
|-damage|p1a: LOWE|63/100|[from] Stealth Rock
|turn|15
|
|t:|1653056690
|move|p2a: Seismitoad|Weather Ball|p1a: LOWE
|-damage|p1a: LOWE|2/100
|move|p1a: LOWE|Future Sight|p2a: Seismitoad
|-start|p1a: LOWE|move: Future Sight
|
|-weather|RainDance|[upkeep]
|-heal|p1a: LOWE|8/100|[from] item: Black Sludge
|upkeep
|turn|16
|
|t:|1653056696
|switch|p1a: BINI|Tapu Fini|70/100
|-damage|p1a: BINI|58/100|[from] Stealth Rock
|-fieldstart|move: Misty Terrain|[from] ability: Misty Surge|[of] p1a: BINI
|move|p2a: Seismitoad|Weather Ball|p1a: BINI
|-resisted|p1a: BINI
|-damage|p1a: BINI|20/100
|
|-weather|RainDance|[upkeep]
|upkeep
|turn|17
|
|t:|1653056706
|move|p2a: Seismitoad|Weather Ball|p1a: BINI
|-resisted|p1a: BINI
|-damage|p1a: BINI|0 fnt
|faint|p1a: BINI
|
|-weather|none
|-end|p2a: Seismitoad|move: Future Sight
|-crit|p2a: Seismitoad
|-damage|p2a: Seismitoad|13/100
|upkeep
|
|t:|1653056714
|switch|p1a: IEL|Regieleki|100/100
|turn|18
|
|t:|1653056724
|switch|p2a: Pelipper|Pelipper, M|76/100
|-damage|p2a: Pelipper|51/100|[from] Stealth Rock
|-weather|RainDance|[from] ability: Drizzle|[of] p2a: Pelipper
|move|p1a: IEL|Rapid Spin|p2a: Pelipper
|-damage|p2a: Pelipper|43/100
|-boost|p1a: IEL|spe|1
|-sideend|p1: Alien4ce|Stealth Rock|[from] move: Rapid Spin|[of] p1a: IEL
|
|-weather|RainDance|[upkeep]
|upkeep
|turn|19
|
|t:|1653056733
|move|p1a: IEL|Electro Ball|p2a: Pelipper
|-supereffective|p2a: Pelipper
|-damage|p2a: Pelipper|0 fnt
|faint|p2a: Pelipper
|
|-weather|RainDance|[upkeep]
|upkeep
|
|t:|1653056738
|switch|p2a: Barraskewda|Barraskewda, M|100/100
|-damage|p2a: Barraskewda|88/100|[from] Stealth Rock
|turn|20
|c|☆2(H2O)|gg
|
|t:|1653056752
|move|p1a: IEL|Electro Ball|p2a: Barraskewda
|-supereffective|p2a: Barraskewda
|-damage|p2a: Barraskewda|0 fnt
|faint|p2a: Barraskewda
|
|-weather|RainDance|[upkeep]
|-fieldend|Misty Terrain
|upkeep
|c|☆2(H2O)|bruh
|c|☆2(H2O)|gg
|-message|2(H2O) forfeited.
|
|win|Alien4ce
|raw|Alien4ce's rating: 1469 &rarr; <strong>1494</strong><br />(+25 for winning)
|raw|2(H2O)'s rating: 1553 &rarr; <strong>1528</strong><br />(-25 for losing)
|l|☆2(H2O)
