|j|☆Foolish Players
|j|☆TeamCharm69
|t:|1617756688
|gametype|singles
|player|p1|Foolish Players|hiker-gen1rb|
|player|p2|TeamCharm69|swimmerf-gen3rs|
|teamsize|p1|6
|teamsize|p2|6
|gen|8
|tier|[Gen 8] OU
|rated|Tournament battle
|clearpoke
|poke|p1|Pelipper, M|
|poke|p1|Zapdos|
|poke|p1|Barraskewda, F|
|poke|p1|Ferrothorn, M|
|poke|p1|Urshifu-*, F|
|poke|p1|Melmetal|
|poke|p2|Clefable, F|
|poke|p2|Toxapex, F|
|poke|p2|Corviknight, F|
|poke|p2|Slowking-Galar, F|
|poke|p2|Kyurem|
|poke|p2|Kartana|
|rule|Sleep Clause Mod: Limit one foe put to sleep
|rule|Species Clause: Limit one of each Pokémon
|rule|OHKO Clause: OHKO moves are banned
|rule|Evasion Moves Clause: Evasion moves are banned
|rule|Endless Battle Clause: Forcing endless battles is banned
|rule|HP Percentage Mod: HP is shown in percentages
|rule|Dynamax Clause: You cannot dynamax
|teampreview
|j|*Lady Monita
|inactive|Battle timer is ON: inactive players will automatically lose when time's up. (requested by Foolish Players)
|inactive|Foolish Players has 120 seconds left.
|
|t:|1617756735
|start
|switch|p1a: Urshif̾u|Ferrothorn, M|100/100
|switch|p2a: Kyurem|Kyurem|100/100
|-ability|p2a: Kyurem|Pressure
|turn|1
|
|t:|1617756740
|move|p2a: Kyurem|Substitute|p2a: Kyurem
|-start|p2a: Kyurem|Substitute
|-damage|p2a: Kyurem|75/100
|move|p1a: Urshif̾u|Stealth Rock|p2a: Kyurem
|-sidestart|p2: TeamCharm69|move: Stealth Rock
|
|upkeep
|turn|2
|
|t:|1617756750
|switch|p1a: Barras̴kewda|Melmetal|100/100
|move|p2a: Kyurem|Freeze-Dry|p1a: Barras̴kewda
|-resisted|p1a: Barras̴kewda
|-damage|p1a: Barras̴kewda|83/100
|
|upkeep
|turn|3
|
|t:|1617756756
|switch|p2a: Corviknight|Corviknight, F|100/100
|-damage|p2a: Corviknight|88/100|[from] Stealth Rock
|-ability|p2a: Corviknight|Pressure
|move|p1a: Barras̴kewda|Double Iron Bash|p2a: Corviknight
|-resisted|p2a: Corviknight
|-damage|p2a: Corviknight|61/100
|-resisted|p2a: Corviknight
|-damage|p2a: Corviknight|32/100
|-hitcount|p2a: Corviknight|2
|
|-heal|p2a: Corviknight|38/100|[from] item: Leftovers
|upkeep
|turn|4
|
|t:|1617756771
|switch|p1a: Peli̷pper|Zapdos|100/100
|move|p2a: Corviknight|Roost|p2a: Corviknight
|-heal|p2a: Corviknight|88/100
|-singleturn|p2a: Corviknight|move: Roost
|
|-heal|p2a: Corviknight|95/100|[from] item: Leftovers
|upkeep
|turn|5
|
|t:|1617756775
|switch|p2a: Slowking|Slowking-Galar, F|100/100
|-damage|p2a: Slowking|88/100|[from] Stealth Rock
|move|p1a: Peli̷pper|Volt Switch|p2a: Slowking
|-damage|p2a: Slowking|71/100
|j| Mateoimi
|
|t:|1617756781
|switch|p1a: Barras̴kewda|Melmetal|83/100|[from]move: Volt Switch
|
|upkeep
|turn|6
|
|t:|1617756786
|switch|p2a: Toxapex|Toxapex, F|100/100
|-damage|p2a: Toxapex|88/100|[from] Stealth Rock
|move|p1a: Barras̴kewda|Thunder Punch|p2a: Toxapex
|-supereffective|p2a: Toxapex
|-damage|p2a: Toxapex|17/100
|-damage|p1a: Barras̴kewda|67/100|[from] item: Rocky Helmet|[of] p2a: Toxapex
|
|upkeep
|turn|7
|l| Mateoimi
|
|t:|1617756807
|switch|p2a: Clefable|Clefable, F|100/100
|-damage|p2a: Clefable|88/100|[from] Stealth Rock
|move|p1a: Barras̴kewda|Thunder Punch|p2a: Clefable
|-damage|p2a: Clefable|43/100
|
|-heal|p2a: Clefable|49/100|[from] item: Leftovers
|upkeep
|turn|8
|
|t:|1617756816
|switch|p1a: Ferrotho҉rn|Pelipper, M|100/100
|-weather|RainDance|[from] ability: Drizzle|[of] p1a: Ferrotho҉rn
|move|p2a: Clefable|Soft-Boiled|p2a: Clefable
|-heal|p2a: Clefable|99/100
|
|-weather|RainDance|[upkeep]
|-heal|p2a: Clefable|100/100|[from] item: Leftovers
|upkeep
|turn|9
|
|t:|1617756821
|move|p2a: Clefable|Moonblast|p1a: Ferrotho҉rn
|-damage|p1a: Ferrotho҉rn|56/100
|move|p1a: Ferrotho҉rn|U-turn|p2a: Clefable
|-resisted|p2a: Clefable
|-damage|p2a: Clefable|97/100
|
|t:|1617756824
|switch|p1a: Barras̴kewda|Melmetal|67/100|[from]move: U-turn
|
|-weather|RainDance|[upkeep]
|-heal|p2a: Clefable|100/100|[from] item: Leftovers
|upkeep
|turn|10
|j| 0_0 Tmm2
|
|t:|1617756829
|switch|p2a: Corviknight|Corviknight, F|95/100
|-damage|p2a: Corviknight|82/100|[from] Stealth Rock
|-ability|p2a: Corviknight|Pressure
|move|p1a: Barras̴kewda|Double Iron Bash|p2a: Corviknight
|-resisted|p2a: Corviknight
|-damage|p2a: Corviknight|55/100
|-resisted|p2a: Corviknight
|-damage|p2a: Corviknight|26/100
|-hitcount|p2a: Corviknight|2
|
|-weather|RainDance|[upkeep]
|-heal|p2a: Corviknight|33/100|[from] item: Leftovers
|upkeep
|turn|11
|j| Zoaw
|
|t:|1617756851
|switch|p1a: Peli̷pper|Zapdos|100/100
|move|p2a: Corviknight|Roost|p2a: Corviknight
|-heal|p2a: Corviknight|83/100
|-singleturn|p2a: Corviknight|move: Roost
|
|-weather|RainDance|[upkeep]
|-heal|p2a: Corviknight|89/100|[from] item: Leftovers
|upkeep
|turn|12
|j| Nout
|
|t:|1617756858
|switch|p2a: Slowking|Slowking-Galar, F|100/100
|-damage|p2a: Slowking|88/100|[from] Stealth Rock
|move|p1a: Peli̷pper|Volt Switch|p2a: Slowking
|-damage|p2a: Slowking|73/100
|
|t:|1617756865
|switch|p1a: Me̵lmetal|Barraskewda, F|100/100|[from]move: Volt Switch
|
|-weather|RainDance|[upkeep]
|upkeep
|turn|13
|
|t:|1617756881
|switch|p2a: Clefable|Clefable, F|100/100
|-damage|p2a: Clefable|88/100|[from] Stealth Rock
|move|p1a: Me̵lmetal|Liquidation|p2a: Clefable
|-damage|p2a: Clefable|2/100
|
|-weather|RainDance|[upkeep]
|-heal|p2a: Clefable|8/100|[from] item: Leftovers
|upkeep
|turn|14
|
|t:|1617756888
|move|p1a: Me̵lmetal|Liquidation|p2a: Clefable
|-damage|p2a: Clefable|0 fnt
|faint|p2a: Clefable
|
|-weather|RainDance|[upkeep]
|upkeep
|
|t:|1617756890
|switch|p2a: Toxapex|Toxapex, F|50/100
|-damage|p2a: Toxapex|38/100|[from] Stealth Rock
|turn|15
|
|t:|1617756912
|switch|p1a: Peli̷pper|Zapdos|100/100
|move|p2a: Toxapex|Recover|p2a: Toxapex
|-heal|p2a: Toxapex|88/100
|
|-weather|none
|upkeep
|turn|16
|
|t:|1617756917
|move|p1a: Peli̷pper|Volt Switch|p2a: Toxapex
|-supereffective|p2a: Toxapex
|-damage|p2a: Toxapex|36/100
|
|t:|1617756921
|switch|p1a: Ferrotho҉rn|Pelipper, M|56/100|[from]move: Volt Switch
|-weather|RainDance|[from] ability: Drizzle|[of] p1a: Ferrotho҉rn
|move|p2a: Toxapex|Recover|p2a: Toxapex
|-heal|p2a: Toxapex|86/100
|
|-weather|RainDance|[upkeep]
|upkeep
|turn|17
|
|t:|1617756928
|switch|p1a: Peli̷pper|Zapdos|100/100
|move|p2a: Toxapex|Knock Off|p1a: Peli̷pper
|-crit|p1a: Peli̷pper
|-damage|p1a: Peli̷pper|73/100
|-status|p2a: Toxapex|par|[from] ability: Static|[of] p1a: Peli̷pper
|-enditem|p1a: Peli̷pper|Heavy-Duty Boots|[from] move: Knock Off|[of] p2a: Toxapex
|
|-weather|RainDance|[upkeep]
|upkeep
|turn|18
|
|t:|1617756934
|switch|p2a: Slowking|Slowking-Galar, F|100/100
|-damage|p2a: Slowking|88/100|[from] Stealth Rock
|move|p1a: Peli̷pper|Volt Switch|p2a: Slowking
|-damage|p2a: Slowking|73/100
|
|t:|1617756949
|switch|p1a: Me̵lmetal|Barraskewda, F|100/100|[from]move: Volt Switch
|
|-weather|RainDance|[upkeep]
|upkeep
|turn|19
|
|t:|1617756952
|switch|p2a: Toxapex|Toxapex, F|100/100 par
|-damage|p2a: Toxapex|88/100 par|[from] Stealth Rock
|move|p1a: Me̵lmetal|Psychic Fangs|p2a: Toxapex
|-supereffective|p2a: Toxapex
|-damage|p2a: Toxapex|35/100 par
|-damage|p1a: Me̵lmetal|84/100|[from] item: Rocky Helmet|[of] p2a: Toxapex
|
|-weather|RainDance|[upkeep]
|upkeep
|turn|20
|
|t:|1617756958
|switch|p1a: Peli̷pper|Zapdos|73/100
|cant|p2a: Toxapex|par
|
|-weather|RainDance|[upkeep]
|upkeep
|turn|21
|
|t:|1617756962
|switch|p2a: Slowking|Slowking-Galar, F|100/100
|-damage|p2a: Slowking|88/100|[from] Stealth Rock
|move|p1a: Peli̷pper|Volt Switch|p2a: Slowking
|-damage|p2a: Slowking|72/100
|
|t:|1617756966
|switch|p1a: Me̵lmetal|Barraskewda, F|84/100|[from]move: Volt Switch
|
|-weather|RainDance|[upkeep]
|upkeep
|turn|22
|
|t:|1617756972
|switch|p2a: Toxapex|Toxapex, F|68/100 par
|-damage|p2a: Toxapex|56/100 par|[from] Stealth Rock
|move|p1a: Me̵lmetal|Liquidation|p2a: Toxapex
|-resisted|p2a: Toxapex
|-damage|p2a: Toxapex|22/100 par
|-damage|p1a: Me̵lmetal|68/100|[from] item: Rocky Helmet|[of] p2a: Toxapex
|
|-weather|RainDance|[upkeep]
|upkeep
|turn|23
|
|t:|1617756978
|move|p2a: Toxapex|Baneful Bunker|p2a: Toxapex
|-singleturn|p2a: Toxapex|move: Protect
|move|p1a: Me̵lmetal|Liquidation|p2a: Toxapex
|-activate|p2a: Toxapex|move: Protect
|-status|p1a: Me̵lmetal|psn
|
|-weather|none
|-damage|p1a: Me̵lmetal|56/100 psn|[from] psn
|upkeep
|turn|24
|
|t:|1617756982
|move|p1a: Me̵lmetal|Liquidation|p2a: Toxapex
|-resisted|p2a: Toxapex
|-damage|p2a: Toxapex|0 fnt
|-damage|p1a: Me̵lmetal|39/100 psn|[from] item: Rocky Helmet|[of] p2a: Toxapex
|faint|p2a: Toxapex
|
|-damage|p1a: Me̵lmetal|27/100 psn|[from] psn
|upkeep
|
|t:|1617756991
|switch|p2a: Kartana|Kartana|100/100
|-damage|p2a: Kartana|94/100|[from] Stealth Rock
|turn|25
|inactive|Foolish Players has 120 seconds left.
|
|t:|1617757031
|switch|p1a: Urshif̾u|Ferrothorn, M|100/100
|move|p2a: Kartana|Sacred Sword|p1a: Urshif̾u
|-supereffective|p1a: Urshif̾u
|-damage|p1a: Urshif̾u|16/100
|-damage|p2a: Kartana|82/100|[from] ability: Iron Barbs|[of] p1a: Urshif̾u
|
|-heal|p1a: Urshif̾u|22/100|[from] item: Leftovers
|upkeep
|turn|26
|
|t:|1617757035
|move|p2a: Kartana|Sacred Sword|p1a: Urshif̾u
|-supereffective|p1a: Urshif̾u
|-damage|p1a: Urshif̾u|0 fnt
|-damage|p2a: Kartana|70/100|[from] ability: Iron Barbs|[of] p1a: Urshif̾u
|faint|p1a: Urshif̾u
|-ability|p2a: Kartana|Beast Boost|boost
|-boost|p2a: Kartana|atk|1
|
|upkeep
|
|t:|1617757038
|switch|p1a: Peli̷pper|Zapdos|73/100
|turn|27
|
|t:|1617757058
|move|p2a: Kartana|Sacred Sword|p1a: Peli̷pper
|-resisted|p1a: Peli̷pper
|-damage|p1a: Peli̷pper|21/100
|-status|p2a: Kartana|par|[from] ability: Static|[of] p1a: Peli̷pper
|move|p1a: Peli̷pper|Hurricane|p2a: Kartana
|-damage|p2a: Kartana|0 fnt
|faint|p2a: Kartana
|
|upkeep
|
|t:|1617757066
|switch|p2a: Kyurem|Kyurem|75/100
|-ability|p2a: Kyurem|Pressure
|turn|28
|
|t:|1617757075
|move|p1a: Peli̷pper|Volt Switch|p2a: Kyurem
|-resisted|p2a: Kyurem
|-damage|p2a: Kyurem|61/100
|
|t:|1617757077
|switch|p1a: Barras̴kewda|Melmetal|67/100|[from]move: Volt Switch
|move|p2a: Kyurem|Roost|p2a: Kyurem
|-heal|p2a: Kyurem|100/100
|-singleturn|p2a: Kyurem|move: Roost
|
|upkeep
|turn|29
|
|t:|1617757082
|switch|p2a: Corviknight|Corviknight, F|89/100
|-damage|p2a: Corviknight|76/100|[from] Stealth Rock
|-ability|p2a: Corviknight|Pressure
|move|p1a: Barras̴kewda|Thunder Punch|p2a: Corviknight
|-supereffective|p2a: Corviknight
|-damage|p2a: Corviknight|0 fnt
|faint|p2a: Corviknight
|
|upkeep
|
|t:|1617757085
|switch|p2a: Kyurem|Kyurem|100/100
|-ability|p2a: Kyurem|Pressure
|turn|30
|
|t:|1617757089
|switch|p1a: Peli̷pper|Zapdos|21/100
|move|p2a: Kyurem|Substitute|p2a: Kyurem
|-start|p2a: Kyurem|Substitute
|-damage|p2a: Kyurem|75/100
|
|upkeep
|turn|31
|
|t:|1617757094
|move|p1a: Peli̷pper|Volt Switch|p2a: Kyurem
|-resisted|p2a: Kyurem
|-activate|p2a: Kyurem|move: Substitute|[damage]
|
|t:|1617757096
|switch|p1a: Ferrotho҉rn|Pelipper, M|56/100|[from]move: Volt Switch
|-weather|RainDance|[from] ability: Drizzle|[of] p1a: Ferrotho҉rn
|move|p2a: Kyurem|Freeze-Dry|p1a: Ferrotho҉rn
|-supereffective|p1a: Ferrotho҉rn
|-damage|p1a: Ferrotho҉rn|0 fnt
|faint|p1a: Ferrotho҉rn
|
|-weather|RainDance|[upkeep]
|upkeep
|
|t:|1617757098
|switch|p1a: Barras̴kewda|Melmetal|67/100
|turn|32
|
|t:|1617757115
|move|p2a: Kyurem|Freeze-Dry|p1a: Barras̴kewda
|-resisted|p1a: Barras̴kewda
|-damage|p1a: Barras̴kewda|49/100
|-status|p1a: Barras̴kewda|frz
|cant|p1a: Barras̴kewda|frz
|
|-weather|RainDance|[upkeep]
|upkeep
|turn|33
|
|t:|1617757123
|move|p2a: Kyurem|Freeze-Dry|p1a: Barras̴kewda
|-resisted|p1a: Barras̴kewda
|-damage|p1a: Barras̴kewda|34/100 frz
|cant|p1a: Barras̴kewda|frz
|
|-weather|RainDance|[upkeep]
|upkeep
|turn|34
|
|t:|1617757128
|move|p2a: Kyurem|Freeze-Dry|p1a: Barras̴kewda
|-resisted|p1a: Barras̴kewda
|-damage|p1a: Barras̴kewda|18/100 frz
|cant|p1a: Barras̴kewda|frz
|
|-weather|RainDance|[upkeep]
|upkeep
|turn|35
|
|t:|1617757132
|move|p2a: Kyurem|Freeze-Dry|p1a: Barras̴kewda
|-resisted|p1a: Barras̴kewda
|-damage|p1a: Barras̴kewda|2/100 frz
|cant|p1a: Barras̴kewda|frz
|
|-weather|RainDance|[upkeep]
|upkeep
|turn|36
|
|t:|1617757135
|move|p2a: Kyurem|Freeze-Dry|p1a: Barras̴kewda
|-resisted|p1a: Barras̴kewda
|-damage|p1a: Barras̴kewda|0 fnt
|faint|p1a: Barras̴kewda
|
|-weather|RainDance|[upkeep]
|upkeep
|
|t:|1617757138
|switch|p1a: Zapdo҉s|Urshifu-Rapid-Strike, F|100/100
|turn|37
|
|t:|1617757142
|move|p1a: Zapdo҉s|Surging Strikes|p2a: Kyurem
|-resisted|p2a: Kyurem
|-crit|p2a: Kyurem
|-end|p2a: Kyurem|Substitute
|-resisted|p2a: Kyurem
|-crit|p2a: Kyurem
|-damage|p2a: Kyurem|62/100
|-resisted|p2a: Kyurem
|-crit|p2a: Kyurem
|-damage|p2a: Kyurem|49/100
|-hitcount|p2a: Kyurem|3
|move|p2a: Kyurem|Freeze-Dry|p1a: Zapdo҉s
|-supereffective|p1a: Zapdo҉s
|-damage|p1a: Zapdo҉s|4/100
|
|-weather|RainDance|[upkeep]
|upkeep
|turn|38
|
|t:|1617757152
|move|p1a: Zapdo҉s|Close Combat|p2a: Kyurem
|-supereffective|p2a: Kyurem
|-damage|p2a: Kyurem|0 fnt
|-unboost|p1a: Zapdo҉s|def|1
|-unboost|p1a: Zapdo҉s|spd|1
|faint|p2a: Kyurem
|
|-weather|none
|upkeep
|
|t:|1617757156
|switch|p2a: Slowking|Slowking-Galar, F|100/100
|-damage|p2a: Slowking|88/100|[from] Stealth Rock
|turn|39
|c|☆Foolish Players|GG
|
|t:|1617757165
|move|p1a: Zapdo҉s|Surging Strikes|p2a: Slowking
|-crit|p2a: Slowking
|-damage|p2a: Slowking|66/100
|-crit|p2a: Slowking
|-damage|p2a: Slowking|46/100
|-crit|p2a: Slowking
|-damage|p2a: Slowking|27/100
|-hitcount|p2a: Slowking|3
|move|p2a: Slowking|Sludge Bomb|p1a: Zapdo҉s
|-damage|p1a: Zapdo҉s|0 fnt
|faint|p1a: Zapdo҉s
|
|upkeep
|
|t:|1617757168
|switch|p1a: Me̵lmetal|Barraskewda, F|27/100 psn
|turn|40
|-message|TeamCharm69 forfeited.
|
|win|Foolish Players
|n|☆Foolish Players|foolishplayers
|n|☆TeamCharm69|teamcharm69
|n|*Lady Monita|ladymonita
|n| 0_0 Tmm2|00tmm2
|n| Zoaw|zoaw
|n| Nout|nout
|l|☆TeamCharm69
|l|*Lady Monita
