|j|☆Commando 55
|j|☆lt74pf gray
|t:|1599065632
|player|p1|Commando 55|iris-gen5bw2|1796
|player|p2|lt74pf gray|youngster-gen1rb|1977
|teamsize|p1|6
|teamsize|p2|6
|gametype|singles
|gen|8
|tier|[Gen 8] OU
|rated|
|clearpoke
|poke|p1|Lucario, F|
|poke|p1|Gengar, M|
|poke|p1|Corviknight, F|
|poke|p1|Clefable, F|
|poke|p1|Urshifu-*, F|
|poke|p1|Gastrodon-East, F|
|poke|p2|Zarude|
|poke|p2|Clefable, M|
|poke|p2|Rotom-Heat|
|poke|p2|Ferrothorn, F|
|poke|p2|Tyranitar, M|
|poke|p2|Aegislash, F|
|rule|Sleep Clause Mod: Limit one foe put to sleep
|rule|Species Clause: Limit one of each Pokémon
|rule|OHKO Clause: OHKO moves are banned
|rule|Evasion Moves Clause: Evasion moves are banned
|rule|Endless Battle Clause: Forcing endless battles is banned
|rule|HP Percentage Mod: HP is shown in percentages
|rule|Dynamax Clause: You cannot dynamax
|teampreview
|j| egalvanc
|inactive|Battle timer is ON: inactive players will automatically lose when time's up. (requested by lt74pf gray)
|
|t:|1599065645
|start
|switch|p1a: Urshifu|Urshifu, F|100/100
|switch|p2a: Clefable|Clefable, M|100/100
|turn|1
|
|t:|1599065650
|switch|p1a: Clefable|Clefable, F|100/100
|move|p2a: Clefable|Moonblast|p1a: Clefable
|-damage|p1a: Clefable|72/100
|
|-heal|p1a: Clefable|78/100|[from] item: Leftovers
|upkeep
|turn|2
|
|t:|1599065657
|switch|p1a: Lucario|Lucario, F|100/100
|move|p2a: Clefable|Stealth Rock|p1a: Lucario
|-sidestart|p1: Commando 55|move: Stealth Rock
|
|upkeep
|turn|3
|
|t:|1599065662
|switch|p2a: Aegislash|Aegislash, F|100/100
|move|p1a: Lucario|Flash Cannon|p2a: Aegislash
|-resisted|p2a: Aegislash
|-damage|p2a: Aegislash|74/100
|-damage|p1a: Lucario|91/100|[from] item: Life Orb
|
|upkeep
|turn|4
|j| Tace
|
|t:|1599065668
|switch|p1a: Gastrodon|Gastrodon-East, F|100/100
|-damage|p1a: Gastrodon|94/100|[from] Stealth Rock
|-formechange|p2a: Aegislash|Aegislash-Blade||[from] ability: Stance Change
|move|p2a: Aegislash|Shadow Ball|p1a: Gastrodon
|-damage|p1a: Gastrodon|49/100
|
|-heal|p1a: Gastrodon|55/100|[from] item: Leftovers
|upkeep
|turn|5
|j| PokeDa
|j| lt74pf loren
|
|t:|1599065675
|switch|p2a: Ferrothorn|Ferrothorn, F|100/100
|move|p1a: Gastrodon|Recover|p1a: Gastrodon
|-heal|p1a: Gastrodon|100/100
|
|upkeep
|turn|6
|
|t:|1599065692
|switch|p1a: Corviknight|Corviknight, F, shiny|100/100
|-damage|p1a: Corviknight|88/100|[from] Stealth Rock
|-ability|p1a: Corviknight|Pressure
|move|p2a: Ferrothorn|Power Whip|p1a: Corviknight
|-resisted|p1a: Corviknight
|-damage|p1a: Corviknight|82/100
|
|-heal|p1a: Corviknight|89/100|[from] item: Leftovers
|upkeep
|turn|7
|l| PokeDa
|
|t:|1599065695
|switch|p2a: Rotom|Rotom-Heat|100/100
|move|p1a: Corviknight|Defog|p2a: Rotom
|-unboost|p2a: Rotom|evasion|1
|-sideend|p1: Commando 55|Stealth Rock|[from] move: Defog|[of] p1a: Corviknight
|
|-heal|p1a: Corviknight|95/100|[from] item: Leftovers
|upkeep
|turn|8
|
|t:|1599065699
|switch|p1a: Clefable|Clefable, F|78/100
|move|p2a: Rotom|Toxic|p1a: Clefable
|-status|p1a: Clefable|tox
|
|-heal|p1a: Clefable|84/100 tox|[from] item: Leftovers
|upkeep
|turn|9
|
|t:|1599065703
|move|p2a: Rotom|Volt Switch|p1a: Clefable
|-damage|p1a: Clefable|61/100 tox
|
|t:|1599065704
|switch|p2a: Clefable|Clefable, M|100/100|[from]move: Volt Switch
|move|p1a: Clefable|Teleport|p1a: Clefable
|
|t:|1599065709
|switch|p1a: Lucario|Lucario, F|91/100|[from]move: Teleport
|
|upkeep
|turn|10
|
|t:|1599065714
|switch|p2a: Aegislash|Aegislash, F|74/100
|move|p1a: Lucario|Flash Cannon|p2a: Aegislash
|-resisted|p2a: Aegislash
|-damage|p2a: Aegislash|49/100
|-damage|p1a: Lucario|81/100|[from] item: Life Orb
|
|upkeep
|turn|11
|
|t:|1599065720
|switch|p1a: Gastrodon|Gastrodon-East, F|100/100
|-formechange|p2a: Aegislash|Aegislash-Blade||[from] ability: Stance Change
|move|p2a: Aegislash|Shadow Ball|p1a: Gastrodon
|-damage|p1a: Gastrodon|52/100
|
|-heal|p1a: Gastrodon|58/100|[from] item: Leftovers
|upkeep
|turn|12
|
|t:|1599065729
|move|p2a: Aegislash|Shadow Ball|p1a: Gastrodon
|-damage|p1a: Gastrodon|6/100
|move|p1a: Gastrodon|Recover|p1a: Gastrodon
|-heal|p1a: Gastrodon|56/100
|
|-heal|p1a: Gastrodon|62/100|[from] item: Leftovers
|upkeep
|turn|13
|
|t:|1599065732
|switch|p2a: Ferrothorn|Ferrothorn, F|100/100
|move|p1a: Gastrodon|Recover|p1a: Gastrodon
|-heal|p1a: Gastrodon|100/100
|
|upkeep
|turn|14
|
|t:|1599065736
|switch|p1a: Clefable|Clefable, F|61/100 tox
|switch|p2a: Aegislash|Aegislash, F|49/100
|
|-heal|p1a: Clefable|67/100 tox|[from] item: Leftovers
|upkeep
|turn|15
|
|t:|1599065742
|move|p1a: Clefable|Protect|p1a: Clefable
|-singleturn|p1a: Clefable|Protect
|-formechange|p2a: Aegislash|Aegislash-Blade||[from] ability: Stance Change
|move|p2a: Aegislash|Shadow Ball|p1a: Clefable
|-activate|p1a: Clefable|move: Protect
|
|-heal|p1a: Clefable|73/100 tox|[from] item: Leftovers
|upkeep
|turn|16
|
|t:|1599065750
|switch|p1a: Gastrodon|Gastrodon-East, F|100/100
|move|p2a: Aegislash|Shadow Ball|p1a: Gastrodon
|-damage|p1a: Gastrodon|52/100
|
|-heal|p1a: Gastrodon|58/100|[from] item: Leftovers
|upkeep
|turn|17
|
|t:|1599065763
|move|p2a: Aegislash|Shadow Ball|p1a: Gastrodon
|-damage|p1a: Gastrodon|6/100
|-unboost|p1a: Gastrodon|spd|1
|move|p1a: Gastrodon|Recover|p1a: Gastrodon
|-heal|p1a: Gastrodon|56/100
|
|-heal|p1a: Gastrodon|62/100|[from] item: Leftovers
|upkeep
|turn|18
|
|t:|1599065767
|switch|p1a: Urshifu|Urshifu, F|100/100
|move|p2a: Aegislash|Shadow Ball|p1a: Urshifu
|-resisted|p1a: Urshifu
|-damage|p1a: Urshifu|42/100
|
|upkeep
|turn|19
|
|t:|1599065772
|switch|p1a: Lucario|Lucario, F|81/100
|switch|p2a: Clefable|Clefable, M|100/100
|
|upkeep
|turn|20
|
|t:|1599065778
|move|p1a: Lucario|Nasty Plot|p1a: Lucario
|-boost|p1a: Lucario|spa|2
|move|p2a: Clefable|Moonblast|p1a: Lucario
|-damage|p1a: Lucario|30/100
|
|upkeep
|turn|21
|
|t:|1599065786
|switch|p2a: Rotom|Rotom-Heat|100/100
|move|p1a: Lucario|Focus Blast|p2a: Rotom|[miss]
|-miss|p1a: Lucario|p2a: Rotom
|
|upkeep
|turn|22
|
|t:|1599065799
|switch|p2a: Aegislash|Aegislash, F|49/100
|switch|p1a: Clefable|Clefable, F|73/100 tox
|
|-heal|p1a: Clefable|79/100 tox|[from] item: Leftovers
|upkeep
|turn|23
|
|t:|1599065804
|move|p1a: Clefable|Protect|p1a: Clefable
|-singleturn|p1a: Clefable|Protect
|-formechange|p2a: Aegislash|Aegislash-Blade||[from] ability: Stance Change
|move|p2a: Aegislash|Shadow Ball|p1a: Clefable
|-activate|p1a: Clefable|move: Protect
|
|-heal|p1a: Clefable|85/100 tox|[from] item: Leftovers
|upkeep
|turn|24
|
|t:|1599065807
|move|p2a: Aegislash|Shadow Ball|p1a: Clefable
|-damage|p1a: Clefable|18/100 tox
|move|p1a: Clefable|Wish|p1a: Clefable
|
|-heal|p1a: Clefable|24/100 tox|[from] item: Leftovers
|upkeep
|turn|25
|
|t:|1599065810
|switch|p1a: Gastrodon|Gastrodon-East, F|62/100
|move|p2a: Aegislash|Shadow Ball|p1a: Gastrodon
|-damage|p1a: Gastrodon|15/100
|-unboost|p1a: Gastrodon|spd|1
|
|-heal|p1a: Gastrodon|61/100|[from] move: Wish|[wisher] Clefable
|-heal|p1a: Gastrodon|67/100|[from] item: Leftovers
|upkeep
|turn|26
|
|t:|1599065827
|switch|p1a: Urshifu|Urshifu, F|42/100
|move|p2a: Aegislash|Shadow Ball|p1a: Urshifu
|-resisted|p1a: Urshifu
|-damage|p1a: Urshifu|0 fnt
|faint|p1a: Urshifu
|
|upkeep
|
|t:|1599065845
|switch|p1a: Lucario|Lucario, F|30/100
|turn|27
|
|t:|1599065853
|switch|p2a: Rotom|Rotom-Heat|100/100
|move|p1a: Lucario|Focus Blast|p2a: Rotom|[miss]
|-miss|p1a: Lucario|p2a: Rotom
|
|upkeep
|turn|28
|l| Tace
|
|t:|1599065863
|switch|p2a: Aegislash|Aegislash, F|49/100
|switch|p1a: Gastrodon|Gastrodon-East, F|67/100
|
|-heal|p1a: Gastrodon|73/100|[from] item: Leftovers
|upkeep
|turn|29
|
|t:|1599065870
|switch|p2a: Zarude|Zarude|100/100
|move|p1a: Gastrodon|Scald|p2a: Zarude
|-resisted|p2a: Zarude
|-damage|p2a: Zarude|88/100
|
|-heal|p2a: Zarude|94/100|[from] item: Leftovers
|-heal|p1a: Gastrodon|79/100|[from] item: Leftovers
|upkeep
|turn|30
|j| Wally trump
|
|t:|1599065874
|switch|p1a: Corviknight|Corviknight, F, shiny|95/100
|-ability|p1a: Corviknight|Pressure
|move|p2a: Zarude|Bulk Up|p2a: Zarude
|-boost|p2a: Zarude|atk|1
|-boost|p2a: Zarude|def|1
|
|-heal|p2a: Zarude|99/100|[from] item: Leftovers
|-heal|p1a: Corviknight|100/100|[from] item: Leftovers
|upkeep
|turn|31
|j| Giggix999
|
|t:|1599065878
|move|p2a: Zarude|Bulk Up|p2a: Zarude
|-boost|p2a: Zarude|atk|1
|-boost|p2a: Zarude|def|1
|move|p1a: Corviknight|U-turn|p2a: Zarude
|-supereffective|p2a: Zarude
|-damage|p2a: Zarude|71/100
|
|t:|1599065880
|switch|p1a: Gengar|Gengar, M, shiny|100/100|[from]move: U-turn
|
|-heal|p2a: Zarude|77/100|[from] item: Leftovers
|upkeep
|turn|32
|
|t:|1599065884
|switch|p2a: Tyranitar|Tyranitar, M|100/100
|-weather|Sandstorm|[from] ability: Sand Stream|[of] p2a: Tyranitar
|move|p1a: Gengar|Sludge Wave|p2a: Tyranitar
|-resisted|p2a: Tyranitar
|-damage|p2a: Tyranitar|86/100
|-damage|p1a: Gengar|91/100|[from] item: Life Orb
|
|-weather|Sandstorm|[upkeep]
|-damage|p1a: Gengar|84/100|[from] Sandstorm
|upkeep
|turn|33
|
|t:|1599065887
|switch|p1a: Corviknight|Corviknight, F, shiny|100/100
|-ability|p1a: Corviknight|Pressure
|move|p2a: Tyranitar|Earthquake|p1a: Corviknight
|-immune|p1a: Corviknight
|
|-weather|Sandstorm|[upkeep]
|upkeep
|turn|34
|
|t:|1599065891
|switch|p2a: Rotom|Rotom-Heat|100/100
|move|p1a: Corviknight|U-turn|p2a: Rotom
|-resisted|p2a: Rotom
|-damage|p2a: Rotom|93/100
|
|t:|1599065897
|switch|p1a: Clefable|Clefable, F|24/100 tox|[from]move: U-turn
|
|-weather|Sandstorm|[upkeep]
|-damage|p2a: Rotom|87/100|[from] Sandstorm
|-heal|p1a: Clefable|30/100 tox|[from] item: Leftovers
|upkeep
|turn|35
|
|t:|1599065901
|switch|p1a: Gastrodon|Gastrodon-East, F|79/100
|move|p2a: Rotom|Volt Switch|p1a: Gastrodon
|-immune|p1a: Gastrodon
|
|-weather|Sandstorm|[upkeep]
|-damage|p2a: Rotom|81/100|[from] Sandstorm
|-heal|p1a: Gastrodon|85/100|[from] item: Leftovers
|upkeep
|turn|36
|
|t:|1599065913
|switch|p1a: Clefable|Clefable, F|30/100 tox
|move|p2a: Rotom|Toxic|p1a: Clefable
|-fail|p1a: Clefable|tox
|
|-weather|none
|-heal|p1a: Clefable|36/100 tox|[from] item: Leftovers
|upkeep
|turn|37
|j| webbbbbbbbbb
|l| Giggix999
|
|t:|1599065929
|switch|p1a: Gengar|Gengar, M, shiny|84/100
|move|p2a: Rotom|Overheat|p1a: Gengar
|-damage|p1a: Gengar|12/100
|-unboost|p2a: Rotom|spa|2
|-start|p2a: Rotom|Disable|Overheat|[from] ability: Cursed Body|[of] p1a: Gengar
|
|upkeep
|turn|38
|
|t:|1599065937
|switch|p1a: Lucario|Lucario, F|30/100
|switch|p2a: Tyranitar|Tyranitar, M|86/100
|-weather|Sandstorm|[from] ability: Sand Stream|[of] p2a: Tyranitar
|
|-weather|Sandstorm|[upkeep]
|upkeep
|turn|39
|
|t:|1599065944
|switch|p2a: Aegislash|Aegislash, F|49/100
|move|p1a: Lucario|Nasty Plot|p1a: Lucario
|-boost|p1a: Lucario|spa|2
|
|-weather|Sandstorm|[upkeep]
|upkeep
|turn|40
|
|t:|1599065948
|-formechange|p2a: Aegislash|Aegislash-Blade||[from] ability: Stance Change
|move|p2a: Aegislash|Shadow Sneak|p1a: Lucario
|-damage|p1a: Lucario|0 fnt
|faint|p1a: Lucario
|
|-weather|Sandstorm|[upkeep]
|upkeep
|c|☆Commando 55|Damn
|c|☆Commando 55|those focus blast misses hurt
|c|☆lt74pf gray|yea
|c|☆Commando 55|gg
|c|☆lt74pf gray|gg
|-message|Commando 55 forfeited.
|
|win|lt74pf gray
|l|☆Commando 55
|l|☆lt74pf gray
||Ladder (probably) updated, but score could not be retrieved (Request timeout).
|j| LT74PF Ash
|l| LT74PF Ash
