|j|☆BTLT200$ mimilimi
|j|☆minimax_ai
|t:|1667939270
|gametype|singles
|player|p1|BTLT200$ mimilimi|preschooler|1476
|player|p2|minimax_ai|169|1517
|teamsize|p1|6
|teamsize|p2|6
|gen|8
|tier|[Gen 8] OU
|rated|
|rule|Sleep Clause Mod: Limit one foe put to sleep
|rule|Species Clause: Limit one of each Pokémon
|rule|OHKO Clause: OHKO moves are banned
|rule|Evasion Items Clause: Evasion items are banned
|rule|Evasion Moves Clause: Evasion moves are banned
|rule|Endless Battle Clause: Forcing endless battles is banned
|rule|HP Percentage Mod: HP is shown in percentages
|rule|Dynamax Clause: You cannot dynamax
|clearpoke
|poke|p1|Skarmory, F|
|poke|p1|Heatran, F|
|poke|p1|Zapdos|
|poke|p1|Urshifu-*, F|
|poke|p1|Tapu Lele|
|poke|p1|Gastrodon, F|
|poke|p2|Rotom-Wash|
|poke|p2|Weavile, M|
|poke|p2|Landorus-Therian, M|
|poke|p2|Heatran, M|
|poke|p2|Tangrowth, F|
|poke|p2|Melmetal|
|teampreview
|c|☆minimax_ai|hf
|inactive|Battle timer is ON: inactive players will automatically lose when time's up. (requested by minimax_ai)
|c|☆BTLT200$ mimilimi|Gl
|inactive|BTLT200$ mimilimi has 120 seconds left.
|
|t:|1667939310
|start
|switch|p1a: Heatran|Heatran, F|100/100
|switch|p2a: rotomwash|Rotom-Wash|100/100
|turn|1
|
|t:|1667939313
|move|p2a: rotomwash|Thunderbolt|p1a: Heatran
|-damage|p1a: Heatran|78/100
|-status|p1a: Heatran|par
|cant|p1a: Heatran|par
|
|-heal|p1a: Heatran|85/100 par|[from] item: Leftovers
|upkeep
|turn|2
|
|t:|1667939316
|move|p2a: rotomwash|Thunderbolt|p1a: Heatran
|-damage|p1a: Heatran|63/100 par
|move|p1a: Heatran|Stealth Rock|p2a: rotomwash
|-sidestart|p2: minimax_ai|move: Stealth Rock
|
|-heal|p1a: Heatran|70/100 par|[from] item: Leftovers
|upkeep
|turn|3
|
|t:|1667939318
|move|p2a: rotomwash|Nasty Plot|p2a: rotomwash
|-boost|p2a: rotomwash|spa|2
|move|p1a: Heatran|Toxic|p2a: rotomwash
|-status|p2a: rotomwash|tox
|
|-heal|p1a: Heatran|76/100 par|[from] item: Leftovers
|-damage|p2a: rotomwash|94/100 tox|[from] psn
|upkeep
|turn|4
|
|t:|1667939321
|switch|p1a: Gastrodon|Gastrodon, F|100/100
|move|p2a: rotomwash|Thunderbolt|p1a: Gastrodon
|-immune|p1a: Gastrodon
|
|-heal|p2a: rotomwash|100/100 tox|[from] item: Leftovers
|-damage|p2a: rotomwash|88/100 tox|[from] psn
|upkeep
|turn|5
|
|t:|1667939324
|move|p2a: rotomwash|Thunderbolt|p1a: Gastrodon
|-immune|p1a: Gastrodon
|move|p1a: Gastrodon|Clear Smog|p2a: rotomwash
|-damage|p2a: rotomwash|77/100 tox
|-clearboost|p2a: rotomwash
|
|-heal|p2a: rotomwash|83/100 tox|[from] item: Leftovers
|-damage|p2a: rotomwash|65/100 tox|[from] psn
|upkeep
|turn|6
|
|t:|1667939330
|switch|p1a: Heatran|Heatran, F|76/100 par
|move|p2a: rotomwash|Thunderbolt|p1a: Heatran
|-damage|p1a: Heatran|54/100 par
|
|-heal|p2a: rotomwash|71/100 tox|[from] item: Leftovers
|-heal|p1a: Heatran|60/100 par|[from] item: Leftovers
|-damage|p2a: rotomwash|46/100 tox|[from] psn
|upkeep
|turn|7
|
|t:|1667939337
|switch|p1a: Gastrodon|Gastrodon, F|100/100
|move|p2a: rotomwash|Hydro Pump|p1a: Gastrodon
|-ability|p1a: Gastrodon|Storm Drain|boost
|-boost|p1a: Gastrodon|spa|1
|
|-heal|p2a: rotomwash|52/100 tox|[from] item: Leftovers
|-damage|p2a: rotomwash|21/100 tox|[from] psn
|upkeep
|turn|8
|
|t:|1667939341
|move|p2a: rotomwash|Pain Split|p1a: Gastrodon
|-sethp|p1a: Gastrodon|58/100|[from] move: Pain Split|[silent]
|-sethp|p2a: rotomwash|81/100 tox|[from] move: Pain Split
|move|p1a: Gastrodon|Recover|p1a: Gastrodon
|-heal|p1a: Gastrodon|100/100
|
|-heal|p2a: rotomwash|87/100 tox|[from] item: Leftovers
|-damage|p2a: rotomwash|50/100 tox|[from] psn
|upkeep
|turn|9
|
|t:|1667939344
|move|p2a: rotomwash|Pain Split|p1a: Gastrodon
|-sethp|p1a: Gastrodon|68/100|[from] move: Pain Split|[silent]
|-sethp|p2a: rotomwash|95/100 tox|[from] move: Pain Split
|move|p1a: Gastrodon|Recover|p1a: Gastrodon
|-heal|p1a: Gastrodon|100/100
|
|-heal|p2a: rotomwash|100/100 tox|[from] item: Leftovers
|-damage|p2a: rotomwash|57/100 tox|[from] psn
|upkeep
|turn|10
|
|t:|1667939347
|move|p2a: rotomwash|Pain Split|p1a: Gastrodon
|-sethp|p1a: Gastrodon|70/100|[from] move: Pain Split|[silent]
|-sethp|p2a: rotomwash|99/100 tox|[from] move: Pain Split
|move|p1a: Gastrodon|Scald|p2a: rotomwash
|-resisted|p2a: rotomwash
|-damage|p2a: rotomwash|80/100 tox
|
|-heal|p2a: rotomwash|86/100 tox|[from] item: Leftovers
|-damage|p2a: rotomwash|36/100 tox|[from] psn
|upkeep
|turn|11
|
|t:|1667939350
|move|p2a: rotomwash|Pain Split|p1a: Gastrodon
|-sethp|p1a: Gastrodon|48/100|[from] move: Pain Split|[silent]
|-sethp|p2a: rotomwash|67/100 tox|[from] move: Pain Split
|move|p1a: Gastrodon|Recover|p1a: Gastrodon
|-heal|p1a: Gastrodon|98/100
|
|-heal|p2a: rotomwash|74/100 tox|[from] item: Leftovers
|-damage|p2a: rotomwash|17/100 tox|[from] psn
|upkeep
|turn|12
|
|t:|1667939354
|move|p2a: rotomwash|Pain Split|p1a: Gastrodon
|-sethp|p1a: Gastrodon|55/100|[from] move: Pain Split|[silent]
|-sethp|p2a: rotomwash|77/100 tox|[from] move: Pain Split
|move|p1a: Gastrodon|Recover|p1a: Gastrodon
|-heal|p1a: Gastrodon|100/100
|
|-heal|p2a: rotomwash|83/100 tox|[from] item: Leftovers
|-damage|p2a: rotomwash|21/100 tox|[from] psn
|upkeep
|turn|13
|
|t:|1667939358
|move|p2a: rotomwash|Pain Split|p1a: Gastrodon
|-sethp|p1a: Gastrodon|58/100|[from] move: Pain Split|[silent]
|-sethp|p2a: rotomwash|81/100 tox|[from] move: Pain Split
|move|p1a: Gastrodon|Recover|p1a: Gastrodon
|-heal|p1a: Gastrodon|100/100
|
|-heal|p2a: rotomwash|87/100 tox|[from] item: Leftovers
|-damage|p2a: rotomwash|18/100 tox|[from] psn
|upkeep
|turn|14
|
|t:|1667939362
|move|p2a: rotomwash|Pain Split|p1a: Gastrodon
|-sethp|p1a: Gastrodon|57/100|[from] move: Pain Split|[silent]
|-sethp|p2a: rotomwash|79/100 tox|[from] move: Pain Split
|move|p1a: Gastrodon|Recover|p1a: Gastrodon
|-heal|p1a: Gastrodon|100/100
|
|-heal|p2a: rotomwash|86/100 tox|[from] item: Leftovers
|-damage|p2a: rotomwash|11/100 tox|[from] psn
|upkeep
|turn|15
|
|t:|1667939364
|switch|p1a: Heatran|Heatran, F|60/100 par
|move|p2a: rotomwash|Thunderbolt|p1a: Heatran
|-damage|p1a: Heatran|37/100 par
|
|-heal|p2a: rotomwash|17/100 tox|[from] item: Leftovers
|-heal|p1a: Heatran|43/100 par|[from] item: Leftovers
|-damage|p2a: rotomwash|0 fnt|[from] psn
|faint|p2a: rotomwash
|upkeep
|
|t:|1667939365
|switch|p2a: landorustherian|Landorus-Therian, M|100/100
|-damage|p2a: landorustherian|88/100|[from] Stealth Rock
|-ability|p2a: landorustherian|Intimidate|boost
|-unboost|p1a: Heatran|atk|1
|turn|16
|
|t:|1667939369
|switch|p1a: Skarmory|Skarmory, F|100/100
|move|p2a: landorustherian|Defog|p1a: Skarmory
|-unboost|p1a: Skarmory|evasion|1
|-sideend|p2: minimax_ai|Stealth Rock|[from] move: Defog|[of] p2a: landorustherian
|
|-heal|p2a: landorustherian|94/100|[from] item: Leftovers
|upkeep
|turn|17
|inactive|BTLT200$ mimilimi has 120 seconds left.
|
|t:|1667939419
|switch|p2a: Tangrowth|Tangrowth, F|100/100
|move|p1a: Skarmory|Spikes|p2a: Tangrowth
|-sidestart|p2: minimax_ai|Spikes
|
|upkeep
|turn|18
|
|t:|1667939421
|move|p1a: Skarmory|Swords Dance|p1a: Skarmory
|-boost|p1a: Skarmory|atk|2
|move|p2a: Tangrowth|Sleep Powder|p1a: Skarmory
|-status|p1a: Skarmory|slp|[from] move: Sleep Powder
|
|upkeep
|turn|19
|
|t:|1667939425
|cant|p1a: Skarmory|slp
|move|p2a: Tangrowth|Focus Blast|p1a: Skarmory
|-damage|p1a: Skarmory|64/100 slp
|
|upkeep
|turn|20
|
|t:|1667939428
|cant|p1a: Skarmory|slp
|move|p2a: Tangrowth|Focus Blast|p1a: Skarmory
|-crit|p1a: Skarmory
|-damage|p1a: Skarmory|14/100 slp
|
|upkeep
|turn|21
|
|t:|1667939432
|switch|p1a: Zapdos|Zapdos|100/100
|move|p2a: Tangrowth|Focus Blast|p1a: Zapdos
|-resisted|p1a: Zapdos
|-damage|p1a: Zapdos|85/100
|
|upkeep
|turn|22
|
|t:|1667939434
|switch|p2a: landorustherian|Landorus-Therian, M|94/100
|-ability|p2a: landorustherian|Intimidate|boost
|-unboost|p1a: Zapdos|atk|1
|move|p1a: Zapdos|Heat Wave|p2a: landorustherian|[miss]
|-miss|p1a: Zapdos|p2a: landorustherian
|
|-heal|p2a: landorustherian|99/100|[from] item: Leftovers
|upkeep
|turn|23
|
|t:|1667939437
|switch|p1a: Skarmory|Skarmory, F|14/100 slp
|move|p2a: landorustherian|Defog|p1a: Skarmory
|-unboost|p1a: Skarmory|evasion|1
|-sideend|p2: minimax_ai|Spikes|[from] move: Defog|[of] p2a: landorustherian
|
|-heal|p2a: landorustherian|100/100|[from] item: Leftovers
|upkeep
|turn|24
|
|t:|1667939439
|cant|p1a: Skarmory|slp
|move|p2a: landorustherian|U-turn|p1a: Skarmory
|-resisted|p1a: Skarmory
|-damage|p1a: Skarmory|10/100 slp
|-damage|p2a: landorustherian|84/100|[from] item: Rocky Helmet|[of] p1a: Skarmory
|
|t:|1667939439
|switch|p2a: Heatran|Heatran, M|100/100|[from]move: U-turn
|-item|p2a: Heatran|Air Balloon
|
|upkeep
|turn|25
|
|t:|1667939450
|switch|p1a: Gastrodon|Gastrodon, F|100/100
|move|p2a: Heatran|Stealth Rock|p1a: Gastrodon
|-sidestart|p1: BTLT200$ mimilimi|move: Stealth Rock
|
|upkeep
|turn|26
|
|t:|1667939454
|switch|p2a: Tangrowth|Tangrowth, F|100/100
|move|p1a: Gastrodon|Scald|p2a: Tangrowth
|-resisted|p2a: Tangrowth
|-damage|p2a: Tangrowth|81/100
|
|upkeep
|turn|27
|
|t:|1667939457
|switch|p1a: Zapdos|Zapdos|85/100
|move|p2a: Tangrowth|Giga Drain|p1a: Zapdos
|-resisted|p1a: Zapdos
|-damage|p1a: Zapdos|72/100
|-heal|p2a: Tangrowth|88/100|[from] drain|[of] p1a: Zapdos
|
|upkeep
|turn|28
|
|t:|1667939459
|switch|p2a: Heatran|Heatran, M|100/100
|-item|p2a: Heatran|Air Balloon
|move|p1a: Zapdos|Defog|p2a: Heatran
|-unboost|p2a: Heatran|evasion|1
|-sideend|p1: BTLT200$ mimilimi|Stealth Rock|[from] move: Defog|[of] p1a: Zapdos
|
|upkeep
|turn|29
|
|t:|1667939461
|move|p2a: Heatran|Stealth Rock|p1a: Zapdos
|-sidestart|p1: BTLT200$ mimilimi|move: Stealth Rock
|move|p1a: Zapdos|Volt Switch|p2a: Heatran
|-damage|p2a: Heatran|69/100
|-enditem|p2a: Heatran|Air Balloon
|
|t:|1667939464
|switch|p1a: Urshifu|Urshifu-Rapid-Strike, F|100/100|[from]move: Volt Switch
|-damage|p1a: Urshifu|94/100|[from] Stealth Rock
|
|upkeep
|turn|30
|
|t:|1667939467
|switch|p2a: Tangrowth|Tangrowth, F|100/100
|move|p1a: Urshifu|U-turn|p2a: Tangrowth
|-supereffective|p2a: Tangrowth
|-damage|p2a: Tangrowth|74/100
|
|t:|1667939493
|switch|p1a: Zapdos|Zapdos|72/100|[from]move: U-turn
|
|upkeep
|turn|31
|
|t:|1667939494
|switch|p2a: Heatran|Heatran, M|69/100
|move|p1a: Zapdos|Defog|p2a: Heatran
|-unboost|p2a: Heatran|evasion|1
|-sideend|p1: BTLT200$ mimilimi|Stealth Rock|[from] move: Defog|[of] p1a: Zapdos
|
|upkeep
|turn|32
|
|t:|1667939498
|switch|p1a: Gastrodon|Gastrodon, F|100/100
|move|p2a: Heatran|Stealth Rock|p1a: Gastrodon
|-sidestart|p1: BTLT200$ mimilimi|move: Stealth Rock
|
|upkeep
|turn|33
|
|t:|1667939501
|switch|p2a: Tangrowth|Tangrowth, F|100/100
|move|p1a: Gastrodon|Scald|p2a: Tangrowth
|-resisted|p2a: Tangrowth
|-damage|p2a: Tangrowth|81/100
|-status|p2a: Tangrowth|brn
|
|-damage|p2a: Tangrowth|75/100 brn|[from] brn
|upkeep
|turn|34
|
|t:|1667939503
|switch|p1a: Zapdos|Zapdos|72/100
|move|p2a: Tangrowth|Giga Drain|p1a: Zapdos
|-resisted|p1a: Zapdos
|-damage|p1a: Zapdos|58/100
|-heal|p2a: Tangrowth|81/100 brn|[from] drain|[of] p1a: Zapdos
|
|-damage|p2a: Tangrowth|75/100 brn|[from] brn
|upkeep
|turn|35
|
|t:|1667939511
|switch|p2a: Weavile|Weavile, M|100/100
|-ability|p2a: Weavile|Pressure
|move|p1a: Zapdos|Defog|p2a: Weavile
|-unboost|p2a: Weavile|evasion|1
|-sideend|p1: BTLT200$ mimilimi|Stealth Rock|[from] move: Defog|[of] p1a: Zapdos
|
|upkeep
|turn|36
|
|t:|1667939525
|switch|p1a: Heatran|Heatran, F|43/100 par
|move|p2a: Weavile|Knock Off|p1a: Heatran
|-damage|p1a: Heatran|0 fnt
|-enditem|p1a: Heatran|Leftovers|[from] move: Knock Off|[of] p2a: Weavile
|faint|p1a: Heatran
|
|upkeep
|
|t:|1667939528
|switch|p1a: Urshifu|Urshifu-Rapid-Strike, F|94/100
|turn|37
|
|t:|1667939532
|switch|p2a: Tangrowth|Tangrowth, F|100/100 brn
|move|p1a: Urshifu|U-turn|p2a: Tangrowth
|-supereffective|p2a: Tangrowth
|-damage|p2a: Tangrowth|75/100 brn
|
|t:|1667939535
|switch|p1a: Tapu Lele|Tapu Lele|100/100|[from]move: U-turn
|-fieldstart|move: Psychic Terrain|[from] ability: Psychic Surge|[of] p1a: Tapu Lele
|
|-damage|p2a: Tangrowth|69/100 brn|[from] brn
|upkeep
|turn|38
|
|t:|1667939539
|switch|p2a: Melmetal|Melmetal|100/100
|move|p1a: Tapu Lele|Moonblast|p2a: Melmetal
|-resisted|p2a: Melmetal
|-damage|p2a: Melmetal|88/100
|
|upkeep
|turn|39
|
|t:|1667939543
|switch|p1a: Zapdos|Zapdos|58/100
|move|p2a: Melmetal|Ice Punch|p1a: Zapdos
|-supereffective|p1a: Zapdos
|-damage|p1a: Zapdos|7/100
|
|upkeep
|turn|40
|
|t:|1667939551
|move|p1a: Zapdos|Roost|p1a: Zapdos
|-heal|p1a: Zapdos|57/100
|-singleturn|p1a: Zapdos|move: Roost
|move|p2a: Melmetal|Ice Punch|p1a: Zapdos
|-damage|p1a: Zapdos|28/100
|
|upkeep
|turn|41
|
|t:|1667939555
|move|p1a: Zapdos|Roost|p1a: Zapdos
|-heal|p1a: Zapdos|78/100
|-singleturn|p1a: Zapdos|move: Roost
|move|p2a: Melmetal|Ice Punch|p1a: Zapdos
|-damage|p1a: Zapdos|50/100
|-status|p1a: Zapdos|frz
|
|-fieldend|move: Psychic Terrain
|upkeep
|turn|42
|
|t:|1667939559
|switch|p1a: Urshifu|Urshifu-Rapid-Strike, F|94/100
|move|p2a: Melmetal|Double Iron Bash|p1a: Urshifu
|-resisted|p1a: Urshifu
|-damage|p1a: Urshifu|75/100
|-resisted|p1a: Urshifu
|-damage|p1a: Urshifu|53/100
|-hitcount|p1a: Urshifu|2
|
|upkeep
|turn|43
|
|t:|1667939564
|move|p1a: Urshifu|U-turn|p2a: Melmetal
|-resisted|p2a: Melmetal
|-damage|p2a: Melmetal|81/100
|
|t:|1667939567
|switch|p1a: Gastrodon|Gastrodon, F|100/100|[from]move: U-turn
|move|p2a: Melmetal|Thunder Punch|p1a: Gastrodon
|-immune|p1a: Gastrodon
|
|upkeep
|turn|44
|
|t:|1667939571
|move|p2a: Melmetal|Double Iron Bash|p1a: Gastrodon
|-resisted|p1a: Gastrodon
|-damage|p1a: Gastrodon|79/100
|-resisted|p1a: Gastrodon
|-damage|p1a: Gastrodon|58/100
|-hitcount|p1a: Gastrodon|2
|cant|p1a: Gastrodon|flinch
|
|upkeep
|turn|45
|
|t:|1667939574
|move|p2a: Melmetal|Double Iron Bash|p1a: Gastrodon
|-resisted|p1a: Gastrodon
|-damage|p1a: Gastrodon|35/100
|-resisted|p1a: Gastrodon
|-damage|p1a: Gastrodon|14/100
|-hitcount|p1a: Gastrodon|2
|move|p1a: Gastrodon|Recover|p1a: Gastrodon
|-heal|p1a: Gastrodon|64/100
|
|upkeep
|turn|46
|
|t:|1667939577
|move|p2a: Melmetal|Double Iron Bash|p1a: Gastrodon
|-resisted|p1a: Gastrodon
|-damage|p1a: Gastrodon|43/100
|-resisted|p1a: Gastrodon
|-damage|p1a: Gastrodon|22/100
|-hitcount|p1a: Gastrodon|2
|cant|p1a: Gastrodon|flinch
|
|upkeep
|turn|47
|
|t:|1667939581
|move|p2a: Melmetal|Double Iron Bash|p1a: Gastrodon
|-resisted|p1a: Gastrodon
|-damage|p1a: Gastrodon|0 fnt
|faint|p1a: Gastrodon
|-hitcount|p1: Gastrodon|1
|
|upkeep
|-message|BTLT200$ mimilimi forfeited.
|
|win|minimax_ai
|raw|BTLT200$ mimilimi's rating: 1476 &rarr; <strong>1458</strong><br />(-18 for losing)
|raw|minimax_ai's rating: 1517 &rarr; <strong>1535</strong><br />(+18 for winning)
|c|☆minimax_ai|gg
|l|☆BTLT200$ mimilimi
