|j|‽dmt dreams
|j|☆Bogzzz
|inactive|Battle timer is ON: inactive players will automatically lose when time's up.
|t:|1665239469
|gametype|singles
|player|p1|dmt dreams|tuber-gen6|
|player|p2|Bogzzz|169|
|teamsize|p1|6
|teamsize|p2|6
|gen|8
|tier|[Gen 8] OU
|rated|Tournament battle
|rule|Sleep Clause Mod: Limit one foe put to sleep
|rule|Species Clause: Limit one of each Pokémon
|rule|OHKO Clause: OHKO moves are banned
|rule|Evasion Items Clause: Evasion items are banned
|rule|Evasion Moves Clause: Evasion moves are banned
|rule|Endless Battle Clause: Forcing endless battles is banned
|rule|HP Percentage Mod: HP is shown in percentages
|rule|Dynamax Clause: You cannot dynamax
|clearpoke
|poke|p1|Zapdos|
|poke|p1|Kartana|
|poke|p1|Pelipper, M|
|poke|p1|Barraskewda, M|
|poke|p1|Azumarill, M|
|poke|p1|Landorus-Therian, M|
|poke|p2|Dragapult, M|
|poke|p2|Kartana|
|poke|p2|Buzzwole|
|poke|p2|Landorus-Therian, M|
|poke|p2|Heatran, M|
|poke|p2|Gastrodon-East, F|
|teampreview
|inactive|dmt dreams also wants the timer to be on.
|inactive|dmt dreams has 120 seconds left.
|inactive|Bogzzz has 120 seconds left.
|j| ozf
|l| ozf
|inactive|dmt dreams has 90 seconds left.
|j| BaldManStrikes
|inactive|dmt dreams has 60 seconds left.
|c| BaldManStrikes|whats up with everybody runnin rain
|
|t:|1665239578
|start
|switch|p1a: Pelipper|Pelipper, M|100/100
|switch|p2a: Dragapult|Dragapult, M|100/100
|-weather|RainDance|[from] ability: Drizzle|[of] p1a: Pelipper
|turn|1
|
|t:|1665239598
|move|p2a: Dragapult|Draco Meteor|p1a: Pelipper
|-damage|p1a: Pelipper|17/100
|-unboost|p2a: Dragapult|spa|2
|move|p1a: Pelipper|U-turn|p2a: Dragapult
|-resisted|p2a: Dragapult
|-damage|p2a: Dragapult|94/100
|
|t:|1665239602
|switch|p1a: Azumarill|Azumarill, M|100/100|[from]move: U-turn
|
|-weather|RainDance|[upkeep]
|upkeep
|turn|2
|
|t:|1665239620
|switch|p2a: Landorus|Landorus-Therian, M|100/100
|-ability|p2a: Landorus|Intimidate|boost
|-unboost|p1a: Azumarill|atk|1
|move|p1a: Azumarill|Knock Off|p2a: Landorus
|-damage|p2a: Landorus|82/100
|-enditem|p2a: Landorus|Leftovers|[from] move: Knock Off|[of] p1a: Azumarill
|
|-weather|RainDance|[upkeep]
|upkeep
|turn|3
|
|t:|1665239626
|switch|p2a: Gastrodon|Gastrodon-East, F|100/100
|move|p1a: Azumarill|Liquidation|p2a: Gastrodon
|-ability|p2a: Gastrodon|Storm Drain|boost
|-boost|p2a: Gastrodon|spa|1
|
|-weather|RainDance|[upkeep]
|upkeep
|turn|4
|inactive|dmt dreams has 120 seconds left.
|
|t:|1665239653
|switch|p1a: Barraskewda|Barraskewda, M|100/100
|move|p2a: Gastrodon|Toxic|p1a: Barraskewda
|-status|p1a: Barraskewda|tox
|
|-weather|RainDance|[upkeep]
|-damage|p1a: Barraskewda|94/100 tox|[from] psn
|upkeep
|turn|5
|
|t:|1665239672
|move|p1a: Barraskewda|Close Combat|p2a: Gastrodon
|-damage|p2a: Gastrodon|27/100
|-unboost|p1a: Barraskewda|def|1
|-unboost|p1a: Barraskewda|spd|1
|move|p2a: Gastrodon|Recover|p2a: Gastrodon
|-heal|p2a: Gastrodon|77/100
|
|-weather|RainDance|[upkeep]
|-heal|p2a: Gastrodon|83/100|[from] item: Leftovers
|-damage|p1a: Barraskewda|82/100 tox|[from] psn
|upkeep
|turn|6
|c| BaldManStrikes|gp buzzwole ight here
|
|t:|1665239679
|switch|p1a: Landorus|Landorus-Therian, M|100/100
|-ability|p1a: Landorus|Intimidate|boost
|-unboost|p2a: Gastrodon|atk|1
|move|p2a: Gastrodon|Earth Power|p1a: Landorus
|-immune|p1a: Landorus
|
|-weather|RainDance|[upkeep]
|-heal|p2a: Gastrodon|89/100|[from] item: Leftovers
|upkeep
|turn|7
|l| BaldManStrikes
|inactive|Bogzzz has 120 seconds left.
|
|t:|1665239712
|move|p1a: Landorus|Stealth Rock|p2a: Gastrodon
|-sidestart|p2: Bogzzz|move: Stealth Rock
|move|p2a: Gastrodon|Scald|p1a: Landorus
|-supereffective|p1a: Landorus
|-damage|p1a: Landorus|0 fnt
|faint|p1a: Landorus
|
|-weather|RainDance|[upkeep]
|-heal|p2a: Gastrodon|95/100|[from] item: Leftovers
|upkeep
|
|t:|1665239716
|switch|p1a: Kartana|Kartana|100/100
|turn|8
|inactive|Bogzzz has 120 seconds left.
|
|t:|1665239728
|switch|p2a: Buzzwole|Buzzwole|100/100
|-damage|p2a: Buzzwole|88/100|[from] Stealth Rock
|move|p1a: Kartana|Leaf Blade|p2a: Buzzwole
|-resisted|p2a: Buzzwole
|-damage|p2a: Buzzwole|73/100
|
|-weather|none
|-heal|p2a: Buzzwole|79/100|[from] item: Leftovers
|upkeep
|turn|9
|inactive|Bogzzz has 120 seconds left.
|
|t:|1665239739
|move|p1a: Kartana|Leaf Blade|p2a: Buzzwole
|-resisted|p2a: Buzzwole
|-damage|p2a: Buzzwole|62/100
|move|p2a: Buzzwole|Ice Punch|p1a: Kartana
|-damage|p1a: Kartana|75/100
|
|-heal|p2a: Buzzwole|68/100|[from] item: Leftovers
|upkeep
|turn|10
|
|t:|1665239742
|switch|p1a: Zapdos|Zapdos|100/100
|move|p2a: Buzzwole|Roost|p2a: Buzzwole
|-heal|p2a: Buzzwole|100/100
|-singleturn|p2a: Buzzwole|move: Roost
|
|upkeep
|turn|11
|
|t:|1665239747
|switch|p2a: Heatran|Heatran, M|100/100
|-damage|p2a: Heatran|88/100|[from] Stealth Rock
|move|p1a: Zapdos|Hurricane|p2a: Heatran
|-resisted|p2a: Heatran
|-damage|p2a: Heatran|72/100
|-start|p2a: Heatran|confusion
|
|-heal|p2a: Heatran|78/100|[from] item: Leftovers
|upkeep
|turn|12
|inactive|Bogzzz has 120 seconds left.
|
|t:|1665239798
|move|p1a: Zapdos|Volt Switch|p2a: Heatran
|-damage|p2a: Heatran|54/100
|
|t:|1665239801
|switch|p1a: Pelipper|Pelipper, M|17/100|[from]move: Volt Switch
|-weather|RainDance|[from] ability: Drizzle|[of] p1a: Pelipper
|-activate|p2a: Heatran|confusion
|move|p2a: Heatran|Stealth Rock|p1a: Pelipper
|-sidestart|p1: dmt dreams|move: Stealth Rock
|
|-weather|RainDance|[upkeep]
|-heal|p2a: Heatran|60/100|[from] item: Leftovers
|upkeep
|turn|13
|
|t:|1665239806
|switch|p2a: Gastrodon|Gastrodon-East, F|95/100
|-damage|p2a: Gastrodon|89/100|[from] Stealth Rock
|move|p1a: Pelipper|Roost|p1a: Pelipper
|-heal|p1a: Pelipper|67/100
|-singleturn|p1a: Pelipper|move: Roost
|
|-weather|RainDance|[upkeep]
|-heal|p2a: Gastrodon|95/100|[from] item: Leftovers
|upkeep
|turn|14
|
|t:|1665239833
|move|p1a: Pelipper|Hurricane|p2a: Gastrodon
|-damage|p2a: Gastrodon|70/100
|-start|p2a: Gastrodon|confusion
|-activate|p2a: Gastrodon|confusion
|move|p2a: Gastrodon|Toxic|p1a: Pelipper
|-status|p1a: Pelipper|tox
|
|-weather|RainDance|[upkeep]
|-heal|p2a: Gastrodon|76/100|[from] item: Leftovers
|-damage|p1a: Pelipper|61/100 tox|[from] psn
|upkeep
|turn|15
|
|t:|1665239841
|move|p1a: Pelipper|U-turn|p2a: Gastrodon
|-crit|p2a: Gastrodon
|-damage|p2a: Gastrodon|61/100
|
|t:|1665239844
|switch|p1a: Kartana|Kartana|75/100|[from]move: U-turn
|-damage|p1a: Kartana|68/100|[from] Stealth Rock
|-activate|p2a: Gastrodon|confusion
|move|p2a: Gastrodon|Scald|p1a: Kartana
|-resisted|p1a: Kartana
|-damage|p1a: Kartana|9/100
|
|-weather|RainDance|[upkeep]
|-heal|p2a: Gastrodon|67/100|[from] item: Leftovers
|upkeep
|turn|16
|
|t:|1665239852
|switch|p2a: Buzzwole|Buzzwole|100/100
|-damage|p2a: Buzzwole|88/100|[from] Stealth Rock
|move|p1a: Kartana|Knock Off|p2a: Buzzwole
|-resisted|p2a: Buzzwole
|-damage|p2a: Buzzwole|77/100
|-enditem|p2a: Buzzwole|Leftovers|[from] move: Knock Off|[of] p1a: Kartana
|
|-weather|RainDance|[upkeep]
|upkeep
|turn|17
|inactive|Bogzzz has 120 seconds left.
|inactive|Bogzzz has 90 seconds left.
|
|t:|1665239897
|switch|p1a: Zapdos|Zapdos|100/100
|move|p2a: Buzzwole|Ice Punch|p1a: Zapdos
|-supereffective|p1a: Zapdos
|-damage|p1a: Zapdos|43/100
|-status|p2a: Buzzwole|par|[from] ability: Static|[of] p1a: Zapdos
|
|-weather|RainDance|[upkeep]
|upkeep
|turn|18
|
|t:|1665239902
|switch|p2a: Gastrodon|Gastrodon-East, F|67/100
|-damage|p2a: Gastrodon|61/100|[from] Stealth Rock
|move|p1a: Zapdos|Hurricane|p2a: Gastrodon
|-damage|p2a: Gastrodon|22/100
|
|-weather|RainDance|[upkeep]
|-heal|p2a: Gastrodon|28/100|[from] item: Leftovers
|upkeep
|turn|19
|
|t:|1665239914
|move|p1a: Zapdos|Hurricane|p2a: Gastrodon
|-damage|p2a: Gastrodon|0 fnt
|faint|p2a: Gastrodon
|
|-weather|none
|upkeep
|
|t:|1665239917
|switch|p2a: Dragapult|Dragapult, M|94/100
|-damage|p2a: Dragapult|82/100|[from] Stealth Rock
|turn|20
|
|t:|1665239940
|switch|p1a: Pelipper|Pelipper, M|61/100 tox
|-damage|p1a: Pelipper|36/100 tox|[from] Stealth Rock
|-weather|RainDance|[from] ability: Drizzle|[of] p1a: Pelipper
|move|p2a: Dragapult|Shadow Ball|p1a: Pelipper
|-damage|p1a: Pelipper|0 fnt
|faint|p1a: Pelipper
|
|-weather|RainDance|[upkeep]
|upkeep
|
|t:|1665239943
|switch|p1a: Barraskewda|Barraskewda, M|82/100 tox
|-damage|p1a: Barraskewda|70/100 tox|[from] Stealth Rock
|turn|21
|inactive|Bogzzz has 120 seconds left.
|j| lando is my bf
|inactive|Bogzzz has 90 seconds left.
|
|t:|1665239994
|move|p1a: Barraskewda|Flip Turn|p2a: Dragapult
|-resisted|p2a: Dragapult
|-damage|p2a: Dragapult|32/100
|
|t:|1665239997
|switch|p1a: Kartana|Kartana|9/100|[from]move: Flip Turn
|-damage|p1a: Kartana|3/100|[from] Stealth Rock
|move|p2a: Dragapult|Shadow Ball|p1a: Kartana
|-damage|p1a: Kartana|0 fnt
|faint|p1a: Kartana
|
|-weather|RainDance|[upkeep]
|upkeep
|
|t:|1665239999
|switch|p1a: Barraskewda|Barraskewda, M|70/100 tox
|-damage|p1a: Barraskewda|58/100 tox|[from] Stealth Rock
|turn|22
|inactive|Bogzzz has 90 seconds left.
|
|t:|1665240008
|switch|p2a: Buzzwole|Buzzwole|77/100 par
|-damage|p2a: Buzzwole|64/100 par|[from] Stealth Rock
|move|p1a: Barraskewda|Liquidation|p2a: Buzzwole
|-damage|p2a: Buzzwole|16/100 par
|-unboost|p2a: Buzzwole|def|1
|
|-weather|RainDance|[upkeep]
|-damage|p1a: Barraskewda|52/100 tox|[from] psn
|upkeep
|turn|23
|inactive|Bogzzz has 90 seconds left.
|
|t:|1665240019
|move|p1a: Barraskewda|Liquidation|p2a: Buzzwole
|-damage|p2a: Buzzwole|0 fnt
|faint|p2a: Buzzwole
|
|-weather|RainDance|[upkeep]
|-damage|p1a: Barraskewda|40/100 tox|[from] psn
|upkeep
|inactive|Bogzzz has 90 seconds left.
|
|t:|1665240025
|switch|p2a: Kartana|Kartana|100/100
|-damage|p2a: Kartana|94/100|[from] Stealth Rock
|turn|24
|
|t:|1665240027
|move|p1a: Barraskewda|Liquidation|p2a: Kartana
|-resisted|p2a: Kartana
|-damage|p2a: Kartana|39/100
|move|p2a: Kartana|Leaf Blade|p1a: Barraskewda
|-supereffective|p1a: Barraskewda
|-damage|p1a: Barraskewda|0 fnt
|faint|p1a: Barraskewda
|-ability|p2a: Kartana|Beast Boost|boost
|-boost|p2a: Kartana|atk|1
|
|-weather|RainDance|[upkeep]
|upkeep
|
|t:|1665240031
|switch|p1a: Zapdos|Zapdos|43/100
|turn|25
|
|t:|1665240049
|switch|p2a: Heatran|Heatran, M|60/100
|-damage|p2a: Heatran|48/100|[from] Stealth Rock
|move|p1a: Zapdos|Volt Switch|p2a: Heatran
|-damage|p2a: Heatran|27/100
|
|t:|1665240051
|switch|p1a: Azumarill|Azumarill, M|100/100|[from]move: Volt Switch
|-damage|p1a: Azumarill|88/100|[from] Stealth Rock
|
|-weather|RainDance|[upkeep]
|-heal|p2a: Heatran|33/100|[from] item: Leftovers
|upkeep
|turn|26
|
|t:|1665240054
|move|p2a: Heatran|Magma Storm|p1a: Azumarill
|-resisted|p1a: Azumarill
|-damage|p1a: Azumarill|77/100
|-activate|p1a: Azumarill|move: Magma Storm|[of] p2a: Heatran
|move|p1a: Azumarill|Belly Drum|p1a: Azumarill
|-damage|p1a: Azumarill|27/100
|-setboost|p1a: Azumarill|atk|6|[from] move: Belly Drum
|-enditem|p1a: Azumarill|Sitrus Berry|[eat]
|-heal|p1a: Azumarill|52/100|[from] item: Sitrus Berry
|
|-weather|RainDance|[upkeep]
|-heal|p2a: Heatran|39/100|[from] item: Leftovers
|-damage|p1a: Azumarill|39/100|[from] move: Magma Storm|[partiallytrapped]
|upkeep
|turn|27
|inactive|Bogzzz has 120 seconds left.
|
|t:|1665240070
|switch|p2a: Landorus|Landorus-Therian, M|82/100
|-damage|p2a: Landorus|69/100|[from] Stealth Rock
|-ability|p2a: Landorus|Intimidate|boost
|-unboost|p1a: Azumarill|atk|1
|move|p1a: Azumarill|Aqua Jet|p2a: Landorus
|-supereffective|p2a: Landorus
|-damage|p2a: Landorus|0 fnt
|faint|p2a: Landorus
|
|-weather|none
|-end|p1a: Azumarill|Magma Storm|[partiallytrapped]|[silent]
|upkeep
|
|t:|1665240077
|switch|p2a: Kartana|Kartana|39/100
|-damage|p2a: Kartana|33/100|[from] Stealth Rock
|turn|28
|
|t:|1665240079
|move|p1a: Azumarill|Aqua Jet|p2a: Kartana
|-resisted|p2a: Kartana
|-damage|p2a: Kartana|0 fnt
|faint|p2a: Kartana
|
|upkeep
|inactive|Bogzzz has 120 seconds left.
|
|t:|1665240090
|switch|p2a: Dragapult|Dragapult, M|32/100
|-damage|p2a: Dragapult|20/100|[from] Stealth Rock
|turn|29
|
|t:|1665240092
|move|p1a: Azumarill|Aqua Jet|p2a: Dragapult
|-resisted|p2a: Dragapult
|-damage|p2a: Dragapult|0 fnt
|faint|p2a: Dragapult
|
|upkeep
|
|t:|1665240094
|switch|p2a: Heatran|Heatran, M|39/100
|-damage|p2a: Heatran|27/100|[from] Stealth Rock
|turn|30
|
|t:|1665240096
|move|p1a: Azumarill|Aqua Jet|p2a: Heatran
|-supereffective|p2a: Heatran
|-crit|p2a: Heatran
|-damage|p2a: Heatran|0 fnt
|faint|p2a: Heatran
|
|win|dmt dreams
|n|‽dmt dreams|dmtdreams
|n|☆Bogzzz|bogzzz
|n| lando is my bf|landoismybf
