|j|☆Dat boii fam
|j|☆Stellar Flares
|t:|1667561509
|gametype|singles
|player|p1|Dat boii fam|li|1665
|player|p2|Stellar Flares|palmer|1902
|teamsize|p1|6
|teamsize|p2|6
|gen|8
|tier|[Gen 8] OU
|rated|
|rule|Sleep Clause Mod: Limit one foe put to sleep
|rule|Species Clause: Limit one of each Pokémon
|rule|OHKO Clause: OHKO moves are banned
|rule|Evasion Items Clause: Evasion items are banned
|rule|Evasion Moves Clause: Evasion moves are banned
|rule|Endless Battle Clause: Forcing endless battles is banned
|rule|HP Percentage Mod: HP is shown in percentages
|rule|Dynamax Clause: You cannot dynamax
|clearpoke
|poke|p1|Tyranitar, M|
|poke|p1|Slowking-Galar, F|
|poke|p1|Tapu Lele|
|poke|p1|Toxapex, M|
|poke|p1|Excadrill, F|
|poke|p1|Landorus-Therian, M|
|poke|p2|Corviknight, M|
|poke|p2|Tornadus-Therian, M|
|poke|p2|Audino, M|
|poke|p2|Shedinja|
|poke|p2|Clefable, F|
|poke|p2|Garchomp, M|
|teampreview
|inactive|Battle timer is ON: inactive players will automatically lose when time's up. (requested by Dat boii fam)
|
|t:|1667561523
|start
|switch|p1a: Tyranitar|Tyranitar, M|100/100
|switch|p2a: Tornadus|Tornadus-Therian, M|100/100
|-weather|Sandstorm|[from] ability: Sand Stream|[of] p1a: Tyranitar
|turn|1
|j| rhodechode
|
|t:|1667561532
|switch|p2a: Corviknight|Corviknight, M|100/100
|-ability|p2a: Corviknight|Pressure
|switch|p1a: Toxapex|Toxapex, M|100/100
|
|-weather|Sandstorm|[upkeep]
|-damage|p1a: Toxapex|94/100|[from] Sandstorm
|upkeep
|turn|2
|
|t:|1667561540
|move|p2a: Corviknight|U-turn|p1a: Toxapex
|-resisted|p1a: Toxapex
|-damage|p1a: Toxapex|90/100
|-damage|p2a: Corviknight|84/100|[from] item: Rocky Helmet|[of] p1a: Toxapex
|j| flying poly
|
|t:|1667561544
|switch|p2a: Audino|Audino, M|100/100|[from]move: U-turn
|move|p1a: Toxapex|Toxic Spikes|p2a: Audino
|-sidestart|p2: Stellar Flares|move: Toxic Spikes
|
|-weather|Sandstorm|[upkeep]
|-damage|p2a: Audino|94/100|[from] Sandstorm
|-damage|p1a: Toxapex|84/100|[from] Sandstorm
|upkeep
|turn|3
|l| rhodechode
|
|t:|1667561555
|switch|p1a: Landorus|Landorus-Therian, M|100/100
|-ability|p1a: Landorus|Intimidate|boost
|-unboost|p2a: Audino|atk|1
|move|p2a: Audino|Knock Off|p1a: Landorus
|-damage|p1a: Landorus|88/100
|-enditem|p1a: Landorus|Soft Sand|[from] move: Knock Off|[of] p2a: Audino
|
|-weather|Sandstorm|[upkeep]
|-damage|p2a: Audino|88/100|[from] Sandstorm
|upkeep
|turn|4
|
|t:|1667561564
|switch|p2a: Corviknight|Corviknight, M|84/100
|-ability|p2a: Corviknight|Pressure
|move|p1a: Landorus|Knock Off|p2a: Corviknight
|-damage|p2a: Corviknight|59/100
|-enditem|p2a: Corviknight|Leftovers|[from] move: Knock Off|[of] p1a: Landorus
|
|-weather|Sandstorm|[upkeep]
|upkeep
|turn|5
|j| Pigglesworth
|
|t:|1667561573
|move|p1a: Landorus|Swords Dance|p1a: Landorus
|-boost|p1a: Landorus|atk|2
|move|p2a: Corviknight|Defog|p1a: Landorus
|-unboost|p1a: Landorus|evasion|1
|-sideend|p2: Stellar Flares|Toxic Spikes|[from] move: Defog|[of] p2a: Corviknight
|
|-weather|none
|upkeep
|turn|6
|
|t:|1667561579
|move|p1a: Landorus|Stone Edge|p2a: Corviknight
|-damage|p2a: Corviknight|12/100
|move|p2a: Corviknight|Roost|p2a: Corviknight
|-heal|p2a: Corviknight|62/100
|-singleturn|p2a: Corviknight|move: Roost
|
|upkeep
|turn|7
|
|t:|1667561586
|switch|p1a: Slowking|Slowking-Galar, F|100/100
|move|p2a: Corviknight|Roost|p2a: Corviknight
|-heal|p2a: Corviknight|100/100
|-singleturn|p2a: Corviknight|move: Roost
|
|upkeep
|turn|8
|
|t:|1667561593
|move|p2a: Corviknight|U-turn|p1a: Slowking
|-damage|p1a: Slowking|85/100
|
|t:|1667561595
|switch|p2a: Garchomp|Garchomp, M|100/100|[from]move: U-turn
|move|p1a: Slowking|Future Sight|p2a: Garchomp
|-start|p1a: Slowking|move: Future Sight
|
|upkeep
|turn|9
|
|t:|1667561603
|switch|p1a: Tapu Lele|Tapu Lele|100/100
|-fieldstart|move: Psychic Terrain|[from] ability: Psychic Surge|[of] p1a: Tapu Lele
|move|p2a: Garchomp|Whirlpool|p1a: Tapu Lele
|-damage|p1a: Tapu Lele|93/100
|-activate|p1a: Tapu Lele|move: Whirlpool|[of] p2a: Garchomp
|
|-damage|p1a: Tapu Lele|81/100|[from] move: Whirlpool|[partiallytrapped]
|upkeep
|turn|10
|
|t:|1667561612
|switch|p2a: Shedinja|Shedinja|100/100
|move|p1a: Tapu Lele|Moonblast|p2a: Shedinja
|-immune|p2a: Shedinja|[from] ability: Wonder Guard
|
|-end|p2a: Shedinja|move: Future Sight
|-immune|p2a: Shedinja|[from] ability: Wonder Guard
|-end|p1a: Tapu Lele|Whirlpool|[partiallytrapped]|[silent]
|upkeep
|turn|11
|
|t:|1667561620
|switch|p1a: Tyranitar|Tyranitar, M|100/100
|-weather|Sandstorm|[from] ability: Sand Stream|[of] p1a: Tyranitar
|move|p2a: Shedinja|Will-O-Wisp|p1a: Tyranitar|[miss]
|-miss|p2a: Shedinja|p1a: Tyranitar
|
|-weather|Sandstorm|[upkeep]
|upkeep
|turn|12
|
|t:|1667561630
|switch|p2a: Corviknight|Corviknight, M|100/100
|-ability|p2a: Corviknight|Pressure
|move|p1a: Tyranitar|Fire Punch|p2a: Corviknight
|-supereffective|p2a: Corviknight
|-damage|p2a: Corviknight|50/100
|
|-weather|Sandstorm|[upkeep]
|upkeep
|turn|13
|
|t:|1667561637
|switch|p2a: Garchomp|Garchomp, M|100/100
|move|p1a: Tyranitar|Fire Punch|p2a: Garchomp
|-resisted|p2a: Garchomp
|-damage|p2a: Garchomp|80/100
|-damage|p1a: Tyranitar|88/100|[from] ability: Rough Skin|[of] p2a: Garchomp
|
|-weather|Sandstorm|[upkeep]
|-heal|p2a: Garchomp|86/100|[from] item: Leftovers
|-fieldend|move: Psychic Terrain
|upkeep
|turn|14
|
|t:|1667561649
|switch|p2a: Corviknight|Corviknight, M|50/100
|-ability|p2a: Corviknight|Pressure
|switch|p1a: Landorus|Landorus-Therian, M|88/100
|-ability|p1a: Landorus|Intimidate|boost
|-unboost|p2a: Corviknight|atk|1
|
|-weather|Sandstorm|[upkeep]
|upkeep
|turn|15
|
|t:|1667561658
|switch|p1a: Slowking|Slowking-Galar, F|100/100
|move|p2a: Corviknight|Roost|p2a: Corviknight
|-heal|p2a: Corviknight|99/100
|-singleturn|p2a: Corviknight|move: Roost
|
|-weather|none
|upkeep
|turn|16
|
|t:|1667561664
|move|p2a: Corviknight|U-turn|p1a: Slowking
|-damage|p1a: Slowking|90/100
|
|t:|1667561666
|switch|p2a: Garchomp|Garchomp, M|86/100|[from]move: U-turn
|move|p1a: Slowking|Flamethrower|p2a: Garchomp
|-resisted|p2a: Garchomp
|-damage|p2a: Garchomp|71/100
|-status|p2a: Garchomp|brn
|
|-heal|p2a: Garchomp|77/100 brn|[from] item: Leftovers
|-damage|p2a: Garchomp|71/100 brn|[from] brn
|upkeep
|turn|17
|
|t:|1667561676
|switch|p1a: Tapu Lele|Tapu Lele|81/100
|-fieldstart|move: Psychic Terrain|[from] ability: Psychic Surge|[of] p1a: Tapu Lele
|move|p2a: Garchomp|Earthquake|p1a: Tapu Lele
|-damage|p1a: Tapu Lele|36/100
|
|-heal|p2a: Garchomp|77/100 brn|[from] item: Leftovers
|-damage|p2a: Garchomp|71/100 brn|[from] brn
|upkeep
|turn|18
|
|t:|1667561686
|switch|p1a: Tyranitar|Tyranitar, M|88/100
|-weather|Sandstorm|[from] ability: Sand Stream|[of] p1a: Tyranitar
|switch|p2a: Shedinja|Shedinja|100/100
|
|-weather|Sandstorm|[upkeep]
|upkeep
|turn|19
|
|t:|1667561693
|move|p2a: Shedinja|Protect|p2a: Shedinja
|-singleturn|p2a: Shedinja|Protect
|move|p1a: Tyranitar|Fire Punch|p2a: Shedinja
|-activate|p2a: Shedinja|move: Protect
|
|-weather|Sandstorm|[upkeep]
|upkeep
|turn|20
|
|t:|1667561700
|switch|p1a: Toxapex|Toxapex, M|100/100
|switch|p2a: Garchomp|Garchomp, M|71/100 brn
|
|-weather|Sandstorm|[upkeep]
|-damage|p1a: Toxapex|94/100|[from] Sandstorm
|-heal|p2a: Garchomp|77/100 brn|[from] item: Leftovers
|-damage|p2a: Garchomp|71/100 brn|[from] brn
|upkeep
|turn|21
|
|t:|1667561709
|move|p2a: Garchomp|Whirlpool|p1a: Toxapex|[miss]
|-miss|p2a: Garchomp|p1a: Toxapex
|move|p1a: Toxapex|Toxic Spikes|p2a: Garchomp
|-sidestart|p2: Stellar Flares|move: Toxic Spikes
|
|-weather|Sandstorm|[upkeep]
|-damage|p1a: Toxapex|88/100|[from] Sandstorm
|-heal|p2a: Garchomp|77/100 brn|[from] item: Leftovers
|-damage|p2a: Garchomp|71/100 brn|[from] brn
|-fieldend|move: Psychic Terrain
|upkeep
|turn|22
|
|t:|1667561723
|move|p2a: Garchomp|Whirlpool|p1a: Toxapex
|-resisted|p1a: Toxapex
|-damage|p1a: Toxapex|86/100
|-activate|p1a: Toxapex|move: Whirlpool|[of] p2a: Garchomp
|move|p1a: Toxapex|Scald|p2a: Garchomp
|-damage|p2a: Garchomp|53/100 brn
|
|-weather|none
|-heal|p2a: Garchomp|59/100 brn|[from] item: Leftovers
|-damage|p2a: Garchomp|53/100 brn|[from] brn
|-damage|p1a: Toxapex|73/100|[from] move: Whirlpool|[partiallytrapped]
|upkeep
|turn|23
|
|t:|1667561733
|move|p2a: Garchomp|Earthquake|p1a: Toxapex
|-supereffective|p1a: Toxapex
|-damage|p1a: Toxapex|39/100
|move|p1a: Toxapex|Recover|p1a: Toxapex
|-heal|p1a: Toxapex|89/100
|
|-heal|p2a: Garchomp|59/100 brn|[from] item: Leftovers
|-damage|p2a: Garchomp|53/100 brn|[from] brn
|-damage|p1a: Toxapex|77/100|[from] move: Whirlpool|[partiallytrapped]
|upkeep
|turn|24
|
|t:|1667561742
|move|p2a: Garchomp|Rest|p2a: Garchomp
|-status|p2a: Garchomp|slp|[from] move: Rest
|-heal|p2a: Garchomp|100/100 slp|[silent]
|move|p1a: Toxapex|Scald|p2a: Garchomp
|-damage|p2a: Garchomp|81/100 slp
|
|-heal|p2a: Garchomp|87/100 slp|[from] item: Leftovers
|-damage|p1a: Toxapex|64/100|[from] move: Whirlpool|[partiallytrapped]
|upkeep
|turn|25
|
|t:|1667561751
|cant|p2a: Garchomp|slp
|move|p1a: Toxapex|Scald|p2a: Garchomp
|-damage|p2a: Garchomp|70/100 slp
|
|-heal|p2a: Garchomp|76/100 slp|[from] item: Leftovers
|-damage|p1a: Toxapex|52/100|[from] move: Whirlpool|[partiallytrapped]
|upkeep
|turn|26
|
|t:|1667561758
|cant|p2a: Garchomp|slp
|move|p1a: Toxapex|Recover|p1a: Toxapex
|-heal|p1a: Toxapex|100/100
|
|-heal|p2a: Garchomp|82/100 slp|[from] item: Leftovers
|-end|p1a: Toxapex|Whirlpool|[partiallytrapped]
|upkeep
|turn|27
|
|t:|1667561764
|switch|p1a: Landorus|Landorus-Therian, M|88/100
|-ability|p1a: Landorus|Intimidate|boost
|-unboost|p2a: Garchomp|atk|1
|-curestatus|p2a: Garchomp|slp|[msg]
|move|p2a: Garchomp|Whirlpool|p1a: Landorus
|-supereffective|p1a: Landorus
|-damage|p1a: Landorus|72/100
|-activate|p1a: Landorus|move: Whirlpool|[of] p2a: Garchomp
|
|-heal|p2a: Garchomp|88/100|[from] item: Leftovers
|-damage|p1a: Landorus|59/100|[from] move: Whirlpool|[partiallytrapped]
|upkeep
|turn|28
|
|t:|1667561776
|switch|p2a: Corviknight|Corviknight, M|99/100
|-ability|p2a: Corviknight|Pressure
|move|p1a: Landorus|Knock Off|p2a: Corviknight
|-damage|p2a: Corviknight|85/100
|
|-end|p1a: Landorus|Whirlpool|[partiallytrapped]|[silent]
|upkeep
|turn|29
|
|t:|1667561784
|switch|p1a: Slowking|Slowking-Galar, F|100/100
|move|p2a: Corviknight|Defog|p1a: Slowking
|-unboost|p1a: Slowking|evasion|1
|-sideend|p2: Stellar Flares|Toxic Spikes|[from] move: Defog|[of] p2a: Corviknight
|
|upkeep
|turn|30
|
|t:|1667561792
|move|p2a: Corviknight|U-turn|p1a: Slowking
|-damage|p1a: Slowking|86/100
|
|t:|1667561795
|switch|p2a: Garchomp|Garchomp, M|88/100|[from]move: U-turn
|move|p1a: Slowking|Future Sight|p2a: Garchomp
|-start|p1a: Slowking|move: Future Sight
|
|-heal|p2a: Garchomp|94/100|[from] item: Leftovers
|upkeep
|turn|31
|
|t:|1667561803
|switch|p1a: Landorus|Landorus-Therian, M|59/100
|-ability|p1a: Landorus|Intimidate|boost
|-unboost|p2a: Garchomp|atk|1
|move|p2a: Garchomp|Whirlpool|p1a: Landorus
|-supereffective|p1a: Landorus
|-damage|p1a: Landorus|44/100
|-activate|p1a: Landorus|move: Whirlpool|[of] p2a: Garchomp
|
|-heal|p2a: Garchomp|99/100|[from] item: Leftovers
|-damage|p1a: Landorus|32/100|[from] move: Whirlpool|[partiallytrapped]
|upkeep
|turn|32
|
|t:|1667561813
|switch|p2a: Corviknight|Corviknight, M|85/100
|-ability|p2a: Corviknight|Pressure
|move|p1a: Landorus|Earthquake|p2a: Corviknight
|-immune|p2a: Corviknight
|
|-end|p2a: Corviknight|move: Future Sight
|-resisted|p2a: Corviknight
|-damage|p2a: Corviknight|60/100
|-end|p1a: Landorus|Whirlpool|[partiallytrapped]|[silent]
|upkeep
|turn|33
|
|t:|1667561822
|switch|p1a: Tapu Lele|Tapu Lele|36/100
|-fieldstart|move: Psychic Terrain|[from] ability: Psychic Surge|[of] p1a: Tapu Lele
|move|p2a: Corviknight|Roost|p2a: Corviknight
|-heal|p2a: Corviknight|100/100
|-singleturn|p2a: Corviknight|move: Roost
|
|upkeep
|turn|34
|
|t:|1667561829
|switch|p2a: Shedinja|Shedinja|100/100
|move|p1a: Tapu Lele|Thunderbolt|p2a: Shedinja
|-immune|p2a: Shedinja|[from] ability: Wonder Guard
|
|upkeep
|turn|35
|
|t:|1667561835
|switch|p1a: Toxapex|Toxapex, M|100/100
|switch|p2a: Garchomp|Garchomp, M|99/100
|
|-heal|p2a: Garchomp|100/100|[from] item: Leftovers
|upkeep
|turn|36
|-message|Dat boii fam forfeited.
|
|win|Stellar Flares
|raw|Dat boii fam's rating: 1665 &rarr; <strong>1657</strong><br />(-8 for losing)
|raw|Stellar Flares's rating: 1902 &rarr; <strong>1910</strong><br />(+8 for winning)
|l|☆Dat boii fam
