|j|☆Shardul888
|j|☆jeandonis02
|t:|1654686181
|gametype|singles
|player|p1|Shardul888|palmer|1530
|player|p2|jeandonis02|lucas|1496
|teamsize|p1|6
|teamsize|p2|6
|gen|8
|tier|[Gen 8] OU
|rated|
|rule|Sleep Clause Mod: Limit one foe put to sleep
|rule|Species Clause: Limit one of each Pokémon
|rule|OHKO Clause: OHKO moves are banned
|rule|Evasion Moves Clause: Evasion moves are banned
|rule|Endless Battle Clause: Forcing endless battles is banned
|rule|HP Percentage Mod: HP is shown in percentages
|rule|Dynamax Clause: You cannot dynamax
|clearpoke
|poke|p1|Dragonite, M|
|poke|p1|Toxapex, F|
|poke|p1|Slowking-Galar, F|
|poke|p1|Mandibuzz, F|
|poke|p1|Blaziken, M|
|poke|p1|Porygon2|
|poke|p2|Zeraora|
|poke|p2|Toxapex, F|
|poke|p2|Garchomp, M|
|poke|p2|Rotom-Wash|
|poke|p2|Ferrothorn, M|
|poke|p2|Charizard, M|
|teampreview
|inactive|Battle timer is ON: inactive players will automatically lose when time's up. (requested by Shardul888)
|inactive|jeandonis02 has 120 seconds left.
|
|t:|1654686236
|start
|switch|p1a: GREEN|Slowking-Galar, F|100/100
|switch|p2a: Garchomp|Garchomp, M|100/100
|turn|1
|
|t:|1654686243
|move|p2a: Garchomp|Outrage|p1a: GREEN
|-damage|p1a: GREEN|9/100
|move|p1a: GREEN|Ice Beam|p2a: Garchomp
|-supereffective|p2a: Garchomp
|-damage|p2a: Garchomp|0 fnt
|faint|p2a: Garchomp
|
|upkeep
|
|t:|1654686253
|switch|p2a: Zeraora|Zeraora|100/100
|turn|2
|
|t:|1654686258
|switch|p1a: WHITE|Porygon2|100/100
|move|p2a: Zeraora|Knock Off|p1a: WHITE
|-damage|p1a: WHITE|79/100
|-enditem|p1a: WHITE|Eviolite|[from] move: Knock Off|[of] p2a: Zeraora
|
|upkeep
|turn|3
|
|t:|1654686265
|switch|p1a: BLACK|Toxapex, F|100/100
|move|p2a: Zeraora|Close Combat|p1a: BLACK
|-resisted|p1a: BLACK
|-damage|p1a: BLACK|87/100
|-unboost|p2a: Zeraora|def|1
|-unboost|p2a: Zeraora|spd|1
|
|-heal|p1a: BLACK|93/100|[from] item: Black Sludge
|upkeep
|turn|4
|
|t:|1654686276
|move|p1a: BLACK|Baneful Bunker|p1a: BLACK
|-singleturn|p1a: BLACK|move: Protect
|move|p2a: Zeraora|Knock Off|p1a: BLACK
|-activate|p1a: BLACK|move: Protect
|-status|p2a: Zeraora|psn
|
|-heal|p1a: BLACK|99/100|[from] item: Black Sludge
|-damage|p2a: Zeraora|88/100 psn|[from] psn
|upkeep
|turn|5
|
|t:|1654686286
|move|p2a: Zeraora|Knock Off|p1a: BLACK
|-damage|p1a: BLACK|81/100
|-enditem|p1a: BLACK|Black Sludge|[from] move: Knock Off|[of] p2a: Zeraora
|move|p1a: BLACK|Scald|p2a: Zeraora
|-damage|p2a: Zeraora|58/100 psn
|
|-damage|p2a: Zeraora|46/100 psn|[from] psn
|upkeep
|turn|6
|
|t:|1654686296
|switch|p2a: Ferrothorn|Ferrothorn, M|100/100
|switch|p1a: WHITE|Porygon2|79/100
|
|upkeep
|turn|7
|
|t:|1654686305
|move|p1a: WHITE|Ice Beam|p2a: Ferrothorn
|-damage|p2a: Ferrothorn|75/100
|move|p2a: Ferrothorn|Stealth Rock|p1a: WHITE
|-sidestart|p1: Shardul888|move: Stealth Rock
|
|upkeep
|turn|8
|
|t:|1654686310
|move|p1a: WHITE|Ice Beam|p2a: Ferrothorn
|-damage|p2a: Ferrothorn|52/100
|move|p2a: Ferrothorn|Leech Seed|p1a: WHITE
|-start|p1a: WHITE|move: Leech Seed
|
|-damage|p1a: WHITE|67/100|[from] Leech Seed|[of] p2a: Ferrothorn
|-heal|p2a: Ferrothorn|65/100|[silent]
|upkeep
|turn|9
|
|t:|1654686318
|switch|p1a: PINK|Mandibuzz, F|100/100
|switch|p2a: Rotom|Rotom-Wash|100/100
|
|upkeep
|turn|10
|
|t:|1654686325
|move|p2a: Rotom|Volt Switch|p1a: PINK
|-supereffective|p1a: PINK
|-damage|p1a: PINK|67/100
|
|t:|1654686328
|switch|p2a: Toxapex|Toxapex, F|100/100|[from]move: Volt Switch
|move|p1a: PINK|Defog|p2a: Toxapex
|-unboost|p2a: Toxapex|evasion|1
|-sideend|p1: Shardul888|Stealth Rock|[from] move: Defog|[of] p1a: PINK
|
|upkeep
|turn|11
|
|t:|1654686337
|switch|p1a: GREEN|Slowking-Galar, F|42/100
|switch|p2a: Charizard|Charizard, M|100/100
|
|upkeep
|turn|12
|
|t:|1654686344
|switch|p1a: PINK|Mandibuzz, F|67/100
|move|p2a: Charizard|Belly Drum|p2a: Charizard
|-damage|p2a: Charizard|50/100
|-setboost|p2a: Charizard|atk|6|[from] move: Belly Drum
|-enditem|p2a: Charizard|Sitrus Berry|[eat]
|-heal|p2a: Charizard|75/100|[from] item: Sitrus Berry
|
|upkeep
|turn|13
|
|t:|1654686354
|move|p2a: Charizard|Acrobatics|p1a: PINK
|-damage|p1a: PINK|0 fnt
|faint|p1a: PINK
|
|upkeep
|
|t:|1654686360
|switch|p1a: BLACK|Toxapex, F|100/100
|turn|14
|
|t:|1654686364
|move|p1a: BLACK|Baneful Bunker|p1a: BLACK
|-singleturn|p1a: BLACK|move: Protect
|move|p2a: Charizard|Acrobatics|p1a: BLACK
|-activate|p1a: BLACK|move: Protect
|-status|p2a: Charizard|psn
|
|-damage|p2a: Charizard|63/100 psn|[from] psn
|upkeep
|turn|15
|
|t:|1654686375
|move|p1a: BLACK|Baneful Bunker||[still]
|-fail|p1a: BLACK
|move|p2a: Charizard|Acrobatics|p1a: BLACK
|-damage|p1a: BLACK|8/100
|
|-damage|p2a: Charizard|50/100 psn|[from] psn
|upkeep
|turn|16
|
|t:|1654686384
|move|p1a: BLACK|Baneful Bunker|p1a: BLACK
|-singleturn|p1a: BLACK|move: Protect
|move|p2a: Charizard|Roost|p2a: Charizard
|-heal|p2a: Charizard|100/100 psn
|-singleturn|p2a: Charizard|move: Roost
|
|-damage|p2a: Charizard|88/100 psn|[from] psn
|upkeep
|turn|17
|
|t:|1654686394
|move|p1a: BLACK|Baneful Bunker||[still]
|-fail|p1a: BLACK
|move|p2a: Charizard|Flame Charge|p1a: BLACK
|-resisted|p1a: BLACK
|-damage|p1a: BLACK|0 fnt
|-boost|p2a: Charizard|spe|1
|faint|p1a: BLACK
|
|-damage|p2a: Charizard|76/100 psn|[from] psn
|upkeep
|
|t:|1654686412
|switch|p1a: BLUE|Blaziken, M, shiny|100/100
|turn|18
|
|t:|1654686415
|move|p1a: BLUE|Protect|p1a: BLUE
|-singleturn|p1a: BLUE|Protect
|move|p2a: Charizard|Acrobatics|p1a: BLUE
|-activate|p1a: BLUE|move: Protect
|
|-damage|p2a: Charizard|63/100 psn|[from] psn
|-ability|p1a: BLUE|Speed Boost|boost
|-boost|p1a: BLUE|spe|1
|upkeep
|turn|19
|
|t:|1654686430
|switch|p1a: RED|Dragonite, M|100/100
|move|p2a: Charizard|Acrobatics|p1a: RED
|-damage|p1a: RED|34/100
|
|-damage|p2a: Charizard|51/100 psn|[from] psn
|upkeep
|turn|20
|
|t:|1654686438
|switch|p2a: Ferrothorn|Ferrothorn, M|65/100
|move|p1a: RED|Extreme Speed|p2a: Ferrothorn
|-resisted|p2a: Ferrothorn
|-crit|p2a: Ferrothorn
|-damage|p2a: Ferrothorn|51/100
|-damage|p1a: RED|22/100|[from] ability: Iron Barbs|[of] p2a: Ferrothorn
|-damage|p1a: RED|5/100|[from] item: Rocky Helmet|[of] p2a: Ferrothorn
|
|upkeep
|turn|21
|
|t:|1654686448
|move|p1a: RED|Fire Punch|p2a: Ferrothorn
|-supereffective|p2a: Ferrothorn
|-damage|p2a: Ferrothorn|0 fnt
|-damage|p1a: RED|0 fnt|[from] ability: Iron Barbs|[of] p2a: Ferrothorn
|faint|p2a: Ferrothorn
|faint|p1a: RED
|
|upkeep
|
|t:|1654686456
|switch|p1a: GREEN|Slowking-Galar, F|76/100
|switch|p2a: Zeraora|Zeraora|46/100 psn
|turn|22
|
|t:|1654686461
|switch|p1a: WHITE|Porygon2|67/100
|move|p2a: Zeraora|Knock Off|p1a: WHITE
|-damage|p1a: WHITE|45/100
|
|-damage|p2a: Zeraora|33/100 psn|[from] psn
|upkeep
|turn|23
|
|t:|1654686469
|move|p2a: Zeraora|Close Combat|p1a: WHITE
|-supereffective|p1a: WHITE
|-damage|p1a: WHITE|0 fnt
|-unboost|p2a: Zeraora|def|1
|-unboost|p2a: Zeraora|spd|1
|faint|p1a: WHITE
|
|-damage|p2a: Zeraora|21/100 psn|[from] psn
|upkeep
|
|t:|1654686480
|switch|p1a: BLUE|Blaziken, M, shiny|100/100
|turn|24
|
|t:|1654686483
|switch|p2a: Toxapex|Toxapex, F|100/100
|move|p1a: BLUE|Protect||[still]
|-fail|p1a: BLUE
|
|-ability|p1a: BLUE|Speed Boost|boost
|-boost|p1a: BLUE|spe|1
|upkeep
|turn|25
|
|t:|1654686492
|switch|p1a: GREEN|Slowking-Galar, F|100/100
|move|p2a: Toxapex|Toxic|p1a: GREEN
|-immune|p1a: GREEN
|
|upkeep
|turn|26
|
|t:|1654686498
|move|p2a: Toxapex|Scald|p1a: GREEN
|-damage|p1a: GREEN|91/100
|move|p1a: GREEN|Psyshock|p2a: Toxapex
|-supereffective|p2a: Toxapex
|-damage|p2a: Toxapex|41/100
|
|-heal|p2a: Toxapex|48/100|[from] item: Black Sludge
|upkeep
|turn|27
|
|t:|1654686507
|move|p2a: Toxapex|Baneful Bunker|p2a: Toxapex
|-singleturn|p2a: Toxapex|move: Protect
|move|p1a: GREEN|Psyshock|p2a: Toxapex
|-activate|p2a: Toxapex|move: Protect
|
|-heal|p2a: Toxapex|54/100|[from] item: Black Sludge
|upkeep
|turn|28
|
|t:|1654686515
|switch|p2a: Rotom|Rotom-Wash|100/100
|move|p1a: GREEN|Psyshock|p2a: Rotom
|-damage|p2a: Rotom|67/100
|
|-heal|p2a: Rotom|73/100|[from] item: Leftovers
|upkeep
|turn|29
|
|t:|1654686524
|move|p2a: Rotom|Will-O-Wisp|p1a: GREEN
|-status|p1a: GREEN|brn
|move|p1a: GREEN|Sludge Bomb|p2a: Rotom
|-damage|p2a: Rotom|29/100
|
|-heal|p2a: Rotom|36/100|[from] item: Leftovers
|-damage|p1a: GREEN|85/100 brn|[from] brn
|upkeep
|turn|30
|
|t:|1654686533
|move|p2a: Rotom|Volt Switch|p1a: GREEN
|-damage|p1a: GREEN|71/100 brn
|
|t:|1654686536
|switch|p2a: Toxapex|Toxapex, F|87/100|[from]move: Volt Switch
|move|p1a: GREEN|Psyshock|p2a: Toxapex
|-supereffective|p2a: Toxapex
|-damage|p2a: Toxapex|20/100
|
|-heal|p2a: Toxapex|26/100|[from] item: Black Sludge
|-damage|p1a: GREEN|65/100 brn|[from] brn
|upkeep
|turn|31
|
|t:|1654686548
|switch|p2a: Rotom|Rotom-Wash|36/100
|move|p1a: GREEN|Psyshock|p2a: Rotom
|-damage|p2a: Rotom|2/100
|
|-heal|p2a: Rotom|8/100|[from] item: Leftovers
|-damage|p1a: GREEN|59/100 brn|[from] brn
|upkeep
|turn|32
|
|t:|1654686558
|move|p2a: Rotom|Hydro Pump|p1a: GREEN
|-damage|p1a: GREEN|38/100 brn
|move|p1a: GREEN|Psyshock|p2a: Rotom
|-damage|p2a: Rotom|0 fnt
|faint|p2a: Rotom
|
|-damage|p1a: GREEN|32/100 brn|[from] brn
|upkeep
|
|t:|1654686566
|switch|p2a: Charizard|Charizard, M|51/100 psn
|turn|33
|
|t:|1654686576
|switch|p1a: BLUE|Blaziken, M, shiny|100/100
|move|p2a: Charizard|Acrobatics|p1a: BLUE
|-supereffective|p1a: BLUE
|-damage|p1a: BLUE|0 fnt
|faint|p1a: BLUE
|
|-damage|p2a: Charizard|38/100 psn|[from] psn
|upkeep
|
|t:|1654686585
|switch|p1a: GREEN|Slowking-Galar, F|65/100 brn
|turn|34
|
|t:|1654686589
|move|p2a: Charizard|Acrobatics|p1a: GREEN
|-damage|p1a: GREEN|26/100 brn
|move|p1a: GREEN|Psyshock|p2a: Charizard
|-damage|p2a: Charizard|0 fnt
|faint|p2a: Charizard
|
|-damage|p1a: GREEN|20/100 brn|[from] brn
|upkeep
|
|t:|1654686594
|switch|p2a: Zeraora|Zeraora|21/100 psn
|turn|35
|
|t:|1654686601
|move|p2a: Zeraora|Knock Off|p1a: GREEN
|-supereffective|p1a: GREEN
|-damage|p1a: GREEN|0 fnt
|-enditem|p1a: GREEN|Assault Vest|[from] move: Knock Off|[of] p2a: Zeraora
|faint|p1a: GREEN
|
|win|jeandonis02
|raw|Shardul888's rating: 1530 &rarr; <strong>1508</strong><br />(-22 for losing)
|raw|jeandonis02's rating: 1496 &rarr; <strong>1518</strong><br />(+22 for winning)
|l|☆Shardul888
