|j|☆madness10
|j|☆dadarvin
|player|p1|madness10|170|1329
|player|p2|dadarvin|marley|1347
|teamsize|p1|6
|teamsize|p2|6
|gametype|singles
|gen|8
|tier|[Gen 8] OU
|rated|
|clearpoke
|poke|p1|Kingdra, M|
|poke|p1|Pelipper, M|
|poke|p1|Magnezone|
|poke|p1|Excadrill, M|
|poke|p1|Dragapult, M|
|poke|p1|Urshifu-*, M|
|poke|p2|Pelipper, F|
|poke|p2|Politoed, M|
|poke|p2|Kingdra, F|
|poke|p2|Barraskewda, M|
|poke|p2|Excadrill, F|
|poke|p2|Rotom-Mow|
|rule|Sleep Clause Mod: Limit one foe put to sleep
|rule|Species Clause: Limit one of each Pokémon
|rule|OHKO Clause: OHKO moves are banned
|rule|Evasion Moves Clause: Evasion moves are banned
|rule|Endless Battle Clause: Forcing endless battles is banned
|rule|HP Percentage Mod: HP is shown in percentages
|rule|Dynamax Clause: You cannot dynamax
|teampreview
|inactive|Battle timer is ON: inactive players will automatically lose when time's up. (requested by dadarvin)
|
|start
|switch|p1a: Magnezone|Magnezone|100/100
|switch|p2a: Excadrill|Excadrill, F|100/100
|-ability|p2a: Excadrill|Mold Breaker
|turn|1
|
|switch|p1a: Pelipper|Pelipper, M|100/100
|-weather|RainDance|[from] ability: Drizzle|[of] p1a: Pelipper
|move|p2a: Excadrill|Stealth Rock|p1a: Pelipper
|-sidestart|p1: madness10|move: Stealth Rock
|
|-weather|RainDance|[upkeep]
|upkeep
|turn|2
|
|switch|p2a: Politoed|Politoed, M|100/100
|move|p1a: Pelipper|U-turn|p2a: Politoed
|-damage|p2a: Politoed|92/100
|
|switch|p1a: Magnezone|Magnezone|100/100|[from]move: U-turn
|-damage|p1a: Magnezone|94/100|[from] Stealth Rock
|
|-weather|RainDance|[upkeep]
|-heal|p1a: Magnezone|100/100|[from] item: Leftovers
|upkeep
|turn|3
|
|move|p2a: Politoed|Earth Power|p1a: Magnezone
|-supereffective|p1a: Magnezone
|-damage|p1a: Magnezone|0 fnt
|faint|p1a: Magnezone
|
|-weather|RainDance|[upkeep]
|upkeep
|
|switch|p1a: Dragapult|Dragapult, M|100/100
|-damage|p1a: Dragapult|88/100|[from] Stealth Rock
|turn|4
|
|move|p1a: Dragapult|Shadow Ball|p2a: Politoed
|-damage|p2a: Politoed|44/100
|-unboost|p2a: Politoed|spd|1
|move|p2a: Politoed|Ice Beam|p1a: Dragapult
|-supereffective|p1a: Dragapult
|-damage|p1a: Dragapult|15/100
|
|-weather|RainDance|[upkeep]
|upkeep
|turn|5
|
|move|p1a: Dragapult|Shadow Ball|p2a: Politoed
|-damage|p2a: Politoed|0 fnt
|faint|p2a: Politoed
|
|-weather|RainDance|[upkeep]
|upkeep
|
|switch|p2a: Barraskewda|Barraskewda, M|100/100
|turn|6
|
|switch|p1a: Pelipper|Pelipper, M|100/100
|-damage|p1a: Pelipper|75/100|[from] Stealth Rock
|move|p2a: Barraskewda|Psychic Fangs|p1a: Pelipper
|-damage|p1a: Pelipper|42/100
|-damage|p2a: Barraskewda|91/100|[from] item: Life Orb
|
|-weather|RainDance|[upkeep]
|upkeep
|turn|7
|
|switch|p2a: Rotom|Rotom-Mow|100/100
|move|p1a: Pelipper|Roost|p1a: Pelipper
|-heal|p1a: Pelipper|92/100
|-singleturn|p1a: Pelipper|move: Roost
|
|-weather|RainDance|[upkeep]
|upkeep
|turn|8
|
|switch|p1a: Excadrill|Excadrill, M|100/100
|-damage|p1a: Excadrill|97/100|[from] Stealth Rock
|-ability|p1a: Excadrill|Mold Breaker
|move|p2a: Rotom|Leaf Storm|p1a: Excadrill
|-damage|p1a: Excadrill|23/100
|-unboost|p2a: Rotom|spa|2
|
|-weather|none
|upkeep
|turn|9
|
|switch|p2a: Pelipper|Pelipper, F|100/100
|-weather|RainDance|[from] ability: Drizzle|[of] p2a: Pelipper
|move|p1a: Excadrill|Rapid Spin|p2a: Pelipper
|-damage|p2a: Pelipper|83/100
|-boost|p1a: Excadrill|spe|1
|-sideend|p1: madness10|Stealth Rock|[from] move: Rapid Spin|[of] p1a: Excadrill
|
|-weather|RainDance|[upkeep]
|upkeep
|turn|10
|
|move|p1a: Excadrill|Rapid Spin|p2a: Pelipper
|-damage|p2a: Pelipper|65/100
|-boost|p1a: Excadrill|spe|1
|move|p2a: Pelipper|Scald|p1a: Excadrill
|-supereffective|p1a: Excadrill
|-damage|p1a: Excadrill|0 fnt
|faint|p1a: Excadrill
|
|-weather|RainDance|[upkeep]
|upkeep
|
|switch|p1a: Dragapult|Dragapult, M|15/100
|turn|11
|
|move|p1a: Dragapult|Thunder|p2a: Pelipper
|-supereffective|p2a: Pelipper
|-damage|p2a: Pelipper|0 fnt
|faint|p2a: Pelipper
|
|-weather|RainDance|[upkeep]
|upkeep
|
|switch|p2a: Barraskewda|Barraskewda, M|91/100
|turn|12
|
|switch|p1a: Pelipper|Pelipper, M|92/100
|move|p2a: Barraskewda|Liquidation|p1a: Pelipper
|-resisted|p1a: Pelipper
|-damage|p1a: Pelipper|55/100
|-damage|p2a: Barraskewda|81/100|[from] item: Life Orb
|
|-weather|RainDance|[upkeep]
|upkeep
|turn|13
|
|move|p2a: Barraskewda|Liquidation|p1a: Pelipper
|-resisted|p1a: Pelipper
|-damage|p1a: Pelipper|18/100
|-damage|p2a: Barraskewda|71/100|[from] item: Life Orb
|move|p1a: Pelipper|Roost|p1a: Pelipper
|-heal|p1a: Pelipper|68/100
|-singleturn|p1a: Pelipper|move: Roost
|
|-weather|RainDance|[upkeep]
|upkeep
|turn|14
|
|switch|p2a: Rotom|Rotom-Mow|100/100
|move|p1a: Pelipper|Hurricane|p2a: Rotom
|-damage|p2a: Rotom|49/100
|
|-weather|RainDance|[upkeep]
|upkeep
|turn|15
|
|switch|p1a: Kingdra|Kingdra, M|100/100
|move|p2a: Rotom|Thunder|p1a: Kingdra
|-damage|p1a: Kingdra|37/100
|-status|p1a: Kingdra|par
|
|-weather|RainDance|[upkeep]
|upkeep
|turn|16
|
|move|p2a: Rotom|Thunder|p1a: Kingdra
|-damage|p1a: Kingdra|0 fnt
|faint|p1a: Kingdra
|
|-weather|none
|upkeep
|
|switch|p1a: Urshifu|Urshifu, M|100/100
|turn|17
|
|move|p1a: Urshifu|Wicked Blow|p2a: Rotom
|-crit|p2a: Rotom
|-damage|p2a: Rotom|0 fnt
|faint|p2a: Rotom
|
|upkeep
|
|switch|p2a: Excadrill|Excadrill, F|100/100
|-ability|p2a: Excadrill|Mold Breaker
|turn|18
|
|move|p1a: Urshifu|Wicked Blow|p2a: Excadrill
|-crit|p2a: Excadrill
|-enditem|p2a: Excadrill|Focus Sash
|-damage|p2a: Excadrill|1/100
|move|p2a: Excadrill|Earthquake|p1a: Urshifu
|-damage|p1a: Urshifu|45/100
|
|upkeep
|turn|19
|
|move|p1a: Urshifu|Wicked Blow|p2a: Excadrill
|-crit|p2a: Excadrill
|-damage|p2a: Excadrill|0 fnt
|faint|p2a: Excadrill
|
|upkeep
|
|switch|p2a: Barraskewda|Barraskewda, M|71/100
|turn|20
|
|move|p2a: Barraskewda|Liquidation|p1a: Urshifu
|-damage|p1a: Urshifu|0 fnt
|-damage|p2a: Barraskewda|61/100|[from] item: Life Orb
|faint|p1a: Urshifu
|
|upkeep
|
|switch|p1a: Dragapult|Dragapult, M|15/100
|turn|21
|
|move|p2a: Barraskewda|Aqua Jet|p1a: Dragapult
|-resisted|p1a: Dragapult
|-damage|p1a: Dragapult|0 fnt
|-damage|p2a: Barraskewda|51/100|[from] item: Life Orb
|faint|p1a: Dragapult
|
|upkeep
|
|switch|p1a: Pelipper|Pelipper, M|68/100
|-weather|RainDance|[from] ability: Drizzle|[of] p1a: Pelipper
|turn|22
|
|move|p2a: Barraskewda|Liquidation|p1a: Pelipper
|-resisted|p1a: Pelipper
|-damage|p1a: Pelipper|33/100
|-damage|p2a: Barraskewda|41/100|[from] item: Life Orb
|move|p1a: Pelipper|Roost|p1a: Pelipper
|-heal|p1a: Pelipper|83/100
|-singleturn|p1a: Pelipper|move: Roost
|
|-weather|RainDance|[upkeep]
|upkeep
|turn|23
|
|move|p2a: Barraskewda|Liquidation|p1a: Pelipper
|-resisted|p1a: Pelipper
|-damage|p1a: Pelipper|46/100
|-damage|p2a: Barraskewda|31/100|[from] item: Life Orb
|move|p1a: Pelipper|Roost|p1a: Pelipper
|-heal|p1a: Pelipper|96/100
|-singleturn|p1a: Pelipper|move: Roost
|
|-weather|RainDance|[upkeep]
|upkeep
|turn|24
|
|switch|p2a: Kingdra|Kingdra, F|100/100
|move|p1a: Pelipper|Roost|p1a: Pelipper
|-heal|p1a: Pelipper|100/100
|-singleturn|p1a: Pelipper|move: Roost
|
|-weather|RainDance|[upkeep]
|upkeep
|turn|25
|
|move|p2a: Kingdra|Ice Beam|p1a: Pelipper
|-damage|p1a: Pelipper|44/100
|-status|p1a: Pelipper|frz
|-curestatus|p1a: Pelipper|frz|[msg]
|move|p1a: Pelipper|Roost|p1a: Pelipper
|-heal|p1a: Pelipper|94/100
|-singleturn|p1a: Pelipper|move: Roost
|
|-weather|RainDance|[upkeep]
|upkeep
|turn|26
|
|move|p2a: Kingdra|Ice Beam|p1a: Pelipper
|-damage|p1a: Pelipper|38/100
|move|p1a: Pelipper|Hurricane|p2a: Kingdra
|-damage|p2a: Kingdra|57/100
|
|-weather|RainDance|[upkeep]
|upkeep
|turn|27
|
|move|p2a: Kingdra|Ice Beam|p1a: Pelipper
|-damage|p1a: Pelipper|0 fnt
|faint|p1a: Pelipper
|
|win|dadarvin
|raw|madness10's rating: 1330 &rarr; <strong>1311</strong><br />(-19 for losing)
|raw|dadarvin's rating: 1347 &rarr; <strong>1366</strong><br />(+19 for winning)
|l|☆madness10
|l|☆dadarvin
|j|☆dadarvin
|player|p2|dadarvin|marley
