|j|☆Platinum Arceus
|j|☆Down$hift
|t:|1661287563
|gametype|singles
|player|p1|Platinum Arceus|pokemonbreeder|1567
|player|p2|Down$hift|teamrocket|1652
|teamsize|p1|6
|teamsize|p2|6
|gen|8
|tier|[Gen 8] OU
|rated|
|rule|Sleep Clause Mod: Limit one foe put to sleep
|rule|Species Clause: Limit one of each Pokémon
|rule|OHKO Clause: OHKO moves are banned
|rule|Evasion Items Clause: Evasion items are banned
|rule|Evasion Moves Clause: Evasion moves are banned
|rule|Endless Battle Clause: Forcing endless battles is banned
|rule|HP Percentage Mod: HP is shown in percentages
|rule|Dynamax Clause: You cannot dynamax
|clearpoke
|poke|p1|Celesteela|
|poke|p1|Dragapult, M|
|poke|p1|Zapdos|
|poke|p1|Tyranitar, M|
|poke|p1|Landorus-Therian, M|
|poke|p1|Clefable, F|
|poke|p2|Magnezone|
|poke|p2|Meltan|
|poke|p2|Clefable, F|
|poke|p2|Landorus-Therian, M|
|poke|p2|Slowbro, M|
|poke|p2|Blacephalon|
|teampreview
|c|☆Platinum Arceus|ummmmmm
|c|☆Down$hift|hf
|c|☆Platinum Arceus|i like the meltan
|c|☆Platinum Arceus|gl hf man
|c|☆Down$hift|dont mind him
|c|☆Down$hift|he just vibin
|c|☆Platinum Arceus|im scared
|
|t:|1661287595
|start
|switch|p1a: Clefable|Clefable, F|100/100
|switch|p2a: Pink Menace|Clefable, F|100/100
|turn|1
|
|t:|1661287601
|move|p2a: Pink Menace|Stealth Rock|p1a: Clefable
|-sidestart|p1: Platinum Arceus|move: Stealth Rock
|move|p1a: Clefable|Moonblast|p2a: Pink Menace
|-damage|p2a: Pink Menace|46/100
|
|upkeep
|turn|2
|
|t:|1661287615
|switch|p2a: $wagnezone|Magnezone|100/100
|move|p1a: Clefable|Moonblast|p2a: $wagnezone
|-resisted|p2a: $wagnezone
|-damage|p2a: $wagnezone|78/100
|
|-heal|p2a: $wagnezone|84/100|[from] item: Leftovers
|upkeep
|turn|3
|
|t:|1661287622
|switch|p1a: Tyranitar|Tyranitar, M|100/100
|-damage|p1a: Tyranitar|88/100|[from] Stealth Rock
|-weather|Sandstorm|[from] ability: Sand Stream|[of] p1a: Tyranitar
|switch|p2a: LandOUrus-T|Landorus-Therian, M|100/100
|-ability|p2a: LandOUrus-T|Intimidate|boost
|-unboost|p1a: Tyranitar|atk|1
|
|-weather|Sandstorm|[upkeep]
|-heal|p1a: Tyranitar|94/100|[from] item: Leftovers
|upkeep
|turn|4
|
|t:|1661287629
|switch|p1a: Celesteela|Celesteela|100/100
|-damage|p1a: Celesteela|88/100|[from] Stealth Rock
|move|p2a: LandOUrus-T|Toxic|p1a: Celesteela
|-immune|p1a: Celesteela
|
|-weather|Sandstorm|[upkeep]
|upkeep
|turn|5
|
|t:|1661287633
|move|p2a: LandOUrus-T|U-turn|p1a: Celesteela
|-resisted|p1a: Celesteela
|-crit|p1a: Celesteela
|-damage|p1a: Celesteela|81/100
|
|t:|1661287635
|switch|p2a: ur slow|Slowbro, M|100/100|[from]move: U-turn
|move|p1a: Celesteela|Heavy Slam|p2a: ur slow
|-resisted|p2a: ur slow
|-damage|p2a: ur slow|68/100
|
|-weather|Sandstorm|[upkeep]
|-damage|p2a: ur slow|62/100|[from] Sandstorm
|upkeep
|turn|6
|
|t:|1661287643
|switch|p1a: Clefable|Clefable, F|100/100
|move|p2a: ur slow|Teleport|p2a: ur slow
|
|t:|1661287652
|switch|p2a: THE WRLD REVOLVING|Blacephalon|100/100|[from]move: Teleport
|
|-weather|Sandstorm|[upkeep]
|-damage|p2a: THE WRLD REVOLVING|94/100|[from] Sandstorm
|upkeep
|turn|7
|
|t:|1661287658
|switch|p1a: Tyranitar|Tyranitar, M|94/100
|-damage|p1a: Tyranitar|82/100|[from] Stealth Rock
|move|p2a: THE WRLD REVOLVING|Overheat|p1a: Tyranitar
|-resisted|p1a: Tyranitar
|-damage|p1a: Tyranitar|66/100
|-unboost|p2a: THE WRLD REVOLVING|spa|2
|
|-weather|none
|-heal|p1a: Tyranitar|72/100|[from] item: Leftovers
|upkeep
|turn|8
|
|t:|1661287663
|switch|p2a: LandOUrus-T|Landorus-Therian, M|100/100
|-ability|p2a: LandOUrus-T|Intimidate|boost
|-unboost|p1a: Tyranitar|atk|1
|move|p1a: Tyranitar|Stealth Rock|p2a: LandOUrus-T
|-sidestart|p2: Down$hift|move: Stealth Rock
|
|-heal|p1a: Tyranitar|78/100|[from] item: Leftovers
|upkeep
|turn|9
|
|t:|1661287670
|switch|p1a: Celesteela|Celesteela|81/100
|-damage|p1a: Celesteela|69/100|[from] Stealth Rock
|move|p2a: LandOUrus-T|U-turn|p1a: Celesteela
|-resisted|p1a: Celesteela
|-damage|p1a: Celesteela|65/100
|
|t:|1661287673
|switch|p2a: ur slow|Slowbro, M|95/100|[from]move: U-turn
|
|upkeep
|turn|10
|
|t:|1661287683
|switch|p1a: Clefable|Clefable, F|100/100
|move|p2a: ur slow|Teleport|p2a: ur slow
|
|t:|1661287696
|switch|p2a: $wagnezone|Magnezone|84/100|[from]move: Teleport
|-damage|p2a: $wagnezone|78/100|[from] Stealth Rock
|
|-heal|p2a: $wagnezone|84/100|[from] item: Leftovers
|upkeep
|turn|11
|
|t:|1661287700
|switch|p2a: ur slow|Slowbro, M|100/100
|move|p1a: Clefable|Flamethrower|p2a: ur slow
|-resisted|p2a: ur slow
|-damage|p2a: ur slow|87/100
|-status|p2a: ur slow|brn
|
|-damage|p2a: ur slow|80/100 brn|[from] brn
|upkeep
|turn|12
|
|t:|1661287703
|move|p1a: Clefable|Moonblast|p2a: ur slow
|-damage|p2a: ur slow|41/100 brn
|move|p2a: ur slow|Teleport|p2a: ur slow
|
|t:|1661287717
|switch|p2a: THE WRLD REVOLVING|Blacephalon|94/100|[from]move: Teleport
|-damage|p2a: THE WRLD REVOLVING|70/100|[from] Stealth Rock
|
|upkeep
|turn|13
|
|t:|1661287723
|switch|p1a: Tyranitar|Tyranitar, M|78/100
|-damage|p1a: Tyranitar|66/100|[from] Stealth Rock
|-weather|Sandstorm|[from] ability: Sand Stream|[of] p1a: Tyranitar
|move|p2a: THE WRLD REVOLVING|Overheat|p1a: Tyranitar
|-resisted|p1a: Tyranitar
|-damage|p1a: Tyranitar|48/100
|-unboost|p2a: THE WRLD REVOLVING|spa|2
|
|-weather|Sandstorm|[upkeep]
|-damage|p2a: THE WRLD REVOLVING|64/100|[from] Sandstorm
|-heal|p1a: Tyranitar|55/100|[from] item: Leftovers
|upkeep
|turn|14
|
|t:|1661287726
|switch|p2a: LandOUrus-T|Landorus-Therian, M|100/100
|-damage|p2a: LandOUrus-T|88/100|[from] Stealth Rock
|-ability|p2a: LandOUrus-T|Intimidate|boost
|-unboost|p1a: Tyranitar|atk|1
|move|p1a: Tyranitar|Toxic|p2a: LandOUrus-T
|-status|p2a: LandOUrus-T|tox
|
|-weather|Sandstorm|[upkeep]
|-heal|p2a: LandOUrus-T|94/100 tox|[from] item: Leftovers
|-heal|p1a: Tyranitar|61/100|[from] item: Leftovers
|-damage|p2a: LandOUrus-T|88/100 tox|[from] psn
|upkeep
|turn|15
|
|t:|1661287731
|switch|p1a: Zapdos|Zapdos|100/100
|move|p2a: LandOUrus-T|U-turn|p1a: Zapdos
|-resisted|p1a: Zapdos
|-damage|p1a: Zapdos|93/100
|
|t:|1661287747
|switch|p2a: Pink Menace|Clefable, F|46/100|[from]move: U-turn
|
|-weather|Sandstorm|[upkeep]
|-damage|p1a: Zapdos|87/100|[from] Sandstorm
|upkeep
|turn|16
|inactive|Battle timer is ON: inactive players will automatically lose when time's up. (requested by Down$hift)
|
|t:|1661287772
|move|p1a: Zapdos|Volt Switch|p2a: Pink Menace
|-damage|p2a: Pink Menace|19/100
|
|t:|1661287779
|switch|p1a: Landorus|Landorus-Therian, M|100/100|[from]move: Volt Switch
|-damage|p1a: Landorus|88/100|[from] Stealth Rock
|-ability|p1a: Landorus|Intimidate|boost
|-unboost|p2a: Pink Menace|atk|1
|move|p2a: Pink Menace|Soft-Boiled|p2a: Pink Menace
|-heal|p2a: Pink Menace|69/100
|
|-weather|Sandstorm|[upkeep]
|upkeep
|turn|17
|
|t:|1661287786
|move|p1a: Landorus|Earthquake|p2a: Pink Menace
|-damage|p2a: Pink Menace|24/100
|move|p2a: Pink Menace|Soft-Boiled|p2a: Pink Menace
|-heal|p2a: Pink Menace|74/100
|
|-weather|none
|upkeep
|turn|18
|
|t:|1661287793
|switch|p1a: Celesteela|Celesteela|65/100
|-damage|p1a: Celesteela|52/100|[from] Stealth Rock
|move|p2a: Pink Menace|Soft-Boiled|p2a: Pink Menace
|-heal|p2a: Pink Menace|100/100
|
|upkeep
|turn|19
|
|t:|1661287799
|switch|p2a: ur slow|Slowbro, M|74/100 brn
|move|p1a: Celesteela|Heavy Slam|p2a: ur slow
|-resisted|p2a: ur slow
|-damage|p2a: ur slow|37/100 brn
|
|-damage|p2a: ur slow|30/100 brn|[from] brn
|upkeep
|turn|20
|
|t:|1661287809
|switch|p1a: Landorus|Landorus-Therian, M|88/100
|-damage|p1a: Landorus|76/100|[from] Stealth Rock
|-ability|p1a: Landorus|Intimidate|boost
|-unboost|p2a: ur slow|atk|1
|move|p2a: ur slow|Teleport|p2a: ur slow
|
|t:|1661287820
|switch|p2a: THE WRLD REVOLVING|Blacephalon|64/100|[from]move: Teleport
|-damage|p2a: THE WRLD REVOLVING|39/100|[from] Stealth Rock
|
|upkeep
|turn|21
|inactive|Platinum Arceus has 120 seconds left.
|
|t:|1661287855
|switch|p1a: Tyranitar|Tyranitar, M|61/100
|-damage|p1a: Tyranitar|48/100|[from] Stealth Rock
|-weather|Sandstorm|[from] ability: Sand Stream|[of] p1a: Tyranitar
|move|p2a: THE WRLD REVOLVING|Overheat|p1a: Tyranitar
|-resisted|p1a: Tyranitar
|-damage|p1a: Tyranitar|32/100
|-unboost|p2a: THE WRLD REVOLVING|spa|2
|
|-weather|Sandstorm|[upkeep]
|-damage|p2a: THE WRLD REVOLVING|33/100|[from] Sandstorm
|-heal|p1a: Tyranitar|38/100|[from] item: Leftovers
|upkeep
|turn|22
|inactive|Platinum Arceus has 120 seconds left.
|inactive|Down$hift has 120 seconds left.
|
|t:|1661287890
|switch|p2a: Pink Menace|Clefable, F|100/100
|switch|p1a: Dragapult|Dragapult, M|100/100
|-damage|p1a: Dragapult|88/100|[from] Stealth Rock
|
|-weather|Sandstorm|[upkeep]
|-damage|p1a: Dragapult|82/100|[from] Sandstorm
|upkeep
|turn|23
|
|t:|1661287895
|move|p1a: Dragapult|U-turn|p2a: Pink Menace
|-resisted|p2a: Pink Menace
|-damage|p2a: Pink Menace|94/100
|-damage|p1a: Dragapult|66/100|[from] item: Rocky Helmet|[of] p2a: Pink Menace
|
|t:|1661287897
|switch|p1a: Celesteela|Celesteela|52/100|[from]move: U-turn
|-damage|p1a: Celesteela|40/100|[from] Stealth Rock
|move|p2a: Pink Menace|Wish|p2a: Pink Menace
|
|-weather|Sandstorm|[upkeep]
|upkeep
|turn|24
|
|t:|1661287909
|switch|p2a: ur slow|Slowbro, M|64/100 brn
|move|p1a: Celesteela|Earthquake|p2a: ur slow
|-damage|p2a: ur slow|24/100 brn
|
|-weather|Sandstorm|[upkeep]
|-damage|p2a: ur slow|18/100 brn|[from] Sandstorm
|-heal|p2a: ur slow|68/100 brn|[from] move: Wish|[wisher] Pink Menace
|-damage|p2a: ur slow|62/100 brn|[from] brn
|upkeep
|turn|25
|
|t:|1661287924
|switch|p1a: Zapdos|Zapdos|87/100
|move|p2a: ur slow|Teleport|p2a: ur slow
|
|t:|1661287937
|switch|p2a: LandOUrus-T|Landorus-Therian, M|88/100 tox|[from]move: Teleport
|-damage|p2a: LandOUrus-T|76/100 tox|[from] Stealth Rock
|-ability|p2a: LandOUrus-T|Intimidate|boost
|-unboost|p1a: Zapdos|atk|1
|
|-weather|none
|-heal|p2a: LandOUrus-T|82/100 tox|[from] item: Leftovers
|-damage|p2a: LandOUrus-T|76/100 tox|[from] psn
|upkeep
|turn|26
|
|t:|1661287941
|move|p2a: LandOUrus-T|Toxic|p1a: Zapdos
|-status|p1a: Zapdos|tox
|move|p1a: Zapdos|Hurricane|p2a: LandOUrus-T|[miss]
|-miss|p1a: Zapdos|p2a: LandOUrus-T
|
|-heal|p2a: LandOUrus-T|82/100 tox|[from] item: Leftovers
|-damage|p2a: LandOUrus-T|70/100 tox|[from] psn
|-damage|p1a: Zapdos|81/100 tox|[from] psn
|upkeep
|turn|27
|
|t:|1661287953
|move|p2a: LandOUrus-T|U-turn|p1a: Zapdos
|-resisted|p1a: Zapdos
|-damage|p1a: Zapdos|73/100 tox
|
|t:|1661287955
|switch|p2a: $wagnezone|Magnezone|84/100|[from]move: U-turn
|-damage|p2a: $wagnezone|78/100|[from] Stealth Rock
|move|p1a: Zapdos|Hurricane|p2a: $wagnezone
|-resisted|p2a: $wagnezone
|-damage|p2a: $wagnezone|68/100
|
|-heal|p2a: $wagnezone|74/100|[from] item: Leftovers
|-damage|p1a: Zapdos|61/100 tox|[from] psn
|upkeep
|turn|28
|
|t:|1661287977
|switch|p1a: Landorus|Landorus-Therian, M|76/100
|-damage|p1a: Landorus|64/100|[from] Stealth Rock
|-ability|p1a: Landorus|Intimidate|boost
|-unboost|p2a: $wagnezone|atk|1
|move|p2a: $wagnezone|Curse|p2a: $wagnezone
|-unboost|p2a: $wagnezone|spe|1
|-boost|p2a: $wagnezone|atk|1
|-boost|p2a: $wagnezone|def|1
|
|-heal|p2a: $wagnezone|80/100|[from] item: Leftovers
|upkeep
|turn|29
|inactive|Platinum Arceus has 120 seconds left.
|c|☆Platinum Arceus|interesting set
|
|t:|1661288006
|move|p2a: $wagnezone|Protect|p2a: $wagnezone
|-singleturn|p2a: $wagnezone|Protect
|move|p1a: Landorus|Knock Off|p2a: $wagnezone
|-activate|p2a: $wagnezone|move: Protect
|
|-heal|p2a: $wagnezone|86/100|[from] item: Leftovers
|upkeep
|turn|30
|inactive|Platinum Arceus has 120 seconds left.
|
|t:|1661288016
|switch|p1a: Clefable|Clefable, F|100/100
|switch|p2a: Pink Menace|Clefable, F|94/100
|
|upkeep
|turn|31
|
|t:|1661288020
|move|p2a: Pink Menace|Wish|p2a: Pink Menace
|move|p1a: Clefable|Moonblast|p2a: Pink Menace
|-damage|p2a: Pink Menace|42/100
|
|upkeep
|turn|32
|
|t:|1661288026
|move|p2a: Pink Menace|Soft-Boiled|p2a: Pink Menace
|-heal|p2a: Pink Menace|92/100
|move|p1a: Clefable|Moonblast|p2a: Pink Menace
|-damage|p2a: Pink Menace|34/100
|
|-heal|p2a: Pink Menace|84/100|[from] move: Wish|[wisher] Pink Menace
|upkeep
|turn|33
|
|t:|1661288031
|move|p2a: Pink Menace|Wish|p2a: Pink Menace
|move|p1a: Clefable|Moonblast|p2a: Pink Menace
|-damage|p2a: Pink Menace|30/100
|
|upkeep
|turn|34
|
|t:|1661288037
|move|p2a: Pink Menace|Soft-Boiled|p2a: Pink Menace
|-heal|p2a: Pink Menace|80/100
|move|p1a: Clefable|Moonblast|p2a: Pink Menace
|-damage|p2a: Pink Menace|21/100
|
|-heal|p2a: Pink Menace|71/100|[from] move: Wish|[wisher] Pink Menace
|upkeep
|turn|35
|
|t:|1661288054
|switch|p2a: ur slow|Slowbro, M|95/100 brn
|move|p1a: Clefable|Moonblast|p2a: ur slow
|-damage|p2a: ur slow|57/100 brn
|
|-damage|p2a: ur slow|51/100 brn|[from] brn
|upkeep
|turn|36
|
|t:|1661288062
|move|p1a: Clefable|Moonblast|p2a: ur slow
|-damage|p2a: ur slow|6/100 brn
|move|p2a: ur slow|Teleport|p2a: ur slow
|inactive|Down$hift has 120 seconds left.
|
|t:|1661288094
|switch|p2a: $wagnezone|Magnezone|86/100|[from]move: Teleport
|-damage|p2a: $wagnezone|80/100|[from] Stealth Rock
|
|-heal|p2a: $wagnezone|86/100|[from] item: Leftovers
|upkeep
|turn|37
|inactive|Down$hift has 120 seconds left.
|
|t:|1661288113
|move|p1a: Clefable|Flamethrower|p2a: $wagnezone
|-supereffective|p2a: $wagnezone
|-damage|p2a: $wagnezone|18/100
|move|p2a: $wagnezone|Gyro Ball|p1a: Clefable
|-supereffective|p1a: Clefable
|-damage|p1a: Clefable|73/100
|
|-heal|p2a: $wagnezone|24/100|[from] item: Leftovers
|upkeep
|turn|38
|
|t:|1661288125
|move|p1a: Clefable|Moonblast|p2a: $wagnezone
|-resisted|p2a: $wagnezone
|-damage|p2a: $wagnezone|0 fnt
|faint|p2a: $wagnezone
|
|upkeep
|
|t:|1661288133
|switch|p2a: LandOUrus-T|Landorus-Therian, M|70/100 tox
|-damage|p2a: LandOUrus-T|58/100 tox|[from] Stealth Rock
|-ability|p2a: LandOUrus-T|Intimidate|boost
|-unboost|p1a: Clefable|atk|1
|turn|39
|
|t:|1661288145
|switch|p1a: Zapdos|Zapdos|61/100 tox
|move|p2a: LandOUrus-T|Earthquake|p1a: Zapdos
|-immune|p1a: Zapdos
|
|-heal|p2a: LandOUrus-T|64/100 tox|[from] item: Leftovers
|-damage|p2a: LandOUrus-T|58/100 tox|[from] psn
|-damage|p1a: Zapdos|55/100 tox|[from] psn
|upkeep
|turn|40
|
|t:|1661288154
|move|p2a: LandOUrus-T|Earthquake|p1a: Zapdos
|-immune|p1a: Zapdos
|move|p1a: Zapdos|Hurricane|p2a: LandOUrus-T
|-damage|p2a: LandOUrus-T|22/100 tox
|
|-heal|p2a: LandOUrus-T|28/100 tox|[from] item: Leftovers
|-damage|p2a: LandOUrus-T|16/100 tox|[from] psn
|-damage|p1a: Zapdos|43/100 tox|[from] psn
|upkeep
|turn|41
|
|t:|1661288160
|move|p2a: LandOUrus-T|Defog|p1a: Zapdos
|-unboost|p1a: Zapdos|evasion|1
|-sideend|p1: Platinum Arceus|Stealth Rock|[from] move: Defog|[of] p2a: LandOUrus-T
|-sideend|p2: Down$hift|Stealth Rock|[from] move: Defog|[of] p2a: LandOUrus-T
|move|p1a: Zapdos|Roost|p1a: Zapdos
|-heal|p1a: Zapdos|93/100 tox
|-singleturn|p1a: Zapdos|move: Roost
|
|-heal|p2a: LandOUrus-T|22/100 tox|[from] item: Leftovers
|-damage|p2a: LandOUrus-T|4/100 tox|[from] psn
|-damage|p1a: Zapdos|75/100 tox|[from] psn
|upkeep
|turn|42
|
|t:|1661288170
|move|p2a: LandOUrus-T|U-turn|p1a: Zapdos
|-resisted|p1a: Zapdos
|-damage|p1a: Zapdos|67/100 tox
|
|t:|1661288171
|switch|p2a: The Child|Meltan|100/100|[from]move: U-turn
|move|p1a: Zapdos|Roost|p1a: Zapdos
|-heal|p1a: Zapdos|100/100 tox
|-singleturn|p1a: Zapdos|move: Roost
|
|-damage|p1a: Zapdos|76/100 tox|[from] psn
|upkeep
|turn|43
|c|☆Platinum Arceus|oh god the boss is out
|
|t:|1661288187
|switch|p2a: LandOUrus-T|Landorus-Therian, M|4/100 tox
|-ability|p2a: LandOUrus-T|Intimidate|boost
|-unboost|p1a: Zapdos|atk|1
|move|p1a: Zapdos|Volt Switch|p2a: LandOUrus-T
|-immune|p2a: LandOUrus-T
|
|-heal|p2a: LandOUrus-T|10/100 tox|[from] item: Leftovers
|-damage|p2a: LandOUrus-T|4/100 tox|[from] psn
|-damage|p1a: Zapdos|46/100 tox|[from] psn
|upkeep
|turn|44
|c|☆Platinum Arceus|and hes gone
|
|t:|1661288211
|switch|p1a: Celesteela|Celesteela|40/100
|move|p2a: LandOUrus-T|U-turn|p1a: Celesteela
|-resisted|p1a: Celesteela
|-damage|p1a: Celesteela|36/100
|
|t:|1661288214
|switch|p2a: THE WRLD REVOLVING|Blacephalon|33/100|[from]move: U-turn
|
|upkeep
|turn|45
|
|t:|1661288231
|switch|p1a: Zapdos|Zapdos|46/100 tox
|move|p2a: THE WRLD REVOLVING|Overheat|p1a: Zapdos
|-damage|p1a: Zapdos|0 fnt
|-unboost|p2a: THE WRLD REVOLVING|spa|2
|faint|p1a: Zapdos
|-ability|p2a: THE WRLD REVOLVING|Beast Boost|boost
|-boost|p2a: THE WRLD REVOLVING|spa|1
|
|upkeep
|inactive|Platinum Arceus has 120 seconds left.
|
|t:|1661288252
|switch|p1a: Tyranitar|Tyranitar, M|38/100
|-weather|Sandstorm|[from] ability: Sand Stream|[of] p1a: Tyranitar
|turn|46
|
|t:|1661288260
|switch|p2a: Pink Menace|Clefable, F|71/100
|move|p1a: Tyranitar|Stealth Rock|p2a: Pink Menace
|-sidestart|p2: Down$hift|move: Stealth Rock
|
|-weather|Sandstorm|[upkeep]
|-heal|p1a: Tyranitar|44/100|[from] item: Leftovers
|upkeep
|turn|47
|
|t:|1661288272
|switch|p1a: Celesteela|Celesteela|36/100
|move|p2a: Pink Menace|Stealth Rock|p1a: Celesteela
|-sidestart|p1: Platinum Arceus|move: Stealth Rock
|
|-weather|Sandstorm|[upkeep]
|upkeep
|turn|48
|inactive|Down$hift has 120 seconds left.
|
|t:|1661288303
|switch|p2a: LandOUrus-T|Landorus-Therian, M|4/100 tox
|-damage|p2a: LandOUrus-T|0 fnt|[from] Stealth Rock
|faint|p2a: LandOUrus-T
|move|p1a: Celesteela|Heavy Slam|p2: LandOUrus-T|[notarget]
|-fail|p1a: Celesteela
|
|-weather|Sandstorm|[upkeep]
|upkeep
|
|t:|1661288306
|switch|p2a: The Child|Meltan|100/100
|-damage|p2a: The Child|94/100|[from] Stealth Rock
|turn|49
|
|t:|1661288310
|move|p1a: Celesteela|Heavy Slam|p2a: The Child
|-resisted|p2a: The Child
|-damage|p2a: The Child|42/100
|move|p2a: The Child|Acid Armor|p2a: The Child
|-boost|p2a: The Child|def|2
|
|-weather|Sandstorm|[upkeep]
|-heal|p2a: The Child|48/100|[from] item: Leftovers
|upkeep
|turn|50
|
|t:|1661288317
|move|p1a: Celesteela|Heavy Slam|p2a: The Child
|-resisted|p2a: The Child
|-damage|p2a: The Child|22/100
|move|p2a: The Child|Acid Armor|p2a: The Child
|-boost|p2a: The Child|def|2
|
|-weather|none
|-heal|p2a: The Child|28/100|[from] item: Leftovers
|upkeep
|turn|51
|
|t:|1661288322
|move|p1a: Celesteela|Heavy Slam|p2a: The Child
|-resisted|p2a: The Child
|-damage|p2a: The Child|11/100
|move|p2a: The Child|Rest|p2a: The Child
|-status|p2a: The Child|slp|[from] move: Rest
|-heal|p2a: The Child|100/100 slp|[silent]
|
|upkeep
|turn|52
|
|t:|1661288327
|move|p1a: Celesteela|Heavy Slam|p2a: The Child
|-resisted|p2a: The Child
|-damage|p2a: The Child|83/100 slp
|cant|p2a: The Child|slp
|
|-heal|p2a: The Child|89/100 slp|[from] item: Leftovers
|upkeep
|turn|53
|
|t:|1661288331
|move|p1a: Celesteela|Heavy Slam|p2a: The Child
|-resisted|p2a: The Child
|-damage|p2a: The Child|70/100 slp
|cant|p2a: The Child|slp
|
|-heal|p2a: The Child|76/100 slp|[from] item: Leftovers
|upkeep
|turn|54
|
|t:|1661288341
|move|p1a: Celesteela|Heavy Slam|p2a: The Child
|-resisted|p2a: The Child
|-damage|p2a: The Child|58/100 slp
|-curestatus|p2a: The Child|slp|[msg]
|move|p2a: The Child|Acid Armor|p2a: The Child
|-boost|p2a: The Child|def|2
|
|-heal|p2a: The Child|65/100|[from] item: Leftovers
|upkeep
|turn|55
|
|t:|1661288347
|move|p1a: Celesteela|Heavy Slam|p2a: The Child
|-resisted|p2a: The Child
|-damage|p2a: The Child|52/100
|move|p2a: The Child|Substitute|p2a: The Child
|-start|p2a: The Child|Substitute
|-damage|p2a: The Child|27/100
|
|-heal|p2a: The Child|33/100|[from] item: Leftovers
|upkeep
|turn|56
|
|t:|1661288353
|move|p1a: Celesteela|Heavy Slam|p2a: The Child
|-resisted|p2a: The Child
|-activate|p2a: The Child|move: Substitute|[damage]
|move|p2a: The Child|Substitute|p2a: The Child
|-fail|p2a: The Child|move: Substitute
|
|-heal|p2a: The Child|39/100|[from] item: Leftovers
|upkeep
|turn|57
|
|t:|1661288356
|move|p1a: Celesteela|Heavy Slam|p2a: The Child
|-resisted|p2a: The Child
|-end|p2a: The Child|Substitute
|move|p2a: The Child|Substitute|p2a: The Child
|-start|p2a: The Child|Substitute
|-damage|p2a: The Child|14/100
|
|-heal|p2a: The Child|20/100|[from] item: Leftovers
|upkeep
|turn|58
|
|t:|1661288363
|move|p1a: Celesteela|Heavy Slam|p2a: The Child
|-resisted|p2a: The Child
|-activate|p2a: The Child|move: Substitute|[damage]
|move|p2a: The Child|Tail Whip|p1a: Celesteela
|-unboost|p1a: Celesteela|def|1
|
|-heal|p2a: The Child|27/100|[from] item: Leftovers
|upkeep
|turn|59
|
|t:|1661288372
|move|p1a: Celesteela|Heavy Slam|p2a: The Child
|-resisted|p2a: The Child
|-end|p2a: The Child|Substitute
|move|p2a: The Child|Substitute|p2a: The Child
|-start|p2a: The Child|Substitute
|-damage|p2a: The Child|2/100
|
|-heal|p2a: The Child|8/100|[from] item: Leftovers
|upkeep
|turn|60
|c|☆Platinum Arceus|whack set
|
|t:|1661288383
|move|p1a: Celesteela|Heavy Slam|p2a: The Child
|-resisted|p2a: The Child
|-activate|p2a: The Child|move: Substitute|[damage]
|move|p2a: The Child|Rest|p2a: The Child
|-status|p2a: The Child|slp|[from] move: Rest
|-heal|p2a: The Child|100/100 slp|[silent]
|
|upkeep
|turn|61
|c|☆Down$hift|lmao
|c|☆Down$hift|traps melm and ferro
|c|☆Down$hift|hilarious shit
|
|t:|1661288397
|move|p1a: Celesteela|Heavy Slam|p2a: The Child
|-resisted|p2a: The Child
|-end|p2a: The Child|Substitute
|cant|p2a: The Child|slp
|
|upkeep
|turn|62
|c|☆Platinum Arceus|why tail whip?
|c|☆Down$hift|for more pp
|c|☆Platinum Arceus|ahh ok
|
|t:|1661288410
|-activate|p1a: Celesteela|move: Struggle
|move|p1a: Celesteela|Struggle|p2a: The Child
|-damage|p2a: The Child|93/100 slp
|-damage|p1a: Celesteela|11/100|[from] recoil
|cant|p2a: The Child|slp
|
|-heal|p2a: The Child|99/100 slp|[from] item: Leftovers
|upkeep
|turn|63
|
|t:|1661288420
|switch|p2a: Pink Menace|Clefable, F|71/100
|-activate|p1a: Celesteela|move: Struggle
|move|p1a: Celesteela|Struggle|p2a: Pink Menace
|-damage|p2a: Pink Menace|52/100
|-damage|p1a: Celesteela|0 fnt|[from] item: Rocky Helmet|[of] p2a: Pink Menace
|faint|p1a: Celesteela
|
|upkeep
|
|t:|1661288426
|switch|p1a: Clefable|Clefable, F|73/100
|turn|64
|inactive|Down$hift has 120 seconds left.
|
|t:|1661288474
|move|p2a: Pink Menace|Moonblast|p1a: Clefable
|-damage|p1a: Clefable|40/100
|move|p1a: Clefable|Moonblast|p2a: Pink Menace
|-damage|p2a: Pink Menace|0 fnt
|faint|p2a: Pink Menace
|
|upkeep
|inactive|Down$hift has 90 seconds left.
|
|t:|1661288505
|switch|p2a: ur slow|Slowbro, M|39/100 brn
|turn|65
|
|t:|1661288510
|switch|p2a: The Child|Meltan|99/100 slp
|-damage|p2a: The Child|93/100 slp|[from] Stealth Rock
|move|p1a: Clefable|Moonblast|p2a: The Child
|-resisted|p2a: The Child
|-damage|p2a: The Child|21/100 slp
|
|-heal|p2a: The Child|27/100 slp|[from] item: Leftovers
|upkeep
|turn|66
|
|t:|1661288515
|move|p1a: Clefable|Moonblast|p2a: The Child
|-resisted|p2a: The Child
|-damage|p2a: The Child|0 fnt
|faint|p2a: The Child
|
|upkeep
|
|t:|1661288523
|switch|p2a: ur slow|Slowbro, M|73/100 brn
|turn|67
|
|t:|1661288527
|move|p1a: Clefable|Soft-Boiled|p1a: Clefable
|-heal|p1a: Clefable|91/100
|move|p2a: ur slow|Slack Off|p2a: ur slow
|-heal|p2a: ur slow|100/100 brn
|
|-damage|p2a: ur slow|94/100 brn|[from] brn
|upkeep
|turn|68
|
|t:|1661288533
|move|p1a: Clefable|Moonblast|p2a: ur slow
|-damage|p2a: ur slow|51/100 brn
|-unboost|p2a: ur slow|spa|1
|move|p2a: ur slow|Future Sight|p1a: Clefable
|-start|p2a: ur slow|move: Future Sight
|
|-damage|p2a: ur slow|45/100 brn|[from] brn
|upkeep
|turn|69
|
|t:|1661288539
|move|p1a: Clefable|Moonblast|p2a: ur slow
|-damage|p2a: ur slow|7/100 brn
|-unboost|p2a: ur slow|spa|1
|move|p2a: ur slow|Slack Off|p2a: ur slow
|-heal|p2a: ur slow|57/100 brn
|
|-damage|p2a: ur slow|51/100 brn|[from] brn
|upkeep
|turn|70
|
|t:|1661288547
|switch|p1a: Tyranitar|Tyranitar, M|44/100
|-damage|p1a: Tyranitar|32/100|[from] Stealth Rock
|-weather|Sandstorm|[from] ability: Sand Stream|[of] p1a: Tyranitar
|move|p2a: ur slow|Slack Off|p2a: ur slow
|-heal|p2a: ur slow|100/100 brn
|
|-weather|Sandstorm|[upkeep]
|-damage|p2a: ur slow|94/100 brn|[from] Sandstorm
|-end|p1a: Tyranitar|move: Future Sight
|-immune|p1a: Tyranitar
|-heal|p1a: Tyranitar|38/100|[from] item: Leftovers
|-damage|p2a: ur slow|88/100 brn|[from] brn
|upkeep
|turn|71
|
|t:|1661288552
|move|p1a: Tyranitar|Stone Edge|p2a: ur slow
|-damage|p2a: ur slow|50/100 brn
|move|p2a: ur slow|Scald|p1a: Tyranitar
|-supereffective|p1a: Tyranitar
|-damage|p1a: Tyranitar|25/100
|-status|p1a: Tyranitar|brn
|
|-weather|Sandstorm|[upkeep]
|-damage|p2a: ur slow|44/100 brn|[from] Sandstorm
|-heal|p1a: Tyranitar|31/100 brn|[from] item: Leftovers
|-damage|p1a: Tyranitar|25/100 brn|[from] brn
|-damage|p2a: ur slow|38/100 brn|[from] brn
|upkeep
|turn|72
|
|t:|1661288559
|switch|p1a: Dragapult|Dragapult, M|66/100
|-damage|p1a: Dragapult|53/100|[from] Stealth Rock
|move|p2a: ur slow|Slack Off|p2a: ur slow
|-heal|p2a: ur slow|88/100 brn
|
|-weather|Sandstorm|[upkeep]
|-damage|p1a: Dragapult|48/100|[from] Sandstorm
|-damage|p2a: ur slow|82/100 brn|[from] Sandstorm
|-damage|p2a: ur slow|76/100 brn|[from] brn
|upkeep
|turn|73
|
|t:|1661288565
|move|p1a: Dragapult|Shadow Ball|p2a: ur slow
|-supereffective|p2a: ur slow
|-damage|p2a: ur slow|2/100 brn
|move|p2a: ur slow|Teleport|p2a: ur slow
|
|t:|1661288568
|switch|p2a: THE WRLD REVOLVING|Blacephalon|33/100|[from]move: Teleport
|-damage|p2a: THE WRLD REVOLVING|8/100|[from] Stealth Rock
|
|-weather|Sandstorm|[upkeep]
|-damage|p2a: THE WRLD REVOLVING|2/100|[from] Sandstorm
|-damage|p1a: Dragapult|42/100|[from] Sandstorm
|upkeep
|turn|74
|
|t:|1661288576
|move|p2a: THE WRLD REVOLVING|Shadow Ball|p1a: Dragapult
|-supereffective|p1a: Dragapult
|-damage|p1a: Dragapult|0 fnt
|faint|p1a: Dragapult
|-ability|p2a: THE WRLD REVOLVING|Beast Boost|boost
|-boost|p2a: THE WRLD REVOLVING|spa|1
|
|-weather|none
|upkeep
|
|t:|1661288578
|switch|p1a: Landorus|Landorus-Therian, M|64/100
|-damage|p1a: Landorus|52/100|[from] Stealth Rock
|-ability|p1a: Landorus|Intimidate|boost
|-unboost|p2a: THE WRLD REVOLVING|atk|1
|turn|75
|
|t:|1661288580
|move|p2a: THE WRLD REVOLVING|Shadow Ball|p1a: Landorus
|-damage|p1a: Landorus|0 fnt
|faint|p1a: Landorus
|-ability|p2a: THE WRLD REVOLVING|Beast Boost|boost
|-boost|p2a: THE WRLD REVOLVING|spa|1
|
|upkeep
|c|☆Platinum Arceus|i fucked up
|
|t:|1661288602
|switch|p1a: Tyranitar|Tyranitar, M|25/100 brn
|-damage|p1a: Tyranitar|12/100 brn|[from] Stealth Rock
|-weather|Sandstorm|[from] ability: Sand Stream|[of] p1a: Tyranitar
|turn|76
|
|t:|1661288606
|move|p2a: THE WRLD REVOLVING|Shadow Ball|p1a: Tyranitar
|-resisted|p1a: Tyranitar
|-damage|p1a: Tyranitar|0 fnt
|faint|p1a: Tyranitar
|-ability|p2a: THE WRLD REVOLVING|Beast Boost|boost
|-boost|p2a: THE WRLD REVOLVING|spa|1
|
|-weather|Sandstorm|[upkeep]
|-damage|p2a: THE WRLD REVOLVING|0 fnt|[from] Sandstorm
|faint|p2a: THE WRLD REVOLVING
|upkeep
|c|☆Platinum Arceus|gg
|c|☆Down$hift|you win dw
|c|☆Down$hift|gg
|
|t:|1661288615
|switch|p2a: ur slow|Slowbro, M|35/100 brn
|switch|p1a: Clefable|Clefable, F|91/100
|turn|77
|c|☆Platinum Arceus|oh shit
|c|☆Platinum Arceus|i forgor about sand
|
|t:|1661288632
|move|p1a: Clefable|Moonblast|p2a: ur slow
|-damage|p2a: ur slow|0 fnt
|faint|p2a: ur slow
|
|win|Platinum Arceus
|raw|Platinum Arceus's rating: 1567 &rarr; <strong>1592</strong><br />(+25 for winning)
|raw|Down$hift's rating: 1652 &rarr; <strong>1627</strong><br />(-25 for losing)
|c|☆Platinum Arceus|gg
|l|☆Down$hift
||Ladder isn't responding, score probably updated but might not have (Request timeout).
