|raw|<div class="broadcast-blue"><strong>This battle is required to be public due to a player having a name starting with 'lt94je'.</div>
|j|☆Color my life
|j|☆LT94JE StC
|t:|1661536139
|gametype|singles
|player|p1|Color my life|266|1745
|player|p2|LT94JE StC|lucas|1835
|teamsize|p1|6
|teamsize|p2|6
|gen|8
|tier|[Gen 8] OU
|rated|
|rule|Sleep Clause Mod: Limit one foe put to sleep
|rule|Species Clause: Limit one of each Pokémon
|rule|OHKO Clause: OHKO moves are banned
|rule|Evasion Items Clause: Evasion items are banned
|rule|Evasion Moves Clause: Evasion moves are banned
|rule|Endless Battle Clause: Forcing endless battles is banned
|rule|HP Percentage Mod: HP is shown in percentages
|rule|Dynamax Clause: You cannot dynamax
|clearpoke
|poke|p1|Slowking-Galar, M|
|poke|p1|Quagsire, M|
|poke|p1|Tornadus-Therian, M|
|poke|p1|Weavile, M|
|poke|p1|Ferrothorn, F|
|poke|p1|Clefable, M|
|poke|p2|Tapu Koko|
|poke|p2|Hawlucha, M|
|poke|p2|Garchomp, M|
|poke|p2|Bisharp, F|
|poke|p2|Blacephalon|
|poke|p2|Mew|
|teampreview
|inactive|Battle timer is ON: inactive players will automatically lose when time's up. (requested by Color my life)
|j| keilan2007
|
|t:|1661536153
|start
|switch|p1a: Ferrothorn|Ferrothorn, F|100/100
|switch|p2a: Basad|Mew|100/100
|turn|1
|l| keilan2007
|
|t:|1661536160
|switch|p1a: Tornadus|Tornadus-Therian, M, shiny|100/100
|move|p2a: Basad|Stealth Rock|p1a: Tornadus
|-sidestart|p1: Color my life|move: Stealth Rock
|
|upkeep
|turn|2
|
|t:|1661536164
|switch|p2a: Peppe|Bisharp, F|100/100
|move|p1a: Tornadus|U-turn|p2a: Peppe
|-damage|p2a: Peppe|82/100
|
|t:|1661536168
|switch|p1a: Ferrothorn|Ferrothorn, F|100/100|[from]move: U-turn
|-damage|p1a: Ferrothorn|94/100|[from] Stealth Rock
|
|upkeep
|turn|3
|
|t:|1661536176
|switch|p2a: Basad|Mew|100/100
|move|p1a: Ferrothorn|Stealth Rock|p2a: Basad
|-sidestart|p2: LT94JE StC|move: Stealth Rock
|
|upkeep
|turn|4
|
|t:|1661536180
|move|p2a: Basad|Spikes|p1a: Ferrothorn
|-sidestart|p1: Color my life|Spikes
|move|p1a: Ferrothorn|Knock Off|p2a: Basad
|-supereffective|p2a: Basad
|-damage|p2a: Basad|63/100
|-enditem|p2a: Basad|Focus Sash|[from] move: Knock Off|[of] p1a: Ferrothorn
|
|upkeep
|turn|5
|
|t:|1661536186
|move|p2a: Basad|Taunt|p1a: Ferrothorn
|-start|p1a: Ferrothorn|move: Taunt
|cant|p1a: Ferrothorn|move: Taunt|Leech Seed
|
|upkeep
|turn|6
|
|t:|1661536189
|move|p2a: Basad|Spikes|p1a: Ferrothorn
|-sidestart|p1: Color my life|Spikes
|move|p1a: Ferrothorn|Knock Off|p2a: Basad
|-supereffective|p2a: Basad
|-damage|p2a: Basad|41/100
|
|upkeep
|turn|7
|
|t:|1661536195
|switch|p1a: Tornadus|Tornadus-Therian, M, shiny|100/100
|move|p2a: Basad|Spikes|p1a: Tornadus
|-sidestart|p1: Color my life|Spikes
|
|upkeep
|turn|8
|
|t:|1661536205
|switch|p2a: Peppe|Bisharp, F|82/100
|-damage|p2a: Peppe|77/100|[from] Stealth Rock
|move|p1a: Tornadus|U-turn|p2a: Peppe
|-damage|p2a: Peppe|57/100
|
|t:|1661536208
|switch|p1a: Ferrothorn|Ferrothorn, F|94/100|[from]move: U-turn
|-damage|p1a: Ferrothorn|88/100|[from] Stealth Rock
|-damage|p1a: Ferrothorn|63/100|[from] Spikes
|
|upkeep
|turn|9
|
|t:|1661536216
|move|p2a: Peppe|Swords Dance|p2a: Peppe
|-boost|p2a: Peppe|atk|2
|move|p1a: Ferrothorn|Leech Seed|p2a: Peppe
|-start|p2a: Peppe|move: Leech Seed
|
|-damage|p2a: Peppe|45/100|[from] Leech Seed|[of] p1a: Ferrothorn
|-heal|p1a: Ferrothorn|72/100|[silent]
|upkeep
|turn|10
|
|t:|1661536219
|move|p2a: Peppe|Knock Off|p1a: Ferrothorn
|-damage|p1a: Ferrothorn|0 fnt
|-damage|p2a: Peppe|33/100|[from] ability: Iron Barbs|[of] p1a: Ferrothorn
|-damage|p2a: Peppe|16/100|[from] item: Rocky Helmet|[of] p1a: Ferrothorn
|-enditem|p1a: Ferrothorn|Rocky Helmet|[from] move: Knock Off|[of] p2a: Peppe
|faint|p1a: Ferrothorn
|
|upkeep
|
|t:|1661536231
|switch|p1a: Tornadus|Tornadus-Therian, M, shiny|100/100
|turn|11
|
|t:|1661536238
|move|p1a: Tornadus|U-turn|p2a: Peppe
|-damage|p2a: Peppe|0 fnt
|faint|p2a: Peppe
|
|t:|1661536248
|switch|p1a: Weavile|Weavile, M|100/100|[from]move: U-turn
|-ability|p1a: Weavile|Pressure
|
|upkeep
|
|t:|1661536255
|switch|p2a: Paz Pais|Blacephalon|100/100
|-damage|p2a: Paz Pais|76/100|[from] Stealth Rock
|turn|12
|
|t:|1661536276
|switch|p1a: Tornadus|Tornadus-Therian, M, shiny|100/100
|move|p2a: Paz Pais|Fire Blast|p1a: Tornadus
|-damage|p1a: Tornadus|33/100
|
|upkeep
|turn|13
|
|t:|1661536282
|switch|p1a: Slowking|Slowking-Galar, M|100/100
|-damage|p1a: Slowking|88/100|[from] Stealth Rock
|-damage|p1a: Slowking|63/100|[from] Spikes
|move|p2a: Paz Pais|Fire Blast|p1a: Slowking
|-damage|p1a: Slowking|34/100
|-status|p1a: Slowking|brn
|
|-damage|p1a: Slowking|28/100 brn|[from] brn
|upkeep
|turn|14
|j| stallapologize
|
|t:|1661536294
|move|p2a: Paz Pais|Fire Blast|p1a: Slowking
|-crit|p1a: Slowking
|-damage|p1a: Slowking|0 fnt
|faint|p1a: Slowking
|-ability|p2a: Paz Pais|Beast Boost|boost
|-boost|p2a: Paz Pais|spa|1
|
|upkeep
|
|t:|1661536302
|switch|p1a: Quagsire|Quagsire, M|100/100
|-damage|p1a: Quagsire|94/100|[from] Stealth Rock
|-damage|p1a: Quagsire|69/100|[from] Spikes
|turn|15
|
|t:|1661536307
|switch|p2a: Basad|Mew|41/100
|-damage|p2a: Basad|28/100|[from] Stealth Rock
|move|p1a: Quagsire|Earthquake|p2a: Basad
|-damage|p2a: Basad|0 fnt
|faint|p2a: Basad
|
|upkeep
|
|t:|1661536312
|switch|p2a: Hellpowna|Garchomp, M|100/100
|-damage|p2a: Hellpowna|94/100|[from] Stealth Rock
|turn|16
|
|t:|1661536316
|move|p2a: Hellpowna|Earthquake|p1a: Quagsire
|-damage|p1a: Quagsire|7/100
|move|p1a: Quagsire|Earthquake|p2a: Hellpowna
|-damage|p2a: Hellpowna|34/100
|
|-heal|p2a: Hellpowna|40/100|[from] item: Leftovers
|upkeep
|turn|17
|
|t:|1661536323
|switch|p1a: Tornadus|Tornadus-Therian, M, shiny|66/100
|move|p2a: Hellpowna|Scale Shot|p1a: Tornadus
|-damage|p1a: Tornadus|51/100
|-damage|p1a: Tornadus|37/100
|-damage|p1a: Tornadus|22/100
|-damage|p1a: Tornadus|8/100
|-damage|p1a: Tornadus|0 fnt
|faint|p1a: Tornadus
|-hitcount|p1: Tornadus|5
|-unboost|p2a: Hellpowna|def|1
|-boost|p2a: Hellpowna|spe|1
|
|-heal|p2a: Hellpowna|46/100|[from] item: Leftovers
|upkeep
|
|t:|1661536327
|switch|p1a: Weavile|Weavile, M|100/100
|-ability|p1a: Weavile|Pressure
|turn|18
|
|t:|1661536337
|move|p2a: Hellpowna|Fire Fang|p1a: Weavile
|-supereffective|p1a: Weavile
|-damage|p1a: Weavile|22/100
|-status|p1a: Weavile|brn
|move|p1a: Weavile|Swords Dance|p1a: Weavile
|-boost|p1a: Weavile|atk|2
|
|-heal|p2a: Hellpowna|52/100|[from] item: Leftovers
|-damage|p1a: Weavile|16/100 brn|[from] brn
|upkeep
|turn|19
|
|t:|1661536352
|move|p1a: Weavile|Ice Shard|p2a: Hellpowna
|-supereffective|p2a: Hellpowna
|-damage|p2a: Hellpowna|0 fnt
|faint|p2a: Hellpowna
|
|-damage|p1a: Weavile|10/100 brn|[from] brn
|upkeep
|
|t:|1661536358
|switch|p2a: Paz Pais|Blacephalon|76/100
|-damage|p2a: Paz Pais|51/100|[from] Stealth Rock
|turn|20
|
|t:|1661536361
|switch|p1a: Quagsire|Quagsire, M|7/100
|-damage|p1a: Quagsire|0 fnt|[from] Stealth Rock
|faint|p1a: Quagsire
|move|p2a: Paz Pais|Shadow Ball|p1: Quagsire|[notarget]
|-fail|p2a: Paz Pais
|
|upkeep
|
|t:|1661536363
|switch|p1a: Clefable|Clefable, M|100/100
|turn|21
|
|t:|1661536368
|move|p2a: Paz Pais|Shadow Ball|p1a: Clefable
|-damage|p1a: Clefable|52/100
|move|p1a: Clefable|Calm Mind|p1a: Clefable
|-boost|p1a: Clefable|spa|1
|-boost|p1a: Clefable|spd|1
|
|-heal|p1a: Clefable|58/100|[from] item: Leftovers
|upkeep
|turn|22
|
|t:|1661536375
|switch|p2a: PJ|Tapu Koko|100/100
|-damage|p2a: PJ|88/100|[from] Stealth Rock
|-fieldstart|move: Electric Terrain|[from] ability: Electric Surge|[of] p2a: PJ
|move|p1a: Clefable|Soft-Boiled|p1a: Clefable
|-heal|p1a: Clefable|100/100
|
|upkeep
|turn|23
|
|t:|1661536378
|move|p2a: PJ|Taunt|p1a: Clefable
|-start|p1a: Clefable|move: Taunt
|cant|p1a: Clefable|move: Taunt|Calm Mind
|
|upkeep
|turn|24
|
|t:|1661536383
|move|p2a: PJ|Light Screen|p2a: PJ
|-sidestart|p2: LT94JE StC|move: Light Screen
|move|p1a: Clefable|Moonblast|p2a: PJ
|-damage|p2a: PJ|55/100
|
|upkeep
|turn|25
|
|t:|1661536388
|move|p2a: PJ|Volt Switch|p1a: Clefable
|-damage|p1a: Clefable|79/100
|
|t:|1661536394
|switch|p2a: Paz Pais|Blacephalon|51/100|[from]move: Volt Switch
|-damage|p2a: Paz Pais|26/100|[from] Stealth Rock
|move|p1a: Clefable|Thunder|p2a: Paz Pais
|-damage|p2a: Paz Pais|0 fnt
|faint|p2a: Paz Pais
|
|-heal|p1a: Clefable|85/100|[from] item: Leftovers
|-end|p1a: Clefable|move: Taunt
|upkeep
|
|t:|1661536400
|switch|p2a: StepC|Hawlucha, M|100/100
|-damage|p2a: StepC|88/100|[from] Stealth Rock
|-enditem|p2a: StepC|Electric Seed
|-boost|p2a: StepC|def|1|[from] item: Electric Seed
|turn|26
|
|t:|1661536417
|move|p2a: StepC|Acrobatics|p1a: Clefable
|-damage|p1a: Clefable|45/100
|move|p1a: Clefable|Moonblast|p2a: StepC
|-supereffective|p2a: StepC
|-damage|p2a: StepC|4/100
|-unboost|p2a: StepC|spa|1
|
|-heal|p1a: Clefable|52/100|[from] item: Leftovers
|-fieldend|move: Electric Terrain
|upkeep
|turn|27
|
|t:|1661536432
|switch|p1a: Weavile|Weavile, M|10/100 brn
|-ability|p1a: Weavile|Pressure
|move|p2a: StepC|Swords Dance|p2a: StepC
|-boost|p2a: StepC|atk|2
|
|-damage|p1a: Weavile|4/100 brn|[from] brn
|upkeep
|turn|28
|
|t:|1661536441
|move|p1a: Weavile|Ice Shard|p2a: StepC
|-supereffective|p2a: StepC
|-damage|p2a: StepC|0 fnt
|faint|p2a: StepC
|
|-damage|p1a: Weavile|0 fnt|[from] brn
|faint|p1a: Weavile
|upkeep
|
|t:|1661536447
|switch|p1a: Clefable|Clefable, M|52/100
|switch|p2a: PJ|Tapu Koko|55/100
|-damage|p2a: PJ|42/100|[from] Stealth Rock
|-fieldstart|move: Electric Terrain|[from] ability: Electric Surge|[of] p2a: PJ
|turn|29
|
|t:|1661536456
|move|p2a: PJ|Volt Switch|p1a: Clefable
|-damage|p1a: Clefable|22/100
|move|p1a: Clefable|Moonblast|p2a: PJ
|-damage|p2a: PJ|24/100
|-unboost|p2a: PJ|spa|1
|
|-heal|p1a: Clefable|28/100|[from] item: Leftovers
|upkeep
|turn|30
|
|t:|1661536473
|move|p2a: PJ|Volt Switch|p1a: Clefable
|-damage|p1a: Clefable|8/100
|move|p1a: Clefable|Moonblast|p2a: PJ
|-damage|p2a: PJ|5/100
|
|-heal|p1a: Clefable|14/100|[from] item: Leftovers
|upkeep
|turn|31
|
|t:|1661536476
|move|p2a: PJ|Volt Switch|p1a: Clefable
|-damage|p1a: Clefable|0 fnt
|faint|p1a: Clefable
|
|win|LT94JE StC
|raw|Color my life's rating: 1745 &rarr; <strong>1730</strong><br />(-15 for losing)
|raw|LT94JE StC's rating: 1835 &rarr; <strong>1850</strong><br />(+15 for winning)
|l|☆Color my life
|c|☆LT94JE StC|phew
|l|☆LT94JE StC
||Ladder isn't responding, score probably updated but might not have (Request timeout).
