|raw|<div class="broadcast-blue"><strong>This battle is required to be public due to a player having a name starting with 'lt83aq'.</div>
|j|☆Orangesss
|j|☆LT83AQ EL NANO
|t:|1626454744
|gametype|singles
|player|p1|Orangesss|silver|1657
|player|p2|LT83AQ EL NANO|barry|1789
|teamsize|p1|6
|teamsize|p2|6
|gen|8
|tier|[Gen 8] OU
|rated|
|rule|Sleep Clause Mod: Limit one foe put to sleep
|rule|Species Clause: Limit one of each Pokémon
|rule|OHKO Clause: OHKO moves are banned
|rule|Evasion Moves Clause: Evasion moves are banned
|rule|Endless Battle Clause: Forcing endless battles is banned
|rule|HP Percentage Mod: HP is shown in percentages
|rule|Dynamax Clause: You cannot dynamax
|clearpoke
|poke|p1|Pelipper, M|
|poke|p1|Barraskewda, M|
|poke|p1|Ferrothorn, F|
|poke|p1|Seismitoad, M|
|poke|p1|Tapu Koko|
|poke|p1|Tornadus-Therian, M|
|poke|p2|Dragapult, F|
|poke|p2|Volcarona, M|
|poke|p2|Mew|
|poke|p2|Garchomp, M|
|poke|p2|Cloyster, M|
|poke|p2|Bisharp, M|
|teampreview
|inactive|Battle timer is ON: inactive players will automatically lose when time's up. (requested by Orangesss)
|
|t:|1626454751
|start
|switch|p1a: Speed Overdose|Tapu Koko|100/100
|switch|p2a: Mew|Mew|100/100
|-fieldstart|move: Electric Terrain|[from] ability: Electric Surge|[of] p1a: Speed Overdose
|turn|1
|
|t:|1626454755
|move|p1a: Speed Overdose|Volt Switch|p2a: Mew
|-damage|p2a: Mew|55/100
|
|t:|1626454760
|switch|p1a: Tornadus|Tornadus-Therian, M|100/100|[from]move: Volt Switch
|move|p2a: Mew|Stealth Rock|p1a: Tornadus
|-sidestart|p1: Orangesss|move: Stealth Rock
|
|upkeep
|turn|2
|
|t:|1626454773
|move|p1a: Tornadus|Knock Off|p2a: Mew
|-supereffective|p2a: Mew
|-enditem|p2a: Mew|Colbur Berry|[eat]
|-enditem|p2a: Mew|Colbur Berry|[weaken]
|-damage|p2a: Mew|37/100
|move|p2a: Mew|Thunder Wave|p1a: Tornadus
|-status|p1a: Tornadus|par
|
|upkeep
|turn|3
|j| OUTK Down$hift
|j| LT83A Quaze
|j| LT83AQ V95
|inactive|Orangesss has 120 seconds left.
|inactive|Orangesss has 90 seconds left.
|
|t:|1626454836
|move|p2a: Mew|Spikes|p1a: Tornadus
|-sidestart|p1: Orangesss|Spikes
|move|p1a: Tornadus|U-turn|p2a: Mew
|-supereffective|p2a: Mew
|-damage|p2a: Mew|15/100
|j| LT83AQ Kibo
|inactive|Orangesss has 90 seconds left.
|
|t:|1626454844
|switch|p1a: Big Gulp sponsor|Pelipper, M|100/100|[from]move: U-turn
|-damage|p1a: Big Gulp sponsor|76/100|[from] Stealth Rock
|-weather|RainDance|[from] ability: Drizzle|[of] p1a: Big Gulp sponsor
|
|-weather|RainDance|[upkeep]
|upkeep
|turn|4
|
|t:|1626454848
|move|p2a: Mew|Taunt|p1a: Big Gulp sponsor
|-start|p1a: Big Gulp sponsor|move: Taunt
|cant|p1a: Big Gulp sponsor|move: Taunt|Defog
|
|-weather|RainDance|[upkeep]
|upkeep
|turn|5
|
|t:|1626454851
|move|p2a: Mew|Thunder Wave|p1a: Big Gulp sponsor
|-status|p1a: Big Gulp sponsor|par
|move|p1a: Big Gulp sponsor|Scald|p2a: Mew
|-damage|p2a: Mew|0 fnt
|faint|p2a: Mew
|
|-weather|RainDance|[upkeep]
|-fieldend|move: Electric Terrain
|upkeep
|
|t:|1626454860
|switch|p2a: Cloyster|Cloyster, M|100/100
|turn|6
|n| LT83AQ Down$hift|outkdownhift
|inactive|Orangesss has 120 seconds left.
|
|t:|1626454868
|move|p2a: Cloyster|Shell Smash|p2a: Cloyster
|-unboost|p2a: Cloyster|def|1
|-unboost|p2a: Cloyster|spd|1
|-boost|p2a: Cloyster|atk|2
|-boost|p2a: Cloyster|spa|2
|-boost|p2a: Cloyster|spe|2
|cant|p1a: Big Gulp sponsor|par
|
|-weather|RainDance|[upkeep]
|-end|p1a: Big Gulp sponsor|move: Taunt
|upkeep
|turn|7
|
|t:|1626454871
|move|p2a: Cloyster|Icicle Spear|p1a: Big Gulp sponsor
|-damage|p1a: Big Gulp sponsor|59/100 par
|-damage|p1a: Big Gulp sponsor|40/100 par
|-damage|p1a: Big Gulp sponsor|22/100 par
|-damage|p1a: Big Gulp sponsor|5/100 par
|-damage|p1a: Big Gulp sponsor|0 fnt
|faint|p1a: Big Gulp sponsor
|-hitcount|p1: Big Gulp sponsor|5
|
|-weather|RainDance|[upkeep]
|upkeep
|
|t:|1626454881
|switch|p1a: One fish two fish|Barraskewda, M|100/100
|-damage|p1a: One fish two fish|88/100|[from] Spikes
|-damage|p1a: One fish two fish|76/100|[from] Stealth Rock
|turn|8
|
|t:|1626454883
|move|p1a: One fish two fish|Close Combat|p2a: Cloyster
|-supereffective|p2a: Cloyster
|-enditem|p2a: Cloyster|Focus Sash
|-damage|p2a: Cloyster|1/100
|-unboost|p1a: One fish two fish|def|1
|-unboost|p1a: One fish two fish|spd|1
|move|p2a: Cloyster|Icicle Spear|p1a: One fish two fish
|-resisted|p1a: One fish two fish
|-damage|p1a: One fish two fish|39/100
|-resisted|p1a: One fish two fish
|-crit|p1a: One fish two fish
|-damage|p1a: One fish two fish|0 fnt
|faint|p1a: One fish two fish
|-hitcount|p1: One fish two fish|2
|
|-weather|RainDance|[upkeep]
|upkeep
|-message|Orangesss forfeited.
|
|win|LT83AQ EL NANO
|raw|Orangesss's rating: 1657 &rarr; <strong>1644</strong><br />(-13 for losing)
|raw|LT83AQ EL NANO's rating: 1789 &rarr; <strong>1802</strong><br />(+13 for winning)
|l|☆Orangesss
|l|☆LT83AQ EL NANO
|j| Der Waldgang
