|j|☆yung_iznamakin
|j|☆Baezel
|t:|1648573157
|gametype|singles
|player|p1|yung_iznamakin|brendan-gen3|1352
|player|p2|Baezel|benga|1309
|teamsize|p1|6
|teamsize|p2|6
|gen|8
|tier|[Gen 8] OU
|rated|
|rule|Sleep Clause Mod: Limit one foe put to sleep
|rule|Species Clause: Limit one of each Pokémon
|rule|OHKO Clause: OHKO moves are banned
|rule|Evasion Moves Clause: Evasion moves are banned
|rule|Endless Battle Clause: Forcing endless battles is banned
|rule|HP Percentage Mod: HP is shown in percentages
|rule|Dynamax Clause: You cannot dynamax
|clearpoke
|poke|p1|Dragapult, M|
|poke|p1|Buzzwole|
|poke|p1|Magnezone|
|poke|p1|Ludicolo, M|
|poke|p1|Blissey, F|
|poke|p1|Mandibuzz, F|
|poke|p2|Dragapult, F|
|poke|p2|Regieleki|
|poke|p2|Ribombee, M|
|poke|p2|Volcarona, M|
|poke|p2|Tapu Fini|
|poke|p2|Landorus-Therian, M|
|teampreview
|inactive|Battle timer is ON: inactive players will automatically lose when time's up. (requested by yung_iznamakin)
|
|t:|1648573167
|start
|switch|p1a: Blissey|Blissey, F|100/100
|switch|p2a: Regieleki|Regieleki|100/100
|turn|1
|
|t:|1648573173
|move|p2a: Regieleki|Light Screen|p2a: Regieleki
|-sidestart|p2: Baezel|move: Light Screen
|move|p1a: Blissey|Rain Dance|p1a: Blissey
|-weather|RainDance
|
|-weather|RainDance|[upkeep]
|upkeep
|turn|2
|
|t:|1648573178
|move|p2a: Regieleki|Reflect|p2a: Regieleki
|-sidestart|p2: Baezel|Reflect
|move|p1a: Blissey|Teleport|p1a: Blissey
|
|t:|1648573180
|switch|p1a: Ludicolo|Ludicolo, M|100/100|[from]move: Teleport
|
|-weather|RainDance|[upkeep]
|upkeep
|turn|3
|
|t:|1648573190
|move|p2a: Regieleki|Volt Switch|p1a: Ludicolo
|-damage|p1a: Ludicolo|63/100
|
|t:|1648573196
|switch|p2a: Tapu Fini|Tapu Fini, shiny|100/100|[from]move: Volt Switch
|-fieldstart|move: Misty Terrain|[from] ability: Misty Surge|[of] p2a: Tapu Fini
|move|p1a: Ludicolo|Weather Ball|p2a: Tapu Fini
|-resisted|p2a: Tapu Fini
|-damage|p2a: Tapu Fini|81/100
|
|-weather|RainDance|[upkeep]
|-heal|p2a: Tapu Fini|87/100|[from] item: Leftovers
|upkeep
|turn|4
|
|t:|1648573205
|switch|p1a: Mandibuzz|Mandibuzz, F|100/100
|move|p2a: Tapu Fini|Moonblast|p1a: Mandibuzz
|-supereffective|p1a: Mandibuzz
|-damage|p1a: Mandibuzz|48/100
|
|-weather|RainDance|[upkeep]
|-heal|p2a: Tapu Fini|94/100|[from] item: Leftovers
|upkeep
|turn|5
|
|t:|1648573213
|switch|p1a: Magnezone|Magnezone|100/100
|move|p2a: Tapu Fini|Moonblast|p1a: Magnezone
|-resisted|p1a: Magnezone
|-damage|p1a: Magnezone|78/100
|
|-weather|none
|-heal|p1a: Magnezone|84/100|[from] item: Leftovers
|-heal|p2a: Tapu Fini|99/100|[from] item: Leftovers
|upkeep
|turn|6
|
|t:|1648573222
|switch|p2a: Volcarona|Volcarona, M|100/100
|move|p1a: Magnezone|Flash Cannon|p2a: Volcarona
|-resisted|p2a: Volcarona
|-damage|p2a: Volcarona|91/100
|
|-heal|p1a: Magnezone|90/100|[from] item: Leftovers
|upkeep
|turn|7
|
|t:|1648573229
|switch|p1a: Dragapult|Dragapult, M|100/100
|move|p2a: Volcarona|Quiver Dance|p2a: Volcarona
|-boost|p2a: Volcarona|spa|1
|-boost|p2a: Volcarona|spd|1
|-boost|p2a: Volcarona|spe|1
|
|-fieldend|Misty Terrain
|upkeep
|turn|8
|
|t:|1648573236
|move|p2a: Volcarona|Quiver Dance|p2a: Volcarona
|-boost|p2a: Volcarona|spa|1
|-boost|p2a: Volcarona|spd|1
|-boost|p2a: Volcarona|spe|1
|move|p1a: Dragapult|Dragon Dance|p1a: Dragapult
|-boost|p1a: Dragapult|atk|1
|-boost|p1a: Dragapult|spe|1
|
|-sideend|p2: Baezel|move: Light Screen
|upkeep
|turn|9
|
|t:|1648573243
|move|p2a: Volcarona|Fiery Dance|p1a: Dragapult
|-resisted|p1a: Dragapult
|-damage|p1a: Dragapult|39/100
|-boost|p2a: Volcarona|spa|1
|move|p1a: Dragapult|Dragon Dance|p1a: Dragapult
|-boost|p1a: Dragapult|atk|1
|-boost|p1a: Dragapult|spe|1
|
|-heal|p1a: Dragapult|45/100|[from] item: Leftovers
|-sideend|p2: Baezel|Reflect
|upkeep
|turn|10
|
|t:|1648573255
|switch|p2a: Tapu Fini|Tapu Fini, shiny|99/100
|-fieldstart|move: Misty Terrain|[from] ability: Misty Surge|[of] p2a: Tapu Fini
|move|p1a: Dragapult|Dragon Darts|p2a: Tapu Fini
|-immune|p2a: Tapu Fini
|
|-heal|p1a: Dragapult|51/100|[from] item: Leftovers
|-heal|p2a: Tapu Fini|100/100|[from] item: Leftovers
|upkeep
|turn|11
|
|t:|1648573264
|switch|p1a: Magnezone|Magnezone|90/100
|move|p2a: Tapu Fini|Moonblast|p1a: Magnezone
|-resisted|p1a: Magnezone
|-damage|p1a: Magnezone|68/100
|
|-heal|p1a: Magnezone|74/100|[from] item: Leftovers
|upkeep
|turn|12
|
|t:|1648573273
|switch|p1a: Blissey|Blissey, F|100/100
|move|p2a: Tapu Fini|Calm Mind|p2a: Tapu Fini
|-boost|p2a: Tapu Fini|spa|1
|-boost|p2a: Tapu Fini|spd|1
|
|upkeep
|turn|13
|
|t:|1648573281
|move|p2a: Tapu Fini|Scald|p1a: Blissey
|-damage|p1a: Blissey|82/100
|move|p1a: Blissey|Teleport|p1a: Blissey
|
|t:|1648573285
|switch|p1a: Magnezone|Magnezone|74/100|[from]move: Teleport
|
|-heal|p1a: Magnezone|80/100|[from] item: Leftovers
|upkeep
|turn|14
|
|t:|1648573293
|switch|p2a: Landorus|Landorus-Therian, M|100/100
|-ability|p2a: Landorus|Intimidate|boost
|-unboost|p1a: Magnezone|atk|1
|move|p1a: Magnezone|Thunderbolt|p2a: Landorus
|-immune|p2a: Landorus
|
|-heal|p1a: Magnezone|86/100|[from] item: Leftovers
|-fieldend|Misty Terrain
|upkeep
|turn|15
|
|t:|1648573303
|switch|p1a: Buzzwole|Buzzwole|100/100
|move|p2a: Landorus|Knock Off|p1a: Buzzwole
|-resisted|p1a: Buzzwole
|-damage|p1a: Buzzwole|94/100
|-damage|p2a: Landorus|84/100|[from] item: Rocky Helmet|[of] p1a: Buzzwole
|-enditem|p1a: Buzzwole|Rocky Helmet|[from] move: Knock Off|[of] p2a: Landorus
|
|-heal|p2a: Landorus|90/100|[from] item: Leftovers
|upkeep
|turn|16
|
|t:|1648573312
|move|p2a: Landorus|U-turn|p1a: Buzzwole
|-resisted|p1a: Buzzwole
|-damage|p1a: Buzzwole|89/100
|
|t:|1648573315
|switch|p2a: Tapu Fini|Tapu Fini, shiny|100/100|[from]move: U-turn
|-fieldstart|move: Misty Terrain|[from] ability: Misty Surge|[of] p2a: Tapu Fini
|move|p1a: Buzzwole|Bulk Up|p1a: Buzzwole
|-boost|p1a: Buzzwole|atk|1
|-boost|p1a: Buzzwole|def|1
|
|upkeep
|turn|17
|
|t:|1648573325
|switch|p1a: Blissey|Blissey, F|82/100
|move|p2a: Tapu Fini|Moonblast|p1a: Blissey
|-damage|p1a: Blissey|68/100
|
|upkeep
|turn|18
|
|t:|1648573330
|move|p2a: Tapu Fini|Scald|p1a: Blissey
|-damage|p1a: Blissey|57/100
|move|p1a: Blissey|Rain Dance|p1a: Blissey
|-weather|RainDance
|
|-weather|RainDance|[upkeep]
|upkeep
|turn|19
|
|t:|1648573337
|move|p2a: Tapu Fini|Scald|p1a: Blissey
|-damage|p1a: Blissey|40/100
|move|p1a: Blissey|Teleport|p1a: Blissey
|
|t:|1648573341
|switch|p1a: Ludicolo|Ludicolo, M|63/100|[from]move: Teleport
|
|-weather|RainDance|[upkeep]
|upkeep
|turn|20
|
|t:|1648573347
|move|p1a: Ludicolo|Weather Ball|p2a: Tapu Fini
|-resisted|p2a: Tapu Fini
|-damage|p2a: Tapu Fini|62/100
|move|p2a: Tapu Fini|Moonblast|p1a: Ludicolo
|-damage|p1a: Ludicolo|23/100
|
|-weather|RainDance|[upkeep]
|-heal|p2a: Tapu Fini|68/100|[from] item: Leftovers
|-fieldend|Misty Terrain
|upkeep
|turn|21
|
|t:|1648573356
|move|p1a: Ludicolo|Weather Ball|p2a: Tapu Fini
|-resisted|p2a: Tapu Fini
|-damage|p2a: Tapu Fini|28/100
|move|p2a: Tapu Fini|Moonblast|p1a: Ludicolo
|-damage|p1a: Ludicolo|0 fnt
|faint|p1a: Ludicolo
|
|-weather|RainDance|[upkeep]
|-heal|p2a: Tapu Fini|34/100|[from] item: Leftovers
|upkeep
|
|t:|1648573365
|switch|p1a: Magnezone|Magnezone|86/100
|turn|22
|
|t:|1648573377
|switch|p1a: Dragapult|Dragapult, M|51/100
|switch|p2a: Landorus|Landorus-Therian, M|90/100
|-ability|p2a: Landorus|Intimidate|boost
|-unboost|p1a: Dragapult|atk|1
|
|-weather|none
|-heal|p1a: Dragapult|57/100|[from] item: Leftovers
|-heal|p2a: Landorus|96/100|[from] item: Leftovers
|upkeep
|turn|23
|
|t:|1648573387
|switch|p1a: Mandibuzz|Mandibuzz, F|48/100
|move|p2a: Landorus|Knock Off|p1a: Mandibuzz
|-resisted|p1a: Mandibuzz
|-damage|p1a: Mandibuzz|38/100
|-enditem|p1a: Mandibuzz|Heavy-Duty Boots|[from] move: Knock Off|[of] p2a: Landorus
|
|-heal|p2a: Landorus|100/100|[from] item: Leftovers
|upkeep
|turn|24
|
|t:|1648573395
|move|p2a: Landorus|Stealth Rock|p1a: Mandibuzz
|-sidestart|p1: yung_iznamakin|move: Stealth Rock
|move|p1a: Mandibuzz|U-turn|p2a: Landorus
|-resisted|p2a: Landorus
|-damage|p2a: Landorus|95/100
|-message|yung_iznamakin forfeited.
|
|win|Baezel
|raw|yung_iznamakin's rating: 1352 &rarr; <strong>1330</strong><br />(-22 for losing)
|raw|Baezel's rating: 1309 &rarr; <strong>1331</strong><br />(+22 for winning)
|l|☆yung_iznamakin
