|j|☆Down$hift
|j|☆ty-tyui↻
|t:|1664724171
|gametype|singles
|player|p1|Down$hift|teamrocket|1658
|player|p2|ty-tyui↻|butler|1664
|teamsize|p1|6
|teamsize|p2|6
|gen|8
|tier|[Gen 8] OU
|rated|
|rule|Sleep Clause Mod: Limit one foe put to sleep
|rule|Species Clause: Limit one of each Pokémon
|rule|OHKO Clause: OHKO moves are banned
|rule|Evasion Items Clause: Evasion items are banned
|rule|Evasion Moves Clause: Evasion moves are banned
|rule|Endless Battle Clause: Forcing endless battles is banned
|rule|HP Percentage Mod: HP is shown in percentages
|rule|Dynamax Clause: You cannot dynamax
|clearpoke
|poke|p1|Dragalge, F|
|poke|p1|Urshifu-*, F|
|poke|p1|Magnezone|
|poke|p1|Corviknight, F|
|poke|p1|Tornadus-Therian, M|
|poke|p1|Mamoswine, M|
|poke|p2|Obstagoon, M|
|poke|p2|Landorus-Therian, M|
|poke|p2|Dragapult, F|
|poke|p2|Heatran, F|
|poke|p2|Tapu Fini|
|poke|p2|Tapu Lele|
|teampreview
|c|☆Down$hift|Hf
|
|t:|1664724181
|start
|switch|p1a: Trifecta|Urshifu-Rapid-Strike, F|100/100
|switch|p2a: Obstagoon|Obstagoon, M|100/100
|turn|1
|
|t:|1664724188
|switch|p2a: Tapu Fini|Tapu Fini|100/100
|-fieldstart|move: Misty Terrain|[from] ability: Misty Surge|[of] p2a: Tapu Fini
|move|p1a: Trifecta|Surging Strikes|p2a: Tapu Fini
|-resisted|p2a: Tapu Fini
|-crit|p2a: Tapu Fini
|-damage|p2a: Tapu Fini|89/100
|-resisted|p2a: Tapu Fini
|-crit|p2a: Tapu Fini
|-damage|p2a: Tapu Fini|77/100
|-resisted|p2a: Tapu Fini
|-crit|p2a: Tapu Fini
|-damage|p2a: Tapu Fini|65/100
|-hitcount|p2a: Tapu Fini|3
|
|-heal|p2a: Tapu Fini|71/100|[from] item: Leftovers
|upkeep
|turn|2
|
|t:|1664724194
|switch|p1a: Torn Anus|Tornadus-Therian, M|100/100
|move|p2a: Tapu Fini|Scald|p1a: Torn Anus
|-damage|p1a: Torn Anus|82/100
|
|-heal|p2a: Tapu Fini|78/100|[from] item: Leftovers
|upkeep
|turn|3
|
|t:|1664724199
|switch|p2a: Landorus|Landorus-Therian, M|100/100
|-ability|p2a: Landorus|Intimidate|boost
|-unboost|p1a: Torn Anus|atk|1
|move|p1a: Torn Anus|Knock Off|p2a: Landorus
|-damage|p2a: Landorus|88/100
|-enditem|p2a: Landorus|Leftovers|[from] move: Knock Off|[of] p1a: Torn Anus
|
|upkeep
|turn|4
|
|t:|1664724205
|move|p1a: Torn Anus|U-turn|p2a: Landorus
|-resisted|p2a: Landorus
|-damage|p2a: Landorus|83/100
|
|t:|1664724209
|switch|p1a: Excalibird|Corviknight, F|100/100|[from]move: U-turn
|-ability|p1a: Excalibird|Pressure
|move|p2a: Landorus|U-turn|p1a: Excalibird
|-resisted|p1a: Excalibird
|-damage|p1a: Excalibird|97/100
|
|t:|1664724212
|switch|p2a: Heatran|Heatran, F|100/100|[from]move: U-turn
|
|-heal|p1a: Excalibird|100/100|[from] item: Leftovers
|upkeep
|turn|5
|
|t:|1664724216
|switch|p1a: Trifecta|Urshifu-Rapid-Strike, F|100/100
|move|p2a: Heatran|Stealth Rock|p1a: Trifecta
|-sidestart|p1: Down$hift|move: Stealth Rock
|
|-fieldend|Misty Terrain
|upkeep
|turn|6
|
|t:|1664724220
|switch|p2a: Dragapult|Dragapult, F|100/100
|move|p1a: Trifecta|Surging Strikes|p2a: Dragapult
|-resisted|p2a: Dragapult
|-crit|p2a: Dragapult
|-damage|p2a: Dragapult|78/100
|-resisted|p2a: Dragapult
|-crit|p2a: Dragapult
|-damage|p2a: Dragapult|56/100
|-resisted|p2a: Dragapult
|-crit|p2a: Dragapult
|-damage|p2a: Dragapult|34/100
|-hitcount|p2a: Dragapult|3
|
|upkeep
|turn|7
|
|t:|1664724232
|switch|p1a: Torn Anus|Tornadus-Therian, M|100/100
|-damage|p1a: Torn Anus|76/100|[from] Stealth Rock
|move|p2a: Dragapult|Draco Meteor|p1a: Torn Anus
|-damage|p1a: Torn Anus|22/100
|-unboost|p2a: Dragapult|spa|2
|
|upkeep
|turn|8
|
|t:|1664724242
|move|p2a: Dragapult|Draco Meteor|p1a: Torn Anus
|-damage|p1a: Torn Anus|0 fnt
|-unboost|p2a: Dragapult|spa|2
|faint|p1a: Torn Anus
|
|upkeep
|
|t:|1664724249
|switch|p1a: Serene Grace|Mamoswine, M|100/100
|-damage|p1a: Serene Grace|88/100|[from] Stealth Rock
|turn|9
|
|t:|1664724255
|switch|p2a: Tapu Fini|Tapu Fini|78/100
|-fieldstart|move: Misty Terrain|[from] ability: Misty Surge|[of] p2a: Tapu Fini
|move|p1a: Serene Grace|Stealth Rock|p2a: Tapu Fini
|-sidestart|p2: ty-tyui↻|move: Stealth Rock
|
|-heal|p2a: Tapu Fini|84/100|[from] item: Leftovers
|upkeep
|turn|10
|
|t:|1664724259
|switch|p1a: Weedra|Dragalge, F, shiny|100/100
|-damage|p1a: Weedra|88/100|[from] Stealth Rock
|move|p2a: Tapu Fini|Scald|p1a: Weedra
|-resisted|p1a: Weedra
|-damage|p1a: Weedra|77/100
|
|-heal|p2a: Tapu Fini|90/100|[from] item: Leftovers
|-heal|p1a: Weedra|83/100|[from] item: Black Sludge
|upkeep
|turn|11
|
|t:|1664724265
|switch|p2a: Landorus|Landorus-Therian, M|83/100
|-damage|p2a: Landorus|71/100|[from] Stealth Rock
|-ability|p2a: Landorus|Intimidate|boost
|-unboost|p1a: Weedra|atk|1
|move|p1a: Weedra|Flip Turn|p2a: Landorus
|-supereffective|p2a: Landorus
|-damage|p2a: Landorus|58/100
|
|t:|1664724270
|switch|p1a: Serene Grace|Mamoswine, M|88/100|[from]move: Flip Turn
|-damage|p1a: Serene Grace|76/100|[from] Stealth Rock
|
|upkeep
|turn|12
|
|t:|1664724273
|switch|p2a: Tapu Fini|Tapu Fini|90/100
|-damage|p2a: Tapu Fini|77/100|[from] Stealth Rock
|move|p1a: Serene Grace|Icicle Crash|p2a: Tapu Fini
|-resisted|p2a: Tapu Fini
|-damage|p2a: Tapu Fini|55/100
|
|-heal|p2a: Tapu Fini|61/100|[from] item: Leftovers
|upkeep
|turn|13
|
|t:|1664724279
|switch|p1a: Weedra|Dragalge, F, shiny|83/100
|-damage|p1a: Weedra|71/100|[from] Stealth Rock
|switch|p2a: Landorus|Landorus-Therian, M|58/100
|-damage|p2a: Landorus|45/100|[from] Stealth Rock
|-ability|p2a: Landorus|Intimidate|boost
|-unboost|p1a: Weedra|atk|1
|
|-heal|p1a: Weedra|77/100|[from] item: Black Sludge
|-fieldend|Misty Terrain
|upkeep
|turn|14
|
|t:|1664724283
|switch|p1a: Excalibird|Corviknight, F|100/100
|-damage|p1a: Excalibird|88/100|[from] Stealth Rock
|-ability|p1a: Excalibird|Pressure
|move|p2a: Landorus|U-turn|p1a: Excalibird
|-resisted|p1a: Excalibird
|-damage|p1a: Excalibird|84/100
|
|t:|1664724286
|switch|p2a: Heatran|Heatran, F|100/100|[from]move: U-turn
|-damage|p2a: Heatran|88/100|[from] Stealth Rock
|
|-heal|p2a: Heatran|94/100|[from] item: Leftovers
|-heal|p1a: Excalibird|91/100|[from] item: Leftovers
|upkeep
|turn|15
|
|t:|1664724293
|move|p2a: Heatran|Magma Storm|p1a: Excalibird
|-supereffective|p1a: Excalibird
|-damage|p1a: Excalibird|13/100
|-activate|p1a: Excalibird|move: Magma Storm|[of] p2a: Heatran
|move|p1a: Excalibird|U-turn|p2a: Heatran
|-resisted|p2a: Heatran
|-damage|p2a: Heatran|91/100
|
|t:|1664724296
|switch|p1a: Trifecta|Urshifu-Rapid-Strike, F|100/100|[from]move: U-turn
|-damage|p1a: Trifecta|94/100|[from] Stealth Rock
|
|-heal|p2a: Heatran|98/100|[from] item: Leftovers
|upkeep
|turn|16
|
|t:|1664724299
|switch|p2a: Tapu Fini|Tapu Fini|61/100
|-damage|p2a: Tapu Fini|49/100|[from] Stealth Rock
|-fieldstart|move: Misty Terrain|[from] ability: Misty Surge|[of] p2a: Tapu Fini
|move|p1a: Trifecta|Surging Strikes|p2a: Tapu Fini
|-resisted|p2a: Tapu Fini
|-crit|p2a: Tapu Fini
|-damage|p2a: Tapu Fini|37/100
|-resisted|p2a: Tapu Fini
|-crit|p2a: Tapu Fini
|-damage|p2a: Tapu Fini|26/100
|-resisted|p2a: Tapu Fini
|-crit|p2a: Tapu Fini
|-damage|p2a: Tapu Fini|14/100
|-hitcount|p2a: Tapu Fini|3
|
|-heal|p2a: Tapu Fini|20/100|[from] item: Leftovers
|upkeep
|turn|17
|
|t:|1664724301
|move|p1a: Trifecta|Surging Strikes|p2a: Tapu Fini
|-resisted|p2a: Tapu Fini
|-crit|p2a: Tapu Fini
|-damage|p2a: Tapu Fini|9/100
|-resisted|p2a: Tapu Fini
|-crit|p2a: Tapu Fini
|-damage|p2a: Tapu Fini|0 fnt
|faint|p2a: Tapu Fini
|-hitcount|p2: Tapu Fini|2
|
|upkeep
|inactive|Battle timer is ON: inactive players will automatically lose when time's up. (requested by Down$hift)
|
|t:|1664724308
|switch|p2a: Tapu Lele|Tapu Lele|100/100
|-damage|p2a: Tapu Lele|88/100|[from] Stealth Rock
|-fieldstart|move: Psychic Terrain|[from] ability: Psychic Surge|[of] p2a: Tapu Lele
|turn|18
|
|t:|1664724311
|switch|p1a: Excalibird|Corviknight, F|13/100
|-damage|p1a: Excalibird|0 fnt|[from] Stealth Rock
|faint|p1a: Excalibird
|move|p2a: Tapu Lele|Psyshock|p1: Excalibird|[notarget]
|-fail|p2a: Tapu Lele
|
|upkeep
|
|t:|1664724315
|switch|p1a: $wagnezone|Magnezone, shiny|100/100
|-damage|p1a: $wagnezone|95/100|[from] Stealth Rock
|turn|19
|
|t:|1664724327
|switch|p2a: Landorus|Landorus-Therian, M|45/100
|-damage|p2a: Landorus|33/100|[from] Stealth Rock
|-ability|p2a: Landorus|Intimidate|boost
|-unboost|p1a: $wagnezone|atk|1
|switch|p1a: Trifecta|Urshifu-Rapid-Strike, F|94/100
|-damage|p1a: Trifecta|88/100|[from] Stealth Rock
|
|upkeep
|turn|20
|
|t:|1664724331
|move|p1a: Trifecta|Surging Strikes|p2a: Landorus
|-supereffective|p2a: Landorus
|-crit|p2a: Landorus
|-damage|p2a: Landorus|0 fnt
|faint|p2a: Landorus
|-hitcount|p2: Landorus|1
|
|upkeep
|
|t:|1664724336
|switch|p2a: Dragapult|Dragapult, F|34/100
|-damage|p2a: Dragapult|21/100|[from] Stealth Rock
|turn|21
|
|t:|1664724342
|switch|p1a: Weedra|Dragalge, F, shiny|77/100
|-damage|p1a: Weedra|65/100|[from] Stealth Rock
|move|p2a: Dragapult|Draco Meteor|p1a: Weedra|[miss]
|-miss|p2a: Dragapult|p1a: Weedra
|
|-heal|p1a: Weedra|71/100|[from] item: Black Sludge
|upkeep
|turn|22
|
|t:|1664724347
|switch|p1a: $wagnezone|Magnezone, shiny|95/100
|-damage|p1a: $wagnezone|89/100|[from] Stealth Rock
|move|p2a: Dragapult|Draco Meteor|p1a: $wagnezone
|-resisted|p1a: $wagnezone
|-damage|p1a: $wagnezone|31/100
|-unboost|p2a: Dragapult|spa|2
|
|-fieldend|move: Psychic Terrain
|upkeep
|turn|23
|
|t:|1664724356
|switch|p2a: Obstagoon|Obstagoon, M|100/100
|-damage|p2a: Obstagoon|88/100|[from] Stealth Rock
|move|p1a: $wagnezone|Volt Switch|p2a: Obstagoon
|-damage|p2a: Obstagoon|39/100
|
|t:|1664724364
|switch|p1a: Serene Grace|Mamoswine, M|76/100|[from]move: Volt Switch
|-damage|p1a: Serene Grace|63/100|[from] Stealth Rock
|
|-status|p2a: Obstagoon|brn|[from] item: Flame Orb
|upkeep
|turn|24
|
|t:|1664724369
|move|p1a: Serene Grace|Ice Shard|p2a: Obstagoon
|-damage|p2a: Obstagoon|12/100 brn
|move|p2a: Obstagoon|Facade|p1a: Serene Grace
|-damage|p1a: Serene Grace|0 fnt
|faint|p1a: Serene Grace
|
|-damage|p2a: Obstagoon|6/100 brn|[from] brn
|upkeep
|
|t:|1664724376
|switch|p1a: $wagnezone|Magnezone, shiny|31/100
|-damage|p1a: $wagnezone|25/100|[from] Stealth Rock
|turn|25
|
|t:|1664724379
|move|p1a: $wagnezone|Volt Switch|p2a: Obstagoon
|-damage|p2a: Obstagoon|0 fnt
|faint|p2a: Obstagoon
|
|t:|1664724381
|switch|p1a: Trifecta|Urshifu-Rapid-Strike, F|88/100|[from]move: Volt Switch
|-damage|p1a: Trifecta|82/100|[from] Stealth Rock
|
|upkeep
|
|t:|1664724383
|switch|p2a: Tapu Lele|Tapu Lele|88/100
|-damage|p2a: Tapu Lele|76/100|[from] Stealth Rock
|-fieldstart|move: Psychic Terrain|[from] ability: Psychic Surge|[of] p2a: Tapu Lele
|turn|26
|
|t:|1664724386
|move|p2a: Tapu Lele|Psyshock|p1a: Trifecta
|-supereffective|p1a: Trifecta
|-damage|p1a: Trifecta|0 fnt
|faint|p1a: Trifecta
|
|upkeep
|c|☆ty-tyui↻|gg
|-message|Down$hift forfeited.
|
|win|ty-tyui↻
|raw|Down$hift's rating: 1658 &rarr; <strong>1638</strong><br />(-20 for losing)
|raw|ty-tyui↻'s rating: 1664 &rarr; <strong>1684</strong><br />(+20 for winning)
