|j|☆The Last Hero
|j|☆wooloo test
|player|p1|The Last Hero|acetrainersnow|1778
|player|p2|wooloo test|lucas|1695
|teamsize|p1|6
|teamsize|p2|6
|gametype|singles
|gen|8
|tier|[Gen 8] OU
|rated|
|clearpoke
|poke|p1|Urshifu-*, M|
|poke|p1|Ditto|
|poke|p1|Slowbro, M|
|poke|p1|Excadrill, M|
|poke|p1|Mandibuzz, F|
|poke|p1|Clefable, F|
|poke|p2|Slowbro-Galar, F|
|poke|p2|Talonflame, M|
|poke|p2|Krookodile, F|
|poke|p2|Rillaboom, M|
|poke|p2|Primarina, M|
|poke|p2|Magnezone|
|rule|Sleep Clause Mod: Limit one foe put to sleep
|rule|Species Clause: Limit one of each Pokémon
|rule|OHKO Clause: OHKO moves are banned
|rule|Evasion Moves Clause: Evasion moves are banned
|rule|Endless Battle Clause: Forcing endless battles is banned
|rule|HP Percentage Mod: HP is shown in percentages
|rule|Dynamax Clause: You cannot dynamax
|teampreview
|
|start
|switch|p1a: Regina|Mandibuzz, F|100/100
|switch|p2a: Rillaboom|Rillaboom, M|100/100
|-fieldstart|move: Grassy Terrain|[from] ability: Grassy Surge|[of] p2a: Rillaboom
|turn|1
|j| m1ster Can S1r
|
|switch|p2a: Primarina|Primarina, M, shiny|100/100
|move|p1a: Regina|U-turn|p2a: Primarina
|-resisted|p2a: Primarina
|-damage|p2a: Primarina|95/100
|
|switch|p1a: Not a Poliwrath|Urshifu, M|100/100|[from]move: U-turn
|
|-heal|p2a: Primarina|100/100|[from] item: Leftovers
|upkeep
|turn|2
|
|switch|p2a: Slowbro|Slowbro-Galar, F|100/100
|move|p1a: Not a Poliwrath|U-turn|p2a: Slowbro
|-damage|p2a: Slowbro|76/100
|
|switch|p1a: Fabiole|Clefable, F|100/100|[from]move: U-turn
|
|-heal|p2a: Slowbro|82/100|[from] Grassy Terrain
|upkeep
|turn|3
|
|move|p1a: Fabiole|Calm Mind|p1a: Fabiole
|-boost|p1a: Fabiole|spa|1
|-boost|p1a: Fabiole|spd|1
|move|p2a: Slowbro|Calm Mind|p2a: Slowbro
|-boost|p2a: Slowbro|spa|1
|-boost|p2a: Slowbro|spd|1
|
|-heal|p2a: Slowbro|88/100|[from] Grassy Terrain
|upkeep
|turn|4
|
|move|p1a: Fabiole|Calm Mind|p1a: Fabiole
|-boost|p1a: Fabiole|spa|1
|-boost|p1a: Fabiole|spd|1
|move|p2a: Slowbro|Calm Mind|p2a: Slowbro
|-boost|p2a: Slowbro|spa|1
|-boost|p2a: Slowbro|spd|1
|
|-heal|p2a: Slowbro|94/100|[from] Grassy Terrain
|upkeep
|turn|5
|
|move|p1a: Fabiole|Thunder|p2a: Slowbro
|-damage|p2a: Slowbro|59/100
|move|p2a: Slowbro|Calm Mind|p2a: Slowbro
|-boost|p2a: Slowbro|spa|1
|-boost|p2a: Slowbro|spd|1
|
|-heal|p2a: Slowbro|65/100|[from] Grassy Terrain
|-fieldend|move: Grassy Terrain
|upkeep
|turn|6
|-activate|p2a: Slowbro|ability: Quick Draw
|
|switch|p1a: Sexcadrill|Excadrill, M|100/100
|-ability|p1a: Sexcadrill|Mold Breaker
|move|p2a: Slowbro|Psyshock|p1a: Sexcadrill
|-resisted|p1a: Sexcadrill
|-damage|p1a: Sexcadrill|54/100
|
|-heal|p1a: Sexcadrill|61/100|[from] item: Leftovers
|upkeep
|turn|7
|
|switch|p2a: Rillaboom|Rillaboom, M|100/100
|-fieldstart|move: Grassy Terrain|[from] ability: Grassy Surge|[of] p2a: Rillaboom
|move|p1a: Sexcadrill|Stealth Rock|p2a: Rillaboom
|-sidestart|p2: wooloo test|move: Stealth Rock
|
|-heal|p1a: Sexcadrill|67/100|[from] item: Leftovers
|-heal|p1a: Sexcadrill|73/100|[from] Grassy Terrain
|upkeep
|turn|8
|
|switch|p1a: Regina|Mandibuzz, F|100/100
|move|p2a: Rillaboom|Grassy Glide|p1a: Regina
|-resisted|p1a: Regina
|-damage|p1a: Regina|77/100
|-damage|p2a: Rillaboom|91/100|[from] item: Life Orb
|
|-heal|p2a: Rillaboom|97/100|[from] Grassy Terrain
|upkeep
|turn|9
|
|move|p2a: Rillaboom|Drain Punch|p1a: Regina
|-damage|p1a: Regina|51/100
|-heal|p2a: Rillaboom|100/100|[from] drain|[of] p1a: Regina
|-damage|p2a: Rillaboom|91/100|[from] item: Life Orb
|move|p1a: Regina|U-turn|p2a: Rillaboom
|-supereffective|p2a: Rillaboom
|-damage|p2a: Rillaboom|66/100
|
|switch|p1a: Not a Poliwrath|Urshifu, M|100/100|[from]move: U-turn
|
|-heal|p2a: Rillaboom|72/100|[from] Grassy Terrain
|upkeep
|turn|10
|
|switch|p2a: Krookodile|Krookodile, F|100/100
|-damage|p2a: Krookodile|94/100|[from] Stealth Rock
|move|p1a: Not a Poliwrath|Wicked Blow|p2a: Krookodile
|-resisted|p2a: Krookodile
|-crit|p2a: Krookodile
|-damage|p2a: Krookodile|33/100
|-setboost|p2a: Krookodile|atk|12|[from] ability: Anger Point
|
|-heal|p2a: Krookodile|39/100|[from] Grassy Terrain
|upkeep
|turn|11
|inactive|Battle timer is ON: inactive players will automatically lose when time's up. (requested by wooloo test)
|
|switch|p1a: Sexcadrill|Excadrill, M|73/100
|-ability|p1a: Sexcadrill|Mold Breaker
|move|p2a: Krookodile|Close Combat|p1a: Sexcadrill
|-supereffective|p1a: Sexcadrill
|-damage|p1a: Sexcadrill|0 fnt
|-unboost|p2a: Krookodile|def|1
|-unboost|p2a: Krookodile|spd|1
|faint|p1a: Sexcadrill
|
|-heal|p2a: Krookodile|46/100|[from] Grassy Terrain
|-fieldend|move: Grassy Terrain
|upkeep
|
|switch|p1a: Dittroll|Ditto|100/100
|-transform|p1a: Dittroll|p2a: Krookodile|[from] ability: Imposter
|turn|12
|
|move|p1a: Dittroll|Knock Off|p2a: Krookodile
|-resisted|p2a: Krookodile
|-damage|p2a: Krookodile|0 fnt
|-enditem|p2a: Krookodile|Choice Scarf|[from] move: Knock Off|[of] p1a: Dittroll
|faint|p2a: Krookodile
|
|upkeep
|
|switch|p2a: Rillaboom|Rillaboom, M|72/100
|-damage|p2a: Rillaboom|60/100|[from] Stealth Rock
|-fieldstart|move: Grassy Terrain|[from] ability: Grassy Surge|[of] p2a: Rillaboom
|turn|13
|
|switch|p1a: Regina|Mandibuzz, F|51/100
|move|p2a: Rillaboom|Grassy Glide|p1a: Regina
|-resisted|p1a: Regina
|-damage|p1a: Regina|26/100
|-damage|p2a: Rillaboom|50/100|[from] item: Life Orb
|
|-heal|p2a: Rillaboom|56/100|[from] Grassy Terrain
|upkeep
|turn|14
|
|move|p2a: Rillaboom|Drain Punch|p1a: Regina
|-damage|p1a: Regina|0 fnt
|-heal|p2a: Rillaboom|72/100|[from] drain|[of] p1a: Regina
|-damage|p2a: Rillaboom|62/100|[from] item: Life Orb
|faint|p1a: Regina
|
|-heal|p2a: Rillaboom|68/100|[from] Grassy Terrain
|upkeep
|
|switch|p1a: Not a Poliwrath|Urshifu, M|100/100
|turn|15
|
|move|p2a: Rillaboom|Grassy Glide|p1a: Not a Poliwrath
|-damage|p1a: Not a Poliwrath|33/100
|-damage|p2a: Rillaboom|58/100|[from] item: Life Orb
|move|p1a: Not a Poliwrath|Poison Jab|p2a: Rillaboom
|-supereffective|p2a: Rillaboom
|-damage|p2a: Rillaboom|0 fnt
|faint|p2a: Rillaboom
|
|-heal|p1a: Not a Poliwrath|39/100|[from] Grassy Terrain
|upkeep
|
|switch|p2a: Talonflame|Talonflame, M|100/100
|turn|16
|
|switch|p1a: Slow Pr0|Slowbro, M|100/100
|move|p2a: Talonflame|U-turn|p1a: Slow Pr0
|-supereffective|p1a: Slow Pr0
|-damage|p1a: Slow Pr0|81/100
|
|switch|p2a: Magnezone|Magnezone, shiny|100/100|[from]move: U-turn
|-damage|p2a: Magnezone|94/100|[from] Stealth Rock
|
|-heal|p2a: Magnezone|100/100|[from] Grassy Terrain
|-heal|p1a: Slow Pr0|87/100|[from] Grassy Terrain
|upkeep
|turn|17
|
|move|p2a: Magnezone|Volt Switch|p1a: Slow Pr0
|-supereffective|p1a: Slow Pr0
|-damage|p1a: Slow Pr0|13/100
|
|switch|p2a: Talonflame|Talonflame, M|100/100|[from]move: Volt Switch
|move|p1a: Slow Pr0|Teleport|p1a: Slow Pr0
|
|switch|p1a: Dittroll|Ditto|100/100|[from]move: Teleport
|-transform|p1a: Dittroll|p2a: Talonflame|[from] ability: Imposter
|
|-fieldend|move: Grassy Terrain
|upkeep
|turn|18
|
|switch|p2a: Slowbro|Slowbro-Galar, F|65/100
|-damage|p2a: Slowbro|53/100|[from] Stealth Rock
|move|p1a: Dittroll|U-turn|p2a: Slowbro
|-damage|p2a: Slowbro|41/100
|
|switch|p1a: Not a Poliwrath|Urshifu, M|39/100|[from]move: U-turn
|
|upkeep
|turn|19
|
|move|p1a: Not a Poliwrath|Wicked Blow|p2a: Slowbro
|-supereffective|p2a: Slowbro
|-crit|p2a: Slowbro
|-damage|p2a: Slowbro|0 fnt
|faint|p2a: Slowbro
|
|upkeep
|
|switch|p2a: Talonflame|Talonflame, M|100/100
|turn|20
|
|switch|p1a: Fabiole|Clefable, F|100/100
|move|p2a: Talonflame|U-turn|p1a: Fabiole
|-resisted|p1a: Fabiole
|-damage|p1a: Fabiole|93/100
|
|switch|p2a: Magnezone|Magnezone, shiny|100/100|[from]move: U-turn
|-damage|p2a: Magnezone|94/100|[from] Stealth Rock
|
|upkeep
|turn|21
|j| TheThorn
|
|move|p2a: Magnezone|Flash Cannon|p1a: Fabiole
|-supereffective|p1a: Fabiole
|-damage|p1a: Fabiole|11/100
|move|p1a: Fabiole|Soft-Boiled|p1a: Fabiole
|-heal|p1a: Fabiole|61/100
|
|upkeep
|turn|22
|
|switch|p1a: Dittroll|Ditto|100/100
|-transform|p1a: Dittroll|p2a: Magnezone|[from] ability: Imposter
|move|p2a: Magnezone|Discharge|p1a: Dittroll
|-resisted|p1a: Dittroll
|-damage|p1a: Dittroll|76/100
|
|upkeep
|turn|23
|
|move|p1a: Dittroll|Body Press|p2a: Magnezone
|-supereffective|p2a: Magnezone
|-damage|p2a: Magnezone|56/100
|move|p2a: Magnezone|Volt Switch|p1a: Dittroll
|-resisted|p1a: Dittroll
|-damage|p1a: Dittroll|53/100
|
|switch|p2a: Primarina|Primarina, M, shiny|100/100|[from]move: Volt Switch
|-damage|p2a: Primarina|88/100|[from] Stealth Rock
|
|-heal|p2a: Primarina|94/100|[from] item: Leftovers
|upkeep
|turn|24
|
|switch|p1a: Fabiole|Clefable, F|61/100
|move|p2a: Primarina|Substitute|p2a: Primarina
|-start|p2a: Primarina|Substitute
|-damage|p2a: Primarina|69/100
|
|-heal|p2a: Primarina|75/100|[from] item: Leftovers
|upkeep
|turn|25
|
|move|p2a: Primarina|Calm Mind|p2a: Primarina
|-boost|p2a: Primarina|spa|1
|-boost|p2a: Primarina|spd|1
|move|p1a: Fabiole|Moonblast|p2a: Primarina
|-activate|p2a: Primarina|move: Substitute|[damage]
|
|-heal|p2a: Primarina|81/100|[from] item: Leftovers
|upkeep
|turn|26
|
|move|p2a: Primarina|Calm Mind|p2a: Primarina
|-boost|p2a: Primarina|spa|1
|-boost|p2a: Primarina|spd|1
|move|p1a: Fabiole|Moonblast|p2a: Primarina
|-end|p2a: Primarina|Substitute
|
|-heal|p2a: Primarina|88/100|[from] item: Leftovers
|upkeep
|turn|27
|
|move|p2a: Primarina|Substitute|p2a: Primarina
|-start|p2a: Primarina|Substitute
|-damage|p2a: Primarina|63/100
|move|p1a: Fabiole|Thunder|p2a: Primarina
|-supereffective|p2a: Primarina
|-activate|p2a: Primarina|move: Substitute|[damage]
|
|-heal|p2a: Primarina|69/100|[from] item: Leftovers
|upkeep
|turn|28
|
|move|p2a: Primarina|Calm Mind|p2a: Primarina
|-boost|p2a: Primarina|spa|1
|-boost|p2a: Primarina|spd|1
|move|p1a: Fabiole|Thunder|p2a: Primarina|[miss]
|-miss|p1a: Fabiole|p2a: Primarina
|
|-heal|p2a: Primarina|75/100|[from] item: Leftovers
|upkeep
|turn|29
|-message|The Last Hero forfeited.
|
|win|wooloo test
|l|☆The Last Hero
|l| TheThorn
||Ladder (probably) updated, but score could not be retrieved (Request timeout).
