|j|☆superidiotguypass
|j|☆Oryen
|inactive|Battle timer is ON: inactive players will automatically lose when time's up.
|t:|1653055479
|gametype|singles
|player|p1|superidiotguypass|170|
|player|p2|Oryen|bruno-gen1|
|teamsize|p1|6
|teamsize|p2|6
|gen|8
|tier|[Gen 8] OU
|rated|Tournament battle
|rule|Sleep Clause Mod: Limit one foe put to sleep
|rule|Species Clause: Limit one of each Pokémon
|rule|OHKO Clause: OHKO moves are banned
|rule|Evasion Moves Clause: Evasion moves are banned
|rule|Endless Battle Clause: Forcing endless battles is banned
|rule|HP Percentage Mod: HP is shown in percentages
|rule|Dynamax Clause: You cannot dynamax
|clearpoke
|poke|p1|Liepard, M|
|poke|p1|Weavile, F|
|poke|p1|Cursola, F|
|poke|p1|Golisopod, F|
|poke|p1|Garchomp, M|
|poke|p1|Blaziken, F|
|poke|p2|Musharna, M|
|poke|p2|Lopunny, M|
|poke|p2|Nidoking, M|
|poke|p2|Trevenant, F|
|poke|p2|Noivern, F|
|poke|p2|Toxapex, M|
|teampreview
|j|*Lady Monita ✿
|j| RudideC
|
|t:|1653055492
|start
|switch|p1a: Liepard|Liepard, M|100/100
|switch|p2a: Lopunny|Lopunny, M|100/100
|turn|1
|j| yo sup guys
|j| FemboyShady
|
|t:|1653055510
|move|p2a: Lopunny|Fake Out|p1a: Liepard
|-damage|p1a: Liepard|67/100
|cant|p1a: Liepard|flinch
|
|upkeep
|turn|2
|j| TheHackerCat2
|j| Bobify
|j| Zirm_DB
|
|t:|1653055518
|move|p1a: Liepard|Trick|p2a: Lopunny
|-activate|p1a: Liepard|move: Trick|[of] p2a: Lopunny
|-item|p2a: Lopunny|Choice Scarf|[from] move: Trick
|-item|p1a: Liepard|Choice Scarf|[from] move: Trick
|move|p2a: Lopunny|Close Combat|p1a: Liepard
|-supereffective|p1a: Liepard
|-damage|p1a: Liepard|0 fnt
|-unboost|p2a: Lopunny|def|1
|-unboost|p2a: Lopunny|spd|1
|faint|p1a: Liepard
|
|upkeep
|j| ghdorah
|l| Zirm_DB
|l| ghdorah
|
|t:|1653055537
|switch|p1a: Cursola|Cursola, F|100/100
|turn|3
|
|t:|1653055546
|move|p2a: Lopunny|Switcheroo|p1a: Cursola
|-activate|p2a: Lopunny|move: Trick|[of] p1a: Cursola
|-item|p1a: Cursola|Choice Scarf|[from] move: Switcheroo
|-item|p2a: Lopunny|Power Herb|[from] move: Switcheroo
|move|p1a: Cursola|Meteor Beam||[still]
|-prepare|p1a: Cursola|Meteor Beam
|-boost|p1a: Cursola|spa|1
|
|upkeep
|turn|4
|j| BlueDavinci
|l| BlueDavinci
|
|t:|1653055558
|move|p2a: Lopunny|Triple Axel|p1a: Cursola
|-damage|p1a: Cursola|90/100
|-ability|p1a: Cursola|Weak Armor|boost
|-unboost|p1a: Cursola|def|1
|-boost|p1a: Cursola|spe|2
|-damage|p1a: Cursola|56/100
|-ability|p1a: Cursola|Weak Armor|boost
|-unboost|p1a: Cursola|def|1
|-boost|p1a: Cursola|spe|2
|-damage|p1a: Cursola|0 fnt
|faint|p1a: Cursola
|-hitcount|p1: Cursola|3
|
|upkeep
|
|t:|1653055572
|switch|p1a: Blaziken|Blaziken, F|100/100
|turn|5
|l| RudideC
|
|t:|1653055579
|switch|p2a: Toxapex|Toxapex, M|100/100
|move|p1a: Blaziken|Swords Dance|p1a: Blaziken
|-boost|p1a: Blaziken|atk|2
|
|-ability|p1a: Blaziken|Speed Boost|boost
|-boost|p1a: Blaziken|spe|1
|upkeep
|turn|6
|
|t:|1653055586
|move|p1a: Blaziken|Close Combat|p2a: Toxapex
|-resisted|p2a: Toxapex
|-damage|p2a: Toxapex|49/100
|-unboost|p1a: Blaziken|def|1
|-unboost|p1a: Blaziken|spd|1
|-damage|p1a: Blaziken|91/100|[from] item: Life Orb
|move|p2a: Toxapex|Haze|p2a: Toxapex
|-clearallboost
|
|-heal|p2a: Toxapex|55/100|[from] item: Black Sludge
|-ability|p1a: Blaziken|Speed Boost|boost
|-boost|p1a: Blaziken|spe|1
|upkeep
|turn|7
|
|t:|1653055595
|switch|p1a: Garchomp|Garchomp, M|100/100
|move|p2a: Toxapex|Recover|p2a: Toxapex
|-heal|p2a: Toxapex|100/100
|
|upkeep
|turn|8
|
|t:|1653055603
|switch|p2a: Lopunny|Lopunny, M|100/100
|move|p1a: Garchomp|Stealth Rock|p2a: Lopunny
|-sidestart|p2: Oryen|move: Stealth Rock
|
|upkeep
|turn|9
|
|t:|1653055606
|switch|p1a: Golisopod|Golisopod, F|100/100
|move|p2a: Lopunny|Triple Axel|p1a: Golisopod
|-resisted|p1a: Golisopod
|-damage|p1a: Golisopod|99/100
|-hitcount|p1a: Golisopod|1
|
|upkeep
|turn|10
|j| oeuf breaddd
|j| charchar67
|
|t:|1653055616
|move|p2a: Lopunny|Switcheroo|p1a: Golisopod
|-activate|p2a: Lopunny|move: Trick|[of] p1a: Golisopod
|-item|p1a: Golisopod|Power Herb|[from] move: Switcheroo
|-item|p2a: Lopunny|Sitrus Berry|[from] move: Switcheroo
|move|p1a: Golisopod|Spikes|p2a: Lopunny
|-sidestart|p2: Oryen|Spikes
|
|upkeep
|turn|11
|j| watteerr
|
|t:|1653055622
|switch|p2a: Noivern|Noivern, F|100/100
|move|p1a: Golisopod|Liquidation|p2a: Noivern
|-resisted|p2a: Noivern
|-damage|p2a: Noivern|67/100
|
|upkeep
|turn|12
|
|t:|1653055631
|switch|p1a: Weavile|Weavile, F|100/100
|move|p2a: Noivern|Roost|p2a: Noivern
|-heal|p2a: Noivern|100/100
|-singleturn|p2a: Noivern|move: Roost
|
|upkeep
|turn|13
|
|t:|1653055636
|switch|p2a: Toxapex|Toxapex, M|100/100
|-damage|p2a: Toxapex|88/100|[from] Stealth Rock
|-damage|p2a: Toxapex|75/100|[from] Spikes
|move|p1a: Weavile|Knock Off|p2a: Toxapex
|-damage|p2a: Toxapex|44/100
|-enditem|p2a: Toxapex|Black Sludge|[from] move: Knock Off|[of] p1a: Weavile
|
|upkeep
|turn|14
|l| charchar67
|j| Pinapple321
|j| RudideC
|
|t:|1653055649
|switch|p1a: Garchomp|Garchomp, M|100/100
|move|p2a: Toxapex|Recover|p2a: Toxapex
|-heal|p2a: Toxapex|94/100
|
|upkeep
|turn|15
|l| RudideC
|
|t:|1653055658
|switch|p2a: Lopunny|Lopunny, M|100/100
|-damage|p2a: Lopunny|88/100|[from] Stealth Rock
|-damage|p2a: Lopunny|76/100|[from] Spikes
|move|p1a: Garchomp|Toxic|p2a: Lopunny
|-status|p2a: Lopunny|tox
|
|-damage|p2a: Lopunny|70/100 tox|[from] psn
|upkeep
|turn|16
|
|t:|1653055667
|switch|p2a: Nidoking|Nidoking, M|100/100
|-damage|p2a: Nidoking|88/100|[from] Spikes
|-damage|p2a: Nidoking|82/100|[from] Stealth Rock
|switch|p1a: Golisopod|Golisopod, F|99/100
|
|upkeep
|turn|17
|
|t:|1653055671
|move|p2a: Nidoking|Sludge Wave|p1a: Golisopod
|-damage|p1a: Golisopod|29/100
|move|p1a: Golisopod|Liquidation|p2a: Nidoking
|-supereffective|p2a: Nidoking
|-damage|p2a: Nidoking|0 fnt
|faint|p2a: Nidoking
|
|upkeep
|
|t:|1653055691
|switch|p2a: Trevenant|Trevenant, F|100/100
|-damage|p2a: Trevenant|88/100|[from] Stealth Rock
|-damage|p2a: Trevenant|76/100|[from] Spikes
|turn|18
|
|t:|1653055700
|move|p2a: Trevenant|Horn Leech|p1a: Golisopod
|-damage|p1a: Golisopod|0 fnt
|-heal|p2a: Trevenant|92/100|[from] drain|[of] p1a: Golisopod
|faint|p1a: Golisopod
|
|upkeep
|
|t:|1653055704
|switch|p1a: Weavile|Weavile, F|100/100
|turn|19
|
|t:|1653055715
|switch|p2a: Toxapex|Toxapex, M|94/100
|-damage|p2a: Toxapex|81/100|[from] Spikes
|-damage|p2a: Toxapex|69/100|[from] Stealth Rock
|move|p1a: Weavile|Knock Off|p2a: Toxapex
|-damage|p2a: Toxapex|46/100
|
|upkeep
|turn|20
|
|t:|1653055719
|switch|p1a: Garchomp|Garchomp, M|100/100
|move|p2a: Toxapex|Recover|p2a: Toxapex
|-heal|p2a: Toxapex|96/100
|
|upkeep
|turn|21
|j| arnavgupta
|
|t:|1653055724
|move|p1a: Garchomp|Earthquake|p2a: Toxapex
|-supereffective|p2a: Toxapex
|-damage|p2a: Toxapex|37/100
|move|p2a: Toxapex|Toxic Spikes|p1a: Garchomp
|-sidestart|p1: superidiotguypass|move: Toxic Spikes
|
|upkeep
|turn|22
|
|t:|1653055732
|switch|p2a: Noivern|Noivern, F|100/100
|move|p1a: Garchomp|Toxic|p2a: Noivern
|-status|p2a: Noivern|tox
|
|-damage|p2a: Noivern|94/100 tox|[from] psn
|upkeep
|turn|23
|l| FemboyShady
|
|t:|1653055737
|switch|p1a: Blaziken|Blaziken, F|91/100
|-status|p1a: Blaziken|psn
|move|p2a: Noivern|Draco Meteor|p1a: Blaziken
|-damage|p1a: Blaziken|2/100 psn
|-unboost|p2a: Noivern|spa|2
|
|-damage|p2a: Noivern|82/100 tox|[from] psn
|-damage|p1a: Blaziken|0 fnt|[from] psn
|faint|p1a: Blaziken
|upkeep
|
|t:|1653055739
|switch|p1a: Weavile|Weavile, F|100/100
|-status|p1a: Weavile|psn
|turn|24
|
|t:|1653055750
|move|p1a: Weavile|Knock Off|p2a: Noivern
|-damage|p2a: Noivern|19/100 tox
|-enditem|p2a: Noivern|Heavy-Duty Boots|[from] move: Knock Off|[of] p1a: Weavile
|move|p2a: Noivern|Draco Meteor|p1a: Weavile
|-damage|p1a: Weavile|61/100 psn
|-unboost|p2a: Noivern|spa|2
|
|-damage|p1a: Weavile|48/100 psn|[from] psn
|-damage|p2a: Noivern|1/100 tox|[from] psn
|upkeep
|turn|25
|
|t:|1653055763
|move|p1a: Weavile|Knock Off|p2a: Noivern
|-damage|p2a: Noivern|0 fnt
|faint|p2a: Noivern
|
|-damage|p1a: Weavile|36/100 psn|[from] psn
|upkeep
|
|t:|1653055766
|switch|p2a: Toxapex|Toxapex, M|37/100
|-damage|p2a: Toxapex|24/100|[from] Stealth Rock
|-damage|p2a: Toxapex|12/100|[from] Spikes
|turn|26
|l| oeuf breaddd
|
|t:|1653055792
|move|p1a: Weavile|Knock Off|p2a: Toxapex
|-damage|p2a: Toxapex|0 fnt
|faint|p2a: Toxapex
|
|-damage|p1a: Weavile|23/100 psn|[from] psn
|upkeep
|
|t:|1653055794
|switch|p2a: Lopunny|Lopunny, M|70/100 tox
|-damage|p2a: Lopunny|58/100 tox|[from] Spikes
|-damage|p2a: Lopunny|46/100 tox|[from] Stealth Rock
|turn|27
|
|t:|1653055799
|switch|p1a: Garchomp|Garchomp, M|100/100
|-status|p1a: Garchomp|psn
|move|p2a: Lopunny|Fake Out|p1a: Garchomp
|-damage|p1a: Garchomp|88/100 psn
|-damage|p2a: Lopunny|34/100 tox|[from] ability: Rough Skin|[of] p1a: Garchomp
|-damage|p2a: Lopunny|17/100 tox|[from] item: Rocky Helmet|[of] p1a: Garchomp
|
|-damage|p2a: Lopunny|11/100 tox|[from] psn
|-damage|p1a: Garchomp|76/100 psn|[from] psn
|upkeep
|turn|28
|
|t:|1653055811
|move|p2a: Lopunny|Triple Axel|p1a: Garchomp
|-supereffective|p1a: Garchomp
|-damage|p1a: Garchomp|58/100 psn
|-damage|p2a: Lopunny|0 fnt|[from] ability: Rough Skin|[of] p1a: Garchomp
|faint|p2a: Lopunny
|-hitcount|p1a: Garchomp|1
|move|p1a: Garchomp|Earthquake|p2: Lopunny|[notarget]
|-fail|p1a: Garchomp
|
|-damage|p1a: Garchomp|45/100 psn|[from] psn
|upkeep
|
|t:|1653055828
|switch|p2a: Musharna|Musharna, M|100/100
|-damage|p2a: Musharna|88/100|[from] Spikes
|-damage|p2a: Musharna|76/100|[from] Stealth Rock
|turn|29
|
|t:|1653055837
|move|p1a: Garchomp|Toxic||[still]
|-status|p2a: Musharna|tox
|-activate|p2a: Musharna|ability: Synchronize
|-fail|p2a: Musharna
|move|p2a: Musharna|Moonblast|p1a: Garchomp
|-supereffective|p1a: Garchomp
|-damage|p1a: Garchomp|0 fnt
|faint|p1a: Garchomp
|
|-heal|p2a: Musharna|82/100 tox|[from] item: Leftovers
|-damage|p2a: Musharna|76/100 tox|[from] psn
|upkeep
|
|t:|1653055843
|switch|p1a: Weavile|Weavile, F|23/100 psn
|turn|30
|
|t:|1653055846
|move|p1a: Weavile|Knock Off|p2a: Musharna
|-supereffective|p2a: Musharna
|-damage|p2a: Musharna|14/100 tox
|-enditem|p2a: Musharna|Leftovers|[from] move: Knock Off|[of] p1a: Weavile
|move|p2a: Musharna|Moonblast|p1a: Weavile
|-supereffective|p1a: Weavile
|-damage|p1a: Weavile|0 fnt
|faint|p1a: Weavile
|
|win|Oryen
|n|☆superidiotguypass|superidiotguypass
|n|☆Oryen|oryen
|n|*Lady Monita ✿|ladymonita
|n| yo sup guys|yosupguys
|n| TheHackerCat2|thehackercat2
|n| Bobify|bobify
|n| watteerr|watteerr
|n| Pinapple321|pinapple321
|n| arnavgupta|arnavgupta
