|j|‽george malone
|j|☆knexhawk2
|t:|1667178226
|gametype|singles
|player|p1|george malone|170|1715
|player|p2|knexhawk2|benga|1814
|teamsize|p1|6
|teamsize|p2|6
|gen|8
|tier|[Gen 8] OU
|rated|
|rule|Sleep Clause Mod: Limit one foe put to sleep
|rule|Species Clause: Limit one of each Pokémon
|rule|OHKO Clause: OHKO moves are banned
|rule|Evasion Items Clause: Evasion items are banned
|rule|Evasion Moves Clause: Evasion moves are banned
|rule|Endless Battle Clause: Forcing endless battles is banned
|rule|HP Percentage Mod: HP is shown in percentages
|rule|Dynamax Clause: You cannot dynamax
|clearpoke
|poke|p1|Clefable, M|
|poke|p1|Ferrothorn, M|
|poke|p1|Zeraora|
|poke|p1|Slowking, M|
|poke|p1|Victini|
|poke|p1|Mandibuzz, F|
|poke|p2|Melmetal|
|poke|p2|Cresselia, F|
|poke|p2|Gastrodon-East, F|
|poke|p2|Garchomp, M|
|poke|p2|Skarmory, M|
|poke|p2|Clefable, F|
|teampreview
|c|☆knexhawk2|hi buddy
|inactive|Battle timer is ON: inactive players will automatically lose when time's up. (requested by george malone)
|c|☆knexhawk2|shame youre locked isnt it
|c|☆knexhawk2|awww
|j| tapu moxo
|
|t:|1667178259
|start
|switch|p1a: Clefable|Clefable, M, shiny|100/100
|switch|p2a: i want a sandwich|Garchomp, M|100/100
|turn|1
|inactive|george malone has 120 seconds left.
|
|t:|1667178300
|move|p2a: i want a sandwich|Stealth Rock|p1a: Clefable
|-sidestart|p1: george malone|move: Stealth Rock
|move|p1a: Clefable|Moonblast|p2a: i want a sandwich
|-supereffective|p2a: i want a sandwich
|-crit|p2a: i want a sandwich
|-damage|p2a: i want a sandwich|0 fnt
|faint|p2a: i want a sandwich
|
|upkeep
|
|t:|1667178309
|switch|p2a: floaty|Cresselia, F|100/100
|turn|2
|inactive|george malone has 120 seconds left.
|
|t:|1667178327
|switch|p1a: Victini|Victini|100/100
|-damage|p1a: Victini|76/100|[from] Stealth Rock
|move|p2a: floaty|Trick|p1a: Victini
|-activate|p2a: floaty|move: Trick|[of] p1a: Victini
|-item|p1a: Victini|Choice Scarf|[from] move: Trick
|-item|p2a: floaty|Choice Band|[from] move: Trick
|
|upkeep
|turn|3
|
|t:|1667178335
|switch|p2a: slug man|Gastrodon-East, F|100/100
|move|p1a: Victini|U-turn|p2a: slug man
|-damage|p2a: slug man|78/100
|
|t:|1667178344
|switch|p1a: Mandibuzz|Mandibuzz, F, shiny|100/100|[from]move: U-turn
|
|-heal|p2a: slug man|84/100|[from] item: Leftovers
|upkeep
|turn|4
|
|t:|1667178349
|move|p1a: Mandibuzz|Defog|p2a: slug man
|-unboost|p2a: slug man|evasion|1
|-sideend|p1: george malone|Stealth Rock|[from] move: Defog|[of] p1a: Mandibuzz
|move|p2a: slug man|Toxic|p1a: Mandibuzz
|-status|p1a: Mandibuzz|tox
|
|-heal|p2a: slug man|90/100|[from] item: Leftovers
|-damage|p1a: Mandibuzz|94/100 tox|[from] psn
|upkeep
|turn|5
|j| Venomous Crunch
|
|t:|1667178351
|move|p1a: Mandibuzz|U-turn|p2a: slug man
|-damage|p2a: slug man|79/100
|
|t:|1667178353
|switch|p1a: Clefable|Clefable, M, shiny|100/100|[from]move: U-turn
|move|p2a: slug man|Scald|p1a: Clefable
|-damage|p1a: Clefable|74/100
|
|-heal|p2a: slug man|85/100|[from] item: Leftovers
|upkeep
|turn|6
|
|t:|1667178358
|switch|p2a: the bird|Skarmory, M|100/100
|move|p1a: Clefable|Stealth Rock|p2a: the bird
|-sidestart|p2: knexhawk2|move: Stealth Rock
|
|upkeep
|turn|7
|
|t:|1667178361
|move|p2a: the bird|Toxic|p1a: Clefable
|-status|p1a: Clefable|tox
|move|p1a: Clefable|Flamethrower|p2a: the bird
|-supereffective|p2a: the bird
|-crit|p2a: the bird
|-damage|p2a: the bird|23/100
|-status|p2a: the bird|brn
|
|-damage|p2a: the bird|17/100 brn|[from] brn
|upkeep
|turn|8
|
|t:|1667178365
|switch|p2a: i hate myself too|Clefable, F|100/100
|move|p1a: Clefable|Flamethrower|p2a: i hate myself too
|-damage|p2a: i hate myself too|82/100
|
|-heal|p2a: i hate myself too|89/100|[from] item: Leftovers
|upkeep
|turn|9
|
|t:|1667178368
|move|p1a: Clefable|Moonblast|p2a: i hate myself too
|-damage|p2a: i hate myself too|61/100
|move|p2a: i hate myself too|Knock Off|p1a: Clefable
|-resisted|p1a: Clefable
|-damage|p1a: Clefable|69/100 tox
|-enditem|p1a: Clefable|Rocky Helmet|[from] move: Knock Off|[of] p2a: i hate myself too
|
|-heal|p2a: i hate myself too|67/100|[from] item: Leftovers
|upkeep
|turn|10
|
|t:|1667178372
|move|p1a: Clefable|Moonblast|p2a: i hate myself too
|-damage|p2a: i hate myself too|37/100
|move|p2a: i hate myself too|Soft-Boiled|p2a: i hate myself too
|-heal|p2a: i hate myself too|87/100
|
|-heal|p2a: i hate myself too|93/100|[from] item: Leftovers
|upkeep
|turn|11
|
|t:|1667178375
|move|p1a: Clefable|Moonblast|p2a: i hate myself too
|-damage|p2a: i hate myself too|63/100
|move|p2a: i hate myself too|Moonblast|p1a: Clefable
|-damage|p1a: Clefable|39/100 tox
|
|-heal|p2a: i hate myself too|69/100|[from] item: Leftovers
|upkeep
|turn|12
|
|t:|1667178377
|move|p1a: Clefable|Soft-Boiled|p1a: Clefable
|-heal|p1a: Clefable|90/100 tox
|move|p2a: i hate myself too|Moonblast|p1a: Clefable
|-damage|p1a: Clefable|62/100 tox
|
|-heal|p2a: i hate myself too|75/100|[from] item: Leftovers
|upkeep
|turn|13
|
|t:|1667178385
|move|p1a: Clefable|Soft-Boiled|p1a: Clefable
|-heal|p1a: Clefable|100/100 tox
|move|p2a: i hate myself too|Moonblast|p1a: Clefable
|-damage|p1a: Clefable|71/100 tox
|
|-heal|p2a: i hate myself too|81/100|[from] item: Leftovers
|upkeep
|turn|14
|
|t:|1667178389
|move|p2a: i hate myself too|Moonblast|p1a: Clefable
|-damage|p1a: Clefable|40/100 tox
|move|p1a: Clefable|Moonblast|p2a: i hate myself too
|-damage|p2a: i hate myself too|51/100
|
|-heal|p2a: i hate myself too|57/100|[from] item: Leftovers
|upkeep
|turn|15
|
|t:|1667178391
|move|p1a: Clefable|Soft-Boiled|p1a: Clefable
|-heal|p1a: Clefable|91/100 tox
|move|p2a: i hate myself too|Moonblast|p1a: Clefable
|-damage|p1a: Clefable|61/100 tox
|
|-heal|p2a: i hate myself too|63/100|[from] item: Leftovers
|upkeep
|turn|16
|
|t:|1667178394
|switch|p1a: Ferrothorn|Ferrothorn, M, shiny|100/100
|move|p2a: i hate myself too|Moonblast|p1a: Ferrothorn
|-resisted|p1a: Ferrothorn
|-damage|p1a: Ferrothorn|87/100
|
|-heal|p2a: i hate myself too|70/100|[from] item: Leftovers
|upkeep
|turn|17
|l| Venomous Crunch
|
|t:|1667178397
|switch|p1a: Clefable|Clefable, M, shiny|61/100 tox
|move|p2a: i hate myself too|Knock Off|p1a: Clefable
|-resisted|p1a: Clefable
|-damage|p1a: Clefable|57/100 tox
|
|-heal|p2a: i hate myself too|76/100|[from] item: Leftovers
|upkeep
|turn|18
|
|t:|1667178401
|move|p1a: Clefable|Soft-Boiled|p1a: Clefable
|-heal|p1a: Clefable|100/100 tox
|move|p2a: i hate myself too|Moonblast|p1a: Clefable
|-damage|p1a: Clefable|70/100 tox
|
|-heal|p2a: i hate myself too|82/100|[from] item: Leftovers
|upkeep
|turn|19
|
|t:|1667178407
|move|p2a: i hate myself too|Moonblast|p1a: Clefable
|-crit|p1a: Clefable
|-damage|p1a: Clefable|27/100 tox
|move|p1a: Clefable|Moonblast|p2a: i hate myself too
|-damage|p2a: i hate myself too|56/100
|-unboost|p2a: i hate myself too|spa|1
|
|-heal|p2a: i hate myself too|62/100|[from] item: Leftovers
|upkeep
|turn|20
|
|t:|1667178410
|move|p2a: i hate myself too|Moonblast|p1a: Clefable
|-damage|p1a: Clefable|8/100 tox
|-unboost|p1a: Clefable|spa|1
|move|p1a: Clefable|Soft-Boiled|p1a: Clefable
|-heal|p1a: Clefable|58/100 tox
|
|-heal|p2a: i hate myself too|68/100|[from] item: Leftovers
|upkeep
|turn|21
|
|t:|1667178414
|switch|p2a: the bird|Skarmory, M|17/100 brn
|-damage|p2a: the bird|5/100 brn|[from] Stealth Rock
|move|p1a: Clefable|Soft-Boiled|p1a: Clefable
|-heal|p1a: Clefable|100/100 tox
|
|-damage|p2a: the bird|0 fnt|[from] brn
|faint|p2a: the bird
|upkeep
|
|t:|1667178418
|switch|p2a: unbannable|Melmetal|100/100
|-damage|p2a: unbannable|94/100|[from] Stealth Rock
|turn|22
|j| Markakooo
|
|t:|1667178425
|switch|p1a: Ferrothorn|Ferrothorn, M, shiny|87/100
|move|p2a: unbannable|Double Iron Bash|p1a: Ferrothorn
|-resisted|p1a: Ferrothorn
|-damage|p1a: Ferrothorn|74/100
|-activate|p1a: Ferrothorn|ability: Iron Barbs
|-activate|p2a: unbannable|item: Protective Pads
|-resisted|p1a: Ferrothorn
|-damage|p1a: Ferrothorn|61/100
|-activate|p1a: Ferrothorn|ability: Iron Barbs
|-activate|p2a: unbannable|item: Protective Pads
|-hitcount|p1a: Ferrothorn|2
|
|upkeep
|turn|23
|
|t:|1667178434
|switch|p1a: Slowking|Slowking, M, shiny|100/100
|move|p2a: unbannable|Double Iron Bash|p1a: Slowking
|-resisted|p1a: Slowking
|-damage|p1a: Slowking|77/100
|-resisted|p1a: Slowking
|-damage|p1a: Slowking|55/100
|-hitcount|p1a: Slowking|2
|
|upkeep
|turn|24
|
|t:|1667178439
|switch|p1a: Ferrothorn|Ferrothorn, M, shiny|61/100
|move|p2a: unbannable|Double Iron Bash|p1a: Ferrothorn
|-resisted|p1a: Ferrothorn
|-damage|p1a: Ferrothorn|48/100
|-activate|p1a: Ferrothorn|ability: Iron Barbs
|-activate|p2a: unbannable|item: Protective Pads
|-resisted|p1a: Ferrothorn
|-damage|p1a: Ferrothorn|36/100
|-activate|p1a: Ferrothorn|ability: Iron Barbs
|-activate|p2a: unbannable|item: Protective Pads
|-hitcount|p1a: Ferrothorn|2
|
|upkeep
|turn|25
|
|t:|1667178443
|move|p2a: unbannable|Double Iron Bash|p1a: Ferrothorn
|-resisted|p1a: Ferrothorn
|-damage|p1a: Ferrothorn|24/100
|-activate|p1a: Ferrothorn|ability: Iron Barbs
|-activate|p2a: unbannable|item: Protective Pads
|-resisted|p1a: Ferrothorn
|-damage|p1a: Ferrothorn|12/100
|-activate|p1a: Ferrothorn|ability: Iron Barbs
|-activate|p2a: unbannable|item: Protective Pads
|-hitcount|p1a: Ferrothorn|2
|move|p1a: Ferrothorn|Leech Seed|p2a: unbannable
|-start|p2a: unbannable|move: Leech Seed
|
|-damage|p2a: unbannable|82/100|[from] Leech Seed|[of] p1a: Ferrothorn
|-heal|p1a: Ferrothorn|28/100|[silent]
|upkeep
|turn|26
|
|t:|1667178451
|switch|p2a: i hate myself too|Clefable, F|68/100
|switch|p1a: Mandibuzz|Mandibuzz, F, shiny|94/100 tox
|
|-heal|p2a: i hate myself too|74/100|[from] item: Leftovers
|-damage|p1a: Mandibuzz|88/100 tox|[from] psn
|upkeep
|turn|27
|
|t:|1667178456
|move|p2a: i hate myself too|Moonblast|p1a: Mandibuzz
|-supereffective|p1a: Mandibuzz
|-damage|p1a: Mandibuzz|44/100 tox
|move|p1a: Mandibuzz|U-turn|p2a: i hate myself too
|-resisted|p2a: i hate myself too
|-damage|p2a: i hate myself too|70/100
|
|t:|1667178460
|switch|p1a: Clefable|Clefable, M, shiny|100/100 tox|[from]move: U-turn
|
|-heal|p2a: i hate myself too|76/100|[from] item: Leftovers
|upkeep
|turn|28
|
|t:|1667178463
|move|p2a: i hate myself too|Knock Off|p1a: Clefable
|-resisted|p1a: Clefable
|-damage|p1a: Clefable|97/100 tox
|move|p1a: Clefable|Flamethrower|p2a: i hate myself too
|-damage|p2a: i hate myself too|57/100
|
|-heal|p2a: i hate myself too|63/100|[from] item: Leftovers
|upkeep
|turn|29
|
|t:|1667178467
|move|p1a: Clefable|Moonblast|p2a: i hate myself too
|-damage|p2a: i hate myself too|35/100
|move|p2a: i hate myself too|Moonblast|p1a: Clefable
|-damage|p1a: Clefable|65/100 tox
|
|-heal|p2a: i hate myself too|41/100|[from] item: Leftovers
|upkeep
|turn|30
|
|t:|1667178473
|move|p2a: i hate myself too|Soft-Boiled|p2a: i hate myself too
|-heal|p2a: i hate myself too|91/100
|move|p1a: Clefable|Moonblast|p2a: i hate myself too
|-damage|p2a: i hate myself too|63/100
|-unboost|p2a: i hate myself too|spa|1
|
|-heal|p2a: i hate myself too|69/100|[from] item: Leftovers
|upkeep
|turn|31
|
|t:|1667178490
|move|p2a: i hate myself too|Moonblast|p1a: Clefable
|-damage|p1a: Clefable|46/100 tox
|move|p1a: Clefable|Flamethrower|p2a: i hate myself too
|-damage|p2a: i hate myself too|53/100
|-status|p2a: i hate myself too|brn
|
|-heal|p2a: i hate myself too|59/100 brn|[from] item: Leftovers
|upkeep
|turn|32
|
|t:|1667178493
|move|p1a: Clefable|Soft-Boiled|p1a: Clefable
|-heal|p1a: Clefable|96/100 tox
|move|p2a: i hate myself too|Soft-Boiled|p2a: i hate myself too
|-heal|p2a: i hate myself too|100/100 brn
|
|upkeep
|turn|33
|
|t:|1667178498
|move|p2a: i hate myself too|Moonblast|p1a: Clefable
|-damage|p1a: Clefable|77/100 tox
|move|p1a: Clefable|Stealth Rock||[still]
|-fail|p1a: Clefable
|
|upkeep
|turn|34
|
|t:|1667178524
|move|p1a: Clefable|Moonblast|p2a: i hate myself too
|-damage|p2a: i hate myself too|73/100 brn
|move|p2a: i hate myself too|Moonblast|p1a: Clefable
|-damage|p1a: Clefable|60/100 tox
|
|-heal|p2a: i hate myself too|79/100 brn|[from] item: Leftovers
|upkeep
|turn|35
|
|t:|1667178528
|move|p1a: Clefable|Moonblast|p2a: i hate myself too
|-damage|p2a: i hate myself too|49/100 brn
|-unboost|p2a: i hate myself too|spa|1
|move|p2a: i hate myself too|Moonblast|p1a: Clefable
|-damage|p1a: Clefable|45/100 tox
|-unboost|p1a: Clefable|spa|1
|
|-heal|p2a: i hate myself too|55/100 brn|[from] item: Leftovers
|upkeep
|turn|36
|
|t:|1667178532
|move|p1a: Clefable|Soft-Boiled|p1a: Clefable
|-heal|p1a: Clefable|95/100 tox
|move|p2a: i hate myself too|Soft-Boiled|p2a: i hate myself too
|-heal|p2a: i hate myself too|100/100 brn
|
|upkeep
|turn|37
|j| bandedai
|
|t:|1667178536
|switch|p2a: unbannable|Melmetal|82/100
|-damage|p2a: unbannable|75/100|[from] Stealth Rock
|switch|p1a: Slowking|Slowking, M, shiny|89/100
|
|upkeep
|turn|38
|j| TR23
|
|t:|1667178541
|move|p2a: unbannable|Thunder Punch|p1a: Slowking
|-supereffective|p1a: Slowking
|-damage|p1a: Slowking|18/100
|-status|p1a: Slowking|par
|cant|p1a: Slowking|par
|
|upkeep
|turn|39
|c| bandedai|nah this team shiesty on knex's said
|
|t:|1667178549
|move|p2a: unbannable|Earthquake|p1a: Slowking
|-damage|p1a: Slowking|0 fnt
|faint|p1a: Slowking
|
|upkeep
|c| bandedai|side*
|l| TR23
|
|t:|1667178552
|switch|p1a: Victini|Victini|76/100
|turn|40
|
|t:|1667178558
|switch|p2a: slug man|Gastrodon-East, F|85/100
|-damage|p2a: slug man|79/100|[from] Stealth Rock
|move|p1a: Victini|V-create|p2a: slug man
|-resisted|p2a: slug man
|-damage|p2a: slug man|36/100
|-unboost|p1a: Victini|spe|1
|-unboost|p1a: Victini|def|1
|-unboost|p1a: Victini|spd|1
|
|-heal|p2a: slug man|43/100|[from] item: Leftovers
|upkeep
|turn|41
|c| bandedai|43%
|
|t:|1667178573
|move|p1a: Victini|V-create|p2a: slug man
|-resisted|p2a: slug man
|-damage|p2a: slug man|2/100
|-unboost|p1a: Victini|spe|1
|-unboost|p1a: Victini|def|1
|-unboost|p1a: Victini|spd|1
|move|p2a: slug man|Recover|p2a: slug man
|-heal|p2a: slug man|52/100
|
|-heal|p2a: slug man|58/100|[from] item: Leftovers
|upkeep
|turn|42
|c|☆knexhawk2|deserved
|
|t:|1667178582
|switch|p1a: Mandibuzz|Mandibuzz, F, shiny|44/100 tox
|move|p2a: slug man|Recover|p2a: slug man
|-heal|p2a: slug man|100/100
|
|-damage|p1a: Mandibuzz|38/100 tox|[from] psn
|upkeep
|turn|43
|j| TR23
|
|t:|1667178589
|move|p1a: Mandibuzz|Roost|p1a: Mandibuzz
|-heal|p1a: Mandibuzz|88/100 tox
|-singleturn|p1a: Mandibuzz|move: Roost
|move|p2a: slug man|Earth Power|p1a: Mandibuzz
|-damage|p1a: Mandibuzz|66/100 tox
|
|-damage|p1a: Mandibuzz|53/100 tox|[from] psn
|upkeep
|turn|44
|c| bandedai|ultimate read
|
|t:|1667178599
|switch|p2a: i hate myself too|Clefable, F|100/100 brn
|move|p1a: Mandibuzz|U-turn|p2a: i hate myself too
|-resisted|p2a: i hate myself too
|-damage|p2a: i hate myself too|96/100 brn
|c|☆knexhawk2|lmao
|
|t:|1667178606
|switch|p1a: Ferrothorn|Ferrothorn, M, shiny|28/100|[from]move: U-turn
|
|-heal|p2a: i hate myself too|100/100 brn|[from] item: Leftovers
|upkeep
|turn|45
|c|☆knexhawk2|ep for almost no purpose
|
|t:|1667178611
|move|p2a: i hate myself too|Moonblast|p1a: Ferrothorn
|-resisted|p1a: Ferrothorn
|-damage|p1a: Ferrothorn|14/100
|move|p1a: Ferrothorn|Spikes|p2a: i hate myself too
|-sidestart|p2: knexhawk2|Spikes
|
|upkeep
|turn|46
|
|t:|1667178620
|move|p2a: i hate myself too|Moonblast|p1a: Ferrothorn
|-resisted|p1a: Ferrothorn
|-damage|p1a: Ferrothorn|0 fnt
|faint|p1a: Ferrothorn
|
|upkeep
|
|t:|1667178623
|switch|p1a: Clefable|Clefable, M, shiny|95/100 tox
|turn|47
|
|t:|1667178630
|move|p2a: i hate myself too|Knock Off|p1a: Clefable
|-resisted|p1a: Clefable
|-damage|p1a: Clefable|93/100 tox
|move|p1a: Clefable|Moonblast|p2a: i hate myself too
|-crit|p2a: i hate myself too
|-damage|p2a: i hate myself too|57/100 brn
|-unboost|p2a: i hate myself too|spa|1
|
|-heal|p2a: i hate myself too|63/100 brn|[from] item: Leftovers
|upkeep
|turn|48
|
|t:|1667178634
|move|p2a: i hate myself too|Knock Off|p1a: Clefable
|-resisted|p1a: Clefable
|-damage|p1a: Clefable|91/100 tox
|move|p1a: Clefable|Moonblast|p2a: i hate myself too
|-crit|p2a: i hate myself too
|-damage|p2a: i hate myself too|22/100 brn
|-unboost|p2a: i hate myself too|spa|1
|
|-heal|p2a: i hate myself too|28/100 brn|[from] item: Leftovers
|upkeep
|turn|49
|
|t:|1667178637
|move|p1a: Clefable|Moonblast|p2a: i hate myself too
|-damage|p2a: i hate myself too|0 fnt
|faint|p2a: i hate myself too
|
|upkeep
|
|t:|1667178641
|switch|p2a: unbannable|Melmetal|75/100
|-damage|p2a: unbannable|69/100|[from] Stealth Rock
|-damage|p2a: unbannable|57/100|[from] Spikes
|turn|50
|
|t:|1667178654
|switch|p1a: Mandibuzz|Mandibuzz, F, shiny|53/100 tox
|move|p2a: unbannable|Double Iron Bash|p1a: Mandibuzz
|-damage|p1a: Mandibuzz|22/100 tox
|-damage|p1a: Mandibuzz|0 fnt
|faint|p1a: Mandibuzz
|-hitcount|p1: Mandibuzz|2
|
|upkeep
|
|t:|1667178656
|switch|p1a: Victini|Victini|76/100
|turn|51
|c|☆knexhawk2|that clef needs to enter the lottery
|
|t:|1667178662
|switch|p2a: slug man|Gastrodon-East, F|100/100
|-damage|p2a: slug man|94/100|[from] Stealth Rock
|-damage|p2a: slug man|82/100|[from] Spikes
|move|p1a: Victini|V-create|p2a: slug man
|-resisted|p2a: slug man
|-damage|p2a: slug man|45/100
|-unboost|p1a: Victini|spe|1
|-unboost|p1a: Victini|def|1
|-unboost|p1a: Victini|spd|1
|
|-heal|p2a: slug man|51/100|[from] item: Leftovers
|upkeep
|turn|52
|
|t:|1667178668
|switch|p1a: Clefable|Clefable, M, shiny|91/100 tox
|move|p2a: slug man|Recover|p2a: slug man
|-heal|p2a: slug man|100/100
|
|upkeep
|turn|53
|
|t:|1667178673
|move|p1a: Clefable|Flamethrower|p2a: slug man
|-resisted|p2a: slug man
|-damage|p2a: slug man|94/100
|move|p2a: slug man|Earth Power|p1a: Clefable
|-damage|p1a: Clefable|64/100 tox
|
|-heal|p2a: slug man|99/100|[from] item: Leftovers
|upkeep
|turn|54
|
|t:|1667178677
|move|p1a: Clefable|Moonblast|p2a: slug man
|-damage|p2a: slug man|78/100
|move|p2a: slug man|Earth Power|p1a: Clefable
|-damage|p1a: Clefable|37/100 tox
|
|-heal|p2a: slug man|85/100|[from] item: Leftovers
|upkeep
|turn|55
|
|t:|1667178679
|move|p1a: Clefable|Soft-Boiled|p1a: Clefable
|-heal|p1a: Clefable|87/100 tox
|move|p2a: slug man|Earth Power|p1a: Clefable
|-damage|p1a: Clefable|60/100 tox
|
|-heal|p2a: slug man|91/100|[from] item: Leftovers
|upkeep
|turn|56
|
|t:|1667178683
|move|p1a: Clefable|Moonblast|p2a: slug man
|-damage|p2a: slug man|68/100
|move|p2a: slug man|Earth Power|p1a: Clefable
|-damage|p1a: Clefable|30/100 tox
|
|-heal|p2a: slug man|74/100|[from] item: Leftovers
|upkeep
|turn|57
|j| oRinNeGa7V1
|
|t:|1667178686
|move|p1a: Clefable|Soft-Boiled|p1a: Clefable
|-heal|p1a: Clefable|80/100 tox
|move|p2a: slug man|Earth Power|p1a: Clefable
|-damage|p1a: Clefable|53/100 tox
|-unboost|p1a: Clefable|spd|1
|
|-heal|p2a: slug man|80/100|[from] item: Leftovers
|upkeep
|turn|58
|j| Batataplays
|
|t:|1667178693
|move|p1a: Clefable|Moonblast|p2a: slug man
|-damage|p2a: slug man|58/100
|move|p2a: slug man|Recover|p2a: slug man
|-heal|p2a: slug man|100/100
|
|upkeep
|turn|59
|
|t:|1667178696
|move|p1a: Clefable|Soft-Boiled|p1a: Clefable
|-heal|p1a: Clefable|100/100 tox
|move|p2a: slug man|Earth Power|p1a: Clefable
|-damage|p1a: Clefable|59/100 tox
|-unboost|p1a: Clefable|spd|1
|
|upkeep
|turn|60
|
|t:|1667178698
|switch|p1a: Victini|Victini|76/100
|move|p2a: slug man|Earth Power|p1a: Victini
|-supereffective|p1a: Victini
|-damage|p1a: Victini|15/100
|-unboost|p1a: Victini|spd|1
|
|upkeep
|turn|61
|
|t:|1667178703
|move|p1a: Victini|Trick|p2a: slug man
|-activate|p1a: Victini|move: Trick|[of] p2a: slug man
|-item|p2a: slug man|Choice Scarf|[from] move: Trick
|-item|p1a: Victini|Leftovers|[from] move: Trick
|move|p2a: slug man|Scald|p1a: Victini
|-supereffective|p1a: Victini
|-damage|p1a: Victini|0 fnt
|faint|p1a: Victini
|
|upkeep
|
|t:|1667178704
|switch|p1a: Clefable|Clefable, M, shiny|59/100 tox
|turn|62
|j| Tegalik
|
|t:|1667178707
|move|p2a: slug man|Scald|p1a: Clefable
|-damage|p1a: Clefable|33/100 tox
|move|p1a: Clefable|Soft-Boiled|p1a: Clefable
|-heal|p1a: Clefable|83/100 tox
|
|upkeep
|turn|63
|
|t:|1667178712
|switch|p2a: floaty|Cresselia, F|100/100
|-damage|p2a: floaty|88/100|[from] Stealth Rock
|move|p1a: Clefable|Soft-Boiled|p1a: Clefable
|-heal|p1a: Clefable|100/100 tox
|
|upkeep
|turn|64
|l| Tegalik
|
|t:|1667178730
|switch|p2a: slug man|Gastrodon-East, F|100/100
|-damage|p2a: slug man|94/100|[from] Stealth Rock
|-damage|p2a: slug man|82/100|[from] Spikes
|move|p1a: Clefable|Moonblast|p2a: slug man
|-damage|p2a: slug man|60/100
|-unboost|p2a: slug man|spa|1
|
|upkeep
|turn|65
|
|t:|1667178734
|move|p2a: slug man|Recover|p2a: slug man
|-heal|p2a: slug man|100/100
|move|p1a: Clefable|Moonblast|p2a: slug man
|-damage|p2a: slug man|81/100
|
|upkeep
|turn|66
|
|t:|1667178736
|switch|p2a: floaty|Cresselia, F|88/100
|-damage|p2a: floaty|76/100|[from] Stealth Rock
|switch|p1a: Zeraora|Zeraora, shiny|100/100
|
|upkeep
|turn|67
|c| bandedai|calm  mind zera
|c| bandedai|rn
|j| charqe Q
|c|☆knexhawk2|its bulk up
|c| bandedai|did i ask
|c| bandedai|no
|inactive|knexhawk2 has 120 seconds left.
|inactive|george malone has 120 seconds left.
|l| bandedai
|
|t:|1667178798
|move|p1a: Zeraora|Bulk Up|p1a: Zeraora
|-boost|p1a: Zeraora|atk|1
|-boost|p1a: Zeraora|def|1
|move|p2a: floaty|Lunar Dance|p2a: floaty
|faint|p2a: floaty
|
|upkeep
|
|t:|1667178800
|switch|p2a: unbannable|Melmetal|57/100
|-heal|p2a: unbannable|100/100|[from] move: Lunar Dance
|-damage|p2a: unbannable|94/100|[from] Stealth Rock
|-damage|p2a: unbannable|82/100|[from] Spikes
|turn|68
|c| TR23|He got you
|c|☆knexhawk2|i mean id hope
|inactive|george malone has 120 seconds left.
|c|☆knexhawk2|with that clefable luck
|
|t:|1667178812
|move|p1a: Zeraora|Plasma Fists|p2a: unbannable
|-damage|p2a: unbannable|40/100
|-fieldactivate|move: Ion Deluge
|-hint|Normal-type moves become Electric-type after using Plasma Fists.
|move|p2a: unbannable|Earthquake|p1a: Zeraora
|-supereffective|p1a: Zeraora
|-damage|p1a: Zeraora|24/100
|
|upkeep
|turn|69
|l| Batataplays
|
|t:|1667178819
|switch|p2a: slug man|Gastrodon-East, F|81/100
|-damage|p2a: slug man|74/100|[from] Stealth Rock
|-damage|p2a: slug man|62/100|[from] Spikes
|move|p1a: Zeraora|Close Combat|p2a: slug man
|-damage|p2a: slug man|6/100
|-unboost|p1a: Zeraora|def|1
|-unboost|p1a: Zeraora|spd|1
|
|upkeep
|turn|70
|c| TR23|Oh I meant that banded guy
|
|t:|1667178826
|move|p1a: Zeraora|Close Combat|p2a: slug man
|-damage|p2a: slug man|0 fnt
|-unboost|p1a: Zeraora|def|1
|-unboost|p1a: Zeraora|spd|1
|faint|p2a: slug man
|
|upkeep
|c|☆knexhawk2|oh fair enough
|
|t:|1667178829
|switch|p2a: unbannable|Melmetal|40/100
|-damage|p2a: unbannable|33/100|[from] Stealth Rock
|-damage|p2a: unbannable|21/100|[from] Spikes
|turn|71
|
|t:|1667178830
|move|p1a: Zeraora|Close Combat|p2a: unbannable
|-supereffective|p2a: unbannable
|-damage|p2a: unbannable|0 fnt
|-unboost|p1a: Zeraora|def|1
|-unboost|p1a: Zeraora|spd|1
|faint|p2a: unbannable
|
|win|george malone
|raw|george malone's rating: 1715 &rarr; <strong>1741</strong><br />(+26 for winning)
|raw|knexhawk2's rating: 1814 &rarr; <strong>1788</strong><br />(-26 for losing)
