|j|☆Lucians Call
|j|☆Envyetta/ttv
|t:|1667057445
|gametype|singles
|player|p1|Lucians Call|furisodegirl-blue|1744
|player|p2|Envyetta/ttv|cynthia-gen4|1708
|teamsize|p1|6
|teamsize|p2|6
|gen|8
|tier|[Gen 8] OU
|rated|
|rule|Sleep Clause Mod: Limit one foe put to sleep
|rule|Species Clause: Limit one of each Pokémon
|rule|OHKO Clause: OHKO moves are banned
|rule|Evasion Items Clause: Evasion items are banned
|rule|Evasion Moves Clause: Evasion moves are banned
|rule|Endless Battle Clause: Forcing endless battles is banned
|rule|HP Percentage Mod: HP is shown in percentages
|rule|Dynamax Clause: You cannot dynamax
|clearpoke
|poke|p1|Slowking-Galar, F|
|poke|p1|Volcarona, M|
|poke|p1|Tornadus-Therian, M|
|poke|p1|Ferrothorn, M|
|poke|p1|Garchomp, M|
|poke|p1|Zeraora|
|poke|p2|Primarina, F|
|poke|p2|Gigalith, M|
|poke|p2|Nidoqueen, F|
|poke|p2|Hydreigon, F|
|poke|p2|Skarmory, M|
|poke|p2|Moltres|
|teampreview
|inactive|Battle timer is ON: inactive players will automatically lose when time's up. (requested by Envyetta/ttv)
|
|t:|1667057474
|start
|switch|p1a: Volcarona|Volcarona, M|100/100
|switch|p2a: Skarmory|Skarmory, M, shiny|100/100
|turn|1
|
|t:|1667057482
|switch|p2a: Gigalith|Gigalith, M, shiny|100/100
|-weather|Sandstorm|[from] ability: Sand Stream|[of] p2a: Gigalith
|move|p1a: Volcarona|Bug Buzz|p2a: Gigalith
|-damage|p2a: Gigalith|64/100
|
|-weather|Sandstorm|[upkeep]
|-damage|p1a: Volcarona|94/100|[from] Sandstorm
|-heal|p2a: Gigalith|70/100|[from] item: Leftovers
|upkeep
|turn|2
|
|t:|1667057495
|switch|p1a: Garchomp|Garchomp, M|100/100
|move|p2a: Gigalith|Stealth Rock|p1a: Garchomp
|-sidestart|p1: Lucians Call|move: Stealth Rock
|
|-weather|Sandstorm|[upkeep]
|-heal|p2a: Gigalith|76/100|[from] item: Leftovers
|upkeep
|turn|3
|
|t:|1667057498
|switch|p2a: Skarmory|Skarmory, M, shiny|100/100
|move|p1a: Garchomp|Stealth Rock|p2a: Skarmory
|-sidestart|p2: Envyetta/ttv|move: Stealth Rock
|
|-weather|Sandstorm|[upkeep]
|upkeep
|turn|4
|
|t:|1667057504
|switch|p1a: Slowking|Slowking-Galar, F|100/100
|-damage|p1a: Slowking|88/100|[from] Stealth Rock
|move|p2a: Skarmory|Toxic|p1a: Slowking
|-immune|p1a: Slowking
|
|-weather|Sandstorm|[upkeep]
|-damage|p1a: Slowking|82/100|[from] Sandstorm
|upkeep
|turn|5
|
|t:|1667057513
|switch|p2a: Gigalith|Gigalith, M, shiny|76/100
|-damage|p2a: Gigalith|64/100|[from] Stealth Rock
|move|p1a: Slowking|Future Sight|p2a: Gigalith
|-start|p1a: Slowking|move: Future Sight
|
|-weather|none
|-heal|p2a: Gigalith|70/100|[from] item: Leftovers
|upkeep
|turn|6
|
|t:|1667057517
|move|p1a: Slowking|Focus Blast|p2a: Gigalith
|-supereffective|p2a: Gigalith
|-damage|p2a: Gigalith|15/100
|move|p2a: Gigalith|Earthquake|p1a: Slowking
|-supereffective|p1a: Slowking
|-damage|p1a: Slowking|23/100
|
|-heal|p2a: Gigalith|21/100|[from] item: Leftovers
|upkeep
|turn|7
|
|t:|1667057530
|switch|p1a: Ferrothorn|Ferrothorn, M|100/100
|-damage|p1a: Ferrothorn|95/100|[from] Stealth Rock
|switch|p2a: Hydreigon|Hydreigon, F, shiny|100/100
|-damage|p2a: Hydreigon|88/100|[from] Stealth Rock
|
|-end|p2a: Hydreigon|move: Future Sight
|-immune|p2a: Hydreigon
|-heal|p2a: Hydreigon|94/100|[from] item: Leftovers
|upkeep
|turn|8
|
|t:|1667057535
|switch|p2a: Moltres|Moltres, shiny|100/100
|switch|p1a: Garchomp|Garchomp, M|100/100
|-damage|p1a: Garchomp|94/100|[from] Stealth Rock
|
|-heal|p1a: Garchomp|100/100|[from] item: Leftovers
|upkeep
|turn|9
|
|t:|1667057542
|switch|p1a: Slowking|Slowking-Galar, F|56/100
|-damage|p1a: Slowking|43/100|[from] Stealth Rock
|switch|p2a: Skarmory|Skarmory, M, shiny|100/100
|-damage|p2a: Skarmory|88/100|[from] Stealth Rock
|
|upkeep
|turn|10
|
|t:|1667057547
|switch|p2a: Hydreigon|Hydreigon, F, shiny|94/100
|-damage|p2a: Hydreigon|82/100|[from] Stealth Rock
|move|p1a: Slowking|Focus Blast|p2a: Hydreigon
|-supereffective|p2a: Hydreigon
|-damage|p2a: Hydreigon|0 fnt
|faint|p2a: Hydreigon
|
|upkeep
|
|t:|1667057552
|switch|p2a: Nidoqueen|Nidoqueen, F, shiny|100/100
|-damage|p2a: Nidoqueen|94/100|[from] Stealth Rock
|turn|11
|
|t:|1667057558
|move|p2a: Nidoqueen|Earth Power|p1a: Slowking
|-supereffective|p1a: Slowking
|-damage|p1a: Slowking|0 fnt
|faint|p1a: Slowking
|
|upkeep
|
|t:|1667057561
|switch|p1a: Tornadus|Tornadus-Therian, M|100/100
|turn|12
|
|t:|1667057574
|switch|p2a: Gigalith|Gigalith, M, shiny|21/100
|-damage|p2a: Gigalith|9/100|[from] Stealth Rock
|-weather|Sandstorm|[from] ability: Sand Stream|[of] p2a: Gigalith
|move|p1a: Tornadus|Hurricane|p2a: Gigalith
|-resisted|p2a: Gigalith
|-damage|p2a: Gigalith|0 fnt
|faint|p2a: Gigalith
|
|-weather|Sandstorm|[upkeep]
|-damage|p1a: Tornadus|94/100|[from] Sandstorm
|upkeep
|
|t:|1667057579
|switch|p2a: Nidoqueen|Nidoqueen, F, shiny|94/100
|-damage|p2a: Nidoqueen|88/100|[from] Stealth Rock
|turn|13
|
|t:|1667057583
|move|p1a: Tornadus|Hurricane|p2a: Nidoqueen
|-damage|p2a: Nidoqueen|41/100
|move|p2a: Nidoqueen|Ice Beam|p1a: Tornadus
|-supereffective|p1a: Tornadus
|-damage|p1a: Tornadus|18/100
|
|-weather|Sandstorm|[upkeep]
|-damage|p1a: Tornadus|12/100|[from] Sandstorm
|upkeep
|turn|14
|j| fork gaming
|
|t:|1667057593
|move|p1a: Tornadus|Icy Wind|p2a: Nidoqueen
|-supereffective|p2a: Nidoqueen
|-damage|p2a: Nidoqueen|7/100
|-unboost|p2a: Nidoqueen|spe|1
|move|p2a: Nidoqueen|Ice Beam|p1a: Tornadus
|-supereffective|p1a: Tornadus
|-damage|p1a: Tornadus|0 fnt
|faint|p1a: Tornadus
|
|-weather|Sandstorm|[upkeep]
|upkeep
|
|t:|1667057595
|switch|p1a: Zeraora|Zeraora|100/100
|-damage|p1a: Zeraora|88/100|[from] Stealth Rock
|turn|15
|
|t:|1667057602
|move|p1a: Zeraora|Knock Off|p2a: Nidoqueen
|-damage|p2a: Nidoqueen|0 fnt
|-enditem|p2a: Nidoqueen|Life Orb|[from] move: Knock Off|[of] p1a: Zeraora
|faint|p2a: Nidoqueen
|
|-weather|Sandstorm|[upkeep]
|-damage|p1a: Zeraora|82/100|[from] Sandstorm
|-heal|p1a: Zeraora|88/100|[from] item: Leftovers
|upkeep
|
|t:|1667057605
|switch|p2a: Moltres|Moltres, shiny|100/100
|turn|16
|
|t:|1667057609
|switch|p1a: Garchomp|Garchomp, M|100/100
|-damage|p1a: Garchomp|94/100|[from] Stealth Rock
|move|p2a: Moltres|Fire Blast|p1a: Garchomp
|-resisted|p1a: Garchomp
|-damage|p1a: Garchomp|78/100
|
|-weather|none
|-heal|p1a: Garchomp|85/100|[from] item: Leftovers
|upkeep
|turn|17
|
|t:|1667057614
|switch|p2a: Skarmory|Skarmory, M, shiny|88/100
|-damage|p2a: Skarmory|76/100|[from] Stealth Rock
|move|p1a: Garchomp|Toxic|p2a: Skarmory|[miss]
|-miss|p1a: Garchomp|p2a: Skarmory
|
|-heal|p1a: Garchomp|91/100|[from] item: Leftovers
|upkeep
|turn|18
|j| nico2097
|
|t:|1667057624
|switch|p1a: Ferrothorn|Ferrothorn, M|95/100
|-damage|p1a: Ferrothorn|89/100|[from] Stealth Rock
|switch|p2a: Primarina|Primarina, F, shiny|100/100
|-damage|p2a: Primarina|88/100|[from] Stealth Rock
|
|-heal|p2a: Primarina|94/100|[from] item: Leftovers
|upkeep
|turn|19
|
|t:|1667057627
|move|p2a: Primarina|Substitute|p2a: Primarina
|-start|p2a: Primarina|Substitute
|-damage|p2a: Primarina|69/100
|move|p1a: Ferrothorn|Power Whip|p2a: Primarina|[miss]
|-miss|p1a: Ferrothorn|p2a: Primarina
|
|-heal|p2a: Primarina|75/100|[from] item: Leftovers
|upkeep
|turn|20
|l| nico2097
|
|t:|1667057631
|move|p2a: Primarina|Scald|p1a: Ferrothorn
|-resisted|p1a: Ferrothorn
|-damage|p1a: Ferrothorn|73/100
|move|p1a: Ferrothorn|Power Whip|p2a: Primarina
|-supereffective|p2a: Primarina
|-end|p2a: Primarina|Substitute
|
|-heal|p2a: Primarina|81/100|[from] item: Leftovers
|upkeep
|turn|21
|
|t:|1667057636
|switch|p2a: Moltres|Moltres, shiny|100/100
|move|p1a: Ferrothorn|Knock Off|p2a: Moltres
|-damage|p2a: Moltres|86/100
|-enditem|p2a: Moltres|Heavy-Duty Boots|[from] move: Knock Off|[of] p1a: Ferrothorn
|
|upkeep
|turn|22
|
|t:|1667057641
|switch|p1a: Garchomp|Garchomp, M|91/100
|-damage|p1a: Garchomp|85/100|[from] Stealth Rock
|move|p2a: Moltres|Defog|p1a: Garchomp
|-unboost|p1a: Garchomp|evasion|1
|-sideend|p1: Lucians Call|Stealth Rock|[from] move: Defog|[of] p2a: Moltres
|-sideend|p2: Envyetta/ttv|Stealth Rock|[from] move: Defog|[of] p2a: Moltres
|
|-heal|p1a: Garchomp|91/100|[from] item: Leftovers
|upkeep
|turn|23
|
|t:|1667057644
|move|p1a: Garchomp|Stealth Rock|p2a: Moltres
|-sidestart|p2: Envyetta/ttv|move: Stealth Rock
|move|p2a: Moltres|Hurricane|p1a: Garchomp
|-damage|p1a: Garchomp|58/100
|
|-heal|p1a: Garchomp|65/100|[from] item: Leftovers
|upkeep
|turn|24
|
|t:|1667057648
|move|p1a: Garchomp|Toxic|p2a: Moltres
|-status|p2a: Moltres|tox
|move|p2a: Moltres|Defog|p1a: Garchomp
|-unboost|p1a: Garchomp|evasion|1
|-sideend|p2: Envyetta/ttv|Stealth Rock|[from] move: Defog|[of] p2a: Moltres
|
|-heal|p1a: Garchomp|71/100|[from] item: Leftovers
|-damage|p2a: Moltres|79/100 tox|[from] psn
|upkeep
|turn|25
|
|t:|1667057649
|move|p1a: Garchomp|Stealth Rock|p2a: Moltres
|-sidestart|p2: Envyetta/ttv|move: Stealth Rock
|move|p2a: Moltres|Hurricane|p1a: Garchomp
|-crit|p1a: Garchomp
|-damage|p1a: Garchomp|24/100
|-start|p1a: Garchomp|confusion
|
|-heal|p1a: Garchomp|30/100|[from] item: Leftovers
|-damage|p2a: Moltres|67/100 tox|[from] psn
|upkeep
|turn|26
|
|t:|1667057653
|switch|p1a: Zeraora|Zeraora|88/100
|move|p2a: Moltres|Defog|p1a: Zeraora
|-unboost|p1a: Zeraora|evasion|1
|-sideend|p2: Envyetta/ttv|Stealth Rock|[from] move: Defog|[of] p2a: Moltres
|
|-heal|p1a: Zeraora|94/100|[from] item: Leftovers
|-damage|p2a: Moltres|48/100 tox|[from] psn
|upkeep
|turn|27
|
|t:|1667057658
|move|p1a: Zeraora|Plasma Fists|p2a: Moltres
|-supereffective|p2a: Moltres
|-damage|p2a: Moltres|0 fnt
|-fieldactivate|move: Ion Deluge
|-hint|Normal-type moves become Electric-type after using Plasma Fists.
|faint|p2a: Moltres
|
|-heal|p1a: Zeraora|99/100|[from] item: Leftovers
|upkeep
|-message|Envyetta/ttv forfeited.
|
|win|Lucians Call
|raw|Lucians Call's rating: 1744 &rarr; <strong>1762</strong><br />(+18 for winning)
|raw|Envyetta&#x2f;ttv's rating: 1708 &rarr; <strong>1690</strong><br />(-18 for losing)
|l|☆Envyetta/ttv
|l|☆Lucians Call
||Ladder isn't responding, score probably updated but might not have (Request timeout).
