|j|☆Sam889
|j|☆LT_Alt1
|t:|1663850806
|gametype|singles
|player|p1|Sam889|shelly|1709
|player|p2|LT_Alt1|1|1758
|teamsize|p1|6
|teamsize|p2|6
|gen|8
|tier|[Gen 8] OU
|rated|
|rule|Sleep Clause Mod: Limit one foe put to sleep
|rule|Species Clause: Limit one of each Pokémon
|rule|OHKO Clause: OHKO moves are banned
|rule|Evasion Items Clause: Evasion items are banned
|rule|Evasion Moves Clause: Evasion moves are banned
|rule|Endless Battle Clause: Forcing endless battles is banned
|rule|HP Percentage Mod: HP is shown in percentages
|rule|Dynamax Clause: You cannot dynamax
|clearpoke
|poke|p1|Buzzwole|
|poke|p1|Slowking-Galar, M|
|poke|p1|Skarmory, F|
|poke|p1|Hydreigon, M|
|poke|p1|Volcanion|
|poke|p1|Landorus-Therian, M|
|poke|p2|Alakazam, F|
|poke|p2|Chansey, F|
|poke|p2|Zapdos|
|poke|p2|Clefable, M|
|poke|p2|Slowbro, M|
|poke|p2|Rhydon, M|
|teampreview
|c|☆Sam889|hf
|
|t:|1663850812
|start
|switch|p1a: Landorus|Landorus-Therian, M|100/100
|switch|p2a: Slowbro|Slowbro, M|100/100
|-ability|p1a: Landorus|Intimidate|boost
|-unboost|p2a: Slowbro|atk|1
|turn|1
|
|t:|1663850819
|move|p1a: Landorus|U-turn|p2a: Slowbro
|-supereffective|p2a: Slowbro
|-damage|p2a: Slowbro|68/100
|-damage|p1a: Landorus|84/100|[from] item: Rocky Helmet|[of] p2a: Slowbro
|
|t:|1663850824
|switch|p1a: Hydreigon|Hydreigon, M|100/100|[from]move: U-turn
|move|p2a: Slowbro|Future Sight|p1a: Hydreigon
|-start|p2a: Slowbro|move: Future Sight
|
|upkeep
|turn|2
|
|t:|1663850830
|switch|p2a: Chansey|Chansey, F|100/100
|move|p1a: Hydreigon|Dark Pulse|p2a: Chansey
|-damage|p2a: Chansey|87/100
|
|upkeep
|turn|3
|
|t:|1663850835
|switch|p1a: Slowking|Slowking-Galar, M|100/100
|move|p2a: Chansey|Teleport|p2a: Chansey
|
|t:|1663850839
|switch|p2a: Rhydon|Rhydon, M|100/100|[from]move: Teleport
|
|-end|p1a: Slowking|move: Future Sight
|-damage|p1a: Slowking|78/100
|upkeep
|turn|4
|
|t:|1663850849
|switch|p1a: Buzzwole|Buzzwole|100/100
|move|p2a: Rhydon|Stealth Rock|p1a: Buzzwole
|-sidestart|p1: Sam889|move: Stealth Rock
|
|upkeep
|turn|5
|j| ggnhax
|
|t:|1663850856
|switch|p2a: Clefable|Clefable, M|100/100
|move|p1a: Buzzwole|Leech Life|p2a: Clefable
|-resisted|p2a: Clefable
|-damage|p2a: Clefable|70/100
|
|upkeep
|turn|6
|
|t:|1663850865
|switch|p1a: Slowking|Slowking-Galar, M|100/100
|-damage|p1a: Slowking|88/100|[from] Stealth Rock
|switch|p2a: Rhydon|Rhydon, M|100/100
|
|upkeep
|turn|7
|
|t:|1663850876
|switch|p2a: Zapdos|Zapdos|100/100
|move|p1a: Slowking|Hydro Pump|p2a: Zapdos
|-damage|p2a: Zapdos|64/100
|
|upkeep
|turn|8
|
|t:|1663850883
|move|p2a: Zapdos|Volt Switch|p1a: Slowking
|-damage|p1a: Slowking|73/100
|
|t:|1663850886
|switch|p2a: Chansey|Chansey, F|87/100|[from]move: Volt Switch
|move|p1a: Slowking|Future Sight|p2a: Chansey
|-start|p1a: Slowking|move: Future Sight
|
|upkeep
|turn|9
|
|t:|1663850891
|switch|p1a: Skarmory|Skarmory, F|100/100
|-damage|p1a: Skarmory|88/100|[from] Stealth Rock
|move|p2a: Chansey|Reflect|p2a: Chansey
|-sidestart|p2: LT_Alt1|Reflect
|
|-heal|p1a: Skarmory|94/100|[from] item: Leftovers
|upkeep
|turn|10
|
|t:|1663850899
|move|p1a: Skarmory|Spikes|p2a: Chansey
|-sidestart|p2: LT_Alt1|Spikes
|move|p2a: Chansey|Seismic Toss|p1a: Skarmory
|-damage|p1a: Skarmory|64/100
|
|-end|p2a: Chansey|move: Future Sight
|-damage|p2a: Chansey|67/100
|-heal|p1a: Skarmory|70/100|[from] item: Leftovers
|upkeep
|turn|11
|
|t:|1663850907
|move|p1a: Skarmory|Body Press|p2a: Chansey
|-supereffective|p2a: Chansey
|-damage|p2a: Chansey|45/100
|move|p2a: Chansey|Teleport|p2a: Chansey
|
|t:|1663850913
|switch|p2a: Zapdos|Zapdos|64/100|[from]move: Teleport
|
|-heal|p1a: Skarmory|76/100|[from] item: Leftovers
|upkeep
|turn|12
|
|t:|1663850918
|switch|p1a: Landorus|Landorus-Therian, M|84/100
|-damage|p1a: Landorus|72/100|[from] Stealth Rock
|-ability|p1a: Landorus|Intimidate|boost
|-unboost|p2a: Zapdos|atk|1
|move|p2a: Zapdos|Hurricane|p1a: Landorus
|-damage|p1a: Landorus|8/100
|
|upkeep
|turn|13
|
|t:|1663850929
|switch|p2a: Slowbro|Slowbro, M|100/100
|-damage|p2a: Slowbro|88/100|[from] Spikes
|move|p1a: Landorus|U-turn|p2a: Slowbro
|-supereffective|p2a: Slowbro
|-damage|p2a: Slowbro|72/100
|-damage|p1a: Landorus|0 fnt|[from] item: Rocky Helmet|[of] p2a: Slowbro
|faint|p1a: Landorus
|
|-sideend|p2: LT_Alt1|Reflect
|upkeep
|
|t:|1663850938
|switch|p1a: Hydreigon|Hydreigon, M|100/100
|-damage|p1a: Hydreigon|88/100|[from] Stealth Rock
|turn|14
|
|t:|1663850948
|switch|p2a: Clefable|Clefable, M|70/100
|move|p1a: Hydreigon|Dark Pulse|p2a: Clefable
|-resisted|p2a: Clefable
|-damage|p2a: Clefable|52/100
|
|-heal|p1a: Hydreigon|94/100|[from] item: Leftovers
|upkeep
|turn|15
|
|t:|1663850956
|move|p1a: Hydreigon|Defog|p2a: Clefable
|-unboost|p2a: Clefable|evasion|1
|-sideend|p2: LT_Alt1|Spikes|[from] move: Defog|[of] p1a: Hydreigon
|-sideend|p1: Sam889|Stealth Rock|[from] move: Defog|[of] p1a: Hydreigon
|move|p2a: Clefable|Soft-Boiled|p2a: Clefable
|-heal|p2a: Clefable|100/100
|
|-heal|p1a: Hydreigon|100/100|[from] item: Leftovers
|upkeep
|turn|16
|
|t:|1663850966
|switch|p1a: Volcanion|Volcanion|100/100
|switch|p2a: Chansey|Chansey, F|45/100
|
|upkeep
|turn|17
|
|t:|1663850972
|move|p1a: Volcanion|Steam Eruption|p2a: Chansey
|-damage|p2a: Chansey|13/100
|move|p2a: Chansey|Soft-Boiled|p2a: Chansey
|-heal|p2a: Chansey|63/100
|
|upkeep
|turn|18
|
|t:|1663850979
|switch|p1a: Buzzwole|Buzzwole|100/100
|move|p2a: Chansey|Soft-Boiled|p2a: Chansey
|-heal|p2a: Chansey|100/100
|
|upkeep
|turn|19
|
|t:|1663850986
|switch|p2a: Slowbro|Slowbro, M|100/100
|move|p1a: Buzzwole|Close Combat|p2a: Slowbro
|-resisted|p2a: Slowbro
|-damage|p2a: Slowbro|71/100
|-unboost|p1a: Buzzwole|def|1
|-unboost|p1a: Buzzwole|spd|1
|-damage|p1a: Buzzwole|84/100|[from] item: Rocky Helmet|[of] p2a: Slowbro
|
|upkeep
|turn|20
|
|t:|1663850994
|switch|p1a: Slowking|Slowking-Galar, M|100/100
|move|p2a: Slowbro|Teleport|p2a: Slowbro
|
|t:|1663850998
|switch|p2a: Rhydon|Rhydon, M|100/100|[from]move: Teleport
|
|upkeep
|turn|21
|
|t:|1663851002
|move|p2a: Rhydon|Stealth Rock|p1a: Slowking
|-sidestart|p1: Sam889|move: Stealth Rock
|move|p1a: Slowking|Hydro Pump|p2a: Rhydon
|-supereffective|p2a: Rhydon
|-damage|p2a: Rhydon|0 fnt
|faint|p2a: Rhydon
|
|upkeep
|c|☆LT_Alt1|max attack adamant
|c|☆LT_Alt1|clef wins the second it dies
|c|☆Sam889|?
|c|☆LT_Alt1|thunder clef
|
|t:|1663851032
|switch|p2a: Chansey|Chansey, F|100/100
|turn|22
|
|t:|1663851037
|move|p2a: Chansey|Seismic Toss|p1a: Slowking
|-damage|p1a: Slowking|75/100
|move|p1a: Slowking|Future Sight|p2a: Chansey
|-start|p1a: Slowking|move: Future Sight
|
|upkeep
|turn|23
|
|t:|1663851046
|switch|p1a: Buzzwole|Buzzwole|84/100
|-damage|p1a: Buzzwole|72/100|[from] Stealth Rock
|move|p2a: Chansey|Teleport|p2a: Chansey
|
|t:|1663851051
|switch|p2a: Zapdos|Zapdos|64/100|[from]move: Teleport
|
|upkeep
|turn|24
|
|t:|1663851055
|move|p2a: Zapdos|Volt Switch|p1a: Buzzwole
|-damage|p1a: Buzzwole|29/100
|
|t:|1663851058
|switch|p2a: Slowbro|Slowbro, M|100/100|[from]move: Volt Switch
|move|p1a: Buzzwole|Ice Punch|p2a: Slowbro
|-resisted|p2a: Slowbro
|-damage|p2a: Slowbro|87/100
|-damage|p1a: Buzzwole|12/100|[from] item: Rocky Helmet|[of] p2a: Slowbro
|
|-end|p2a: Slowbro|move: Future Sight
|-resisted|p2a: Slowbro
|-damage|p2a: Slowbro|56/100
|upkeep
|turn|25
|
|t:|1663851070
|move|p1a: Buzzwole|Ice Punch|p2a: Slowbro
|-resisted|p2a: Slowbro
|-damage|p2a: Slowbro|42/100
|-damage|p1a: Buzzwole|0 fnt|[from] item: Rocky Helmet|[of] p2a: Slowbro
|faint|p1a: Buzzwole
|move|p2a: Slowbro|Teleport|p2a: Slowbro
|
|t:|1663851076
|switch|p2a: Zapdos|Zapdos|64/100|[from]move: Teleport
|
|upkeep
|
|t:|1663851085
|switch|p1a: Slowking|Slowking-Galar, M|100/100
|-damage|p1a: Slowking|88/100|[from] Stealth Rock
|turn|26
|
|t:|1663851089
|move|p2a: Zapdos|Volt Switch|p1a: Slowking
|-damage|p1a: Slowking|72/100
|j| I'M AT MY LIMIT!
|
|t:|1663851093
|switch|p2a: Chansey|Chansey, F|100/100|[from]move: Volt Switch
|move|p1a: Slowking|Sludge Bomb|p2a: Chansey
|-damage|p2a: Chansey|87/100
|
|upkeep
|turn|27
|
|t:|1663851100
|move|p2a: Chansey|Seismic Toss|p1a: Slowking
|-damage|p1a: Slowking|47/100
|move|p1a: Slowking|Sludge Bomb|p2a: Chansey
|-damage|p2a: Chansey|74/100
|
|upkeep
|turn|28
|
|t:|1663851107
|switch|p1a: Skarmory|Skarmory, F|76/100
|-damage|p1a: Skarmory|64/100|[from] Stealth Rock
|move|p2a: Chansey|Teleport|p2a: Chansey
|
|t:|1663851111
|switch|p2a: Zapdos|Zapdos|64/100|[from]move: Teleport
|
|-heal|p1a: Skarmory|70/100|[from] item: Leftovers
|upkeep
|turn|29
|
|t:|1663851118
|switch|p1a: Hydreigon|Hydreigon, M|100/100
|-damage|p1a: Hydreigon|88/100|[from] Stealth Rock
|move|p2a: Zapdos|Volt Switch|p1a: Hydreigon
|-resisted|p1a: Hydreigon
|-damage|p1a: Hydreigon|74/100
|
|t:|1663851125
|switch|p2a: Alakazam|Alakazam, F|100/100|[from]move: Volt Switch
|
|-heal|p1a: Hydreigon|80/100|[from] item: Leftovers
|upkeep
|turn|30
|
|t:|1663851130
|move|p2a: Alakazam|Dazzling Gleam|p1a: Hydreigon
|-supereffective|p1a: Hydreigon
|-damage|p1a: Hydreigon|0 fnt
|faint|p1a: Hydreigon
|
|upkeep
|
|t:|1663851133
|switch|p1a: Slowking|Slowking-Galar, M|80/100
|-damage|p1a: Slowking|68/100|[from] Stealth Rock
|turn|31
|
|t:|1663851143
|move|p2a: Alakazam|Shadow Ball|p1a: Slowking
|-supereffective|p1a: Slowking
|-damage|p1a: Slowking|31/100
|move|p1a: Slowking|Sludge Bomb|p2a: Alakazam
|-damage|p2a: Alakazam|39/100
|
|upkeep
|turn|32
|
|t:|1663851149
|switch|p1a: Volcanion|Volcanion|100/100
|-damage|p1a: Volcanion|76/100|[from] Stealth Rock
|move|p2a: Alakazam|Shadow Ball|p1a: Volcanion
|-damage|p1a: Volcanion|40/100
|
|upkeep
|turn|33
|j| 8yccgogyc9y
|
|t:|1663851157
|move|p2a: Alakazam|Psychic|p1a: Volcanion
|-damage|p1a: Volcanion|0 fnt
|faint|p1a: Volcanion
|
|upkeep
|
|t:|1663851161
|switch|p1a: Slowking|Slowking-Galar, M|64/100
|-damage|p1a: Slowking|52/100|[from] Stealth Rock
|turn|34
|
|t:|1663851167
|move|p2a: Alakazam|Shadow Ball|p1a: Slowking
|-supereffective|p1a: Slowking
|-damage|p1a: Slowking|15/100
|move|p1a: Slowking|Sludge Bomb|p2a: Alakazam
|-damage|p2a: Alakazam|0 fnt
|faint|p2a: Alakazam
|
|upkeep
|
|t:|1663851174
|switch|p2a: Zapdos|Zapdos|64/100
|turn|35
|
|t:|1663851177
|switch|p1a: Skarmory|Skarmory, F|70/100
|-damage|p1a: Skarmory|58/100|[from] Stealth Rock
|move|p2a: Zapdos|Volt Switch|p1a: Skarmory
|-supereffective|p1a: Skarmory
|-damage|p1a: Skarmory|0 fnt
|faint|p1a: Skarmory
|
|t:|1663851187
|switch|p2a: Chansey|Chansey, F|74/100|[from]move: Volt Switch
|
|upkeep
|l| ggnhax
|
|t:|1663851202
|switch|p1a: Slowking|Slowking-Galar, M|48/100
|-damage|p1a: Slowking|36/100|[from] Stealth Rock
|turn|36
|-message|Sam889 forfeited.
|
|win|LT_Alt1
|raw|Sam889's rating: 1709 &rarr; <strong>1692</strong><br />(-17 for losing)
|raw|LT_Alt1's rating: 1758 &rarr; <strong>1775</strong><br />(+17 for winning)
|l|☆LT_Alt1
|l|☆Sam889
