|j|☆Kurai Sen
|j|☆Wheezer
|inactive|Battle timer is ON: inactive players will automatically lose when time's up.
|t:|1655840445
|gametype|singles
|player|p1|Kurai Sen|cogita|
|player|p2|Wheezer|petrel|
|teamsize|p1|2
|teamsize|p2|2
|gen|8
|tier|[Gen 8] OU
|rated|Tournament battle
|rule|Sleep Clause Mod: Limit one foe put to sleep
|rule|Species Clause: Limit one of each Pokémon
|rule|OHKO Clause: OHKO moves are banned
|rule|Evasion Moves Clause: Evasion moves are banned
|rule|Endless Battle Clause: Forcing endless battles is banned
|rule|HP Percentage Mod: HP is shown in percentages
|rule|Dynamax Clause: You cannot dynamax
|clearpoke
|poke|p1|Chansey, F|
|poke|p1|Dragonair, M|
|poke|p2|Omastar, M|
|poke|p2|Whirlipede, M|
|teampreview
|j|*Lady Monita ☀
|j| Watermeloncatlol
|j| 41exe
|c|☆Wheezer|oh damn
|j|+ChaosLucaro
|
|t:|1655840461
|start
|switch|p1a: Dragonair|Dragonair, M|100/100
|switch|p2a: Whirlipede|Whirlipede, M|100/100
|turn|1
|j| Lenoxum
|
|t:|1655840466
|move|p1a: Dragonair|Dragon Dance|p1a: Dragonair
|-boost|p1a: Dragonair|atk|1
|-boost|p1a: Dragonair|spe|1
|move|p2a: Whirlipede|Toxic|p1a: Dragonair
|-status|p1a: Dragonair|tox
|
|-damage|p1a: Dragonair|94/100 tox|[from] psn
|-ability|p2a: Whirlipede|Speed Boost|boost
|-boost|p2a: Whirlipede|spe|1
|upkeep
|turn|2
|
|t:|1655840471
|move|p1a: Dragonair|Dragon Dance|p1a: Dragonair
|-boost|p1a: Dragonair|atk|1
|-boost|p1a: Dragonair|spe|1
|move|p2a: Whirlipede|Iron Defense|p2a: Whirlipede
|-boost|p2a: Whirlipede|def|2
|
|-damage|p1a: Dragonair|82/100 tox|[from] psn
|-ability|p2a: Whirlipede|Speed Boost|boost
|-boost|p2a: Whirlipede|spe|1
|upkeep
|turn|3
|
|t:|1655840478
|move|p1a: Dragonair|Dragon Dance|p1a: Dragonair
|-boost|p1a: Dragonair|atk|1
|-boost|p1a: Dragonair|spe|1
|move|p2a: Whirlipede|Iron Defense|p2a: Whirlipede
|-boost|p2a: Whirlipede|def|2
|
|-damage|p1a: Dragonair|64/100 tox|[from] psn
|-ability|p2a: Whirlipede|Speed Boost|boost
|-boost|p2a: Whirlipede|spe|1
|upkeep
|turn|4
|j| Icey Warzone
|
|t:|1655840485
|move|p1a: Dragonair|Dragon Dance|p1a: Dragonair
|-boost|p1a: Dragonair|atk|1
|-boost|p1a: Dragonair|spe|1
|move|p2a: Whirlipede|Iron Defense|p2a: Whirlipede
|-boost|p2a: Whirlipede|def|2
|
|-damage|p1a: Dragonair|39/100 tox|[from] psn
|-ability|p2a: Whirlipede|Speed Boost|boost
|-boost|p2a: Whirlipede|spe|1
|upkeep
|turn|5
|
|t:|1655840490
|move|p1a: Dragonair|Rest|p1a: Dragonair
|-status|p1a: Dragonair|slp|[from] move: Rest
|-heal|p1a: Dragonair|100/100 slp|[silent]
|move|p2a: Whirlipede|Toxic||[still]
|-fail|p2a: Whirlipede
|
|-ability|p2a: Whirlipede|Speed Boost|boost
|-boost|p2a: Whirlipede|spe|1
|upkeep
|turn|6
|c|☆Wheezer|bruh
|
|t:|1655840504
|cant|p1a: Dragonair|slp
|move|p1a: Dragonair|Sleep Talk|p1a: Dragonair
|move|p1a: Dragonair|Rest||[from]move: Sleep Talk|[still]
|-fail|p1a: Dragonair
|move|p2a: Whirlipede|Toxic||[still]
|-fail|p2a: Whirlipede
|
|-ability|p2a: Whirlipede|Speed Boost|boost
|-boost|p2a: Whirlipede|spe|1
|upkeep
|turn|7
|
|t:|1655840508
|cant|p1a: Dragonair|slp
|move|p1a: Dragonair|Sleep Talk|p1a: Dragonair
|move|p1a: Dragonair|Dragon Dance|p1a: Dragonair|[from]move: Sleep Talk
|-boost|p1a: Dragonair|atk|1
|-boost|p1a: Dragonair|spe|1
|move|p2a: Whirlipede|Venom Drench||[still]
|-fail|p2a: Whirlipede
|
|upkeep
|turn|8
|
|t:|1655840517
|-curestatus|p1a: Dragonair|slp|[msg]
|move|p1a: Dragonair|Dragon Dance|p1a: Dragonair
|-boost|p1a: Dragonair|atk|1
|-boost|p1a: Dragonair|spe|1
|move|p2a: Whirlipede|Toxic|p1a: Dragonair
|-status|p1a: Dragonair|tox
|
|-damage|p1a: Dragonair|94/100 tox|[from] psn
|upkeep
|turn|9
|
|t:|1655840524
|move|p1a: Dragonair|Rest|p1a: Dragonair
|-status|p1a: Dragonair|slp|[from] move: Rest
|-heal|p1a: Dragonair|100/100 slp|[silent]
|move|p2a: Whirlipede|Venom Drench||[still]
|-fail|p2a: Whirlipede
|
|upkeep
|turn|10
|
|t:|1655840532
|cant|p1a: Dragonair|slp
|move|p1a: Dragonair|Sleep Talk|p1a: Dragonair
|move|p1a: Dragonair|Outrage|p2a: Whirlipede|[from]move: Sleep Talk
|-damage|p2a: Whirlipede|75/100
|move|p2a: Whirlipede|Venom Drench||[still]
|-fail|p2a: Whirlipede
|
|upkeep
|turn|11
|
|t:|1655840539
|cant|p1a: Dragonair|slp
|move|p1a: Dragonair|Sleep Talk|p1a: Dragonair
|move|p1a: Dragonair|Dragon Dance|p1a: Dragonair|[from]move: Sleep Talk
|-boost|p1a: Dragonair|atk|0
|-boost|p1a: Dragonair|spe|0
|move|p2a: Whirlipede|Venom Drench||[still]
|-fail|p2a: Whirlipede
|
|upkeep
|turn|12
|
|t:|1655840544
|-curestatus|p1a: Dragonair|slp|[msg]
|move|p1a: Dragonair|Outrage|p2a: Whirlipede
|-crit|p2a: Whirlipede
|-damage|p2a: Whirlipede|0 fnt
|faint|p2a: Whirlipede
|
|upkeep
|
|t:|1655840551
|switch|p2a: Omastar|Omastar, M|100/100
|turn|13
|c| Lenoxum|damn
|c|☆Kurai Sen|sry
|
|t:|1655840573
|move|p1a: Dragonair|Outrage|p2a: Omastar|[from]lockedmove
|-damage|p2a: Omastar|0 fnt
|faint|p2a: Omastar
|-start|p1a: Dragonair|confusion|[fatigue]
|
|win|Kurai Sen
|n|☆Kurai Sen|kuraisen
|n|☆Wheezer|wheezer
|n|*Lady Monita ☀|ladymonita
|n| Watermeloncatlol|watermeloncatlol
|n| 41exe|41exe
|n| ChaosLucaro|chaoslucaro
|n| Lenoxum|lenoxum
|n| Icey Warzone|iceywarzone
