|j|☆A
|j|☆piyush21
|player|p1|A|pokekid|1678
|player|p2|piyush21|red|1667
|teamsize|p1|6
|teamsize|p2|6
|gametype|singles
|gen|8
|tier|[Gen 8] OU
|rated|
|clearpoke
|poke|p1|Kyurem|
|poke|p1|Conkeldurr, M|
|poke|p1|Ferrothorn, F|
|poke|p1|Hatterene, F|
|poke|p1|Zeraora|
|poke|p1|Rotom-Heat|
|poke|p2|Shuckle, F|
|poke|p2|Bisharp, F|
|poke|p2|Dracovish|
|poke|p2|Togekiss, F|
|poke|p2|Mimikyu, M|
|poke|p2|Dragapult, F|
|rule|Sleep Clause Mod: Limit one foe put to sleep
|rule|Species Clause: Limit one of each Pokémon
|rule|OHKO Clause: OHKO moves are banned
|rule|Evasion Moves Clause: Evasion moves are banned
|rule|Endless Battle Clause: Forcing endless battles is banned
|rule|HP Percentage Mod: HP is shown in percentages
|rule|Dynamax Clause: You cannot dynamax
|teampreview
|inactive|Battle timer is ON: inactive players will automatically lose when time's up. (requested by A)
|
|start
|switch|p1a: Jeanne Alter|Ferrothorn, F|100/100
|switch|p2a: Dragapult|Dragapult, F|100/100
|turn|1
|
|switch|p2a: Shuckle|Shuckle, F|100/100
|switch|p1a: Choccy Milk|Rotom-Heat, shiny|100/100
|
|upkeep
|turn|2
|
|switch|p1a: Lucidity|Hatterene, F, shiny|100/100
|move|p2a: Shuckle|Final Gambit|p1a: Lucidity
|-damage|p1a: Lucidity|23/100
|faint|p2a: Shuckle
|
|upkeep
|
|switch|p2a: Dracovish|Dracovish|100/100
|turn|3
|
|switch|p1a: Jeanne Alter|Ferrothorn, F|100/100
|move|p2a: Dracovish|Fishious Rend|p1a: Jeanne Alter
|-resisted|p1a: Jeanne Alter
|-crit|p1a: Jeanne Alter
|-damage|p1a: Jeanne Alter|26/100
|-damage|p2a: Dracovish|88/100|[from] ability: Iron Barbs|[of] p1a: Jeanne Alter
|
|-heal|p1a: Jeanne Alter|32/100|[from] item: Leftovers
|upkeep
|turn|4
|
|switch|p1a: Lucidity|Hatterene, F, shiny|23/100
|move|p2a: Dracovish|Fishious Rend|p1a: Lucidity
|-damage|p1a: Lucidity|0 fnt
|faint|p1a: Lucidity
|
|upkeep
|
|switch|p1a: Sans|Kyurem|100/100
|-ability|p1a: Sans|Pressure
|turn|5
|
|switch|p2a: Bisharp|Bisharp, F|100/100
|move|p1a: Sans|Ice Beam|p2a: Bisharp
|-resisted|p2a: Bisharp
|-damage|p2a: Bisharp|35/100
|
|upkeep
|turn|6
|
|move|p2a: Bisharp|Sucker Punch|p1a: Sans
|-damage|p1a: Sans|54/100
|-damage|p2a: Bisharp|25/100|[from] item: Life Orb
|move|p1a: Sans|Ice Beam|p2a: Bisharp
|-resisted|p2a: Bisharp
|-damage|p2a: Bisharp|0 fnt
|faint|p2a: Bisharp
|
|upkeep
|
|switch|p2a: Dragapult|Dragapult, F|100/100
|turn|7
|
|switch|p1a: Choccy Milk|Rotom-Heat, shiny|100/100
|move|p2a: Dragapult|Dragon Darts|p1a: Choccy Milk
|-damage|p1a: Choccy Milk|67/100
|-anim|p2a: Dragapult|Dragon Darts|p1a: Choccy Milk
|-damage|p1a: Choccy Milk|36/100
|-damage|p2a: Dragapult|91/100|[from] item: Life Orb
|
|-heal|p1a: Choccy Milk|42/100|[from] item: Leftovers
|upkeep
|turn|8
|
|switch|p1a: Jeanne Alter|Ferrothorn, F|32/100
|move|p2a: Dragapult|Dragon Dance|p2a: Dragapult
|-boost|p2a: Dragapult|atk|1
|-boost|p2a: Dragapult|spe|1
|
|-heal|p1a: Jeanne Alter|38/100|[from] item: Leftovers
|upkeep
|turn|9
|
|move|p2a: Dragapult|Dragon Darts|p1a: Jeanne Alter
|-resisted|p1a: Jeanne Alter
|-damage|p1a: Jeanne Alter|22/100
|-anim|p2a: Dragapult|Dragon Darts|p1a: Jeanne Alter
|-resisted|p1a: Jeanne Alter
|-damage|p1a: Jeanne Alter|6/100
|-damage|p2a: Dragapult|81/100|[from] item: Life Orb
|move|p1a: Jeanne Alter|Stealth Rock|p2a: Dragapult
|-sidestart|p2: piyush21|move: Stealth Rock
|
|-heal|p1a: Jeanne Alter|12/100|[from] item: Leftovers
|upkeep
|turn|10
|
|move|p2a: Dragapult|Dragon Darts|p1a: Jeanne Alter
|-resisted|p1a: Jeanne Alter
|-damage|p1a: Jeanne Alter|0 fnt
|-damage|p2a: Dragapult|71/100|[from] item: Life Orb
|faint|p1a: Jeanne Alter
|
|upkeep
|
|switch|p1a: Fake Nice|Conkeldurr, M|100/100
|turn|11
|
|move|p2a: Dragapult|Dragon Darts|p1a: Fake Nice
|-damage|p1a: Fake Nice|53/100
|-anim|p2a: Dragapult|Dragon Darts|p1a: Fake Nice
|-damage|p1a: Fake Nice|2/100
|-damage|p2a: Dragapult|61/100|[from] item: Life Orb
|move|p1a: Fake Nice|Knock Off|p2a: Dragapult
|-supereffective|p2a: Dragapult
|-damage|p2a: Dragapult|0 fnt
|-enditem|p2a: Dragapult|Life Orb|[from] move: Knock Off|[of] p1a: Fake Nice
|faint|p2a: Dragapult
|
|-status|p1a: Fake Nice|brn|[from] item: Flame Orb
|upkeep
|
|switch|p2a: Mimikyu|Mimikyu, M|100/100
|-damage|p2a: Mimikyu|88/100|[from] Stealth Rock
|turn|12
|
|move|p2a: Mimikyu|Shadow Sneak|p1a: Fake Nice
|-damage|p1a: Fake Nice|0 fnt
|-damage|p2a: Mimikyu|78/100|[from] item: Life Orb
|faint|p1a: Fake Nice
|
|upkeep
|
|switch|p1a: Actually Good|Zeraora|100/100
|turn|13
|
|move|p1a: Actually Good|Plasma Fists|p2a: Mimikyu
|-activate|p2a: Mimikyu|ability: Disguise
|-damage|p2a: Mimikyu|78/100
|-fieldactivate|move: Ion Deluge
|detailschange|p2a: Mimikyu|Mimikyu-Busted, M
|-damage|p2a: Mimikyu|66/100|[from] pokemon: Mimikyu-Busted
|move|p2a: Mimikyu|Shadow Claw|p1a: Actually Good
|-damage|p1a: Actually Good|40/100
|-damage|p2a: Mimikyu|56/100|[from] item: Life Orb
|
|upkeep
|turn|14
|
|move|p2a: Mimikyu|Shadow Sneak|p1a: Actually Good
|-damage|p1a: Actually Good|3/100
|-damage|p2a: Mimikyu|46/100|[from] item: Life Orb
|move|p1a: Actually Good|Plasma Fists|p2a: Mimikyu
|-damage|p2a: Mimikyu|0 fnt
|-fieldactivate|move: Ion Deluge
|faint|p2a: Mimikyu
|
|upkeep
|
|switch|p2a: Dracovish|Dracovish|88/100
|-damage|p2a: Dracovish|76/100|[from] Stealth Rock
|turn|15
|
|move|p1a: Actually Good|Plasma Fists|p2a: Dracovish
|-damage|p2a: Dracovish|28/100
|-fieldactivate|move: Ion Deluge
|move|p2a: Dracovish|Fishious Rend|p1a: Actually Good
|-damage|p1a: Actually Good|0 fnt
|faint|p1a: Actually Good
|
|upkeep
|
|switch|p1a: Sans|Kyurem|54/100
|-ability|p1a: Sans|Pressure
|turn|16
|
|move|p1a: Sans|Ice Beam|p2a: Dracovish
|-damage|p2a: Dracovish|0 fnt
|faint|p2a: Dracovish
|
|upkeep
|
|switch|p2a: Togekiss|Togekiss, F|100/100
|-damage|p2a: Togekiss|76/100|[from] Stealth Rock
|turn|17
|
|move|p1a: Sans|Ice Beam|p2a: Togekiss
|-supereffective|p2a: Togekiss
|-damage|p2a: Togekiss|0 fnt
|faint|p2a: Togekiss
|
|win|A
|l|☆piyush21
|raw|A's rating: 1678 &rarr; <strong>1697</strong><br />(+19 for winning)
|raw|piyush21's rating: 1667 &rarr; <strong>1648</strong><br />(-19 for losing)
