|j|☆Nabsuki
|j|☆Lunar Neo
|player|p1|Nabsuki|170|1611
|player|p2|Lunar Neo|248|1546
|teamsize|p1|6
|teamsize|p2|6
|gametype|singles
|gen|8
|tier|[Gen 8] OU
|rated|
|rule|Sleep Clause Mod: Limit one foe put to sleep
|rule|Species Clause: Limit one of each Pokémon
|rule|OHKO Clause: OHKO moves are banned
|rule|Moody Clause: Moody is banned
|rule|Evasion Moves Clause: Evasion moves are banned
|rule|Endless Battle Clause: Forcing endless battles is banned
|rule|HP Percentage Mod: HP is shown in percentages
|clearpoke
|poke|p1|Hydreigon, M|item
|poke|p1|Chandelure, F|item
|poke|p1|Corviknight, M|item
|poke|p1|Darmanitan-Galar, F|item
|poke|p1|Ferrothorn, M|item
|poke|p1|Toxtricity, F|item
|poke|p2|Hydreigon, M|item
|poke|p2|Mamoswine, M|item
|poke|p2|Aegislash, M|item
|poke|p2|Clefable, M|item
|poke|p2|Rotom-Wash|item
|poke|p2|Toxtricity, F|item
|teampreview
|
|start
|switch|p1a: Ferrothorn|Ferrothorn, M|100/100
|switch|p2a: Mamoswine|Mamoswine, M|100/100
|turn|1
|
|move|p2a: Mamoswine|Stealth Rock|p1a: Ferrothorn
|-sidestart|p1: Nabsuki|move: Stealth Rock
|move|p1a: Ferrothorn|Knock Off|p2a: Mamoswine
|-damage|p2a: Mamoswine|80/100
|-enditem|p2a: Mamoswine|Metronome|[from] move: Knock Off|[of] p1a: Ferrothorn
|
|upkeep
|turn|2
|
|move|p2a: Mamoswine|Earthquake|p1a: Ferrothorn
|-damage|p1a: Ferrothorn|69/100
|move|p1a: Ferrothorn|Stealth Rock|p2a: Mamoswine
|-sidestart|p2: Lunar Neo|move: Stealth Rock
|
|-heal|p1a: Ferrothorn|75/100|[from] item: Leftovers
|upkeep
|turn|3
|
|move|p2a: Mamoswine|Earthquake|p1a: Ferrothorn
|-damage|p1a: Ferrothorn|44/100
|move|p1a: Ferrothorn|Leech Seed|p2a: Mamoswine|[miss]
|-miss|p1a: Ferrothorn|p2a: Mamoswine
|
|-heal|p1a: Ferrothorn|50/100|[from] item: Leftovers
|upkeep
|turn|4
|
|move|p2a: Mamoswine|Earthquake|p1a: Ferrothorn
|-damage|p1a: Ferrothorn|20/100
|move|p1a: Ferrothorn|Leech Seed|p2a: Mamoswine
|-start|p2a: Mamoswine|move: Leech Seed
|
|-heal|p1a: Ferrothorn|26/100|[from] item: Leftovers
|-damage|p2a: Mamoswine|68/100|[from] Leech Seed|[of] p1a: Ferrothorn
|-heal|p1a: Ferrothorn|41/100|[silent]
|upkeep
|turn|5
|
|switch|p2a: Hydreigon|Hydreigon, M|100/100
|-damage|p2a: Hydreigon|88/100|[from] Stealth Rock
|move|p1a: Ferrothorn|Leech Seed|p2a: Hydreigon
|-start|p2a: Hydreigon|move: Leech Seed
|
|-heal|p2a: Hydreigon|94/100|[from] item: Leftovers
|-heal|p1a: Ferrothorn|47/100|[from] item: Leftovers
|-damage|p2a: Hydreigon|82/100|[from] Leech Seed|[of] p1a: Ferrothorn
|-heal|p1a: Ferrothorn|58/100|[silent]
|upkeep
|turn|6
|j| obaki
|
|switch|p1a: Corviknight|Corviknight, M|100/100
|-damage|p1a: Corviknight|88/100|[from] Stealth Rock
|move|p2a: Hydreigon|Flamethrower|p1a: Corviknight
|-supereffective|p1a: Corviknight
|-damage|p1a: Corviknight|45/100
|
|-heal|p2a: Hydreigon|88/100|[from] item: Leftovers
|-heal|p1a: Corviknight|51/100|[from] item: Leftovers
|-damage|p2a: Hydreigon|76/100|[from] Leech Seed|[of] p1a: Corviknight
|-heal|p1a: Corviknight|61/100|[silent]
|upkeep
|turn|7
|
|switch|p2a: Toxtricity|Toxtricity, F|100/100
|-damage|p2a: Toxtricity|88/100|[from] Stealth Rock
|move|p1a: Corviknight|Roost|p1a: Corviknight
|-heal|p1a: Corviknight|100/100
|-singleturn|p1a: Corviknight|move: Roost
|
|upkeep
|turn|8
|
|move|p2a: Toxtricity|Boomburst|p1a: Corviknight
|-resisted|p1a: Corviknight
|-damage|p1a: Corviknight|66/100
|move|p1a: Corviknight|U-turn|p2a: Toxtricity
|-resisted|p2a: Toxtricity
|-crit|p2a: Toxtricity
|-damage|p2a: Toxtricity|70/100
|j| PokeaimDestroyer
|j| gare23limit
|
|switch|p1a: Darmanitan|Darmanitan-Galar, F|100/100|[from]move: U-turn
|-damage|p1a: Darmanitan|76/100|[from] Stealth Rock
|
|upkeep
|turn|9
|j| TemorPhilippe
|
|switch|p2a: Rotom|Rotom-Wash|100/100
|-damage|p2a: Rotom|88/100|[from] Stealth Rock
|move|p1a: Darmanitan|Icicle Crash|p2a: Rotom
|-resisted|p2a: Rotom
|-damage|p2a: Rotom|62/100
|
|-heal|p2a: Rotom|69/100|[from] item: Leftovers
|upkeep
|turn|10
|j| Veziok
|
|switch|p1a: Ferrothorn|Ferrothorn, M|58/100
|-damage|p1a: Ferrothorn|52/100|[from] Stealth Rock
|move|p2a: Rotom|Volt Switch|p1a: Ferrothorn
|-resisted|p1a: Ferrothorn
|-damage|p1a: Ferrothorn|42/100
|
|switch|p2a: Hydreigon|Hydreigon, M|76/100|[from]move: Volt Switch
|-damage|p2a: Hydreigon|64/100|[from] Stealth Rock
|
|-heal|p2a: Hydreigon|70/100|[from] item: Leftovers
|-heal|p1a: Ferrothorn|48/100|[from] item: Leftovers
|upkeep
|turn|11
|
|switch|p1a: Hydreigon|Hydreigon, M|100/100
|-damage|p1a: Hydreigon|88/100|[from] Stealth Rock
|move|p2a: Hydreigon|Substitute|p2a: Hydreigon
|-start|p2a: Hydreigon|Substitute
|-damage|p2a: Hydreigon|45/100
|
|-heal|p2a: Hydreigon|51/100|[from] item: Leftovers
|-heal|p1a: Hydreigon|94/100|[from] item: Leftovers
|upkeep
|turn|12
|j| departure time
|j| THE GymNMons
|l| TemorPhilippe
|
|move|p2a: Hydreigon|Nasty Plot|p2a: Hydreigon
|-boost|p2a: Hydreigon|spa|2
|move|p1a: Hydreigon|Substitute|p1a: Hydreigon
|-start|p1a: Hydreigon|Substitute
|-damage|p1a: Hydreigon|69/100
|
|-heal|p2a: Hydreigon|57/100|[from] item: Leftovers
|-heal|p1a: Hydreigon|76/100|[from] item: Leftovers
|upkeep
|turn|13
|j| Kooper
|l| THE GymNMons
|j| Smells my perfume
|
|move|p1a: Hydreigon|Flash Cannon|p2a: Hydreigon
|-end|p2a: Hydreigon|Substitute
|move|p2a: Hydreigon|Dark Pulse|p1a: Hydreigon
|-resisted|p1a: Hydreigon
|-end|p1a: Hydreigon|Substitute
|
|-heal|p2a: Hydreigon|63/100|[from] item: Leftovers
|-heal|p1a: Hydreigon|82/100|[from] item: Leftovers
|upkeep
|turn|14
|j| Gayskeletor
|
|move|p1a: Hydreigon|Flash Cannon|p2a: Hydreigon
|-damage|p2a: Hydreigon|30/100
|move|p2a: Hydreigon|Dark Pulse|p1a: Hydreigon
|-resisted|p1a: Hydreigon
|-damage|p1a: Hydreigon|38/100
|
|-heal|p2a: Hydreigon|36/100|[from] item: Leftovers
|-heal|p1a: Hydreigon|44/100|[from] item: Leftovers
|upkeep
|turn|15
|l| Smells my perfume
|
|move|p2a: Hydreigon|Substitute|p2a: Hydreigon
|-start|p2a: Hydreigon|Substitute
|-damage|p2a: Hydreigon|12/100
|move|p1a: Hydreigon|Flash Cannon|p2a: Hydreigon
|-end|p2a: Hydreigon|Substitute
|
|-heal|p2a: Hydreigon|18/100|[from] item: Leftovers
|-heal|p1a: Hydreigon|50/100|[from] item: Leftovers
|upkeep
|turn|16
|
|move|p2a: Hydreigon|Dark Pulse|p1a: Hydreigon
|-resisted|p1a: Hydreigon
|-damage|p1a: Hydreigon|7/100
|cant|p1a: Hydreigon|flinch
|
|-heal|p2a: Hydreigon|24/100|[from] item: Leftovers
|-heal|p1a: Hydreigon|13/100|[from] item: Leftovers
|upkeep
|turn|17
|
|move|p2a: Hydreigon|Dark Pulse|p1a: Hydreigon
|-resisted|p1a: Hydreigon
|-damage|p1a: Hydreigon|0 fnt
|faint|p1a: Hydreigon
|
|-heal|p2a: Hydreigon|30/100|[from] item: Leftovers
|upkeep
|
|switch|p1a: Darmanitan|Darmanitan-Galar, F|76/100
|-damage|p1a: Darmanitan|51/100|[from] Stealth Rock
|turn|18
|
|switch|p2a: Clefable|Clefable, M|100/100
|move|p1a: Darmanitan|U-turn|p2a: Clefable
|-resisted|p2a: Clefable
|-damage|p2a: Clefable|83/100
|
|switch|p1a: Corviknight|Corviknight, M|66/100|[from]move: U-turn
|-damage|p1a: Corviknight|54/100|[from] Stealth Rock
|
|-heal|p1a: Corviknight|60/100|[from] item: Leftovers
|-heal|p2a: Clefable|89/100|[from] item: Leftovers
|upkeep
|turn|19
|
|switch|p2a: Toxtricity|Toxtricity, F|70/100
|-damage|p2a: Toxtricity|58/100|[from] Stealth Rock
|move|p1a: Corviknight|Defog|p2a: Toxtricity
|-unboost|p2a: Toxtricity|evasion|1
|-sideend|p2: Lunar Neo|Stealth Rock|[from] move: Defog|[of] p1a: Corviknight
|-sideend|p1: Nabsuki|Stealth Rock|[from] move: Defog|[of] p1a: Corviknight
|
|-heal|p1a: Corviknight|66/100|[from] item: Leftovers
|upkeep
|turn|20
|j| Fallout81
|
|switch|p1a: Ferrothorn|Ferrothorn, M|48/100
|move|p2a: Toxtricity|Overdrive|p1a: Ferrothorn
|-resisted|p1a: Ferrothorn
|-damage|p1a: Ferrothorn|13/100
|
|-heal|p1a: Ferrothorn|19/100|[from] item: Leftovers
|upkeep
|turn|21
|j| Bensacow
|
|move|p2a: Toxtricity|Overdrive|p1a: Ferrothorn
|-resisted|p1a: Ferrothorn
|-damage|p1a: Ferrothorn|0 fnt
|faint|p1a: Ferrothorn
|
|upkeep
|l| Bensacow
|
|switch|p1a: Toxtricity|Toxtricity, F|100/100
|turn|22
|j| Jorgeta57
|
|switch|p2a: Aegislash|Aegislash, M|100/100
|move|p1a: Toxtricity|Shift Gear|p1a: Toxtricity
|-boost|p1a: Toxtricity|spe|2
|-boost|p1a: Toxtricity|atk|1
|
|upkeep
|turn|23
|
|move|p1a: Toxtricity|Fire Punch|p2a: Aegislash
|-supereffective|p2a: Aegislash
|-damage|p2a: Aegislash|62/100
|-formechange|p2a: Aegislash|Aegislash-Blade||[from] ability: Stance Change
|move|p2a: Aegislash|Shadow Ball|p1a: Toxtricity
|-damage|p1a: Toxtricity|30/100
|-unboost|p1a: Toxtricity|spd|1
|
|-heal|p2a: Aegislash|68/100|[from] item: Leftovers
|upkeep
|turn|24
|j| Hermesyus
|
|switch|p1a: Corviknight|Corviknight, M|66/100
|-formechange|p2a: Aegislash|Aegislash||[from] ability: Stance Change
|move|p2a: Aegislash|King's Shield||[still]
|-fail|p2a: Aegislash
|
|-heal|p1a: Corviknight|72/100|[from] item: Leftovers
|-heal|p2a: Aegislash|74/100|[from] item: Leftovers
|upkeep
|turn|25
|l| Veziok
|j| TemorPhilippe
|j| Veziok
|l| Veziok
|
|switch|p2a: Toxtricity|Toxtricity, F|58/100
|move|p1a: Corviknight|U-turn|p2a: Toxtricity
|-resisted|p2a: Toxtricity
|-damage|p2a: Toxtricity|46/100
|l| Fallout81
|
|switch|p1a: Darmanitan|Darmanitan-Galar, F|51/100|[from]move: U-turn
|
|upkeep
|turn|26
|j| Flamboyant Ent
|
|switch|p2a: Rotom|Rotom-Wash|69/100
|move|p1a: Darmanitan|U-turn|p2a: Rotom
|-damage|p2a: Rotom|37/100
|
|switch|p1a: Chandelure|Chandelure, F|100/100|[from]move: U-turn
|
|-heal|p2a: Rotom|44/100|[from] item: Leftovers
|upkeep
|turn|27
|
|switch|p2a: Clefable|Clefable, M|89/100
|move|p1a: Chandelure|Shadow Ball|p2a: Clefable
|-damage|p2a: Clefable|50/100
|
|-heal|p2a: Clefable|56/100|[from] item: Leftovers
|upkeep
|turn|28
|
|move|p1a: Chandelure|Substitute|p1a: Chandelure
|-start|p1a: Chandelure|Substitute
|-damage|p1a: Chandelure|76/100
|move|p2a: Clefable|Thunderbolt|p1a: Chandelure
|-end|p1a: Chandelure|Substitute
|
|-heal|p1a: Chandelure|82/100|[from] item: Leftovers
|-heal|p2a: Clefable|62/100|[from] item: Leftovers
|upkeep
|turn|29
|
|move|p1a: Chandelure|Shadow Ball|p2a: Clefable
|-damage|p2a: Clefable|23/100
|move|p2a: Clefable|Thunderbolt|p1a: Chandelure
|-damage|p1a: Chandelure|51/100
|
|-heal|p1a: Chandelure|57/100|[from] item: Leftovers
|-heal|p2a: Clefable|29/100|[from] item: Leftovers
|upkeep
|turn|30
|
|move|p1a: Chandelure|Shadow Ball|p2a: Clefable
|-damage|p2a: Clefable|0 fnt
|faint|p2a: Clefable
|
|-heal|p1a: Chandelure|63/100|[from] item: Leftovers
|upkeep
|
|switch|p2a: Hydreigon|Hydreigon, M|30/100
|turn|31
|j| garatoi_OU
|
|move|p2a: Hydreigon|Dark Pulse|p1a: Chandelure
|-supereffective|p1a: Chandelure
|-damage|p1a: Chandelure|0 fnt
|faint|p1a: Chandelure
|
|-heal|p2a: Hydreigon|36/100|[from] item: Leftovers
|upkeep
|
|switch|p1a: Darmanitan|Darmanitan-Galar, F|51/100
|turn|32
|
|switch|p2a: Aegislash|Aegislash, M|74/100
|move|p1a: Darmanitan|U-turn|p2a: Aegislash
|-resisted|p2a: Aegislash
|-damage|p2a: Aegislash|67/100
|j| Fallout81
|l| Fallout81
|
|switch|p1a: Corviknight|Corviknight, M|72/100|[from]move: U-turn
|
|-heal|p1a: Corviknight|78/100|[from] item: Leftovers
|-heal|p2a: Aegislash|74/100|[from] item: Leftovers
|upkeep
|turn|33
|
|move|p2a: Aegislash|King's Shield|p2a: Aegislash
|-singleturn|p2a: Aegislash|Protect
|move|p1a: Corviknight|Taunt|p2a: Aegislash
|-start|p2a: Aegislash|move: Taunt
|
|-heal|p1a: Corviknight|84/100|[from] item: Leftovers
|-heal|p2a: Aegislash|80/100|[from] item: Leftovers
|upkeep
|turn|34
|
|move|p1a: Corviknight|U-turn|p2a: Aegislash
|-resisted|p2a: Aegislash
|-damage|p2a: Aegislash|77/100
|
|switch|p1a: Toxtricity|Toxtricity, F|30/100|[from]move: U-turn
|-formechange|p2a: Aegislash|Aegislash-Blade||[from] ability: Stance Change
|move|p2a: Aegislash|Shadow Ball|p1a: Toxtricity
|-damage|p1a: Toxtricity|0 fnt
|faint|p1a: Toxtricity
|
|-heal|p2a: Aegislash|83/100|[from] item: Leftovers
|upkeep
|
|switch|p1a: Darmanitan|Darmanitan-Galar, F|51/100
|turn|35
|j| Fallout81
|j| AKELLO
|
|move|p1a: Darmanitan|Flare Blitz|p2a: Aegislash
|-supereffective|p2a: Aegislash
|-damage|p2a: Aegislash|0 fnt
|-damage|p1a: Darmanitan|26/100|[from] Recoil
|faint|p2a: Aegislash
|
|upkeep
|
|switch|p2a: Rotom|Rotom-Wash|44/100
|turn|36
|
|switch|p1a: Corviknight|Corviknight, M|84/100
|move|p2a: Rotom|Volt Switch|p1a: Corviknight
|-supereffective|p1a: Corviknight
|-damage|p1a: Corviknight|51/100
|l| TemorPhilippe
|
|switch|p2a: Toxtricity|Toxtricity, F|46/100|[from]move: Volt Switch
|
|-heal|p1a: Corviknight|57/100|[from] item: Leftovers
|upkeep
|turn|37
|j| sakwws
|
|move|p2a: Toxtricity|Overdrive|p1a: Corviknight
|-supereffective|p1a: Corviknight
|-damage|p1a: Corviknight|0 fnt
|faint|p1a: Corviknight
|
|upkeep
|l| AKELLO
|
|switch|p1a: Darmanitan|Darmanitan-Galar, F|26/100
|turn|38
|
|switch|p2a: Mamoswine|Mamoswine, M|68/100
|move|p1a: Darmanitan|Icicle Crash|p2a: Mamoswine
|-damage|p2a: Mamoswine|35/100
|
|upkeep
|turn|39
|j| TemorPhilippe
|l| TemorPhilippe
|
|-start|p1a: Darmanitan|Dynamax
|-heal|p1a: Darmanitan|26/100|[silent]
|move|p2a: Mamoswine|Ice Shard|p1a: Darmanitan
|-resisted|p1a: Darmanitan
|-damage|p1a: Darmanitan|16/100
|move|p1a: Darmanitan|Max Hailstorm|p2a: Mamoswine
|-damage|p2a: Mamoswine|1/100
|-weather|Hail
|
|-weather|Hail|[upkeep]
|upkeep
|turn|40
|
|move|p2a: Mamoswine|Ice Shard|p1a: Darmanitan
|-resisted|p1a: Darmanitan
|-damage|p1a: Darmanitan|8/100
|move|p1a: Darmanitan|Max Hailstorm|p2a: Mamoswine
|-damage|p2a: Mamoswine|0 fnt
|faint|p2a: Mamoswine
|
|-weather|Hail|[upkeep]
|upkeep
|j| Lasen
|
|switch|p2a: Rotom|Rotom-Wash|44/100
|turn|41
|
|-start|p2a: Rotom|Dynamax
|-heal|p2a: Rotom|44/100|[silent]
|move|p2a: Rotom|Max Guard|p2a: Rotom
|-singleturn|p2a: Rotom|Max Guard
|move|p1a: Darmanitan|Max Hailstorm|p2a: Rotom
|-activate|p2a: Rotom|move: Max Guard
|
|-weather|Hail|[upkeep]
|-damage|p2a: Rotom|37/100|[from] Hail
|-heal|p2a: Rotom|44/100|[from] item: Leftovers
|-end|p1a: Darmanitan|Dynamax
|-heal|p1a: Darmanitan|8/100|[silent]
|upkeep
|turn|42
|
|move|p1a: Darmanitan|Icicle Crash|p2a: Rotom
|-resisted|p2a: Rotom
|-crit|p2a: Rotom
|-damage|p2a: Rotom|23/100
|move|p2a: Rotom|Max Geyser|p1a: Darmanitan
|-damage|p1a: Darmanitan|0 fnt
|-weather|RainDance
|faint|p1a: Darmanitan
|
|win|Lunar Neo
|l|☆Nabsuki
|l| Lasen
|l| obaki
|l| Fallout81
|l| Gayskeletor
||Ladder (probably) updated, but score could not be retrieved (Response not received).
|l| sakwws
|l|☆Lunar Neo
|l| departure time
|l| Jorgeta57
|l| garatoi_OU
