|html|<div class="broadcast-blue"><strong>[Gen 8] OU is currently suspecting Melmetal! For information on how to participate check out the <a href="https://www.smogon.com/forums/threads/np-ss-ou-suspect-process-round-12-monster-mash.3709234/">suspect thread</a>.</strong></div>
|j|☆Seigneur-Fou
|j|☆minimax_ai
|t:|1666366817
|gametype|singles
|player|p1|Seigneur-Fou|1|1545
|player|p2|minimax_ai|lusamine-nihilego|1512
|teamsize|p1|6
|teamsize|p2|6
|gen|8
|tier|[Gen 8] OU
|rated|
|rule|Sleep Clause Mod: Limit one foe put to sleep
|rule|Species Clause: Limit one of each Pokémon
|rule|OHKO Clause: OHKO moves are banned
|rule|Evasion Items Clause: Evasion items are banned
|rule|Evasion Moves Clause: Evasion moves are banned
|rule|Endless Battle Clause: Forcing endless battles is banned
|rule|HP Percentage Mod: HP is shown in percentages
|rule|Dynamax Clause: You cannot dynamax
|clearpoke
|poke|p1|Zapdos|
|poke|p1|Melmetal|
|poke|p1|Clefable, M|
|poke|p1|Dragapult, F|
|poke|p1|Dragonite, M|
|poke|p1|Garchomp, F|
|poke|p2|Rotom-Wash|
|poke|p2|Weavile, M|
|poke|p2|Landorus-Therian, M|
|poke|p2|Heatran, M|
|poke|p2|Tangrowth, F|
|poke|p2|Melmetal|
|teampreview
|inactive|Battle timer is ON: inactive players will automatically lose when time's up. (requested by Seigneur-Fou)
|c|☆minimax_ai|hf
|inactive|minimax_ai also wants the timer to be on.
|inactive|Seigneur-Fou has 120 seconds left.
|
|t:|1666366852
|start
|switch|p1a: Garchomp|Garchomp, F|100/100
|switch|p2a: Melmetal|Melmetal|100/100
|turn|1
|
|t:|1666366857
|move|p1a: Garchomp|Stealth Rock|p2a: Melmetal
|-sidestart|p2: minimax_ai|move: Stealth Rock
|move|p2a: Melmetal|Ice Punch|p1a: Garchomp
|-supereffective|p1a: Garchomp
|-damage|p1a: Garchomp|16/100
|-damage|p2a: Melmetal|88/100|[from] ability: Rough Skin|[of] p1a: Garchomp
|-damage|p2a: Melmetal|71/100|[from] item: Rocky Helmet|[of] p1a: Garchomp
|
|upkeep
|turn|2
|
|t:|1666366865
|move|p1a: Garchomp|Earthquake|p2a: Melmetal
|-supereffective|p2a: Melmetal
|-damage|p2a: Melmetal|22/100
|move|p2a: Melmetal|Ice Punch|p1a: Garchomp
|-supereffective|p1a: Garchomp
|-damage|p1a: Garchomp|0 fnt
|-damage|p2a: Melmetal|10/100|[from] ability: Rough Skin|[of] p1a: Garchomp
|-damage|p2a: Melmetal|0 fnt|[from] item: Rocky Helmet|[of] p1a: Garchomp
|faint|p1a: Garchomp
|faint|p2a: Melmetal
|
|upkeep
|
|t:|1666366877
|switch|p1a: Dragapult|Dragapult, F|100/100
|switch|p2a: rotomwash|Rotom-Wash|100/100
|-damage|p2a: rotomwash|88/100|[from] Stealth Rock
|turn|3
|
|t:|1666366883
|switch|p2a: landorustherian|Landorus-Therian, M|100/100
|-damage|p2a: landorustherian|88/100|[from] Stealth Rock
|-ability|p2a: landorustherian|Intimidate|boost
|-unboost|p1a: Dragapult|atk|1
|move|p1a: Dragapult|Shadow Ball|p2a: landorustherian
|-damage|p2a: landorustherian|49/100
|
|-heal|p2a: landorustherian|55/100|[from] item: Leftovers
|upkeep
|turn|4
|
|t:|1666366892
|move|p1a: Dragapult|Shadow Ball|p2a: landorustherian
|-damage|p2a: landorustherian|19/100
|move|p2a: landorustherian|Defog|p1a: Dragapult
|-unboost|p1a: Dragapult|evasion|1
|-sideend|p2: minimax_ai|Stealth Rock|[from] move: Defog|[of] p2a: landorustherian
|
|-heal|p2a: landorustherian|25/100|[from] item: Leftovers
|upkeep
|turn|5
|
|t:|1666366901
|switch|p2a: Weavile|Weavile, M|100/100
|-ability|p2a: Weavile|Pressure
|move|p1a: Dragapult|Shadow Ball|p2a: Weavile
|-resisted|p2a: Weavile
|-damage|p2a: Weavile|62/100
|-unboost|p2a: Weavile|spd|1
|
|upkeep
|turn|6
|
|t:|1666366915
|switch|p1a: Melmetal|Melmetal|100/100
|move|p2a: Weavile|Knock Off|p1a: Melmetal
|-damage|p1a: Melmetal|64/100
|-enditem|p1a: Melmetal|Choice Band|[from] move: Knock Off|[of] p2a: Weavile
|
|upkeep
|turn|7
|
|t:|1666366922
|switch|p2a: rotomwash|Rotom-Wash|88/100
|move|p1a: Melmetal|Superpower|p2a: rotomwash
|-damage|p2a: rotomwash|35/100
|-unboost|p1a: Melmetal|atk|1
|-unboost|p1a: Melmetal|def|1
|
|-heal|p2a: rotomwash|41/100|[from] item: Leftovers
|upkeep
|turn|8
|
|t:|1666366934
|switch|p1a: Dragapult|Dragapult, F|100/100
|move|p2a: rotomwash|Pain Split|p1a: Dragapult
|-sethp|p1a: Dragapult|70/100|[from] move: Pain Split|[silent]
|-sethp|p2a: rotomwash|73/100|[from] move: Pain Split
|
|-heal|p2a: rotomwash|79/100|[from] item: Leftovers
|upkeep
|turn|9
|
|t:|1666366943
|switch|p2a: landorustherian|Landorus-Therian, M|25/100
|-ability|p2a: landorustherian|Intimidate|boost
|-unboost|p1a: Dragapult|atk|1
|move|p1a: Dragapult|Draco Meteor|p2a: landorustherian|[miss]
|-miss|p1a: Dragapult|p2a: landorustherian
|
|-heal|p2a: landorustherian|31/100|[from] item: Leftovers
|upkeep
|turn|10
|
|t:|1666366951
|switch|p2a: Heatran|Heatran, M|100/100
|-item|p2a: Heatran|Air Balloon
|move|p1a: Dragapult|Draco Meteor|p2a: Heatran
|-resisted|p2a: Heatran
|-damage|p2a: Heatran|59/100
|-unboost|p1a: Dragapult|spa|2
|-enditem|p2a: Heatran|Air Balloon
|
|upkeep
|turn|11
|
|t:|1666366970
|switch|p1a: Zapdos|Zapdos|100/100
|move|p2a: Heatran|Stealth Rock|p1a: Zapdos
|-sidestart|p1: Seigneur-Fou|move: Stealth Rock
|
|upkeep
|turn|12
|
|t:|1666366974
|move|p2a: Heatran|Magma Storm|p1a: Zapdos
|-damage|p1a: Zapdos|53/100
|-activate|p1a: Zapdos|move: Magma Storm|[of] p2a: Heatran
|move|p1a: Zapdos|Hurricane|p2a: Heatran
|-resisted|p2a: Heatran
|-damage|p2a: Heatran|38/100
|-start|p2a: Heatran|confusion
|
|-damage|p1a: Zapdos|40/100|[from] move: Magma Storm|[partiallytrapped]
|upkeep
|turn|13
|
|t:|1666366983
|-activate|p2a: Heatran|confusion
|move|p2a: Heatran|Magma Storm|p1a: Zapdos
|-damage|p1a: Zapdos|0 fnt
|faint|p1a: Zapdos
|
|upkeep
|
|t:|1666366988
|switch|p1a: Dragapult|Dragapult, F|70/100
|-damage|p1a: Dragapult|57/100|[from] Stealth Rock
|turn|14
|
|t:|1666366991
|switch|p2a: landorustherian|Landorus-Therian, M|31/100
|-ability|p2a: landorustherian|Intimidate|boost
|-unboost|p1a: Dragapult|atk|1
|move|p1a: Dragapult|Shadow Ball|p2a: landorustherian
|-damage|p2a: landorustherian|0 fnt
|faint|p2a: landorustherian
|
|upkeep
|
|t:|1666366991
|switch|p2a: Weavile|Weavile, M|62/100
|-ability|p2a: Weavile|Pressure
|turn|15
|
|t:|1666367005
|switch|p1a: Melmetal|Melmetal|64/100
|-damage|p1a: Melmetal|58/100|[from] Stealth Rock
|move|p2a: Weavile|Knock Off|p1a: Melmetal
|-damage|p1a: Melmetal|33/100
|
|upkeep
|turn|16
|
|t:|1666367018
|switch|p2a: rotomwash|Rotom-Wash|79/100
|move|p1a: Melmetal|Superpower|p2a: rotomwash
|-damage|p2a: rotomwash|29/100
|-unboost|p1a: Melmetal|atk|1
|-unboost|p1a: Melmetal|def|1
|
|-heal|p2a: rotomwash|35/100|[from] item: Leftovers
|upkeep
|turn|17
|
|t:|1666367026
|move|p2a: rotomwash|Thunderbolt|p1a: Melmetal
|-damage|p1a: Melmetal|0 fnt
|faint|p1a: Melmetal
|
|-heal|p2a: rotomwash|42/100|[from] item: Leftovers
|upkeep
|
|t:|1666367034
|switch|p1a: Dragapult|Dragapult, F|57/100
|-damage|p1a: Dragapult|45/100|[from] Stealth Rock
|turn|18
|
|t:|1666367037
|switch|p2a: Heatran|Heatran, M|38/100
|move|p1a: Dragapult|Shadow Ball|p2a: Heatran
|-damage|p2a: Heatran|0 fnt
|faint|p2a: Heatran
|
|upkeep
|
|t:|1666367037
|switch|p2a: Weavile|Weavile, M|62/100
|-ability|p2a: Weavile|Pressure
|turn|19
|
|t:|1666367052
|switch|p1a: Clefable|Clefable, M|100/100
|move|p2a: Weavile|Triple Axel|p1a: Clefable
|-damage|p1a: Clefable|88/100
|-damage|p1a: Clefable|64/100
|-damage|p1a: Clefable|29/100
|-hitcount|p1a: Clefable|3
|
|-heal|p1a: Clefable|35/100|[from] item: Leftovers
|upkeep
|turn|20
|
|t:|1666367063
|move|p1a: Clefable|Protect|p1a: Clefable
|-singleturn|p1a: Clefable|Protect
|move|p2a: Weavile|Triple Axel|p1a: Clefable
|-activate|p1a: Clefable|move: Protect
|
|-heal|p1a: Clefable|41/100|[from] item: Leftovers
|upkeep
|turn|21
|
|t:|1666367074
|move|p2a: Weavile|Triple Axel|p1a: Clefable
|-damage|p1a: Clefable|29/100
|-damage|p1a: Clefable|5/100
|-damage|p1a: Clefable|0 fnt
|faint|p1a: Clefable
|-hitcount|p1: Clefable|3
|
|upkeep
|
|t:|1666367080
|switch|p1a: Dragapult|Dragapult, F|45/100
|-damage|p1a: Dragapult|33/100|[from] Stealth Rock
|turn|22
|
|t:|1666367085
|switch|p2a: rotomwash|Rotom-Wash|42/100
|move|p1a: Dragapult|Shadow Ball|p2a: rotomwash
|-damage|p2a: rotomwash|0 fnt
|faint|p2a: rotomwash
|
|upkeep
|
|t:|1666367085
|switch|p2a: Weavile|Weavile, M|62/100
|-ability|p2a: Weavile|Pressure
|turn|23
|
|t:|1666367094
|move|p2a: Weavile|Ice Shard|p1a: Dragapult
|-supereffective|p1a: Dragapult
|-damage|p1a: Dragapult|0 fnt
|faint|p1a: Dragapult
|
|upkeep
|
|t:|1666367098
|switch|p1a: Dragonite|Dragonite, M|100/100
|turn|24
|
|t:|1666367102
|move|p2a: Weavile|Ice Shard|p1a: Dragonite
|-supereffective|p1a: Dragonite
|-damage|p1a: Dragonite|37/100
|move|p1a: Dragonite|Dragon Dance|p1a: Dragonite
|-boost|p1a: Dragonite|atk|1
|-boost|p1a: Dragonite|spe|1
|
|upkeep
|turn|25
|
|t:|1666367109
|move|p1a: Dragonite|Extreme Speed|p2a: Weavile
|-damage|p2a: Weavile|0 fnt
|faint|p2a: Weavile
|
|upkeep
|
|t:|1666367109
|switch|p2a: Tangrowth|Tangrowth, F|100/100
|turn|26
|
|t:|1666367117
|move|p1a: Dragonite|Outrage|p2a: Tangrowth
|-damage|p2a: Tangrowth|44/100
|-damage|p1a: Dragonite|20/100|[from] item: Rocky Helmet|[of] p2a: Tangrowth
|move|p2a: Tangrowth|Knock Off|p1a: Dragonite
|-damage|p1a: Dragonite|0 fnt
|-enditem|p1a: Dragonite|Heavy-Duty Boots|[from] move: Knock Off|[of] p2a: Tangrowth
|faint|p1a: Dragonite
|
|win|minimax_ai
|raw|Seigneur-Fou's rating: 1545 &rarr; <strong>1523</strong><br />(-22 for losing)
|raw|minimax_ai's rating: 1512 &rarr; <strong>1534</strong><br />(+22 for winning)
|c|☆minimax_ai|gg
