|j|☆Manjack
|j|☆Sww-Suwa
|inactive|Battle timer is ON: inactive players will automatically lose when time's up.
|t:|1663294917
|gametype|singles
|player|p1|Manjack|2|
|player|p2|Sww-Suwa|mina-lgpe|
|teamsize|p1|6
|teamsize|p2|6
|gen|8
|tier|[Gen 8] OU
|rated|Tournament battle
|rule|Sleep Clause Mod: Limit one foe put to sleep
|rule|Species Clause: Limit one of each Pokémon
|rule|OHKO Clause: OHKO moves are banned
|rule|Evasion Items Clause: Evasion items are banned
|rule|Evasion Moves Clause: Evasion moves are banned
|rule|Endless Battle Clause: Forcing endless battles is banned
|rule|HP Percentage Mod: HP is shown in percentages
|clearpoke
|poke|p1|Amoonguss, F|
|poke|p1|Blacephalon|
|poke|p1|Blissey, F|
|poke|p1|Starmie|
|poke|p1|Hippowdon, F|
|poke|p1|Diancie|
|poke|p2|Melmetal|
|poke|p2|Cloyster, F|
|poke|p2|Tapu Lele|
|poke|p2|Omastar, M|
|poke|p2|Espeon, F|
|poke|p2|Polteageist|
|teampreview
|c|☆Sww-Suwa|hf
|j| PkmnMasterEclipse
|j| toastyfoodbandit64
|c|☆Manjack|Glhf
|j| needleinthehay
|j|%htcl (>◡<)
|j| Thatgenyou
|j| el hueco mundo
|
|t:|1663294948
|start
|switch|p1a: Diancie|Diancie|100/100
|switch|p2a: Omastar|Omastar, M, shiny|100/100
|turn|1
|
|t:|1663294956
|move|p2a: Omastar|Surf|p1a: Diancie
|-supereffective|p1a: Diancie
|-damage|p1a: Diancie|19/100
|move|p1a: Diancie|Diamond Storm|p2a: Omastar
|-damage|p2a: Omastar|23/100
|
|upkeep
|turn|2
|l| Thatgenyou
|
|t:|1663294963
|switch|p1a: Blissey|Blissey, F|100/100
|move|p2a: Omastar|Surf|p1a: Blissey
|-damage|p1a: Blissey|84/100
|
|upkeep
|turn|3
|
|t:|1663294970
|move|p2a: Omastar|Shell Smash|p2a: Omastar
|-unboost|p2a: Omastar|def|1
|-unboost|p2a: Omastar|spd|1
|-boost|p2a: Omastar|atk|2
|-boost|p2a: Omastar|spa|2
|-boost|p2a: Omastar|spe|2
|move|p1a: Blissey|Seismic Toss|p2a: Omastar
|-damage|p2a: Omastar|0 fnt
|faint|p2a: Omastar
|
|upkeep
|
|t:|1663294973
|switch|p2a: Polteageist|Polteageist|100/100
|turn|4
|
|t:|1663294978
|move|p2a: Polteageist|Substitute|p2a: Polteageist
|-start|p2a: Polteageist|Substitute
|-damage|p2a: Polteageist|76/100
|move|p1a: Blissey|Thunder Wave||[still]
|-fail|p1a: Blissey
|
|upkeep
|turn|5
|c|☆Manjack|Welp
|
|t:|1663294986
|move|p2a: Polteageist|Shell Smash|p2a: Polteageist
|-unboost|p2a: Polteageist|def|1
|-unboost|p2a: Polteageist|spd|1
|-boost|p2a: Polteageist|atk|2
|-boost|p2a: Polteageist|spa|2
|-boost|p2a: Polteageist|spe|2
|move|p1a: Blissey|Teleport|p1a: Blissey
|c| el hueco mundo|u tried
|inactive|Manjack has 120 seconds left.
|
|t:|1663295036
|switch|p1a: Hippowdon|Hippowdon, F|100/100|[from]move: Teleport
|-weather|Sandstorm|[from] ability: Sand Stream|[of] p1a: Hippowdon
|
|-weather|Sandstorm|[upkeep]
|-damage|p2a: Polteageist|69/100|[from] Sandstorm
|upkeep
|turn|6
|
|t:|1663295042
|move|p2a: Polteageist|Stored Power|p1a: Hippowdon
|-crit|p1a: Hippowdon
|-damage|p1a: Hippowdon|0 fnt
|faint|p1a: Hippowdon
|
|-weather|Sandstorm|[upkeep]
|-damage|p2a: Polteageist|63/100|[from] Sandstorm
|upkeep
|c|☆Sww-Suwa|myb
|c|☆Manjack|Don't think it mattered
|inactive|Manjack has 90 seconds left.
|
|t:|1663295077
|switch|p1a: Blissey|Blissey, F|84/100
|turn|7
|c|☆Manjack|Yeah I'm done gg
|inactive|Manjack has 90 seconds left.
|
|t:|1663295085
|-start|p1a: Blissey|Dynamax|
|-heal|p1a: Blissey|84/100|[silent]
|move|p2a: Polteageist|Shell Smash|p2a: Polteageist
|-unboost|p2a: Polteageist|def|1
|-unboost|p2a: Polteageist|spd|1
|-boost|p2a: Polteageist|atk|2
|-boost|p2a: Polteageist|spa|2
|-boost|p2a: Polteageist|spe|2
|move|p1a: Blissey|Max Knuckle|p2a: Polteageist
|-immune|p2a: Polteageist
|
|-weather|Sandstorm|[upkeep]
|-damage|p2a: Polteageist|57/100|[from] Sandstorm
|-damage|p1a: Blissey|80/100|[from] Sandstorm
|upkeep
|turn|8
|c|☆Sww-Suwa|gg
|
|t:|1663295089
|move|p2a: Polteageist|Shell Smash|p2a: Polteageist
|-unboost|p2a: Polteageist|def|1
|-unboost|p2a: Polteageist|spd|1
|-boost|p2a: Polteageist|atk|2
|-boost|p2a: Polteageist|spa|2
|-boost|p2a: Polteageist|spe|2
|move|p1a: Blissey|Max Knuckle|p2a: Polteageist
|-immune|p2a: Polteageist
|
|-weather|Sandstorm|[upkeep]
|-damage|p2a: Polteageist|51/100|[from] Sandstorm
|-damage|p1a: Blissey|77/100|[from] Sandstorm
|upkeep
|turn|9
|
|t:|1663295092
|move|p2a: Polteageist|Stored Power|p1a: Blissey
|-damage|p1a: Blissey|0 fnt
|faint|p1a: Blissey
|
|-weather|none
|upkeep
|-message|Manjack forfeited.
|
|win|Sww-Suwa
|n|☆Manjack|manjack
|n|☆Sww-Suwa|swwsuwa
|n| PkmnMasterEclipse|pkmnmastereclipse
|n| toastyfoodbandit64|toastyfoodbandit64
|n| needleinthehay|needleinthehay
|n| htcl (>◡<)|htcl
|n| el hueco mundo|elhuecomundo
