|j|☆LucentShine
|j|☆ldailey19
|t:|1655663109
|gametype|singles
|player|p1|LucentShine|schoolkid-gen4|1506
|player|p2|ldailey19|lance|1491
|teamsize|p1|6
|teamsize|p2|6
|gen|8
|tier|[Gen 8] OU
|rated|
|rule|Sleep Clause Mod: Limit one foe put to sleep
|rule|Species Clause: Limit one of each Pokémon
|rule|OHKO Clause: OHKO moves are banned
|rule|Evasion Moves Clause: Evasion moves are banned
|rule|Endless Battle Clause: Forcing endless battles is banned
|rule|HP Percentage Mod: HP is shown in percentages
|rule|Dynamax Clause: You cannot dynamax
|clearpoke
|poke|p1|Volcarona, F|
|poke|p1|Aegislash, F|
|poke|p1|Tapu Lele|
|poke|p1|Buzzwole|
|poke|p1|Landorus-Therian, M|
|poke|p1|Toxapex, M|
|poke|p2|Magnezone|
|poke|p2|Weavile, M|
|poke|p2|Urshifu-*, F|
|poke|p2|Heatran, F|
|poke|p2|Landorus-Therian, M|
|poke|p2|Dragapult, F|
|teampreview
|inactive|Battle timer is ON: inactive players will automatically lose when time's up. (requested by LucentShine)
|inactive|ldailey19 also wants the timer to be on.
|inactive|LucentShine has 120 seconds left.
|
|t:|1655663169
|start
|switch|p1a: Toxapex|Toxapex, M|100/100
|switch|p2a: Dragapult|Dragapult, F, shiny|100/100
|turn|1
|
|t:|1655663180
|switch|p2a: Magnezone|Magnezone, shiny|100/100
|move|p1a: Toxapex|Knock Off|p2a: Magnezone
|-damage|p2a: Magnezone|87/100
|-enditem|p2a: Magnezone|Assault Vest|[from] move: Knock Off|[of] p1a: Toxapex
|
|upkeep
|turn|2
|
|t:|1655663187
|switch|p1a: Landorus|Landorus-Therian, M|100/100
|-ability|p1a: Landorus|Intimidate|boost
|-unboost|p2a: Magnezone|atk|1
|move|p2a: Magnezone|Flash Cannon|p1a: Landorus
|-damage|p1a: Landorus|38/100
|
|-heal|p1a: Landorus|44/100|[from] item: Leftovers
|upkeep
|turn|3
|
|t:|1655663194
|switch|p2a: Landorus|Landorus-Therian, M|100/100
|-ability|p2a: Landorus|Intimidate|boost
|-unboost|p1a: Landorus|atk|1
|move|p1a: Landorus|Stealth Rock|p2a: Landorus
|-sidestart|p2: ldailey19|move: Stealth Rock
|
|-heal|p1a: Landorus|50/100|[from] item: Leftovers
|upkeep
|turn|4
|
|t:|1655663216
|move|p1a: Landorus|Toxic|p2a: Landorus
|-status|p2a: Landorus|tox
|move|p2a: Landorus|Knock Off|p1a: Landorus
|-damage|p1a: Landorus|25/100
|-enditem|p1a: Landorus|Leftovers|[from] move: Knock Off|[of] p2a: Landorus
|
|-damage|p2a: Landorus|94/100 tox|[from] psn
|upkeep
|turn|5
|inactive|ldailey19 has 120 seconds left.
|
|t:|1655663237
|move|p1a: Landorus|U-turn|p2a: Landorus
|-resisted|p2a: Landorus
|-damage|p2a: Landorus|89/100 tox
|-damage|p1a: Landorus|9/100|[from] item: Rocky Helmet|[of] p2a: Landorus
|
|t:|1655663240
|switch|p1a: Toxapex|Toxapex, M|100/100|[from]move: U-turn
|move|p2a: Landorus|Defog|p1a: Toxapex
|-unboost|p1a: Toxapex|evasion|1
|-sideend|p2: ldailey19|Stealth Rock|[from] move: Defog|[of] p2a: Landorus
|
|-damage|p2a: Landorus|77/100 tox|[from] psn
|upkeep
|turn|6
|
|t:|1655663255
|switch|p1a: Landorus|Landorus-Therian, M|9/100
|-ability|p1a: Landorus|Intimidate|boost
|-unboost|p2a: Landorus|atk|1
|move|p2a: Landorus|Earthquake|p1a: Landorus
|-immune|p1a: Landorus
|
|-damage|p2a: Landorus|59/100 tox|[from] psn
|upkeep
|turn|7
|
|t:|1655663263
|move|p1a: Landorus|Stealth Rock|p2a: Landorus
|-sidestart|p2: ldailey19|move: Stealth Rock
|move|p2a: Landorus|Knock Off|p1a: Landorus
|-damage|p1a: Landorus|0 fnt
|faint|p1a: Landorus
|
|-damage|p2a: Landorus|35/100 tox|[from] psn
|upkeep
|
|t:|1655663275
|switch|p1a: Tapu Lele|Tapu Lele|100/100
|-fieldstart|move: Psychic Terrain|[from] ability: Psychic Surge|[of] p1a: Tapu Lele
|turn|8
|inactive|ldailey19 has 120 seconds left.
|
|t:|1655663313
|switch|p2a: Magnezone|Magnezone, shiny|87/100
|-damage|p2a: Magnezone|80/100|[from] Stealth Rock
|move|p1a: Tapu Lele|Moonblast|p2a: Magnezone
|-resisted|p2a: Magnezone
|-damage|p2a: Magnezone|39/100
|
|upkeep
|turn|9
|inactive|ldailey19 has 120 seconds left.
|inactive|LucentShine has 120 seconds left.
|
|t:|1655663347
|move|p1a: Tapu Lele|Moonblast|p2a: Magnezone
|-resisted|p2a: Magnezone
|-damage|p2a: Magnezone|0 fnt
|faint|p2a: Magnezone
|
|upkeep
|
|t:|1655663356
|switch|p2a: Heatran|Heatran, F, shiny|100/100
|-damage|p2a: Heatran|88/100|[from] Stealth Rock
|-item|p2a: Heatran|Air Balloon
|turn|10
|inactive|ldailey19 has 120 seconds left.
|
|t:|1655663364
|switch|p1a: Toxapex|Toxapex, M|100/100
|move|p2a: Heatran|Toxic|p1a: Toxapex
|-immune|p1a: Toxapex
|
|upkeep
|turn|11
|
|t:|1655663368
|move|p2a: Heatran|Earth Power|p1a: Toxapex
|-supereffective|p1a: Toxapex
|-damage|p1a: Toxapex|60/100
|move|p1a: Toxapex|Knock Off|p2a: Heatran
|-damage|p2a: Heatran|75/100
|-enditem|p2a: Heatran|Air Balloon
|
|upkeep
|turn|12
|
|t:|1655663378
|move|p2a: Heatran|Earth Power|p1a: Toxapex
|-supereffective|p1a: Toxapex
|-damage|p1a: Toxapex|18/100
|move|p1a: Toxapex|Recover|p1a: Toxapex
|-heal|p1a: Toxapex|68/100
|
|-fieldend|move: Psychic Terrain
|upkeep
|turn|13
|
|t:|1655663400
|switch|p2a: Landorus|Landorus-Therian, M|35/100 tox
|-damage|p2a: Landorus|22/100 tox|[from] Stealth Rock
|-ability|p2a: Landorus|Intimidate|boost
|-unboost|p1a: Toxapex|atk|1
|move|p1a: Toxapex|Scald|p2a: Landorus
|-supereffective|p2a: Landorus
|-crit|p2a: Landorus
|-damage|p2a: Landorus|0 fnt
|faint|p2a: Landorus
|
|upkeep
|
|t:|1655663408
|switch|p2a: Weavile|Weavile, M|100/100
|-damage|p2a: Weavile|76/100|[from] Stealth Rock
|-ability|p2a: Weavile|Pressure
|turn|14
|
|t:|1655663410
|switch|p1a: Buzzwole|Buzzwole|100/100
|move|p2a: Weavile|Knock Off|p1a: Buzzwole
|-resisted|p1a: Buzzwole
|-crit|p1a: Buzzwole
|-damage|p1a: Buzzwole|72/100
|-damage|p2a: Weavile|59/100|[from] item: Rocky Helmet|[of] p1a: Buzzwole
|-enditem|p1a: Buzzwole|Rocky Helmet|[from] move: Knock Off|[of] p2a: Weavile
|
|upkeep
|turn|15
|-message|ldailey19 forfeited.
|
|win|LucentShine
|raw|LucentShine's rating: 1506 &rarr; <strong>1525</strong><br />(+19 for winning)
|raw|ldailey19's rating: 1491 &rarr; <strong>1472</strong><br />(-19 for losing)
|l|☆ldailey19
