|j|☆Tsuyuasuiakafroppy
|j|☆samohi0
|t:|1663550270
|gametype|singles
|player|p1|Tsuyuasuiakafroppy|102|1506
|player|p2|samohi0|1|1542
|teamsize|p1|6
|teamsize|p2|6
|gen|8
|tier|[Gen 8] OU
|rated|
|rule|Sleep Clause Mod: Limit one foe put to sleep
|rule|Species Clause: Limit one of each Pokémon
|rule|OHKO Clause: OHKO moves are banned
|rule|Evasion Items Clause: Evasion items are banned
|rule|Evasion Moves Clause: Evasion moves are banned
|rule|Endless Battle Clause: Forcing endless battles is banned
|rule|HP Percentage Mod: HP is shown in percentages
|rule|Dynamax Clause: You cannot dynamax
|clearpoke
|poke|p1|Landorus-Therian, M|
|poke|p1|Heatran, M|
|poke|p1|Urshifu-*, M|
|poke|p1|Zapdos|
|poke|p1|Dragapult, F|
|poke|p1|Kartana|
|poke|p2|Tapu Lele|
|poke|p2|Scizor, F|
|poke|p2|Heatran, M|
|poke|p2|Toxapex, M|
|poke|p2|Tornadus-Therian, M|
|poke|p2|Garchomp, F|
|teampreview
|
|t:|1663550276
|start
|switch|p1a: Ghetto Blaster|Dragapult, F, shiny|100/100
|switch|p2a: Tornadus|Tornadus-Therian, M|100/100
|turn|1
|
|t:|1663550279
|move|p2a: Tornadus|Knock Off|p1a: Ghetto Blaster
|-supereffective|p1a: Ghetto Blaster
|-damage|p1a: Ghetto Blaster|51/100
|-enditem|p1a: Ghetto Blaster|Lum Berry|[from] move: Knock Off|[of] p2a: Tornadus
|move|p1a: Ghetto Blaster|Dragon Dance|p1a: Ghetto Blaster
|-boost|p1a: Ghetto Blaster|atk|1
|-boost|p1a: Ghetto Blaster|spe|1
|
|upkeep
|turn|2
|
|t:|1663550288
|move|p1a: Ghetto Blaster|Dragon Dance|p1a: Ghetto Blaster
|-boost|p1a: Ghetto Blaster|atk|1
|-boost|p1a: Ghetto Blaster|spe|1
|move|p2a: Tornadus|U-turn|p1a: Ghetto Blaster
|-resisted|p1a: Ghetto Blaster
|-damage|p1a: Ghetto Blaster|40/100
|
|t:|1663550291
|switch|p2a: Scizor|Scizor, F|100/100|[from]move: U-turn
|
|upkeep
|turn|3
|
|t:|1663550294
|move|p2a: Scizor|Bullet Punch|p1a: Ghetto Blaster
|-damage|p1a: Ghetto Blaster|1/100
|move|p1a: Ghetto Blaster|Flamethrower|p2a: Scizor
|-supereffective|p2a: Scizor
|-damage|p2a: Scizor|0 fnt
|faint|p2a: Scizor
|
|upkeep
|
|t:|1663550304
|switch|p2a: Tornadus|Tornadus-Therian, M|100/100
|turn|4
|
|t:|1663550308
|move|p1a: Ghetto Blaster|Dragon Darts|p2a: Tornadus
|-damage|p2a: Tornadus|47/100
|-anim|p1a: Ghetto Blaster|Dragon Darts|p2a: Tornadus
|-damage|p2a: Tornadus|0 fnt
|faint|p2a: Tornadus
|
|upkeep
|
|t:|1663550311
|switch|p2a: Toxapex|Toxapex, M|100/100
|turn|5
|
|t:|1663550314
|move|p1a: Ghetto Blaster|Dragon Darts|p2a: Toxapex
|-damage|p2a: Toxapex|58/100
|-anim|p1a: Ghetto Blaster|Dragon Darts|p2a: Toxapex
|-damage|p2a: Toxapex|17/100
|-enditem|p2a: Toxapex|Eject Button
|-message|samohi0 forfeited.
|
|win|Tsuyuasuiakafroppy
|raw|Tsuyuasuiakafroppy's rating: 1506 &rarr; <strong>1528</strong><br />(+22 for winning)
|raw|samohi0's rating: 1542 &rarr; <strong>1520</strong><br />(-22 for losing)
|l|☆samohi0
||Ladder isn't responding, score probably updated but might not have (Request timeout).
