|j|☆Commando 55
|j|☆LT93OQ Iznamakin
|t:|1660855018
|gametype|singles
|player|p1|Commando 55|170|1757
|player|p2|LT93OQ Iznamakin|chase|1761
|teamsize|p1|6
|teamsize|p2|6
|gen|8
|tier|[Gen 8] OU
|rated|
|rule|Sleep Clause Mod: Limit one foe put to sleep
|rule|Species Clause: Limit one of each Pokémon
|rule|OHKO Clause: OHKO moves are banned
|rule|Evasion Items Clause: Evasion items are banned
|rule|Evasion Moves Clause: Evasion moves are banned
|rule|Endless Battle Clause: Forcing endless battles is banned
|rule|HP Percentage Mod: HP is shown in percentages
|rule|Dynamax Clause: You cannot dynamax
|clearpoke
|poke|p1|Torkoal, M|
|poke|p1|Victini|
|poke|p1|Heatran, M|
|poke|p1|Umbreon, F|
|poke|p1|Dragonite, F|
|poke|p1|Blissey, F|
|poke|p2|Tyranitar, M|
|poke|p2|Tornadus-Therian, M|
|poke|p2|Ferrothorn, F|
|poke|p2|Landorus-Therian, M|
|poke|p2|Dragapult, M|
|poke|p2|Slowking, M|
|teampreview
|j| PepsiMaxMango
|
|t:|1660855037
|start
|switch|p1a: Dragonite|Dragonite, F|100/100
|switch|p2a: Dragapult|Dragapult, M|100/100
|turn|1
|inactive|Battle timer is ON: inactive players will automatically lose when time's up. (requested by LT93OQ Iznamakin)
|
|t:|1660855045
|move|p2a: Dragapult|U-turn|p1a: Dragonite
|-resisted|p1a: Dragonite
|-damage|p1a: Dragonite|98/100
|
|t:|1660855049
|switch|p2a: Slowking|Slowking, M|100/100|[from]move: U-turn
|move|p1a: Dragonite|Roost|p1a: Dragonite
|-heal|p1a: Dragonite|100/100
|-singleturn|p1a: Dragonite|move: Roost
|
|upkeep
|turn|2
|
|t:|1660855055
|switch|p1a: Umbreon|Umbreon, F, shiny|100/100
|move|p2a: Slowking|Teleport|p2a: Slowking
|
|t:|1660855061
|switch|p2a: Tyranitar|Tyranitar, M|100/100|[from]move: Teleport
|-weather|Sandstorm|[from] ability: Sand Stream|[of] p2a: Tyranitar
|
|-weather|Sandstorm|[upkeep]
|-damage|p1a: Umbreon|94/100|[from] Sandstorm
|-heal|p1a: Umbreon|100/100|[from] item: Leftovers
|upkeep
|turn|3
|
|t:|1660855069
|move|p1a: Umbreon|Protect|p1a: Umbreon
|-singleturn|p1a: Umbreon|Protect
|move|p2a: Tyranitar|Stone Edge|p1a: Umbreon
|-activate|p1a: Umbreon|move: Protect
|
|-weather|Sandstorm|[upkeep]
|-damage|p1a: Umbreon|94/100|[from] Sandstorm
|-heal|p1a: Umbreon|100/100|[from] item: Leftovers
|upkeep
|turn|4
|
|t:|1660855073
|move|p2a: Tyranitar|Stone Edge|p1a: Umbreon|[miss]
|-miss|p2a: Tyranitar|p1a: Umbreon
|move|p1a: Umbreon|Wish|p1a: Umbreon
|
|-weather|Sandstorm|[upkeep]
|-damage|p1a: Umbreon|94/100|[from] Sandstorm
|-heal|p1a: Umbreon|100/100|[from] item: Leftovers
|upkeep
|turn|5
|
|t:|1660855078
|switch|p2a: Ferrothorn|Ferrothorn, F|100/100
|move|p1a: Umbreon|Foul Play|p2a: Ferrothorn
|-damage|p2a: Ferrothorn|83/100
|-damage|p1a: Umbreon|88/100|[from] ability: Iron Barbs|[of] p2a: Ferrothorn
|
|-weather|Sandstorm|[upkeep]
|-damage|p1a: Umbreon|82/100|[from] Sandstorm
|-heal|p1a: Umbreon|100/100|[from] move: Wish|[wisher] Umbreon
|-heal|p2a: Ferrothorn|89/100|[from] item: Leftovers
|upkeep
|turn|6
|
|t:|1660855083
|switch|p1a: Torkoal|Torkoal, M|100/100
|-weather|SunnyDay|[from] ability: Drought|[of] p1a: Torkoal
|move|p2a: Ferrothorn|Spikes|p1a: Torkoal
|-sidestart|p1: Commando 55|Spikes
|
|-weather|SunnyDay|[upkeep]
|-heal|p2a: Ferrothorn|96/100|[from] item: Leftovers
|upkeep
|turn|7
|
|t:|1660855091
|switch|p2a: Slowking|Slowking, M|100/100
|move|p1a: Torkoal|Stealth Rock|p2a: Slowking
|-sidestart|p2: LT93OQ Iznamakin|move: Stealth Rock
|
|-weather|SunnyDay|[upkeep]
|upkeep
|turn|8
|
|t:|1660855096
|switch|p2a: Dragapult|Dragapult, M|100/100
|-damage|p2a: Dragapult|88/100|[from] Stealth Rock
|move|p1a: Torkoal|Rapid Spin|p2a: Dragapult
|-immune|p2a: Dragapult
|
|-weather|SunnyDay|[upkeep]
|upkeep
|turn|9
|
|t:|1660855105
|move|p2a: Dragapult|U-turn|p1a: Torkoal
|-resisted|p1a: Torkoal
|-damage|p1a: Torkoal|96/100
|
|t:|1660855109
|switch|p2a: Landorus|Landorus-Therian, M|100/100|[from]move: U-turn
|-damage|p2a: Landorus|88/100|[from] Stealth Rock
|-ability|p2a: Landorus|Intimidate|boost
|-unboost|p1a: Torkoal|atk|1
|move|p1a: Torkoal|Rapid Spin|p2a: Landorus
|-damage|p2a: Landorus|83/100
|-boost|p1a: Torkoal|spe|1
|-sideend|p1: Commando 55|Spikes|[from] move: Rapid Spin|[of] p1a: Torkoal
|
|-weather|SunnyDay|[upkeep]
|-heal|p2a: Landorus|89/100|[from] item: Leftovers
|upkeep
|turn|10
|
|t:|1660855123
|switch|p1a: Dragonite|Dragonite, F|100/100
|move|p2a: Landorus|Stealth Rock|p1a: Dragonite
|-sidestart|p1: Commando 55|move: Stealth Rock
|
|-weather|none
|-heal|p2a: Landorus|95/100|[from] item: Leftovers
|upkeep
|turn|11
|
|t:|1660855136
|move|p2a: Landorus|Toxic|p1a: Dragonite
|-status|p1a: Dragonite|tox
|move|p1a: Dragonite|Ice Beam|p2a: Landorus
|-supereffective|p2a: Landorus
|-crit|p2a: Landorus
|-damage|p2a: Landorus|0 fnt
|faint|p2a: Landorus
|
|-damage|p1a: Dragonite|94/100 tox|[from] psn
|upkeep
|
|t:|1660855141
|switch|p2a: Tornadus|Tornadus-Therian, M, shiny|100/100
|turn|12
|
|t:|1660855144
|move|p2a: Tornadus|Knock Off|p1a: Dragonite
|-damage|p1a: Dragonite|81/100 tox
|-enditem|p1a: Dragonite|Heavy-Duty Boots|[from] move: Knock Off|[of] p2a: Tornadus
|move|p1a: Dragonite|Defog|p2a: Tornadus
|-unboost|p2a: Tornadus|evasion|1
|-sideend|p2: LT93OQ Iznamakin|Stealth Rock|[from] move: Defog|[of] p1a: Dragonite
|-sideend|p1: Commando 55|Stealth Rock|[from] move: Defog|[of] p1a: Dragonite
|
|-damage|p1a: Dragonite|69/100 tox|[from] psn
|upkeep
|turn|13
|
|t:|1660855153
|switch|p1a: Blissey|Blissey, F|100/100
|move|p2a: Tornadus|U-turn|p1a: Blissey
|-damage|p1a: Blissey|89/100
|
|t:|1660855157
|switch|p2a: Tyranitar|Tyranitar, M|100/100|[from]move: U-turn
|-weather|Sandstorm|[from] ability: Sand Stream|[of] p2a: Tyranitar
|
|-weather|Sandstorm|[upkeep]
|-damage|p1a: Blissey|82/100|[from] Sandstorm
|upkeep
|turn|14
|
|t:|1660855163
|move|p2a: Tyranitar|Stone Edge|p1a: Blissey
|-damage|p1a: Blissey|9/100
|move|p1a: Blissey|Thunder Wave|p2a: Tyranitar
|-status|p2a: Tyranitar|par
|
|-weather|Sandstorm|[upkeep]
|-damage|p1a: Blissey|3/100|[from] Sandstorm
|upkeep
|turn|15
|-message|LT93OQ Iznamakin forfeited.
|
|win|Commando 55
|raw|Commando 55's rating: 1757 &rarr; <strong>1777</strong><br />(+20 for winning)
|raw|LT93OQ Iznamakin's rating: 1761 &rarr; <strong>1741</strong><br />(-20 for losing)
|l|☆LT93OQ Iznamakin
|l|☆Commando 55
||Ladder isn't responding, score probably updated but might not have (Request timeout).
