|j|☆TechMarkGaming
|j|☆vagmak
|t:|1606785701
|player|p1|TechMarkGaming|rosa|1114
|player|p2|vagmak|102|1140
|teamsize|p1|6
|teamsize|p2|6
|gametype|singles
|gen|8
|tier|[Gen 8] OU
|rated|
|clearpoke
|poke|p1|Magnezone|
|poke|p1|Garchomp, M|
|poke|p1|Latios, M|
|poke|p1|Dragonite, M|
|poke|p1|Swampert, F|
|poke|p1|Dragapult, M|
|poke|p2|Gyarados, M|
|poke|p2|Kartana|
|poke|p2|Urshifu-*, F|
|poke|p2|Azumarill, M|
|poke|p2|Zapdos-Galar|
|poke|p2|Magearna|
|rule|Sleep Clause Mod: Limit one foe put to sleep
|rule|Species Clause: Limit one of each Pokémon
|rule|OHKO Clause: OHKO moves are banned
|rule|Evasion Moves Clause: Evasion moves are banned
|rule|Endless Battle Clause: Forcing endless battles is banned
|rule|HP Percentage Mod: HP is shown in percentages
|rule|Dynamax Clause: You cannot dynamax
|teampreview
|
|t:|1606785705
|start
|switch|p1a: Garchomp|Garchomp, M|100/100
|switch|p2a: Zapdos|Zapdos-Galar|100/100
|turn|1
|
|t:|1606785713
|move|p1a: Garchomp|Stealth Rock|p2a: Zapdos
|-sidestart|p2: vagmak|move: Stealth Rock
|move|p2a: Zapdos|Close Combat|p1a: Garchomp
|-damage|p1a: Garchomp|14/100
|-unboost|p2a: Zapdos|def|1
|-unboost|p2a: Zapdos|spd|1
|-damage|p2a: Zapdos|88/100|[from] ability: Rough Skin|[of] p1a: Garchomp
|
|upkeep
|turn|2
|
|t:|1606785726
|switch|p2a: Azumarill|Azumarill, M|100/100
|-damage|p2a: Azumarill|88/100|[from] Stealth Rock
|move|p1a: Garchomp|Scale Shot|p2a: Azumarill
|-immune|p2a: Azumarill
|
|upkeep
|turn|3
|
|t:|1606785734
|move|p2a: Azumarill|Aqua Jet|p1a: Garchomp
|-damage|p1a: Garchomp|0 fnt
|-damage|p2a: Azumarill|76/100|[from] ability: Rough Skin|[of] p1a: Garchomp
|faint|p1a: Garchomp
|
|upkeep
|
|t:|1606785742
|switch|p1a: Dragapult|Dragapult, M|100/100
|turn|4
|
|t:|1606785748
|move|p1a: Dragapult|Thunderbolt|p2a: Azumarill
|-supereffective|p2a: Azumarill
|-damage|p2a: Azumarill|0 fnt
|faint|p2a: Azumarill
|
|upkeep
|
|t:|1606785761
|switch|p2a: Kartana|Kartana|100/100
|-damage|p2a: Kartana|94/100|[from] Stealth Rock
|turn|5
|inactive|Battle timer is ON: inactive players will automatically lose when time's up. (requested by vagmak)
|
|t:|1606785789
|switch|p1a: Swampert|Swampert, F|100/100
|move|p2a: Kartana|Knock Off|p1a: Swampert
|-damage|p1a: Swampert|55/100
|-enditem|p1a: Swampert|Leftovers|[from] move: Knock Off|[of] p2a: Kartana
|-damage|p2a: Kartana|85/100|[from] item: Life Orb
|
|upkeep
|turn|6
|
|t:|1606785799
|move|p2a: Kartana|Leaf Blade|p1a: Swampert
|-supereffective|p1a: Swampert
|-damage|p1a: Swampert|0 fnt
|-damage|p2a: Kartana|75/100|[from] item: Life Orb
|faint|p1a: Swampert
|-ability|p2a: Kartana|Beast Boost|boost
|-boost|p2a: Kartana|atk|1
|
|upkeep
|
|t:|1606785808
|switch|p1a: Latios|Latios, M|100/100
|turn|7
|
|t:|1606785819
|move|p1a: Latios|Mystical Fire|p2a: Kartana
|-supereffective|p2a: Kartana
|-damage|p2a: Kartana|0 fnt
|faint|p2a: Kartana
|
|upkeep
|
|t:|1606785830
|switch|p2a: Magearna|Magearna|100/100
|-damage|p2a: Magearna|95/100|[from] Stealth Rock
|turn|8
|
|t:|1606785835
|move|p1a: Latios|Mystical Fire|p2a: Magearna
|-supereffective|p2a: Magearna
|-damage|p2a: Magearna|48/100
|-unboost|p2a: Magearna|spa|1
|move|p2a: Magearna|Dazzling Gleam|p1a: Latios
|-supereffective|p1a: Latios
|-damage|p1a: Latios|29/100
|
|upkeep
|turn|9
|
|t:|1606785846
|switch|p2a: Gyarados|Gyarados, M|100/100
|-damage|p2a: Gyarados|76/100|[from] Stealth Rock
|-ability|p2a: Gyarados|Intimidate|boost
|-unboost|p1a: Latios|atk|1
|move|p1a: Latios|Mystical Fire|p2a: Gyarados
|-resisted|p2a: Gyarados
|-damage|p2a: Gyarados|64/100
|-unboost|p2a: Gyarados|spa|1
|
|-heal|p2a: Gyarados|70/100|[from] item: Leftovers
|upkeep
|turn|10
|
|t:|1606785868
|switch|p1a: Magnezone|Magnezone|100/100
|-item|p1a: Magnezone|Air Balloon
|move|p2a: Gyarados|Iron Head|p1a: Magnezone
|-resisted|p1a: Magnezone
|-damage|p1a: Magnezone|96/100
|-enditem|p1a: Magnezone|Air Balloon
|
|-heal|p2a: Gyarados|76/100|[from] item: Leftovers
|upkeep
|turn|11
|
|t:|1606785882
|switch|p2a: Urshifu|Urshifu, F|100/100
|-damage|p2a: Urshifu|94/100|[from] Stealth Rock
|move|p1a: Magnezone|Substitute|p1a: Magnezone
|-start|p1a: Magnezone|Substitute
|-damage|p1a: Magnezone|71/100
|
|upkeep
|turn|12
|
|t:|1606785891
|move|p2a: Urshifu|Close Combat|p1a: Magnezone
|-supereffective|p1a: Magnezone
|-end|p1a: Magnezone|Substitute
|-unboost|p2a: Urshifu|def|1
|-unboost|p2a: Urshifu|spd|1
|move|p1a: Magnezone|Body Press|p2a: Urshifu
|-supereffective|p2a: Urshifu
|-damage|p2a: Urshifu|4/100
|
|upkeep
|turn|13
|
|t:|1606785904
|move|p2a: Urshifu|Close Combat|p1a: Magnezone
|-supereffective|p1a: Magnezone
|-damage|p1a: Magnezone|0 fnt
|-unboost|p2a: Urshifu|def|1
|-unboost|p2a: Urshifu|spd|1
|faint|p1a: Magnezone
|
|upkeep
|
|t:|1606785915
|switch|p1a: Dragonite|Dragonite, M|100/100
|turn|14
|
|t:|1606785920
|move|p2a: Urshifu|Wicked Blow|p1a: Dragonite
|-crit|p1a: Dragonite
|-damage|p1a: Dragonite|68/100
|move|p1a: Dragonite|Dragon Dance|p1a: Dragonite
|-boost|p1a: Dragonite|atk|1
|-boost|p1a: Dragonite|spe|1
|
|upkeep
|turn|15
|
|t:|1606785928
|move|p1a: Dragonite|Extreme Speed|p2a: Urshifu
|-damage|p2a: Urshifu|0 fnt
|faint|p2a: Urshifu
|
|upkeep
|
|t:|1606785938
|switch|p2a: Magearna|Magearna|48/100
|-damage|p2a: Magearna|42/100|[from] Stealth Rock
|turn|16
|
|t:|1606785945
|move|p1a: Dragonite|Earthquake|p2a: Magearna
|-supereffective|p2a: Magearna
|-damage|p2a: Magearna|0 fnt
|faint|p2a: Magearna
|
|upkeep
|
|t:|1606785951
|switch|p2a: Gyarados|Gyarados, M|76/100
|-damage|p2a: Gyarados|52/100|[from] Stealth Rock
|-ability|p2a: Gyarados|Intimidate|boost
|-unboost|p1a: Dragonite|atk|1
|turn|17
|
|t:|1606785957
|move|p1a: Dragonite|Dual Wingbeat|p2a: Gyarados
|-damage|p2a: Gyarados|24/100
|-damage|p2a: Gyarados|0 fnt
|-hitcount|p2a: Gyarados|2
|faint|p2a: Gyarados
|
|upkeep
|
|t:|1606785963
|switch|p2a: Zapdos|Zapdos-Galar|88/100
|-damage|p2a: Zapdos|76/100|[from] Stealth Rock
|turn|18
|
|t:|1606785969
|move|p1a: Dragonite|Dual Wingbeat|p2a: Zapdos
|-supereffective|p2a: Zapdos
|-damage|p2a: Zapdos|18/100
|-supereffective|p2a: Zapdos
|-damage|p2a: Zapdos|0 fnt
|-hitcount|p2a: Zapdos|2
|faint|p2a: Zapdos
|
|win|TechMarkGaming
|c|☆TechMarkGaming|gg
|l|☆vagmak
