|j|☆Huskothy
|j|‽30orless
|t:|1665240255
|gametype|singles
|player|p1|Huskothy|lucas|1570
|player|p2|30orless|265|1637
|teamsize|p1|6
|teamsize|p2|6
|gen|8
|tier|[Gen 8] OU
|rated|
|rule|Sleep Clause Mod: Limit one foe put to sleep
|rule|Species Clause: Limit one of each Pokémon
|rule|OHKO Clause: OHKO moves are banned
|rule|Evasion Items Clause: Evasion items are banned
|rule|Evasion Moves Clause: Evasion moves are banned
|rule|Endless Battle Clause: Forcing endless battles is banned
|rule|HP Percentage Mod: HP is shown in percentages
|rule|Dynamax Clause: You cannot dynamax
|clearpoke
|poke|p1|Machamp, F|
|poke|p1|Dragapult, M|
|poke|p1|Ferrothorn, F|
|poke|p1|Moltres-Galar|
|poke|p1|Landorus-Therian, M|
|poke|p1|Tapu Koko|
|poke|p2|Moltres|
|poke|p2|Hydreigon, M|
|poke|p2|Blaziken, F|
|poke|p2|Volcanion|
|poke|p2|Zapdos|
|poke|p2|Mamoswine, M|
|teampreview
|inactive|Battle timer is ON: inactive players will automatically lose when time's up. (requested by 30orless)
|inactive|Huskothy has 120 seconds left.
|
|t:|1665240314
|start
|switch|p1a: Dragapult|Dragapult, M|100/100
|switch|p2a: Moltres|Moltres|100/100
|turn|1
|
|t:|1665240318
|move|p1a: Dragapult|Thunder Wave|p2a: Moltres
|-status|p2a: Moltres|par
|move|p2a: Moltres|Brave Bird|p1a: Dragapult
|-damage|p1a: Dragapult|24/100
|-damage|p2a: Moltres|80/100 par|[from] Recoil
|
|upkeep
|turn|2
|
|t:|1665240324
|move|p1a: Dragapult|U-turn|p2a: Moltres
|-resisted|p2a: Moltres
|-damage|p2a: Moltres|75/100 par
|
|t:|1665240326
|switch|p1a: Tapu Koko|Tapu Koko|100/100|[from]move: U-turn
|-fieldstart|move: Electric Terrain|[from] ability: Electric Surge|[of] p1a: Tapu Koko
|move|p2a: Moltres|Brave Bird|p1a: Tapu Koko
|-resisted|p1a: Tapu Koko
|-damage|p1a: Tapu Koko|61/100
|-damage|p2a: Moltres|66/100 par|[from] Recoil
|
|upkeep
|turn|3
|
|t:|1665240329
|move|p1a: Tapu Koko|U-turn|p2a: Moltres
|-resisted|p2a: Moltres
|-damage|p2a: Moltres|62/100 par
|
|t:|1665240333
|switch|p1a: Landorus|Landorus-Therian, M|100/100|[from]move: U-turn
|-ability|p1a: Landorus|Intimidate|boost
|-unboost|p2a: Moltres|atk|1
|move|p2a: Moltres|Scorching Sands|p1a: Landorus
|-immune|p1a: Landorus
|
|upkeep
|turn|4
|
|t:|1665240338
|switch|p1a: Tapu Koko|Tapu Koko|61/100
|switch|p2a: Zapdos|Zapdos|100/100
|
|upkeep
|turn|5
|
|t:|1665240341
|move|p1a: Tapu Koko|Roost|p1a: Tapu Koko
|-heal|p1a: Tapu Koko|100/100
|-singleturn|p1a: Tapu Koko|move: Roost
|move|p2a: Zapdos|Discharge|p1a: Tapu Koko
|-resisted|p1a: Tapu Koko
|-damage|p1a: Tapu Koko|68/100
|
|upkeep
|turn|6
|
|t:|1665240345
|switch|p2a: Hydreigon|Hydreigon, M|100/100
|move|p1a: Tapu Koko|Thunderbolt|p2a: Hydreigon
|-resisted|p2a: Hydreigon
|-damage|p2a: Hydreigon|68/100
|
|-fieldend|move: Electric Terrain
|upkeep
|turn|7
|
|t:|1665240349
|switch|p1a: Moltres|Moltres-Galar|100/100
|move|p2a: Hydreigon|Earth Power|p1a: Moltres
|-immune|p1a: Moltres
|
|upkeep
|turn|8
|
|t:|1665240353
|switch|p2a: Zapdos|Zapdos|100/100
|switch|p1a: Tapu Koko|Tapu Koko|68/100
|-fieldstart|move: Electric Terrain|[from] ability: Electric Surge|[of] p1a: Tapu Koko
|
|upkeep
|turn|9
|
|t:|1665240357
|move|p1a: Tapu Koko|Dazzling Gleam|p2a: Zapdos
|-damage|p2a: Zapdos|66/100
|move|p2a: Zapdos|Discharge|p1a: Tapu Koko
|-resisted|p1a: Tapu Koko
|-damage|p1a: Tapu Koko|35/100
|
|upkeep
|turn|10
|
|t:|1665240360
|switch|p2a: Mamoswine|Mamoswine, M|100/100
|move|p1a: Tapu Koko|Roost|p1a: Tapu Koko
|-heal|p1a: Tapu Koko|85/100
|-singleturn|p1a: Tapu Koko|move: Roost
|
|upkeep
|turn|11
|
|t:|1665240362
|move|p1a: Tapu Koko|U-turn|p2a: Mamoswine
|-damage|p2a: Mamoswine|82/100
|
|t:|1665240365
|switch|p1a: Ferrothorn|Ferrothorn, F|100/100|[from]move: U-turn
|move|p2a: Mamoswine|Stealth Rock|p1a: Ferrothorn
|-sidestart|p1: Huskothy|move: Stealth Rock
|
|upkeep
|turn|12
|
|t:|1665240368
|switch|p2a: Blaziken|Blaziken, F|100/100
|move|p1a: Ferrothorn|Stealth Rock|p2a: Blaziken
|-sidestart|p2: 30orless|move: Stealth Rock
|
|-fieldend|move: Electric Terrain
|upkeep
|turn|13
|
|t:|1665240371
|move|p2a: Blaziken|Overheat|p1a: Ferrothorn
|-supereffective|p1a: Ferrothorn
|-damage|p1a: Ferrothorn|0 fnt
|-unboost|p2a: Blaziken|spa|2
|faint|p1a: Ferrothorn
|-damage|p2a: Blaziken|91/100|[from] item: Life Orb
|
|-ability|p2a: Blaziken|Speed Boost|boost
|-boost|p2a: Blaziken|spe|1
|upkeep
|
|t:|1665240379
|switch|p1a: Machamp|Machamp, F|100/100
|-damage|p1a: Machamp|94/100|[from] Stealth Rock
|turn|14
|
|t:|1665240381
|move|p2a: Blaziken|Close Combat|p1a: Machamp
|-damage|p1a: Machamp|11/100
|-unboost|p2a: Blaziken|def|1
|-unboost|p2a: Blaziken|spd|1
|-damage|p2a: Blaziken|81/100|[from] item: Life Orb
|move|p1a: Machamp|Dynamic Punch|p2a: Blaziken
|-damage|p2a: Blaziken|0 fnt
|faint|p2a: Blaziken
|
|upkeep
|
|t:|1665240392
|switch|p2a: Zapdos|Zapdos|66/100
|turn|15
|
|t:|1665240397
|switch|p1a: Tapu Koko|Tapu Koko|85/100
|-fieldstart|move: Electric Terrain|[from] ability: Electric Surge|[of] p1a: Tapu Koko
|move|p2a: Zapdos|Discharge|p1a: Tapu Koko
|-resisted|p1a: Tapu Koko
|-damage|p1a: Tapu Koko|53/100
|
|upkeep
|turn|16
|
|t:|1665240403
|switch|p2a: Hydreigon|Hydreigon, M|68/100
|-damage|p2a: Hydreigon|56/100|[from] Stealth Rock
|move|p1a: Tapu Koko|Roost|p1a: Tapu Koko
|-heal|p1a: Tapu Koko|100/100
|-singleturn|p1a: Tapu Koko|move: Roost
|
|upkeep
|turn|17
|
|t:|1665240407
|switch|p1a: Moltres|Moltres-Galar|100/100
|-damage|p1a: Moltres|76/100|[from] Stealth Rock
|move|p2a: Hydreigon|Earth Power|p1a: Moltres
|-immune|p1a: Moltres
|
|upkeep
|turn|18
|
|t:|1665240411
|switch|p2a: Moltres|Moltres|62/100 par
|move|p1a: Moltres|Fiery Wrath|p2a: Moltres
|-damage|p2a: Moltres|22/100 par
|
|upkeep
|turn|19
|
|t:|1665240415
|move|p1a: Moltres|Fiery Wrath|p2a: Moltres
|-damage|p2a: Moltres|0 fnt
|faint|p2a: Moltres
|
|-fieldend|move: Electric Terrain
|upkeep
|
|t:|1665240419
|switch|p2a: Zapdos|Zapdos|66/100
|turn|20
|
|t:|1665240423
|switch|p1a: Tapu Koko|Tapu Koko|100/100
|-fieldstart|move: Electric Terrain|[from] ability: Electric Surge|[of] p1a: Tapu Koko
|move|p2a: Zapdos|Roost|p2a: Zapdos
|-heal|p2a: Zapdos|100/100
|-singleturn|p2a: Zapdos|move: Roost
|
|upkeep
|turn|21
|
|t:|1665240425
|move|p1a: Tapu Koko|Thunderbolt|p2a: Zapdos
|-damage|p2a: Zapdos|49/100
|move|p2a: Zapdos|Hurricane|p1a: Tapu Koko|[miss]
|-miss|p2a: Zapdos|p1a: Tapu Koko
|
|upkeep
|turn|22
|
|t:|1665240429
|move|p1a: Tapu Koko|Dazzling Gleam|p2a: Zapdos
|-damage|p2a: Zapdos|16/100
|move|p2a: Zapdos|Roost|p2a: Zapdos
|-heal|p2a: Zapdos|66/100
|-singleturn|p2a: Zapdos|move: Roost
|
|upkeep
|turn|23
|
|t:|1665240431
|switch|p2a: Mamoswine|Mamoswine, M|82/100
|-damage|p2a: Mamoswine|69/100|[from] Stealth Rock
|move|p1a: Tapu Koko|Thunderbolt|p2a: Mamoswine
|-immune|p2a: Mamoswine
|
|upkeep
|turn|24
|
|t:|1665240434
|move|p1a: Tapu Koko|U-turn|p2a: Mamoswine
|-damage|p2a: Mamoswine|52/100
|
|t:|1665240436
|switch|p1a: Machamp|Machamp, F|11/100|[from]move: U-turn
|-damage|p1a: Machamp|5/100|[from] Stealth Rock
|move|p2a: Mamoswine|Earthquake|p1a: Machamp
|-damage|p1a: Machamp|0 fnt
|faint|p1a: Machamp
|
|-fieldend|move: Electric Terrain
|upkeep
|
|t:|1665240440
|switch|p1a: Tapu Koko|Tapu Koko|100/100
|-fieldstart|move: Electric Terrain|[from] ability: Electric Surge|[of] p1a: Tapu Koko
|turn|25
|
|t:|1665240443
|move|p1a: Tapu Koko|U-turn|p2a: Mamoswine
|-damage|p2a: Mamoswine|33/100
|
|t:|1665240446
|switch|p1a: Landorus|Landorus-Therian, M|100/100|[from]move: U-turn
|-damage|p1a: Landorus|88/100|[from] Stealth Rock
|-ability|p1a: Landorus|Intimidate|boost
|-fail|p2a: Mamoswine|unboost|Attack|[from] ability: Oblivious|[of] p2a: Mamoswine
|move|p2a: Mamoswine|Icicle Crash|p1a: Landorus
|-supereffective|p1a: Landorus
|-damage|p1a: Landorus|0 fnt
|faint|p1a: Landorus
|
|upkeep
|
|t:|1665240450
|switch|p1a: Tapu Koko|Tapu Koko|100/100
|turn|26
|
|t:|1665240461
|switch|p2a: Volcanion|Volcanion|100/100
|move|p1a: Tapu Koko|Dazzling Gleam|p2a: Volcanion
|-resisted|p2a: Volcanion
|-damage|p2a: Volcanion|83/100
|
|upkeep
|turn|27
|
|t:|1665240463
|switch|p2a: Hydreigon|Hydreigon, M|56/100
|-damage|p2a: Hydreigon|44/100|[from] Stealth Rock
|move|p1a: Tapu Koko|Thunderbolt|p2a: Hydreigon
|-resisted|p2a: Hydreigon
|-damage|p2a: Hydreigon|11/100
|
|upkeep
|turn|28
|
|t:|1665240468
|switch|p1a: Dragapult|Dragapult, M|24/100
|move|p2a: Hydreigon|Earth Power|p1a: Dragapult
|-damage|p1a: Dragapult|0 fnt
|faint|p1a: Dragapult
|
|upkeep
|
|t:|1665240471
|switch|p1a: Moltres|Moltres-Galar|76/100
|-damage|p1a: Moltres|51/100|[from] Stealth Rock
|turn|29
|
|t:|1665240480
|switch|p2a: Volcanion|Volcanion|83/100
|switch|p1a: Tapu Koko|Tapu Koko|100/100
|
|-fieldend|move: Electric Terrain
|upkeep
|turn|30
|
|t:|1665240488
|move|p1a: Tapu Koko|U-turn|p2a: Volcanion
|-resisted|p2a: Volcanion
|-damage|p2a: Volcanion|76/100
|
|t:|1665240490
|switch|p1a: Moltres|Moltres-Galar|51/100|[from]move: U-turn
|-damage|p1a: Moltres|26/100|[from] Stealth Rock
|move|p2a: Volcanion|Steam Eruption|p1a: Moltres
|-damage|p1a: Moltres|0 fnt
|faint|p1a: Moltres
|
|upkeep
|
|t:|1665240491
|switch|p1a: Tapu Koko|Tapu Koko|100/100
|-fieldstart|move: Electric Terrain|[from] ability: Electric Surge|[of] p1a: Tapu Koko
|turn|31
|
|t:|1665240494
|move|p1a: Tapu Koko|Thunderbolt|p2a: Volcanion
|-supereffective|p2a: Volcanion
|-damage|p2a: Volcanion|0 fnt
|faint|p2a: Volcanion
|
|upkeep
|
|t:|1665240501
|switch|p2a: Zapdos|Zapdos|66/100
|turn|32
|
|t:|1665240503
|move|p1a: Tapu Koko|Thunderbolt|p2a: Zapdos
|-damage|p2a: Zapdos|17/100
|move|p2a: Zapdos|Defog|p1a: Tapu Koko
|-unboost|p1a: Tapu Koko|evasion|1
|-sideend|p1: Huskothy|Stealth Rock|[from] move: Defog|[of] p2a: Zapdos
|-sideend|p2: 30orless|Stealth Rock|[from] move: Defog|[of] p2a: Zapdos
|-fieldend|move: Electric Terrain
|
|upkeep
|turn|33
|
|t:|1665240507
|move|p1a: Tapu Koko|Dazzling Gleam|p2a: Zapdos
|-damage|p2a: Zapdos|0 fnt
|faint|p2a: Zapdos
|
|upkeep
|
|t:|1665240509
|switch|p2a: Mamoswine|Mamoswine, M|33/100
|turn|34
|
|t:|1665240511
|move|p2a: Mamoswine|Ice Shard|p1a: Tapu Koko
|-damage|p1a: Tapu Koko|67/100
|move|p1a: Tapu Koko|Dazzling Gleam|p2a: Mamoswine
|-crit|p2a: Mamoswine
|-damage|p2a: Mamoswine|0 fnt
|faint|p2a: Mamoswine
|
|upkeep
|
|t:|1665240512
|switch|p2a: Hydreigon|Hydreigon, M|11/100
|turn|35
|
|t:|1665240514
|move|p2a: Hydreigon|Earth Power|p1a: Tapu Koko
|-supereffective|p1a: Tapu Koko
|-damage|p1a: Tapu Koko|0 fnt
|faint|p1a: Tapu Koko
|
|win|30orless
|raw|Huskothy's rating: 1570 &rarr; <strong>1554</strong><br />(-16 for losing)
|raw|30orless's rating: 1637 &rarr; <strong>1653</strong><br />(+16 for winning)
|c|☆Huskothy|gg
|l|☆Huskothy
