|j|☆Redfire.Gslay
|j|☆beastyj157
|inactive|Battle timer is ON: inactive players will automatically lose when time's up.
|t:|1646775972
|gametype|singles
|player|p1|Redfire.Gslay|bede-leader|
|player|p2|beastyj157|skierf|
|teamsize|p1|6
|teamsize|p2|6
|gen|8
|tier|[Gen 8] OU
|rated|Tournament battle
|rule|Sleep Clause Mod: Limit one foe put to sleep
|rule|Species Clause: Limit one of each Pokémon
|rule|OHKO Clause: OHKO moves are banned
|rule|Evasion Moves Clause: Evasion moves are banned
|rule|Endless Battle Clause: Forcing endless battles is banned
|rule|HP Percentage Mod: HP is shown in percentages
|rule|Dynamax Clause: You cannot dynamax
|clearpoke
|poke|p1|Ferrothorn, M|
|poke|p1|Urshifu-*, F|
|poke|p1|Clefable, M|
|poke|p1|Polteageist-Antique|
|poke|p1|Tapu Koko|
|poke|p1|Victini|
|poke|p2|Ferrothorn, F|
|poke|p2|Tornadus-Therian, M|
|poke|p2|Clefable, M|
|poke|p2|Landorus-Therian, M|
|poke|p2|Blacephalon|
|poke|p2|Weavile, F|
|teampreview
|inactive|Redfire.Gslay also wants the timer to be on.
|inactive|beastyj157 also wants the timer to be on.
|
|t:|1646775978
|start
|switch|p1a: Polteageist|Polteageist-Antique|100/100
|switch|p2a: Blacephalon|Blacephalon|100/100
|turn|1
|c|☆Redfire.Gslay|Glhf
|c|☆beastyj157|oh no
|c|☆Redfire.Gslay|also I’m very bad so if you could let me win that would be nice
|c|☆Redfire.Gslay|also oh ge
|c|☆Redfire.Gslay|ye
|
|t:|1646775999
|move|p2a: Blacephalon|Shadow Ball|p1a: Polteageist
|-supereffective|p1a: Polteageist
|-enditem|p1a: Polteageist|Focus Sash
|-damage|p1a: Polteageist|1/100
|-start|p2a: Blacephalon|Disable|Shadow Ball|[from] ability: Cursed Body|[of] p1a: Polteageist
|move|p1a: Polteageist|Shell Smash|p1a: Polteageist
|-unboost|p1a: Polteageist|def|1
|-unboost|p1a: Polteageist|spd|1
|-boost|p1a: Polteageist|atk|2
|-boost|p1a: Polteageist|spa|2
|-boost|p1a: Polteageist|spe|2
|
|upkeep
|turn|2
|j| TheNewBrends11
|c|☆beastyj157|i knew it
|
|t:|1646776010
|switch|p2a: Clefable|Clefable, M|100/100
|move|p1a: Polteageist|Shadow Ball|p2a: Clefable
|-damage|p2a: Clefable|38/100
|
|upkeep
|turn|3
|c|☆Redfire.Gslay|Knew what
|
|t:|1646776020
|switch|p2a: Weavile|Weavile, F|100/100
|-ability|p2a: Weavile|Pressure
|move|p1a: Polteageist|Shadow Ball|p2a: Weavile
|-resisted|p2a: Weavile
|-damage|p2a: Weavile|41/100
|
|upkeep
|turn|4
|c|☆beastyj157|i was about to trick
|j| ladderis5pplonalts
|j| Jddjraptor
|c|☆beastyj157|but prayed ur were white herb
|c|☆Redfire.Gslay|Yep
|
|t:|1646776035
|move|p2a: Weavile|Ice Shard|p1a: Polteageist
|-damage|p1a: Polteageist|0 fnt
|faint|p1a: Polteageist
|
|upkeep
|c|☆Redfire.Gslay|Nope
|
|t:|1646776042
|switch|p1a: Urshifu|Urshifu-Rapid-Strike, F|100/100
|turn|5
|c|☆beastyj157|oh my team
|c|☆beastyj157|is urshifu weak
|c|☆Redfire.Gslay|Yep
|inactive|beastyj157 has 120 seconds left.
|c|☆Redfire.Gslay|Expect feroseed
|c|☆Redfire.Gslay|Oh wait
|c|☆Redfire.Gslay|dam
|c|☆Redfire.Gslay|gg
|c|☆beastyj157|gg already lol
|c|☆beastyj157|ok
|c|☆Redfire.Gslay|Wait
|inactive|beastyj157 has 90 seconds left.
|
|t:|1646776104
|switch|p2a: Tornadus|Tornadus-Therian, M|100/100
|switch|p1a: Victini|Victini|100/100
|
|upkeep
|turn|6
|c|☆Redfire.Gslay|could you forfeit then?
|
|t:|1646776108
|move|p2a: Tornadus|Knock Off|p1a: Victini
|-supereffective|p1a: Victini
|-damage|p1a: Victini|53/100
|-enditem|p1a: Victini|Assault Vest|[from] move: Knock Off|[of] p2a: Tornadus
|move|p1a: Victini|Glaciate|p2a: Tornadus
|-supereffective|p2a: Tornadus
|-damage|p2a: Tornadus|59/100
|-unboost|p2a: Tornadus|spe|1
|
|upkeep
|turn|7
|j| Juseth sepulveda
|c|☆beastyj157|no
|c|☆Redfire.Gslay|Ph
|c|☆Redfire.Gslay|ok
|
|t:|1646776119
|move|p1a: Victini|V-create|p2a: Tornadus
|-damage|p2a: Tornadus|0 fnt
|-unboost|p1a: Victini|spe|1
|-unboost|p1a: Victini|def|1
|-unboost|p1a: Victini|spd|1
|faint|p2a: Tornadus
|
|upkeep
|c|☆Redfire.Gslay|welp
|
|t:|1646776122
|switch|p2a: Blacephalon|Blacephalon|100/100
|turn|8
|
|t:|1646776128
|switch|p1a: Urshifu|Urshifu-Rapid-Strike, F|100/100
|move|p2a: Blacephalon|Shadow Ball|p1a: Urshifu
|-damage|p1a: Urshifu|0 fnt
|faint|p1a: Urshifu
|-ability|p2a: Blacephalon|Beast Boost|boost
|-boost|p2a: Blacephalon|spa|1
|
|upkeep
|c|☆beastyj157|erm
|
|t:|1646776136
|switch|p1a: Clefable|Clefable, M|100/100
|turn|9
|c|☆beastyj157|ig if not shifu weak now
|
|t:|1646776141
|move|p2a: Blacephalon|Shadow Ball|p1a: Clefable
|-crit|p1a: Clefable
|-damage|p1a: Clefable|10/100
|move|p1a: Clefable|Moonblast|p2a: Blacephalon
|-resisted|p2a: Blacephalon
|-damage|p2a: Blacephalon|64/100
|
|-heal|p1a: Clefable|16/100|[from] item: Leftovers
|upkeep
|turn|10
|c|☆beastyj157|dang
|inactive|Redfire.Gslay has 120 seconds left.
|
|t:|1646776188
|switch|p1a: Ferrothorn|Ferrothorn, M|100/100
|move|p2a: Blacephalon|Shadow Ball|p1a: Ferrothorn
|-damage|p1a: Ferrothorn|18/100
|-unboost|p1a: Ferrothorn|spd|1
|
|upkeep
|turn|11
|
|t:|1646776194
|move|p2a: Blacephalon|Shadow Ball|p1a: Ferrothorn
|-damage|p1a: Ferrothorn|0 fnt
|faint|p1a: Ferrothorn
|-ability|p2a: Blacephalon|Beast Boost|boost
|-boost|p2a: Blacephalon|spa|1
|
|upkeep
|
|t:|1646776198
|switch|p1a: Tapu Koko|Tapu Koko|100/100
|-fieldstart|move: Electric Terrain|[from] ability: Electric Surge|[of] p1a: Tapu Koko
|turn|12
|c|☆beastyj157|dang boi
|
|t:|1646776206
|switch|p2a: Landorus|Landorus-Therian, M|100/100
|-ability|p2a: Landorus|Intimidate|boost
|-unboost|p1a: Tapu Koko|atk|1
|move|p1a: Tapu Koko|Thunderbolt|p2a: Landorus
|-immune|p2a: Landorus
|
|upkeep
|turn|13
|
|t:|1646776209
|switch|p1a: Clefable|Clefable, M|16/100
|move|p2a: Landorus|Earthquake|p1a: Clefable
|-damage|p1a: Clefable|0 fnt
|faint|p1a: Clefable
|
|upkeep
|
|t:|1646776213
|switch|p1a: Victini|Victini|53/100
|turn|14
|
|t:|1646776216
|switch|p2a: Weavile|Weavile, F|41/100
|-ability|p2a: Weavile|Pressure
|move|p1a: Victini|Glaciate|p2a: Weavile
|-resisted|p2a: Weavile
|-damage|p2a: Weavile|28/100
|-unboost|p2a: Weavile|spe|1
|
|upkeep
|turn|15
|c|☆beastyj157|oh ye oops
|
|t:|1646776225
|switch|p2a: Clefable|Clefable, M|38/100
|move|p1a: Victini|Scorching Sands|p2a: Clefable
|-damage|p2a: Clefable|24/100
|-status|p2a: Clefable|brn
|
|upkeep
|turn|16
|
|t:|1646776236
|move|p1a: Victini|Expanding Force|p2a: Clefable
|-damage|p2a: Clefable|2/100 brn
|move|p2a: Clefable|Moonblast|p1a: Victini
|-resisted|p1a: Victini
|-damage|p1a: Victini|38/100
|-unboost|p1a: Victini|spa|1
|
|-fieldend|move: Electric Terrain
|upkeep
|turn|17
|
|t:|1646776243
|move|p1a: Victini|Glaciate|p2a: Clefable
|-damage|p2a: Clefable|0 fnt
|faint|p2a: Clefable
|
|upkeep
|
|t:|1646776246
|switch|p2a: Blacephalon|Blacephalon|64/100
|turn|18
|
|t:|1646776250
|move|p2a: Blacephalon|Shadow Ball|p1a: Victini
|-supereffective|p1a: Victini
|-damage|p1a: Victini|0 fnt
|faint|p1a: Victini
|-ability|p2a: Blacephalon|Beast Boost|boost
|-boost|p2a: Blacephalon|spa|1
|
|upkeep
|
|t:|1646776252
|switch|p1a: Tapu Koko|Tapu Koko|100/100
|-fieldstart|move: Electric Terrain|[from] ability: Electric Surge|[of] p1a: Tapu Koko
|turn|19
|
|t:|1646776259
|move|p1a: Tapu Koko|Dazzling Gleam|p2a: Blacephalon
|-resisted|p2a: Blacephalon
|-crit|p2a: Blacephalon
|-damage|p2a: Blacephalon|6/100
|move|p2a: Blacephalon|Shadow Ball|p1a: Tapu Koko
|-damage|p1a: Tapu Koko|0 fnt
|faint|p1a: Tapu Koko
|
|win|beastyj157
|n|☆Redfire.Gslay|redfiregslay
|n|☆beastyj157|beastyj157
|n| TheNewBrends11|thenewbrends11
|n| ladderis5pplonalts|ladderis5pplonalts
|n| Jddjraptor|jddjraptor
|n| Juseth sepulveda|jusethsepulveda
|c|☆beastyj157|gg
|c|☆Redfire.Gslay|Gg
|l|☆Redfire.Gslay
|l| ladderis5pplonalts
|c|☆beastyj157|meme team to finals baby
|l|☆beastyj157
|l| Juseth sepulveda
