|j|☆tpf10
|j|☆gotsnsd
|inactive|Battle timer is ON: inactive players will automatically lose when time's up.
|t:|1664393143
|gametype|singles
|player|p1|tpf10|169|
|player|p2|gotsnsd|beauty-gen2jp|
|teamsize|p1|6
|teamsize|p2|6
|gen|8
|tier|[Gen 8] OU
|rated|Tournament battle
|rule|Sleep Clause Mod: Limit one foe put to sleep
|rule|Species Clause: Limit one of each Pokémon
|rule|OHKO Clause: OHKO moves are banned
|rule|Evasion Items Clause: Evasion items are banned
|rule|Evasion Moves Clause: Evasion moves are banned
|rule|Endless Battle Clause: Forcing endless battles is banned
|rule|HP Percentage Mod: HP is shown in percentages
|rule|Dynamax Clause: You cannot dynamax
|clearpoke
|poke|p1|Tapu Lele|
|poke|p1|Weavile, M|
|poke|p1|Landorus-Therian, M|
|poke|p1|Toxapex, M|
|poke|p1|Tyranitar, M|
|poke|p1|Corviknight, M|
|poke|p2|Nidoking, M|
|poke|p2|Dragapult, M|
|poke|p2|Clefable, M|
|poke|p2|Slowking, F|
|poke|p2|Kartana|
|poke|p2|Rotom-Heat|
|teampreview
|j| Pikablu007
|
|t:|1664393149
|start
|switch|p1a: Landorus|Landorus-Therian, M|100/100
|switch|p2a: Dragapult|Dragapult, M|100/100
|-ability|p1a: Landorus|Intimidate|boost
|-fail|p2a: Dragapult|unboost|[from] ability: Clear Body|[of] p2a: Dragapult
|turn|1
|l| Pikablu007
|j| Pikablu007
|
|t:|1664393157
|switch|p2a: Clefable|Clefable, M|100/100
|move|p1a: Landorus|Toxic|p2a: Clefable
|-status|p2a: Clefable|tox
|
|upkeep
|turn|2
|
|t:|1664393160
|move|p1a: Landorus|Stealth Rock|p2a: Clefable
|-sidestart|p2: gotsnsd|move: Stealth Rock
|move|p2a: Clefable|Knock Off|p1a: Landorus
|-damage|p1a: Landorus|86/100
|-enditem|p1a: Landorus|Leftovers|[from] move: Knock Off|[of] p2a: Clefable
|
|upkeep
|turn|3
|l| Pikablu007
|
|t:|1664393163
|switch|p1a: Corviknight|Corviknight, M, shiny|100/100
|-ability|p1a: Corviknight|Pressure
|move|p2a: Clefable|Stealth Rock|p1a: Corviknight
|-sidestart|p1: tpf10|move: Stealth Rock
|
|upkeep
|turn|4
|
|t:|1664393168
|move|p1a: Corviknight|U-turn|p2a: Clefable
|-resisted|p2a: Clefable
|-damage|p2a: Clefable|94/100 tox
|
|t:|1664393171
|switch|p1a: Toxapex|Toxapex, M|100/100|[from]move: U-turn
|-damage|p1a: Toxapex|88/100|[from] Stealth Rock
|move|p2a: Clefable|Knock Off|p1a: Toxapex
|-damage|p1a: Toxapex|79/100
|-enditem|p1a: Toxapex|Rocky Helmet|[from] move: Knock Off|[of] p2a: Clefable
|
|-heal|p2a: Clefable|99/100 tox|[from] item: Leftovers
|upkeep
|turn|5
|
|t:|1664393177
|move|p2a: Clefable|Moonblast|p1a: Toxapex
|-resisted|p1a: Toxapex
|-damage|p1a: Toxapex|66/100
|move|p1a: Toxapex|Scald|p2a: Clefable
|-damage|p2a: Clefable|86/100 tox
|
|-heal|p2a: Clefable|92/100 tox|[from] item: Leftovers
|upkeep
|turn|6
|
|t:|1664393180
|move|p2a: Clefable|Moonblast|p1a: Toxapex
|-resisted|p1a: Toxapex
|-damage|p1a: Toxapex|53/100
|move|p1a: Toxapex|Toxic Spikes|p2a: Clefable
|-sidestart|p2: gotsnsd|move: Toxic Spikes
|
|-heal|p2a: Clefable|98/100 tox|[from] item: Leftovers
|upkeep
|turn|7
|
|t:|1664393183
|switch|p2a: Nidoking|Nidoking, M|100/100
|-damage|p2a: Nidoking|95/100|[from] Stealth Rock
|-sideend|p2: gotsnsd|move: Toxic Spikes|[of] p2a: Nidoking
|move|p1a: Toxapex|Recover|p1a: Toxapex
|-heal|p1a: Toxapex|100/100
|
|upkeep
|turn|8
|
|t:|1664393189
|switch|p1a: Corviknight|Corviknight, M, shiny|100/100
|-damage|p1a: Corviknight|88/100|[from] Stealth Rock
|-ability|p1a: Corviknight|Pressure
|move|p2a: Nidoking|Earth Power|p1a: Corviknight
|-immune|p1a: Corviknight
|
|upkeep
|turn|9
|
|t:|1664393194
|switch|p2a: Dragapult|Dragapult, M|100/100
|-damage|p2a: Dragapult|88/100|[from] Stealth Rock
|move|p1a: Corviknight|Body Press|p2a: Dragapult
|-immune|p2a: Dragapult
|
|upkeep
|turn|10
|
|t:|1664393203
|move|p2a: Dragapult|U-turn|p1a: Corviknight
|-resisted|p1a: Corviknight
|-damage|p1a: Corviknight|83/100
|
|t:|1664393215
|switch|p2a: Clefable|Clefable, M|98/100 tox|[from]move: U-turn
|move|p1a: Corviknight|U-turn|p2a: Clefable
|-resisted|p2a: Clefable
|-damage|p2a: Clefable|92/100 tox
|
|t:|1664393221
|switch|p1a: Tyranitar|Tyranitar, M|100/100|[from]move: U-turn
|-damage|p1a: Tyranitar|88/100|[from] Stealth Rock
|-weather|Sandstorm|[from] ability: Sand Stream|[of] p1a: Tyranitar
|
|-weather|Sandstorm|[upkeep]
|-heal|p2a: Clefable|98/100 tox|[from] item: Leftovers
|upkeep
|turn|11
|
|t:|1664393228
|move|p1a: Tyranitar|Stone Edge|p2a: Clefable
|-damage|p2a: Clefable|22/100 tox
|move|p2a: Clefable|Knock Off|p1a: Tyranitar
|-resisted|p1a: Tyranitar
|-damage|p1a: Tyranitar|83/100
|-enditem|p1a: Tyranitar|Choice Band|[from] move: Knock Off|[of] p2a: Clefable
|
|-weather|Sandstorm|[upkeep]
|-heal|p2a: Clefable|28/100 tox|[from] item: Leftovers
|upkeep
|turn|12
|j| svenno
|
|t:|1664393239
|switch|p2a: Kartana|Kartana|100/100
|-damage|p2a: Kartana|94/100|[from] Stealth Rock
|move|p1a: Tyranitar|Stone Edge|p2a: Kartana
|-resisted|p2a: Kartana
|-damage|p2a: Kartana|65/100
|
|-weather|Sandstorm|[upkeep]
|upkeep
|turn|13
|
|t:|1664393256
|switch|p1a: Landorus|Landorus-Therian, M|86/100
|-damage|p1a: Landorus|73/100|[from] Stealth Rock
|-ability|p1a: Landorus|Intimidate|boost
|-unboost|p2a: Kartana|atk|1
|move|p2a: Kartana|Sacred Sword|p1a: Landorus
|-resisted|p1a: Landorus
|-damage|p1a: Landorus|61/100
|
|-weather|Sandstorm|[upkeep]
|upkeep
|turn|14
|j| Forwards
|
|t:|1664393274
|move|p2a: Kartana|Toxic|p1a: Landorus
|-status|p1a: Landorus|tox
|move|p1a: Landorus|Earthquake|p2a: Kartana
|-damage|p2a: Kartana|19/100
|
|-weather|none
|-damage|p1a: Landorus|55/100 tox|[from] psn
|upkeep
|turn|15
|l| Forwards
|
|t:|1664393286
|switch|p2a: Rotom|Rotom-Heat|100/100
|move|p1a: Landorus|U-turn|p2a: Rotom
|-resisted|p2a: Rotom
|-damage|p2a: Rotom|88/100
|
|t:|1664393290
|switch|p1a: Tapu Lele|Tapu Lele|100/100|[from]move: U-turn
|-damage|p1a: Tapu Lele|88/100|[from] Stealth Rock
|-fieldstart|move: Psychic Terrain|[from] ability: Psychic Surge|[of] p1a: Tapu Lele
|
|upkeep
|turn|16
|
|t:|1664393299
|switch|p2a: Slowking|Slowking, F|100/100
|-damage|p2a: Slowking|88/100|[from] Stealth Rock
|move|p1a: Tapu Lele|Psychic|p2a: Slowking
|-resisted|p2a: Slowking
|-damage|p2a: Slowking|62/100
|
|upkeep
|turn|17
|
|t:|1664393303
|move|p1a: Tapu Lele|Thunderbolt|p2a: Slowking
|-supereffective|p2a: Slowking
|-damage|p2a: Slowking|20/100
|move|p2a: Slowking|Teleport|p2a: Slowking
|
|t:|1664393310
|switch|p2a: Dragapult|Dragapult, M|88/100|[from]move: Teleport
|-damage|p2a: Dragapult|76/100|[from] Stealth Rock
|
|upkeep
|turn|18
|
|t:|1664393314
|switch|p1a: Corviknight|Corviknight, M, shiny|83/100
|-damage|p1a: Corviknight|70/100|[from] Stealth Rock
|-ability|p1a: Corviknight|Pressure
|move|p2a: Dragapult|U-turn|p1a: Corviknight
|-resisted|p1a: Corviknight
|-damage|p1a: Corviknight|65/100
|
|t:|1664393320
|switch|p2a: Rotom|Rotom-Heat|88/100|[from]move: U-turn
|
|upkeep
|turn|19
|l| svenno
|
|t:|1664393326
|switch|p1a: Toxapex|Toxapex, M|100/100
|-damage|p1a: Toxapex|88/100|[from] Stealth Rock
|move|p2a: Rotom|Overheat|p1a: Toxapex
|-resisted|p1a: Toxapex
|-damage|p1a: Toxapex|68/100
|-unboost|p2a: Rotom|spa|2
|
|-fieldend|move: Psychic Terrain
|upkeep
|turn|20
|
|t:|1664393332
|move|p2a: Rotom|Nasty Plot|p2a: Rotom
|-boost|p2a: Rotom|spa|2
|move|p1a: Toxapex|Toxic Spikes|p2a: Rotom
|-sidestart|p2: gotsnsd|move: Toxic Spikes
|
|upkeep
|turn|21
|
|t:|1664393334
|move|p2a: Rotom|Discharge|p1a: Toxapex
|-supereffective|p1a: Toxapex
|-damage|p1a: Toxapex|20/100
|move|p1a: Toxapex|Haze|p1a: Toxapex
|-clearallboost
|
|upkeep
|turn|22
|
|t:|1664393340
|move|p2a: Rotom|Overheat|p1a: Toxapex
|-resisted|p1a: Toxapex
|-damage|p1a: Toxapex|0 fnt
|-unboost|p2a: Rotom|spa|2
|faint|p1a: Toxapex
|
|upkeep
|
|t:|1664393344
|switch|p1a: Tyranitar|Tyranitar, M|83/100
|-damage|p1a: Tyranitar|70/100|[from] Stealth Rock
|-weather|Sandstorm|[from] ability: Sand Stream|[of] p1a: Tyranitar
|turn|23
|
|t:|1664393355
|switch|p2a: Nidoking|Nidoking, M|95/100
|-damage|p2a: Nidoking|89/100|[from] Stealth Rock
|-sideend|p2: gotsnsd|move: Toxic Spikes|[of] p2a: Nidoking
|move|p1a: Tyranitar|Stone Edge|p2a: Nidoking|[miss]
|-miss|p1a: Tyranitar|p2a: Nidoking
|
|-weather|Sandstorm|[upkeep]
|upkeep
|turn|24
|
|t:|1664393370
|switch|p1a: Corviknight|Corviknight, M, shiny|65/100
|-damage|p1a: Corviknight|53/100|[from] Stealth Rock
|-ability|p1a: Corviknight|Pressure
|move|p2a: Nidoking|Earth Power|p1a: Corviknight
|-immune|p1a: Corviknight
|
|-weather|Sandstorm|[upkeep]
|upkeep
|turn|25
|
|t:|1664393372
|move|p2a: Nidoking|Flamethrower|p1a: Corviknight
|-supereffective|p1a: Corviknight
|-damage|p1a: Corviknight|0 fnt
|faint|p1a: Corviknight
|
|-weather|Sandstorm|[upkeep]
|upkeep
|
|t:|1664393378
|switch|p1a: Tapu Lele|Tapu Lele|88/100
|-damage|p1a: Tapu Lele|76/100|[from] Stealth Rock
|-fieldstart|move: Psychic Terrain|[from] ability: Psychic Surge|[of] p1a: Tapu Lele
|turn|26
|
|t:|1664393383
|move|p1a: Tapu Lele|Psychic|p2a: Nidoking
|-supereffective|p2a: Nidoking
|-damage|p2a: Nidoking|0 fnt
|faint|p2a: Nidoking
|
|-weather|Sandstorm|[upkeep]
|-damage|p1a: Tapu Lele|70/100|[from] Sandstorm
|upkeep
|
|t:|1664393397
|switch|p2a: Kartana|Kartana|19/100
|-damage|p2a: Kartana|13/100|[from] Stealth Rock
|turn|27
|
|t:|1664393404
|switch|p1a: Landorus|Landorus-Therian, M|55/100 tox
|-damage|p1a: Landorus|43/100 tox|[from] Stealth Rock
|-ability|p1a: Landorus|Intimidate|boost
|-unboost|p2a: Kartana|atk|1
|move|p2a: Kartana|Leaf Blade|p1a: Landorus
|-damage|p1a: Landorus|7/100 tox
|
|-weather|none
|-damage|p1a: Landorus|1/100 tox|[from] psn
|upkeep
|turn|28
|
|t:|1664393409
|move|p2a: Kartana|Leaf Blade|p1a: Landorus
|-damage|p1a: Landorus|0 fnt
|faint|p1a: Landorus
|-ability|p2a: Kartana|Beast Boost|boost
|-boost|p2a: Kartana|atk|1
|
|upkeep
|
|t:|1664393413
|switch|p1a: Weavile|Weavile, M|100/100
|-ability|p1a: Weavile|Pressure
|turn|29
|
|t:|1664393423
|move|p1a: Weavile|Knock Off|p2a: Kartana
|-damage|p2a: Kartana|0 fnt
|-enditem|p2a: Kartana|Expert Belt|[from] move: Knock Off|[of] p1a: Weavile
|faint|p2a: Kartana
|
|upkeep
|
|t:|1664393428
|switch|p2a: Dragapult|Dragapult, M|76/100
|-damage|p2a: Dragapult|64/100|[from] Stealth Rock
|turn|30
|
|t:|1664393431
|switch|p1a: Tyranitar|Tyranitar, M|70/100
|-damage|p1a: Tyranitar|58/100|[from] Stealth Rock
|-weather|Sandstorm|[from] ability: Sand Stream|[of] p1a: Tyranitar
|move|p2a: Dragapult|U-turn|p1a: Tyranitar
|-supereffective|p1a: Tyranitar
|-damage|p1a: Tyranitar|1/100
|
|t:|1664393436
|switch|p2a: Rotom|Rotom-Heat|88/100|[from]move: U-turn
|
|-weather|Sandstorm|[upkeep]
|-damage|p2a: Rotom|82/100|[from] Sandstorm
|-fieldend|move: Psychic Terrain
|upkeep
|turn|31
|
|t:|1664393442
|move|p2a: Rotom|Discharge|p1a: Tyranitar
|-damage|p1a: Tyranitar|0 fnt
|faint|p1a: Tyranitar
|
|-weather|Sandstorm|[upkeep]
|-damage|p2a: Rotom|76/100|[from] Sandstorm
|upkeep
|
|t:|1664393446
|switch|p1a: Tapu Lele|Tapu Lele|70/100
|-damage|p1a: Tapu Lele|57/100|[from] Stealth Rock
|-fieldstart|move: Psychic Terrain|[from] ability: Psychic Surge|[of] p1a: Tapu Lele
|turn|32
|
|t:|1664393468
|switch|p2a: Clefable|Clefable, M|28/100 tox
|move|p1a: Tapu Lele|Psychic|p2a: Clefable
|-damage|p2a: Clefable|0 fnt
|faint|p2a: Clefable
|
|-weather|Sandstorm|[upkeep]
|-damage|p1a: Tapu Lele|51/100|[from] Sandstorm
|upkeep
|
|t:|1664393474
|switch|p2a: Dragapult|Dragapult, M|64/100
|-damage|p2a: Dragapult|51/100|[from] Stealth Rock
|turn|33
|
|t:|1664393479
|move|p2a: Dragapult|U-turn|p1a: Tapu Lele
|-damage|p1a: Tapu Lele|2/100
|
|t:|1664393483
|switch|p2a: Slowking|Slowking, F|54/100|[from]move: U-turn
|-damage|p2a: Slowking|42/100|[from] Stealth Rock
|move|p1a: Tapu Lele|Psychic|p2a: Slowking
|-resisted|p2a: Slowking
|-damage|p2a: Slowking|16/100
|
|-weather|Sandstorm|[upkeep]
|-damage|p1a: Tapu Lele|0 fnt|[from] Sandstorm
|-damage|p2a: Slowking|10/100|[from] Sandstorm
|faint|p1a: Tapu Lele
|upkeep
|
|t:|1664393486
|switch|p1a: Weavile|Weavile, M|100/100
|-ability|p1a: Weavile|Pressure
|turn|34
|
|t:|1664393489
|move|p1a: Weavile|Swords Dance|p1a: Weavile
|-boost|p1a: Weavile|atk|2
|move|p2a: Slowking|Scald|p1a: Weavile
|-damage|p1a: Weavile|64/100
|
|-weather|none
|upkeep
|turn|35
|
|t:|1664393492
|move|p1a: Weavile|Knock Off|p2a: Slowking
|-supereffective|p2a: Slowking
|-damage|p2a: Slowking|0 fnt
|-enditem|p2a: Slowking|Shed Shell|[from] move: Knock Off|[of] p1a: Weavile
|faint|p2a: Slowking
|
|upkeep
|
|t:|1664393494
|switch|p2a: Dragapult|Dragapult, M|51/100
|-damage|p2a: Dragapult|39/100|[from] Stealth Rock
|turn|36
|
|t:|1664393496
|move|p1a: Weavile|Ice Shard|p2a: Dragapult
|-activate|p2a: Dragapult|move: Psychic Terrain
|move|p2a: Dragapult|Dragon Darts|p1a: Weavile
|-damage|p1a: Weavile|0 fnt
|faint|p1a: Weavile
|
|win|gotsnsd
|n|☆tpf10|tpf10
|n|☆gotsnsd|gotsnsd
|l|☆tpf10
|l|☆gotsnsd
|j|☆gotsnsd
|player|p2|gotsnsd|beauty-gen2jp
