|j|☆Delibird Heart
|j|☆Libaa
|t:|1652553296
|gametype|singles
|player|p1|Delibird Heart|guitarist-gen4|1667
|player|p2|Libaa|bianca-pwt|1701
|teamsize|p1|6
|teamsize|p2|6
|gen|8
|tier|[Gen 8] OU
|rated|
|rule|Sleep Clause Mod: Limit one foe put to sleep
|rule|Species Clause: Limit one of each Pokémon
|rule|OHKO Clause: OHKO moves are banned
|rule|Evasion Moves Clause: Evasion moves are banned
|rule|Endless Battle Clause: Forcing endless battles is banned
|rule|HP Percentage Mod: HP is shown in percentages
|rule|Dynamax Clause: You cannot dynamax
|clearpoke
|poke|p1|Ninetales-Alola, F|
|poke|p1|Arctozolt|
|poke|p1|Blissey, F|
|poke|p1|Zapdos|
|poke|p1|Garchomp, M|
|poke|p1|Ferrothorn, F|
|poke|p2|Hatterene, F|
|poke|p2|Volcanion|
|poke|p2|Landorus-Therian, M|
|poke|p2|Ferrothorn, M|
|poke|p2|Toxapex, F|
|poke|p2|Dragapult, F|
|teampreview
|inactive|Battle timer is ON: inactive players will automatically lose when time's up. (requested by Delibird Heart)
|
|t:|1652553306
|start
|switch|p1a: Garchomp|Garchomp, M|100/100
|switch|p2a: Ring of Death|Volcanion|100/100
|turn|1
|
|t:|1652553310
|switch|p2a: Femboy Libra|Hatterene, F|100/100
|move|p1a: Garchomp|Earthquake|p2a: Femboy Libra
|-damage|p2a: Femboy Libra|66/100
|
|-heal|p2a: Femboy Libra|72/100|[from] item: Leftovers
|upkeep
|turn|2
|
|t:|1652553321
|move|p1a: Garchomp|Earthquake|p2a: Femboy Libra
|-damage|p2a: Femboy Libra|34/100
|move|p2a: Femboy Libra|Calm Mind|p2a: Femboy Libra
|-boost|p2a: Femboy Libra|spa|1
|-boost|p2a: Femboy Libra|spd|1
|
|-heal|p2a: Femboy Libra|41/100|[from] item: Leftovers
|upkeep
|turn|3
|
|t:|1652553330
|move|p1a: Garchomp|Earthquake|p2a: Femboy Libra
|-damage|p2a: Femboy Libra|4/100
|move|p2a: Femboy Libra|Draining Kiss|p1a: Garchomp
|-supereffective|p1a: Garchomp
|-damage|p1a: Garchomp|33/100
|-heal|p2a: Femboy Libra|74/100|[from] drain|[of] p1a: Garchomp
|-damage|p2a: Femboy Libra|62/100|[from] ability: Rough Skin|[of] p1a: Garchomp
|-damage|p2a: Femboy Libra|45/100|[from] item: Rocky Helmet|[of] p1a: Garchomp
|
|-heal|p2a: Femboy Libra|51/100|[from] item: Leftovers
|upkeep
|turn|4
|j| Pangominho
|l| Pangominho
|
|t:|1652553343
|switch|p1a: Blissey|Blissey, F|100/100
|move|p2a: Femboy Libra|Draining Kiss|p1a: Blissey
|-damage|p1a: Blissey|89/100
|-heal|p2a: Femboy Libra|73/100|[from] drain|[of] p1a: Blissey
|
|-heal|p2a: Femboy Libra|79/100|[from] item: Leftovers
|upkeep
|turn|5
|
|t:|1652553346
|move|p1a: Blissey|Seismic Toss|p2a: Femboy Libra
|-damage|p2a: Femboy Libra|46/100
|move|p2a: Femboy Libra|Psyshock|p1a: Blissey
|-damage|p1a: Blissey|46/100
|
|-heal|p2a: Femboy Libra|52/100|[from] item: Leftovers
|upkeep
|turn|6
|
|t:|1652553351
|move|p1a: Blissey|Soft-Boiled|p1a: Blissey
|-heal|p1a: Blissey|96/100
|move|p2a: Femboy Libra|Psyshock|p1a: Blissey
|-damage|p1a: Blissey|52/100
|
|-heal|p2a: Femboy Libra|58/100|[from] item: Leftovers
|upkeep
|turn|7
|
|t:|1652553355
|move|p1a: Blissey|Soft-Boiled|p1a: Blissey
|-heal|p1a: Blissey|100/100
|move|p2a: Femboy Libra|Psyshock|p1a: Blissey
|-damage|p1a: Blissey|57/100
|
|-heal|p2a: Femboy Libra|65/100|[from] item: Leftovers
|upkeep
|turn|8
|
|t:|1652553359
|switch|p2a: Spærm kanon|Dragapult, F|100/100
|move|p1a: Blissey|Soft-Boiled|p1a: Blissey
|-heal|p1a: Blissey|100/100
|
|upkeep
|turn|9
|
|t:|1652553363
|move|p2a: Spærm kanon|U-turn|p1a: Blissey
|-damage|p1a: Blissey|86/100
|
|t:|1652553364
|switch|p2a: Spiki boi|Ferrothorn, M|100/100|[from]move: U-turn
|move|p1a: Blissey|Toxic|p2a: Spiki boi
|-immune|p2a: Spiki boi
|
|upkeep
|turn|10
|
|t:|1652553369
|switch|p1a: Garchomp|Garchomp, M|33/100
|move|p2a: Spiki boi|Spikes|p1a: Garchomp
|-sidestart|p1: Delibird Heart|Spikes
|
|upkeep
|turn|11
|
|t:|1652553373
|switch|p2a: Literally OU|Landorus-Therian, M|100/100
|-ability|p2a: Literally OU|Intimidate|boost
|-unboost|p1a: Garchomp|atk|1
|move|p1a: Garchomp|Earthquake|p2a: Literally OU
|-immune|p2a: Literally OU
|
|upkeep
|turn|12
|
|t:|1652553382
|switch|p2a: Femboy Libra|Hatterene, F|65/100
|move|p1a: Garchomp|Rest|p1a: Garchomp
|-status|p1a: Garchomp|slp|[from] move: Rest
|-heal|p1a: Garchomp|100/100 slp|[silent]
|
|-heal|p2a: Femboy Libra|71/100|[from] item: Leftovers
|upkeep
|turn|13
|
|t:|1652553385
|switch|p1a: Ferrothorn|Ferrothorn, F|100/100
|-damage|p1a: Ferrothorn|88/100|[from] Spikes
|move|p2a: Femboy Libra|Calm Mind|p2a: Femboy Libra
|-boost|p2a: Femboy Libra|spa|1
|-boost|p2a: Femboy Libra|spd|1
|
|-heal|p2a: Femboy Libra|77/100|[from] item: Leftovers
|-heal|p1a: Ferrothorn|94/100|[from] item: Leftovers
|upkeep
|turn|14
|
|t:|1652553387
|switch|p1a: Blissey|Blissey, F|86/100
|move|p2a: Femboy Libra|Mystical Fire|p1a: Blissey
|-damage|p1a: Blissey|75/100
|-unboost|p1a: Blissey|spa|1
|
|-heal|p2a: Femboy Libra|83/100|[from] item: Leftovers
|upkeep
|turn|15
|j| gerald.jones061
|
|t:|1652553390
|move|p1a: Blissey|Seismic Toss|p2a: Femboy Libra
|-damage|p2a: Femboy Libra|50/100
|move|p2a: Femboy Libra|Psyshock|p1a: Blissey
|-damage|p1a: Blissey|29/100
|
|-heal|p2a: Femboy Libra|57/100|[from] item: Leftovers
|upkeep
|turn|16
|
|t:|1652553393
|move|p1a: Blissey|Soft-Boiled|p1a: Blissey
|-heal|p1a: Blissey|79/100
|move|p2a: Femboy Libra|Psyshock|p1a: Blissey
|-damage|p1a: Blissey|30/100
|
|-heal|p2a: Femboy Libra|63/100|[from] item: Leftovers
|upkeep
|turn|17
|
|t:|1652553395
|move|p1a: Blissey|Soft-Boiled|p1a: Blissey
|-heal|p1a: Blissey|80/100
|move|p2a: Femboy Libra|Calm Mind|p2a: Femboy Libra
|-boost|p2a: Femboy Libra|spa|1
|-boost|p2a: Femboy Libra|spd|1
|
|-heal|p2a: Femboy Libra|69/100|[from] item: Leftovers
|upkeep
|turn|18
|c|☆Delibird Heart|ban this mon fr
|c|☆Delibird Heart|so annoying
|
|t:|1652553410
|move|p2a: Femboy Libra|Psyshock|p1a: Blissey
|-damage|p1a: Blissey|21/100
|move|p1a: Blissey|Teleport|p1a: Blissey
|c|☆Libaa|xD
|
|t:|1652553412
|switch|p1a: Arctozolt|Arctozolt|100/100|[from]move: Teleport
|-damage|p1a: Arctozolt|88/100|[from] Spikes
|
|-heal|p2a: Femboy Libra|75/100|[from] item: Leftovers
|upkeep
|turn|19
|
|t:|1652553415
|switch|p2a: Spiki boi|Ferrothorn, M|100/100
|move|p1a: Arctozolt|Icicle Crash|p2a: Spiki boi
|-damage|p2a: Spiki boi|67/100
|-damage|p1a: Arctozolt|78/100|[from] item: Life Orb
|
|-heal|p2a: Spiki boi|74/100|[from] item: Leftovers
|upkeep
|turn|20
|
|t:|1652553421
|switch|p1a: Blissey|Blissey, F|21/100
|move|p2a: Spiki boi|Leech Seed|p1a: Blissey
|-start|p1a: Blissey|move: Leech Seed
|
|-heal|p2a: Spiki boi|80/100|[from] item: Leftovers
|-damage|p1a: Blissey|8/100|[from] Leech Seed|[of] p2a: Spiki boi
|-heal|p2a: Spiki boi|100/100|[silent]
|upkeep
|turn|21
|
|t:|1652553423
|move|p1a: Blissey|Soft-Boiled|p1a: Blissey
|-heal|p1a: Blissey|58/100
|move|p2a: Spiki boi|Knock Off|p1a: Blissey
|-damage|p1a: Blissey|40/100
|-enditem|p1a: Blissey|Heavy-Duty Boots|[from] move: Knock Off|[of] p2a: Spiki boi
|
|-damage|p1a: Blissey|27/100|[from] Leech Seed|[of] p2a: Spiki boi
|upkeep
|turn|22
|
|t:|1652553426
|move|p1a: Blissey|Soft-Boiled|p1a: Blissey
|-heal|p1a: Blissey|77/100
|move|p2a: Spiki boi|Spikes|p1a: Blissey
|-sidestart|p1: Delibird Heart|Spikes
|
|-damage|p1a: Blissey|65/100|[from] Leech Seed|[of] p2a: Spiki boi
|upkeep
|turn|23
|
|t:|1652553432
|switch|p1a: Zapdos|Zapdos|100/100
|move|p2a: Spiki boi|Knock Off|p1a: Zapdos
|-damage|p1a: Zapdos|85/100
|-enditem|p1a: Zapdos|Heavy-Duty Boots|[from] move: Knock Off|[of] p2a: Spiki boi
|
|upkeep
|turn|24
|
|t:|1652553437
|move|p1a: Zapdos|Defog|p2a: Spiki boi
|-unboost|p2a: Spiki boi|evasion|1
|-sideend|p1: Delibird Heart|Spikes|[from] move: Defog|[of] p1a: Zapdos
|move|p2a: Spiki boi|Leech Seed|p1a: Zapdos
|-start|p1a: Zapdos|move: Leech Seed
|
|-damage|p1a: Zapdos|73/100|[from] Leech Seed|[of] p2a: Spiki boi
|upkeep
|turn|25
|
|t:|1652553443
|switch|p1a: Ninetales|Ninetales-Alola, F|100/100
|-weather|Hail|[from] ability: Snow Warning|[of] p1a: Ninetales
|switch|p2a: Femboy Libra|Hatterene, F|75/100
|
|-weather|Hail|[upkeep]
|-damage|p2a: Femboy Libra|69/100|[from] Hail
|-heal|p2a: Femboy Libra|75/100|[from] item: Leftovers
|upkeep
|turn|26
|
|t:|1652553452
|switch|p1a: Blissey|Blissey, F|65/100
|switch|p2a: Spiki boi|Ferrothorn, M|100/100
|
|-weather|Hail|[upkeep]
|-damage|p1a: Blissey|58/100|[from] Hail
|-damage|p2a: Spiki boi|94/100|[from] Hail
|-heal|p2a: Spiki boi|100/100|[from] item: Leftovers
|upkeep
|turn|27
|
|t:|1652553458
|switch|p1a: Ferrothorn|Ferrothorn, F|94/100
|move|p2a: Spiki boi|Leech Seed|p1a: Ferrothorn
|-immune|p1a: Ferrothorn
|
|-weather|Hail|[upkeep]
|-damage|p1a: Ferrothorn|88/100|[from] Hail
|-damage|p2a: Spiki boi|94/100|[from] Hail
|-heal|p1a: Ferrothorn|94/100|[from] item: Leftovers
|-heal|p2a: Spiki boi|100/100|[from] item: Leftovers
|upkeep
|turn|28
|
|t:|1652553459
|switch|p2a: Femboy Libra|Hatterene, F|75/100
|move|p1a: Ferrothorn|Knock Off|p2a: Femboy Libra
|-damage|p2a: Femboy Libra|57/100
|-enditem|p2a: Femboy Libra|Leftovers|[from] move: Knock Off|[of] p1a: Ferrothorn
|
|-weather|Hail|[upkeep]
|-damage|p2a: Femboy Libra|50/100|[from] Hail
|-damage|p1a: Ferrothorn|88/100|[from] Hail
|-heal|p1a: Ferrothorn|94/100|[from] item: Leftovers
|upkeep
|turn|29
|
|t:|1652553465
|switch|p1a: Blissey|Blissey, F|58/100
|move|p2a: Femboy Libra|Mystical Fire|p1a: Blissey
|-damage|p1a: Blissey|50/100
|-unboost|p1a: Blissey|spa|1
|
|-weather|Hail|[upkeep]
|-damage|p1a: Blissey|44/100|[from] Hail
|-damage|p2a: Femboy Libra|44/100|[from] Hail
|upkeep
|turn|30
|
|t:|1652553469
|switch|p2a: Spiki boi|Ferrothorn, M|100/100
|move|p1a: Blissey|Soft-Boiled|p1a: Blissey
|-heal|p1a: Blissey|94/100
|
|-weather|Hail|[upkeep]
|-damage|p1a: Blissey|88/100|[from] Hail
|-damage|p2a: Spiki boi|94/100|[from] Hail
|-heal|p2a: Spiki boi|100/100|[from] item: Leftovers
|upkeep
|turn|31
|
|t:|1652553473
|move|p2a: Spiki boi|Spikes|p1a: Blissey
|-sidestart|p1: Delibird Heart|Spikes
|move|p1a: Blissey|Teleport|p1a: Blissey
|
|t:|1652553477
|switch|p1a: Zapdos|Zapdos|73/100|[from]move: Teleport
|
|-weather|Hail|[upkeep]
|-damage|p1a: Zapdos|67/100|[from] Hail
|-damage|p2a: Spiki boi|94/100|[from] Hail
|-heal|p2a: Spiki boi|100/100|[from] item: Leftovers
|upkeep
|turn|32
|
|t:|1652553480
|switch|p2a: Spærm kanon|Dragapult, F|100/100
|move|p1a: Zapdos|Defog|p2a: Spærm kanon
|-unboost|p2a: Spærm kanon|evasion|1
|-sideend|p1: Delibird Heart|Spikes|[from] move: Defog|[of] p1a: Zapdos
|
|-weather|none
|upkeep
|turn|33
|
|t:|1652553485
|switch|p2a: Spiki boi|Ferrothorn, M|100/100
|switch|p1a: Blissey|Blissey, F|88/100
|
|upkeep
|turn|34
|
|t:|1652553490
|switch|p1a: Garchomp|Garchomp, M|100/100 slp
|move|p2a: Spiki boi|Spikes|p1a: Garchomp
|-sidestart|p1: Delibird Heart|Spikes
|
|upkeep
|turn|35
|
|t:|1652553492
|switch|p2a: Femboy Libra|Hatterene, F|44/100
|cant|p1a: Garchomp|slp
|
|upkeep
|turn|36
|
|t:|1652553504
|cant|p1a: Garchomp|slp
|move|p2a: Femboy Libra|Draining Kiss|p1a: Garchomp
|-supereffective|p1a: Garchomp
|-damage|p1a: Garchomp|59/100 slp
|-heal|p2a: Femboy Libra|88/100|[from] drain|[of] p1a: Garchomp
|-damage|p2a: Femboy Libra|75/100|[from] ability: Rough Skin|[of] p1a: Garchomp
|-damage|p2a: Femboy Libra|59/100|[from] item: Rocky Helmet|[of] p1a: Garchomp
|
|upkeep
|turn|37
|
|t:|1652553507
|-curestatus|p1a: Garchomp|slp|[msg]
|move|p1a: Garchomp|Earthquake|p2a: Femboy Libra
|-damage|p2a: Femboy Libra|24/100
|move|p2a: Femboy Libra|Draining Kiss|p1a: Garchomp
|-supereffective|p1a: Garchomp
|-damage|p1a: Garchomp|13/100
|-heal|p2a: Femboy Libra|72/100|[from] drain|[of] p1a: Garchomp
|-damage|p2a: Femboy Libra|59/100|[from] ability: Rough Skin|[of] p1a: Garchomp
|-damage|p2a: Femboy Libra|43/100|[from] item: Rocky Helmet|[of] p1a: Garchomp
|
|upkeep
|turn|38
|
|t:|1652553519
|move|p1a: Garchomp|Earthquake|p2a: Femboy Libra
|-damage|p2a: Femboy Libra|4/100
|move|p2a: Femboy Libra|Draining Kiss|p1a: Garchomp
|-supereffective|p1a: Garchomp
|-damage|p1a: Garchomp|0 fnt
|-heal|p2a: Femboy Libra|17/100|[from] drain|[of] p1a: Garchomp
|-damage|p2a: Femboy Libra|4/100|[from] ability: Rough Skin|[of] p1a: Garchomp
|-damage|p2a: Femboy Libra|0 fnt|[from] item: Rocky Helmet|[of] p1a: Garchomp
|faint|p1a: Garchomp
|faint|p2a: Femboy Libra
|
|upkeep
|
|t:|1652553534
|switch|p1a: Blissey|Blissey, F|88/100
|switch|p2a: Spærm kanon|Dragapult, F|100/100
|-damage|p1a: Blissey|75/100|[from] Spikes
|turn|39
|
|t:|1652553538
|move|p2a: Spærm kanon|U-turn|p1a: Blissey
|-damage|p1a: Blissey|62/100
|
|t:|1652553540
|switch|p2a: Spiki boi|Ferrothorn, M|100/100|[from]move: U-turn
|move|p1a: Blissey|Teleport|p1a: Blissey
|
|t:|1652553542
|switch|p1a: Zapdos|Zapdos|67/100|[from]move: Teleport
|
|upkeep
|turn|40
|
|t:|1652553547
|switch|p2a: Literally OU|Landorus-Therian, M|100/100
|-ability|p2a: Literally OU|Intimidate|boost
|-unboost|p1a: Zapdos|atk|1
|move|p1a: Zapdos|Defog|p2a: Literally OU
|-unboost|p2a: Literally OU|evasion|1
|-sideend|p1: Delibird Heart|Spikes|[from] move: Defog|[of] p1a: Zapdos
|
|upkeep
|turn|41
|
|t:|1652553550
|switch|p1a: Ninetales|Ninetales-Alola, F|100/100
|-weather|Hail|[from] ability: Snow Warning|[of] p1a: Ninetales
|move|p2a: Literally OU|Stealth Rock|p1a: Ninetales
|-sidestart|p1: Delibird Heart|move: Stealth Rock
|
|-weather|Hail|[upkeep]
|-damage|p2a: Literally OU|94/100|[from] Hail
|-heal|p2a: Literally OU|100/100|[from] item: Leftovers
|upkeep
|turn|42
|
|t:|1652553558
|switch|p1a: Ferrothorn|Ferrothorn, F|94/100
|-damage|p1a: Ferrothorn|88/100|[from] Stealth Rock
|switch|p2a: Spiki boi|Ferrothorn, M|100/100
|
|-weather|Hail|[upkeep]
|-damage|p1a: Ferrothorn|82/100|[from] Hail
|-damage|p2a: Spiki boi|94/100|[from] Hail
|-heal|p1a: Ferrothorn|88/100|[from] item: Leftovers
|-heal|p2a: Spiki boi|100/100|[from] item: Leftovers
|upkeep
|turn|43
|
|t:|1652553562
|switch|p2a: Ring of Death|Volcanion|100/100
|move|p1a: Ferrothorn|Spikes|p2a: Ring of Death
|-sidestart|p2: Libaa|Spikes
|
|-weather|Hail|[upkeep]
|-damage|p2a: Ring of Death|95/100|[from] Hail
|-damage|p1a: Ferrothorn|82/100|[from] Hail
|-heal|p1a: Ferrothorn|88/100|[from] item: Leftovers
|upkeep
|turn|44
|
|t:|1652553567
|move|p2a: Ring of Death|Flamethrower|p1a: Ferrothorn
|-supereffective|p1a: Ferrothorn
|-damage|p1a: Ferrothorn|0 fnt
|faint|p1a: Ferrothorn
|
|-weather|Hail|[upkeep]
|-damage|p2a: Ring of Death|89/100|[from] Hail
|upkeep
|
|t:|1652553569
|switch|p1a: Blissey|Blissey, F|62/100
|-damage|p1a: Blissey|49/100|[from] Stealth Rock
|turn|45
|
|t:|1652553572
|switch|p2a: Spiki boi|Ferrothorn, M|100/100
|-damage|p2a: Spiki boi|88/100|[from] Spikes
|move|p1a: Blissey|Soft-Boiled|p1a: Blissey
|-heal|p1a: Blissey|99/100
|
|-weather|Hail|[upkeep]
|-damage|p1a: Blissey|93/100|[from] Hail
|-damage|p2a: Spiki boi|82/100|[from] Hail
|-heal|p2a: Spiki boi|88/100|[from] item: Leftovers
|upkeep
|turn|46
|
|t:|1652553575
|move|p1a: Blissey|Seismic Toss|p2a: Spiki boi
|-damage|p2a: Spiki boi|60/100
|-damage|p1a: Blissey|80/100|[from] ability: Iron Barbs|[of] p2a: Spiki boi
|move|p2a: Spiki boi|Spikes|p1a: Blissey
|-sidestart|p1: Delibird Heart|Spikes
|
|-weather|Hail|[upkeep]
|-damage|p1a: Blissey|74/100|[from] Hail
|-damage|p2a: Spiki boi|53/100|[from] Hail
|-heal|p2a: Spiki boi|60/100|[from] item: Leftovers
|upkeep
|turn|47
|
|t:|1652553581
|switch|p2a: Literally OU|Landorus-Therian, M|100/100
|-ability|p2a: Literally OU|Intimidate|boost
|-unboost|p1a: Blissey|atk|1
|move|p1a: Blissey|Teleport|p1a: Blissey
|
|t:|1652553585
|switch|p1a: Arctozolt|Arctozolt|78/100|[from]move: Teleport
|-damage|p1a: Arctozolt|53/100|[from] Stealth Rock
|-damage|p1a: Arctozolt|41/100|[from] Spikes
|
|-weather|Hail|[upkeep]
|-damage|p2a: Literally OU|94/100|[from] Hail
|-heal|p2a: Literally OU|100/100|[from] item: Leftovers
|upkeep
|turn|48
|
|t:|1652553590
|switch|p2a: Ur mom|Toxapex, F|100/100
|-damage|p2a: Ur mom|88/100|[from] Spikes
|move|p1a: Arctozolt|Freeze-Dry|p2a: Ur mom
|-supereffective|p2a: Ur mom
|-crit|p2a: Ur mom
|-damage|p2a: Ur mom|15/100
|-damage|p1a: Arctozolt|31/100|[from] item: Life Orb
|
|-weather|none
|upkeep
|turn|49
|
|t:|1652553596
|switch|p2a: Spiki boi|Ferrothorn, M|60/100
|-damage|p2a: Spiki boi|47/100|[from] Spikes
|move|p1a: Arctozolt|Icicle Crash|p2a: Spiki boi
|-damage|p2a: Spiki boi|16/100
|-damage|p1a: Arctozolt|21/100|[from] item: Life Orb
|
|-heal|p2a: Spiki boi|22/100|[from] item: Leftovers
|upkeep
|turn|50
|
|t:|1652553603
|switch|p2a: Ur mom|Toxapex, F|49/100
|-damage|p2a: Ur mom|36/100|[from] Spikes
|move|p1a: Arctozolt|Freeze-Dry|p2a: Ur mom
|-supereffective|p2a: Ur mom
|-damage|p2a: Ur mom|0 fnt
|faint|p2a: Ur mom
|-damage|p1a: Arctozolt|11/100|[from] item: Life Orb
|
|upkeep
|j| Pangominho
|
|t:|1652553606
|switch|p2a: Spærm kanon|Dragapult, F|100/100
|-damage|p2a: Spærm kanon|88/100|[from] Spikes
|turn|51
|
|t:|1652553613
|switch|p1a: Zapdos|Zapdos|67/100
|-damage|p1a: Zapdos|42/100|[from] Stealth Rock
|move|p2a: Spærm kanon|U-turn|p1a: Zapdos
|-resisted|p1a: Zapdos
|-damage|p1a: Zapdos|36/100
|inactive|Libaa has 120 seconds left.
|
|t:|1652553655
|switch|p2a: Ring of Death|Volcanion|89/100|[from]move: U-turn
|-damage|p2a: Ring of Death|76/100|[from] Spikes
|
|upkeep
|turn|52
|
|t:|1652553664
|switch|p1a: Blissey|Blissey, F|74/100
|-damage|p1a: Blissey|62/100|[from] Stealth Rock
|-damage|p1a: Blissey|49/100|[from] Spikes
|move|p2a: Ring of Death|Steam Eruption|p1a: Blissey
|-damage|p1a: Blissey|17/100
|-status|p1a: Blissey|brn
|
|-damage|p1a: Blissey|11/100 brn|[from] brn
|upkeep
|turn|53
|-message|Delibird Heart forfeited.
|
|win|Libaa
|raw|Delibird Heart's rating: 1667 &rarr; <strong>1649</strong><br />(-18 for losing)
|raw|Libaa's rating: 1701 &rarr; <strong>1719</strong><br />(+18 for winning)
|l|☆Delibird Heart
||Ladder isn't responding, score probably updated but might not have (Request timeout).
