|j|☆JuriFeh
|j|☆Pok et glace
|t:|1662738079
|gametype|singles
|player|p1|JuriFeh|lyra-masters2|1665
|player|p2|Pok et glace|cynthia-masters|1820
|teamsize|p1|6
|teamsize|p2|6
|gen|8
|tier|[Gen 8] OU
|rated|
|rule|Sleep Clause Mod: Limit one foe put to sleep
|rule|Species Clause: Limit one of each Pokémon
|rule|OHKO Clause: OHKO moves are banned
|rule|Evasion Items Clause: Evasion items are banned
|rule|Evasion Moves Clause: Evasion moves are banned
|rule|Endless Battle Clause: Forcing endless battles is banned
|rule|HP Percentage Mod: HP is shown in percentages
|rule|Dynamax Clause: You cannot dynamax
|clearpoke
|poke|p1|Mew|
|poke|p1|Regieleki|
|poke|p1|Hatterene, F|
|poke|p1|Landorus-Therian, M|
|poke|p1|Ribombee, F|
|poke|p1|Urshifu-*, F|
|poke|p2|Mew|
|poke|p2|Crawdaunt, F|
|poke|p2|Celesteela|
|poke|p2|Garchomp, M|
|poke|p2|Weavile, F|
|poke|p2|Blacephalon|
|teampreview
|
|t:|1662738100
|start
|switch|p1a: Eirika|Ribombee, F|100/100
|switch|p2a: Blacephalon|Blacephalon|100/100
|turn|1
|
|t:|1662738107
|switch|p1a: Misha|Urshifu-Rapid-Strike, F|100/100
|move|p2a: Blacephalon|Shadow Ball|p1a: Misha
|-damage|p1a: Misha|60/100
|-unboost|p1a: Misha|spd|1
|
|-heal|p1a: Misha|66/100|[from] item: Leftovers
|upkeep
|turn|2
|
|t:|1662738129
|switch|p2a: Garchomp|Garchomp, M|100/100
|switch|p1a: Maduro|Landorus-Therian, M|100/100
|-ability|p1a: Maduro|Intimidate|boost
|-unboost|p2a: Garchomp|atk|1
|
|upkeep
|turn|3
|
|t:|1662738135
|switch|p2a: Bod|Celesteela|100/100
|move|p1a: Maduro|Toxic|p2a: Bod
|-immune|p2a: Bod
|
|upkeep
|turn|4
|inactive|Battle timer is ON: inactive players will automatically lose when time's up. (requested by Pok et glace)
|inactive|JuriFeh has 120 seconds left.
|inactive|JuriFeh has 90 seconds left.
|
|t:|1662738220
|move|p1a: Maduro|U-turn|p2a: Bod
|-resisted|p2a: Bod
|-damage|p2a: Bod|95/100
|
|t:|1662738227
|switch|p1a: Darude|Mew|100/100|[from]move: U-turn
|move|p2a: Bod|Meteor Beam||[still]
|-prepare|p2a: Bod|Meteor Beam
|-boost|p2a: Bod|spa|1
|-enditem|p2a: Bod|Power Herb
|-anim|p2a: Bod|Meteor Beam|p1a: Darude
|-damage|p1a: Darude|29/100
|
|upkeep
|turn|5
|
|t:|1662738234
|move|p1a: Darude|Light Screen|p1a: Darude
|-sidestart|p1: JuriFeh|move: Light Screen
|move|p2a: Bod|Air Slash|p1a: Darude
|-damage|p1a: Darude|0 fnt
|faint|p1a: Darude
|-ability|p2a: Bod|Beast Boost|boost
|-boost|p2a: Bod|spa|1
|
|upkeep
|
|t:|1662738243
|switch|p1a: Mjolnir|Regieleki|100/100
|turn|6
|
|t:|1662738256
|move|p1a: Mjolnir|Volt Switch|p2a: Bod
|-supereffective|p2a: Bod
|-damage|p2a: Bod|0 fnt
|faint|p2a: Bod
|c|☆Pok et glace|i hate this play
|c|☆Pok et glace|I fucking hate it
|
|t:|1662738283
|switch|p1a: Maduro|Landorus-Therian, M|100/100|[from]move: Volt Switch
|
|upkeep
|
|t:|1662738295
|switch|p2a: Hair|Weavile, F|100/100
|turn|7
|
|t:|1662738298
|switch|p1a: Misha|Urshifu-Rapid-Strike, F|66/100
|move|p2a: Hair|Triple Axel|p1a: Misha
|-resisted|p1a: Misha
|-damage|p1a: Misha|60/100
|-resisted|p1a: Misha
|-damage|p1a: Misha|47/100
|-resisted|p1a: Misha
|-damage|p1a: Misha|30/100
|-hitcount|p1a: Misha|3
|-damage|p2a: Hair|91/100|[from] item: Life Orb
|
|-heal|p1a: Misha|36/100|[from] item: Leftovers
|upkeep
|turn|8
|
|t:|1662738313
|switch|p1a: Eirika|Ribombee, F|100/100
|move|p2a: Hair|Triple Axel|p1a: Eirika
|-damage|p1a: Eirika|74/100
|-damage|p1a: Eirika|19/100
|-damage|p1a: Eirika|0 fnt
|faint|p1a: Eirika
|-hitcount|p1: Eirika|3
|-damage|p2a: Hair|81/100|[from] item: Life Orb
|
|upkeep
|
|t:|1662738322
|switch|p1a: Misha|Urshifu-Rapid-Strike, F|36/100
|turn|9
|j| emo705
|
|t:|1662738326
|move|p2a: Hair|Triple Axel|p1a: Misha
|-resisted|p1a: Misha
|-damage|p1a: Misha|30/100
|-hitcount|p1a: Misha|1
|-damage|p2a: Hair|71/100|[from] item: Life Orb
|move|p1a: Misha|Bulk Up|p1a: Misha
|-boost|p1a: Misha|atk|1
|-boost|p1a: Misha|def|1
|
|-heal|p1a: Misha|36/100|[from] item: Leftovers
|upkeep
|turn|10
|
|t:|1662738335
|move|p2a: Hair|Knock Off|p1a: Misha
|-resisted|p1a: Misha
|-damage|p1a: Misha|18/100
|-enditem|p1a: Misha|Leftovers|[from] move: Knock Off|[of] p2a: Hair
|-damage|p2a: Hair|61/100|[from] item: Life Orb
|move|p1a: Misha|Substitute|p1a: Misha
|-fail|p1a: Misha|move: Substitute|[weak]
|
|upkeep
|turn|11
|
|t:|1662738341
|move|p2a: Hair|Triple Axel|p1a: Misha
|-resisted|p1a: Misha
|-damage|p1a: Misha|14/100
|-resisted|p1a: Misha
|-damage|p1a: Misha|6/100
|-resisted|p1a: Misha
|-damage|p1a: Misha|0 fnt
|faint|p1a: Misha
|-hitcount|p1: Misha|3
|-damage|p2a: Hair|51/100|[from] item: Life Orb
|
|upkeep
|-message|JuriFeh forfeited.
|
|win|Pok et glace
|raw|JuriFeh's rating: 1665 &rarr; <strong>1653</strong><br />(-12 for losing)
|raw|Pok et glace's rating: 1820 &rarr; <strong>1832</strong><br />(+12 for winning)
|l|☆JuriFeh
|l|☆Pok et glace
