|j|☆Sww-Suwa
|j|☆deterisneater
|inactive|Battle timer is ON: inactive players will automatically lose when time's up.
|t:|1658676950
|gametype|singles
|player|p1|Sww-Suwa|lisia|
|player|p2|deterisneater|benga|
|teamsize|p1|6
|teamsize|p2|5
|gen|8
|tier|[Gen 8] OU
|rated|Tournament battle
|rule|Sleep Clause Mod: Limit one foe put to sleep
|rule|Species Clause: Limit one of each Pokémon
|rule|OHKO Clause: OHKO moves are banned
|rule|Evasion Moves Clause: Evasion moves are banned
|rule|Endless Battle Clause: Forcing endless battles is banned
|rule|HP Percentage Mod: HP is shown in percentages
|rule|Dynamax Clause: You cannot dynamax
|clearpoke
|poke|p1|Weavile, F|
|poke|p1|Hawlucha, M|
|poke|p1|Regieleki|
|poke|p1|Zeraora|
|poke|p1|Tapu Koko|
|poke|p1|Azelf|
|poke|p2|Torkoal, M|
|poke|p2|Victini|
|poke|p2|Blacephalon|
|poke|p2|Venusaur, M|
|poke|p2|Heatran, F|
|teampreview
|inactive|deterisneater also wants the timer to be on.
|c|☆Sww-Suwa|hf
|j| Bradley Chadster
|c|☆deterisneater|fire spam :)
|
|t:|1658676965
|start
|switch|p1a: Azelf|Azelf|100/100
|switch|p2a: Torkoal|Torkoal, M|100/100
|turn|1
|c|☆Sww-Suwa|the sun without sun
|c|☆Sww-Suwa|LMFAO
|
|t:|1658676974
|move|p1a: Azelf|Taunt|p2a: Torkoal
|-start|p2a: Torkoal|move: Taunt
|move|p2a: Torkoal|Eruption|p1a: Azelf
|-enditem|p2a: Torkoal|Fire Gem|[from] gem
|-damage|p1a: Azelf|2/100
|
|upkeep
|turn|2
|
|t:|1658676978
|move|p1a: Azelf|Stealth Rock|p2a: Torkoal
|-sidestart|p2: deterisneater|move: Stealth Rock
|move|p2a: Torkoal|Rapid Spin|p1a: Azelf
|-damage|p1a: Azelf|0 fnt
|-boost|p2a: Torkoal|spe|1
|-sideend|p2: deterisneater|Stealth Rock|[from] move: Rapid Spin|[of] p2a: Torkoal
|faint|p1a: Azelf
|
|upkeep
|c|☆Sww-Suwa|NOOOO
|
|t:|1658676985
|switch|p1a: Tapu Koko|Tapu Koko, shiny|100/100
|-fieldstart|move: Electric Terrain|[from] ability: Electric Surge|[of] p1a: Tapu Koko
|turn|3
|c|☆deterisneater|that was definetly on purpose
|c|☆Sww-Suwa|me too
|c|☆Sww-Suwa|5-5
|c|☆Sww-Suwa|is only fair
|j| pleumboiboi
|
|t:|1658677003
|move|p1a: Tapu Koko|Calm Mind|p1a: Tapu Koko
|-boost|p1a: Tapu Koko|spa|1
|-boost|p1a: Tapu Koko|spd|1
|move|p2a: Torkoal|Eruption|p1a: Tapu Koko
|-damage|p1a: Tapu Koko|50/100
|
|-end|p2a: Torkoal|move: Taunt
|upkeep
|turn|4
|j| TheNewBrends11@!
|inactive|Sww-Suwa has 120 seconds left.
|
|t:|1658677048
|move|p1a: Tapu Koko|Thunderbolt|p2a: Torkoal
|-damage|p2a: Torkoal|39/100
|move|p2a: Torkoal|Earth Power|p1a: Tapu Koko
|-supereffective|p1a: Tapu Koko
|-damage|p1a: Tapu Koko|13/100
|-unboost|p1a: Tapu Koko|spd|1
|
|upkeep
|turn|5
|
|t:|1658677054
|move|p1a: Tapu Koko|Thunderbolt|p2a: Torkoal
|-damage|p2a: Torkoal|0 fnt
|faint|p2a: Torkoal
|
|upkeep
|j| OmegaP1g
|
|t:|1658677063
|switch|p2a: Venusaur|Venusaur, M|100/100
|turn|6
|inactive|Sww-Suwa has 120 seconds left.
|
|t:|1658677078
|switch|p1a: Weavile|Weavile, F|100/100
|move|p2a: Venusaur|Leech Seed|p1a: Weavile
|-start|p1a: Weavile|move: Leech Seed
|
|-damage|p1a: Weavile|88/100|[from] Leech Seed|[of] p2a: Venusaur
|upkeep
|turn|7
|
|t:|1658677084
|switch|p2a: Heatran|Heatran, F|100/100
|move|p1a: Weavile|Swords Dance|p1a: Weavile
|-boost|p1a: Weavile|atk|2
|
|-damage|p1a: Weavile|76/100|[from] Leech Seed|[of] p2a: Heatran
|-fieldend|move: Electric Terrain
|upkeep
|turn|8
|
|t:|1658677089
|move|p1a: Weavile|Knock Off|p2a: Heatran
|-crit|p2a: Heatran
|-damage|p2a: Heatran|0 fnt
|-enditem|p2a: Heatran|Fire Gem|[from] move: Knock Off|[of] p1a: Weavile
|faint|p2a: Heatran
|
|upkeep
|
|t:|1658677097
|switch|p2a: Venusaur|Venusaur, M|100/100
|turn|9
|
|t:|1658677100
|move|p1a: Weavile|Ice Shard|p2a: Venusaur
|-enditem|p1a: Weavile|Ice Gem|[from] gem
|-supereffective|p2a: Venusaur
|-damage|p2a: Venusaur|0 fnt
|faint|p2a: Venusaur
|
|upkeep
|
|t:|1658677106
|switch|p2a: Victini|Victini|100/100
|turn|10
|
|t:|1658677111
|move|p1a: Weavile|Knock Off|p2a: Victini
|-supereffective|p2a: Victini
|-damage|p2a: Victini|0 fnt
|-enditem|p2a: Victini|Fire Gem|[from] move: Knock Off|[of] p1a: Weavile
|faint|p2a: Victini
|
|upkeep
|
|t:|1658677113
|switch|p2a: Blacephalon|Blacephalon|100/100
|turn|11
|
|t:|1658677115
|move|p1a: Weavile|Knock Off|p2a: Blacephalon
|-supereffective|p2a: Blacephalon
|-damage|p2a: Blacephalon|0 fnt
|-enditem|p2a: Blacephalon|Fire Gem|[from] move: Knock Off|[of] p1a: Weavile
|faint|p2a: Blacephalon
|
|win|Sww-Suwa
|n|☆Sww-Suwa|swwsuwa
|n|☆deterisneater|deterisneater
|n| Bradley Chadster|bradleychadster
|n| pleumboiboi|pleumboiboi
|n| TheNewBrends11@!|thenewbrends11
|n| OmegaP1g|omegap1g
|l|☆deterisneater
|c|☆Sww-Suwa|gg
|l|☆Sww-Suwa
|l| Bradley Chadster
|l| OmegaP1g
|l| pleumboiboi
