|j|☆Elite4Donovan
|j|☆Akeio
|t:|1655300312
|gametype|singles
|player|p1|Elite4Donovan|lucas|1708
|player|p2|Akeio|101|1663
|teamsize|p1|6
|teamsize|p2|6
|gen|8
|tier|[Gen 8] OU
|rated|
|rule|Sleep Clause Mod: Limit one foe put to sleep
|rule|Species Clause: Limit one of each Pokémon
|rule|OHKO Clause: OHKO moves are banned
|rule|Evasion Moves Clause: Evasion moves are banned
|rule|Endless Battle Clause: Forcing endless battles is banned
|rule|HP Percentage Mod: HP is shown in percentages
|rule|Dynamax Clause: You cannot dynamax
|clearpoke
|poke|p1|Sceptile, F|
|poke|p1|Tapu Koko|
|poke|p1|Mew|
|poke|p1|Hawlucha, M|
|poke|p1|Garchomp, F|
|poke|p1|Scizor, M|
|poke|p2|Steelix, M|
|poke|p2|Dragonite, M|
|poke|p2|Weezing-Galar, M|
|poke|p2|Umbreon, F|
|poke|p2|Lanturn, F|
|poke|p2|Coalossal, F|
|teampreview
|inactive|Battle timer is ON: inactive players will automatically lose when time's up. (requested by Akeio)
|
|t:|1655300327
|start
|switch|p1a: Garchomp|Garchomp, F|100/100
|switch|p2a: Umbreon|Umbreon, F|100/100
|turn|1
|
|t:|1655300330
|switch|p1a: Mew|Mew|100/100
|switch|p2a: Weezing|Weezing-Galar, M|100/100
|
|upkeep
|turn|2
|
|t:|1655300334
|switch|p2a: Umbreon|Umbreon, F|100/100
|move|p1a: Mew|Taunt|p2a: Umbreon
|-start|p2a: Umbreon|move: Taunt
|
|upkeep
|turn|3
|
|t:|1655300336
|move|p1a: Mew|Spikes|p2a: Umbreon
|-sidestart|p2: Akeio|Spikes
|move|p2a: Umbreon|Foul Play|p1a: Mew
|-supereffective|p1a: Mew
|-damage|p1a: Mew|53/100
|
|upkeep
|turn|4
|
|t:|1655300343
|move|p1a: Mew|Roost|p1a: Mew
|-heal|p1a: Mew|100/100
|-singleturn|p1a: Mew|move: Roost
|move|p2a: Umbreon|Foul Play|p1a: Mew
|-supereffective|p1a: Mew
|-damage|p1a: Mew|54/100
|
|-end|p2a: Umbreon|move: Taunt
|upkeep
|turn|5
|
|t:|1655300356
|move|p1a: Mew|Spikes|p2a: Umbreon
|-sidestart|p2: Akeio|Spikes
|move|p2a: Umbreon|Foul Play|p1a: Mew
|-supereffective|p1a: Mew
|-damage|p1a: Mew|7/100
|
|upkeep
|turn|6
|
|t:|1655300362
|move|p1a: Mew|Roost|p1a: Mew
|-heal|p1a: Mew|57/100
|-singleturn|p1a: Mew|move: Roost
|move|p2a: Umbreon|Foul Play|p1a: Mew
|-supereffective|p1a: Mew
|-damage|p1a: Mew|11/100
|
|upkeep
|turn|7
|
|t:|1655300364
|move|p1a: Mew|Roost|p1a: Mew
|-heal|p1a: Mew|61/100
|-singleturn|p1a: Mew|move: Roost
|move|p2a: Umbreon|Foul Play|p1a: Mew
|-supereffective|p1a: Mew
|-damage|p1a: Mew|18/100
|
|upkeep
|turn|8
|
|t:|1655300367
|move|p1a: Mew|Roost|p1a: Mew
|-heal|p1a: Mew|68/100
|-singleturn|p1a: Mew|move: Roost
|move|p2a: Umbreon|Foul Play|p1a: Mew
|-supereffective|p1a: Mew
|-damage|p1a: Mew|21/100
|
|upkeep
|turn|9
|
|t:|1655300371
|switch|p2a: Coalossal|Coalossal, F|100/100
|move|p1a: Mew|Roost|p1a: Mew
|-heal|p1a: Mew|71/100
|-singleturn|p1a: Mew|move: Roost
|
|upkeep
|turn|10
|
|t:|1655300381
|switch|p1a: Garchomp|Garchomp, F|100/100
|switch|p2a: Weezing|Weezing-Galar, M|100/100
|
|upkeep
|turn|11
|
|t:|1655300387
|switch|p1a: Mew|Mew|71/100
|move|p2a: Weezing|Toxic Spikes|p1a: Mew
|-sidestart|p1: Elite4Donovan|move: Toxic Spikes
|
|upkeep
|turn|12
|inactive|Elite4Donovan has 120 seconds left.
|
|t:|1655300420
|switch|p1a: Hawlucha|Hawlucha, M|100/100
|move|p2a: Weezing|Strange Steam|p1a: Hawlucha
|-supereffective|p1a: Hawlucha
|-damage|p1a: Hawlucha|20/100
|
|upkeep
|turn|13
|
|t:|1655300428
|switch|p1a: Scizor|Scizor, M|100/100
|move|p2a: Weezing|Toxic Spikes|p1a: Scizor
|-sidestart|p1: Elite4Donovan|move: Toxic Spikes
|
|upkeep
|turn|14
|inactive|Elite4Donovan has 120 seconds left.
|
|t:|1655300448
|move|p1a: Scizor|Defog|p2a: Weezing
|-unboost|p2a: Weezing|evasion|1
|-sideend|p2: Akeio|Spikes|[from] move: Defog|[of] p1a: Scizor
|-sideend|p1: Elite4Donovan|Toxic Spikes|[from] move: Defog|[of] p1a: Scizor
|move|p2a: Weezing|Will-O-Wisp|p1a: Scizor
|-status|p1a: Scizor|brn
|
|-damage|p1a: Scizor|94/100 brn|[from] brn
|upkeep
|turn|15
|
|t:|1655300458
|move|p1a: Scizor|U-turn|p2a: Weezing
|-resisted|p2a: Weezing
|-damage|p2a: Weezing|98/100
|-damage|p1a: Scizor|78/100 brn|[from] item: Rocky Helmet|[of] p2a: Weezing
|
|t:|1655300460
|switch|p1a: Mew|Mew|71/100|[from]move: U-turn
|move|p2a: Weezing|Toxic Spikes|p1a: Mew
|-sidestart|p1: Elite4Donovan|move: Toxic Spikes
|
|upkeep
|turn|16
|
|t:|1655300468
|move|p1a: Mew|Spikes|p2a: Weezing
|-sidestart|p2: Akeio|Spikes
|move|p2a: Weezing|Strange Steam|p1a: Mew
|-damage|p1a: Mew|50/100
|
|upkeep
|turn|17
|
|t:|1655300472
|move|p1a: Mew|Roost|p1a: Mew
|-heal|p1a: Mew|99/100
|-singleturn|p1a: Mew|move: Roost
|move|p2a: Weezing|Will-O-Wisp|p1a: Mew
|-status|p1a: Mew|brn
|-activate|p1a: Mew|ability: Synchronize
|-status|p2a: Weezing|brn
|
|-damage|p1a: Mew|94/100 brn|[from] brn
|-damage|p2a: Weezing|92/100 brn|[from] brn
|upkeep
|turn|18
|
|t:|1655300484
|switch|p1a: Hawlucha|Hawlucha, M|20/100
|switch|p2a: Umbreon|Umbreon, F|100/100
|-damage|p2a: Umbreon|88/100|[from] Spikes
|
|-heal|p2a: Umbreon|94/100|[from] item: Leftovers
|upkeep
|turn|19
|
|t:|1655300491
|switch|p2a: Weezing|Weezing-Galar, M|92/100 brn
|move|p1a: Hawlucha|Close Combat|p2a: Weezing
|-resisted|p2a: Weezing
|-damage|p2a: Weezing|83/100 brn
|-unboost|p1a: Hawlucha|def|1
|-unboost|p1a: Hawlucha|spd|1
|-damage|p1a: Hawlucha|3/100|[from] item: Rocky Helmet|[of] p2a: Weezing
|
|-damage|p2a: Weezing|77/100 brn|[from] brn
|upkeep
|turn|20
|
|t:|1655300497
|switch|p1a: Scizor|Scizor, M|78/100 brn
|move|p2a: Weezing|Toxic Spikes|p1a: Scizor
|-sidestart|p1: Elite4Donovan|move: Toxic Spikes
|
|-heal|p1a: Scizor|84/100 brn|[from] item: Leftovers
|-damage|p1a: Scizor|78/100 brn|[from] brn
|-damage|p2a: Weezing|71/100 brn|[from] brn
|upkeep
|turn|21
|j| czyan
|
|t:|1655300505
|switch|p1a: Mew|Mew|94/100 brn
|switch|p2a: Coalossal|Coalossal, F|100/100
|
|-damage|p1a: Mew|87/100 brn|[from] brn
|upkeep
|turn|22
|
|t:|1655300512
|move|p1a: Mew|Spikes|p2a: Coalossal
|-sidestart|p2: Akeio|Spikes
|move|p2a: Coalossal|Spikes|p1a: Mew
|-sidestart|p1: Elite4Donovan|Spikes
|
|-damage|p1a: Mew|81/100 brn|[from] brn
|upkeep
|turn|23
|
|t:|1655300525
|move|p1a: Mew|Ice Beam|p2a: Coalossal
|-resisted|p2a: Coalossal
|-damage|p2a: Coalossal|91/100
|move|p2a: Coalossal|Heavy Slam|p1a: Mew
|-damage|p1a: Mew|60/100 brn
|
|-damage|p1a: Mew|54/100 brn|[from] brn
|upkeep
|turn|24
|
|t:|1655300531
|move|p1a: Mew|Roost|p1a: Mew
|-heal|p1a: Mew|100/100 brn
|-singleturn|p1a: Mew|move: Roost
|move|p2a: Coalossal|Spikes|p1a: Mew
|-sidestart|p1: Elite4Donovan|Spikes
|
|-damage|p1a: Mew|94/100 brn|[from] brn
|upkeep
|turn|25
|
|t:|1655300536
|move|p1a: Mew|Spikes|p2a: Coalossal
|-sidestart|p2: Akeio|Spikes
|move|p2a: Coalossal|Heavy Slam|p1a: Mew
|-damage|p1a: Mew|73/100 brn
|
|-damage|p1a: Mew|67/100 brn|[from] brn
|upkeep
|turn|26
|
|t:|1655300544
|move|p1a: Mew|Ice Beam|p2a: Coalossal
|-resisted|p2a: Coalossal
|-damage|p2a: Coalossal|82/100
|move|p2a: Coalossal|Spikes|p1a: Mew
|-sidestart|p1: Elite4Donovan|Spikes
|
|-damage|p1a: Mew|61/100 brn|[from] brn
|upkeep
|turn|27
|
|t:|1655300552
|switch|p2a: Umbreon|Umbreon, F|94/100
|-damage|p2a: Umbreon|69/100|[from] Spikes
|move|p1a: Mew|Roost|p1a: Mew
|-heal|p1a: Mew|100/100 brn
|-singleturn|p1a: Mew|move: Roost
|
|-heal|p2a: Umbreon|75/100|[from] item: Leftovers
|-damage|p1a: Mew|94/100 brn|[from] brn
|upkeep
|turn|28
|
|t:|1655300561
|move|p1a: Mew|Taunt|p2a: Umbreon
|-start|p2a: Umbreon|move: Taunt
|move|p2a: Umbreon|Foul Play|p1a: Mew
|-supereffective|p1a: Mew
|-damage|p1a: Mew|51/100 brn
|
|-heal|p2a: Umbreon|81/100|[from] item: Leftovers
|-damage|p1a: Mew|45/100 brn|[from] brn
|upkeep
|turn|29
|
|t:|1655300571
|move|p1a: Mew|Roost|p1a: Mew
|-heal|p1a: Mew|95/100 brn
|-singleturn|p1a: Mew|move: Roost
|move|p2a: Umbreon|Foul Play|p1a: Mew
|-supereffective|p1a: Mew
|-damage|p1a: Mew|49/100 brn
|
|-heal|p2a: Umbreon|88/100|[from] item: Leftovers
|-damage|p1a: Mew|43/100 brn|[from] brn
|upkeep
|turn|30
|
|t:|1655300574
|switch|p1a: Scizor|Scizor, M|78/100 brn
|-damage|p1a: Scizor|53/100 brn|[from] Spikes
|move|p2a: Umbreon|Foul Play|p1a: Scizor
|-damage|p1a: Scizor|24/100 brn
|
|-heal|p2a: Umbreon|94/100|[from] item: Leftovers
|-heal|p1a: Scizor|30/100 brn|[from] item: Leftovers
|-damage|p1a: Scizor|24/100 brn|[from] brn
|-end|p2a: Umbreon|move: Taunt
|upkeep
|turn|31
|
|t:|1655300578
|move|p1a: Scizor|Defog|p2a: Umbreon
|-unboost|p2a: Umbreon|evasion|1
|-sideend|p2: Akeio|Spikes|[from] move: Defog|[of] p1a: Scizor
|-sideend|p1: Elite4Donovan|Spikes|[from] move: Defog|[of] p1a: Scizor
|-sideend|p1: Elite4Donovan|Toxic Spikes|[from] move: Defog|[of] p1a: Scizor
|move|p2a: Umbreon|Foul Play|p1a: Scizor
|-damage|p1a: Scizor|0 fnt
|faint|p1a: Scizor
|
|-heal|p2a: Umbreon|99/100|[from] item: Leftovers
|upkeep
|
|t:|1655300582
|switch|p1a: Garchomp|Garchomp, F|100/100
|turn|32
|
|t:|1655300586
|switch|p2a: Weezing|Weezing-Galar, M|71/100 brn
|move|p1a: Garchomp|Stealth Rock|p2a: Weezing
|-sidestart|p2: Akeio|move: Stealth Rock
|
|-damage|p2a: Weezing|65/100 brn|[from] brn
|upkeep
|turn|33
|
|t:|1655300599
|switch|p1a: Sceptile|Sceptile, F|100/100
|move|p2a: Weezing|Toxic Spikes|p1a: Sceptile
|-sidestart|p1: Elite4Donovan|move: Toxic Spikes
|
|-damage|p2a: Weezing|59/100 brn|[from] brn
|upkeep
|turn|34
|
|t:|1655300609
|switch|p2a: Coalossal|Coalossal, F|82/100
|move|p1a: Sceptile|Leaf Storm|p2a: Coalossal
|-damage|p2a: Coalossal|6/100
|-unboost|p1a: Sceptile|spa|2
|
|upkeep
|turn|35
|
|t:|1655300617
|switch|p1a: Mew|Mew|43/100 brn
|move|p2a: Coalossal|Spikes|p1a: Mew
|-sidestart|p1: Elite4Donovan|Spikes
|
|-damage|p1a: Mew|36/100 brn|[from] brn
|upkeep
|turn|36
|
|t:|1655300626
|switch|p2a: Umbreon|Umbreon, F|99/100
|-damage|p2a: Umbreon|87/100|[from] Stealth Rock
|move|p1a: Mew|Spikes|p2a: Umbreon
|-sidestart|p2: Akeio|Spikes
|
|-heal|p2a: Umbreon|93/100|[from] item: Leftovers
|-damage|p1a: Mew|30/100 brn|[from] brn
|upkeep
|turn|37
|
|t:|1655300632
|move|p1a: Mew|Roost|p1a: Mew
|-heal|p1a: Mew|80/100 brn
|-singleturn|p1a: Mew|move: Roost
|move|p2a: Umbreon|Foul Play|p1a: Mew
|-supereffective|p1a: Mew
|-damage|p1a: Mew|36/100 brn
|
|-heal|p2a: Umbreon|99/100|[from] item: Leftovers
|-damage|p1a: Mew|30/100 brn|[from] brn
|upkeep
|turn|38
|
|t:|1655300646
|move|p1a: Mew|Spikes|p2a: Umbreon
|-sidestart|p2: Akeio|Spikes
|move|p2a: Umbreon|Foul Play|p1a: Mew
|-supereffective|p1a: Mew
|-damage|p1a: Mew|0 fnt
|faint|p1a: Mew
|
|-heal|p2a: Umbreon|100/100|[from] item: Leftovers
|upkeep
|
|t:|1655300649
|switch|p1a: Hawlucha|Hawlucha, M|3/100
|turn|39
|
|t:|1655300653
|switch|p1a: Sceptile|Sceptile, F|100/100
|-status|p1a: Sceptile|psn
|-damage|p1a: Sceptile|88/100 psn|[from] Spikes
|switch|p2a: Weezing|Weezing-Galar, M|59/100 brn
|-damage|p2a: Weezing|47/100 brn|[from] Stealth Rock
|
|-damage|p1a: Sceptile|76/100 psn|[from] psn
|-damage|p2a: Weezing|41/100 brn|[from] brn
|upkeep
|turn|40
|
|t:|1655300659
|switch|p2a: Coalossal|Coalossal, F|6/100
|move|p1a: Sceptile|Nature Power|p2a: Coalossal
|move|p1a: Sceptile|Tri Attack|p2a: Coalossal|[from]move: Nature Power
|-resisted|p2a: Coalossal
|-damage|p2a: Coalossal|0 fnt
|faint|p2a: Coalossal
|
|-damage|p1a: Sceptile|63/100 psn|[from] psn
|upkeep
|
|t:|1655300667
|switch|p2a: Dragonite|Dragonite, M|100/100
|turn|41
|
|t:|1655300672
|switch|p1a: Garchomp|Garchomp, F|100/100
|-status|p1a: Garchomp|psn
|-damage|p1a: Garchomp|88/100 psn|[from] Spikes
|move|p2a: Dragonite|Dragon Dance|p2a: Dragonite
|-boost|p2a: Dragonite|atk|1
|-boost|p2a: Dragonite|spe|1
|
|-heal|p1a: Garchomp|94/100 psn|[from] item: Leftovers
|-damage|p1a: Garchomp|82/100 psn|[from] psn
|upkeep
|turn|42
|
|t:|1655300680
|switch|p2a: Weezing|Weezing-Galar, M|41/100 brn
|-damage|p2a: Weezing|28/100 brn|[from] Stealth Rock
|move|p1a: Garchomp|Toxic||[still]
|-fail|p1a: Garchomp
|
|-heal|p1a: Garchomp|88/100 psn|[from] item: Leftovers
|-damage|p1a: Garchomp|76/100 psn|[from] psn
|-damage|p2a: Weezing|22/100 brn|[from] brn
|upkeep
|turn|43
|
|t:|1655300698
|switch|p1a: Tapu Koko|Tapu Koko|100/100
|-status|p1a: Tapu Koko|psn
|-damage|p1a: Tapu Koko|88/100 psn|[from] Spikes
|-fieldstart|move: Electric Terrain|[from] ability: Electric Surge|[of] p1a: Tapu Koko
|move|p2a: Weezing|Strange Steam|p1a: Tapu Koko
|-damage|p1a: Tapu Koko|49/100 psn
|
|-damage|p1a: Tapu Koko|36/100 psn|[from] psn
|-damage|p2a: Weezing|16/100 brn|[from] brn
|upkeep
|turn|44
|
|t:|1655300704
|switch|p2a: Steelix|Steelix, M|100/100
|-damage|p2a: Steelix|97/100|[from] Stealth Rock
|-damage|p2a: Steelix|81/100|[from] Spikes
|move|p1a: Tapu Koko|Brave Bird|p2a: Steelix
|-resisted|p2a: Steelix
|-damage|p2a: Steelix|68/100
|-damage|p1a: Tapu Koko|31/100 psn|[from] Recoil
|
|-heal|p2a: Steelix|75/100|[from] item: Leftovers
|-damage|p1a: Tapu Koko|18/100 psn|[from] psn
|upkeep
|turn|45
|
|t:|1655300719
|move|p1a: Tapu Koko|Brave Bird|p2a: Steelix
|-resisted|p2a: Steelix
|-damage|p2a: Steelix|63/100
|-damage|p1a: Tapu Koko|14/100 psn|[from] Recoil
|move|p2a: Steelix|Stealth Rock|p1a: Tapu Koko
|-sidestart|p1: Elite4Donovan|move: Stealth Rock
|
|-heal|p2a: Steelix|70/100|[from] item: Leftovers
|-damage|p1a: Tapu Koko|1/100 psn|[from] psn
|upkeep
|turn|46
|
|t:|1655300728
|move|p1a: Tapu Koko|Brave Bird|p2a: Steelix
|-resisted|p2a: Steelix
|-damage|p2a: Steelix|57/100
|-damage|p1a: Tapu Koko|0 fnt|[from] Recoil
|faint|p1a: Tapu Koko
|move|p2a: Steelix|Substitute|p2a: Steelix
|-start|p2a: Steelix|Substitute
|-damage|p2a: Steelix|32/100
|
|-heal|p2a: Steelix|38/100|[from] item: Leftovers
|upkeep
|c|☆Elite4Donovan|gg
|-message|Elite4Donovan forfeited.
|
|win|Akeio
|raw|Elite4Donovan's rating: 1708 &rarr; <strong>1685</strong><br />(-23 for losing)
|raw|Akeio's rating: 1663 &rarr; <strong>1686</strong><br />(+23 for winning)
|l|☆Elite4Donovan
|c|☆Akeio|Gg
|l| czyan
||Ladder isn't responding, score probably updated but might not have (Request timeout).
