|j|☆napty
|j|☆TheonReekGreyjoy
|t:|1653823225
|gametype|singles
|player|p1|napty|youngster-gen1|1742
|player|p2|TheonReekGreyjoy|170|1986
|teamsize|p1|6
|teamsize|p2|6
|gen|8
|tier|[Gen 8] OU
|rated|
|rule|Sleep Clause Mod: Limit one foe put to sleep
|rule|Species Clause: Limit one of each Pokémon
|rule|OHKO Clause: OHKO moves are banned
|rule|Evasion Moves Clause: Evasion moves are banned
|rule|Endless Battle Clause: Forcing endless battles is banned
|rule|HP Percentage Mod: HP is shown in percentages
|rule|Dynamax Clause: You cannot dynamax
|clearpoke
|poke|p1|Aegislash, F|
|poke|p1|Clefable, F|
|poke|p1|Landorus-Therian, M|
|poke|p1|Toxapex, F|
|poke|p1|Heatran, M|
|poke|p1|Latias, F|
|poke|p2|Arctozolt|
|poke|p2|Tornadus-Therian, M|
|poke|p2|Heatran, M|
|poke|p2|Landorus-Therian, M|
|poke|p2|Hatterene, F|
|poke|p2|Vanilluxe, M|
|teampreview
|inactive|Battle timer is ON: inactive players will automatically lose when time's up. (requested by TheonReekGreyjoy)
|
|t:|1653823239
|start
|switch|p1a: Latias|Latias, F|100/100
|switch|p2a: Tornadus|Tornadus-Therian, M|100/100
|turn|1
|
|t:|1653823250
|move|p1a: Latias|Trick|p2a: Tornadus
|-activate|p1a: Latias|move: Trick|[of] p2a: Tornadus
|-item|p2a: Tornadus|Choice Scarf|[from] move: Trick
|-item|p1a: Latias|Assault Vest|[from] move: Trick
|move|p2a: Tornadus|Knock Off|p1a: Latias
|-supereffective|p1a: Latias
|-damage|p1a: Latias|51/100
|-enditem|p1a: Latias|Assault Vest|[from] move: Knock Off|[of] p2a: Tornadus
|
|upkeep
|turn|2
|
|t:|1653823260
|move|p2a: Tornadus|Knock Off|p1a: Latias
|-supereffective|p1a: Latias
|-damage|p1a: Latias|17/100
|move|p1a: Latias|Draco Meteor|p2a: Tornadus
|-damage|p2a: Tornadus|42/100
|-unboost|p1a: Latias|spa|2
|
|upkeep
|turn|3
|j| shadownez
|
|t:|1653823267
|switch|p1a: Toxapex|Toxapex, F|100/100
|move|p2a: Tornadus|Knock Off|p1a: Toxapex
|-damage|p1a: Toxapex|89/100
|-damage|p2a: Tornadus|26/100|[from] item: Rocky Helmet|[of] p1a: Toxapex
|-enditem|p1a: Toxapex|Rocky Helmet|[from] move: Knock Off|[of] p2a: Tornadus
|
|upkeep
|turn|4
|
|t:|1653823279
|switch|p2a: Vanilluxe|Vanilluxe, M|100/100
|-weather|Hail|[from] ability: Snow Warning|[of] p2a: Vanilluxe
|switch|p1a: Heatran|Heatran, M|100/100
|-item|p1a: Heatran|Air Balloon
|
|-weather|Hail|[upkeep]
|-damage|p1a: Heatran|94/100|[from] Hail
|upkeep
|turn|5
|j| user1_ou
|
|t:|1653823296
|switch|p2a: Hatterene|Hatterene, F|100/100
|move|p1a: Heatran|Heavy Slam|p2a: Hatterene
|-supereffective|p2a: Hatterene
|-damage|p2a: Hatterene|43/100
|
|-weather|Hail|[upkeep]
|-damage|p1a: Heatran|88/100|[from] Hail
|-damage|p2a: Hatterene|37/100|[from] Hail
|-heal|p2a: Hatterene|43/100|[from] item: Leftovers
|upkeep
|turn|6
|
|t:|1653823310
|move|p1a: Heatran|Heavy Slam|p2a: Hatterene
|-supereffective|p2a: Hatterene
|-damage|p2a: Hatterene|0 fnt
|faint|p2a: Hatterene
|
|-weather|Hail|[upkeep]
|-damage|p1a: Heatran|82/100|[from] Hail
|upkeep
|
|t:|1653823320
|switch|p2a: Tornadus|Tornadus-Therian, M|59/100
|turn|7
|
|t:|1653823323
|switch|p1a: Toxapex|Toxapex, F|100/100
|move|p2a: Tornadus|U-turn|p1a: Toxapex
|-resisted|p1a: Toxapex
|-damage|p1a: Toxapex|96/100
|
|t:|1653823330
|switch|p2a: Arctozolt|Arctozolt|100/100|[from]move: U-turn
|
|-weather|Hail|[upkeep]
|-damage|p1a: Toxapex|90/100|[from] Hail
|upkeep
|turn|8
|
|t:|1653823338
|switch|p1a: Landorus|Landorus-Therian, M|100/100
|-ability|p1a: Landorus|Intimidate|boost
|-unboost|p2a: Arctozolt|atk|1
|move|p2a: Arctozolt|Bolt Beak|p1a: Landorus
|-immune|p1a: Landorus
|
|-weather|none
|upkeep
|turn|9
|
|t:|1653823350
|move|p1a: Landorus|Substitute|p1a: Landorus
|-start|p1a: Landorus|Substitute
|-damage|p1a: Landorus|76/100
|move|p2a: Arctozolt|Freeze-Dry|p1a: Landorus
|-supereffective|p1a: Landorus
|-crit|p1a: Landorus
|-end|p1a: Landorus|Substitute
|
|-heal|p1a: Landorus|82/100|[from] item: Leftovers
|upkeep
|turn|10
|
|t:|1653823362
|switch|p1a: Clefable|Clefable, F|100/100
|switch|p2a: Landorus|Landorus-Therian, M|100/100
|-ability|p2a: Landorus|Intimidate|boost
|-unboost|p1a: Clefable|atk|1
|
|upkeep
|turn|11
|
|t:|1653823367
|switch|p1a: Landorus|Landorus-Therian, M|82/100
|-ability|p1a: Landorus|Intimidate|boost
|-unboost|p2a: Landorus|atk|1
|move|p2a: Landorus|U-turn|p1a: Landorus
|-resisted|p1a: Landorus
|-damage|p1a: Landorus|72/100
|
|t:|1653823370
|switch|p2a: Vanilluxe|Vanilluxe, M|100/100|[from]move: U-turn
|-weather|Hail|[from] ability: Snow Warning|[of] p2a: Vanilluxe
|
|-weather|Hail|[upkeep]
|-damage|p1a: Landorus|66/100|[from] Hail
|-heal|p1a: Landorus|72/100|[from] item: Leftovers
|upkeep
|turn|12
|
|t:|1653823380
|switch|p1a: Toxapex|Toxapex, F|100/100
|move|p2a: Vanilluxe|Blizzard|p1a: Toxapex
|-resisted|p1a: Toxapex
|-damage|p1a: Toxapex|71/100
|
|-weather|Hail|[upkeep]
|-damage|p1a: Toxapex|65/100|[from] Hail
|upkeep
|turn|13
|
|t:|1653823386
|move|p2a: Vanilluxe|Freeze-Dry|p1a: Toxapex
|-supereffective|p1a: Toxapex
|-damage|p1a: Toxapex|0 fnt
|faint|p1a: Toxapex
|
|-weather|Hail|[upkeep]
|upkeep
|
|t:|1653823407
|switch|p1a: Heatran|Heatran, M|82/100
|-item|p1a: Heatran|Air Balloon
|turn|14
|
|t:|1653823412
|switch|p2a: Tornadus|Tornadus-Therian, M|92/100
|move|p1a: Heatran|Lava Plume|p2a: Tornadus
|-damage|p2a: Tornadus|51/100
|-status|p2a: Tornadus|brn
|
|-weather|Hail|[upkeep]
|-damage|p2a: Tornadus|45/100 brn|[from] Hail
|-damage|p1a: Heatran|76/100|[from] Hail
|-damage|p2a: Tornadus|39/100 brn|[from] brn
|upkeep
|turn|15
|
|t:|1653823428
|switch|p1a: Clefable|Clefable, F|100/100
|move|p2a: Tornadus|U-turn|p1a: Clefable
|-resisted|p1a: Clefable
|-damage|p1a: Clefable|97/100
|
|t:|1653823434
|switch|p2a: Heatran|Heatran, M|100/100|[from]move: U-turn
|
|-weather|none
|-heal|p1a: Clefable|100/100|[from] item: Leftovers
|upkeep
|turn|16
|
|t:|1653823439
|switch|p1a: Heatran|Heatran, M|76/100
|-item|p1a: Heatran|Air Balloon
|move|p2a: Heatran|Stealth Rock|p1a: Heatran
|-sidestart|p1: napty|move: Stealth Rock
|
|upkeep
|turn|17
|
|t:|1653823443
|switch|p2a: Tornadus|Tornadus-Therian, M|73/100 brn
|move|p1a: Heatran|Stealth Rock|p2a: Tornadus
|-sidestart|p2: TheonReekGreyjoy|move: Stealth Rock
|
|-damage|p2a: Tornadus|66/100 brn|[from] brn
|upkeep
|turn|18
|
|t:|1653823450
|switch|p1a: Clefable|Clefable, F|100/100
|move|p2a: Tornadus|U-turn|p1a: Clefable
|-resisted|p1a: Clefable
|-damage|p1a: Clefable|97/100
|
|t:|1653823455
|switch|p2a: Heatran|Heatran, M|100/100|[from]move: U-turn
|-damage|p2a: Heatran|88/100|[from] Stealth Rock
|
|-heal|p2a: Heatran|94/100|[from] item: Leftovers
|-heal|p1a: Clefable|100/100|[from] item: Leftovers
|upkeep
|turn|19
|
|t:|1653823460
|move|p2a: Heatran|Heavy Slam|p1a: Clefable
|-supereffective|p1a: Clefable
|-damage|p1a: Clefable|43/100
|move|p1a: Clefable|Teleport|p1a: Clefable
|
|t:|1653823468
|switch|p1a: Landorus|Landorus-Therian, M|72/100|[from]move: Teleport
|-damage|p1a: Landorus|60/100|[from] Stealth Rock
|-ability|p1a: Landorus|Intimidate|boost
|-unboost|p2a: Heatran|atk|1
|
|-heal|p1a: Landorus|66/100|[from] item: Leftovers
|-heal|p2a: Heatran|100/100|[from] item: Leftovers
|upkeep
|turn|20
|
|t:|1653823474
|switch|p2a: Tornadus|Tornadus-Therian, M|99/100 brn
|-damage|p2a: Tornadus|75/100 brn|[from] Stealth Rock
|move|p1a: Landorus|Earthquake|p2a: Tornadus
|-immune|p2a: Tornadus
|
|-heal|p1a: Landorus|72/100|[from] item: Leftovers
|-damage|p2a: Tornadus|69/100 brn|[from] brn
|upkeep
|turn|21
|
|t:|1653823479
|move|p2a: Tornadus|Knock Off|p1a: Landorus
|-damage|p1a: Landorus|60/100
|-enditem|p1a: Landorus|Leftovers|[from] move: Knock Off|[of] p2a: Tornadus
|move|p1a: Landorus|Substitute|p1a: Landorus
|-start|p1a: Landorus|Substitute
|-damage|p1a: Landorus|35/100
|
|-damage|p2a: Tornadus|63/100 brn|[from] brn
|upkeep
|turn|22
|
|t:|1653823493
|switch|p2a: Landorus|Landorus-Therian, M|100/100
|-damage|p2a: Landorus|88/100|[from] Stealth Rock
|-ability|p2a: Landorus|Intimidate|boost
|-immune|p1a: Landorus
|move|p1a: Landorus|Swords Dance|p1a: Landorus
|-boost|p1a: Landorus|atk|2
|
|-heal|p2a: Landorus|94/100|[from] item: Leftovers
|upkeep
|turn|23
|
|t:|1653823499
|move|p1a: Landorus|Swords Dance|p1a: Landorus
|-boost|p1a: Landorus|atk|2
|move|p2a: Landorus|U-turn|p1a: Landorus
|-resisted|p1a: Landorus
|-activate|p1a: Landorus|move: Substitute|[damage]
|j| Ctannn
|
|t:|1653823507
|switch|p2a: Vanilluxe|Vanilluxe, M|100/100|[from]move: U-turn
|-damage|p2a: Vanilluxe|76/100|[from] Stealth Rock
|-weather|Hail|[from] ability: Snow Warning|[of] p2a: Vanilluxe
|
|-weather|Hail|[upkeep]
|-damage|p1a: Landorus|29/100|[from] Hail
|upkeep
|turn|24
|
|t:|1653823510
|move|p2a: Vanilluxe|Ice Shard|p1a: Landorus
|-supereffective|p1a: Landorus
|-end|p1a: Landorus|Substitute
|move|p1a: Landorus|Knock Off|p2a: Vanilluxe
|-damage|p2a: Vanilluxe|0 fnt
|-enditem|p2a: Vanilluxe|Never-Melt Ice|[from] move: Knock Off|[of] p1a: Landorus
|faint|p2a: Vanilluxe
|
|-weather|Hail|[upkeep]
|-damage|p1a: Landorus|23/100|[from] Hail
|upkeep
|
|t:|1653823517
|switch|p2a: Arctozolt|Arctozolt|100/100
|turn|25
|
|t:|1653823522
|switch|p1a: Aegislash|Aegislash, F|100/100
|-damage|p1a: Aegislash|94/100|[from] Stealth Rock
|move|p2a: Arctozolt|Blizzard|p1a: Aegislash
|-resisted|p1a: Aegislash
|-damage|p1a: Aegislash|82/100
|
|-weather|Hail|[upkeep]
|-damage|p1a: Aegislash|76/100|[from] Hail
|-heal|p1a: Aegislash|82/100|[from] item: Leftovers
|upkeep
|turn|26
|
|t:|1653823526
|move|p1a: Aegislash|King's Shield|p1a: Aegislash
|-singleturn|p1a: Aegislash|Protect
|move|p2a: Arctozolt|Bolt Beak|p1a: Aegislash
|-activate|p1a: Aegislash|move: Protect
|-unboost|p2a: Arctozolt|atk|1
|
|-weather|Hail|[upkeep]
|-damage|p1a: Aegislash|76/100|[from] Hail
|-heal|p1a: Aegislash|82/100|[from] item: Leftovers
|upkeep
|turn|27
|
|t:|1653823533
|move|p2a: Arctozolt|Bolt Beak|p1a: Aegislash
|-damage|p1a: Aegislash|44/100
|move|p1a: Aegislash|Toxic|p2a: Arctozolt
|-status|p2a: Arctozolt|tox
|
|-weather|none
|-heal|p1a: Aegislash|50/100|[from] item: Leftovers
|-damage|p2a: Arctozolt|94/100 tox|[from] psn
|upkeep
|turn|28
|
|t:|1653823541
|switch|p2a: Heatran|Heatran, M|100/100
|-damage|p2a: Heatran|88/100|[from] Stealth Rock
|move|p1a: Aegislash|King's Shield||[still]
|-fail|p1a: Aegislash
|
|-heal|p2a: Heatran|94/100|[from] item: Leftovers
|-heal|p1a: Aegislash|56/100|[from] item: Leftovers
|upkeep
|turn|29
|
|t:|1653823548
|move|p1a: Aegislash|King's Shield|p1a: Aegislash
|-singleturn|p1a: Aegislash|Protect
|move|p2a: Heatran|Lava Plume|p1a: Aegislash
|-activate|p1a: Aegislash|move: Protect
|
|-heal|p2a: Heatran|100/100|[from] item: Leftovers
|-heal|p1a: Aegislash|62/100|[from] item: Leftovers
|upkeep
|turn|30
|
|t:|1653823575
|move|p2a: Heatran|Heavy Slam|p1a: Aegislash
|-resisted|p1a: Aegislash
|-damage|p1a: Aegislash|48/100
|-formechange|p1a: Aegislash|Aegislash-Blade||[from] ability: Stance Change
|move|p1a: Aegislash|Shadow Ball|p2a: Heatran
|-damage|p2a: Heatran|75/100
|
|-heal|p2a: Heatran|81/100|[from] item: Leftovers
|-heal|p1a: Aegislash|54/100|[from] item: Leftovers
|upkeep
|turn|31
|
|t:|1653823583
|switch|p1a: Heatran|Heatran, M|76/100
|-damage|p1a: Heatran|63/100|[from] Stealth Rock
|-item|p1a: Heatran|Air Balloon
|move|p2a: Heatran|Heavy Slam|p1a: Heatran
|-resisted|p1a: Heatran
|-damage|p1a: Heatran|60/100
|-enditem|p1a: Heatran|Air Balloon
|
|-heal|p2a: Heatran|87/100|[from] item: Leftovers
|upkeep
|turn|32
|j| nightsuwu
|
|t:|1653823596
|switch|p1a: Latias|Latias, F|17/100
|-damage|p1a: Latias|4/100|[from] Stealth Rock
|move|p2a: Heatran|Protect||[still]
|-fail|p2a: Heatran
|
|-heal|p2a: Heatran|93/100|[from] item: Leftovers
|upkeep
|turn|33
|
|t:|1653823620
|switch|p2a: Tornadus|Tornadus-Therian, M|96/100 brn
|-damage|p2a: Tornadus|71/100 brn|[from] Stealth Rock
|move|p1a: Latias|Healing Wish|p1a: Latias
|faint|p1a: Latias
|
|-damage|p2a: Tornadus|65/100 brn|[from] brn
|upkeep
|
|t:|1653823629
|switch|p1a: Landorus|Landorus-Therian, M|23/100
|-heal|p1a: Landorus|100/100|[from] move: Healing Wish
|-damage|p1a: Landorus|88/100|[from] Stealth Rock
|-ability|p1a: Landorus|Intimidate|boost
|-unboost|p2a: Tornadus|atk|1
|turn|34
|
|t:|1653823634
|switch|p1a: Aegislash|Aegislash, F|54/100
|-damage|p1a: Aegislash|48/100|[from] Stealth Rock
|move|p2a: Tornadus|Hurricane|p1a: Aegislash|[miss]
|-miss|p2a: Tornadus|p1a: Aegislash
|
|-heal|p1a: Aegislash|54/100|[from] item: Leftovers
|-damage|p2a: Tornadus|59/100 brn|[from] brn
|upkeep
|turn|35
|
|t:|1653823640
|switch|p2a: Heatran|Heatran, M|93/100
|-damage|p2a: Heatran|81/100|[from] Stealth Rock
|switch|p1a: Landorus|Landorus-Therian, M|88/100
|-damage|p1a: Landorus|76/100|[from] Stealth Rock
|-ability|p1a: Landorus|Intimidate|boost
|-unboost|p2a: Heatran|atk|1
|
|-heal|p2a: Heatran|87/100|[from] item: Leftovers
|upkeep
|turn|36
|j| BoosStom7
|
|t:|1653823648
|switch|p2a: Landorus|Landorus-Therian, M|94/100
|-damage|p2a: Landorus|82/100|[from] Stealth Rock
|-ability|p2a: Landorus|Intimidate|boost
|-unboost|p1a: Landorus|atk|1
|move|p1a: Landorus|Knock Off|p2a: Landorus
|-damage|p2a: Landorus|57/100
|-enditem|p2a: Landorus|Leftovers|[from] move: Knock Off|[of] p1a: Landorus
|
|upkeep
|turn|37
|
|t:|1653823652
|move|p1a: Landorus|Substitute|p1a: Landorus
|-start|p1a: Landorus|Substitute
|-damage|p1a: Landorus|51/100
|move|p2a: Landorus|U-turn|p1a: Landorus
|-resisted|p1a: Landorus
|-crit|p1a: Landorus
|-activate|p1a: Landorus|move: Substitute|[damage]
|
|t:|1653823658
|switch|p2a: Tornadus|Tornadus-Therian, M|92/100 brn|[from]move: U-turn
|-damage|p2a: Tornadus|67/100 brn|[from] Stealth Rock
|
|-damage|p2a: Tornadus|61/100 brn|[from] brn
|upkeep
|turn|38
|
|t:|1653823662
|move|p2a: Tornadus|Heat Wave|p1a: Landorus
|-end|p1a: Landorus|Substitute
|move|p1a: Landorus|Swords Dance|p1a: Landorus
|-boost|p1a: Landorus|atk|2
|
|-damage|p2a: Tornadus|55/100 brn|[from] brn
|upkeep
|turn|39
|
|t:|1653823670
|move|p2a: Tornadus|Heat Wave|p1a: Landorus
|-damage|p1a: Landorus|21/100
|move|p1a: Landorus|Knock Off|p2a: Tornadus
|-damage|p2a: Tornadus|2/100 brn
|-enditem|p2a: Tornadus|Choice Scarf|[from] move: Knock Off|[of] p1a: Landorus
|
|-damage|p2a: Tornadus|0 fnt|[from] brn
|faint|p2a: Tornadus
|upkeep
|
|t:|1653823677
|switch|p2a: Landorus|Landorus-Therian, M|57/100
|-damage|p2a: Landorus|45/100|[from] Stealth Rock
|-ability|p2a: Landorus|Intimidate|boost
|-unboost|p1a: Landorus|atk|1
|turn|40
|
|t:|1653823685
|move|p1a: Landorus|Swords Dance|p1a: Landorus
|-boost|p1a: Landorus|atk|2
|move|p2a: Landorus|Toxic|p1a: Landorus
|-status|p1a: Landorus|tox
|
|-damage|p1a: Landorus|15/100 tox|[from] psn
|upkeep
|turn|41
|
|t:|1653823695
|switch|p2a: Arctozolt|Arctozolt|94/100 tox
|move|p1a: Landorus|Knock Off|p2a: Arctozolt
|-damage|p2a: Arctozolt|7/100 tox
|-enditem|p2a: Arctozolt|Heavy-Duty Boots|[from] move: Knock Off|[of] p1a: Landorus
|
|-damage|p1a: Landorus|3/100 tox|[from] psn
|-damage|p2a: Arctozolt|1/100 tox|[from] psn
|upkeep
|turn|42
|
|t:|1653823704
|move|p1a: Landorus|Knock Off|p2a: Arctozolt
|-damage|p2a: Arctozolt|0 fnt
|faint|p2a: Arctozolt
|
|-damage|p1a: Landorus|0 fnt|[from] psn
|faint|p1a: Landorus
|upkeep
|
|t:|1653823721
|switch|p1a: Clefable|Clefable, F|43/100
|switch|p2a: Landorus|Landorus-Therian, M|45/100
|-damage|p2a: Landorus|33/100|[from] Stealth Rock
|-ability|p2a: Landorus|Intimidate|boost
|-unboost|p1a: Clefable|atk|1
|turn|43
|
|t:|1653823728
|move|p1a: Clefable|Protect|p1a: Clefable
|-singleturn|p1a: Clefable|Protect
|move|p2a: Landorus|Earthquake|p1a: Clefable
|-activate|p1a: Clefable|move: Protect
|
|-heal|p1a: Clefable|49/100|[from] item: Leftovers
|upkeep
|turn|44
|
|t:|1653823731
|move|p2a: Landorus|Earthquake|p1a: Clefable
|-damage|p1a: Clefable|8/100
|move|p1a: Clefable|Wish|p1a: Clefable
|
|-heal|p1a: Clefable|14/100|[from] item: Leftovers
|upkeep
|turn|45
|
|t:|1653823745
|switch|p2a: Heatran|Heatran, M|87/100
|-damage|p2a: Heatran|75/100|[from] Stealth Rock
|move|p1a: Clefable|Protect||[still]
|-fail|p1a: Clefable
|
|-heal|p1a: Clefable|64/100|[from] move: Wish|[wisher] Clefable
|-heal|p2a: Heatran|81/100|[from] item: Leftovers
|-heal|p1a: Clefable|71/100|[from] item: Leftovers
|upkeep
|turn|46
|
|t:|1653823751
|move|p1a: Clefable|Protect|p1a: Clefable
|-singleturn|p1a: Clefable|Protect
|move|p2a: Heatran|Heavy Slam|p1a: Clefable
|-activate|p1a: Clefable|move: Protect
|
|-heal|p2a: Heatran|87/100|[from] item: Leftovers
|-heal|p1a: Clefable|77/100|[from] item: Leftovers
|upkeep
|turn|47
|
|t:|1653823762
|switch|p2a: Landorus|Landorus-Therian, M|33/100
|-damage|p2a: Landorus|20/100|[from] Stealth Rock
|-ability|p2a: Landorus|Intimidate|boost
|-unboost|p1a: Clefable|atk|1
|move|p1a: Clefable|Wish|p1a: Clefable
|
|-heal|p1a: Clefable|83/100|[from] item: Leftovers
|upkeep
|turn|48
|
|t:|1653823767
|move|p2a: Landorus|U-turn|p1a: Clefable
|-resisted|p1a: Clefable
|-damage|p1a: Clefable|73/100
|
|t:|1653823770
|switch|p2a: Heatran|Heatran, M|87/100|[from]move: U-turn
|-damage|p2a: Heatran|75/100|[from] Stealth Rock
|move|p1a: Clefable|Moonblast|p2a: Heatran
|-resisted|p2a: Heatran
|-damage|p2a: Heatran|69/100
|
|-heal|p1a: Clefable|100/100|[from] move: Wish|[wisher] Clefable
|-heal|p2a: Heatran|75/100|[from] item: Leftovers
|upkeep
|turn|49
|l| nightsuwu
|
|t:|1653823782
|move|p1a: Clefable|Protect|p1a: Clefable
|-singleturn|p1a: Clefable|Protect
|move|p2a: Heatran|Heavy Slam|p1a: Clefable
|-activate|p1a: Clefable|move: Protect
|
|-heal|p2a: Heatran|82/100|[from] item: Leftovers
|upkeep
|turn|50
|
|t:|1653823787
|move|p2a: Heatran|Heavy Slam|p1a: Clefable
|-supereffective|p1a: Clefable
|-damage|p1a: Clefable|40/100
|move|p1a: Clefable|Wish|p1a: Clefable
|
|-heal|p2a: Heatran|88/100|[from] item: Leftovers
|-heal|p1a: Clefable|46/100|[from] item: Leftovers
|upkeep
|turn|51
|
|t:|1653823796
|move|p1a: Clefable|Protect|p1a: Clefable
|-singleturn|p1a: Clefable|Protect
|move|p2a: Heatran|Heavy Slam|p1a: Clefable
|-activate|p1a: Clefable|move: Protect
|
|-heal|p1a: Clefable|96/100|[from] move: Wish|[wisher] Clefable
|-heal|p2a: Heatran|94/100|[from] item: Leftovers
|-heal|p1a: Clefable|100/100|[from] item: Leftovers
|upkeep
|turn|52
|
|t:|1653823806
|move|p2a: Heatran|Lava Plume|p1a: Clefable
|-damage|p1a: Clefable|73/100
|move|p1a: Clefable|Wish|p1a: Clefable
|
|-heal|p2a: Heatran|99/100|[from] item: Leftovers
|-heal|p1a: Clefable|79/100|[from] item: Leftovers
|upkeep
|turn|53
|
|t:|1653823815
|switch|p1a: Heatran|Heatran, M|60/100
|-damage|p1a: Heatran|48/100|[from] Stealth Rock
|move|p2a: Heatran|Lava Plume|p1a: Heatran
|-start|p1a: Heatran|ability: Flash Fire
|
|-heal|p1a: Heatran|100/100|[from] move: Wish|[wisher] Clefable
|-heal|p2a: Heatran|100/100|[from] item: Leftovers
|upkeep
|turn|54
|
|t:|1653823825
|move|p2a: Heatran|Protect|p2a: Heatran
|-singleturn|p2a: Heatran|Protect
|move|p1a: Heatran|Lava Plume|p2a: Heatran
|-activate|p2a: Heatran|move: Protect
|
|upkeep
|turn|55
|
|t:|1653823834
|move|p1a: Heatran|Lava Plume|p2a: Heatran
|-damage|p2a: Heatran|54/100
|move|p2a: Heatran|Heavy Slam|p1a: Heatran
|-resisted|p1a: Heatran
|-damage|p1a: Heatran|97/100
|
|-heal|p2a: Heatran|60/100|[from] item: Leftovers
|upkeep
|turn|56
|-message|TheonReekGreyjoy forfeited.
|
|win|napty
|raw|napty's rating: 1742 &rarr; <strong>1774</strong><br />(+32 for winning)
|raw|TheonReekGreyjoy's rating: 1986 &rarr; <strong>1954</strong><br />(-32 for losing)
|l|☆TheonReekGreyjoy
