|j|☆Wamuudes
|j|☆2(H2O)-Alt
|t:|1655495184
|gametype|singles
|player|p1|Wamuudes|bugcatcher-gen1|1629
|player|p2|2(H2O)-Alt|lady|1648
|teamsize|p1|6
|teamsize|p2|6
|gen|8
|tier|[Gen 8] OU
|rated|
|rule|Sleep Clause Mod: Limit one foe put to sleep
|rule|Species Clause: Limit one of each Pokémon
|rule|OHKO Clause: OHKO moves are banned
|rule|Evasion Moves Clause: Evasion moves are banned
|rule|Endless Battle Clause: Forcing endless battles is banned
|rule|HP Percentage Mod: HP is shown in percentages
|rule|Dynamax Clause: You cannot dynamax
|clearpoke
|poke|p1|Blissey, F|
|poke|p1|Toxapex, M|
|poke|p1|Shedinja|
|poke|p1|Corviknight, M|
|poke|p1|Clefable, F|
|poke|p1|Ditto|
|poke|p2|Tapu Lele|
|poke|p2|Victini|
|poke|p2|Melmetal|
|poke|p2|Landorus-Therian, M|
|poke|p2|Urshifu-*, M|
|poke|p2|Dragonite, M|
|teampreview
|inactive|Battle timer is ON: inactive players will automatically lose when time's up. (requested by Wamuudes)
|
|t:|1655495209
|start
|switch|p1a: Toxapex|Toxapex, M|100/100
|switch|p2a: Tapu Lele|Tapu Lele|100/100
|-fieldstart|move: Psychic Terrain|[from] ability: Psychic Surge|[of] p2a: Tapu Lele
|turn|1
|
|t:|1655495212
|switch|p1a: Shedinja|Shedinja|100/100
|move|p2a: Tapu Lele|Future Sight|p1a: Shedinja
|-start|p2a: Tapu Lele|move: Future Sight
|
|upkeep
|turn|2
|
|t:|1655495220
|switch|p2a: Victini|Victini|100/100
|move|p1a: Shedinja|Toxic|p2a: Victini|[miss]
|-miss|p1a: Shedinja|p2a: Victini
|
|upkeep
|turn|3
|c|☆Wamuudes|bruhj
|
|t:|1655495237
|move|p1a: Shedinja|Protect|p1a: Shedinja
|-singleturn|p1a: Shedinja|Protect
|move|p2a: Victini|V-create|p1a: Shedinja
|-activate|p1a: Shedinja|move: Protect
|
|-end|p1a: Shedinja|move: Future Sight
|-immune|p1a: Shedinja|[from] ability: Wonder Guard
|upkeep
|turn|4
|
|t:|1655495243
|switch|p1a: Toxapex|Toxapex, M|100/100
|move|p2a: Victini|Expanding Force|p1a: Toxapex
|-supereffective|p1a: Toxapex
|-damage|p1a: Toxapex|13/100
|
|upkeep
|turn|5
|
|t:|1655495253
|switch|p1a: Ditto|Ditto, shiny|100/100
|-transform|p1a: Ditto|p2a: Victini|[from] ability: Imposter
|-item|p1a: Ditto|Air Balloon
|move|p2a: Victini|V-create|p1a: Ditto
|-resisted|p1a: Ditto
|-damage|p1a: Ditto|47/100
|-unboost|p2a: Victini|spe|1
|-unboost|p2a: Victini|def|1
|-unboost|p2a: Victini|spd|1
|-enditem|p1a: Ditto|Air Balloon
|
|-fieldend|move: Psychic Terrain
|upkeep
|turn|6
|
|t:|1655495262
|switch|p2a: Landorus|Landorus-Therian, M|100/100
|-ability|p2a: Landorus|Intimidate|boost
|-unboost|p1a: Ditto|atk|1
|move|p1a: Ditto|U-turn|p2a: Landorus
|-resisted|p2a: Landorus
|-damage|p2a: Landorus|94/100
|
|t:|1655495265
|switch|p1a: Toxapex|Toxapex, M|46/100|[from]move: U-turn
|
|-heal|p2a: Landorus|100/100|[from] item: Leftovers
|upkeep
|turn|7
|
|t:|1655495267
|switch|p1a: Corviknight|Corviknight, M|100/100
|-ability|p1a: Corviknight|Pressure
|move|p2a: Landorus|Earthquake|p1a: Corviknight
|-immune|p1a: Corviknight
|
|upkeep
|turn|8
|
|t:|1655495274
|switch|p1a: Toxapex|Toxapex, M|79/100
|move|p2a: Landorus|U-turn|p1a: Toxapex
|-resisted|p1a: Toxapex
|-damage|p1a: Toxapex|72/100
|
|t:|1655495279
|switch|p2a: Tapu Lele|Tapu Lele|100/100|[from]move: U-turn
|-fieldstart|move: Psychic Terrain|[from] ability: Psychic Surge|[of] p2a: Tapu Lele
|
|upkeep
|turn|9
|
|t:|1655495285
|move|p2a: Tapu Lele|Future Sight|p1a: Toxapex
|-start|p2a: Tapu Lele|move: Future Sight
|move|p1a: Toxapex|Knock Off|p2a: Tapu Lele
|-damage|p2a: Tapu Lele|78/100
|-enditem|p2a: Tapu Lele|Choice Scarf|[from] move: Knock Off|[of] p1a: Toxapex
|
|upkeep
|turn|10
|
|t:|1655495291
|switch|p2a: Victini|Victini|100/100
|switch|p1a: Shedinja|Shedinja|100/100
|
|upkeep
|turn|11
|
|t:|1655495295
|move|p1a: Shedinja|Protect|p1a: Shedinja
|-singleturn|p1a: Shedinja|Protect
|move|p2a: Victini|Bolt Strike|p1a: Shedinja
|-activate|p1a: Shedinja|move: Protect
|
|-end|p1a: Shedinja|move: Future Sight
|-immune|p1a: Shedinja|[from] ability: Wonder Guard
|upkeep
|turn|12
|
|t:|1655495318
|move|p2a: Victini|Expanding Force|p1a: Shedinja
|-immune|p1a: Shedinja|[from] ability: Wonder Guard
|move|p1a: Shedinja|Toxic|p2a: Victini
|-status|p2a: Victini|tox
|
|-damage|p2a: Victini|94/100 tox|[from] psn
|-fieldend|move: Psychic Terrain
|upkeep
|turn|13
|-message|2(H2O)-Alt forfeited.
|
|win|Wamuudes
|raw|Wamuudes's rating: 1629 &rarr; <strong>1650</strong><br />(+21 for winning)
|raw|2(H2O)-Alt's rating: 1648 &rarr; <strong>1627</strong><br />(-21 for losing)
|l|☆2(H2O)-Alt
||Ladder isn't responding, score probably updated but might not have (Request timeout).
