|j|☆Cerpy
|j|☆big boss 447
|player|p1|Cerpy|hilda-dueldisk|1806
|player|p2|big boss 447|n|1735
|teamsize|p1|6
|teamsize|p2|6
|gametype|singles
|gen|8
|tier|[Gen 8] OU
|rated|
|clearpoke
|poke|p1|Rotom-Wash|
|poke|p1|Corviknight, F|
|poke|p1|Clefable, M|
|poke|p1|Kommo-o, M|
|poke|p1|Hydreigon, M|
|poke|p1|Gengar, F|
|poke|p2|Cinderace, F|
|poke|p2|Hydreigon, F|
|poke|p2|Zeraora|
|poke|p2|Hippowdon, M|
|poke|p2|Clefable, F|
|poke|p2|Aegislash, M|
|rule|Sleep Clause Mod: Limit one foe put to sleep
|rule|Species Clause: Limit one of each Pokémon
|rule|OHKO Clause: OHKO moves are banned
|rule|Evasion Moves Clause: Evasion moves are banned
|rule|Endless Battle Clause: Forcing endless battles is banned
|rule|HP Percentage Mod: HP is shown in percentages
|rule|Dynamax Clause: You cannot dynamax
|teampreview
|
|start
|switch|p1a: Rotom|Rotom-Wash|100/100
|switch|p2a: Clefable|Clefable, F|100/100
|turn|1
|inactive|Battle timer is ON: inactive players will automatically lose when time's up. (requested by Cerpy)
|
|move|p2a: Clefable|Calm Mind|p2a: Clefable
|-boost|p2a: Clefable|spa|1
|-boost|p2a: Clefable|spd|1
|move|p1a: Rotom|Volt Switch|p2a: Clefable
|-damage|p2a: Clefable|81/100
|
|switch|p1a: Gengar|Gengar, F|100/100|[from]move: Volt Switch
|
|upkeep
|turn|2
|j| Iwinallbutsome
|
|move|p1a: Gengar|Trick|p2a: Clefable
|-activate|p1a: Gengar|move: Trick|[of] p2a: Clefable
|-item|p2a: Clefable|Choice Scarf|[from] move: Trick
|-item|p1a: Gengar|Life Orb|[from] move: Trick
|move|p2a: Clefable|Psychic|p1a: Gengar
|-supereffective|p1a: Gengar
|-damage|p1a: Gengar|0 fnt
|-start|p2a: Clefable|Disable|Psychic|[from] ability: Cursed Body|[of] p1a: Gengar
|faint|p1a: Gengar
|
|upkeep
|
|switch|p1a: Hydreigon|Hydreigon, M|100/100
|turn|3
|
|switch|p2a: Zeraora|Zeraora|100/100
|move|p1a: Hydreigon|Draco Meteor|p2a: Zeraora
|-damage|p2a: Zeraora|0 fnt
|-unboost|p1a: Hydreigon|spa|2
|-damage|p1a: Hydreigon|91/100|[from] item: Life Orb
|faint|p2a: Zeraora
|
|upkeep
|
|switch|p2a: Cinderace|Cinderace, F|100/100
|turn|4
|
|switch|p1a: Rotom|Rotom-Wash|100/100
|move|p2a: Cinderace|Bulk Up|p2a: Cinderace
|-start|p2a: Cinderace|typechange|Fighting|[from] ability: Libero
|-boost|p2a: Cinderace|atk|1
|-boost|p2a: Cinderace|def|1
|
|upkeep
|turn|5
|
|move|p2a: Cinderace|Pyro Ball|p1a: Rotom
|-start|p2a: Cinderace|typechange|Fire|[from] ability: Libero
|-resisted|p1a: Rotom
|-damage|p1a: Rotom|70/100
|move|p1a: Rotom|Will-O-Wisp|p2a: Cinderace
|-immune|p2a: Cinderace
|
|-heal|p1a: Rotom|76/100|[from] item: Leftovers
|upkeep
|turn|6
|
|move|p2a: Cinderace|High Jump Kick|p1a: Rotom
|-start|p2a: Cinderace|typechange|Fighting|[from] ability: Libero
|-damage|p1a: Rotom|9/100
|move|p1a: Rotom|Will-O-Wisp|p2a: Cinderace
|-status|p2a: Cinderace|brn
|
|-heal|p1a: Rotom|15/100|[from] item: Leftovers
|-damage|p2a: Cinderace|94/100 brn|[from] brn
|upkeep
|turn|7
|j| GabrielPBC
|
|switch|p1a: Kommo-o|Kommo-o, M|100/100
|move|p2a: Cinderace|High Jump Kick|p1a: Kommo-o
|-damage|p1a: Kommo-o|71/100
|
|-heal|p1a: Kommo-o|78/100|[from] item: Leftovers
|-damage|p2a: Cinderace|88/100 brn|[from] brn
|upkeep
|turn|8
|
|move|p2a: Cinderace|Zen Headbutt|p1a: Kommo-o
|-start|p2a: Cinderace|typechange|Psychic|[from] ability: Libero
|-supereffective|p1a: Kommo-o
|-damage|p1a: Kommo-o|42/100
|move|p1a: Kommo-o|Stealth Rock|p2a: Cinderace
|-sidestart|p2: big boss 447|move: Stealth Rock
|
|-heal|p1a: Kommo-o|48/100|[from] item: Leftovers
|-damage|p2a: Cinderace|82/100 brn|[from] brn
|upkeep
|turn|9
|
|move|p2a: Cinderace|Bulk Up|p2a: Cinderace
|-start|p2a: Cinderace|typechange|Fighting|[from] ability: Libero
|-boost|p2a: Cinderace|atk|1
|-boost|p2a: Cinderace|def|1
|move|p1a: Kommo-o|Earthquake|p2a: Cinderace
|-damage|p2a: Cinderace|65/100 brn
|
|-heal|p1a: Kommo-o|54/100|[from] item: Leftovers
|-damage|p2a: Cinderace|59/100 brn|[from] brn
|upkeep
|turn|10
|
|switch|p1a: Corviknight|Corviknight, F|100/100
|-ability|p1a: Corviknight|Pressure
|move|p2a: Cinderace|Zen Headbutt|p1a: Corviknight
|-start|p2a: Cinderace|typechange|Psychic|[from] ability: Libero
|-resisted|p1a: Corviknight
|-damage|p1a: Corviknight|86/100
|
|-heal|p1a: Corviknight|92/100|[from] item: Leftovers
|-damage|p2a: Cinderace|52/100 brn|[from] brn
|upkeep
|turn|11
|
|switch|p1a: Kommo-o|Kommo-o, M|54/100
|move|p2a: Cinderace|Pyro Ball|p1a: Kommo-o
|-start|p2a: Cinderace|typechange|Fire|[from] ability: Libero
|-immune|p1a: Kommo-o|[from] ability: Bulletproof
|
|-heal|p1a: Kommo-o|60/100|[from] item: Leftovers
|-damage|p2a: Cinderace|46/100 brn|[from] brn
|upkeep
|turn|12
|
|move|p2a: Cinderace|Zen Headbutt|p1a: Kommo-o
|-start|p2a: Cinderace|typechange|Psychic|[from] ability: Libero
|-supereffective|p1a: Kommo-o
|-damage|p1a: Kommo-o|13/100
|move|p1a: Kommo-o|Earthquake|p2a: Cinderace
|-damage|p2a: Cinderace|29/100 brn
|
|-heal|p1a: Kommo-o|20/100|[from] item: Leftovers
|-damage|p2a: Cinderace|23/100 brn|[from] brn
|upkeep
|turn|13
|
|switch|p1a: Corviknight|Corviknight, F|92/100
|-ability|p1a: Corviknight|Pressure
|move|p2a: Cinderace|High Jump Kick|p1a: Corviknight|[miss]
|-start|p2a: Cinderace|typechange|Fighting|[from] ability: Libero
|-miss|p2a: Cinderace|p1a: Corviknight
|-damage|p2a: Cinderace|0 fnt|[from] highjumpkick
|faint|p2a: Cinderace
|
|-heal|p1a: Corviknight|99/100|[from] item: Leftovers
|upkeep
|
|switch|p2a: Clefable|Clefable, F|81/100
|turn|14
|j| BOX CRUSHER
|
|switch|p1a: Clefable|Clefable, M|100/100
|move|p2a: Clefable|Flamethrower|p1a: Clefable
|-damage|p1a: Clefable|82/100
|
|-heal|p1a: Clefable|88/100|[from] item: Leftovers
|upkeep
|turn|15
|
|switch|p2a: Aegislash|Aegislash, M|100/100
|-damage|p2a: Aegislash|94/100|[from] Stealth Rock
|move|p1a: Clefable|Calm Mind|p1a: Clefable
|-boost|p1a: Clefable|spa|1
|-boost|p1a: Clefable|spd|1
|
|-heal|p1a: Clefable|94/100|[from] item: Leftovers
|upkeep
|turn|16
|
|switch|p1a: Rotom|Rotom-Wash|15/100
|-formechange|p2a: Aegislash|Aegislash-Blade||[from] ability: Stance Change
|move|p2a: Aegislash|Flash Cannon|p1a: Rotom
|-resisted|p1a: Rotom
|-damage|p1a: Rotom|0 fnt
|faint|p1a: Rotom
|
|upkeep
|
|switch|p1a: Hydreigon|Hydreigon, M|91/100
|turn|17
|
|switch|p2a: Clefable|Clefable, F|81/100
|move|p1a: Hydreigon|Nasty Plot|p1a: Hydreigon
|-boost|p1a: Hydreigon|spa|2
|
|upkeep
|turn|18
|
|move|p2a: Clefable|Moonblast|p1a: Hydreigon
|-supereffective|p1a: Hydreigon
|-damage|p1a: Hydreigon|0 fnt
|faint|p1a: Hydreigon
|
|upkeep
|
|switch|p1a: Clefable|Clefable, M|94/100
|turn|19
|
|switch|p2a: Aegislash|Aegislash, M|94/100
|-damage|p2a: Aegislash|88/100|[from] Stealth Rock
|move|p1a: Clefable|Knock Off|p2a: Aegislash
|-supereffective|p2a: Aegislash
|-damage|p2a: Aegislash|61/100
|-enditem|p2a: Aegislash|Choice Specs|[from] move: Knock Off|[of] p1a: Clefable
|
|-heal|p1a: Clefable|100/100|[from] item: Leftovers
|upkeep
|turn|20
|j| Chicho20035
|
|switch|p1a: Corviknight|Corviknight, F|99/100
|-ability|p1a: Corviknight|Pressure
|-formechange|p2a: Aegislash|Aegislash-Blade||[from] ability: Stance Change
|move|p2a: Aegislash|Flash Cannon|p1a: Corviknight
|-resisted|p1a: Corviknight
|-damage|p1a: Corviknight|80/100
|
|-heal|p1a: Corviknight|86/100|[from] item: Leftovers
|upkeep
|turn|21
|
|move|p2a: Aegislash|Shadow Ball|p1a: Corviknight
|-damage|p1a: Corviknight|53/100
|move|p1a: Corviknight|Iron Head|p2a: Aegislash
|-resisted|p2a: Aegislash
|-damage|p2a: Aegislash|37/100
|
|-heal|p1a: Corviknight|59/100|[from] item: Leftovers
|upkeep
|turn|22
|
|move|p2a: Aegislash|Shadow Ball|p1a: Corviknight
|-damage|p1a: Corviknight|26/100
|-unboost|p1a: Corviknight|spd|1
|move|p1a: Corviknight|Roost|p1a: Corviknight
|-heal|p1a: Corviknight|76/100
|-singleturn|p1a: Corviknight|move: Roost
|
|-heal|p1a: Corviknight|82/100|[from] item: Leftovers
|upkeep
|turn|23
|
|move|p2a: Aegislash|Shadow Ball|p1a: Corviknight
|-damage|p1a: Corviknight|32/100
|move|p1a: Corviknight|U-turn|p2a: Aegislash
|-resisted|p2a: Aegislash
|-damage|p2a: Aegislash|30/100
|j| AnimaticLunatic
|
|switch|p1a: Kommo-o|Kommo-o, M|20/100|[from]move: U-turn
|
|-heal|p1a: Kommo-o|26/100|[from] item: Leftovers
|upkeep
|turn|24
|l| AnimaticLunatic
|
|move|p1a: Kommo-o|Earthquake|p2a: Aegislash
|-supereffective|p2a: Aegislash
|-damage|p2a: Aegislash|0 fnt
|faint|p2a: Aegislash
|
|-heal|p1a: Kommo-o|32/100|[from] item: Leftovers
|upkeep
|j|‽difractal
|j| RealSoul
|
|switch|p2a: Hydreigon|Hydreigon, F|100/100
|-damage|p2a: Hydreigon|88/100|[from] Stealth Rock
|turn|25
|
|move|p2a: Hydreigon|Flash Cannon|p1a: Kommo-o
|-damage|p1a: Kommo-o|0 fnt
|-damage|p2a: Hydreigon|78/100|[from] item: Life Orb
|faint|p1a: Kommo-o
|
|upkeep
|
|switch|p1a: Clefable|Clefable, M|100/100
|turn|26
|
|switch|p2a: Hippowdon|Hippowdon, M|100/100
|-damage|p2a: Hippowdon|94/100|[from] Stealth Rock
|-weather|Sandstorm|[from] ability: Sand Stream|[of] p2a: Hippowdon
|move|p1a: Clefable|Moonblast|p2a: Hippowdon
|-damage|p2a: Hippowdon|63/100
|-unboost|p2a: Hippowdon|spa|1
|
|-weather|Sandstorm|[upkeep]
|-heal|p2a: Hippowdon|69/100|[from] item: Leftovers
|upkeep
|turn|27
|j|‽epikkai
|
|move|p1a: Clefable|Knock Off|p2a: Hippowdon
|-damage|p2a: Hippowdon|61/100
|-enditem|p2a: Hippowdon|Leftovers|[from] move: Knock Off|[of] p1a: Clefable
|move|p2a: Hippowdon|Stealth Rock|p1a: Clefable
|-sidestart|p1: Cerpy|move: Stealth Rock
|
|-weather|Sandstorm|[upkeep]
|upkeep
|turn|28
|
|switch|p1a: Corviknight|Corviknight, F|32/100
|-damage|p1a: Corviknight|20/100|[from] Stealth Rock
|-ability|p1a: Corviknight|Pressure
|move|p2a: Hippowdon|Whirlwind|p1a: Corviknight
|drag|p1a: Clefable|Clefable, M|100/100
|
|-weather|Sandstorm|[upkeep]
|upkeep
|turn|29
|
|move|p1a: Clefable|Calm Mind|p1a: Clefable
|-boost|p1a: Clefable|spa|1
|-boost|p1a: Clefable|spd|1
|move|p2a: Hippowdon|Whirlwind|p1a: Clefable
|drag|p1a: Corviknight|Corviknight, F|20/100
|-damage|p1a: Corviknight|8/100|[from] Stealth Rock
|-ability|p1a: Corviknight|Pressure
|
|-weather|Sandstorm|[upkeep]
|-heal|p1a: Corviknight|14/100|[from] item: Leftovers
|upkeep
|turn|30
|
|switch|p2a: Hydreigon|Hydreigon, F|78/100
|-damage|p2a: Hydreigon|66/100|[from] Stealth Rock
|move|p1a: Corviknight|Roost|p1a: Corviknight
|-heal|p1a: Corviknight|64/100
|-singleturn|p1a: Corviknight|move: Roost
|
|-weather|none
|-heal|p1a: Corviknight|70/100|[from] item: Leftovers
|upkeep
|turn|31
|
|move|p2a: Hydreigon|Nasty Plot|p2a: Hydreigon
|-boost|p2a: Hydreigon|spa|2
|move|p1a: Corviknight|U-turn|p2a: Hydreigon
|-supereffective|p2a: Hydreigon
|-damage|p2a: Hydreigon|32/100
|
|switch|p1a: Clefable|Clefable, M|100/100|[from]move: U-turn
|
|upkeep
|turn|32
|
|move|p2a: Hydreigon|Flash Cannon|p1a: Clefable
|-supereffective|p1a: Clefable
|-damage|p1a: Clefable|0 fnt
|-damage|p2a: Hydreigon|22/100|[from] item: Life Orb
|faint|p1a: Clefable
|
|upkeep
|
|switch|p1a: Corviknight|Corviknight, F|70/100
|-damage|p1a: Corviknight|57/100|[from] Stealth Rock
|-ability|p1a: Corviknight|Pressure
|turn|33
|
|move|p2a: Hydreigon|Dark Pulse|p1a: Corviknight
|-damage|p1a: Corviknight|0 fnt
|-damage|p2a: Hydreigon|12/100|[from] item: Life Orb
|faint|p1a: Corviknight
|
|win|big boss 447
|l|☆Cerpy
|raw|Cerpy's rating: 1806 &rarr; <strong>1782</strong><br />(-24 for losing)
|raw|big boss 447's rating: 1735 &rarr; <strong>1759</strong><br />(+24 for winning)
|l|☆big boss 447
|l|‽difractal
