|j|☆haunter77
|j|☆i'm back from mars
|t:|1634320460
|gametype|singles
|player|p1|haunter77|285|1858
|player|p2|i'm back from mars|dawn|1868
|teamsize|p1|6
|teamsize|p2|6
|gen|8
|tier|[Gen 8] OU
|rated|
|rule|Sleep Clause Mod: Limit one foe put to sleep
|rule|Species Clause: Limit one of each Pokémon
|rule|OHKO Clause: OHKO moves are banned
|rule|Evasion Moves Clause: Evasion moves are banned
|rule|Endless Battle Clause: Forcing endless battles is banned
|rule|HP Percentage Mod: HP is shown in percentages
|rule|Dynamax Clause: You cannot dynamax
|clearpoke
|poke|p1|Victini|
|poke|p1|Kartana|
|poke|p1|Tapu Bulu|
|poke|p1|Porygon2|
|poke|p1|Landorus-Therian, M|
|poke|p1|Moltres|
|poke|p2|Shedinja|
|poke|p2|Skarmory, M|
|poke|p2|Gastrodon, M|
|poke|p2|Toxapex, F|
|poke|p2|Clefable, F|
|poke|p2|Hydreigon, F|
|teampreview
|
|t:|1634320491
|start
|switch|p1a: Tapu Bulu|Tapu Bulu|100/100
|switch|p2a: Skarmory|Skarmory, M|100/100
|-fieldstart|move: Grassy Terrain|[from] ability: Grassy Surge|[of] p1a: Tapu Bulu
|turn|1
|inactive|Battle timer is ON: inactive players will automatically lose when time's up. (requested by haunter77)
|
|t:|1634320497
|move|p1a: Tapu Bulu|Swords Dance|p1a: Tapu Bulu
|-boost|p1a: Tapu Bulu|atk|2
|move|p2a: Skarmory|Toxic|p1a: Tapu Bulu
|-status|p1a: Tapu Bulu|tox
|
|-damage|p1a: Tapu Bulu|94/100 tox|[from] psn
|upkeep
|turn|2
|
|t:|1634320506
|switch|p2a: Clefable|Clefable, F|100/100
|move|p1a: Tapu Bulu|Stone Edge|p2a: Clefable|[miss]
|-miss|p1a: Tapu Bulu|p2a: Clefable
|
|-heal|p1a: Tapu Bulu|100/100 tox|[from] Grassy Terrain
|-damage|p1a: Tapu Bulu|88/100 tox|[from] psn
|upkeep
|turn|3
|
|t:|1634320520
|switch|p1a: Victini|Victini|100/100
|move|p2a: Clefable|Soft-Boiled||[still]
|-fail|p2a: Clefable|heal
|
|upkeep
|turn|4
|j| Sixty6sixshit
|j| 0 rei delas
|
|t:|1634320530
|switch|p1a: Porygon2|Porygon2|100/100
|switch|p2a: Toxapex|Toxapex, F|100/100
|
|upkeep
|turn|5
|
|t:|1634320537
|move|p1a: Porygon2|Discharge|p2a: Toxapex
|-supereffective|p2a: Toxapex
|-damage|p2a: Toxapex|57/100
|move|p2a: Toxapex|Knock Off|p1a: Porygon2
|-damage|p1a: Porygon2|91/100
|-enditem|p1a: Porygon2|Eviolite|[from] move: Knock Off|[of] p2a: Toxapex
|
|-heal|p1a: Porygon2|98/100|[from] Grassy Terrain
|-heal|p2a: Toxapex|63/100|[from] Grassy Terrain
|-fieldend|move: Grassy Terrain
|upkeep
|turn|6
|
|t:|1634320544
|switch|p2a: Gastrodon|Gastrodon, M|100/100
|move|p1a: Porygon2|Tri Attack|p2a: Gastrodon
|-damage|p2a: Gastrodon|69/100
|
|-heal|p2a: Gastrodon|75/100|[from] item: Leftovers
|upkeep
|turn|7
|
|t:|1634320550
|switch|p1a: Tapu Bulu|Tapu Bulu|88/100 tox
|-fieldstart|move: Grassy Terrain|[from] ability: Grassy Surge|[of] p1a: Tapu Bulu
|move|p2a: Gastrodon|Toxic|p1a: Tapu Bulu
|-fail|p1a: Tapu Bulu|tox
|
|-heal|p1a: Tapu Bulu|94/100 tox|[from] Grassy Terrain
|-heal|p1a: Tapu Bulu|100/100 tox|[from] item: Leftovers
|-heal|p2a: Gastrodon|81/100|[from] Grassy Terrain
|-heal|p2a: Gastrodon|88/100|[from] item: Leftovers
|-damage|p1a: Tapu Bulu|94/100 tox|[from] psn
|upkeep
|turn|8
|
|t:|1634320556
|switch|p2a: Skarmory|Skarmory, M|100/100
|move|p1a: Tapu Bulu|Swords Dance|p1a: Tapu Bulu
|-boost|p1a: Tapu Bulu|atk|2
|
|-heal|p1a: Tapu Bulu|100/100 tox|[from] Grassy Terrain
|-damage|p1a: Tapu Bulu|88/100 tox|[from] psn
|upkeep
|turn|9
|
|t:|1634320561
|switch|p2a: Clefable|Clefable, F|100/100
|move|p1a: Tapu Bulu|Stone Edge|p2a: Clefable
|-damage|p2a: Clefable|79/100
|
|-heal|p1a: Tapu Bulu|94/100 tox|[from] Grassy Terrain
|-heal|p1a: Tapu Bulu|100/100 tox|[from] item: Leftovers
|-heal|p2a: Clefable|85/100|[from] Grassy Terrain
|-heal|p2a: Clefable|91/100|[from] item: Leftovers
|-damage|p1a: Tapu Bulu|82/100 tox|[from] psn
|upkeep
|turn|10
|
|t:|1634320569
|move|p1a: Tapu Bulu|Horn Leech|p2a: Clefable
|-damage|p2a: Clefable|57/100
|-heal|p1a: Tapu Bulu|100/100 tox|[from] drain|[of] p2a: Clefable
|move|p2a: Clefable|Soft-Boiled|p2a: Clefable
|-heal|p2a: Clefable|100/100
|
|-damage|p1a: Tapu Bulu|76/100 tox|[from] psn
|upkeep
|turn|11
|
|t:|1634320573
|switch|p1a: Victini|Victini|100/100
|move|p2a: Clefable|Moonblast|p1a: Victini
|-resisted|p1a: Victini
|-damage|p1a: Victini|89/100
|
|-heal|p1a: Victini|95/100|[from] Grassy Terrain
|-fieldend|move: Grassy Terrain
|upkeep
|turn|12
|
|t:|1634320577
|switch|p2a: Toxapex|Toxapex, F|97/100
|move|p1a: Victini|Power-Up Punch|p2a: Toxapex
|-resisted|p2a: Toxapex
|-crit|p2a: Toxapex
|-damage|p2a: Toxapex|91/100
|-boost|p1a: Victini|atk|1
|-damage|p1a: Victini|79/100|[from] item: Rocky Helmet|[of] p2a: Toxapex
|
|upkeep
|turn|13
|
|t:|1634320582
|move|p1a: Victini|Bolt Strike|p2a: Toxapex
|-supereffective|p2a: Toxapex
|-damage|p2a: Toxapex|20/100
|-damage|p1a: Victini|62/100|[from] item: Rocky Helmet|[of] p2a: Toxapex
|move|p2a: Toxapex|Toxic|p1a: Victini
|-status|p1a: Victini|tox
|
|-damage|p1a: Victini|56/100 tox|[from] psn
|upkeep
|turn|14
|
|t:|1634320586
|switch|p2a: Clefable|Clefable, F|100/100
|move|p1a: Victini|V-create|p2a: Clefable
|-damage|p2a: Clefable|45/100
|-unboost|p1a: Victini|spe|1
|-unboost|p1a: Victini|def|1
|-unboost|p1a: Victini|spd|1
|
|-heal|p2a: Clefable|51/100|[from] item: Leftovers
|-damage|p1a: Victini|44/100 tox|[from] psn
|upkeep
|turn|15
|
|t:|1634320601
|switch|p2a: Gastrodon|Gastrodon, M|88/100
|move|p1a: Victini|V-create|p2a: Gastrodon
|-resisted|p2a: Gastrodon
|-crit|p2a: Gastrodon
|-damage|p2a: Gastrodon|0 fnt
|-unboost|p1a: Victini|spe|1
|-unboost|p1a: Victini|def|1
|-unboost|p1a: Victini|spd|1
|faint|p2a: Gastrodon
|
|-damage|p1a: Victini|25/100 tox|[from] psn
|upkeep
|
|t:|1634320621
|switch|p2a: Hydreigon|Hydreigon, F|100/100
|turn|16
|
|t:|1634320630
|switch|p1a: Porygon2|Porygon2|98/100
|move|p2a: Hydreigon|Earth Power|p1a: Porygon2
|-damage|p1a: Porygon2|67/100
|
|upkeep
|turn|17
|
|t:|1634320640
|switch|p2a: Shedinja|Shedinja|100/100
|move|p1a: Porygon2|Tri Attack|p2a: Shedinja
|-immune|p2a: Shedinja|[from] ability: Wonder Guard
|
|upkeep
|turn|18
|
|t:|1634320646
|switch|p2a: Toxapex|Toxapex, F|53/100
|switch|p1a: Tapu Bulu|Tapu Bulu|76/100 tox
|-fieldstart|move: Grassy Terrain|[from] ability: Grassy Surge|[of] p1a: Tapu Bulu
|
|-heal|p1a: Tapu Bulu|82/100 tox|[from] Grassy Terrain
|-heal|p1a: Tapu Bulu|88/100 tox|[from] item: Leftovers
|-heal|p2a: Toxapex|59/100|[from] Grassy Terrain
|-damage|p1a: Tapu Bulu|82/100 tox|[from] psn
|upkeep
|turn|19
|
|t:|1634320660
|switch|p1a: Victini|Victini|25/100 tox
|switch|p2a: Hydreigon|Hydreigon, F|100/100
|
|-heal|p1a: Victini|32/100 tox|[from] Grassy Terrain
|-damage|p1a: Victini|25/100 tox|[from] psn
|upkeep
|turn|20
|
|t:|1634320672
|switch|p1a: Landorus|Landorus-Therian, M|100/100
|-ability|p1a: Landorus|Intimidate|boost
|-unboost|p2a: Hydreigon|atk|1
|move|p2a: Hydreigon|Earth Power|p1a: Landorus
|-immune|p1a: Landorus
|
|upkeep
|turn|21
|
|t:|1634320676
|switch|p2a: Skarmory|Skarmory, M|100/100
|move|p1a: Landorus|U-turn|p2a: Skarmory
|-resisted|p2a: Skarmory
|-crit|p2a: Skarmory
|-damage|p2a: Skarmory|95/100
|j| K302
|
|t:|1634320690
|switch|p1a: Porygon2|Porygon2|67/100|[from]move: U-turn
|
|-heal|p1a: Porygon2|73/100|[from] Grassy Terrain
|upkeep
|turn|22
|
|t:|1634320702
|switch|p2a: Shedinja|Shedinja|100/100
|switch|p1a: Landorus|Landorus-Therian, M|100/100
|-ability|p1a: Landorus|Intimidate|boost
|-unboost|p2a: Shedinja|atk|1
|
|-fieldend|move: Grassy Terrain
|upkeep
|turn|23
|
|t:|1634320706
|switch|p2a: Skarmory|Skarmory, M|95/100
|move|p1a: Landorus|U-turn|p2a: Skarmory
|-resisted|p2a: Skarmory
|-damage|p2a: Skarmory|91/100
|
|t:|1634320717
|switch|p1a: Porygon2|Porygon2|73/100|[from]move: U-turn
|
|upkeep
|turn|24
|
|t:|1634320723
|switch|p2a: Shedinja|Shedinja|100/100
|move|p1a: Porygon2|Discharge|p2a: Shedinja
|-immune|p2a: Shedinja|[from] ability: Wonder Guard
|
|upkeep
|turn|25
|
|t:|1634320729
|switch|p1a: Tapu Bulu|Tapu Bulu|82/100 tox
|-fieldstart|move: Grassy Terrain|[from] ability: Grassy Surge|[of] p1a: Tapu Bulu
|move|p2a: Shedinja|Toxic|p1a: Tapu Bulu
|-fail|p1a: Tapu Bulu|tox
|
|-heal|p1a: Tapu Bulu|88/100 tox|[from] Grassy Terrain
|-heal|p1a: Tapu Bulu|94/100 tox|[from] item: Leftovers
|-damage|p1a: Tapu Bulu|88/100 tox|[from] psn
|upkeep
|turn|26
|
|t:|1634320741
|switch|p2a: Hydreigon|Hydreigon, F|100/100
|move|p1a: Tapu Bulu|Swords Dance|p1a: Tapu Bulu
|-boost|p1a: Tapu Bulu|atk|2
|
|-heal|p1a: Tapu Bulu|94/100 tox|[from] Grassy Terrain
|-heal|p1a: Tapu Bulu|100/100 tox|[from] item: Leftovers
|-damage|p1a: Tapu Bulu|88/100 tox|[from] psn
|upkeep
|turn|27
|
|t:|1634320749
|move|p2a: Hydreigon|Flamethrower|p1a: Tapu Bulu
|-supereffective|p1a: Tapu Bulu
|-damage|p1a: Tapu Bulu|46/100 tox
|move|p1a: Tapu Bulu|Superpower|p2a: Hydreigon
|-supereffective|p2a: Hydreigon
|-damage|p2a: Hydreigon|0 fnt
|-unboost|p1a: Tapu Bulu|atk|1
|-unboost|p1a: Tapu Bulu|def|1
|faint|p2a: Hydreigon
|
|-heal|p1a: Tapu Bulu|52/100 tox|[from] Grassy Terrain
|-heal|p1a: Tapu Bulu|58/100 tox|[from] item: Leftovers
|-damage|p1a: Tapu Bulu|40/100 tox|[from] psn
|upkeep
|
|t:|1634320754
|switch|p2a: Clefable|Clefable, F|51/100
|turn|28
|
|t:|1634320757
|move|p1a: Tapu Bulu|Horn Leech|p2a: Clefable
|-damage|p2a: Clefable|18/100
|-heal|p1a: Tapu Bulu|59/100 tox|[from] drain|[of] p2a: Clefable
|move|p2a: Clefable|Soft-Boiled|p2a: Clefable
|-heal|p2a: Clefable|68/100
|
|-heal|p1a: Tapu Bulu|65/100 tox|[from] Grassy Terrain
|-heal|p1a: Tapu Bulu|71/100 tox|[from] item: Leftovers
|-heal|p2a: Clefable|74/100|[from] Grassy Terrain
|-heal|p2a: Clefable|80/100|[from] item: Leftovers
|-damage|p1a: Tapu Bulu|46/100 tox|[from] psn
|upkeep
|turn|29
|j| Serdnas
|
|t:|1634320784
|switch|p1a: Porygon2|Porygon2|73/100
|move|p2a: Clefable|Moonblast|p1a: Porygon2
|-damage|p1a: Porygon2|45/100
|-unboost|p1a: Porygon2|spa|1
|
|-heal|p1a: Porygon2|51/100|[from] Grassy Terrain
|-heal|p2a: Clefable|86/100|[from] Grassy Terrain
|-heal|p2a: Clefable|92/100|[from] item: Leftovers
|-fieldend|move: Grassy Terrain
|upkeep
|turn|30
|
|t:|1634320789
|move|p2a: Clefable|Calm Mind|p2a: Clefable
|-boost|p2a: Clefable|spa|1
|-boost|p2a: Clefable|spd|1
|move|p1a: Porygon2|Recover|p1a: Porygon2
|-heal|p1a: Porygon2|100/100
|
|-heal|p2a: Clefable|98/100|[from] item: Leftovers
|upkeep
|turn|31
|
|t:|1634320798
|switch|p1a: Moltres|Moltres|100/100
|move|p2a: Clefable|Moonblast|p1a: Moltres
|-resisted|p1a: Moltres
|-damage|p1a: Moltres|77/100
|
|-heal|p2a: Clefable|100/100|[from] item: Leftovers
|upkeep
|turn|32
|j| Pl in heaven
|l| Serdnas
|
|t:|1634320807
|move|p1a: Moltres|Mystical Fire|p2a: Clefable
|-damage|p2a: Clefable|80/100
|-unboost|p2a: Clefable|spa|1
|move|p2a: Clefable|Calm Mind|p2a: Clefable
|-boost|p2a: Clefable|spa|1
|-boost|p2a: Clefable|spd|1
|
|-heal|p2a: Clefable|86/100|[from] item: Leftovers
|upkeep
|turn|33
|j| Byron Gym Leader
|
|t:|1634320812
|switch|p2a: Toxapex|Toxapex, F|92/100
|move|p1a: Moltres|Mystical Fire|p2a: Toxapex
|-resisted|p2a: Toxapex
|-damage|p2a: Toxapex|78/100
|-unboost|p2a: Toxapex|spa|1
|
|upkeep
|turn|34
|
|t:|1634320814
|move|p1a: Moltres|Scorching Sands|p2a: Toxapex
|-supereffective|p2a: Toxapex
|-damage|p2a: Toxapex|46/100
|move|p2a: Toxapex|Toxic|p1a: Moltres
|-status|p1a: Moltres|tox
|
|-damage|p1a: Moltres|71/100 tox|[from] psn
|upkeep
|turn|35
|
|t:|1634320826
|switch|p1a: Landorus|Landorus-Therian, M|100/100
|-ability|p1a: Landorus|Intimidate|boost
|-unboost|p2a: Toxapex|atk|1
|move|p2a: Toxapex|Recover|p2a: Toxapex
|-heal|p2a: Toxapex|96/100
|
|upkeep
|turn|36
|
|t:|1634320829
|switch|p2a: Skarmory|Skarmory, M|91/100
|move|p1a: Landorus|U-turn|p2a: Skarmory
|-resisted|p2a: Skarmory
|-damage|p2a: Skarmory|88/100
|l| Byron Gym Leader
|
|t:|1634320834
|switch|p1a: Porygon2|Porygon2|100/100|[from]move: U-turn
|
|upkeep
|turn|37
|
|t:|1634320837
|switch|p2a: Shedinja|Shedinja|100/100
|switch|p1a: Tapu Bulu|Tapu Bulu|46/100 tox
|-fieldstart|move: Grassy Terrain|[from] ability: Grassy Surge|[of] p1a: Tapu Bulu
|
|-heal|p1a: Tapu Bulu|53/100 tox|[from] Grassy Terrain
|-heal|p1a: Tapu Bulu|59/100 tox|[from] item: Leftovers
|-damage|p1a: Tapu Bulu|53/100 tox|[from] psn
|upkeep
|turn|38
|
|t:|1634320848
|switch|p1a: Victini|Victini|25/100 tox
|switch|p2a: Clefable|Clefable, F|86/100
|
|-heal|p1a: Victini|32/100 tox|[from] Grassy Terrain
|-heal|p2a: Clefable|92/100|[from] Grassy Terrain
|-heal|p2a: Clefable|98/100|[from] item: Leftovers
|-damage|p1a: Victini|25/100 tox|[from] psn
|upkeep
|turn|39
|
|t:|1634320858
|move|p1a: Victini|Bolt Strike|p2a: Clefable
|-damage|p2a: Clefable|68/100
|move|p2a: Clefable|Moonblast|p1a: Victini
|-resisted|p1a: Victini
|-damage|p1a: Victini|14/100 tox
|
|-heal|p1a: Victini|20/100 tox|[from] Grassy Terrain
|-heal|p2a: Clefable|74/100|[from] Grassy Terrain
|-heal|p2a: Clefable|80/100|[from] item: Leftovers
|-damage|p1a: Victini|8/100 tox|[from] psn
|upkeep
|turn|40
|
|t:|1634320868
|move|p1a: Victini|Bolt Strike|p2a: Clefable
|-damage|p2a: Clefable|50/100
|move|p2a: Clefable|Soft-Boiled|p2a: Clefable
|-heal|p2a: Clefable|99/100
|
|-heal|p1a: Victini|14/100 tox|[from] Grassy Terrain
|-heal|p2a: Clefable|100/100|[from] Grassy Terrain
|-damage|p1a: Victini|0 fnt|[from] psn
|faint|p1a: Victini
|upkeep
|l| 0 rei delas
|
|t:|1634320880
|switch|p1a: Kartana|Kartana|100/100
|turn|41
|
|t:|1634320884
|switch|p2a: Skarmory|Skarmory, M|88/100
|move|p1a: Kartana|Swords Dance|p1a: Kartana
|-boost|p1a: Kartana|atk|2
|
|-fieldend|move: Grassy Terrain
|upkeep
|turn|42
|
|t:|1634320896
|move|p1a: Kartana|Knock Off|p2a: Skarmory
|-damage|p2a: Skarmory|47/100
|-enditem|p2a: Skarmory|Shed Shell|[from] move: Knock Off|[of] p1a: Kartana
|move|p2a: Skarmory|Counter|p1a: Kartana
|-damage|p1a: Kartana|15/100
|
|upkeep
|turn|43
|
|t:|1634320900
|switch|p2a: Toxapex|Toxapex, F|100/100
|move|p1a: Kartana|Sacred Sword|p2a: Toxapex
|-resisted|p2a: Toxapex
|-damage|p2a: Toxapex|81/100
|-damage|p1a: Kartana|0 fnt|[from] item: Rocky Helmet|[of] p2a: Toxapex
|faint|p1a: Kartana
|
|upkeep
|j| lellinger
|
|t:|1634320922
|switch|p1a: Tapu Bulu|Tapu Bulu|53/100 tox
|-fieldstart|move: Grassy Terrain|[from] ability: Grassy Surge|[of] p1a: Tapu Bulu
|turn|44
|
|t:|1634320932
|move|p1a: Tapu Bulu|Swords Dance|p1a: Tapu Bulu
|-boost|p1a: Tapu Bulu|atk|2
|move|p2a: Toxapex|Knock Off|p1a: Tapu Bulu
|-resisted|p1a: Tapu Bulu
|-damage|p1a: Tapu Bulu|46/100 tox
|-enditem|p1a: Tapu Bulu|Leftovers|[from] move: Knock Off|[of] p2a: Toxapex
|
|-heal|p1a: Tapu Bulu|52/100 tox|[from] Grassy Terrain
|-heal|p2a: Toxapex|88/100|[from] Grassy Terrain
|-damage|p1a: Tapu Bulu|46/100 tox|[from] psn
|upkeep
|turn|45
|
|t:|1634320935
|switch|p2a: Clefable|Clefable, F|100/100
|move|p1a: Tapu Bulu|Horn Leech|p2a: Clefable
|-damage|p2a: Clefable|68/100
|-heal|p1a: Tapu Bulu|65/100 tox|[from] drain|[of] p2a: Clefable
|
|-heal|p1a: Tapu Bulu|71/100 tox|[from] Grassy Terrain
|-heal|p2a: Clefable|74/100|[from] Grassy Terrain
|-heal|p2a: Clefable|80/100|[from] item: Leftovers
|-damage|p1a: Tapu Bulu|59/100 tox|[from] psn
|upkeep
|turn|46
|
|t:|1634320941
|move|p1a: Tapu Bulu|Horn Leech|p2a: Clefable
|-damage|p2a: Clefable|47/100
|-heal|p1a: Tapu Bulu|78/100 tox|[from] drain|[of] p2a: Clefable
|move|p2a: Clefable|Soft-Boiled|p2a: Clefable
|-heal|p2a: Clefable|97/100
|
|-heal|p1a: Tapu Bulu|84/100 tox|[from] Grassy Terrain
|-heal|p2a: Clefable|100/100|[from] Grassy Terrain
|-damage|p1a: Tapu Bulu|66/100 tox|[from] psn
|upkeep
|turn|47
|
|t:|1634320966
|move|p1a: Tapu Bulu|Horn Leech|p2a: Clefable
|-damage|p2a: Clefable|71/100
|-heal|p1a: Tapu Bulu|83/100 tox|[from] drain|[of] p2a: Clefable
|move|p2a: Clefable|Calm Mind|p2a: Clefable
|-boost|p2a: Clefable|spa|1
|-boost|p2a: Clefable|spd|1
|
|-heal|p1a: Tapu Bulu|89/100 tox|[from] Grassy Terrain
|-heal|p2a: Clefable|77/100|[from] Grassy Terrain
|-heal|p2a: Clefable|83/100|[from] item: Leftovers
|-damage|p1a: Tapu Bulu|64/100 tox|[from] psn
|upkeep
|turn|48
|
|t:|1634320969
|switch|p1a: Landorus|Landorus-Therian, M|100/100
|-ability|p1a: Landorus|Intimidate|boost
|-unboost|p2a: Clefable|atk|1
|move|p2a: Clefable|Calm Mind|p2a: Clefable
|-boost|p2a: Clefable|spa|1
|-boost|p2a: Clefable|spd|1
|
|-heal|p2a: Clefable|89/100|[from] Grassy Terrain
|-heal|p2a: Clefable|95/100|[from] item: Leftovers
|-fieldend|move: Grassy Terrain
|upkeep
|turn|49
|
|t:|1634320974
|move|p1a: Landorus|Explosion|p2a: Clefable
|-damage|p2a: Clefable|29/100
|faint|p1a: Landorus
|move|p2a: Clefable|Soft-Boiled|p2a: Clefable
|-heal|p2a: Clefable|79/100
|
|-heal|p2a: Clefable|85/100|[from] item: Leftovers
|upkeep
|
|t:|1634320978
|switch|p1a: Porygon2|Porygon2|100/100
|turn|50
|
|t:|1634320987
|move|p1a: Porygon2|Discharge|p2a: Clefable
|-damage|p2a: Clefable|72/100
|move|p2a: Clefable|Calm Mind|p2a: Clefable
|-boost|p2a: Clefable|spa|1
|-boost|p2a: Clefable|spd|1
|
|-heal|p2a: Clefable|78/100|[from] item: Leftovers
|upkeep
|turn|51
|
|t:|1634320994
|move|p1a: Porygon2|Discharge|p2a: Clefable
|-damage|p2a: Clefable|67/100
|-status|p2a: Clefable|par
|move|p2a: Clefable|Moonblast|p1a: Porygon2
|-damage|p1a: Porygon2|25/100
|
|-heal|p2a: Clefable|73/100 par|[from] item: Leftovers
|upkeep
|turn|52
|
|t:|1634321003
|switch|p1a: Tapu Bulu|Tapu Bulu|64/100 tox
|-fieldstart|move: Grassy Terrain|[from] ability: Grassy Surge|[of] p1a: Tapu Bulu
|move|p2a: Clefable|Soft-Boiled|p2a: Clefable
|-heal|p2a: Clefable|100/100 par
|
|-heal|p1a: Tapu Bulu|71/100 tox|[from] Grassy Terrain
|-damage|p1a: Tapu Bulu|64/100 tox|[from] psn
|upkeep
|turn|53
|
|t:|1634321012
|move|p1a: Tapu Bulu|Swords Dance|p1a: Tapu Bulu
|-boost|p1a: Tapu Bulu|atk|2
|move|p2a: Clefable|Moonblast|p1a: Tapu Bulu
|-damage|p1a: Tapu Bulu|7/100 tox
|
|-heal|p1a: Tapu Bulu|13/100 tox|[from] Grassy Terrain
|-damage|p1a: Tapu Bulu|1/100 tox|[from] psn
|upkeep
|turn|54
|
|t:|1634321015
|move|p1a: Tapu Bulu|Horn Leech|p2a: Clefable
|-damage|p2a: Clefable|70/100 par
|-heal|p1a: Tapu Bulu|19/100 tox|[from] drain|[of] p2a: Clefable
|move|p2a: Clefable|Aromatherapy|p2a: Clefable
|-activate|p2a: Clefable|move: Aromatherapy
|-curestatus|p2a: Clefable|par|[msg]
|
|-heal|p1a: Tapu Bulu|25/100 tox|[from] Grassy Terrain
|-heal|p2a: Clefable|76/100|[from] Grassy Terrain
|-heal|p2a: Clefable|82/100|[from] item: Leftovers
|-damage|p1a: Tapu Bulu|6/100 tox|[from] psn
|upkeep
|turn|55
|-message|haunter77 forfeited.
|
|win|i'm back from mars
|raw|haunter77's rating: 1858 &rarr; <strong>1839</strong><br />(-19 for losing)
|raw|i&apos;m back from mars's rating: 1868 &rarr; <strong>1887</strong><br />(+19 for winning)
|l|☆haunter77
