|j|☆wind current
|j|☆OUTD Dally
|t:|1667500109
|gametype|singles
|player|p1|wind current|lyra|1731
|player|p2|OUTD Dally|ltsurge|1773
|teamsize|p1|6
|teamsize|p2|6
|gen|8
|tier|[Gen 8] OU
|rated|
|rule|Sleep Clause Mod: Limit one foe put to sleep
|rule|Species Clause: Limit one of each Pokémon
|rule|OHKO Clause: OHKO moves are banned
|rule|Evasion Items Clause: Evasion items are banned
|rule|Evasion Moves Clause: Evasion moves are banned
|rule|Endless Battle Clause: Forcing endless battles is banned
|rule|HP Percentage Mod: HP is shown in percentages
|rule|Dynamax Clause: You cannot dynamax
|clearpoke
|poke|p1|Pelipper, M|
|poke|p1|Seismitoad, F|
|poke|p1|Corviknight, F|
|poke|p1|Barraskewda, F|
|poke|p1|Ferrothorn, F|
|poke|p1|Tapu Lele|
|poke|p2|Tornadus-Therian, M|
|poke|p2|Slowbro, M|
|poke|p2|Zygarde-10%|
|poke|p2|Melmetal|
|poke|p2|Umbreon, M|
|poke|p2|Crawdaunt, M|
|teampreview
|inactive|Battle timer is ON: inactive players will automatically lose when time's up. (requested by wind current)
|
|t:|1667500128
|start
|switch|p1a: Seismitoad|Seismitoad, F|100/100
|switch|p2a: Wtf Is biting Me!|Slowbro, M|100/100
|turn|1
|
|t:|1667500138
|move|p1a: Seismitoad|Stealth Rock|p2a: Wtf Is biting Me!
|-sidestart|p2: OUTD Dally|move: Stealth Rock
|move|p2a: Wtf Is biting Me!|Future Sight|p1a: Seismitoad
|-start|p2a: Wtf Is biting Me!|move: Future Sight
|
|upkeep
|turn|2
|
|t:|1667500142
|move|p1a: Seismitoad|Toxic|p2a: Wtf Is biting Me!
|-status|p2a: Wtf Is biting Me!|tox
|move|p2a: Wtf Is biting Me!|Teleport|p2a: Wtf Is biting Me!
|
|t:|1667500146
|switch|p2a: I’m back!|Tornadus-Therian, M|100/100|[from]move: Teleport
|
|upkeep
|turn|3
|
|t:|1667500150
|move|p2a: I’m back!|Taunt|p1a: Seismitoad
|-start|p1a: Seismitoad|move: Taunt
|cant|p1a: Seismitoad|move: Taunt|Toxic
|
|-end|p1a: Seismitoad|move: Future Sight
|-damage|p1a: Seismitoad|73/100
|-heal|p1a: Seismitoad|79/100|[from] item: Leftovers
|upkeep
|turn|4
|
|t:|1667500159
|switch|p1a: Corviknight|Corviknight, F|100/100
|-ability|p1a: Corviknight|Pressure
|move|p2a: I’m back!|Defog|p1a: Corviknight
|-unboost|p1a: Corviknight|evasion|1
|-sideend|p2: OUTD Dally|Stealth Rock|[from] move: Defog|[of] p2a: I’m back!
|
|upkeep
|turn|5
|
|t:|1667500172
|move|p2a: I’m back!|Hurricane|p1a: Corviknight
|-resisted|p1a: Corviknight
|-damage|p1a: Corviknight|87/100
|-start|p1a: Corviknight|confusion
|-activate|p1a: Corviknight|confusion
|-damage|p1a: Corviknight|81/100|[from] confusion
|
|-heal|p1a: Corviknight|87/100|[from] item: Leftovers
|upkeep
|turn|6
|
|t:|1667500182
|move|p2a: I’m back!|Hurricane|p1a: Corviknight
|-resisted|p1a: Corviknight
|-damage|p1a: Corviknight|72/100
|-activate|p1a: Corviknight|confusion
|-damage|p1a: Corviknight|65/100|[from] confusion
|
|-heal|p1a: Corviknight|71/100|[from] item: Leftovers
|upkeep
|turn|7
|
|t:|1667500191
|switch|p2a: Wtf Is biting Me!|Slowbro, M|100/100 tox
|-activate|p1a: Corviknight|confusion
|-damage|p1a: Corviknight|65/100|[from] confusion
|
|-heal|p1a: Corviknight|71/100|[from] item: Leftovers
|-damage|p2a: Wtf Is biting Me!|94/100 tox|[from] psn
|upkeep
|turn|8
|
|t:|1667500200
|-activate|p1a: Corviknight|confusion
|move|p1a: Corviknight|Roost|p1a: Corviknight
|-heal|p1a: Corviknight|100/100
|-singleturn|p1a: Corviknight|move: Roost
|move|p2a: Wtf Is biting Me!|Teleport|p2a: Wtf Is biting Me!
|
|t:|1667500211
|switch|p2a: Not broken!|Melmetal|100/100|[from]move: Teleport
|
|upkeep
|turn|9
|
|t:|1667500216
|switch|p1a: Ferrothorn|Ferrothorn, F|100/100
|switch|p2a: I’m back!|Tornadus-Therian, M|100/100
|
|upkeep
|turn|10
|
|t:|1667500223
|switch|p1a: Corviknight|Corviknight, F|100/100
|-ability|p1a: Corviknight|Pressure
|move|p2a: I’m back!|Taunt|p1a: Corviknight
|-start|p1a: Corviknight|move: Taunt
|
|upkeep
|turn|11
|
|t:|1667500231
|switch|p2a: Wtf Is biting Me!|Slowbro, M|100/100 tox
|move|p1a: Corviknight|Brave Bird|p2a: Wtf Is biting Me!
|-damage|p2a: Wtf Is biting Me!|77/100 tox
|-damage|p1a: Corviknight|84/100|[from] item: Rocky Helmet|[of] p2a: Wtf Is biting Me!
|-damage|p1a: Corviknight|76/100|[from] Recoil
|
|-heal|p1a: Corviknight|82/100|[from] item: Leftovers
|-damage|p2a: Wtf Is biting Me!|71/100 tox|[from] psn
|upkeep
|turn|12
|
|t:|1667500243
|switch|p1a: Seismitoad|Seismitoad, F|79/100
|move|p2a: Wtf Is biting Me!|Teleport|p2a: Wtf Is biting Me!
|
|t:|1667500253
|switch|p2a: Switch or die|Crawdaunt, M|100/100|[from]move: Teleport
|
|-heal|p1a: Seismitoad|86/100|[from] item: Leftovers
|upkeep
|turn|13
|
|t:|1667500261
|switch|p1a: Ferrothorn|Ferrothorn, F|100/100
|move|p2a: Switch or die|Swords Dance|p2a: Switch or die
|-boost|p2a: Switch or die|atk|2
|
|upkeep
|turn|14
|
|t:|1667500269
|move|p2a: Switch or die|Knock Off|p1a: Ferrothorn
|-damage|p1a: Ferrothorn|0 fnt
|-damage|p2a: Switch or die|88/100|[from] ability: Iron Barbs|[of] p1a: Ferrothorn
|-damage|p2a: Switch or die|72/100|[from] item: Rocky Helmet|[of] p1a: Ferrothorn
|-enditem|p1a: Ferrothorn|Rocky Helmet|[from] move: Knock Off|[of] p2a: Switch or die
|faint|p1a: Ferrothorn
|-damage|p2a: Switch or die|62/100|[from] item: Life Orb
|
|upkeep
|c|☆wind current|thats dumb
|c|☆OUTD Dally|Worked
|c|☆wind current|you played badly
|c|☆OUTD Dally|out
|inactive|wind current has 120 seconds left.
|c|☆OUTD Dally|Looool
|c|☆OUTD Dally|nah son
|
|t:|1667500307
|switch|p1a: Tapu Lele|Tapu Lele|100/100
|-fieldstart|move: Psychic Terrain|[from] ability: Psychic Surge|[of] p1a: Tapu Lele
|turn|15
|inactive|wind current has 120 seconds left.
|
|t:|1667500319
|switch|p2a: Not broken!|Melmetal|100/100
|move|p1a: Tapu Lele|Focus Blast|p2a: Not broken!
|-supereffective|p2a: Not broken!
|-damage|p2a: Not broken!|41/100
|
|-heal|p2a: Not broken!|47/100|[from] item: Leftovers
|upkeep
|turn|16
|inactive|wind current has 120 seconds left.
|
|t:|1667500337
|switch|p1a: Corviknight|Corviknight, F|82/100
|-ability|p1a: Corviknight|Pressure
|move|p2a: Not broken!|Protect||[still]
|-fail|p2a: Not broken!
|
|-heal|p1a: Corviknight|89/100|[from] item: Leftovers
|-heal|p2a: Not broken!|53/100|[from] item: Leftovers
|upkeep
|turn|17
|
|t:|1667500347
|move|p2a: Not broken!|Protect|p2a: Not broken!
|-singleturn|p2a: Not broken!|Protect
|move|p1a: Corviknight|Bulk Up|p1a: Corviknight
|-boost|p1a: Corviknight|atk|1
|-boost|p1a: Corviknight|def|1
|
|-heal|p1a: Corviknight|95/100|[from] item: Leftovers
|-heal|p2a: Not broken!|59/100|[from] item: Leftovers
|upkeep
|turn|18
|c|☆wind current|gg
|
|t:|1667500359
|switch|p2a: I’m back!|Tornadus-Therian, M|100/100
|move|p1a: Corviknight|Bulk Up|p1a: Corviknight
|-boost|p1a: Corviknight|atk|1
|-boost|p1a: Corviknight|def|1
|
|-heal|p1a: Corviknight|100/100|[from] item: Leftovers
|upkeep
|turn|19
|
|t:|1667500369
|move|p2a: I’m back!|Taunt|p1a: Corviknight
|-start|p1a: Corviknight|move: Taunt
|move|p1a: Corviknight|Brave Bird|p2a: I’m back!
|-damage|p2a: I’m back!|26/100
|-damage|p1a: Corviknight|78/100|[from] Recoil
|
|-heal|p1a: Corviknight|84/100|[from] item: Leftovers
|-fieldend|move: Psychic Terrain
|upkeep
|turn|20
|
|t:|1667500379
|switch|p2a: Wtf Is biting Me!|Slowbro, M|100/100 tox
|move|p1a: Corviknight|Body Press|p2a: Wtf Is biting Me!
|-resisted|p2a: Wtf Is biting Me!
|-damage|p2a: Wtf Is biting Me!|90/100 tox
|-damage|p1a: Corviknight|68/100|[from] item: Rocky Helmet|[of] p2a: Wtf Is biting Me!
|
|-heal|p1a: Corviknight|74/100|[from] item: Leftovers
|-damage|p2a: Wtf Is biting Me!|83/100 tox|[from] psn
|upkeep
|turn|21
|c|☆wind current|...
|c|☆wind current|i have brave bird
|c|☆wind current|and you switched in slowbro
|inactive|wind current has 120 seconds left.
|
|t:|1667500409
|move|p1a: Corviknight|Brave Bird|p2a: Wtf Is biting Me!
|-damage|p2a: Wtf Is biting Me!|42/100 tox
|-damage|p1a: Corviknight|58/100|[from] item: Rocky Helmet|[of] p2a: Wtf Is biting Me!
|-damage|p1a: Corviknight|44/100|[from] Recoil
|move|p2a: Wtf Is biting Me!|Scald|p1a: Corviknight
|-damage|p1a: Corviknight|25/100
|-status|p1a: Corviknight|brn
|
|-heal|p1a: Corviknight|31/100 brn|[from] item: Leftovers
|-damage|p2a: Wtf Is biting Me!|30/100 tox|[from] psn
|-damage|p1a: Corviknight|25/100 brn|[from] brn
|-end|p1a: Corviknight|move: Taunt
|upkeep
|turn|22
|c|☆wind current|come on
|
|t:|1667500427
|move|p1a: Corviknight|Roost|p1a: Corviknight
|-heal|p1a: Corviknight|75/100 brn
|-singleturn|p1a: Corviknight|move: Roost
|move|p2a: Wtf Is biting Me!|Teleport|p2a: Wtf Is biting Me!
|
|t:|1667500432
|switch|p2a: I’m back!|Tornadus-Therian, M|59/100|[from]move: Teleport
|
|-heal|p1a: Corviknight|81/100 brn|[from] item: Leftovers
|-damage|p1a: Corviknight|75/100 brn|[from] brn
|upkeep
|turn|23
|
|t:|1667500440
|move|p2a: I’m back!|Taunt|p1a: Corviknight
|-start|p1a: Corviknight|move: Taunt
|move|p1a: Corviknight|Brave Bird|p2a: I’m back!
|-damage|p2a: I’m back!|19/100
|-damage|p1a: Corviknight|63/100 brn|[from] Recoil
|
|-heal|p1a: Corviknight|69/100 brn|[from] item: Leftovers
|-damage|p1a: Corviknight|63/100 brn|[from] brn
|upkeep
|turn|24
|
|t:|1667500450
|move|p2a: I’m back!|U-turn|p1a: Corviknight
|-resisted|p1a: Corviknight
|-damage|p1a: Corviknight|61/100 brn
|
|t:|1667500453
|switch|p2a: Wtf Is biting Me!|Slowbro, M|63/100 tox|[from]move: U-turn
|move|p1a: Corviknight|Brave Bird|p2a: Wtf Is biting Me!
|-damage|p2a: Wtf Is biting Me!|42/100 tox
|-damage|p1a: Corviknight|45/100 brn|[from] item: Rocky Helmet|[of] p2a: Wtf Is biting Me!
|-damage|p1a: Corviknight|38/100 brn|[from] Recoil
|
|-heal|p1a: Corviknight|44/100 brn|[from] item: Leftovers
|-damage|p2a: Wtf Is biting Me!|36/100 tox|[from] psn
|-damage|p1a: Corviknight|38/100 brn|[from] brn
|upkeep
|turn|25
|
|t:|1667500466
|move|p1a: Corviknight|Brave Bird|p2a: Wtf Is biting Me!
|-damage|p2a: Wtf Is biting Me!|13/100 tox
|-damage|p1a: Corviknight|21/100 brn|[from] item: Rocky Helmet|[of] p2a: Wtf Is biting Me!
|-damage|p1a: Corviknight|14/100 brn|[from] Recoil
|move|p2a: Wtf Is biting Me!|Teleport|p2a: Wtf Is biting Me!
|
|t:|1667500476
|switch|p2a: RU Mon|Zygarde-10%|100/100|[from]move: Teleport
|-ability|p2a: RU Mon|Aura Break
|
|-heal|p1a: Corviknight|20/100 brn|[from] item: Leftovers
|-damage|p1a: Corviknight|14/100 brn|[from] brn
|-end|p1a: Corviknight|move: Taunt
|upkeep
|turn|26
|
|t:|1667500486
|move|p2a: RU Mon|Thousand Arrows|p1a: Corviknight
|-damage|p1a: Corviknight|0 fnt
|faint|p1a: Corviknight
|
|upkeep
|
|t:|1667500490
|switch|p1a: Pelipper|Pelipper, M|100/100
|-weather|RainDance|[from] ability: Drizzle|[of] p1a: Pelipper
|turn|27
|
|t:|1667500503
|switch|p2a: Dark knight|Umbreon, M|100/100
|move|p1a: Pelipper|Scald|p2a: Dark knight
|-damage|p2a: Dark knight|75/100
|
|-weather|RainDance|[upkeep]
|-heal|p2a: Dark knight|81/100|[from] item: Leftovers
|upkeep
|turn|28
|
|t:|1667500511
|switch|p1a: Seismitoad|Seismitoad, F|86/100
|move|p2a: Dark knight|Wish|p2a: Dark knight
|
|-weather|RainDance|[upkeep]
|-heal|p1a: Seismitoad|92/100|[from] item: Leftovers
|-heal|p2a: Dark knight|87/100|[from] item: Leftovers
|upkeep
|turn|29
|
|t:|1667500524
|move|p1a: Seismitoad|Earth Power|p2a: Dark knight
|-damage|p2a: Dark knight|69/100
|move|p2a: Dark knight|Heal Bell|p2a: Dark knight
|-activate|p2a: Dark knight|move: Heal Bell
|-curestatus|p2: Wtf Is biting Me!|tox|[msg]
|
|-weather|RainDance|[upkeep]
|-heal|p2a: Dark knight|100/100|[from] move: Wish|[wisher] Dark knight
|-heal|p1a: Seismitoad|98/100|[from] item: Leftovers
|upkeep
|turn|30
|
|t:|1667500537
|move|p1a: Seismitoad|Stealth Rock|p2a: Dark knight
|-sidestart|p2: OUTD Dally|move: Stealth Rock
|move|p2a: Dark knight|Wish|p2a: Dark knight
|
|-weather|RainDance|[upkeep]
|-heal|p1a: Seismitoad|100/100|[from] item: Leftovers
|upkeep
|turn|31
|
|t:|1667500546
|move|p1a: Seismitoad|Earth Power|p2a: Dark knight
|-damage|p2a: Dark knight|81/100
|move|p2a: Dark knight|Foul Play|p1a: Seismitoad
|-damage|p1a: Seismitoad|76/100
|
|-weather|RainDance|[upkeep]
|-heal|p2a: Dark knight|100/100|[from] move: Wish|[wisher] Dark knight
|-heal|p1a: Seismitoad|82/100|[from] item: Leftovers
|upkeep
|turn|32
|
|t:|1667500556
|move|p1a: Seismitoad|Toxic|p2a: Dark knight|[miss]
|-miss|p1a: Seismitoad|p2a: Dark knight
|move|p2a: Dark knight|Wish|p2a: Dark knight
|
|-weather|RainDance|[upkeep]
|-heal|p1a: Seismitoad|88/100|[from] item: Leftovers
|upkeep
|turn|33
|c|☆wind current|.....
|
|t:|1667500568
|switch|p1a: Tapu Lele|Tapu Lele|100/100
|-fieldstart|move: Psychic Terrain|[from] ability: Psychic Surge|[of] p1a: Tapu Lele
|move|p2a: Dark knight|Foul Play|p1a: Tapu Lele
|-damage|p1a: Tapu Lele|67/100
|
|-weather|RainDance|[upkeep]
|upkeep
|turn|34
|
|t:|1667500577
|switch|p1a: Seismitoad|Seismitoad, F|88/100
|move|p2a: Dark knight|Protect||[still]
|-fail|p2a: Dark knight
|
|-weather|none
|-heal|p1a: Seismitoad|94/100|[from] item: Leftovers
|upkeep
|turn|35
|c|☆wind current|oh my god
|
|t:|1667500585
|move|p1a: Seismitoad|Toxic|p2a: Dark knight
|-status|p2a: Dark knight|tox
|-activate|p2a: Dark knight|ability: Synchronize
|-status|p1a: Seismitoad|tox
|move|p2a: Dark knight|Wish|p2a: Dark knight
|
|-heal|p1a: Seismitoad|99/100 tox|[from] item: Leftovers
|-damage|p1a: Seismitoad|94/100 tox|[from] psn
|-damage|p2a: Dark knight|94/100 tox|[from] psn
|upkeep
|turn|36
|c|☆OUTD Dally|That was dumb
|c|☆wind current|by you
|c|☆wind current|ik
|
|t:|1667500607
|switch|p1a: Pelipper|Pelipper, M|100/100
|-weather|RainDance|[from] ability: Drizzle|[of] p1a: Pelipper
|move|p2a: Dark knight|Heal Bell|p2a: Dark knight
|-activate|p2a: Dark knight|move: Heal Bell
|-curestatus|p2a: Dark knight|tox|[msg]
|
|-weather|RainDance|[upkeep]
|-heal|p2a: Dark knight|100/100|[from] move: Wish|[wisher] Dark knight
|upkeep
|turn|37
|
|t:|1667500618
|switch|p1a: Seismitoad|Seismitoad, F|94/100 tox
|move|p2a: Dark knight|Wish|p2a: Dark knight
|
|-weather|RainDance|[upkeep]
|-heal|p1a: Seismitoad|99/100 tox|[from] item: Leftovers
|-damage|p1a: Seismitoad|94/100 tox|[from] psn
|-fieldend|move: Psychic Terrain
|upkeep
|turn|38
|
|t:|1667500627
|switch|p2a: I’m back!|Tornadus-Therian, M|52/100
|move|p1a: Seismitoad|Earth Power|p2a: I’m back!
|-immune|p2a: I’m back!
|
|-weather|RainDance|[upkeep]
|-heal|p2a: I’m back!|100/100|[from] move: Wish|[wisher] Dark knight
|-heal|p1a: Seismitoad|99/100 tox|[from] item: Leftovers
|-damage|p1a: Seismitoad|88/100 tox|[from] psn
|upkeep
|turn|39
|c|☆wind current|i could have scald
|
|t:|1667500646
|move|p2a: I’m back!|Taunt|p1a: Seismitoad
|-start|p1a: Seismitoad|move: Taunt
|move|p1a: Seismitoad|Scald|p2a: I’m back!
|-crit|p2a: I’m back!
|-damage|p2a: I’m back!|44/100
|-status|p2a: I’m back!|brn
|
|-weather|RainDance|[upkeep]
|-heal|p1a: Seismitoad|94/100 tox|[from] item: Leftovers
|-damage|p1a: Seismitoad|76/100 tox|[from] psn
|-damage|p2a: I’m back!|38/100 brn|[from] brn
|upkeep
|turn|40
|c|☆wind current|that was a bad play by you
|
|t:|1667500661
|move|p2a: I’m back!|U-turn|p1a: Seismitoad
|-damage|p1a: Seismitoad|68/100 tox
|
|t:|1667500665
|switch|p2a: Dark knight|Umbreon, M|100/100|[from]move: U-turn
|-damage|p2a: Dark knight|88/100|[from] Stealth Rock
|move|p1a: Seismitoad|Scald||[still]
|-damage|p2a: Dark knight|62/100
|-status|p2a: Dark knight|brn
|-activate|p2a: Dark knight|ability: Synchronize
|-fail|p2a: Dark knight
|
|-weather|RainDance|[upkeep]
|-heal|p1a: Seismitoad|74/100 tox|[from] item: Leftovers
|-heal|p2a: Dark knight|68/100 brn|[from] item: Leftovers
|-damage|p1a: Seismitoad|50/100 tox|[from] psn
|-damage|p2a: Dark knight|62/100 brn|[from] brn
|upkeep
|turn|41
|
|t:|1667500682
|switch|p1a: Tapu Lele|Tapu Lele|67/100
|-fieldstart|move: Psychic Terrain|[from] ability: Psychic Surge|[of] p1a: Tapu Lele
|move|p2a: Dark knight|Wish|p2a: Dark knight
|
|-weather|RainDance|[upkeep]
|-heal|p2a: Dark knight|68/100 brn|[from] item: Leftovers
|-damage|p2a: Dark knight|62/100 brn|[from] brn
|upkeep
|turn|42
|
|t:|1667500694
|move|p2a: Dark knight|Protect|p2a: Dark knight
|-singleturn|p2a: Dark knight|Protect
|move|p1a: Tapu Lele|Moonblast|p2a: Dark knight
|-activate|p2a: Dark knight|move: Protect
|
|-weather|RainDance|[upkeep]
|-heal|p2a: Dark knight|100/100 brn|[from] move: Wish|[wisher] Dark knight
|-damage|p2a: Dark knight|94/100 brn|[from] brn
|upkeep
|turn|43
|c|☆wind current|im specs
|
|t:|1667500706
|switch|p2a: Not broken!|Melmetal|59/100
|-damage|p2a: Not broken!|53/100|[from] Stealth Rock
|move|p1a: Tapu Lele|Moonblast|p2a: Not broken!
|-resisted|p2a: Not broken!
|-damage|p2a: Not broken!|35/100
|
|-weather|none
|-heal|p2a: Not broken!|41/100|[from] item: Leftovers
|upkeep
|turn|44
|
|t:|1667500720
|switch|p1a: Pelipper|Pelipper, M|100/100
|-weather|RainDance|[from] ability: Drizzle|[of] p1a: Pelipper
|move|p2a: Not broken!|Protect||[still]
|-fail|p2a: Not broken!
|
|-weather|RainDance|[upkeep]
|-heal|p2a: Not broken!|47/100|[from] item: Leftovers
|upkeep
|turn|45
|
|t:|1667500732
|move|p2a: Not broken!|Protect|p2a: Not broken!
|-singleturn|p2a: Not broken!|Protect
|move|p1a: Pelipper|Scald|p2a: Not broken!
|-activate|p2a: Not broken!|move: Protect
|
|-weather|RainDance|[upkeep]
|-heal|p2a: Not broken!|53/100|[from] item: Leftovers
|-fieldend|move: Psychic Terrain
|upkeep
|turn|46
|
|t:|1667500744
|switch|p2a: Dark knight|Umbreon, M|94/100 brn
|-damage|p2a: Dark knight|82/100 brn|[from] Stealth Rock
|move|p1a: Pelipper|Scald|p2a: Dark knight
|-damage|p2a: Dark knight|53/100 brn
|
|-weather|RainDance|[upkeep]
|-heal|p2a: Dark knight|59/100 brn|[from] item: Leftovers
|-damage|p2a: Dark knight|53/100 brn|[from] brn
|upkeep
|turn|47
|j| Buck is Stallish
|l| Buck is Stallish
|
|t:|1667500768
|switch|p1a: Barraskewda|Barraskewda, F|100/100
|move|p2a: Dark knight|Wish|p2a: Dark knight
|
|-weather|RainDance|[upkeep]
|-heal|p2a: Dark knight|59/100 brn|[from] item: Leftovers
|-damage|p2a: Dark knight|53/100 brn|[from] brn
|upkeep
|turn|48
|j| Buck is Stallish
|inactive|OUTD Dally has 120 seconds left.
|
|t:|1667500793
|move|p2a: Dark knight|Protect|p2a: Dark knight
|-singleturn|p2a: Dark knight|Protect
|move|p1a: Barraskewda|Liquidation|p2a: Dark knight
|-activate|p2a: Dark knight|move: Protect
|
|-weather|RainDance|[upkeep]
|-heal|p2a: Dark knight|100/100 brn|[from] move: Wish|[wisher] Dark knight
|-damage|p2a: Dark knight|94/100 brn|[from] brn
|upkeep
|turn|49
|c|☆wind current|zzzzz
|inactive|OUTD Dally has 120 seconds left.
|
|t:|1667500822
|move|p1a: Barraskewda|Liquidation|p2a: Dark knight
|-damage|p2a: Dark knight|30/100 brn
|move|p2a: Dark knight|Wish|p2a: Dark knight
|
|-weather|RainDance|[upkeep]
|-heal|p2a: Dark knight|36/100 brn|[from] item: Leftovers
|-damage|p2a: Dark knight|30/100 brn|[from] brn
|upkeep
|turn|50
|
|t:|1667500832
|move|p2a: Dark knight|Protect|p2a: Dark knight
|-singleturn|p2a: Dark knight|Protect
|move|p1a: Barraskewda|Liquidation|p2a: Dark knight
|-activate|p2a: Dark knight|move: Protect
|
|-weather|RainDance|[upkeep]
|-heal|p2a: Dark knight|80/100 brn|[from] move: Wish|[wisher] Dark knight
|-heal|p2a: Dark knight|86/100 brn|[from] item: Leftovers
|-damage|p2a: Dark knight|80/100 brn|[from] brn
|upkeep
|turn|51
|
|t:|1667500843
|move|p1a: Barraskewda|Liquidation|p2a: Dark knight
|-crit|p2a: Dark knight
|-damage|p2a: Dark knight|0 fnt
|faint|p2a: Dark knight
|
|-weather|none
|upkeep
|
|t:|1667500857
|switch|p2a: Switch or die|Crawdaunt, M|62/100
|-damage|p2a: Switch or die|50/100|[from] Stealth Rock
|turn|52
|c| Buck is Stallish|wind current they didnt play bad
|c| Buck is Stallish|for the moment
|j| oRinNeGa7V1
|inactive|wind current has 120 seconds left.
|c| Buck is Stallish|it's call a "predict"
|
|t:|1667500896
|switch|p1a: Pelipper|Pelipper, M|100/100
|-weather|RainDance|[from] ability: Drizzle|[of] p1a: Pelipper
|move|p2a: Switch or die|Knock Off|p1a: Pelipper
|-damage|p1a: Pelipper|37/100
|-enditem|p1a: Pelipper|Damp Rock|[from] move: Knock Off|[of] p2a: Switch or die
|-damage|p2a: Switch or die|40/100|[from] item: Life Orb
|
|-weather|RainDance|[upkeep]
|upkeep
|turn|53
|inactive|wind current has 120 seconds left.
|c| Buck is Stallish|a "hunch" if u want
|
|t:|1667500916
|switch|p1a: Seismitoad|Seismitoad, F|50/100 tox
|move|p2a: Switch or die|Knock Off|p1a: Seismitoad
|-damage|p1a: Seismitoad|0 fnt
|-enditem|p1a: Seismitoad|Leftovers|[from] move: Knock Off|[of] p2a: Switch or die
|faint|p1a: Seismitoad
|-damage|p2a: Switch or die|30/100|[from] item: Life Orb
|
|-weather|RainDance|[upkeep]
|upkeep
|
|t:|1667500925
|switch|p1a: Tapu Lele|Tapu Lele|67/100
|-fieldstart|move: Psychic Terrain|[from] ability: Psychic Surge|[of] p1a: Tapu Lele
|turn|54
|inactive|wind current has 120 seconds left.
|j| Ran Kob
|inactive|OUTD Dally has 90 seconds left.
|
|t:|1667500962
|move|p1a: Tapu Lele|Moonblast|p2a: Switch or die
|-supereffective|p2a: Switch or die
|-damage|p2a: Switch or die|0 fnt
|faint|p2a: Switch or die
|
|-weather|RainDance|[upkeep]
|upkeep
|
|t:|1667500970
|switch|p2a: Not broken!|Melmetal|53/100
|-damage|p2a: Not broken!|47/100|[from] Stealth Rock
|turn|55
|
|t:|1667500979
|switch|p1a: Pelipper|Pelipper, M|37/100
|move|p2a: Not broken!|Double Iron Bash|p1a: Pelipper
|-resisted|p1a: Pelipper
|-crit|p1a: Pelipper
|-damage|p1a: Pelipper|18/100
|-resisted|p1a: Pelipper
|-damage|p1a: Pelipper|5/100
|-hitcount|p1a: Pelipper|2
|
|-weather|RainDance|[upkeep]
|-heal|p2a: Not broken!|53/100|[from] item: Leftovers
|upkeep
|turn|56
|
|t:|1667500990
|move|p1a: Pelipper|Roost|p1a: Pelipper
|-heal|p1a: Pelipper|56/100
|-singleturn|p1a: Pelipper|move: Roost
|move|p2a: Not broken!|Toxic|p1a: Pelipper
|-status|p1a: Pelipper|tox
|
|-weather|RainDance|[upkeep]
|-heal|p2a: Not broken!|59/100|[from] item: Leftovers
|-damage|p1a: Pelipper|49/100 tox|[from] psn
|upkeep
|turn|57
|
|t:|1667501003
|move|p1a: Pelipper|Scald|p2a: Not broken!
|-damage|p2a: Not broken!|33/100
|-status|p2a: Not broken!|brn
|move|p2a: Not broken!|Double Iron Bash|p1a: Pelipper
|-resisted|p1a: Pelipper
|-damage|p1a: Pelipper|43/100 tox
|-resisted|p1a: Pelipper
|-damage|p1a: Pelipper|36/100 tox
|-hitcount|p1a: Pelipper|2
|
|-weather|RainDance|[upkeep]
|-heal|p2a: Not broken!|39/100 brn|[from] item: Leftovers
|-damage|p1a: Pelipper|24/100 tox|[from] psn
|-damage|p2a: Not broken!|33/100 brn|[from] brn
|upkeep
|turn|58
|j| dislashed
|
|t:|1667501022
|switch|p1a: Barraskewda|Barraskewda, F|100/100
|move|p2a: Not broken!|Toxic|p1a: Barraskewda
|-status|p1a: Barraskewda|tox
|
|-weather|RainDance|[upkeep]
|-heal|p2a: Not broken!|39/100 brn|[from] item: Leftovers
|-damage|p1a: Barraskewda|94/100 tox|[from] psn
|-damage|p2a: Not broken!|33/100 brn|[from] brn
|-fieldend|move: Psychic Terrain
|upkeep
|turn|59
|
|t:|1667501033
|move|p2a: Not broken!|Protect|p2a: Not broken!
|-singleturn|p2a: Not broken!|Protect
|move|p1a: Barraskewda|Liquidation|p2a: Not broken!
|-activate|p2a: Not broken!|move: Protect
|
|-weather|none
|-heal|p2a: Not broken!|39/100 brn|[from] item: Leftovers
|-damage|p1a: Barraskewda|82/100 tox|[from] psn
|-damage|p2a: Not broken!|33/100 brn|[from] brn
|upkeep
|turn|60
|c|☆wind current|why would you do that
|inactive|OUTD Dally has 60 seconds left.
|
|t:|1667501066
|switch|p1a: Pelipper|Pelipper, M|24/100 tox
|-weather|RainDance|[from] ability: Drizzle|[of] p1a: Pelipper
|move|p2a: Not broken!|Protect||[still]
|-fail|p2a: Not broken!
|
|-weather|RainDance|[upkeep]
|-heal|p2a: Not broken!|39/100 brn|[from] item: Leftovers
|-damage|p1a: Pelipper|18/100 tox|[from] psn
|-damage|p2a: Not broken!|33/100 brn|[from] brn
|upkeep
|turn|61
|l| dislashed
|c|☆wind current|my pelipper is already toxiced
|inactive|OUTD Dally has 60 seconds left.
|
|t:|1667501086
|switch|p2a: I’m back!|Tornadus-Therian, M|71/100 brn
|move|p1a: Pelipper|Scald|p2a: I’m back!
|-damage|p2a: I’m back!|30/100 brn
|
|-weather|RainDance|[upkeep]
|-damage|p1a: Pelipper|5/100 tox|[from] psn
|-damage|p2a: I’m back!|23/100 brn|[from] brn
|upkeep
|turn|62
|
|t:|1667501103
|move|p2a: I’m back!|Defog|p1a: Pelipper
|-unboost|p1a: Pelipper|evasion|1
|-sideend|p2: OUTD Dally|Stealth Rock|[from] move: Defog|[of] p2a: I’m back!
|move|p1a: Pelipper|Scald|p2a: I’m back!
|-damage|p2a: I’m back!|0 fnt
|faint|p2a: I’m back!
|
|-weather|RainDance|[upkeep]
|-damage|p1a: Pelipper|0 fnt|[from] psn
|faint|p1a: Pelipper
|upkeep
|
|t:|1667501121
|switch|p2a: Wtf Is biting Me!|Slowbro, M|47/100
|switch|p1a: Barraskewda|Barraskewda, F|82/100 tox
|turn|63
|l| Ran Kob
|inactive|wind current has 120 seconds left.
|
|t:|1667501152
|move|p1a: Barraskewda|Flip Turn|p2a: Wtf Is biting Me!
|-resisted|p2a: Wtf Is biting Me!
|-damage|p2a: Wtf Is biting Me!|25/100
|-damage|p1a: Barraskewda|66/100 tox|[from] item: Rocky Helmet|[of] p2a: Wtf Is biting Me!
|
|t:|1667501155
|switch|p1a: Tapu Lele|Tapu Lele|67/100|[from]move: Flip Turn
|-fieldstart|move: Psychic Terrain|[from] ability: Psychic Surge|[of] p1a: Tapu Lele
|move|p2a: Wtf Is biting Me!|Trick Room|p2a: Wtf Is biting Me!
|-fieldstart|move: Trick Room|[of] p2a: Wtf Is biting Me!
|
|-weather|RainDance|[upkeep]
|upkeep
|turn|64
|inactive|OUTD Dally has 60 seconds left.
|inactive|wind current has 120 seconds left.
|
|t:|1667501167
|switch|p2a: Not broken!|Melmetal|33/100 brn
|move|p1a: Tapu Lele|Focus Blast|p2a: Not broken!|[miss]
|-miss|p1a: Tapu Lele|p2a: Not broken!
|
|-weather|none
|-heal|p2a: Not broken!|39/100 brn|[from] item: Leftovers
|-damage|p2a: Not broken!|33/100 brn|[from] brn
|upkeep
|turn|65
|c|☆wind current|.......
|
|t:|1667501177
|move|p2a: Not broken!|Double Iron Bash|p1a: Tapu Lele
|-supereffective|p1a: Tapu Lele
|-damage|p1a: Tapu Lele|8/100
|-supereffective|p1a: Tapu Lele
|-damage|p1a: Tapu Lele|0 fnt
|faint|p1a: Tapu Lele
|-hitcount|p1: Tapu Lele|2
|
|-heal|p2a: Not broken!|39/100 brn|[from] item: Leftovers
|-damage|p2a: Not broken!|33/100 brn|[from] brn
|upkeep
|
|t:|1667501180
|switch|p1a: Barraskewda|Barraskewda, F|66/100 tox
|turn|66
|l| oRinNeGa7V1
|c|☆wind current|haxed
|c|☆wind current|i lost to a terrible player
|-message|wind current forfeited.
|
|win|OUTD Dally
|raw|wind current's rating: 1731 &rarr; <strong>1713</strong><br />(-18 for losing)
|raw|OUTD Dally's rating: 1773 &rarr; <strong>1791</strong><br />(+18 for winning)
|l|☆wind current
|c|☆OUTD Dally|Salty boy
|l|☆OUTD Dally
||Ladder isn't responding, score probably updated but might not have (Request timeout).
