|j|☆akarihikari
|j|☆Meroz
|t:|1662624879
|gametype|singles
|player|p1|akarihikari|erika|1673
|player|p2|Meroz|1|1703
|teamsize|p1|6
|teamsize|p2|6
|gen|8
|tier|[Gen 8] OU
|rated|
|rule|Sleep Clause Mod: Limit one foe put to sleep
|rule|Species Clause: Limit one of each Pokémon
|rule|OHKO Clause: OHKO moves are banned
|rule|Evasion Items Clause: Evasion items are banned
|rule|Evasion Moves Clause: Evasion moves are banned
|rule|Endless Battle Clause: Forcing endless battles is banned
|rule|HP Percentage Mod: HP is shown in percentages
|rule|Dynamax Clause: You cannot dynamax
|clearpoke
|poke|p1|Dragapult, M|
|poke|p1|Nidoking, M|
|poke|p1|Slowking, F|
|poke|p1|Ferrothorn, M|
|poke|p1|Landorus-Therian, M|
|poke|p1|Kartana|
|poke|p2|Rillaboom, M|
|poke|p2|Kartana|
|poke|p2|Nidoking, M|
|poke|p2|Zapdos|
|poke|p2|Tyranitar, M|
|poke|p2|Clefable, M|
|teampreview
|inactive|Battle timer is ON: inactive players will automatically lose when time's up. (requested by akarihikari)
|
|t:|1662624919
|start
|switch|p1a: Slowking|Slowking, F|100/100
|switch|p2a: Kartana|Kartana|100/100
|turn|1
|
|t:|1662624930
|move|p2a: Kartana|Knock Off|p1a: Slowking
|-supereffective|p1a: Slowking
|-damage|p1a: Slowking|13/100
|-enditem|p1a: Slowking|Leftovers|[from] move: Knock Off|[of] p2a: Kartana
|move|p1a: Slowking|Flamethrower|p2a: Kartana
|-supereffective|p2a: Kartana
|-crit|p2a: Kartana
|-damage|p2a: Kartana|0 fnt
|faint|p2a: Kartana
|
|upkeep
|
|t:|1662624937
|switch|p2a: Tyranitar|Tyranitar, M|100/100
|-weather|Sandstorm|[from] ability: Sand Stream|[of] p2a: Tyranitar
|turn|2
|
|t:|1662624941
|switch|p1a: Landorus|Landorus-Therian, M|100/100
|-ability|p1a: Landorus|Intimidate|boost
|-unboost|p2a: Tyranitar|atk|1
|move|p2a: Tyranitar|Stealth Rock|p1a: Landorus
|-sidestart|p1: akarihikari|move: Stealth Rock
|
|-weather|Sandstorm|[upkeep]
|upkeep
|turn|3
|
|t:|1662624951
|switch|p2a: Rillaboom|Rillaboom, M|100/100
|-fieldstart|move: Grassy Terrain|[from] ability: Grassy Surge|[of] p2a: Rillaboom
|move|p1a: Landorus|Knock Off|p2a: Rillaboom
|-damage|p2a: Rillaboom|65/100
|-enditem|p2a: Rillaboom|Choice Band|[from] move: Knock Off|[of] p1a: Landorus
|
|-weather|Sandstorm|[upkeep]
|-damage|p2a: Rillaboom|59/100|[from] Sandstorm
|-heal|p2a: Rillaboom|65/100|[from] Grassy Terrain
|upkeep
|turn|4
|
|t:|1662624957
|move|p2a: Rillaboom|U-turn|p1a: Landorus
|-resisted|p1a: Landorus
|-damage|p1a: Landorus|90/100
|-damage|p2a: Rillaboom|48/100|[from] item: Rocky Helmet|[of] p1a: Landorus
|
|t:|1662624960
|switch|p2a: Nidoking|Nidoking, M|100/100|[from]move: U-turn
|move|p1a: Landorus|U-turn|p2a: Nidoking
|-resisted|p2a: Nidoking
|-damage|p2a: Nidoking|86/100
|
|t:|1662624965
|switch|p1a: Slowking|Slowking, F|46/100|[from]move: U-turn
|-damage|p1a: Slowking|33/100|[from] Stealth Rock
|
|-weather|Sandstorm|[upkeep]
|-damage|p1a: Slowking|27/100|[from] Sandstorm
|-heal|p2a: Nidoking|92/100|[from] Grassy Terrain
|-heal|p1a: Slowking|33/100|[from] Grassy Terrain
|upkeep
|turn|5
|
|t:|1662624974
|move|p2a: Nidoking|Earth Power|p1a: Slowking
|-damage|p1a: Slowking|0 fnt
|faint|p1a: Slowking
|
|-weather|Sandstorm|[upkeep]
|-heal|p2a: Nidoking|98/100|[from] Grassy Terrain
|upkeep
|
|t:|1662624978
|switch|p1a: Dragapult|Dragapult, M, shiny|100/100
|-damage|p1a: Dragapult|88/100|[from] Stealth Rock
|turn|6
|
|t:|1662624987
|switch|p1a: Landorus|Landorus-Therian, M|90/100
|-damage|p1a: Landorus|78/100|[from] Stealth Rock
|-ability|p1a: Landorus|Intimidate|boost
|-unboost|p2a: Nidoking|atk|1
|switch|p2a: Clefable|Clefable, M|100/100
|
|-weather|none
|upkeep
|turn|7
|
|t:|1662624992
|move|p1a: Landorus|Knock Off|p2a: Clefable
|-resisted|p2a: Clefable
|-damage|p2a: Clefable|88/100
|-enditem|p2a: Clefable|Life Orb|[from] move: Knock Off|[of] p1a: Landorus
|move|p2a: Clefable|Moonblast|p1a: Landorus
|-damage|p1a: Landorus|46/100
|-unboost|p1a: Landorus|spa|1
|
|-heal|p2a: Clefable|94/100|[from] Grassy Terrain
|-fieldend|move: Grassy Terrain
|upkeep
|turn|8
|
|t:|1662625000
|move|p1a: Landorus|Stealth Rock|p2a: Clefable
|-sidestart|p2: Meroz|move: Stealth Rock
|move|p2a: Clefable|Moonblast|p1a: Landorus
|-damage|p1a: Landorus|16/100
|
|upkeep
|turn|9
|
|t:|1662625008
|move|p1a: Landorus|Earthquake|p2a: Clefable
|-damage|p2a: Clefable|58/100
|move|p2a: Clefable|Moonblast|p1a: Landorus
|-damage|p1a: Landorus|0 fnt
|faint|p1a: Landorus
|
|upkeep
|
|t:|1662625013
|switch|p1a: Nidoking|Nidoking, M, shiny|100/100
|-damage|p1a: Nidoking|95/100|[from] Stealth Rock
|turn|10
|
|t:|1662625022
|move|p1a: Nidoking|Earth Power|p2a: Clefable
|-damage|p2a: Clefable|0 fnt
|faint|p2a: Clefable
|
|upkeep
|
|t:|1662625035
|switch|p2a: Rillaboom|Rillaboom, M|48/100
|-damage|p2a: Rillaboom|36/100|[from] Stealth Rock
|-fieldstart|move: Grassy Terrain|[from] ability: Grassy Surge|[of] p2a: Rillaboom
|turn|11
|
|t:|1662625065
|switch|p1a: Ferrothorn|Ferrothorn, M, shiny|100/100
|-damage|p1a: Ferrothorn|94/100|[from] Stealth Rock
|move|p2a: Rillaboom|Grassy Glide|p1a: Ferrothorn
|-resisted|p1a: Ferrothorn
|-damage|p1a: Ferrothorn|87/100
|-damage|p2a: Rillaboom|24/100|[from] ability: Iron Barbs|[of] p1a: Ferrothorn
|-damage|p2a: Rillaboom|7/100|[from] item: Rocky Helmet|[of] p1a: Ferrothorn
|
|-heal|p2a: Rillaboom|13/100|[from] Grassy Terrain
|-heal|p1a: Ferrothorn|93/100|[from] Grassy Terrain
|upkeep
|turn|12
|
|t:|1662625075
|switch|p2a: Nidoking|Nidoking, M|98/100
|-damage|p2a: Nidoking|92/100|[from] Stealth Rock
|move|p1a: Ferrothorn|Spikes|p2a: Nidoking
|-sidestart|p2: Meroz|Spikes
|
|-heal|p2a: Nidoking|98/100|[from] Grassy Terrain
|-heal|p1a: Ferrothorn|99/100|[from] Grassy Terrain
|upkeep
|turn|13
|j| Noob 0_o
|j| joeyvn
|
|t:|1662625085
|move|p2a: Nidoking|Earth Power|p1a: Ferrothorn
|-damage|p1a: Ferrothorn|49/100
|move|p1a: Ferrothorn|Gyro Ball|p2a: Nidoking
|-damage|p2a: Nidoking|34/100
|
|-heal|p2a: Nidoking|40/100|[from] Grassy Terrain
|-heal|p1a: Ferrothorn|55/100|[from] Grassy Terrain
|upkeep
|turn|14
|
|t:|1662625090
|move|p2a: Nidoking|Earth Power|p1a: Ferrothorn
|-damage|p1a: Ferrothorn|7/100
|move|p1a: Ferrothorn|Gyro Ball|p2a: Nidoking
|-damage|p2a: Nidoking|0 fnt
|faint|p2a: Nidoking
|
|-heal|p1a: Ferrothorn|13/100|[from] Grassy Terrain
|upkeep
|
|t:|1662625094
|switch|p2a: Zapdos|Zapdos|100/100
|turn|15
|
|t:|1662625099
|move|p2a: Zapdos|Defog|p1a: Ferrothorn
|-unboost|p1a: Ferrothorn|evasion|1
|-sideend|p1: akarihikari|Stealth Rock|[from] move: Defog|[of] p2a: Zapdos
|-sideend|p2: Meroz|Spikes|[from] move: Defog|[of] p2a: Zapdos
|-sideend|p2: Meroz|Stealth Rock|[from] move: Defog|[of] p2a: Zapdos
|-fieldend|move: Grassy Terrain
|move|p1a: Ferrothorn|Spikes|p2a: Zapdos
|-sidestart|p2: Meroz|Spikes
|
|upkeep
|turn|16
|
|t:|1662625105
|move|p2a: Zapdos|Defog|p1a: Ferrothorn
|-unboost|p1a: Ferrothorn|evasion|1
|-sideend|p2: Meroz|Spikes|[from] move: Defog|[of] p2a: Zapdos
|move|p1a: Ferrothorn|Leech Seed|p2a: Zapdos
|-start|p2a: Zapdos|move: Leech Seed
|
|-damage|p2a: Zapdos|88/100|[from] Leech Seed|[of] p1a: Ferrothorn
|-heal|p1a: Ferrothorn|27/100|[silent]
|upkeep
|turn|17
|
|t:|1662625109
|switch|p1a: Nidoking|Nidoking, M, shiny|95/100
|move|p2a: Zapdos|Heat Wave|p1a: Nidoking|[miss]
|-miss|p2a: Zapdos|p1a: Nidoking
|
|-damage|p2a: Zapdos|76/100|[from] Leech Seed|[of] p1a: Nidoking
|-heal|p1a: Nidoking|100/100|[silent]
|upkeep
|turn|18
|
|t:|1662625117
|switch|p2a: Tyranitar|Tyranitar, M|100/100
|-weather|Sandstorm|[from] ability: Sand Stream|[of] p2a: Tyranitar
|move|p1a: Nidoking|Ice Beam|p2a: Tyranitar
|-damage|p2a: Tyranitar|81/100
|
|-weather|Sandstorm|[upkeep]
|-heal|p2a: Tyranitar|87/100|[from] item: Leftovers
|upkeep
|turn|19
|
|t:|1662625121
|switch|p1a: Ferrothorn|Ferrothorn, M, shiny|27/100
|move|p2a: Tyranitar|Earthquake|p1a: Ferrothorn
|-damage|p1a: Ferrothorn|7/100
|
|-weather|Sandstorm|[upkeep]
|-heal|p2a: Tyranitar|94/100|[from] item: Leftovers
|upkeep
|turn|20
|
|t:|1662625125
|move|p2a: Tyranitar|Earthquake|p1a: Ferrothorn
|-damage|p1a: Ferrothorn|0 fnt
|faint|p1a: Ferrothorn
|
|-weather|Sandstorm|[upkeep]
|-heal|p2a: Tyranitar|99/100|[from] item: Leftovers
|upkeep
|
|t:|1662625129
|switch|p1a: Kartana|Kartana|100/100
|turn|21
|
|t:|1662625137
|switch|p2a: Zapdos|Zapdos|76/100
|move|p1a: Kartana|Leaf Blade|p2a: Zapdos
|-resisted|p2a: Zapdos
|-damage|p2a: Zapdos|53/100
|-status|p1a: Kartana|par|[from] ability: Static|[of] p2a: Zapdos
|
|-weather|Sandstorm|[upkeep]
|-damage|p2a: Zapdos|47/100|[from] Sandstorm
|upkeep
|turn|22
|
|t:|1662625144
|switch|p1a: Nidoking|Nidoking, M, shiny|100/100
|move|p2a: Zapdos|Heat Wave|p1a: Nidoking|[miss]
|-miss|p2a: Zapdos|p1a: Nidoking
|
|-weather|none
|upkeep
|turn|23
|
|t:|1662625154
|switch|p2a: Tyranitar|Tyranitar, M|99/100
|-weather|Sandstorm|[from] ability: Sand Stream|[of] p2a: Tyranitar
|move|p1a: Nidoking|Earth Power|p2a: Tyranitar
|-supereffective|p2a: Tyranitar
|-damage|p2a: Tyranitar|50/100
|
|-weather|Sandstorm|[upkeep]
|-heal|p2a: Tyranitar|56/100|[from] item: Leftovers
|upkeep
|turn|24
|
|t:|1662625163
|switch|p1a: Kartana|Kartana|100/100 par
|switch|p2a: Zapdos|Zapdos|47/100
|
|-weather|Sandstorm|[upkeep]
|-damage|p2a: Zapdos|41/100|[from] Sandstorm
|upkeep
|turn|25
|
|t:|1662625170
|switch|p1a: Nidoking|Nidoking, M, shiny|100/100
|move|p2a: Zapdos|Roost|p2a: Zapdos
|-heal|p2a: Zapdos|91/100
|-singleturn|p2a: Zapdos|move: Roost
|
|-weather|Sandstorm|[upkeep]
|-damage|p2a: Zapdos|85/100|[from] Sandstorm
|upkeep
|turn|26
|
|t:|1662625177
|switch|p2a: Tyranitar|Tyranitar, M|56/100
|move|p1a: Nidoking|Ice Beam|p2a: Tyranitar
|-damage|p2a: Tyranitar|37/100
|
|-weather|Sandstorm|[upkeep]
|-heal|p2a: Tyranitar|43/100|[from] item: Leftovers
|upkeep
|turn|27
|
|t:|1662625182
|move|p1a: Nidoking|Earth Power|p2a: Tyranitar
|-supereffective|p2a: Tyranitar
|-damage|p2a: Tyranitar|0 fnt
|faint|p2a: Tyranitar
|
|-weather|none
|upkeep
|
|t:|1662625198
|switch|p2a: Rillaboom|Rillaboom, M|13/100
|-fieldstart|move: Grassy Terrain|[from] ability: Grassy Surge|[of] p2a: Rillaboom
|turn|28
|
|t:|1662625202
|switch|p1a: Kartana|Kartana|100/100 par
|move|p2a: Rillaboom|Grassy Glide|p1a: Kartana
|-resisted|p1a: Kartana
|-damage|p1a: Kartana|86/100 par
|
|-heal|p2a: Rillaboom|20/100|[from] Grassy Terrain
|-heal|p1a: Kartana|92/100 par|[from] Grassy Terrain
|upkeep
|turn|29
|
|t:|1662625209
|move|p2a: Rillaboom|U-turn|p1a: Kartana
|-damage|p1a: Kartana|63/100 par
|
|t:|1662625211
|switch|p2a: Zapdos|Zapdos|85/100|[from]move: U-turn
|cant|p1a: Kartana|par
|
|-heal|p1a: Kartana|70/100 par|[from] Grassy Terrain
|upkeep
|turn|30
|
|t:|1662625217
|cant|p1a: Kartana|par
|move|p2a: Zapdos|Heat Wave|p1a: Kartana|[miss]
|-miss|p2a: Zapdos|p1a: Kartana
|
|-heal|p1a: Kartana|76/100 par|[from] Grassy Terrain
|upkeep
|turn|31
|
|t:|1662625221
|move|p1a: Kartana|Knock Off|p2a: Zapdos
|-damage|p2a: Zapdos|51/100
|-enditem|p2a: Zapdos|Heavy-Duty Boots|[from] move: Knock Off|[of] p1a: Kartana
|move|p2a: Zapdos|Heat Wave|p1a: Kartana
|-supereffective|p1a: Kartana
|-damage|p1a: Kartana|0 fnt
|faint|p1a: Kartana
|
|upkeep
|
|t:|1662625229
|switch|p1a: Dragapult|Dragapult, M, shiny|88/100
|turn|32
|j| Hecklessssss
|l| joeyvn
|
|t:|1662625234
|move|p1a: Dragapult|Dragon Darts|p2a: Zapdos
|-damage|p2a: Zapdos|24/100
|-anim|p1a: Dragapult|Dragon Darts|p2a: Zapdos
|-damage|p2a: Zapdos|0 fnt
|faint|p2a: Zapdos
|-damage|p1a: Dragapult|78/100|[from] item: Life Orb
|
|-heal|p1a: Dragapult|84/100|[from] Grassy Terrain
|-fieldend|move: Grassy Terrain
|upkeep
|j| joeyvn
|l| joeyvn
|-message|Meroz forfeited.
|
|win|akarihikari
|raw|akarihikari's rating: 1673 &rarr; <strong>1695</strong><br />(+22 for winning)
|raw|Meroz's rating: 1703 &rarr; <strong>1681</strong><br />(-22 for losing)
|l|☆Meroz
||Ladder isn't responding, score probably updated but might not have (Request timeout).
