|j|☆Billwavy
|j|☆NeoNaruto®++
|inactive|Battle timer is ON: inactive players will automatically lose when time's up.
|t:|1640408825
|gametype|singles
|player|p1|Billwavy|palmer|
|player|p2|NeoNaruto®++|medium|
|teamsize|p1|6
|teamsize|p2|6
|gen|8
|tier|[Gen 8] OU
|rated|Tournament battle
|rule|Sleep Clause Mod: Limit one foe put to sleep
|rule|Species Clause: Limit one of each Pokémon
|rule|OHKO Clause: OHKO moves are banned
|rule|Evasion Moves Clause: Evasion moves are banned
|rule|Endless Battle Clause: Forcing endless battles is banned
|rule|HP Percentage Mod: HP is shown in percentages
|rule|Dynamax Clause: You cannot dynamax
|clearpoke
|poke|p1|Venusaur, F|
|poke|p1|Lucario, F|
|poke|p1|Ferrothorn, F|
|poke|p1|Zapdos|
|poke|p1|Torkoal, F|
|poke|p1|Dragonite, F|
|poke|p2|Landorus-Therian, M|
|poke|p2|Slowbro, M|
|poke|p2|Tapu Koko|
|poke|p2|Dragonite, M|
|poke|p2|Darmanitan, F|
|poke|p2|Tyranitar, F|
|teampreview
|inactive|NeoNaruto®++ also wants the timer to be on.
|j| Disastermind
|j| UnzipsCrogre
|
|t:|1640408834
|start
|switch|p1a: Ferrothorn|Ferrothorn, F|100/100
|switch|p2a: Bernie Landers|Landorus-Therian, M|100/100
|-ability|p2a: Bernie Landers|Intimidate|boost
|-unboost|p1a: Ferrothorn|atk|1
|turn|1
|
|t:|1640408839
|move|p2a: Bernie Landers|Knock Off|p1a: Ferrothorn
|-damage|p1a: Ferrothorn|76/100
|-damage|p2a: Bernie Landers|88/100|[from] ability: Iron Barbs|[of] p1a: Ferrothorn
|-damage|p2a: Bernie Landers|72/100|[from] item: Rocky Helmet|[of] p1a: Ferrothorn
|-enditem|p1a: Ferrothorn|Rocky Helmet|[from] move: Knock Off|[of] p2a: Bernie Landers
|move|p1a: Ferrothorn|Swords Dance|p1a: Ferrothorn
|-boost|p1a: Ferrothorn|atk|2
|
|upkeep
|turn|2
|
|t:|1640408847
|move|p2a: Bernie Landers|Stealth Rock|p1a: Ferrothorn
|-sidestart|p1: Billwavy|move: Stealth Rock
|move|p1a: Ferrothorn|Shadow Claw|p2a: Bernie Landers
|-damage|p2a: Bernie Landers|50/100
|-damage|p1a: Ferrothorn|59/100|[from] item: Rocky Helmet|[of] p2a: Bernie Landers
|
|upkeep
|turn|3
|
|t:|1640408854
|move|p2a: Bernie Landers|U-turn|p1a: Ferrothorn
|-damage|p1a: Ferrothorn|42/100
|-damage|p2a: Bernie Landers|38/100|[from] ability: Iron Barbs|[of] p1a: Ferrothorn
|
|t:|1640408856
|switch|p2a: PURRP FOR SALE|Darmanitan, F|100/100|[from]move: U-turn
|move|p1a: Ferrothorn|Power Whip|p2a: PURRP FOR SALE
|-resisted|p2a: PURRP FOR SALE
|-damage|p2a: PURRP FOR SALE|37/100
|
|upkeep
|turn|4
|j| RepeatUntilDrunk5
|
|t:|1640408870
|switch|p1a: Dragonite|Dragonite, F|100/100
|-damage|p1a: Dragonite|76/100|[from] Stealth Rock
|move|p2a: PURRP FOR SALE|Flare Blitz|p1a: Dragonite
|-resisted|p1a: Dragonite
|-damage|p1a: Dragonite|30/100
|-damage|p2a: PURRP FOR SALE|20/100|[from] Recoil
|
|-heal|p1a: Dragonite|36/100|[from] item: Leftovers
|upkeep
|turn|5
|j| arnavgupta
|inactive|NeoNaruto®++ has 120 seconds left.
|
|t:|1640408906
|switch|p2a: spvceghvstpvrrp|Slowbro, M, shiny|100/100
|switch|p1a: Torkoal|Torkoal, F|100/100
|-damage|p1a: Torkoal|76/100|[from] Stealth Rock
|-weather|SunnyDay|[from] ability: Drought|[of] p1a: Torkoal
|
|-weather|SunnyDay|[upkeep]
|upkeep
|turn|6
|
|t:|1640408910
|switch|p2a: DA LAST REX(3005)|Tyranitar, F|100/100
|-weather|Sandstorm|[from] ability: Sand Stream|[of] p2a: DA LAST REX(3005)
|move|p1a: Torkoal|Rest|p1a: Torkoal
|-status|p1a: Torkoal|slp|[from] move: Rest
|-heal|p1a: Torkoal|100/100 slp|[silent]
|
|-weather|Sandstorm|[upkeep]
|-damage|p1a: Torkoal|94/100 slp|[from] Sandstorm
|upkeep
|turn|7
|
|t:|1640408919
|switch|p1a: Ferrothorn|Ferrothorn, F|42/100
|-damage|p1a: Ferrothorn|36/100|[from] Stealth Rock
|move|p2a: DA LAST REX(3005)|Stone Edge|p1a: Ferrothorn
|-resisted|p1a: Ferrothorn
|-damage|p1a: Ferrothorn|18/100
|
|-weather|Sandstorm|[upkeep]
|upkeep
|turn|8
|
|t:|1640408927
|switch|p2a: spvceghvstpvrrp|Slowbro, M, shiny|100/100
|move|p1a: Ferrothorn|Thunder Wave|p2a: spvceghvstpvrrp
|-status|p2a: spvceghvstpvrrp|par
|
|-weather|Sandstorm|[upkeep]
|-damage|p2a: spvceghvstpvrrp|94/100 par|[from] Sandstorm
|upkeep
|turn|9
|
|t:|1640408933
|switch|p1a: Torkoal|Torkoal, F|94/100 slp
|-damage|p1a: Torkoal|70/100 slp|[from] Stealth Rock
|-weather|SunnyDay|[from] ability: Drought|[of] p1a: Torkoal
|move|p2a: spvceghvstpvrrp|Scald|p1a: Torkoal
|-supereffective|p1a: Torkoal
|-damage|p1a: Torkoal|35/100 slp
|
|-weather|SunnyDay|[upkeep]
|upkeep
|turn|10
|
|t:|1640408941
|cant|p1a: Torkoal|slp
|move|p2a: spvceghvstpvrrp|Scald|p1a: Torkoal
|-supereffective|p1a: Torkoal
|-damage|p1a: Torkoal|0 fnt
|faint|p1a: Torkoal
|
|-weather|SunnyDay|[upkeep]
|upkeep
|
|t:|1640408947
|switch|p1a: Venusaur|Venusaur, F|100/100
|-damage|p1a: Venusaur|88/100|[from] Stealth Rock
|turn|11
|
|t:|1640408951
|switch|p2a: DA LAST REX(3005)|Tyranitar, F|100/100
|-weather|Sandstorm|[from] ability: Sand Stream|[of] p2a: DA LAST REX(3005)
|move|p1a: Venusaur|Growth|p1a: Venusaur
|-boost|p1a: Venusaur|atk|1
|-boost|p1a: Venusaur|spa|1
|
|-weather|Sandstorm|[upkeep]
|-damage|p1a: Venusaur|82/100|[from] Sandstorm
|upkeep
|turn|12
|
|t:|1640408953
|move|p1a: Venusaur|Giga Drain|p2a: DA LAST REX(3005)
|-supereffective|p2a: DA LAST REX(3005)
|-damage|p2a: DA LAST REX(3005)|68/100
|-heal|p1a: Venusaur|100/100|[from] drain|[of] p2a: DA LAST REX(3005)
|move|p2a: DA LAST REX(3005)|Fire Blast|p1a: Venusaur
|-supereffective|p1a: Venusaur
|-damage|p1a: Venusaur|43/100
|
|-weather|Sandstorm|[upkeep]
|-damage|p1a: Venusaur|37/100|[from] Sandstorm
|upkeep
|turn|13
|
|t:|1640408960
|move|p1a: Venusaur|Giga Drain|p2a: DA LAST REX(3005)
|-supereffective|p2a: DA LAST REX(3005)
|-damage|p2a: DA LAST REX(3005)|37/100
|-heal|p1a: Venusaur|57/100|[from] drain|[of] p2a: DA LAST REX(3005)
|move|p2a: DA LAST REX(3005)|Fire Blast|p1a: Venusaur
|-supereffective|p1a: Venusaur
|-damage|p1a: Venusaur|0 fnt
|faint|p1a: Venusaur
|
|-weather|Sandstorm|[upkeep]
|upkeep
|j| Anonymous43567
|
|t:|1640408972
|switch|p1a: Dragonite|Dragonite, F|36/100
|-damage|p1a: Dragonite|11/100|[from] Stealth Rock
|turn|14
|
|t:|1640408978
|switch|p2a: spvceghvstpvrrp|Slowbro, M, shiny|100/100 par
|move|p1a: Dragonite|Roost|p1a: Dragonite
|-heal|p1a: Dragonite|61/100
|-singleturn|p1a: Dragonite|move: Roost
|
|-weather|Sandstorm|[upkeep]
|-damage|p1a: Dragonite|55/100|[from] Sandstorm
|-damage|p2a: spvceghvstpvrrp|94/100 par|[from] Sandstorm
|-heal|p1a: Dragonite|61/100|[from] item: Leftovers
|upkeep
|turn|15
|
|t:|1640408985
|move|p1a: Dragonite|Roost|p1a: Dragonite
|-heal|p1a: Dragonite|100/100
|-singleturn|p1a: Dragonite|move: Roost
|move|p2a: spvceghvstpvrrp|Teleport|p2a: spvceghvstpvrrp
|
|t:|1640408990
|switch|p2a: Bernie Landers|Landorus-Therian, M|38/100|[from]move: Teleport
|-ability|p2a: Bernie Landers|Intimidate|boost
|-unboost|p1a: Dragonite|atk|1
|
|-weather|none
|upkeep
|turn|16
|
|t:|1640408993
|move|p1a: Dragonite|Dragon Dance|p1a: Dragonite
|-boost|p1a: Dragonite|atk|1
|-boost|p1a: Dragonite|spe|1
|move|p2a: Bernie Landers|U-turn|p1a: Dragonite
|-resisted|p1a: Dragonite
|-damage|p1a: Dragonite|95/100
|
|t:|1640408997
|switch|p2a: VODECi|Tapu Koko|100/100|[from]move: U-turn
|-fieldstart|move: Electric Terrain|[from] ability: Electric Surge|[of] p2a: VODECi
|
|-heal|p1a: Dragonite|100/100|[from] item: Leftovers
|upkeep
|turn|17
|
|t:|1640409004
|move|p1a: Dragonite|Dragon Dance|p1a: Dragonite
|-boost|p1a: Dragonite|atk|1
|-boost|p1a: Dragonite|spe|1
|move|p2a: VODECi|Volt Switch|p1a: Dragonite
|-damage|p1a: Dragonite|75/100
|j| High F1y
|
|t:|1640409006
|switch|p2a: Bernie Landers|Landorus-Therian, M|38/100|[from]move: Volt Switch
|-ability|p2a: Bernie Landers|Intimidate|boost
|-unboost|p1a: Dragonite|atk|1
|
|-heal|p1a: Dragonite|81/100|[from] item: Leftovers
|upkeep
|turn|18
|
|t:|1640409013
|move|p1a: Dragonite|Dragon Dance|p1a: Dragonite
|-boost|p1a: Dragonite|atk|1
|-boost|p1a: Dragonite|spe|1
|move|p2a: Bernie Landers|U-turn|p1a: Dragonite
|-resisted|p1a: Dragonite
|-damage|p1a: Dragonite|72/100
|
|t:|1640409017
|switch|p2a: VODECi|Tapu Koko|100/100|[from]move: U-turn
|
|-heal|p1a: Dragonite|78/100|[from] item: Leftovers
|upkeep
|turn|19
|
|t:|1640409022
|switch|p2a: Bernie Landers|Landorus-Therian, M|38/100
|-ability|p2a: Bernie Landers|Intimidate|boost
|-unboost|p1a: Dragonite|atk|1
|move|p1a: Dragonite|Roost|p1a: Dragonite
|-heal|p1a: Dragonite|100/100
|-singleturn|p1a: Dragonite|move: Roost
|
|upkeep
|turn|20
|
|t:|1640409025
|move|p1a: Dragonite|Dragon Dance|p1a: Dragonite
|-boost|p1a: Dragonite|atk|1
|-boost|p1a: Dragonite|spe|1
|move|p2a: Bernie Landers|U-turn|p1a: Dragonite
|-resisted|p1a: Dragonite
|-damage|p1a: Dragonite|95/100
|
|t:|1640409027
|switch|p2a: spvceghvstpvrrp|Slowbro, M, shiny|100/100 par|[from]move: U-turn
|
|-heal|p1a: Dragonite|100/100|[from] item: Leftovers
|-fieldend|move: Electric Terrain
|upkeep
|turn|21
|
|t:|1640409035
|move|p1a: Dragonite|Dragon Dance|p1a: Dragonite
|-boost|p1a: Dragonite|atk|1
|-boost|p1a: Dragonite|spe|1
|move|p2a: spvceghvstpvrrp|Scald|p1a: Dragonite
|-resisted|p1a: Dragonite
|-damage|p1a: Dragonite|95/100
|
|-heal|p1a: Dragonite|100/100|[from] item: Leftovers
|upkeep
|turn|22
|
|t:|1640409043
|move|p1a: Dragonite|Dragon Claw|p2a: spvceghvstpvrrp
|-damage|p2a: spvceghvstpvrrp|56/100 par
|-damage|p1a: Dragonite|84/100|[from] item: Rocky Helmet|[of] p2a: spvceghvstpvrrp
|move|p2a: spvceghvstpvrrp|Scald|p1a: Dragonite
|-resisted|p1a: Dragonite
|-damage|p1a: Dragonite|72/100
|
|-heal|p1a: Dragonite|78/100|[from] item: Leftovers
|upkeep
|turn|23
|
|t:|1640409052
|move|p1a: Dragonite|Dragon Dance|p1a: Dragonite
|-boost|p1a: Dragonite|atk|1
|-boost|p1a: Dragonite|spe|1
|move|p2a: spvceghvstpvrrp|Scald|p1a: Dragonite
|-resisted|p1a: Dragonite
|-damage|p1a: Dragonite|66/100
|-status|p1a: Dragonite|brn
|
|-heal|p1a: Dragonite|73/100 brn|[from] item: Leftovers
|-damage|p1a: Dragonite|66/100 brn|[from] brn
|upkeep
|turn|24
|
|t:|1640409059
|move|p1a: Dragonite|Roost|p1a: Dragonite
|-heal|p1a: Dragonite|100/100 brn
|-singleturn|p1a: Dragonite|move: Roost
|cant|p2a: spvceghvstpvrrp|par
|
|-damage|p1a: Dragonite|94/100 brn|[from] brn
|upkeep
|turn|25
|
|t:|1640409065
|move|p1a: Dragonite|Dragon Dance|p1a: Dragonite
|-boost|p1a: Dragonite|atk|1
|-boost|p1a: Dragonite|spe|0
|cant|p2a: spvceghvstpvrrp|par
|
|-heal|p1a: Dragonite|100/100 brn|[from] item: Leftovers
|-damage|p1a: Dragonite|94/100 brn|[from] brn
|upkeep
|turn|26
|
|t:|1640409070
|move|p1a: Dragonite|Dragon Dance|p1a: Dragonite
|-boost|p1a: Dragonite|atk|1
|-boost|p1a: Dragonite|spe|0
|move|p2a: spvceghvstpvrrp|Future Sight|p1a: Dragonite
|-start|p2a: spvceghvstpvrrp|move: Future Sight
|
|-heal|p1a: Dragonite|100/100 brn|[from] item: Leftovers
|-damage|p1a: Dragonite|94/100 brn|[from] brn
|upkeep
|turn|27
|
|t:|1640409078
|move|p1a: Dragonite|Dragon Claw|p2a: spvceghvstpvrrp
|-damage|p2a: spvceghvstpvrrp|20/100 par
|-damage|p1a: Dragonite|78/100 brn|[from] item: Rocky Helmet|[of] p2a: spvceghvstpvrrp
|move|p2a: spvceghvstpvrrp|Slack Off|p2a: spvceghvstpvrrp
|-heal|p2a: spvceghvstpvrrp|70/100 par
|
|-heal|p1a: Dragonite|84/100 brn|[from] item: Leftovers
|-damage|p1a: Dragonite|78/100 brn|[from] brn
|upkeep
|turn|28
|
|t:|1640409086
|move|p1a: Dragonite|Roost|p1a: Dragonite
|-heal|p1a: Dragonite|100/100 brn
|-singleturn|p1a: Dragonite|move: Roost
|cant|p2a: spvceghvstpvrrp|par
|
|-end|p1a: Dragonite|move: Future Sight
|-damage|p1a: Dragonite|82/100 brn
|-heal|p1a: Dragonite|88/100 brn|[from] item: Leftovers
|-damage|p1a: Dragonite|82/100 brn|[from] brn
|upkeep
|turn|29
|
|t:|1640409095
|move|p1a: Dragonite|Dragon Claw|p2a: spvceghvstpvrrp
|-damage|p2a: spvceghvstpvrrp|34/100 par
|-damage|p1a: Dragonite|65/100 brn|[from] item: Rocky Helmet|[of] p2a: spvceghvstpvrrp
|move|p2a: spvceghvstpvrrp|Future Sight|p1a: Dragonite
|-start|p2a: spvceghvstpvrrp|move: Future Sight
|
|-heal|p1a: Dragonite|71/100 brn|[from] item: Leftovers
|-damage|p1a: Dragonite|65/100 brn|[from] brn
|upkeep
|turn|30
|
|t:|1640409104
|switch|p2a: PURRP FOR SALE|Darmanitan, F|20/100
|move|p1a: Dragonite|Roost|p1a: Dragonite
|-heal|p1a: Dragonite|100/100 brn
|-singleturn|p1a: Dragonite|move: Roost
|
|-damage|p1a: Dragonite|94/100 brn|[from] brn
|upkeep
|turn|31
|
|t:|1640409109
|switch|p2a: spvceghvstpvrrp|Slowbro, M, shiny|68/100 par
|move|p1a: Dragonite|Dragon Claw|p2a: spvceghvstpvrrp
|-damage|p2a: spvceghvstpvrrp|31/100 par
|-damage|p1a: Dragonite|78/100 brn|[from] item: Rocky Helmet|[of] p2a: spvceghvstpvrrp
|
|-end|p1a: Dragonite|move: Future Sight
|-damage|p1a: Dragonite|44/100 brn
|-heal|p1a: Dragonite|50/100 brn|[from] item: Leftovers
|-damage|p1a: Dragonite|44/100 brn|[from] brn
|upkeep
|turn|32
|
|t:|1640409118
|switch|p2a: PURRP FOR SALE|Darmanitan, F|20/100
|move|p1a: Dragonite|Roost|p1a: Dragonite
|-heal|p1a: Dragonite|94/100 brn
|-singleturn|p1a: Dragonite|move: Roost
|
|-heal|p1a: Dragonite|99/100 brn|[from] item: Leftovers
|-damage|p1a: Dragonite|94/100 brn|[from] brn
|upkeep
|turn|33
|
|t:|1640409125
|move|p1a: Dragonite|Dragon Dance|p1a: Dragonite
|-boost|p1a: Dragonite|atk|1
|-boost|p1a: Dragonite|spe|0
|move|p2a: PURRP FOR SALE|Flare Blitz|p1a: Dragonite
|-resisted|p1a: Dragonite
|-damage|p1a: Dragonite|52/100 brn
|-damage|p2a: PURRP FOR SALE|5/100|[from] Recoil
|
|-heal|p1a: Dragonite|58/100 brn|[from] item: Leftovers
|-damage|p1a: Dragonite|52/100 brn|[from] brn
|upkeep
|turn|34
|
|t:|1640409133
|move|p1a: Dragonite|Roost|p1a: Dragonite
|-heal|p1a: Dragonite|100/100 brn
|-singleturn|p1a: Dragonite|move: Roost
|move|p2a: PURRP FOR SALE|Flare Blitz|p1a: Dragonite
|-resisted|p1a: Dragonite
|-damage|p1a: Dragonite|77/100 brn
|-damage|p2a: PURRP FOR SALE|0 fnt|[from] Recoil
|faint|p2a: PURRP FOR SALE
|
|-heal|p1a: Dragonite|83/100 brn|[from] item: Leftovers
|-damage|p1a: Dragonite|77/100 brn|[from] brn
|upkeep
|
|t:|1640409136
|switch|p2a: spvceghvstpvrrp|Slowbro, M, shiny|64/100 par
|turn|35
|
|t:|1640409150
|move|p1a: Dragonite|Dragon Claw|p2a: spvceghvstpvrrp
|-damage|p2a: spvceghvstpvrrp|24/100 par
|-damage|p1a: Dragonite|60/100 brn|[from] item: Rocky Helmet|[of] p2a: spvceghvstpvrrp
|move|p2a: spvceghvstpvrrp|Slack Off|p2a: spvceghvstpvrrp
|-heal|p2a: spvceghvstpvrrp|74/100 par
|
|-heal|p1a: Dragonite|67/100 brn|[from] item: Leftovers
|-damage|p1a: Dragonite|60/100 brn|[from] brn
|upkeep
|turn|36
|
|t:|1640409157
|move|p1a: Dragonite|Roost|p1a: Dragonite
|-heal|p1a: Dragonite|100/100 brn
|-singleturn|p1a: Dragonite|move: Roost
|move|p2a: spvceghvstpvrrp|Slack Off|p2a: spvceghvstpvrrp
|-heal|p2a: spvceghvstpvrrp|100/100 par
|
|-damage|p1a: Dragonite|94/100 brn|[from] brn
|upkeep
|turn|37
|
|t:|1640409163
|move|p1a: Dragonite|Dragon Claw|p2a: spvceghvstpvrrp
|-damage|p2a: spvceghvstpvrrp|57/100 par
|-damage|p1a: Dragonite|78/100 brn|[from] item: Rocky Helmet|[of] p2a: spvceghvstpvrrp
|cant|p2a: spvceghvstpvrrp|par
|
|-heal|p1a: Dragonite|84/100 brn|[from] item: Leftovers
|-damage|p1a: Dragonite|78/100 brn|[from] brn
|upkeep
|turn|38
|
|t:|1640409167
|move|p1a: Dragonite|Dragon Claw|p2a: spvceghvstpvrrp
|-damage|p2a: spvceghvstpvrrp|12/100 par
|-damage|p1a: Dragonite|61/100 brn|[from] item: Rocky Helmet|[of] p2a: spvceghvstpvrrp
|cant|p2a: spvceghvstpvrrp|par
|
|-heal|p1a: Dragonite|67/100 brn|[from] item: Leftovers
|-damage|p1a: Dragonite|61/100 brn|[from] brn
|upkeep
|turn|39
|
|t:|1640409175
|switch|p2a: Bernie Landers|Landorus-Therian, M|38/100
|-ability|p2a: Bernie Landers|Intimidate|boost
|-unboost|p1a: Dragonite|atk|1
|move|p1a: Dragonite|Roost|p1a: Dragonite
|-heal|p1a: Dragonite|100/100 brn
|-singleturn|p1a: Dragonite|move: Roost
|
|-damage|p1a: Dragonite|94/100 brn|[from] brn
|upkeep
|turn|40
|
|t:|1640409181
|switch|p2a: spvceghvstpvrrp|Slowbro, M, shiny|45/100 par
|move|p1a: Dragonite|Dragon Claw|p2a: spvceghvstpvrrp
|-damage|p2a: spvceghvstpvrrp|8/100 par
|-damage|p1a: Dragonite|78/100 brn|[from] item: Rocky Helmet|[of] p2a: spvceghvstpvrrp
|
|-heal|p1a: Dragonite|84/100 brn|[from] item: Leftovers
|-damage|p1a: Dragonite|78/100 brn|[from] brn
|upkeep
|turn|41
|
|t:|1640409189
|switch|p2a: Bernie Landers|Landorus-Therian, M|38/100
|-ability|p2a: Bernie Landers|Intimidate|boost
|-unboost|p1a: Dragonite|atk|1
|move|p1a: Dragonite|Dragon Dance|p1a: Dragonite
|-boost|p1a: Dragonite|atk|1
|-boost|p1a: Dragonite|spe|0
|
|-heal|p1a: Dragonite|84/100 brn|[from] item: Leftovers
|-damage|p1a: Dragonite|78/100 brn|[from] brn
|upkeep
|turn|42
|
|t:|1640409195
|switch|p2a: DA LAST REX(3005)|Tyranitar, F|37/100
|-weather|Sandstorm|[from] ability: Sand Stream|[of] p2a: DA LAST REX(3005)
|move|p1a: Dragonite|Dragon Claw|p2a: DA LAST REX(3005)
|-damage|p2a: DA LAST REX(3005)|0 fnt
|faint|p2a: DA LAST REX(3005)
|
|-weather|Sandstorm|[upkeep]
|-damage|p1a: Dragonite|71/100 brn|[from] Sandstorm
|-heal|p1a: Dragonite|78/100 brn|[from] item: Leftovers
|-damage|p1a: Dragonite|71/100 brn|[from] brn
|upkeep
|
|t:|1640409198
|switch|p2a: spvceghvstpvrrp|Slowbro, M, shiny|41/100 par
|turn|43
|
|t:|1640409202
|switch|p2a: Bernie Landers|Landorus-Therian, M|38/100
|-ability|p2a: Bernie Landers|Intimidate|boost
|-unboost|p1a: Dragonite|atk|1
|move|p1a: Dragonite|Dragon Claw|p2a: Bernie Landers
|-damage|p2a: Bernie Landers|0 fnt
|-damage|p1a: Dragonite|55/100 brn|[from] item: Rocky Helmet|[of] p2a: Bernie Landers
|faint|p2a: Bernie Landers
|
|-weather|Sandstorm|[upkeep]
|-damage|p1a: Dragonite|49/100 brn|[from] Sandstorm
|-heal|p1a: Dragonite|55/100 brn|[from] item: Leftovers
|-damage|p1a: Dragonite|49/100 brn|[from] brn
|upkeep
|
|t:|1640409205
|switch|p2a: spvceghvstpvrrp|Slowbro, M, shiny|74/100 par
|turn|44
|
|t:|1640409208
|move|p1a: Dragonite|Roost|p1a: Dragonite
|-heal|p1a: Dragonite|99/100 brn
|-singleturn|p1a: Dragonite|move: Roost
|move|p2a: spvceghvstpvrrp|Scald|p1a: Dragonite
|-resisted|p1a: Dragonite
|-damage|p1a: Dragonite|86/100 brn
|
|-weather|Sandstorm|[upkeep]
|-damage|p1a: Dragonite|80/100 brn|[from] Sandstorm
|-damage|p2a: spvceghvstpvrrp|68/100 par|[from] Sandstorm
|-heal|p1a: Dragonite|86/100 brn|[from] item: Leftovers
|-damage|p1a: Dragonite|80/100 brn|[from] brn
|upkeep
|turn|45
|
|t:|1640409215
|move|p1a: Dragonite|Dragon Dance|p1a: Dragonite
|-boost|p1a: Dragonite|atk|1
|-boost|p1a: Dragonite|spe|0
|move|p2a: spvceghvstpvrrp|Future Sight|p1a: Dragonite
|-start|p2a: spvceghvstpvrrp|move: Future Sight
|
|-weather|Sandstorm|[upkeep]
|-damage|p1a: Dragonite|74/100 brn|[from] Sandstorm
|-damage|p2a: spvceghvstpvrrp|62/100 par|[from] Sandstorm
|-heal|p1a: Dragonite|80/100 brn|[from] item: Leftovers
|-damage|p1a: Dragonite|74/100 brn|[from] brn
|upkeep
|turn|46
|
|t:|1640409219
|move|p1a: Dragonite|Dragon Dance|p1a: Dragonite
|-boost|p1a: Dragonite|atk|1
|-boost|p1a: Dragonite|spe|0
|cant|p2a: spvceghvstpvrrp|par
|
|-weather|none
|-heal|p1a: Dragonite|80/100 brn|[from] item: Leftovers
|-damage|p1a: Dragonite|74/100 brn|[from] brn
|upkeep
|turn|47
|
|t:|1640409221
|move|p1a: Dragonite|Roost|p1a: Dragonite
|-heal|p1a: Dragonite|100/100 brn
|-singleturn|p1a: Dragonite|move: Roost
|cant|p2a: spvceghvstpvrrp|par
|
|-end|p1a: Dragonite|move: Future Sight
|-damage|p1a: Dragonite|82/100 brn
|-heal|p1a: Dragonite|88/100 brn|[from] item: Leftovers
|-damage|p1a: Dragonite|82/100 brn|[from] brn
|upkeep
|turn|48
|
|t:|1640409227
|move|p1a: Dragonite|Dragon Claw|p2a: spvceghvstpvrrp
|-damage|p2a: spvceghvstpvrrp|22/100 par
|-damage|p1a: Dragonite|66/100 brn|[from] item: Rocky Helmet|[of] p2a: spvceghvstpvrrp
|cant|p2a: spvceghvstpvrrp|par
|
|-heal|p1a: Dragonite|72/100 brn|[from] item: Leftovers
|-damage|p1a: Dragonite|66/100 brn|[from] brn
|upkeep
|turn|49
|j| AlIoutdragadarts
|
|t:|1640409233
|switch|p2a: VODECi|Tapu Koko|100/100
|-fieldstart|move: Electric Terrain|[from] ability: Electric Surge|[of] p2a: VODECi
|move|p1a: Dragonite|Dragon Claw|p2a: VODECi
|-immune|p2a: VODECi
|
|-heal|p1a: Dragonite|72/100 brn|[from] item: Leftovers
|-damage|p1a: Dragonite|66/100 brn|[from] brn
|upkeep
|turn|50
|
|t:|1640409236
|switch|p2a: spvceghvstpvrrp|Slowbro, M, shiny|55/100 par
|move|p1a: Dragonite|Ice Punch|p2a: spvceghvstpvrrp
|-resisted|p2a: spvceghvstpvrrp
|-damage|p2a: spvceghvstpvrrp|42/100 par
|-damage|p1a: Dragonite|49/100 brn|[from] item: Rocky Helmet|[of] p2a: spvceghvstpvrrp
|
|-heal|p1a: Dragonite|55/100 brn|[from] item: Leftovers
|-damage|p1a: Dragonite|49/100 brn|[from] brn
|upkeep
|turn|51
|
|t:|1640409240
|move|p1a: Dragonite|Roost|p1a: Dragonite
|-heal|p1a: Dragonite|99/100 brn
|-singleturn|p1a: Dragonite|move: Roost
|move|p2a: spvceghvstpvrrp|Slack Off|p2a: spvceghvstpvrrp
|-heal|p2a: spvceghvstpvrrp|92/100 par
|
|-heal|p1a: Dragonite|100/100 brn|[from] item: Leftovers
|-damage|p1a: Dragonite|94/100 brn|[from] brn
|upkeep
|turn|52
|
|t:|1640409246
|move|p1a: Dragonite|Dragon Claw|p2a: spvceghvstpvrrp
|-damage|p2a: spvceghvstpvrrp|53/100 par
|-damage|p1a: Dragonite|78/100 brn|[from] item: Rocky Helmet|[of] p2a: spvceghvstpvrrp
|move|p2a: spvceghvstpvrrp|Future Sight|p1a: Dragonite
|-start|p2a: spvceghvstpvrrp|move: Future Sight
|
|-heal|p1a: Dragonite|84/100 brn|[from] item: Leftovers
|-damage|p1a: Dragonite|78/100 brn|[from] brn
|upkeep
|turn|53
|
|t:|1640409252
|move|p1a: Dragonite|Dragon Claw|p2a: spvceghvstpvrrp
|-damage|p2a: spvceghvstpvrrp|7/100 par
|-damage|p1a: Dragonite|61/100 brn|[from] item: Rocky Helmet|[of] p2a: spvceghvstpvrrp
|move|p2a: spvceghvstpvrrp|Slack Off|p2a: spvceghvstpvrrp
|-heal|p2a: spvceghvstpvrrp|57/100 par
|
|-heal|p1a: Dragonite|67/100 brn|[from] item: Leftovers
|-damage|p1a: Dragonite|61/100 brn|[from] brn
|-fieldend|move: Electric Terrain
|upkeep
|turn|54
|
|t:|1640409258
|switch|p2a: VODECi|Tapu Koko|100/100
|-fieldstart|move: Electric Terrain|[from] ability: Electric Surge|[of] p2a: VODECi
|move|p1a: Dragonite|Roost|p1a: Dragonite
|-heal|p1a: Dragonite|100/100 brn
|-singleturn|p1a: Dragonite|move: Roost
|
|-end|p1a: Dragonite|move: Future Sight
|-damage|p1a: Dragonite|81/100 brn
|-heal|p1a: Dragonite|88/100 brn|[from] item: Leftovers
|-damage|p1a: Dragonite|81/100 brn|[from] brn
|upkeep
|turn|55
|j| Mikirae
|
|t:|1640409262
|switch|p2a: spvceghvstpvrrp|Slowbro, M, shiny|90/100 par
|move|p1a: Dragonite|Ice Punch|p2a: spvceghvstpvrrp
|-resisted|p2a: spvceghvstpvrrp
|-damage|p2a: spvceghvstpvrrp|76/100 par
|-damage|p1a: Dragonite|65/100 brn|[from] item: Rocky Helmet|[of] p2a: spvceghvstpvrrp
|
|-heal|p1a: Dragonite|71/100 brn|[from] item: Leftovers
|-damage|p1a: Dragonite|65/100 brn|[from] brn
|upkeep
|turn|56
|
|t:|1640409268
|move|p1a: Dragonite|Dragon Claw|p2a: spvceghvstpvrrp
|-damage|p2a: spvceghvstpvrrp|34/100 par
|-damage|p1a: Dragonite|48/100 brn|[from] item: Rocky Helmet|[of] p2a: spvceghvstpvrrp
|move|p2a: spvceghvstpvrrp|Slack Off|p2a: spvceghvstpvrrp
|-heal|p2a: spvceghvstpvrrp|84/100 par
|
|-heal|p1a: Dragonite|54/100 brn|[from] item: Leftovers
|-damage|p1a: Dragonite|48/100 brn|[from] brn
|upkeep
|turn|57
|
|t:|1640409274
|move|p1a: Dragonite|Dragon Claw|p2a: spvceghvstpvrrp
|-damage|p2a: spvceghvstpvrrp|42/100 par
|-damage|p1a: Dragonite|32/100 brn|[from] item: Rocky Helmet|[of] p2a: spvceghvstpvrrp
|move|p2a: spvceghvstpvrrp|Future Sight|p1a: Dragonite
|-start|p2a: spvceghvstpvrrp|move: Future Sight
|
|-heal|p1a: Dragonite|38/100 brn|[from] item: Leftovers
|-damage|p1a: Dragonite|32/100 brn|[from] brn
|upkeep
|turn|58
|l| AlIoutdragadarts
|l| High F1y
|
|t:|1640409282
|move|p1a: Dragonite|Roost|p1a: Dragonite
|-heal|p1a: Dragonite|82/100 brn
|-singleturn|p1a: Dragonite|move: Roost
|move|p2a: spvceghvstpvrrp|Slack Off|p2a: spvceghvstpvrrp
|-heal|p2a: spvceghvstpvrrp|92/100 par
|
|-heal|p1a: Dragonite|88/100 brn|[from] item: Leftovers
|-damage|p1a: Dragonite|82/100 brn|[from] brn
|-fieldend|move: Electric Terrain
|upkeep
|turn|59
|
|t:|1640409292
|move|p1a: Dragonite|Dragon Claw|p2a: spvceghvstpvrrp
|-damage|p2a: spvceghvstpvrrp|48/100 par
|-damage|p1a: Dragonite|65/100 brn|[from] item: Rocky Helmet|[of] p2a: spvceghvstpvrrp
|move|p2a: spvceghvstpvrrp|Slack Off|p2a: spvceghvstpvrrp
|-heal|p2a: spvceghvstpvrrp|98/100 par
|
|-end|p1a: Dragonite|move: Future Sight
|-damage|p1a: Dragonite|31/100 brn
|-heal|p1a: Dragonite|37/100 brn|[from] item: Leftovers
|-damage|p1a: Dragonite|31/100 brn|[from] brn
|upkeep
|turn|60
|
|t:|1640409297
|move|p1a: Dragonite|Roost|p1a: Dragonite
|-heal|p1a: Dragonite|81/100 brn
|-singleturn|p1a: Dragonite|move: Roost
|move|p2a: spvceghvstpvrrp|Future Sight|p1a: Dragonite
|-start|p2a: spvceghvstpvrrp|move: Future Sight
|
|-heal|p1a: Dragonite|87/100 brn|[from] item: Leftovers
|-damage|p1a: Dragonite|81/100 brn|[from] brn
|upkeep
|turn|61
|
|t:|1640409301
|move|p1a: Dragonite|Dragon Claw|p2a: spvceghvstpvrrp
|-damage|p2a: spvceghvstpvrrp|55/100 par
|-damage|p1a: Dragonite|64/100 brn|[from] item: Rocky Helmet|[of] p2a: spvceghvstpvrrp
|move|p2a: spvceghvstpvrrp|Slack Off|p2a: spvceghvstpvrrp
|-heal|p2a: spvceghvstpvrrp|100/100 par
|
|-heal|p1a: Dragonite|70/100 brn|[from] item: Leftovers
|-damage|p1a: Dragonite|64/100 brn|[from] brn
|upkeep
|turn|62
|
|t:|1640409306
|move|p1a: Dragonite|Dragon Claw|p2a: spvceghvstpvrrp
|-crit|p2a: spvceghvstpvrrp
|-damage|p2a: spvceghvstpvrrp|31/100 par
|-damage|p1a: Dragonite|47/100 brn|[from] item: Rocky Helmet|[of] p2a: spvceghvstpvrrp
|move|p2a: spvceghvstpvrrp|Slack Off|p2a: spvceghvstpvrrp
|-heal|p2a: spvceghvstpvrrp|81/100 par
|
|-end|p1a: Dragonite|move: Future Sight
|-damage|p1a: Dragonite|11/100 brn
|-heal|p1a: Dragonite|17/100 brn|[from] item: Leftovers
|-damage|p1a: Dragonite|11/100 brn|[from] brn
|upkeep
|turn|63
|
|t:|1640409312
|move|p1a: Dragonite|Dragon Claw|p2a: spvceghvstpvrrp
|-damage|p2a: spvceghvstpvrrp|43/100 par
|-damage|p1a: Dragonite|0 fnt|[from] item: Rocky Helmet|[of] p2a: spvceghvstpvrrp
|faint|p1a: Dragonite
|move|p2a: spvceghvstpvrrp|Teleport|p2a: spvceghvstpvrrp
|
|t:|1640409317
|switch|p2a: VODECi|Tapu Koko|100/100|[from]move: Teleport
|-fieldstart|move: Electric Terrain|[from] ability: Electric Surge|[of] p2a: VODECi
|
|upkeep
|
|t:|1640409331
|switch|p1a: Lucario|Lucario, F|100/100
|-damage|p1a: Lucario|98/100|[from] Stealth Rock
|turn|64
|
|t:|1640409338
|move|p2a: VODECi|Thunderbolt|p1a: Lucario
|-damage|p1a: Lucario|0 fnt
|faint|p1a: Lucario
|
|upkeep
|
|t:|1640409341
|switch|p1a: Ferrothorn|Ferrothorn, F|18/100
|-damage|p1a: Ferrothorn|12/100|[from] Stealth Rock
|turn|65
|
|t:|1640409346
|move|p2a: VODECi|Thunderbolt|p1a: Ferrothorn
|-resisted|p1a: Ferrothorn
|-damage|p1a: Ferrothorn|0 fnt
|faint|p1a: Ferrothorn
|
|upkeep
|
|t:|1640409348
|switch|p1a: Zapdos|Zapdos|100/100
|-damage|p1a: Zapdos|76/100|[from] Stealth Rock
|turn|66
|
|t:|1640409353
|move|p2a: VODECi|Thunderbolt|p1a: Zapdos
|-damage|p1a: Zapdos|0 fnt
|faint|p1a: Zapdos
|
|win|NeoNaruto®++
|n|☆Billwavy|billwavy
|n|☆NeoNaruto®++|neonaruto
|n| Disastermind|disastermind
|n| UnzipsCrogre|unzipscrogre
|n| RepeatUntilDrunk5|repeatuntildrunk5
|n| arnavgupta|arnavgupta
|n| Anonymous43567|anonymous43567
|n| Mikirae|mikirae
|l|☆NeoNaruto®++
|l| arnavgupta
|l| Disastermind
|l| UnzipsCrogre
|l| Mikirae
|l|☆Billwavy
