|html|<div class="broadcast-blue"><strong>[Gen 8] OU is currently suspecting Melmetal! For information on how to participate check out the <a href="https://www.smogon.com/forums/threads/np-ss-ou-suspect-process-round-12-monster-mash.3709234/">suspect thread</a>.</strong></div>
|j|☆cump2
|j|☆Triple a mortgage
|t:|1666803338
|gametype|singles
|player|p1|cump2|schoolkid-gen4|1622
|player|p2|Triple a mortgage|ballguy|1551
|teamsize|p1|6
|teamsize|p2|6
|gen|8
|tier|[Gen 8] OU
|rated|
|rule|Sleep Clause Mod: Limit one foe put to sleep
|rule|Species Clause: Limit one of each Pokémon
|rule|OHKO Clause: OHKO moves are banned
|rule|Evasion Items Clause: Evasion items are banned
|rule|Evasion Moves Clause: Evasion moves are banned
|rule|Endless Battle Clause: Forcing endless battles is banned
|rule|HP Percentage Mod: HP is shown in percentages
|rule|Dynamax Clause: You cannot dynamax
|clearpoke
|poke|p1|Swampert, M|
|poke|p1|Mandibuzz, F|
|poke|p1|Rillaboom, M|
|poke|p1|Magnezone|
|poke|p1|Tapu Lele|
|poke|p1|Dragapult, F|
|poke|p2|Urshifu-*, M|
|poke|p2|Landorus-Therian, M|
|poke|p2|Ferrothorn, F|
|poke|p2|Tornadus-Therian, M|
|poke|p2|Tapu Lele|
|poke|p2|Heatran, M|
|teampreview
|j| PrinterPeople
|c|☆cump2|hf
|
|t:|1666803367
|start
|switch|p1a: Swampert|Swampert, M|100/100
|switch|p2a: Tornadus|Tornadus-Therian, M|100/100
|turn|1
|inactive|Battle timer is ON: inactive players will automatically lose when time's up. (requested by Triple a mortgage)
|c|☆Triple a mortgage|u2
|
|t:|1666803394
|move|p2a: Tornadus|Taunt|p1a: Swampert
|-start|p1a: Swampert|move: Taunt
|cant|p1a: Swampert|move: Taunt|Toxic
|
|upkeep
|turn|2
|
|t:|1666803408
|switch|p1a: Magnezone|Magnezone, shiny|100/100
|move|p2a: Tornadus|Knock Off|p1a: Magnezone
|-damage|p1a: Magnezone|87/100
|-damage|p2a: Tornadus|84/100|[from] item: Rocky Helmet|[of] p1a: Magnezone
|-enditem|p1a: Magnezone|Rocky Helmet|[from] move: Knock Off|[of] p2a: Tornadus
|
|upkeep
|turn|3
|
|t:|1666803412
|switch|p2a: Landorus|Landorus-Therian, M|100/100
|-ability|p2a: Landorus|Intimidate|boost
|-unboost|p1a: Magnezone|atk|1
|switch|p1a: Swampert|Swampert, M|100/100
|
|upkeep
|turn|4
|
|t:|1666803418
|switch|p1a: Mandibuzz|Mandibuzz, F|100/100
|move|p2a: Landorus|Toxic|p1a: Mandibuzz
|-status|p1a: Mandibuzz|tox
|
|-damage|p1a: Mandibuzz|94/100 tox|[from] psn
|upkeep
|turn|5
|
|t:|1666803430
|move|p2a: Landorus|Stealth Rock|p1a: Mandibuzz
|-sidestart|p1: cump2|move: Stealth Rock
|move|p1a: Mandibuzz|Foul Play|p2a: Landorus
|-damage|p2a: Landorus|55/100
|
|-heal|p2a: Landorus|61/100|[from] item: Leftovers
|-damage|p1a: Mandibuzz|82/100 tox|[from] psn
|upkeep
|turn|6
|
|t:|1666803457
|move|p2a: Landorus|U-turn|p1a: Mandibuzz
|-damage|p1a: Mandibuzz|70/100 tox
|c|☆cump2|crap
|c|☆cump2|this thing has three moves lol
|
|t:|1666803463
|switch|p2a: Tornadus|Tornadus-Therian, M|100/100|[from]move: U-turn
|move|p1a: Mandibuzz|Defog|p2a: Tornadus
|-unboost|p2a: Tornadus|evasion|1
|-sideend|p1: cump2|Stealth Rock|[from] move: Defog|[of] p1a: Mandibuzz
|
|-damage|p1a: Mandibuzz|52/100 tox|[from] psn
|upkeep
|turn|7
|
|t:|1666803484
|switch|p2a: Urshifu|Urshifu-Rapid-Strike, M|100/100
|switch|p1a: Swampert|Swampert, M|100/100
|
|upkeep
|turn|8
|
|t:|1666803494
|switch|p1a: Dragapult|Dragapult, F, shiny|100/100
|move|p2a: Urshifu|U-turn|p1a: Dragapult
|-resisted|p1a: Dragapult
|-damage|p1a: Dragapult|73/100
|
|t:|1666803504
|switch|p2a: Tornadus|Tornadus-Therian, M|100/100|[from]move: U-turn
|
|upkeep
|turn|9
|
|t:|1666803506
|move|p1a: Dragapult|U-turn|p2a: Tornadus
|-resisted|p2a: Tornadus
|-damage|p2a: Tornadus|81/100
|
|t:|1666803508
|switch|p1a: Magnezone|Magnezone, shiny|87/100|[from]move: U-turn
|move|p2a: Tornadus|Knock Off|p1a: Magnezone
|-damage|p1a: Magnezone|77/100
|
|upkeep
|turn|10
|
|t:|1666803529
|switch|p2a: Landorus|Landorus-Therian, M|61/100
|-ability|p2a: Landorus|Intimidate|boost
|-unboost|p1a: Magnezone|atk|1
|switch|p1a: Tapu Lele|Tapu Lele, shiny|100/100
|-fieldstart|move: Psychic Terrain|[from] ability: Psychic Surge|[of] p1a: Tapu Lele
|
|-heal|p2a: Landorus|67/100|[from] item: Leftovers
|upkeep
|turn|11
|
|t:|1666803544
|move|p1a: Tapu Lele|Psyshock|p2a: Landorus
|-damage|p2a: Landorus|0 fnt
|faint|p2a: Landorus
|
|upkeep
|inactive|Triple a mortgage has 120 seconds left.
|
|t:|1666803572
|switch|p2a: Heatran|Heatran, M|100/100
|-item|p2a: Heatran|Air Balloon
|turn|12
|inactive|Triple a mortgage has 120 seconds left.
|inactive|cump2 has 120 seconds left.
|
|t:|1666803614
|switch|p1a: Swampert|Swampert, M|100/100
|move|p2a: Heatran|Eruption|p1a: Swampert
|-resisted|p1a: Swampert
|-damage|p1a: Swampert|70/100
|
|-heal|p1a: Swampert|76/100|[from] item: Leftovers
|upkeep
|turn|13
|
|t:|1666803620
|switch|p2a: Urshifu|Urshifu-Rapid-Strike, M|100/100
|move|p1a: Swampert|Flip Turn|p2a: Urshifu
|-resisted|p2a: Urshifu
|-damage|p2a: Urshifu|89/100
|
|t:|1666803625
|switch|p1a: Rillaboom|Rillaboom, M|100/100|[from]move: Flip Turn
|-fieldstart|move: Grassy Terrain|[from] ability: Grassy Surge|[of] p1a: Rillaboom
|
|-heal|p2a: Urshifu|95/100|[from] Grassy Terrain
|upkeep
|turn|14
|
|t:|1666803629
|switch|p2a: Tornadus|Tornadus-Therian, M|100/100
|move|p1a: Rillaboom|U-turn|p2a: Tornadus
|-resisted|p2a: Tornadus
|-crit|p2a: Tornadus
|-damage|p2a: Tornadus|67/100
|
|t:|1666803631
|switch|p1a: Dragapult|Dragapult, F, shiny|73/100|[from]move: U-turn
|
|-heal|p1a: Dragapult|79/100|[from] Grassy Terrain
|upkeep
|turn|15
|
|t:|1666803635
|switch|p2a: Heatran|Heatran, M|100/100
|-item|p2a: Heatran|Air Balloon
|move|p1a: Dragapult|Dragon Darts|p2a: Heatran
|-resisted|p2a: Heatran
|-damage|p2a: Heatran|79/100
|-enditem|p2a: Heatran|Air Balloon
|-anim|p1a: Dragapult|Dragon Darts|p2a: Heatran
|-resisted|p2a: Heatran
|-damage|p2a: Heatran|57/100
|
|-heal|p1a: Dragapult|85/100|[from] Grassy Terrain
|-heal|p2a: Heatran|64/100|[from] Grassy Terrain
|upkeep
|turn|16
|
|t:|1666803641
|switch|p1a: Swampert|Swampert, M|76/100
|move|p2a: Heatran|Lava Plume|p1a: Swampert
|-resisted|p1a: Swampert
|-damage|p1a: Swampert|62/100
|
|-heal|p2a: Heatran|70/100|[from] Grassy Terrain
|-heal|p1a: Swampert|68/100|[from] Grassy Terrain
|-heal|p1a: Swampert|74/100|[from] item: Leftovers
|upkeep
|turn|17
|
|t:|1666803644
|move|p2a: Heatran|Lava Plume|p1a: Swampert
|-resisted|p1a: Swampert
|-crit|p1a: Swampert
|-damage|p1a: Swampert|51/100
|move|p1a: Swampert|Stealth Rock|p2a: Heatran
|-sidestart|p2: Triple a mortgage|move: Stealth Rock
|
|-heal|p2a: Heatran|76/100|[from] Grassy Terrain
|-heal|p1a: Swampert|57/100|[from] Grassy Terrain
|-heal|p1a: Swampert|64/100|[from] item: Leftovers
|-fieldend|move: Grassy Terrain
|upkeep
|turn|18
|
|t:|1666803649
|switch|p2a: Tornadus|Tornadus-Therian, M|100/100
|move|p1a: Swampert|Flip Turn|p2a: Tornadus
|-damage|p2a: Tornadus|75/100
|
|t:|1666803654
|switch|p1a: Dragapult|Dragapult, F, shiny|85/100|[from]move: Flip Turn
|
|upkeep
|turn|19
|
|t:|1666803661
|move|p1a: Dragapult|U-turn|p2a: Tornadus
|-resisted|p2a: Tornadus
|-damage|p2a: Tornadus|52/100
|
|t:|1666803662
|switch|p1a: Magnezone|Magnezone, shiny|77/100|[from]move: U-turn
|move|p2a: Tornadus|Knock Off|p1a: Magnezone
|-crit|p1a: Magnezone
|-damage|p1a: Magnezone|62/100
|
|upkeep
|turn|20
|
|t:|1666803669
|move|p2a: Tornadus|Defog|p1a: Magnezone
|-unboost|p1a: Magnezone|evasion|1
|-sideend|p2: Triple a mortgage|Stealth Rock|[from] move: Defog|[of] p2a: Tornadus
|move|p1a: Magnezone|Thunderbolt|p2a: Tornadus
|-supereffective|p2a: Tornadus
|-damage|p2a: Tornadus|0 fnt
|faint|p2a: Tornadus
|
|upkeep
|
|t:|1666803673
|switch|p2a: Heatran|Heatran, M|76/100
|turn|21
|
|t:|1666803675
|switch|p1a: Swampert|Swampert, M|64/100
|move|p2a: Heatran|Lava Plume|p1a: Swampert
|-resisted|p1a: Swampert
|-damage|p1a: Swampert|49/100
|
|-heal|p1a: Swampert|55/100|[from] item: Leftovers
|upkeep
|turn|22
|
|t:|1666803680
|move|p2a: Heatran|Lava Plume|p1a: Swampert
|-resisted|p1a: Swampert
|-damage|p1a: Swampert|38/100
|-status|p1a: Swampert|brn
|move|p1a: Swampert|Stealth Rock|p2a: Heatran
|-sidestart|p2: Triple a mortgage|move: Stealth Rock
|
|-heal|p1a: Swampert|45/100 brn|[from] item: Leftovers
|-damage|p1a: Swampert|38/100 brn|[from] brn
|upkeep
|turn|23
|
|t:|1666803684
|switch|p2a: Urshifu|Urshifu-Rapid-Strike, M|95/100
|-damage|p2a: Urshifu|89/100|[from] Stealth Rock
|move|p1a: Swampert|Flip Turn|p2a: Urshifu
|-resisted|p2a: Urshifu
|-damage|p2a: Urshifu|84/100
|
|t:|1666803689
|switch|p1a: Rillaboom|Rillaboom, M|100/100|[from]move: Flip Turn
|-fieldstart|move: Grassy Terrain|[from] ability: Grassy Surge|[of] p1a: Rillaboom
|
|-heal|p2a: Urshifu|90/100|[from] Grassy Terrain
|upkeep
|turn|24
|
|t:|1666803701
|move|p1a: Rillaboom|Grassy Glide|p2a: Urshifu
|-supereffective|p2a: Urshifu
|-damage|p2a: Urshifu|0 fnt
|faint|p2a: Urshifu
|
|upkeep
|
|t:|1666803704
|switch|p2a: Tapu Lele|Tapu Lele|100/100
|-damage|p2a: Tapu Lele|88/100|[from] Stealth Rock
|-fieldstart|move: Psychic Terrain|[from] ability: Psychic Surge|[of] p2a: Tapu Lele
|turn|25
|
|t:|1666803709
|switch|p1a: Mandibuzz|Mandibuzz, F|52/100 tox
|move|p2a: Tapu Lele|Moonblast|p1a: Mandibuzz
|-supereffective|p1a: Mandibuzz
|-damage|p1a: Mandibuzz|0 fnt
|faint|p1a: Mandibuzz
|
|upkeep
|
|t:|1666803712
|switch|p1a: Rillaboom|Rillaboom, M|100/100
|-fieldstart|move: Grassy Terrain|[from] ability: Grassy Surge|[of] p1a: Rillaboom
|turn|26
|
|t:|1666803722
|switch|p2a: Ferrothorn|Ferrothorn, F|100/100
|-damage|p2a: Ferrothorn|94/100|[from] Stealth Rock
|move|p1a: Rillaboom|Grassy Glide|p2a: Ferrothorn
|-resisted|p2a: Ferrothorn
|-damage|p2a: Ferrothorn|84/100
|-damage|p1a: Rillaboom|88/100|[from] ability: Iron Barbs|[of] p2a: Ferrothorn
|-damage|p1a: Rillaboom|72/100|[from] item: Rocky Helmet|[of] p2a: Ferrothorn
|
|-heal|p1a: Rillaboom|78/100|[from] Grassy Terrain
|-heal|p2a: Ferrothorn|91/100|[from] Grassy Terrain
|upkeep
|turn|27
|
|t:|1666803728
|move|p1a: Rillaboom|Grassy Glide|p2a: Ferrothorn
|-resisted|p2a: Ferrothorn
|-damage|p2a: Ferrothorn|80/100
|-damage|p1a: Rillaboom|66/100|[from] ability: Iron Barbs|[of] p2a: Ferrothorn
|-damage|p1a: Rillaboom|49/100|[from] item: Rocky Helmet|[of] p2a: Ferrothorn
|move|p2a: Ferrothorn|Leech Seed|p1a: Rillaboom
|-immune|p1a: Rillaboom
|
|-heal|p1a: Rillaboom|55/100|[from] Grassy Terrain
|-heal|p2a: Ferrothorn|87/100|[from] Grassy Terrain
|upkeep
|turn|28
|
|t:|1666803731
|switch|p1a: Magnezone|Magnezone, shiny|62/100
|move|p2a: Ferrothorn|Spikes|p1a: Magnezone
|-sidestart|p1: cump2|Spikes
|
|-heal|p1a: Magnezone|68/100|[from] Grassy Terrain
|-heal|p2a: Ferrothorn|93/100|[from] Grassy Terrain
|upkeep
|turn|29
|
|t:|1666803732
|move|p1a: Magnezone|Iron Defense|p1a: Magnezone
|-boost|p1a: Magnezone|def|2
|move|p2a: Ferrothorn|Leech Seed|p1a: Magnezone
|-start|p1a: Magnezone|move: Leech Seed
|
|-heal|p1a: Magnezone|74/100|[from] Grassy Terrain
|-heal|p2a: Ferrothorn|99/100|[from] Grassy Terrain
|-damage|p1a: Magnezone|62/100|[from] Leech Seed|[of] p2a: Ferrothorn
|-heal|p2a: Ferrothorn|100/100|[silent]
|upkeep
|turn|30
|
|t:|1666803735
|move|p1a: Magnezone|Iron Defense|p1a: Magnezone
|-boost|p1a: Magnezone|def|2
|move|p2a: Ferrothorn|Knock Off|p1a: Magnezone
|-damage|p1a: Magnezone|58/100
|
|-heal|p1a: Magnezone|64/100|[from] Grassy Terrain
|-damage|p1a: Magnezone|52/100|[from] Leech Seed|[of] p2a: Ferrothorn
|-fieldend|move: Grassy Terrain
|upkeep
|turn|31
|
|t:|1666803738
|move|p1a: Magnezone|Iron Defense|p1a: Magnezone
|-boost|p1a: Magnezone|def|2
|move|p2a: Ferrothorn|Spikes|p1a: Magnezone
|-sidestart|p1: cump2|Spikes
|
|-damage|p1a: Magnezone|40/100|[from] Leech Seed|[of] p2a: Ferrothorn
|upkeep
|turn|32
|
|t:|1666803739
|move|p1a: Magnezone|Body Press|p2a: Ferrothorn
|-supereffective|p2a: Ferrothorn
|-damage|p2a: Ferrothorn|0 fnt
|-damage|p1a: Magnezone|27/100|[from] ability: Iron Barbs|[of] p2a: Ferrothorn
|-damage|p1a: Magnezone|11/100|[from] item: Rocky Helmet|[of] p2a: Ferrothorn
|faint|p2a: Ferrothorn
|
|upkeep
|
|t:|1666803742
|switch|p2a: Heatran|Heatran, M|76/100
|-damage|p2a: Heatran|64/100|[from] Stealth Rock
|turn|33
|
|t:|1666803745
|move|p2a: Heatran|Lava Plume|p1a: Magnezone
|-supereffective|p1a: Magnezone
|-damage|p1a: Magnezone|0 fnt
|faint|p1a: Magnezone
|
|upkeep
|
|t:|1666803748
|switch|p1a: Tapu Lele|Tapu Lele, shiny|100/100
|-damage|p1a: Tapu Lele|84/100|[from] Spikes
|-fieldstart|move: Psychic Terrain|[from] ability: Psychic Surge|[of] p1a: Tapu Lele
|turn|34
|
|t:|1666803759
|move|p1a: Tapu Lele|Shadow Ball|p2a: Heatran
|-damage|p2a: Heatran|15/100
|-unboost|p2a: Heatran|spd|1
|move|p2a: Heatran|Flash Cannon|p1a: Tapu Lele
|-supereffective|p1a: Tapu Lele
|-damage|p1a: Tapu Lele|0 fnt
|faint|p1a: Tapu Lele
|
|upkeep
|
|t:|1666803766
|switch|p1a: Swampert|Swampert, M|38/100 brn
|-damage|p1a: Swampert|22/100 brn|[from] Spikes
|turn|35
|
|t:|1666803769
|move|p2a: Heatran|Earth Power|p1a: Swampert
|-damage|p1a: Swampert|0 fnt
|faint|p1a: Swampert
|
|upkeep
|
|t:|1666803771
|switch|p1a: Dragapult|Dragapult, F, shiny|85/100
|-damage|p1a: Dragapult|69/100|[from] Spikes
|turn|36
|
|t:|1666803775
|move|p1a: Dragapult|Phantom Force||[still]
|-prepare|p1a: Dragapult|Phantom Force
|move|p2a: Heatran|Lava Plume|p1a: Dragapult|[miss]
|-miss|p2a: Heatran|p1a: Dragapult
|
|upkeep
|turn|37
|
|t:|1666803778
|move|p1a: Dragapult|Phantom Force|p2a: Heatran|[from]lockedmove
|-damage|p2a: Heatran|0 fnt
|faint|p2a: Heatran
|
|upkeep
|
|t:|1666803781
|switch|p2a: Tapu Lele|Tapu Lele|88/100
|-damage|p2a: Tapu Lele|76/100|[from] Stealth Rock
|turn|38
|
|t:|1666803784
|move|p2a: Tapu Lele|Moonblast|p1a: Dragapult
|-supereffective|p1a: Dragapult
|-damage|p1a: Dragapult|0 fnt
|faint|p1a: Dragapult
|
|-fieldend|move: Psychic Terrain
|upkeep
|
|t:|1666803785
|switch|p1a: Rillaboom|Rillaboom, M|55/100
|-damage|p1a: Rillaboom|39/100|[from] Spikes
|-fieldstart|move: Grassy Terrain|[from] ability: Grassy Surge|[of] p1a: Rillaboom
|turn|39
|
|t:|1666803786
|move|p1a: Rillaboom|Grassy Glide|p2a: Tapu Lele
|-damage|p2a: Tapu Lele|0 fnt
|faint|p2a: Tapu Lele
|
|win|cump2
|raw|cump2's rating: 1622 &rarr; <strong>1637</strong><br />(+15 for winning)
|raw|Triple a mortgage's rating: 1530 &rarr; <strong>1515</strong><br />(-15 for losing)
|l|☆Triple a mortgage
|l|☆cump2
||Ladder isn't responding, score probably updated but might not have (Request timeout).
