|raw|<div class="broadcast-blue"><strong>This battle is required to be public due to a player having a name starting with 'lt84jm'.</div>
|j|☆Coach Jones 6fifth
|j|☆LT84JMMimiStardust
|t:|1627561522
|gametype|singles
|player|p1|Coach Jones 6fifth|lusamine-nihilego|1844
|player|p2|LT84JMMimiStardust|lillie-z|1866
|teamsize|p1|6
|teamsize|p2|6
|gen|8
|tier|[Gen 8] OU
|rated|
|rule|Sleep Clause Mod: Limit one foe put to sleep
|rule|Species Clause: Limit one of each Pokémon
|rule|OHKO Clause: OHKO moves are banned
|rule|Evasion Moves Clause: Evasion moves are banned
|rule|Endless Battle Clause: Forcing endless battles is banned
|rule|HP Percentage Mod: HP is shown in percentages
|rule|Dynamax Clause: You cannot dynamax
|clearpoke
|poke|p1|Heatran, F|
|poke|p1|Rillaboom, F|
|poke|p1|Zapdos|
|poke|p1|Slowbro, M|
|poke|p1|Landorus-Therian, M|
|poke|p1|Dragapult, F|
|poke|p2|Pelipper, M|
|poke|p2|Barraskewda, M|
|poke|p2|Regieleki|
|poke|p2|Tapu Lele|
|poke|p2|Landorus-Therian, M|
|poke|p2|Ferrothorn, M|
|teampreview
|j| LT84JMM
|j| ppev
|j| Somalia
|inactive|Battle timer is ON: inactive players will automatically lose when time's up. (requested by LT84JMMimiStardust)
|c|☆LT84JMMimiStardust|hf
|j| from you
|
|t:|1627561559
|start
|switch|p1a: Dragapult|Dragapult, F, shiny|100/100
|switch|p2a: Landorus|Landorus-Therian, M|100/100
|-ability|p2a: Landorus|Intimidate|boost
|-unboost|p1a: Dragapult|atk|1
|turn|1
|
|t:|1627561566
|switch|p1a: Slowbro|Slowbro, M|100/100
|move|p2a: Landorus|Knock Off|p1a: Slowbro
|-supereffective|p1a: Slowbro
|-damage|p1a: Slowbro|63/100
|-enditem|p1a: Slowbro|Heavy-Duty Boots|[from] move: Knock Off|[of] p2a: Landorus
|
|upkeep
|turn|2
|j| Alemantas194
|
|t:|1627561570
|move|p2a: Landorus|Stealth Rock|p1a: Slowbro
|-sidestart|p1: Coach Jones 6fifth|move: Stealth Rock
|move|p1a: Slowbro|Ice Beam|p2a: Landorus
|-supereffective|p2a: Landorus
|-damage|p2a: Landorus|34/100
|
|-heal|p2a: Landorus|40/100|[from] item: Leftovers
|upkeep
|turn|3
|
|t:|1627561574
|move|p2a: Landorus|U-turn|p1a: Slowbro
|-supereffective|p1a: Slowbro
|-damage|p1a: Slowbro|40/100
|
|t:|1627561577
|switch|p2a: Ferrothorn|Ferrothorn, M|100/100|[from]move: U-turn
|move|p1a: Slowbro|Teleport|p1a: Slowbro
|j| Trickster7
|
|t:|1627561579
|switch|p1a: Zapdos|Zapdos|100/100|[from]move: Teleport
|
|upkeep
|turn|4
|
|t:|1627561585
|switch|p2a: Landorus|Landorus-Therian, M|40/100
|-ability|p2a: Landorus|Intimidate|boost
|-unboost|p1a: Zapdos|atk|1
|move|p1a: Zapdos|Defog|p2a: Landorus
|-unboost|p2a: Landorus|evasion|1
|-sideend|p1: Coach Jones 6fifth|Stealth Rock|[from] move: Defog|[of] p1a: Zapdos
|
|-heal|p2a: Landorus|46/100|[from] item: Leftovers
|upkeep
|turn|5
|j| babours
|
|t:|1627561590
|switch|p1a: Slowbro|Slowbro, M|73/100
|move|p2a: Landorus|Knock Off|p1a: Slowbro
|-supereffective|p1a: Slowbro
|-damage|p1a: Slowbro|49/100
|
|-heal|p2a: Landorus|52/100|[from] item: Leftovers
|upkeep
|turn|6
|
|t:|1627561592
|move|p2a: Landorus|U-turn|p1a: Slowbro
|-supereffective|p1a: Slowbro
|-damage|p1a: Slowbro|21/100
|
|t:|1627561595
|switch|p2a: Ferrothorn|Ferrothorn, M|100/100|[from]move: U-turn
|move|p1a: Slowbro|Ice Beam|p2a: Ferrothorn
|-damage|p2a: Ferrothorn|87/100
|-status|p2a: Ferrothorn|frz
|
|-heal|p2a: Ferrothorn|93/100 frz|[from] item: Leftovers
|upkeep
|turn|7
|
|t:|1627561601
|move|p1a: Slowbro|Slack Off|p1a: Slowbro
|-heal|p1a: Slowbro|71/100
|cant|p2a: Ferrothorn|frz
|
|-heal|p2a: Ferrothorn|99/100 frz|[from] item: Leftovers
|upkeep
|turn|8
|j| Plasmeek
|
|t:|1627561606
|cant|p2a: Ferrothorn|frz
|move|p1a: Slowbro|Teleport|p1a: Slowbro
|
|t:|1627561608
|switch|p1a: Zapdos|Zapdos|100/100|[from]move: Teleport
|
|-heal|p2a: Ferrothorn|100/100 frz|[from] item: Leftovers
|upkeep
|turn|9
|
|t:|1627561613
|move|p1a: Zapdos|Heat Wave|p2a: Ferrothorn
|-supereffective|p2a: Ferrothorn
|-damage|p2a: Ferrothorn|30/100 frz
|-curestatus|p2a: Ferrothorn|frz|[msg]
|move|p2a: Ferrothorn|Spikes|p1a: Zapdos
|-sidestart|p1: Coach Jones 6fifth|Spikes
|
|-heal|p2a: Ferrothorn|36/100|[from] item: Leftovers
|upkeep
|turn|10
|
|t:|1627561619
|switch|p2a: Tapu Lele|Tapu Lele|100/100
|-fieldstart|move: Psychic Terrain|[from] ability: Psychic Surge|[of] p2a: Tapu Lele
|move|p1a: Zapdos|Heat Wave|p2a: Tapu Lele
|-damage|p2a: Tapu Lele|70/100
|
|upkeep
|turn|11
|
|t:|1627561624
|move|p2a: Tapu Lele|Psychic|p1a: Zapdos
|-damage|p1a: Zapdos|37/100
|move|p1a: Zapdos|Roost|p1a: Zapdos
|-heal|p1a: Zapdos|87/100
|-singleturn|p1a: Zapdos|move: Roost
|
|upkeep
|turn|12
|
|t:|1627561627
|switch|p1a: Slowbro|Slowbro, M|100/100
|-damage|p1a: Slowbro|88/100|[from] Spikes
|move|p2a: Tapu Lele|Psychic|p1a: Slowbro
|-resisted|p1a: Slowbro
|-damage|p1a: Slowbro|51/100
|
|upkeep
|turn|13
|
|t:|1627561630
|move|p2a: Tapu Lele|Psychic|p1a: Slowbro
|-resisted|p1a: Slowbro
|-damage|p1a: Slowbro|13/100
|move|p1a: Slowbro|Slack Off|p1a: Slowbro
|-heal|p1a: Slowbro|63/100
|
|upkeep
|turn|14
|
|t:|1627561634
|switch|p2a: Pelipper|Pelipper, M|100/100
|-weather|RainDance|[from] ability: Drizzle|[of] p2a: Pelipper
|move|p1a: Slowbro|Slack Off|p1a: Slowbro
|-heal|p1a: Slowbro|100/100
|
|-weather|RainDance|[upkeep]
|-fieldend|move: Psychic Terrain
|upkeep
|turn|15
|
|t:|1627561637
|move|p2a: Pelipper|Hurricane|p1a: Slowbro
|-damage|p1a: Slowbro|23/100
|move|p1a: Slowbro|Slack Off|p1a: Slowbro
|-heal|p1a: Slowbro|73/100
|
|-weather|RainDance|[upkeep]
|upkeep
|turn|16
|
|t:|1627561640
|switch|p1a: Zapdos|Zapdos|87/100
|move|p2a: Pelipper|Hurricane|p1a: Zapdos
|-resisted|p1a: Zapdos
|-damage|p1a: Zapdos|52/100
|
|-weather|RainDance|[upkeep]
|upkeep
|turn|17
|
|t:|1627561645
|switch|p2a: Tapu Lele|Tapu Lele|70/100
|-fieldstart|move: Psychic Terrain|[from] ability: Psychic Surge|[of] p2a: Tapu Lele
|move|p1a: Zapdos|Defog|p2a: Tapu Lele
|-unboost|p2a: Tapu Lele|evasion|1
|-sideend|p1: Coach Jones 6fifth|Spikes|[from] move: Defog|[of] p1a: Zapdos
|-fieldend|move: Psychic Terrain
|
|-weather|RainDance|[upkeep]
|upkeep
|turn|18
|
|t:|1627561648
|switch|p1a: Slowbro|Slowbro, M|100/100
|move|p2a: Tapu Lele|Moonblast|p1a: Slowbro
|-damage|p1a: Slowbro|42/100
|-unboost|p1a: Slowbro|spa|1
|
|-weather|none
|upkeep
|turn|19
|
|t:|1627561655
|switch|p2a: Pelipper|Pelipper, M|100/100
|-weather|RainDance|[from] ability: Drizzle|[of] p2a: Pelipper
|switch|p1a: Rillaboom|Rillaboom, F|100/100
|-fieldstart|move: Grassy Terrain|[from] ability: Grassy Surge|[of] p1a: Rillaboom
|
|-weather|RainDance|[upkeep]
|upkeep
|turn|20
|
|t:|1627561659
|switch|p2a: Ferrothorn|Ferrothorn, M|36/100
|move|p1a: Rillaboom|Wood Hammer|p2a: Ferrothorn
|-resisted|p2a: Ferrothorn
|-damage|p2a: Ferrothorn|16/100
|-damage|p1a: Rillaboom|88/100|[from] ability: Iron Barbs|[of] p2a: Ferrothorn
|-damage|p1a: Rillaboom|81/100|[from] Recoil
|
|-weather|RainDance|[upkeep]
|-heal|p1a: Rillaboom|87/100|[from] Grassy Terrain
|-heal|p2a: Ferrothorn|22/100|[from] Grassy Terrain
|-heal|p2a: Ferrothorn|28/100|[from] item: Leftovers
|upkeep
|turn|21
|
|t:|1627561665
|move|p1a: Rillaboom|Wood Hammer|p2a: Ferrothorn
|-resisted|p2a: Ferrothorn
|-damage|p2a: Ferrothorn|7/100
|-damage|p1a: Rillaboom|75/100|[from] ability: Iron Barbs|[of] p2a: Ferrothorn
|-damage|p1a: Rillaboom|68/100|[from] Recoil
|move|p2a: Ferrothorn|Spikes|p1a: Rillaboom
|-sidestart|p1: Coach Jones 6fifth|Spikes
|
|-weather|RainDance|[upkeep]
|-heal|p1a: Rillaboom|74/100|[from] Grassy Terrain
|-heal|p2a: Ferrothorn|13/100|[from] Grassy Terrain
|-heal|p2a: Ferrothorn|20/100|[from] item: Leftovers
|upkeep
|turn|22
|
|t:|1627561671
|move|p1a: Rillaboom|Wood Hammer|p2a: Ferrothorn
|-resisted|p2a: Ferrothorn
|-damage|p2a: Ferrothorn|0 fnt
|-damage|p1a: Rillaboom|62/100|[from] ability: Iron Barbs|[of] p2a: Ferrothorn
|faint|p2a: Ferrothorn
|-damage|p1a: Rillaboom|55/100|[from] Recoil
|
|-weather|RainDance|[upkeep]
|-heal|p1a: Rillaboom|61/100|[from] Grassy Terrain
|upkeep
|
|t:|1627561679
|switch|p2a: Tapu Lele|Tapu Lele|70/100
|-fieldstart|move: Psychic Terrain|[from] ability: Psychic Surge|[of] p2a: Tapu Lele
|turn|23
|
|t:|1627561690
|switch|p1a: Heatran|Heatran, F|100/100
|-damage|p1a: Heatran|88/100|[from] Spikes
|move|p2a: Tapu Lele|Psychic|p1a: Heatran
|-resisted|p1a: Heatran
|-damage|p1a: Heatran|68/100
|
|-weather|none
|-heal|p1a: Heatran|74/100|[from] item: Leftovers
|upkeep
|turn|24
|
|t:|1627561698
|switch|p2a: Pelipper|Pelipper, M|100/100
|-weather|RainDance|[from] ability: Drizzle|[of] p2a: Pelipper
|move|p1a: Heatran|Heavy Slam|p2a: Pelipper
|-resisted|p2a: Pelipper
|-damage|p2a: Pelipper|79/100
|
|-weather|RainDance|[upkeep]
|-heal|p1a: Heatran|80/100|[from] item: Leftovers
|upkeep
|turn|25
|
|t:|1627561710
|switch|p1a: Dragapult|Dragapult, F, shiny|100/100
|-damage|p1a: Dragapult|88/100|[from] Spikes
|move|p2a: Pelipper|Surf|p1a: Dragapult
|-resisted|p1a: Dragapult
|-damage|p1a: Dragapult|26/100
|
|-weather|RainDance|[upkeep]
|upkeep
|turn|26
|
|t:|1627561716
|switch|p2a: Landorus|Landorus-Therian, M|52/100
|-ability|p2a: Landorus|Intimidate|boost
|-unboost|p1a: Dragapult|atk|1
|move|p1a: Dragapult|Shadow Ball|p2a: Landorus
|-damage|p2a: Landorus|15/100
|
|-weather|RainDance|[upkeep]
|-heal|p2a: Landorus|21/100|[from] item: Leftovers
|upkeep
|turn|27
|
|t:|1627561719
|move|p1a: Dragapult|Shadow Ball|p2a: Landorus
|-damage|p2a: Landorus|0 fnt
|faint|p2a: Landorus
|
|-weather|RainDance|[upkeep]
|-fieldend|move: Psychic Terrain
|upkeep
|
|t:|1627561727
|switch|p2a: Tapu Lele|Tapu Lele|70/100
|-fieldstart|move: Psychic Terrain|[from] ability: Psychic Surge|[of] p2a: Tapu Lele
|turn|28
|
|t:|1627561731
|switch|p1a: Heatran|Heatran, F|80/100
|-damage|p1a: Heatran|68/100|[from] Spikes
|move|p2a: Tapu Lele|Psychic|p1a: Heatran
|-resisted|p1a: Heatran
|-damage|p1a: Heatran|46/100
|
|-weather|none
|-heal|p1a: Heatran|52/100|[from] item: Leftovers
|upkeep
|turn|29
|
|t:|1627561735
|switch|p2a: Pelipper|Pelipper, M|79/100
|-weather|RainDance|[from] ability: Drizzle|[of] p2a: Pelipper
|switch|p1a: Dragapult|Dragapult, F, shiny|26/100
|-damage|p1a: Dragapult|13/100|[from] Spikes
|
|-weather|RainDance|[upkeep]
|upkeep
|turn|30
|
|t:|1627561737
|move|p1a: Dragapult|Shadow Ball|p2a: Pelipper
|-damage|p2a: Pelipper|0 fnt
|faint|p2a: Pelipper
|
|-weather|RainDance|[upkeep]
|upkeep
|
|t:|1627561740
|switch|p2a: Barraskewda|Barraskewda, M|100/100
|turn|31
|-message|LT84JMMimiStardust forfeited.
|
|win|Coach Jones 6fifth
|raw|Coach Jones 6fifth's rating: 1844 &rarr; <strong>1865</strong><br />(+21 for winning)
|raw|LT84JMMimiStardust's rating: 1866 &rarr; <strong>1845</strong><br />(-21 for losing)
|l|☆LT84JMMimiStardust
|l|☆Coach Jones 6fifth
|l| LT84JMM
|l| Trickster7
|j| Lt84jm okumura
|l| Lt84jm okumura
|l| ppev
|l| Plasmeek
|j| Plasmeek
|l| Plasmeek
|j| Plasmeek
|l| Plasmeek
|l| babours
|j|☆Coach Jones 6fifth
|player|p1|Coach Jones 6fifth|lusamine-nihilego
