|html|<div class="broadcast-blue"><strong>[Gen 8] OU is currently suspecting Melmetal! For information on how to participate check out the <a href="https://www.smogon.com/forums/threads/np-ss-ou-suspect-process-round-12-monster-mash.3709234/">suspect thread</a>.</strong></div>
|j|☆greatalex
|j|☆RggV_YT
|t:|1666941543
|gametype|singles
|player|p1|greatalex|1|1673
|player|p2|RggV_YT|scientist-gen4|1732
|teamsize|p1|6
|teamsize|p2|6
|gen|8
|tier|[Gen 8] OU
|rated|
|rule|Sleep Clause Mod: Limit one foe put to sleep
|rule|Species Clause: Limit one of each Pokémon
|rule|OHKO Clause: OHKO moves are banned
|rule|Evasion Items Clause: Evasion items are banned
|rule|Evasion Moves Clause: Evasion moves are banned
|rule|Endless Battle Clause: Forcing endless battles is banned
|rule|HP Percentage Mod: HP is shown in percentages
|rule|Dynamax Clause: You cannot dynamax
|clearpoke
|poke|p1|Mew|
|poke|p1|Latias, F|
|poke|p1|Ninetales-Alola, F|
|poke|p1|Volcarona, M|
|poke|p1|Dragonite, F|
|poke|p1|Weavile, M|
|poke|p2|Tapu Koko|
|poke|p2|Landorus-Therian, M|
|poke|p2|Melmetal|
|poke|p2|Kartana|
|poke|p2|Nihilego|
|poke|p2|Dragonite, M|
|teampreview
|inactive|Battle timer is ON: inactive players will automatically lose when time's up. (requested by RggV_YT)
|j| Clefan
|inactive|RggV_YT has 120 seconds left.
|j| Utuhmu
|
|t:|1666941600
|start
|switch|p1a: Mew|Mew|100/100
|switch|p2a: Fate|Melmetal, shiny|100/100
|turn|1
|
|t:|1666941611
|move|p1a: Mew|Stealth Rock|p2a: Fate
|-sidestart|p2: RggV_YT|move: Stealth Rock
|move|p2a: Fate|Double Iron Bash|p1a: Mew
|-damage|p1a: Mew|41/100
|-damage|p1a: Mew|0 fnt
|faint|p1a: Mew
|-hitcount|p1: Mew|2
|
|upkeep
|
|t:|1666941619
|switch|p1a: Volcarona|Volcarona, M|100/100
|turn|2
|
|t:|1666941624
|switch|p2a: Celestial Ray|Nihilego, shiny|100/100
|-damage|p2a: Celestial Ray|88/100|[from] Stealth Rock
|move|p1a: Volcarona|Quiver Dance|p1a: Volcarona
|-boost|p1a: Volcarona|spa|1
|-boost|p1a: Volcarona|spd|1
|-boost|p1a: Volcarona|spe|1
|
|upkeep
|turn|3
|
|t:|1666941632
|move|p1a: Volcarona|Psychic|p2a: Celestial Ray
|-supereffective|p2a: Celestial Ray
|-damage|p2a: Celestial Ray|35/100
|move|p2a: Celestial Ray|Meteor Beam||[still]
|-prepare|p2a: Celestial Ray|Meteor Beam
|-boost|p2a: Celestial Ray|spa|1
|-enditem|p2a: Celestial Ray|Power Herb
|-anim|p2a: Celestial Ray|Meteor Beam|p1a: Volcarona
|-supereffective|p1a: Volcarona
|-damage|p1a: Volcarona|0 fnt
|faint|p1a: Volcarona
|-ability|p2a: Celestial Ray|Beast Boost|boost
|-boost|p2a: Celestial Ray|spe|1
|
|upkeep
|
|t:|1666941652
|switch|p1a: Weavile|Weavile, M|100/100
|-ability|p1a: Weavile|Pressure
|turn|4
|
|t:|1666941658
|move|p1a: Weavile|Ice Shard|p2a: Celestial Ray
|-damage|p2a: Celestial Ray|0 fnt
|faint|p2a: Celestial Ray
|
|upkeep
|
|t:|1666941661
|switch|p2a: Fate|Melmetal, shiny|100/100
|-damage|p2a: Fate|94/100|[from] Stealth Rock
|turn|5
|
|t:|1666941684
|move|p1a: Weavile|Knock Off|p2a: Fate
|-damage|p2a: Fate|68/100
|-enditem|p2a: Fate|Choice Band|[from] move: Knock Off|[of] p1a: Weavile
|move|p2a: Fate|Double Iron Bash|p1a: Weavile
|-supereffective|p1a: Weavile
|-damage|p1a: Weavile|0 fnt
|faint|p1a: Weavile
|-hitcount|p1: Weavile|1
|
|upkeep
|j| Brockzito
|
|t:|1666941697
|switch|p1a: Ninetales|Ninetales-Alola, F|100/100
|-weather|Hail|[from] ability: Snow Warning|[of] p1a: Ninetales
|turn|6
|
|t:|1666941709
|move|p1a: Ninetales|Hypnosis|p2a: Fate
|-status|p2a: Fate|slp|[from] move: Hypnosis
|cant|p2a: Fate|slp
|
|-weather|Hail|[upkeep]
|-damage|p2a: Fate|62/100 slp|[from] Hail
|upkeep
|turn|7
|
|t:|1666941717
|move|p1a: Ninetales|Aurora Veil|p1a: Ninetales
|-sidestart|p1: greatalex|move: Aurora Veil
|cant|p2a: Fate|slp
|
|-weather|Hail|[upkeep]
|-damage|p2a: Fate|56/100 slp|[from] Hail
|upkeep
|turn|8
|
|t:|1666941724
|move|p1a: Ninetales|Freeze-Dry|p2a: Fate
|-resisted|p2a: Fate
|-damage|p2a: Fate|46/100 slp
|cant|p2a: Fate|slp
|
|-weather|Hail|[upkeep]
|-damage|p2a: Fate|40/100 slp|[from] Hail
|upkeep
|turn|9
|
|t:|1666941732
|move|p1a: Ninetales|Freeze-Dry|p2a: Fate
|-resisted|p2a: Fate
|-damage|p2a: Fate|29/100 slp
|-curestatus|p2a: Fate|slp|[msg]
|move|p2a: Fate|Double Iron Bash|p1a: Ninetales
|-supereffective|p1a: Ninetales
|-damage|p1a: Ninetales|0 fnt
|faint|p1a: Ninetales
|-hitcount|p1: Ninetales|1
|
|-weather|Hail|[upkeep]
|-damage|p2a: Fate|23/100|[from] Hail
|upkeep
|l| Brockzito
|
|t:|1666941744
|switch|p1a: Latias|Latias, F|100/100
|turn|10
|
|t:|1666941748
|move|p1a: Latias|Aura Sphere|p2a: Fate
|-supereffective|p2a: Fate
|-damage|p2a: Fate|0 fnt
|faint|p2a: Fate
|
|-weather|none
|upkeep
|
|t:|1666941759
|switch|p2a: Leviathan|Dragonite, M, shiny|100/100
|-damage|p2a: Leviathan|76/100|[from] Stealth Rock
|turn|11
|
|t:|1666941764
|move|p1a: Latias|Agility|p1a: Latias
|-boost|p1a: Latias|spe|2
|move|p2a: Leviathan|Dragon Dance|p2a: Leviathan
|-boost|p2a: Leviathan|atk|1
|-boost|p2a: Leviathan|spe|1
|
|upkeep
|turn|12
|
|t:|1666941771
|move|p1a: Latias|Calm Mind|p1a: Latias
|-boost|p1a: Latias|spa|1
|-boost|p1a: Latias|spd|1
|move|p2a: Leviathan|Dual Wingbeat|p1a: Latias
|-damage|p1a: Latias|81/100
|-crit|p1a: Latias
|-damage|p1a: Latias|21/100
|-hitcount|p1a: Latias|2
|-damage|p2a: Leviathan|66/100|[from] item: Life Orb
|
|upkeep
|turn|13
|
|t:|1666941781
|move|p2a: Leviathan|Extreme Speed|p1a: Latias
|-damage|p1a: Latias|0 fnt
|faint|p1a: Latias
|-damage|p2a: Leviathan|56/100|[from] item: Life Orb
|
|upkeep
|-message|greatalex forfeited.
|
|win|RggV_YT
|raw|greatalex's rating: 1673 &rarr; <strong>1656</strong><br />(-17 for losing)
|raw|RggV_YT's rating: 1732 &rarr; <strong>1749</strong><br />(+17 for winning)
|l|☆greatalex
|l|☆RggV_YT
