|j|☆Degrex
|j|☆NeoNaruto®++
|inactive|Battle timer is ON: inactive players will automatically lose when time's up.
|t:|1640409632
|gametype|singles
|player|p1|Degrex|ingo|
|player|p2|NeoNaruto®++|medium|
|teamsize|p1|6
|teamsize|p2|6
|gen|8
|tier|[Gen 8] OU
|rated|Tournament battle
|rule|Sleep Clause Mod: Limit one foe put to sleep
|rule|Species Clause: Limit one of each Pokémon
|rule|OHKO Clause: OHKO moves are banned
|rule|Evasion Moves Clause: Evasion moves are banned
|rule|Endless Battle Clause: Forcing endless battles is banned
|rule|HP Percentage Mod: HP is shown in percentages
|rule|Dynamax Clause: You cannot dynamax
|clearpoke
|poke|p1|Barraskewda, M|
|poke|p1|Ferrothorn, M|
|poke|p1|Pelipper, M|
|poke|p1|Seismitoad, F|
|poke|p1|Zapdos|
|poke|p1|Dragonite, F|
|poke|p2|Landorus-Therian, M|
|poke|p2|Slowbro, M|
|poke|p2|Tapu Koko|
|poke|p2|Dragonite, F|
|poke|p2|Darmanitan, M|
|poke|p2|Tyranitar, M|
|teampreview
|inactive|NeoNaruto®++ also wants the timer to be on.
|j| Poliboiz
|j| arnavgupta
|j| UnzipsCrogre
|
|t:|1640409642
|start
|switch|p1a: Pelipper|Pelipper, M|100/100
|switch|p2a: DA LAST REX(3005)|Tyranitar, M|100/100
|-weather|RainDance|[from] ability: Drizzle|[of] p1a: Pelipper
|-weather|Sandstorm|[from] ability: Sand Stream|[of] p2a: DA LAST REX(3005)
|turn|1
|j| Disastermind
|
|t:|1640409651
|switch|p1a: Ferrothorn|Ferrothorn, M|100/100
|move|p2a: DA LAST REX(3005)|Fire Blast|p1a: Ferrothorn
|-supereffective|p1a: Ferrothorn
|-damage|p1a: Ferrothorn|28/100
|-enditem|p1a: Ferrothorn|Eject Button
|
|t:|1640409657
|switch|p1a: Pelipper|Pelipper, M|100/100
|-weather|RainDance|[from] ability: Drizzle|[of] p1a: Pelipper
|
|-weather|RainDance|[upkeep]
|upkeep
|turn|2
|j| Kusune with hat
|
|t:|1640409665
|move|p1a: Pelipper|U-turn|p2a: DA LAST REX(3005)
|-supereffective|p2a: DA LAST REX(3005)
|-damage|p2a: DA LAST REX(3005)|85/100
|
|t:|1640409670
|switch|p1a: Seismitoad|Seismitoad, F|100/100|[from]move: U-turn
|move|p2a: DA LAST REX(3005)|Stone Edge|p1a: Seismitoad
|-resisted|p1a: Seismitoad
|-damage|p1a: Seismitoad|75/100
|
|-weather|RainDance|[upkeep]
|upkeep
|turn|3
|
|t:|1640409676
|switch|p2a: spvceghvstpvrrp|Slowbro, M, shiny|100/100
|move|p1a: Seismitoad|Liquidation|p2a: spvceghvstpvrrp
|-resisted|p2a: spvceghvstpvrrp
|-damage|p2a: spvceghvstpvrrp|80/100
|-damage|p1a: Seismitoad|59/100|[from] item: Rocky Helmet|[of] p2a: spvceghvstpvrrp
|-damage|p1a: Seismitoad|49/100|[from] item: Life Orb
|
|-weather|RainDance|[upkeep]
|upkeep
|turn|4
|l| arnavgupta
|j| Rukt
|j| arnavgupta
|
|t:|1640409693
|move|p1a: Seismitoad|Power Whip|p2a: spvceghvstpvrrp
|-supereffective|p2a: spvceghvstpvrrp
|-damage|p2a: spvceghvstpvrrp|24/100
|-damage|p1a: Seismitoad|32/100|[from] item: Rocky Helmet|[of] p2a: spvceghvstpvrrp
|-damage|p1a: Seismitoad|22/100|[from] item: Life Orb
|move|p2a: spvceghvstpvrrp|Teleport|p2a: spvceghvstpvrrp
|
|t:|1640409697
|switch|p2a: Bernie Landers|Landorus-Therian, M|100/100|[from]move: Teleport
|-ability|p2a: Bernie Landers|Intimidate|boost
|-unboost|p1a: Seismitoad|atk|1
|
|-weather|RainDance|[upkeep]
|upkeep
|turn|5
|
|t:|1640409704
|switch|p2a: spvceghvstpvrrp|Slowbro, M, shiny|58/100
|move|p1a: Seismitoad|Ice Punch|p2a: spvceghvstpvrrp
|-resisted|p2a: spvceghvstpvrrp
|-damage|p2a: spvceghvstpvrrp|52/100
|-damage|p1a: Seismitoad|6/100|[from] item: Rocky Helmet|[of] p2a: spvceghvstpvrrp
|-damage|p1a: Seismitoad|0 fnt|[from] item: Life Orb
|faint|p1a: Seismitoad
|
|-weather|RainDance|[upkeep]
|upkeep
|
|t:|1640409716
|switch|p1a: Zapdos|Zapdos|100/100
|turn|6
|
|t:|1640409725
|switch|p2a: DA LAST REX(3005)|Tyranitar, M|85/100
|-weather|Sandstorm|[from] ability: Sand Stream|[of] p2a: DA LAST REX(3005)
|move|p1a: Zapdos|Thunder|p2a: DA LAST REX(3005)|[miss]
|-miss|p1a: Zapdos|p2a: DA LAST REX(3005)
|
|-weather|Sandstorm|[upkeep]
|-damage|p1a: Zapdos|94/100|[from] Sandstorm
|upkeep
|turn|7
|
|t:|1640409732
|switch|p1a: Ferrothorn|Ferrothorn, M|28/100
|move|p2a: DA LAST REX(3005)|Stone Edge|p1a: Ferrothorn
|-resisted|p1a: Ferrothorn
|-damage|p1a: Ferrothorn|12/100
|
|-weather|Sandstorm|[upkeep]
|upkeep
|turn|8
|
|t:|1640409736
|move|p2a: DA LAST REX(3005)|Earthquake|p1a: Ferrothorn
|-damage|p1a: Ferrothorn|0 fnt
|faint|p1a: Ferrothorn
|
|-weather|Sandstorm|[upkeep]
|upkeep
|
|t:|1640409738
|switch|p1a: Pelipper|Pelipper, M|100/100
|-weather|RainDance|[from] ability: Drizzle|[of] p1a: Pelipper
|turn|9
|
|t:|1640409748
|switch|p1a: Dragonite|Dragonite, F|100/100
|switch|p2a: PURRP FOR SALE|Darmanitan, M|100/100
|
|-weather|RainDance|[upkeep]
|upkeep
|turn|10
|
|t:|1640409752
|move|p2a: PURRP FOR SALE|U-turn|p1a: Dragonite
|-resisted|p1a: Dragonite
|-damage|p1a: Dragonite|93/100
|
|t:|1640409754
|switch|p2a: Bernie Landers|Landorus-Therian, M|100/100|[from]move: U-turn
|-ability|p2a: Bernie Landers|Intimidate|boost
|-unboost|p1a: Dragonite|atk|1
|move|p1a: Dragonite|Hydro Pump|p2a: Bernie Landers
|-supereffective|p2a: Bernie Landers
|-damage|p2a: Bernie Landers|0 fnt
|faint|p2a: Bernie Landers
|
|-weather|RainDance|[upkeep]
|upkeep
|
|t:|1640409757
|switch|p2a: VODECi|Tapu Koko|100/100
|-fieldstart|move: Electric Terrain|[from] ability: Electric Surge|[of] p2a: VODECi
|turn|11
|
|t:|1640409761
|move|p2a: VODECi|Dazzling Gleam|p1a: Dragonite
|-supereffective|p1a: Dragonite
|-damage|p1a: Dragonite|0 fnt
|faint|p1a: Dragonite
|
|-weather|RainDance|[upkeep]
|upkeep
|
|t:|1640409766
|switch|p1a: Barraskewda|Barraskewda, M|100/100
|turn|12
|
|t:|1640409769
|switch|p2a: spvceghvstpvrrp|Slowbro, M, shiny|85/100
|move|p1a: Barraskewda|Liquidation|p2a: spvceghvstpvrrp
|-resisted|p2a: spvceghvstpvrrp
|-damage|p2a: spvceghvstpvrrp|53/100
|-damage|p1a: Barraskewda|84/100|[from] item: Rocky Helmet|[of] p2a: spvceghvstpvrrp
|
|-weather|RainDance|[upkeep]
|upkeep
|turn|13
|
|t:|1640409774
|switch|p1a: Zapdos|Zapdos|94/100
|move|p2a: spvceghvstpvrrp|Teleport|p2a: spvceghvstpvrrp
|
|t:|1640409776
|switch|p2a: VODECi|Tapu Koko|100/100|[from]move: Teleport
|
|-weather|RainDance|[upkeep]
|upkeep
|turn|14
|
|t:|1640409781
|move|p2a: VODECi|Thunderbolt|p1a: Zapdos
|-damage|p1a: Zapdos|0 fnt
|faint|p1a: Zapdos
|
|-weather|RainDance|[upkeep]
|upkeep
|
|t:|1640409783
|switch|p1a: Barraskewda|Barraskewda, M|84/100
|turn|15
|
|t:|1640409785
|switch|p2a: spvceghvstpvrrp|Slowbro, M, shiny|87/100
|move|p1a: Barraskewda|Liquidation|p2a: spvceghvstpvrrp
|-resisted|p2a: spvceghvstpvrrp
|-damage|p2a: spvceghvstpvrrp|57/100
|-damage|p1a: Barraskewda|68/100|[from] item: Rocky Helmet|[of] p2a: spvceghvstpvrrp
|
|-weather|RainDance|[upkeep]
|-fieldend|move: Electric Terrain
|upkeep
|turn|16
|
|t:|1640409789
|move|p1a: Barraskewda|Liquidation|p2a: spvceghvstpvrrp
|-resisted|p2a: spvceghvstpvrrp
|-damage|p2a: spvceghvstpvrrp|27/100
|-unboost|p2a: spvceghvstpvrrp|def|1
|-damage|p1a: Barraskewda|51/100|[from] item: Rocky Helmet|[of] p2a: spvceghvstpvrrp
|move|p2a: spvceghvstpvrrp|Scald|p1a: Barraskewda
|-resisted|p1a: Barraskewda
|-damage|p1a: Barraskewda|4/100
|
|-weather|none
|upkeep
|turn|17
|
|t:|1640409793
|move|p1a: Barraskewda|Liquidation|p2a: spvceghvstpvrrp
|-resisted|p2a: spvceghvstpvrrp
|-damage|p2a: spvceghvstpvrrp|0 fnt
|-damage|p1a: Barraskewda|0 fnt|[from] item: Rocky Helmet|[of] p2a: spvceghvstpvrrp
|faint|p2a: spvceghvstpvrrp
|faint|p1a: Barraskewda
|
|upkeep
|
|t:|1640409797
|switch|p1a: Pelipper|Pelipper, M|100/100
|switch|p2a: VODECi|Tapu Koko|100/100
|-fieldstart|move: Electric Terrain|[from] ability: Electric Surge|[of] p2a: VODECi
|-weather|RainDance|[from] ability: Drizzle|[of] p1a: Pelipper
|turn|18
|
|t:|1640409800
|move|p2a: VODECi|Thunderbolt|p1a: Pelipper
|-supereffective|p1a: Pelipper
|-damage|p1a: Pelipper|0 fnt
|faint|p1a: Pelipper
|
|win|NeoNaruto®++
|n|☆Degrex|degrex
|n|☆NeoNaruto®++|neonaruto
|n| Poliboiz|poliboiz
|n| UnzipsCrogre|unzipscrogre
|n| Disastermind|disastermind
|n| Kusune with hat|kusunewithhat
|n| Rukt|rukt
|n| arnavgupta|arnavgupta
