|raw|<div class="broadcast-blue"><strong>This battle is required to be public due to a player having a name prefixed by 'LT71LX'.</div>
|j|☆LT71LX Ant
|j|☆LT71LX Kappucci
|t:|1597365811
|player|p1|LT71LX Ant|ethan|2182
|player|p2|LT71LX Kappucci|twins|2139
|teamsize|p1|6
|teamsize|p2|6
|gametype|singles
|gen|8
|tier|[Gen 8] OU
|rated|
|clearpoke
|poke|p1|Toxtricity, F|
|poke|p1|Togekiss, M|
|poke|p1|Excadrill, F|
|poke|p1|Volcarona, F|
|poke|p1|Rillaboom, M|
|poke|p1|Dragapult, F|
|poke|p2|Kommo-o, M|
|poke|p2|Hydreigon, F|
|poke|p2|Aegislash, F|
|poke|p2|Azumarill, M|
|poke|p2|Mimikyu, F|
|poke|p2|Dragapult, M|
|rule|Sleep Clause Mod: Limit one foe put to sleep
|rule|Species Clause: Limit one of each Pokémon
|rule|OHKO Clause: OHKO moves are banned
|rule|Evasion Moves Clause: Evasion moves are banned
|rule|Endless Battle Clause: Forcing endless battles is banned
|rule|HP Percentage Mod: HP is shown in percentages
|rule|Dynamax Clause: You cannot dynamax
|teampreview
|j| lt71lx bfl
|j| Corckscrew❤️
|j| Destro16
|j| Mionda
|j| LT71LX Gama
|j|+klefkiholder
|j| strealet❄
|j|+Cdumas
|j| OUTU Hide And Seek
|j| relous
|j| TuanNguyen
|j| best interest
|inactive|Battle timer is ON: inactive players will automatically lose when time's up. (requested by LT71LX Ant)
|j| elesa's coat
|j| Lt71x PAPA pia
|j|+tjay
|j| lt71lx tace
|j| Tuononda
|j| r/chonkers
|j| Kory2600
|j|+Sun
|j| snlg
|j|+Excal
|j|+TDK
|j| LT71LX Newal
|j| dragaputo
|j| yuzmv
|j| pizza
|j| LT71LX Sks
|j| LT71LX Sam
|j| Livio ElTito
|j| sup kid
|c|☆LT71LX Ant|do or die for me
|j|+false
|j| LT71LX Lio
|j| starmaster
|c|☆LT71LX Ant|hf
|j| Puffkilla∞✔
|j|+rozes
|j| viash
|j| LT71LX Luthier
|j|+Roseybear
|j| chkrome
|j| IPF
|j| tsukasa yuzaki
|j| 64 squares
|j| Boulicrok
|j| 67463sfggh
|j|+Team Pokepals
|j| Karppi
|j| bynum
|j| xray
|j| goat christmas
|j| Waylaid
|j| LT71LX Grandmaster
|j| Yashyashashketchjm
|j| curopins
|j|@Tony
|j| SweetPosho
|inactive|LT71LX Ant has 120 seconds left.
|
|t:|1597365849
|start
|switch|p1a: Dragapult|Dragapult, F|100/100
|switch|p2a: Azumarill|Azumarill, M|100/100
|turn|1
|j|+Cynde
|
|t:|1597365855
|move|p1a: Dragapult|U-turn|p2a: Azumarill
|-resisted|p2a: Azumarill
|-damage|p2a: Azumarill|87/100
|l| Puffkilla∞✔
|
|t:|1597365858
|switch|p1a: Togekiss|Togekiss, M|100/100|[from]move: U-turn
|move|p2a: Azumarill|Knock Off|p1a: Togekiss
|-resisted|p1a: Togekiss
|-damage|p1a: Togekiss|87/100
|-enditem|p1a: Togekiss|Heavy-Duty Boots|[from] move: Knock Off|[of] p2a: Azumarill
|
|upkeep
|turn|2
|j|+Analytic
|j| AwesomeAdams
|j| Algeria
|
|t:|1597365871
|switch|p1a: Excadrill|Excadrill, F|100/100
|-ability|p1a: Excadrill|Mold Breaker
|move|p2a: Azumarill|Play Rough|p1a: Excadrill
|-resisted|p1a: Excadrill
|-damage|p1a: Excadrill|60/100
|
|-heal|p1a: Excadrill|66/100|[from] item: Leftovers
|upkeep
|turn|3
|j| LT71LX Japse
|l| sup kid
|l| chkrome
|j| tigers jaw
|
|t:|1597365879
|switch|p1a: Togekiss|Togekiss, M|87/100
|move|p2a: Azumarill|Aqua Jet|p1a: Togekiss
|-damage|p1a: Togekiss|70/100
|
|upkeep
|turn|4
|j| memesketch
|
|t:|1597365885
|switch|p2a: Aegislash|Aegislash, F|100/100
|move|p1a: Togekiss|Air Slash|p2a: Aegislash
|-resisted|p2a: Aegislash
|-damage|p2a: Aegislash|84/100
|
|upkeep
|turn|5
|j| lt71lx kingpin
|j| exploraxx
|
|t:|1597365913
|switch|p1a: Volcarona|Volcarona, F|100/100
|-formechange|p2a: Aegislash|Aegislash-Blade||[from] ability: Stance Change
|move|p2a: Aegislash|Shadow Ball|p1a: Volcarona
|-damage|p1a: Volcarona|42/100
|-damage|p2a: Aegislash|74/100|[from] item: Life Orb
|
|upkeep
|turn|6
|j| OUTU devans2048
|
|t:|1597365920
|switch|p2a: Kommo-o|Kommo-o, M|100/100
|move|p1a: Volcarona|Roost|p1a: Volcarona
|-heal|p1a: Volcarona|92/100
|-singleturn|p1a: Volcarona|move: Roost
|
|upkeep
|turn|7
|
|t:|1597365925
|move|p1a: Volcarona|Psychic|p2a: Kommo-o
|-supereffective|p2a: Kommo-o
|-damage|p2a: Kommo-o|35/100
|move|p2a: Kommo-o|Stealth Rock|p1a: Volcarona
|-sidestart|p1: LT71LX Ant|move: Stealth Rock
|
|upkeep
|turn|8
|j|+McMeghan
|l| OUTU devans2048
|
|t:|1597365943
|move|p1a: Volcarona|Psychic|p2a: Kommo-o
|-supereffective|p2a: Kommo-o
|-damage|p2a: Kommo-o|0 fnt
|faint|p2a: Kommo-o
|
|upkeep
|j| high or dead
|
|t:|1597365958
|switch|p2a: Dragapult|Dragapult, M|100/100
|turn|9
|j| Mighty Dagon (<.<)
|j| Mannat
|
|t:|1597365969
|move|p2a: Dragapult|Dragon Dance|p2a: Dragapult
|-boost|p2a: Dragapult|atk|1
|-boost|p2a: Dragapult|spe|1
|move|p1a: Volcarona|Psychic|p2a: Dragapult
|-damage|p2a: Dragapult|59/100
|
|upkeep
|turn|10
|
|t:|1597365973
|switch|p1a: Togekiss|Togekiss, M|70/100
|-damage|p1a: Togekiss|45/100|[from] Stealth Rock
|move|p2a: Dragapult|Dragon Darts|p1a: Togekiss
|-immune|p1a: Togekiss
|
|upkeep
|turn|11
|j| outu23
|
|t:|1597365980
|switch|p1a: Volcarona|Volcarona, F|92/100
|move|p2a: Dragapult|Steel Wing|p1a: Volcarona
|-resisted|p1a: Volcarona
|-damage|p1a: Volcarona|59/100
|-damage|p2a: Dragapult|50/100|[from] item: Life Orb
|
|upkeep
|turn|12
|
|t:|1597366004
|switch|p1a: Togekiss|Togekiss, M|45/100
|-damage|p1a: Togekiss|20/100|[from] Stealth Rock
|move|p2a: Dragapult|Dragon Darts|p1a: Togekiss
|-immune|p1a: Togekiss
|
|upkeep
|turn|13
|l| Yashyashashketchjm
|
|t:|1597366013
|move|p2a: Dragapult|Steel Wing|p1a: Togekiss|[miss]
|-miss|p2a: Dragapult|p1a: Togekiss
|move|p1a: Togekiss|Air Slash|p2a: Dragapult
|-damage|p2a: Dragapult|9/100
|
|upkeep
|turn|14
|
|t:|1597366017
|move|p2a: Dragapult|Steel Wing|p1a: Togekiss
|-supereffective|p1a: Togekiss
|-damage|p1a: Togekiss|0 fnt
|-boost|p2a: Dragapult|def|1
|-damage|p2a: Dragapult|0 fnt|[from] item: Life Orb
|faint|p1a: Togekiss
|faint|p2a: Dragapult
|
|upkeep
|j| Ihavbigbrain
|j| macho asdfqwert
|l| macho asdfqwert
|inactive|LT71LX Ant has 120 seconds left.
|
|t:|1597366048
|switch|p2a: Azumarill|Azumarill, M|87/100
|switch|p1a: Rillaboom|Rillaboom, M|100/100
|-damage|p1a: Rillaboom|88/100|[from] Stealth Rock
|-fieldstart|move: Grassy Terrain|[from] ability: Grassy Surge|[of] p1a: Rillaboom
|turn|15
|l| elesa's coat
|inactive|LT71LX Ant has 120 seconds left.
|
|t:|1597366065
|switch|p2a: Aegislash|Aegislash, F|74/100
|move|p1a: Rillaboom|Grassy Glide|p2a: Aegislash
|-resisted|p2a: Aegislash
|-damage|p2a: Aegislash|44/100
|-damage|p1a: Rillaboom|78/100|[from] item: Life Orb
|
|-heal|p1a: Rillaboom|84/100|[from] Grassy Terrain
|-heal|p2a: Aegislash|50/100|[from] Grassy Terrain
|upkeep
|turn|16
|inactive|LT71LX Ant has 120 seconds left.
|
|t:|1597366071
|move|p2a: Aegislash|King's Shield|p2a: Aegislash
|-singleturn|p2a: Aegislash|Protect
|move|p1a: Rillaboom|Knock Off|p2a: Aegislash
|-activate|p2a: Aegislash|move: Protect
|-unboost|p1a: Rillaboom|atk|1
|
|-heal|p1a: Rillaboom|91/100|[from] Grassy Terrain
|-heal|p2a: Aegislash|56/100|[from] Grassy Terrain
|upkeep
|turn|17
|inactive|LT71LX Ant has 120 seconds left.
|j| LT71LX Onoka.
|l| starmaster
|
|t:|1597366106
|move|p1a: Rillaboom|Knock Off|p2a: Aegislash
|-supereffective|p2a: Aegislash
|-damage|p2a: Aegislash|0 fnt
|-enditem|p2a: Aegislash|Life Orb|[from] move: Knock Off|[of] p1a: Rillaboom
|-damage|p1a: Rillaboom|81/100|[from] item: Life Orb
|faint|p2a: Aegislash
|
|-heal|p1a: Rillaboom|87/100|[from] Grassy Terrain
|upkeep
|
|t:|1597366112
|switch|p2a: Hydreigon|Hydreigon, F|100/100
|turn|18
|j| Mihowk
|inactive|LT71LX Ant has 90 seconds left.
|
|t:|1597366147
|switch|p1a: Excadrill|Excadrill, F|66/100
|-damage|p1a: Excadrill|63/100|[from] Stealth Rock
|-ability|p1a: Excadrill|Mold Breaker
|move|p2a: Hydreigon|Flamethrower|p1a: Excadrill
|-supereffective|p1a: Excadrill
|-damage|p1a: Excadrill|0 fnt
|-damage|p2a: Hydreigon|91/100|[from] item: Life Orb
|faint|p1a: Excadrill
|
|upkeep
|
|t:|1597366150
|switch|p1a: Dragapult|Dragapult, F|100/100
|turn|19
|l|+tjay
|
|t:|1597366160
|move|p1a: Dragapult|Dragon Darts|p2a: Hydreigon
|-supereffective|p2a: Hydreigon
|-damage|p2a: Hydreigon|35/100
|-anim|p1a: Dragapult|Dragon Darts|p2a: Hydreigon
|-supereffective|p2a: Hydreigon
|-damage|p2a: Hydreigon|0 fnt
|faint|p2a: Hydreigon
|
|-fieldend|move: Grassy Terrain
|upkeep
|j| peekoball
|
|t:|1597366165
|switch|p2a: Azumarill|Azumarill, M|87/100
|turn|20
|inactive|LT71LX Ant has 90 seconds left.
|
|t:|1597366176
|move|p1a: Dragapult|U-turn|p2a: Azumarill
|-resisted|p2a: Azumarill
|-damage|p2a: Azumarill|73/100
|
|t:|1597366179
|switch|p1a: Volcarona|Volcarona, F|59/100|[from]move: U-turn
|move|p2a: Azumarill|Knock Off|p1a: Volcarona
|-damage|p1a: Volcarona|8/100
|-enditem|p1a: Volcarona|Heavy-Duty Boots|[from] move: Knock Off|[of] p2a: Azumarill
|
|upkeep
|turn|21
|
|t:|1597366185
|move|p2a: Azumarill|Aqua Jet|p1a: Volcarona
|-supereffective|p1a: Volcarona
|-damage|p1a: Volcarona|0 fnt
|-status|p2a: Azumarill|brn|[from] ability: Flame Body|[of] p1a: Volcarona
|faint|p1a: Volcarona
|
|-damage|p2a: Azumarill|67/100 brn|[from] brn
|upkeep
|c|☆LT71LX Kappucci|dio porco
|inactive|LT71LX Ant has 90 seconds left.
|j| Congwuyu
|
|t:|1597366219
|switch|p1a: Rillaboom|Rillaboom, M|87/100
|-damage|p1a: Rillaboom|74/100|[from] Stealth Rock
|-fieldstart|move: Grassy Terrain|[from] ability: Grassy Surge|[of] p1a: Rillaboom
|turn|22
|l| LT71LX Japse
|
|t:|1597366226
|move|p1a: Rillaboom|Grassy Glide|p2a: Azumarill
|-supereffective|p2a: Azumarill
|-damage|p2a: Azumarill|0 fnt
|-damage|p1a: Rillaboom|64/100|[from] item: Life Orb
|faint|p2a: Azumarill
|
|-heal|p1a: Rillaboom|71/100|[from] Grassy Terrain
|upkeep
|
|t:|1597366228
|switch|p2a: Mimikyu|Mimikyu, F|100/100
|turn|23
|inactive|LT71LX Ant has 90 seconds left.
|
|t:|1597366240
|move|p2a: Mimikyu|Swords Dance|p2a: Mimikyu
|-boost|p2a: Mimikyu|atk|2
|move|p1a: Rillaboom|Knock Off|p2a: Mimikyu
|-activate|p2a: Mimikyu|ability: Disguise
|-damage|p2a: Mimikyu|100/100
|-enditem|p2a: Mimikyu|Life Orb|[from] move: Knock Off|[of] p1a: Rillaboom
|detailschange|p2a: Mimikyu|Mimikyu-Busted, F
|-damage|p2a: Mimikyu|88/100|[from] pokemon: Mimikyu-Busted
|-damage|p1a: Rillaboom|61/100|[from] item: Life Orb
|
|-heal|p2a: Mimikyu|94/100|[from] Grassy Terrain
|-heal|p1a: Rillaboom|67/100|[from] Grassy Terrain
|upkeep
|turn|24
|j| wyn
|j| Povre Mi
|inactive|LT71LX Ant has 90 seconds left.
|
|t:|1597366255
|move|p1a: Rillaboom|Grassy Glide|p2a: Mimikyu
|-damage|p2a: Mimikyu|0 fnt
|-damage|p1a: Rillaboom|57/100|[from] item: Life Orb
|faint|p2a: Mimikyu
|
|win|LT71LX Ant
|l| Destro16
|l| Mihowk
|l|+TDK
|l| LT71LX Sks
|l|☆LT71LX Kappucci
|l| LT71LX Luthier
|l| snlg
|l| r/chonkers
|l| lt71lx tace
|l|+Analytic
|l| yuzmv
|l| Corckscrew❤️
|l| Tuononda
|l| OUTU Hide And Seek
|l| bynum
|l| Mionda
|l| AwesomeAdams
|l|☆LT71LX Ant
|l| memesketch
|j| Tuononda
|raw|LT71LX Ant's rating: 2182 &rarr; <strong>2201</strong><br />(+19 for winning)
|raw|LT71LX Kappucci's rating: 2159 &rarr; <strong>2140</strong><br />(-19 for losing)
|j| BigBadKii
|l|+Cynde
|l| Mighty Dagon (<.<)
|l|+rozes
|l| Tuononda
|l| BigBadKii
|l| relous
|l| curopins
|l| IPF
|l| goat christmas
|l|+Team Pokepals
|l| best interest
|l|+Cdumas
|l|+McMeghan
|l| wyn
|l| lt71lx bfl
|l| Kory2600
|l| 64 squares
|l|+false
|l|+Sun
|l|+Excal
|l| strealet❄
|l| high or dead
|l| Livio ElTito
|l| TuanNguyen
|l| 67463sfggh
|l| Boulicrok
|l| exploraxx
|l| Lt71x PAPA pia
|l|@Tony
|l|+Roseybear
|l| viash
|l| pizza
