|j|☆Chickpiee
|j|☆dannydevito427
|t:|1616161012
|player|p1|Chickpiee|caitlin|
|player|p2|dannydevito427|fisherman-gen4|
|teamsize|p1|6
|teamsize|p2|6
|gametype|singles
|gen|8
|tier|[Gen 8] OU
|rated|Tournament battle
|clearpoke
|poke|p1|Tapu Koko|
|poke|p1|Urshifu-*, F|
|poke|p1|Slowking-Galar, F|
|poke|p1|Mandibuzz, F|
|poke|p1|Ferrothorn, M|
|poke|p1|Landorus-Therian, M|
|poke|p2|Blissey, F|
|poke|p2|Pelipper, F|
|poke|p2|Tornadus-Therian, M|
|poke|p2|Regieleki|
|poke|p2|Barraskewda, M|
|poke|p2|Excadrill, M|
|rule|Sleep Clause Mod: Limit one foe put to sleep
|rule|Species Clause: Limit one of each Pokémon
|rule|OHKO Clause: OHKO moves are banned
|rule|Evasion Moves Clause: Evasion moves are banned
|rule|Endless Battle Clause: Forcing endless battles is banned
|rule|HP Percentage Mod: HP is shown in percentages
|rule|Dynamax Clause: You cannot dynamax
|teampreview
|j|*Lady Monita
|j| spicydiamond0
|l| spicydiamond0
|inactive|Battle timer is ON: inactive players will automatically lose when time's up. (requested by Chickpiee)
|
|t:|1616161044
|start
|switch|p1a: Urshifu|Urshifu-Rapid-Strike, F, shiny|100/100
|switch|p2a: Excadrill|Excadrill, M|100/100
|-ability|p2a: Excadrill|Mold Breaker
|turn|1
|
|t:|1616161052
|move|p1a: Urshifu|Surging Strikes|p2a: Excadrill
|-supereffective|p2a: Excadrill
|-crit|p2a: Excadrill
|-damage|p2a: Excadrill|9/100
|-supereffective|p2a: Excadrill
|-crit|p2a: Excadrill
|-damage|p2a: Excadrill|0 fnt
|-hitcount|p2a: Excadrill|2
|faint|p2a: Excadrill
|
|upkeep
|
|t:|1616161060
|switch|p2a: Regieleki|Regieleki|100/100
|turn|2
|
|t:|1616161084
|switch|p2a: Pelipper|Pelipper, F|100/100
|-weather|RainDance|[from] ability: Drizzle|[of] p2a: Pelipper
|switch|p1a: Landorus|Landorus-Therian, M|100/100
|-ability|p1a: Landorus|Intimidate|boost
|-unboost|p2a: Pelipper|atk|1
|
|-weather|RainDance|[upkeep]
|upkeep
|turn|3
|
|t:|1616161102
|move|p1a: Landorus|U-turn|p2a: Pelipper
|-resisted|p2a: Pelipper
|-damage|p2a: Pelipper|92/100
|
|t:|1616161114
|switch|p1a: Ferrothorn|Ferrothorn, M|100/100|[from]move: U-turn
|move|p2a: Pelipper|Scald|p1a: Ferrothorn
|-resisted|p1a: Ferrothorn
|-damage|p1a: Ferrothorn|86/100
|
|-weather|RainDance|[upkeep]
|-heal|p1a: Ferrothorn|92/100|[from] item: Leftovers
|upkeep
|turn|4
|
|t:|1616161123
|move|p2a: Pelipper|Hurricane|p1a: Ferrothorn
|-damage|p1a: Ferrothorn|69/100
|-start|p1a: Ferrothorn|confusion
|-activate|p1a: Ferrothorn|confusion
|move|p1a: Ferrothorn|Knock Off|p2a: Pelipper
|-damage|p2a: Pelipper|76/100
|-enditem|p2a: Pelipper|Damp Rock|[from] move: Knock Off|[of] p1a: Ferrothorn
|
|-weather|RainDance|[upkeep]
|-heal|p1a: Ferrothorn|75/100|[from] item: Leftovers
|upkeep
|turn|5
|
|t:|1616161133
|move|p2a: Pelipper|Hurricane|p1a: Ferrothorn
|-damage|p1a: Ferrothorn|50/100
|-activate|p1a: Ferrothorn|confusion
|move|p1a: Ferrothorn|Leech Seed|p2a: Pelipper
|-start|p2a: Pelipper|move: Leech Seed
|
|-weather|RainDance|[upkeep]
|-heal|p1a: Ferrothorn|56/100|[from] item: Leftovers
|-damage|p2a: Pelipper|64/100|[from] Leech Seed|[of] p1a: Ferrothorn
|-heal|p1a: Ferrothorn|68/100|[silent]
|upkeep
|turn|6
|
|t:|1616161142
|move|p2a: Pelipper|Hurricane|p1a: Ferrothorn
|-damage|p1a: Ferrothorn|41/100
|-activate|p1a: Ferrothorn|confusion
|-damage|p1a: Ferrothorn|34/100|[from] confusion
|
|-weather|RainDance|[upkeep]
|-heal|p1a: Ferrothorn|41/100|[from] item: Leftovers
|-damage|p2a: Pelipper|52/100|[from] Leech Seed|[of] p1a: Ferrothorn
|-heal|p1a: Ferrothorn|52/100|[silent]
|upkeep
|turn|7
|
|t:|1616161162
|move|p2a: Pelipper|Hurricane|p1a: Ferrothorn
|-damage|p1a: Ferrothorn|29/100
|-end|p1a: Ferrothorn|confusion
|move|p1a: Ferrothorn|Spikes|p2a: Pelipper
|-sidestart|p2: dannydevito427|Spikes
|
|-weather|RainDance|[upkeep]
|-heal|p1a: Ferrothorn|35/100|[from] item: Leftovers
|-damage|p2a: Pelipper|39/100|[from] Leech Seed|[of] p1a: Ferrothorn
|-heal|p1a: Ferrothorn|46/100|[silent]
|upkeep
|turn|8
|
|t:|1616161173
|move|p2a: Pelipper|Roost|p2a: Pelipper
|-heal|p2a: Pelipper|89/100
|-singleturn|p2a: Pelipper|move: Roost
|move|p1a: Ferrothorn|Spikes|p2a: Pelipper
|-sidestart|p2: dannydevito427|Spikes
|
|-weather|RainDance|[upkeep]
|-heal|p1a: Ferrothorn|52/100|[from] item: Leftovers
|-damage|p2a: Pelipper|77/100|[from] Leech Seed|[of] p1a: Ferrothorn
|-heal|p1a: Ferrothorn|64/100|[silent]
|upkeep
|turn|9
|
|t:|1616161183
|move|p2a: Pelipper|Defog|p1a: Ferrothorn
|-unboost|p1a: Ferrothorn|evasion|1
|-sideend|p2: dannydevito427|Spikes|[from] move: Defog|[of] p2a: Pelipper
|move|p1a: Ferrothorn|Spikes|p2a: Pelipper
|-sidestart|p2: dannydevito427|Spikes
|
|-weather|none
|-heal|p1a: Ferrothorn|70/100|[from] item: Leftovers
|-damage|p2a: Pelipper|65/100|[from] Leech Seed|[of] p1a: Ferrothorn
|-heal|p1a: Ferrothorn|81/100|[silent]
|upkeep
|turn|10
|
|t:|1616161197
|switch|p2a: Tornadus|Tornadus-Therian, M|100/100
|move|p1a: Ferrothorn|Spikes|p2a: Tornadus
|-sidestart|p2: dannydevito427|Spikes
|
|-heal|p1a: Ferrothorn|88/100|[from] item: Leftovers
|upkeep
|turn|11
|
|t:|1616161227
|switch|p1a: Tapu Koko|Tapu Koko|100/100
|-fieldstart|move: Electric Terrain|[from] ability: Electric Surge|[of] p1a: Tapu Koko
|move|p2a: Tornadus|Sludge Bomb|p1a: Tapu Koko
|-supereffective|p1a: Tapu Koko
|-damage|p1a: Tapu Koko|0 fnt
|-damage|p2a: Tornadus|91/100|[from] item: Life Orb
|faint|p1a: Tapu Koko
|
|upkeep
|
|t:|1616161233
|switch|p1a: Slowking|Slowking-Galar, F|100/100
|turn|12
|c|☆dannydevito427|the plays
|
|t:|1616161245
|switch|p2a: Pelipper|Pelipper, F|65/100
|-weather|RainDance|[from] ability: Drizzle|[of] p2a: Pelipper
|move|p1a: Slowking|Sludge Bomb|p2a: Pelipper
|-damage|p2a: Pelipper|11/100
|-status|p2a: Pelipper|psn
|
|-weather|RainDance|[upkeep]
|-damage|p2a: Pelipper|0 fnt|[from] psn
|faint|p2a: Pelipper
|upkeep
|c|☆Chickpiee|ok
|
|t:|1616161257
|switch|p2a: Barraskewda|Barraskewda, M|100/100
|-damage|p2a: Barraskewda|84/100|[from] Spikes
|turn|13
|
|t:|1616161269
|switch|p1a: Mandibuzz|Mandibuzz, F|100/100
|move|p2a: Barraskewda|Liquidation|p1a: Mandibuzz
|-damage|p1a: Mandibuzz|38/100
|
|-weather|RainDance|[upkeep]
|upkeep
|turn|14
|
|t:|1616161276
|switch|p1a: Ferrothorn|Ferrothorn, M|88/100
|move|p2a: Barraskewda|Liquidation|p1a: Ferrothorn
|-resisted|p1a: Ferrothorn
|-damage|p1a: Ferrothorn|49/100
|-damage|p2a: Barraskewda|72/100|[from] ability: Iron Barbs|[of] p1a: Ferrothorn
|
|-weather|RainDance|[upkeep]
|-heal|p1a: Ferrothorn|56/100|[from] item: Leftovers
|upkeep
|turn|15
|
|t:|1616161287
|move|p2a: Barraskewda|Liquidation|p1a: Ferrothorn
|-resisted|p1a: Ferrothorn
|-damage|p1a: Ferrothorn|22/100
|-damage|p2a: Barraskewda|60/100|[from] ability: Iron Barbs|[of] p1a: Ferrothorn
|move|p1a: Ferrothorn|Leech Seed|p2a: Barraskewda
|-start|p2a: Barraskewda|move: Leech Seed
|
|-weather|RainDance|[upkeep]
|-heal|p1a: Ferrothorn|28/100|[from] item: Leftovers
|-damage|p2a: Barraskewda|48/100|[from] Leech Seed|[of] p1a: Ferrothorn
|-heal|p1a: Ferrothorn|37/100|[silent]
|-fieldend|move: Electric Terrain
|upkeep
|turn|16
|
|t:|1616161299
|move|p2a: Barraskewda|Liquidation|p1a: Ferrothorn
|-resisted|p1a: Ferrothorn
|-damage|p1a: Ferrothorn|0 fnt
|-damage|p2a: Barraskewda|35/100|[from] ability: Iron Barbs|[of] p1a: Ferrothorn
|faint|p1a: Ferrothorn
|
|-weather|none
|upkeep
|
|t:|1616161307
|switch|p1a: Urshifu|Urshifu-Rapid-Strike, F, shiny|100/100
|turn|17
|
|t:|1616161314
|move|p2a: Barraskewda|Liquidation|p1a: Urshifu
|-resisted|p1a: Urshifu
|-damage|p1a: Urshifu|63/100
|move|p1a: Urshifu|Surging Strikes|p2a: Barraskewda
|-resisted|p2a: Barraskewda
|-crit|p2a: Barraskewda
|-damage|p2a: Barraskewda|6/100
|-resisted|p2a: Barraskewda
|-crit|p2a: Barraskewda
|-damage|p2a: Barraskewda|0 fnt
|-hitcount|p2a: Barraskewda|2
|faint|p2a: Barraskewda
|
|upkeep
|
|t:|1616161335
|switch|p2a: Regieleki|Regieleki|100/100
|-damage|p2a: Regieleki|84/100|[from] Spikes
|turn|18
|
|t:|1616161348
|switch|p2a: Tornadus|Tornadus-Therian, M|100/100
|switch|p1a: Landorus|Landorus-Therian, M|100/100
|-ability|p1a: Landorus|Intimidate|boost
|-unboost|p2a: Tornadus|atk|1
|
|upkeep
|turn|19
|
|t:|1616161365
|move|p2a: Tornadus|Hurricane|p1a: Landorus
|-damage|p1a: Landorus|21/100
|-damage|p2a: Tornadus|91/100|[from] item: Life Orb
|move|p1a: Landorus|Toxic|p2a: Tornadus
|-status|p2a: Tornadus|tox
|
|-heal|p1a: Landorus|27/100|[from] item: Leftovers
|-damage|p2a: Tornadus|85/100 tox|[from] psn
|upkeep
|turn|20
|
|t:|1616161375
|switch|p1a: Slowking|Slowking-Galar, F|100/100
|move|p2a: Tornadus|Dark Pulse|p1a: Slowking
|-supereffective|p1a: Slowking
|-damage|p1a: Slowking|74/100
|-damage|p2a: Tornadus|75/100 tox|[from] item: Life Orb
|
|-damage|p2a: Tornadus|63/100 tox|[from] psn
|upkeep
|turn|21
|
|t:|1616161388
|move|p2a: Tornadus|Dark Pulse|p1a: Slowking
|-supereffective|p1a: Slowking
|-damage|p1a: Slowking|47/100
|-damage|p2a: Tornadus|53/100 tox|[from] item: Life Orb
|move|p1a: Slowking|Future Sight|p2a: Tornadus
|-start|p1a: Slowking|move: Future Sight
|
|-damage|p2a: Tornadus|35/100 tox|[from] psn
|upkeep
|turn|22
|
|t:|1616161400
|switch|p2a: Blissey|Blissey, F|100/100
|-damage|p2a: Blissey|84/100|[from] Spikes
|switch|p1a: Mandibuzz|Mandibuzz, F|38/100
|
|-heal|p2a: Blissey|90/100|[from] item: Leftovers
|upkeep
|turn|23
|inactive|dannydevito427 has 120 seconds left.
|
|t:|1616161439
|move|p1a: Mandibuzz|Roost|p1a: Mandibuzz
|-heal|p1a: Mandibuzz|88/100
|-singleturn|p1a: Mandibuzz|move: Roost
|move|p2a: Blissey|Seismic Toss|p1a: Mandibuzz
|-damage|p1a: Mandibuzz|64/100
|
|-end|p2a: Blissey|move: Future Sight
|-damage|p2a: Blissey|76/100
|-heal|p2a: Blissey|82/100|[from] item: Leftovers
|upkeep
|turn|24
|
|t:|1616161454
|switch|p2a: Regieleki|Regieleki|84/100
|-damage|p2a: Regieleki|67/100|[from] Spikes
|move|p1a: Mandibuzz|Roost|p1a: Mandibuzz
|-heal|p1a: Mandibuzz|100/100
|-singleturn|p1a: Mandibuzz|move: Roost
|
|upkeep
|turn|25
|inactive|dannydevito427 has 90 seconds left.
|
|t:|1616161501
|switch|p1a: Slowking|Slowking-Galar, F|80/100
|move|p2a: Regieleki|Thunder|p1a: Slowking
|-damage|p1a: Slowking|39/100
|-damage|p2a: Regieleki|57/100|[from] item: Life Orb
|
|upkeep
|turn|26
|
|t:|1616161510
|switch|p1a: Landorus|Landorus-Therian, M|27/100
|-ability|p1a: Landorus|Intimidate|boost
|-unboost|p2a: Regieleki|atk|1
|move|p2a: Regieleki|Thunder|p1a: Landorus
|-immune|p1a: Landorus
|
|-heal|p1a: Landorus|33/100|[from] item: Leftovers
|upkeep
|turn|27
|l|☆dannydevito427
|inactive|dannydevito427 disconnected and has a minute to reconnect!
|player|p2|
|c|☆Chickpiee|ok
|inactive|dannydevito427 has 30 seconds to reconnect!
|inactive|dannydevito427 has 20 seconds to reconnect!
|inactive|dannydevito427 has 15 seconds to reconnect!
|inactive|dannydevito427 has 10 seconds to reconnect!
|inactive|dannydevito427 has 5 seconds to reconnect!
|-message|dannydevito427 lost due to inactivity.
|
|win|Chickpiee
|inactive|dannydevito427 has 30 seconds left this turn.
|n|☆Chickpiee|chickpiee
|n|*Lady Monita|ladymonita
|l|*Lady Monita
