|raw|<div class="broadcast-blue"><strong>This battle is required to be public due to a player having a name starting with 'lt81yl'.</div>
|j|☆Plasmeek
|j|☆LT81YL Popstar
|t:|1625216526
|gametype|singles
|player|p1|Plasmeek|youngster-gen4dp|1826
|player|p2|LT81YL Popstar|lady-gen4|1853
|teamsize|p1|6
|teamsize|p2|6
|gen|8
|tier|[Gen 8] OU
|rated|
|rule|Sleep Clause Mod: Limit one foe put to sleep
|rule|Species Clause: Limit one of each Pokémon
|rule|OHKO Clause: OHKO moves are banned
|rule|Evasion Moves Clause: Evasion moves are banned
|rule|Endless Battle Clause: Forcing endless battles is banned
|rule|HP Percentage Mod: HP is shown in percentages
|rule|Dynamax Clause: You cannot dynamax
|clearpoke
|poke|p1|Hydreigon, F|
|poke|p1|Clefable, M|
|poke|p1|Toxapex, M|
|poke|p1|Tornadus-Therian, M|
|poke|p1|Scizor, F|
|poke|p1|Hippowdon, M|
|poke|p2|Landorus-Therian, M|
|poke|p2|Ferrothorn, M|
|poke|p2|Clefable, F|
|poke|p2|Tornadus-Therian, M|
|poke|p2|Slowbro, F|
|poke|p2|Heatran, F|
|teampreview
|j| LT81YL Storm
|j| uturnkoko
|j| LT81YL Trunx
|j| Piyush25
|j| regnite ◕‿◕
|j| Edrala
|j| GWEWRHQ3RQ
|
|t:|1625216590
|start
|switch|p1a: Toxapex|Toxapex, M|100/100
|switch|p2a: Landorus|Landorus-Therian, M|100/100
|-ability|p2a: Landorus|Intimidate|boost
|-unboost|p1a: Toxapex|atk|1
|turn|1
|j| luckless head
|
|t:|1625216607
|move|p2a: Landorus|U-turn|p1a: Toxapex
|-resisted|p1a: Toxapex
|-damage|p1a: Toxapex|94/100
|
|t:|1625216610
|switch|p2a: Slowbro|Slowbro, F|100/100|[from]move: U-turn
|move|p1a: Toxapex|Toxic|p2a: Slowbro
|-status|p2a: Slowbro|tox
|
|-heal|p1a: Toxapex|99/100|[from] item: Black Sludge
|-damage|p2a: Slowbro|94/100 tox|[from] psn
|upkeep
|turn|2
|l| luckless head
|j| LCABY Le Xiz
|
|t:|1625216634
|switch|p1a: Hydreigon|Hydreigon, F|100/100
|move|p2a: Slowbro|Teleport|p2a: Slowbro
|
|t:|1625216638
|switch|p2a: Landorus|Landorus-Therian, M|100/100|[from]move: Teleport
|-ability|p2a: Landorus|Intimidate|boost
|-unboost|p1a: Hydreigon|atk|1
|
|upkeep
|turn|3
|
|t:|1625216650
|move|p1a: Hydreigon|Nasty Plot|p1a: Hydreigon
|-boost|p1a: Hydreigon|spa|2
|move|p2a: Landorus|U-turn|p1a: Hydreigon
|-supereffective|p1a: Hydreigon
|-damage|p1a: Hydreigon|57/100
|
|t:|1625216653
|switch|p2a: Clefable|Clefable, F|100/100|[from]move: U-turn
|
|upkeep
|turn|4
|
|t:|1625216661
|switch|p1a: Toxapex|Toxapex, M|100/100
|switch|p2a: Tornadus|Tornadus-Therian, M|100/100
|
|upkeep
|turn|5
|j| ironwater
|
|t:|1625216670
|move|p2a: Tornadus|Knock Off|p1a: Toxapex
|-damage|p1a: Toxapex|87/100
|-enditem|p1a: Toxapex|Black Sludge|[from] move: Knock Off|[of] p2a: Tornadus
|move|p1a: Toxapex|Toxic|p2a: Tornadus
|-status|p2a: Tornadus|tox
|
|-damage|p2a: Tornadus|94/100 tox|[from] psn
|upkeep
|turn|6
|l| GWEWRHQ3RQ
|
|t:|1625216677
|move|p2a: Tornadus|U-turn|p1a: Toxapex
|-resisted|p1a: Toxapex
|-damage|p1a: Toxapex|83/100
|
|t:|1625216679
|switch|p2a: Slowbro|Slowbro, F|100/100 tox|[from]move: U-turn
|move|p1a: Toxapex|Scald|p2a: Slowbro
|-resisted|p2a: Slowbro
|-damage|p2a: Slowbro|91/100 tox
|
|-damage|p2a: Slowbro|85/100 tox|[from] psn
|upkeep
|turn|7
|
|t:|1625216685
|switch|p1a: Hydreigon|Hydreigon, F|57/100
|move|p2a: Slowbro|Teleport|p2a: Slowbro
|
|t:|1625216687
|switch|p2a: Landorus|Landorus-Therian, M|100/100|[from]move: Teleport
|-ability|p2a: Landorus|Intimidate|boost
|-unboost|p1a: Hydreigon|atk|1
|
|upkeep
|turn|8
|
|t:|1625216701
|switch|p1a: Tornadus|Tornadus-Therian, M|100/100
|move|p2a: Landorus|Knock Off|p1a: Tornadus
|-crit|p1a: Tornadus
|-damage|p1a: Tornadus|50/100
|-enditem|p1a: Tornadus|Heavy-Duty Boots|[from] move: Knock Off|[of] p2a: Landorus
|
|upkeep
|turn|9
|
|t:|1625216714
|switch|p2a: Tornadus|Tornadus-Therian, M|100/100 tox
|move|p1a: Tornadus|Hurricane|p2a: Tornadus
|-damage|p2a: Tornadus|50/100 tox
|-start|p2a: Tornadus|confusion
|
|-damage|p2a: Tornadus|44/100 tox|[from] psn
|upkeep
|turn|10
|
|t:|1625216727
|switch|p2a: Slowbro|Slowbro, F|100/100 tox
|move|p1a: Tornadus|Hurricane|p2a: Slowbro
|-damage|p2a: Slowbro|51/100 tox
|
|-damage|p2a: Slowbro|45/100 tox|[from] psn
|upkeep
|turn|11
|j| Noobmaster316
|
|t:|1625216749
|switch|p2a: Heatran|Heatran, F|100/100
|move|p1a: Tornadus|Hurricane|p2a: Heatran|[miss]
|-miss|p1a: Tornadus|p2a: Heatran
|
|upkeep
|turn|12
|inactive|Battle timer is ON: inactive players will automatically lose when time's up. (requested by LT81YL Popstar)
|j| epsilon_xd
|l| uturnkoko
|inactive|Plasmeek has 120 seconds left.
|j| superjon1200
|
|t:|1625216828
|switch|p1a: Hippowdon|Hippowdon, M|100/100
|-weather|Sandstorm|[from] ability: Sand Stream|[of] p1a: Hippowdon
|move|p2a: Heatran|Toxic|p1a: Hippowdon
|-status|p1a: Hippowdon|tox
|
|-weather|Sandstorm|[upkeep]
|-damage|p1a: Hippowdon|94/100 tox|[from] psn
|upkeep
|turn|13
|j| lt81yl ez
|l| lt81yl ez
|
|t:|1625216845
|switch|p2a: Landorus|Landorus-Therian, M|100/100
|-ability|p2a: Landorus|Intimidate|boost
|-unboost|p1a: Hippowdon|atk|1
|move|p1a: Hippowdon|Stealth Rock|p2a: Landorus
|-sidestart|p2: LT81YL Popstar|move: Stealth Rock
|
|-weather|Sandstorm|[upkeep]
|-heal|p1a: Hippowdon|100/100 tox|[from] item: Leftovers
|-damage|p1a: Hippowdon|88/100 tox|[from] psn
|upkeep
|turn|14
|j| LT81YL goatzone
|j| 64 squares
|
|t:|1625216861
|switch|p1a: Tornadus|Tornadus-Therian, M|83/100
|move|p2a: Landorus|Stealth Rock|p1a: Tornadus
|-sidestart|p1: Plasmeek|move: Stealth Rock
|
|-weather|Sandstorm|[upkeep]
|-damage|p1a: Tornadus|77/100|[from] Sandstorm
|upkeep
|turn|15
|l| LT81YL goatzone
|
|t:|1625216871
|switch|p2a: Heatran|Heatran, F|100/100
|-damage|p2a: Heatran|88/100|[from] Stealth Rock
|move|p1a: Tornadus|Hurricane|p2a: Heatran|[miss]
|-miss|p1a: Tornadus|p2a: Heatran
|
|-weather|Sandstorm|[upkeep]
|-damage|p1a: Tornadus|71/100|[from] Sandstorm
|-heal|p2a: Heatran|94/100|[from] item: Leftovers
|upkeep
|turn|16
|
|t:|1625216881
|switch|p1a: Hydreigon|Hydreigon, F|57/100
|-damage|p1a: Hydreigon|44/100|[from] Stealth Rock
|move|p2a: Heatran|Magma Storm|p1a: Hydreigon
|-resisted|p1a: Hydreigon
|-damage|p1a: Hydreigon|20/100
|-activate|p1a: Hydreigon|move: Magma Storm|[of] p2a: Heatran
|
|-weather|none
|-heal|p2a: Heatran|100/100|[from] item: Leftovers
|-damage|p1a: Hydreigon|7/100|[from] move: Magma Storm|[partiallytrapped]
|upkeep
|turn|17
|
|t:|1625216886
|move|p1a: Hydreigon|Roost|p1a: Hydreigon
|-heal|p1a: Hydreigon|57/100
|-singleturn|p1a: Hydreigon|move: Roost
|move|p2a: Heatran|Toxic|p1a: Hydreigon
|-status|p1a: Hydreigon|tox
|
|-damage|p1a: Hydreigon|51/100 tox|[from] psn
|-damage|p1a: Hydreigon|39/100 tox|[from] move: Magma Storm|[partiallytrapped]
|upkeep
|turn|18
|
|t:|1625216892
|move|p1a: Hydreigon|Roost|p1a: Hydreigon
|-heal|p1a: Hydreigon|89/100 tox
|-singleturn|p1a: Hydreigon|move: Roost
|move|p2a: Heatran|Taunt|p1a: Hydreigon
|-start|p1a: Hydreigon|move: Taunt
|
|-damage|p1a: Hydreigon|77/100 tox|[from] psn
|-damage|p1a: Hydreigon|64/100 tox|[from] move: Magma Storm|[partiallytrapped]
|upkeep
|turn|19
|
|t:|1625216901
|switch|p2a: Tornadus|Tornadus-Therian, M|77/100 tox
|move|p1a: Hydreigon|Earth Power|p2a: Tornadus
|-immune|p2a: Tornadus
|
|-damage|p2a: Tornadus|71/100 tox|[from] psn
|-damage|p1a: Hydreigon|46/100 tox|[from] psn
|-end|p1a: Hydreigon|Magma Storm|[partiallytrapped]|[silent]
|upkeep
|turn|20
|l| superjon1200
|
|t:|1625216912
|switch|p1a: Toxapex|Toxapex, M|100/100
|-damage|p1a: Toxapex|88/100|[from] Stealth Rock
|move|p2a: Tornadus|U-turn|p1a: Toxapex
|-resisted|p1a: Toxapex
|-damage|p1a: Toxapex|84/100
|
|t:|1625216916
|switch|p2a: Slowbro|Slowbro, F|78/100 tox|[from]move: U-turn
|-damage|p2a: Slowbro|66/100 tox|[from] Stealth Rock
|
|-damage|p2a: Slowbro|60/100 tox|[from] psn
|upkeep
|turn|21
|
|t:|1625216923
|switch|p1a: Scizor|Scizor, F|100/100
|move|p2a: Slowbro|Teleport|p2a: Slowbro
|
|t:|1625216925
|switch|p2a: Heatran|Heatran, F|100/100|[from]move: Teleport
|-damage|p2a: Heatran|88/100|[from] Stealth Rock
|
|-heal|p2a: Heatran|94/100|[from] item: Leftovers
|upkeep
|turn|22
|j| cute pink team
|
|t:|1625216936
|switch|p1a: Hippowdon|Hippowdon, M|88/100 tox
|-damage|p1a: Hippowdon|82/100 tox|[from] Stealth Rock
|-weather|Sandstorm|[from] ability: Sand Stream|[of] p1a: Hippowdon
|move|p2a: Heatran|Magma Storm|p1a: Hippowdon|[miss]
|-miss|p2a: Heatran|p1a: Hippowdon
|
|-weather|Sandstorm|[upkeep]
|-heal|p2a: Heatran|100/100|[from] item: Leftovers
|-heal|p1a: Hippowdon|88/100 tox|[from] item: Leftovers
|-damage|p1a: Hippowdon|82/100 tox|[from] psn
|upkeep
|turn|23
|
|t:|1625216943
|switch|p2a: Tornadus|Tornadus-Therian, M|100/100 tox
|switch|p1a: Clefable|Clefable, M|100/100
|
|-weather|Sandstorm|[upkeep]
|-damage|p2a: Tornadus|94/100 tox|[from] Sandstorm
|-damage|p1a: Clefable|94/100|[from] Sandstorm
|-damage|p2a: Tornadus|88/100 tox|[from] psn
|upkeep
|turn|24
|
|t:|1625216951
|switch|p1a: Toxapex|Toxapex, M|100/100
|-damage|p1a: Toxapex|88/100|[from] Stealth Rock
|move|p2a: Tornadus|Knock Off|p1a: Toxapex
|-damage|p1a: Toxapex|79/100
|
|-weather|Sandstorm|[upkeep]
|-damage|p2a: Tornadus|82/100 tox|[from] Sandstorm
|-damage|p1a: Toxapex|73/100|[from] Sandstorm
|-damage|p2a: Tornadus|70/100 tox|[from] psn
|upkeep
|turn|25
|
|t:|1625216962
|switch|p1a: Scizor|Scizor, F|100/100
|move|p2a: Tornadus|U-turn|p1a: Scizor
|-resisted|p1a: Scizor
|-damage|p1a: Scizor|94/100
|
|t:|1625216964
|switch|p2a: Heatran|Heatran, F|100/100|[from]move: U-turn
|-damage|p2a: Heatran|88/100|[from] Stealth Rock
|
|-weather|Sandstorm|[upkeep]
|-heal|p2a: Heatran|94/100|[from] item: Leftovers
|upkeep
|turn|26
|
|t:|1625216986
|switch|p1a: Hippowdon|Hippowdon, M|82/100 tox
|-damage|p1a: Hippowdon|76/100 tox|[from] Stealth Rock
|move|p2a: Heatran|Magma Storm|p1a: Hippowdon
|-damage|p1a: Hippowdon|45/100 tox
|-activate|p1a: Hippowdon|move: Magma Storm|[of] p2a: Heatran
|
|-weather|none
|-heal|p2a: Heatran|100/100|[from] item: Leftovers
|-heal|p1a: Hippowdon|52/100 tox|[from] item: Leftovers
|-damage|p1a: Hippowdon|45/100 tox|[from] psn
|-damage|p1a: Hippowdon|33/100 tox|[from] move: Magma Storm|[partiallytrapped]
|upkeep
|turn|27
|inactive|Plasmeek has 120 seconds left.
|l| 64 squares
|
|t:|1625217011
|switch|p2a: Landorus|Landorus-Therian, M|100/100
|-damage|p2a: Landorus|88/100|[from] Stealth Rock
|-ability|p2a: Landorus|Intimidate|boost
|-unboost|p1a: Hippowdon|atk|1
|move|p1a: Hippowdon|Earthquake|p2a: Landorus
|-immune|p2a: Landorus
|
|-heal|p2a: Landorus|94/100|[from] item: Leftovers
|-heal|p1a: Hippowdon|39/100 tox|[from] item: Leftovers
|-damage|p1a: Hippowdon|27/100 tox|[from] psn
|-end|p1a: Hippowdon|Magma Storm|[partiallytrapped]|[silent]
|upkeep
|turn|28
|inactive|Plasmeek has 120 seconds left.
|
|t:|1625217026
|move|p2a: Landorus|U-turn|p1a: Hippowdon
|-damage|p1a: Hippowdon|11/100 tox
|
|t:|1625217031
|switch|p2a: Heatran|Heatran, F|100/100|[from]move: U-turn
|-damage|p2a: Heatran|88/100|[from] Stealth Rock
|move|p1a: Hippowdon|Slack Off|p1a: Hippowdon
|-heal|p1a: Hippowdon|61/100 tox
|
|-heal|p2a: Heatran|94/100|[from] item: Leftovers
|-heal|p1a: Hippowdon|68/100 tox|[from] item: Leftovers
|-damage|p1a: Hippowdon|49/100 tox|[from] psn
|upkeep
|turn|29
|
|t:|1625217042
|switch|p1a: Clefable|Clefable, M|94/100
|move|p2a: Heatran|Magma Storm|p1a: Clefable
|-damage|p1a: Clefable|52/100
|-activate|p1a: Clefable|move: Magma Storm|[of] p2a: Heatran
|
|-heal|p2a: Heatran|100/100|[from] item: Leftovers
|-damage|p1a: Clefable|39/100|[from] move: Magma Storm|[partiallytrapped]
|upkeep
|turn|30
|
|t:|1625217052
|move|p2a: Heatran|Taunt|p1a: Clefable
|-start|p1a: Clefable|move: Taunt
|cant|p1a: Clefable|move: Taunt|Heal Bell
|
|-damage|p1a: Clefable|27/100|[from] move: Magma Storm|[partiallytrapped]
|upkeep
|turn|31
|
|t:|1625217058
|move|p2a: Heatran|Earth Power|p1a: Clefable
|-damage|p1a: Clefable|2/100
|move|p1a: Clefable|Moonblast|p2a: Heatran
|-resisted|p2a: Heatran
|-damage|p2a: Heatran|96/100
|
|-heal|p2a: Heatran|100/100|[from] item: Leftovers
|-damage|p1a: Clefable|0 fnt|[from] move: Magma Storm|[partiallytrapped]
|faint|p1a: Clefable
|upkeep
|-message|Plasmeek forfeited.
|
|win|LT81YL Popstar
|raw|Plasmeek's rating: 1826 &rarr; <strong>1807</strong><br />(-19 for losing)
|raw|LT81YL Popstar's rating: 1852 &rarr; <strong>1871</strong><br />(+19 for winning)
|l|☆LT81YL Popstar
|l|☆Plasmeek
|l| LT81YL Storm
|j| LT81YL Storm
|l| LT81YL Storm
|l| ironwater
|l| regnite ◕‿◕
|j| LT81YL LE FLEXMAN
|j| LT81YL Power
