|j|☆Colonel Rivai
|j|☆Chokst du
|t:|1656065126
|gametype|singles
|player|p1|Colonel Rivai|102|1816
|player|p2|Chokst du|265|1834
|teamsize|p1|6
|teamsize|p2|6
|gen|8
|tier|[Gen 8] OU
|rated|
|rule|Sleep Clause Mod: Limit one foe put to sleep
|rule|Species Clause: Limit one of each Pokémon
|rule|OHKO Clause: OHKO moves are banned
|rule|Evasion Moves Clause: Evasion moves are banned
|rule|Endless Battle Clause: Forcing endless battles is banned
|rule|HP Percentage Mod: HP is shown in percentages
|rule|Dynamax Clause: You cannot dynamax
|clearpoke
|poke|p1|Hydreigon, F|
|poke|p1|Kartana|
|poke|p1|Blacephalon|
|poke|p1|Landorus-Therian, M|
|poke|p1|Melmetal|
|poke|p1|Toxapex, F|
|poke|p2|Zygarde-10%|
|poke|p2|Dragapult, M|
|poke|p2|Dragonite, F|
|poke|p2|Gastrodon, F|
|poke|p2|Kartana|
|poke|p2|Heatran, F|
|teampreview
|j| Chiwis Del Norte
|inactive|Battle timer is ON: inactive players will automatically lose when time's up. (requested by Colonel Rivai)
|
|t:|1656065135
|start
|switch|p1a: Landorus|Landorus-Therian, M|100/100
|switch|p2a: Kartana|Kartana|100/100
|-ability|p1a: Landorus|Intimidate|boost
|-unboost|p2a: Kartana|atk|1
|turn|1
|
|t:|1656065137
|move|p2a: Kartana|Knock Off|p1a: Landorus
|-damage|p1a: Landorus|58/100
|-enditem|p1a: Landorus|Leftovers|[from] move: Knock Off|[of] p2a: Kartana
|move|p1a: Landorus|Stealth Rock|p2a: Kartana
|-sidestart|p2: Chokst du|move: Stealth Rock
|
|upkeep
|turn|2
|
|t:|1656065140
|move|p2a: Kartana|Knock Off|p1a: Landorus
|-damage|p1a: Landorus|32/100
|move|p1a: Landorus|U-turn|p2a: Kartana
|-damage|p2a: Kartana|76/100
|
|t:|1656065144
|switch|p1a: Blacephalon|Blacephalon|100/100|[from]move: U-turn
|
|upkeep
|turn|3
|
|t:|1656065147
|switch|p2a: Gastrodon|Gastrodon, F|100/100
|-damage|p2a: Gastrodon|94/100|[from] Stealth Rock
|move|p1a: Blacephalon|Shadow Ball|p2a: Gastrodon
|-damage|p2a: Gastrodon|63/100
|-unboost|p2a: Gastrodon|spd|1
|
|-heal|p2a: Gastrodon|70/100|[from] item: Leftovers
|upkeep
|turn|4
|
|t:|1656065152
|switch|p1a: Hydreigon|Hydreigon, F|100/100
|switch|p2a: Heatran|Heatran, F|100/100
|-damage|p2a: Heatran|88/100|[from] Stealth Rock
|
|-heal|p2a: Heatran|94/100|[from] item: Leftovers
|upkeep
|turn|5
|
|t:|1656065158
|move|p1a: Hydreigon|Beat Up|p2a: Heatran
|-damage|p2a: Heatran|84/100
|-damage|p2a: Heatran|70/100
|-damage|p2a: Heatran|57/100
|-damage|p2a: Heatran|46/100
|-damage|p2a: Heatran|34/100
|-damage|p2a: Heatran|28/100
|-hitcount|p2a: Heatran|6
|move|p2a: Heatran|Toxic|p1a: Hydreigon
|-status|p1a: Hydreigon|tox
|
|-heal|p2a: Heatran|34/100|[from] item: Leftovers
|-damage|p1a: Hydreigon|94/100 tox|[from] psn
|upkeep
|turn|6
|
|t:|1656065164
|switch|p2a: Dragonite|Dragonite, F|100/100
|move|p1a: Hydreigon|Beat Up|p2a: Dragonite
|-damage|p2a: Dragonite|97/100
|-damage|p2a: Dragonite|86/100
|-damage|p2a: Dragonite|77/100
|-damage|p2a: Dragonite|67/100
|-damage|p2a: Dragonite|57/100
|-damage|p2a: Dragonite|52/100
|-hitcount|p2a: Dragonite|6
|
|-damage|p1a: Hydreigon|82/100 tox|[from] psn
|upkeep
|turn|7
|
|t:|1656065168
|move|p1a: Hydreigon|Beat Up|p2a: Dragonite
|-damage|p2a: Dragonite|44/100
|-damage|p2a: Dragonite|33/100
|-damage|p2a: Dragonite|23/100
|-damage|p2a: Dragonite|14/100
|-damage|p2a: Dragonite|5/100
|-damage|p2a: Dragonite|0 fnt
|faint|p2a: Dragonite
|-hitcount|p2: Dragonite|6
|
|-damage|p1a: Hydreigon|64/100 tox|[from] psn
|upkeep
|
|t:|1656065173
|switch|p2a: Kartana|Kartana|76/100
|-damage|p2a: Kartana|70/100|[from] Stealth Rock
|turn|8
|
|t:|1656065179
|switch|p1a: Toxapex|Toxapex, F|100/100
|move|p2a: Kartana|Leaf Blade|p1a: Toxapex
|-damage|p1a: Toxapex|51/100
|-damage|p2a: Kartana|53/100|[from] item: Rocky Helmet|[of] p1a: Toxapex
|
|upkeep
|turn|9
|
|t:|1656065184
|switch|p2a: Heatran|Heatran, F|34/100
|-damage|p2a: Heatran|22/100|[from] Stealth Rock
|switch|p1a: Kartana|Kartana|100/100
|
|-heal|p2a: Heatran|28/100|[from] item: Leftovers
|upkeep
|turn|10
|j| Arcanine1997
|
|t:|1656065191
|switch|p2a: Dragapult|Dragapult, M|100/100
|-damage|p2a: Dragapult|88/100|[from] Stealth Rock
|move|p1a: Kartana|Knock Off|p2a: Dragapult
|-supereffective|p2a: Dragapult
|-damage|p2a: Dragapult|0 fnt
|-enditem|p2a: Dragapult|Choice Specs|[from] move: Knock Off|[of] p1a: Kartana
|faint|p2a: Dragapult
|-ability|p1a: Kartana|Beast Boost|boost
|-boost|p1a: Kartana|atk|1
|
|upkeep
|j| union boss
|
|t:|1656065195
|switch|p2a: Zygarde|Zygarde-10%|100/100
|-damage|p2a: Zygarde|94/100|[from] Stealth Rock
|-ability|p2a: Zygarde|Aura Break
|turn|11
|
|t:|1656065197
|move|p2a: Zygarde|Superpower|p1a: Kartana
|-supereffective|p1a: Kartana
|-damage|p1a: Kartana|0 fnt
|-unboost|p2a: Zygarde|atk|1
|-unboost|p2a: Zygarde|def|1
|faint|p1a: Kartana
|
|upkeep
|
|t:|1656065208
|switch|p1a: Blacephalon|Blacephalon|100/100
|turn|12
|
|t:|1656065212
|switch|p2a: Heatran|Heatran, F|28/100
|-damage|p2a: Heatran|16/100|[from] Stealth Rock
|move|p1a: Blacephalon|Shadow Ball|p2a: Heatran
|-damage|p2a: Heatran|0 fnt
|faint|p2a: Heatran
|-ability|p1a: Blacephalon|Beast Boost|boost
|-boost|p1a: Blacephalon|spa|1
|
|upkeep
|
|t:|1656065213
|switch|p2a: Gastrodon|Gastrodon, F|70/100
|-damage|p2a: Gastrodon|63/100|[from] Stealth Rock
|turn|13
|
|t:|1656065221
|move|p1a: Blacephalon|Shadow Ball|p2a: Gastrodon
|-damage|p2a: Gastrodon|16/100
|-unboost|p2a: Gastrodon|spd|1
|move|p2a: Gastrodon|Earthquake|p1a: Blacephalon
|-supereffective|p1a: Blacephalon
|-damage|p1a: Blacephalon|0 fnt
|faint|p1a: Blacephalon
|
|-heal|p2a: Gastrodon|22/100|[from] item: Leftovers
|upkeep
|
|t:|1656065225
|switch|p1a: Landorus|Landorus-Therian, M|32/100
|-ability|p1a: Landorus|Intimidate|boost
|-unboost|p2a: Gastrodon|atk|1
|turn|14
|
|t:|1656065231
|move|p1a: Landorus|Earthquake|p2a: Gastrodon
|-damage|p2a: Gastrodon|0 fnt
|faint|p2a: Gastrodon
|
|upkeep
|
|t:|1656065233
|switch|p2a: Zygarde|Zygarde-10%|94/100
|-damage|p2a: Zygarde|88/100|[from] Stealth Rock
|-ability|p2a: Zygarde|Aura Break
|turn|15
|l| union boss
|
|t:|1656065237
|switch|p1a: Hydreigon|Hydreigon, F|64/100 tox
|move|p2a: Zygarde|Thousand Arrows|p1a: Hydreigon
|-damage|p1a: Hydreigon|0 fnt
|faint|p1a: Hydreigon
|
|upkeep
|
|t:|1656065239
|switch|p1a: Landorus|Landorus-Therian, M|32/100
|-ability|p1a: Landorus|Intimidate|boost
|-unboost|p2a: Zygarde|atk|1
|turn|16
|
|t:|1656065248
|switch|p1a: Toxapex|Toxapex, F|84/100
|move|p2a: Zygarde|Thousand Arrows|p1a: Toxapex
|-supereffective|p1a: Toxapex
|-crit|p1a: Toxapex
|-damage|p1a: Toxapex|0 fnt
|faint|p1a: Toxapex
|
|upkeep
|
|t:|1656065249
|switch|p1a: Landorus|Landorus-Therian, M|32/100
|-ability|p1a: Landorus|Intimidate|boost
|-unboost|p2a: Zygarde|atk|1
|turn|17
|
|t:|1656065256
|move|p2a: Zygarde|Thousand Arrows|p1a: Landorus
|-damage|p1a: Landorus|6/100
|-start|p1a: Landorus|Smack Down
|move|p1a: Landorus|Earthquake|p2a: Zygarde
|-damage|p2a: Zygarde|4/100
|
|upkeep
|turn|18
|j| zeusshadow
|
|t:|1656065261
|move|p2a: Zygarde|Thousand Arrows|p1a: Landorus
|-damage|p1a: Landorus|0 fnt
|faint|p1a: Landorus
|
|upkeep
|
|t:|1656065262
|switch|p1a: Melmetal|Melmetal|100/100
|turn|19
|c|☆Colonel Rivai|gg
|
|t:|1656065264
|move|p2a: Zygarde|Thousand Arrows|p1a: Melmetal
|-supereffective|p1a: Melmetal
|-damage|p1a: Melmetal|63/100
|move|p1a: Melmetal|Double Iron Bash|p2a: Zygarde
|-damage|p2a: Zygarde|0 fnt
|faint|p2a: Zygarde
|-hitcount|p2: Zygarde|1
|
|upkeep
|
|t:|1656065266
|switch|p2a: Kartana|Kartana|53/100
|-damage|p2a: Kartana|47/100|[from] Stealth Rock
|turn|20
|
|t:|1656065268
|move|p2a: Kartana|Sacred Sword|p1a: Melmetal
|-supereffective|p1a: Melmetal
|-damage|p1a: Melmetal|0 fnt
|faint|p1a: Melmetal
|
|win|Chokst du
|raw|Colonel Rivai's rating: 1816 &rarr; <strong>1797</strong><br />(-19 for losing)
|raw|Chokst du's rating: 1834 &rarr; <strong>1853</strong><br />(+19 for winning)
|c|☆Chokst du|gg
|player|p2|Chokst du|265
|l|☆Colonel Rivai
||Ladder isn't responding, score probably updated but might not have (Request timeout).
