|j|☆Highv0ltag3
|j|☆mister_ttar
|t:|1657457495
|gametype|singles
|player|p1|Highv0ltag3|volo|1853
|player|p2|mister_ttar|101|1829
|teamsize|p1|6
|teamsize|p2|6
|gen|8
|tier|[Gen 8] OU
|rated|
|rule|Sleep Clause Mod: Limit one foe put to sleep
|rule|Species Clause: Limit one of each Pokémon
|rule|OHKO Clause: OHKO moves are banned
|rule|Evasion Moves Clause: Evasion moves are banned
|rule|Endless Battle Clause: Forcing endless battles is banned
|rule|HP Percentage Mod: HP is shown in percentages
|rule|Dynamax Clause: You cannot dynamax
|clearpoke
|poke|p1|Tangrowth, M|
|poke|p1|Toxapex, M|
|poke|p1|Corviknight, M|
|poke|p1|Gastrodon, M|
|poke|p1|Blissey, F|
|poke|p1|Jirachi|
|poke|p2|Decidueye, M|
|poke|p2|Tyranitar, F|
|poke|p2|Ferrothorn, M|
|poke|p2|Slowbro, M|
|poke|p2|Landorus-Therian, M|
|poke|p2|Tapu Koko|
|teampreview
|inactive|Battle timer is ON: inactive players will automatically lose when time's up. (requested by Highv0ltag3)
|
|t:|1657457507
|start
|switch|p1a: Fuck tran|Toxapex, M|100/100
|switch|p2a: Landorus|Landorus-Therian, M|100/100
|-ability|p2a: Landorus|Intimidate|boost
|-unboost|p1a: Fuck tran|atk|1
|turn|1
|
|t:|1657457509
|move|p2a: Landorus|Earthquake|p1a: Fuck tran
|-supereffective|p1a: Fuck tran
|-damage|p1a: Fuck tran|41/100
|move|p1a: Fuck tran|Toxic|p2a: Landorus
|-status|p2a: Landorus|tox
|
|-damage|p2a: Landorus|94/100 tox|[from] psn
|upkeep
|turn|2
|
|t:|1657457513
|switch|p1a: Shed shell7%?|Corviknight, M|100/100
|-ability|p1a: Shed shell7%?|Pressure
|move|p2a: Landorus|Stealth Rock|p1a: Shed shell7%?
|-sidestart|p1: Highv0ltag3|move: Stealth Rock
|
|-heal|p2a: Landorus|100/100 tox|[from] item: Leftovers
|-damage|p2a: Landorus|88/100 tox|[from] psn
|upkeep
|turn|3
|
|t:|1657457521
|switch|p2a: Ferrothorn|Ferrothorn, M|100/100
|move|p1a: Shed shell7%?|Defog|p2a: Ferrothorn
|-unboost|p2a: Ferrothorn|evasion|1
|-sideend|p1: Highv0ltag3|Stealth Rock|[from] move: Defog|[of] p1a: Shed shell7%?
|
|upkeep
|turn|4
|
|t:|1657457524
|move|p1a: Shed shell7%?|Iron Defense|p1a: Shed shell7%?
|-boost|p1a: Shed shell7%?|def|2
|move|p2a: Ferrothorn|Knock Off|p1a: Shed shell7%?
|-damage|p1a: Shed shell7%?|94/100
|-enditem|p1a: Shed shell7%?|Shed Shell|[from] move: Knock Off|[of] p2a: Ferrothorn
|
|upkeep
|turn|5
|
|t:|1657457528
|switch|p2a: Decidueye|Decidueye, M|100/100
|move|p1a: Shed shell7%?|Body Press|p2a: Decidueye
|-immune|p2a: Decidueye
|
|upkeep
|turn|6
|
|t:|1657457548
|switch|p1a: Fuck tran|Toxapex, M|74/100
|move|p2a: Decidueye|U-turn|p1a: Fuck tran
|-resisted|p1a: Fuck tran
|-damage|p1a: Fuck tran|64/100
|c|☆Highv0ltag3|Pads?
|c|☆mister_ttar|no long reach
|inactive|mister_ttar has 120 seconds left.
|c|☆Highv0ltag3|Ah I see
|c|☆Highv0ltag3|Never heard of that
|c|☆Highv0ltag3|!DT long reach
|raw|<ul class="utilichart"><li class="result"><span class="col namecol"><a href="https://dex.pokemonshowdown.com/abilities/longreach">Long Reach</a></span> <span class="col abilitydesccol">This Pokemon's attacks do not make contact with the target.</span> </li><li style="clear:both"></li></ul>
|raw|<font size="1"><font color="#686868">Gen:</font> 7</font>

|j| jeanmilapipe
|c|☆Highv0ltag3|That's very cool
|
|t:|1657457596
|switch|p2a: Tyranitar|Tyranitar, F|100/100|[from]move: U-turn
|-weather|Sandstorm|[from] ability: Sand Stream|[of] p2a: Tyranitar
|
|-weather|Sandstorm|[upkeep]
|-damage|p1a: Fuck tran|57/100|[from] Sandstorm
|upkeep
|turn|7
|
|t:|1657457604
|switch|p1a: Dark resist|Tangrowth, M|100/100
|move|p2a: Tyranitar|Stone Edge|p1a: Dark resist
|-damage|p1a: Dark resist|55/100
|
|-weather|Sandstorm|[upkeep]
|-damage|p1a: Dark resist|49/100|[from] Sandstorm
|upkeep
|turn|8
|
|t:|1657457610
|switch|p2a: Ferrothorn|Ferrothorn, M|100/100
|switch|p1a: I'm also pink blob|Gastrodon, M|100/100
|
|-weather|Sandstorm|[upkeep]
|upkeep
|turn|9
|
|t:|1657457613
|switch|p1a: Shed shell7%?|Corviknight, M|94/100
|-ability|p1a: Shed shell7%?|Pressure
|move|p2a: Ferrothorn|Spikes|p1a: Shed shell7%?
|-sidestart|p1: Highv0ltag3|Spikes
|
|-weather|Sandstorm|[upkeep]
|upkeep
|turn|10
|
|t:|1657457618
|switch|p1a: Dark resist|Tangrowth, M|82/100
|-damage|p1a: Dark resist|70/100|[from] Spikes
|move|p2a: Ferrothorn|Leech Seed|p1a: Dark resist
|-immune|p1a: Dark resist
|
|-weather|none
|upkeep
|turn|11
|
|t:|1657457622
|switch|p1a: Shed shell7%?|Corviknight, M|94/100
|-ability|p1a: Shed shell7%?|Pressure
|move|p2a: Ferrothorn|Spikes|p1a: Shed shell7%?
|-sidestart|p1: Highv0ltag3|Spikes
|
|upkeep
|turn|12
|
|t:|1657457624
|move|p1a: Shed shell7%?|Defog|p2a: Ferrothorn
|-unboost|p2a: Ferrothorn|evasion|1
|-sideend|p1: Highv0ltag3|Spikes|[from] move: Defog|[of] p1a: Shed shell7%?
|move|p2a: Ferrothorn|Leech Seed|p1a: Shed shell7%?
|-start|p1a: Shed shell7%?|move: Leech Seed
|
|-damage|p1a: Shed shell7%?|81/100|[from] Leech Seed|[of] p2a: Ferrothorn
|upkeep
|turn|13
|
|t:|1657457632
|switch|p1a: Dark resist|Tangrowth, M|100/100
|switch|p2a: Tapu Koko|Tapu Koko|100/100
|-fieldstart|move: Electric Terrain|[from] ability: Electric Surge|[of] p2a: Tapu Koko
|
|upkeep
|turn|14
|
|t:|1657457635
|move|p2a: Tapu Koko|U-turn|p1a: Dark resist
|-supereffective|p1a: Dark resist
|-damage|p1a: Dark resist|83/100
|
|t:|1657457640
|switch|p2a: Ferrothorn|Ferrothorn, M|100/100|[from]move: U-turn
|move|p1a: Dark resist|Knock Off|p2a: Ferrothorn
|-damage|p2a: Ferrothorn|86/100
|-damage|p1a: Dark resist|71/100|[from] ability: Iron Barbs|[of] p2a: Ferrothorn
|-enditem|p2a: Ferrothorn|Leftovers|[from] move: Knock Off|[of] p1a: Dark resist
|
|upkeep
|turn|15
|
|t:|1657457644
|move|p1a: Dark resist|Focus Blast|p2a: Ferrothorn|[miss]
|-miss|p1a: Dark resist|p2a: Ferrothorn
|move|p2a: Ferrothorn|Spikes|p1a: Dark resist
|-sidestart|p1: Highv0ltag3|Spikes
|
|upkeep
|turn|16
|
|t:|1657457652
|switch|p2a: Tapu Koko|Tapu Koko|100/100
|move|p1a: Dark resist|Toxic|p2a: Tapu Koko
|-status|p2a: Tapu Koko|tox
|
|-damage|p2a: Tapu Koko|94/100 tox|[from] psn
|upkeep
|turn|17
|
|t:|1657457654
|move|p2a: Tapu Koko|U-turn|p1a: Dark resist
|-supereffective|p1a: Dark resist
|-damage|p1a: Dark resist|53/100
|
|t:|1657457658
|switch|p2a: Ferrothorn|Ferrothorn, M|86/100|[from]move: U-turn
|move|p1a: Dark resist|Knock Off|p2a: Ferrothorn
|-damage|p2a: Ferrothorn|77/100
|-damage|p1a: Dark resist|41/100|[from] ability: Iron Barbs|[of] p2a: Ferrothorn
|
|-fieldend|move: Electric Terrain
|upkeep
|turn|18
|
|t:|1657457663
|switch|p1a: Shed shell7%?|Corviknight, M|81/100
|-ability|p1a: Shed shell7%?|Pressure
|switch|p2a: Tyranitar|Tyranitar, F|100/100
|-weather|Sandstorm|[from] ability: Sand Stream|[of] p2a: Tyranitar
|
|-weather|Sandstorm|[upkeep]
|upkeep
|turn|19
|
|t:|1657457668
|switch|p2a: Slowbro|Slowbro, M|100/100
|move|p1a: Shed shell7%?|Roost|p1a: Shed shell7%?
|-heal|p1a: Shed shell7%?|100/100
|-singleturn|p1a: Shed shell7%?|move: Roost
|
|-weather|Sandstorm|[upkeep]
|-damage|p2a: Slowbro|94/100|[from] Sandstorm
|upkeep
|turn|20
|
|t:|1657457670
|move|p1a: Shed shell7%?|Defog|p2a: Slowbro
|-unboost|p2a: Slowbro|evasion|1
|-sideend|p1: Highv0ltag3|Spikes|[from] move: Defog|[of] p1a: Shed shell7%?
|move|p2a: Slowbro|Scald|p1a: Shed shell7%?
|-damage|p1a: Shed shell7%?|73/100
|
|-weather|Sandstorm|[upkeep]
|-damage|p2a: Slowbro|88/100|[from] Sandstorm
|upkeep
|turn|21
|
|t:|1657457673
|switch|p1a: I'm also pink blob|Gastrodon, M|100/100
|move|p2a: Slowbro|Future Sight|p1a: I'm also pink blob
|-start|p2a: Slowbro|move: Future Sight
|
|-weather|Sandstorm|[upkeep]
|-damage|p2a: Slowbro|82/100|[from] Sandstorm
|upkeep
|turn|22
|
|t:|1657457680
|switch|p1a: Lele broken man|Jirachi|100/100
|move|p2a: Slowbro|Teleport|p2a: Slowbro
|
|t:|1657457684
|switch|p2a: Decidueye|Decidueye, M|100/100|[from]move: Teleport
|
|-weather|none
|upkeep
|turn|23
|
|t:|1657457690
|move|p1a: Lele broken man|Protect|p1a: Lele broken man
|-singleturn|p1a: Lele broken man|Protect
|move|p2a: Decidueye|U-turn|p1a: Lele broken man
|-activate|p1a: Lele broken man|move: Protect
|
|-end|p1a: Lele broken man|move: Future Sight
|-resisted|p1a: Lele broken man
|-damage|p1a: Lele broken man|94/100
|-heal|p1a: Lele broken man|99/100|[from] item: Leftovers
|upkeep
|turn|24
|
|t:|1657457694
|switch|p1a: Fuck tran|Toxapex, M|91/100
|move|p2a: Decidueye|U-turn|p1a: Fuck tran
|-resisted|p1a: Fuck tran
|-damage|p1a: Fuck tran|80/100
|
|t:|1657457698
|switch|p2a: Ferrothorn|Ferrothorn, M|77/100|[from]move: U-turn
|
|upkeep
|turn|25
|
|t:|1657457701
|move|p1a: Fuck tran|Scald|p2a: Ferrothorn
|-resisted|p2a: Ferrothorn
|-damage|p2a: Ferrothorn|71/100
|move|p2a: Ferrothorn|Spikes|p1a: Fuck tran
|-sidestart|p1: Highv0ltag3|Spikes
|
|upkeep
|turn|26
|
|t:|1657457709
|switch|p2a: Decidueye|Decidueye, M|100/100
|move|p1a: Fuck tran|Scald|p2a: Decidueye
|-resisted|p2a: Decidueye
|-damage|p2a: Decidueye|92/100
|
|upkeep
|turn|27
|
|t:|1657457713
|move|p2a: Decidueye|Poltergeist|p1a: Fuck tran
|-activate|p1a: Fuck tran|move: Poltergeist|Rocky Helmet
|-damage|p1a: Fuck tran|32/100
|move|p1a: Fuck tran|Toxic Spikes|p2a: Decidueye
|-sidestart|p2: mister_ttar|move: Toxic Spikes
|
|upkeep
|turn|28
|
|t:|1657457724
|switch|p2a: Landorus|Landorus-Therian, M|88/100 tox
|-ability|p2a: Landorus|Intimidate|boost
|-unboost|p1a: Fuck tran|atk|1
|switch|p1a: Dark resist|Tangrowth, M|74/100
|-damage|p1a: Dark resist|62/100|[from] Spikes
|
|-heal|p2a: Landorus|94/100 tox|[from] item: Leftovers
|-damage|p2a: Landorus|88/100 tox|[from] psn
|upkeep
|turn|29
|
|t:|1657457728
|switch|p1a: Shed shell7%?|Corviknight, M|73/100
|-ability|p1a: Shed shell7%?|Pressure
|move|p2a: Landorus|U-turn|p1a: Shed shell7%?
|-resisted|p1a: Shed shell7%?
|-damage|p1a: Shed shell7%?|70/100
|
|t:|1657457732
|switch|p2a: Tapu Koko|Tapu Koko|94/100 tox|[from]move: U-turn
|-fieldstart|move: Electric Terrain|[from] ability: Electric Surge|[of] p2a: Tapu Koko
|
|-damage|p2a: Tapu Koko|88/100 tox|[from] psn
|upkeep
|turn|30
|
|t:|1657457735
|switch|p1a: Fuck taunt|Blissey, F|100/100
|move|p2a: Tapu Koko|Thunderbolt|p1a: Fuck taunt
|-damage|p1a: Fuck taunt|84/100
|
|-damage|p2a: Tapu Koko|76/100 tox|[from] psn
|upkeep
|turn|31
|
|t:|1657457738
|move|p2a: Tapu Koko|U-turn|p1a: Fuck taunt
|-damage|p1a: Fuck taunt|70/100
|
|t:|1657457741
|switch|p2a: Landorus|Landorus-Therian, M|88/100 tox|[from]move: U-turn
|-ability|p2a: Landorus|Intimidate|boost
|-unboost|p1a: Fuck taunt|atk|1
|move|p1a: Fuck taunt|Stealth Rock|p2a: Landorus
|-sidestart|p2: mister_ttar|move: Stealth Rock
|
|-heal|p2a: Landorus|94/100 tox|[from] item: Leftovers
|-damage|p2a: Landorus|88/100 tox|[from] psn
|upkeep
|turn|32
|
|t:|1657457744
|switch|p1a: Shed shell7%?|Corviknight, M|70/100
|-ability|p1a: Shed shell7%?|Pressure
|move|p2a: Landorus|Stealth Rock|p1a: Shed shell7%?
|-sidestart|p1: Highv0ltag3|move: Stealth Rock
|
|-heal|p2a: Landorus|94/100 tox|[from] item: Leftovers
|-damage|p2a: Landorus|82/100 tox|[from] psn
|upkeep
|turn|33
|
|t:|1657457748
|move|p2a: Landorus|U-turn|p1a: Shed shell7%?
|-resisted|p1a: Shed shell7%?
|-damage|p1a: Shed shell7%?|66/100
|
|t:|1657457752
|switch|p2a: Tapu Koko|Tapu Koko|76/100 tox|[from]move: U-turn
|move|p1a: Shed shell7%?|Defog|p2a: Tapu Koko
|-unboost|p2a: Tapu Koko|evasion|1
|-sideend|p2: mister_ttar|Toxic Spikes|[from] move: Defog|[of] p1a: Shed shell7%?
|-sideend|p2: mister_ttar|Stealth Rock|[from] move: Defog|[of] p1a: Shed shell7%?
|-sideend|p1: Highv0ltag3|Spikes|[from] move: Defog|[of] p1a: Shed shell7%?
|-sideend|p1: Highv0ltag3|Stealth Rock|[from] move: Defog|[of] p1a: Shed shell7%?
|-fieldend|move: Electric Terrain
|
|-damage|p2a: Tapu Koko|70/100 tox|[from] psn
|upkeep
|turn|34
|
|t:|1657457758
|switch|p1a: I'm also pink blob|Gastrodon, M|100/100
|move|p2a: Tapu Koko|U-turn|p1a: I'm also pink blob
|-damage|p1a: I'm also pink blob|83/100
|
|t:|1657457761
|switch|p2a: Ferrothorn|Ferrothorn, M|71/100|[from]move: U-turn
|
|-heal|p1a: I'm also pink blob|89/100|[from] item: Leftovers
|upkeep
|turn|35
|
|t:|1657457764
|switch|p1a: Shed shell7%?|Corviknight, M|66/100
|-ability|p1a: Shed shell7%?|Pressure
|move|p2a: Ferrothorn|Spikes|p1a: Shed shell7%?
|-sidestart|p1: Highv0ltag3|Spikes
|
|upkeep
|turn|36
|
|t:|1657457770
|switch|p2a: Decidueye|Decidueye, M|92/100
|move|p1a: Shed shell7%?|Defog|p2a: Decidueye
|-unboost|p2a: Decidueye|evasion|1
|-sideend|p1: Highv0ltag3|Spikes|[from] move: Defog|[of] p1a: Shed shell7%?
|
|upkeep
|turn|37
|
|t:|1657457774
|move|p2a: Decidueye|Poltergeist||[still]
|-fail|p2a: Decidueye
|move|p1a: Shed shell7%?|Roost|p1a: Shed shell7%?
|-heal|p1a: Shed shell7%?|100/100
|-singleturn|p1a: Shed shell7%?|move: Roost
|
|upkeep
|turn|38
|
|t:|1657457782
|switch|p2a: Tapu Koko|Tapu Koko|70/100 tox
|-fieldstart|move: Electric Terrain|[from] ability: Electric Surge|[of] p2a: Tapu Koko
|switch|p1a: Fuck taunt|Blissey, F|70/100
|
|-damage|p2a: Tapu Koko|64/100 tox|[from] psn
|upkeep
|turn|39
|
|t:|1657457785
|move|p2a: Tapu Koko|Roost|p2a: Tapu Koko
|-heal|p2a: Tapu Koko|100/100 tox
|-singleturn|p2a: Tapu Koko|move: Roost
|move|p1a: Fuck taunt|Stealth Rock|p2a: Tapu Koko
|-sidestart|p2: mister_ttar|move: Stealth Rock
|
|-damage|p2a: Tapu Koko|88/100 tox|[from] psn
|upkeep
|turn|40
|
|t:|1657457788
|move|p2a: Tapu Koko|U-turn|p1a: Fuck taunt
|-damage|p1a: Fuck taunt|55/100
|
|t:|1657457791
|switch|p2a: Landorus|Landorus-Therian, M|82/100 tox|[from]move: U-turn
|-damage|p2a: Landorus|70/100 tox|[from] Stealth Rock
|-ability|p2a: Landorus|Intimidate|boost
|-unboost|p1a: Fuck taunt|atk|1
|move|p1a: Fuck taunt|Soft-Boiled|p1a: Fuck taunt
|-heal|p1a: Fuck taunt|100/100
|
|-heal|p2a: Landorus|76/100 tox|[from] item: Leftovers
|-damage|p2a: Landorus|70/100 tox|[from] psn
|upkeep
|turn|41
|
|t:|1657457793
|switch|p1a: Shed shell7%?|Corviknight, M|100/100
|-ability|p1a: Shed shell7%?|Pressure
|move|p2a: Landorus|Stealth Rock|p1a: Shed shell7%?
|-sidestart|p1: Highv0ltag3|move: Stealth Rock
|
|-heal|p2a: Landorus|76/100 tox|[from] item: Leftovers
|-damage|p2a: Landorus|64/100 tox|[from] psn
|upkeep
|turn|42
|
|t:|1657457797
|switch|p2a: Slowbro|Slowbro, M|100/100
|move|p1a: Shed shell7%?|Defog|p2a: Slowbro
|-unboost|p2a: Slowbro|evasion|1
|-sideend|p2: mister_ttar|Stealth Rock|[from] move: Defog|[of] p1a: Shed shell7%?
|-sideend|p1: Highv0ltag3|Stealth Rock|[from] move: Defog|[of] p1a: Shed shell7%?
|-fieldend|move: Electric Terrain
|
|upkeep
|turn|43
|
|t:|1657457801
|switch|p1a: Lele broken man|Jirachi|99/100
|move|p2a: Slowbro|Future Sight|p1a: Lele broken man
|-start|p2a: Slowbro|move: Future Sight
|
|-heal|p1a: Lele broken man|100/100|[from] item: Leftovers
|upkeep
|turn|44
|
|t:|1657457805
|move|p1a: Lele broken man|Wish|p1a: Lele broken man
|move|p2a: Slowbro|Teleport|p2a: Slowbro
|
|t:|1657457808
|switch|p2a: Tyranitar|Tyranitar, F|100/100|[from]move: Teleport
|-weather|Sandstorm|[from] ability: Sand Stream|[of] p2a: Tyranitar
|
|-weather|Sandstorm|[upkeep]
|upkeep
|turn|45
|
|t:|1657457817
|move|p1a: Lele broken man|Protect|p1a: Lele broken man
|-singleturn|p1a: Lele broken man|Protect
|move|p2a: Tyranitar|Crunch|p1a: Lele broken man
|-activate|p1a: Lele broken man|move: Protect
|
|-weather|Sandstorm|[upkeep]
|-end|p1a: Lele broken man|move: Future Sight
|-resisted|p1a: Lele broken man
|-damage|p1a: Lele broken man|95/100
|-heal|p1a: Lele broken man|100/100|[from] move: Wish|[wisher] Lele broken man
|upkeep
|turn|46
|
|t:|1657457823
|switch|p1a: Dark resist|Tangrowth, M|95/100
|move|p2a: Tyranitar|Crunch|p1a: Dark resist
|-damage|p1a: Dark resist|62/100
|
|-weather|Sandstorm|[upkeep]
|-damage|p1a: Dark resist|55/100|[from] Sandstorm
|upkeep
|turn|47
|
|t:|1657457829
|switch|p2a: Ferrothorn|Ferrothorn, M|71/100
|move|p1a: Dark resist|Knock Off|p2a: Ferrothorn
|-damage|p2a: Ferrothorn|62/100
|-damage|p1a: Dark resist|43/100|[from] ability: Iron Barbs|[of] p2a: Ferrothorn
|
|-weather|Sandstorm|[upkeep]
|-damage|p1a: Dark resist|37/100|[from] Sandstorm
|upkeep
|turn|48
|
|t:|1657457833
|switch|p2a: Slowbro|Slowbro, M|100/100
|move|p1a: Dark resist|Focus Blast|p2a: Slowbro
|-resisted|p2a: Slowbro
|-damage|p2a: Slowbro|85/100
|
|-weather|none
|upkeep
|turn|49
|
|t:|1657457836
|switch|p1a: Lele broken man|Jirachi|100/100
|switch|p2a: Decidueye|Decidueye, M|92/100
|
|upkeep
|turn|50
|
|t:|1657457840
|switch|p1a: Shed shell7%?|Corviknight, M|100/100
|-ability|p1a: Shed shell7%?|Pressure
|move|p2a: Decidueye|U-turn|p1a: Shed shell7%?
|-resisted|p1a: Shed shell7%?
|-damage|p1a: Shed shell7%?|95/100
|
|t:|1657457844
|switch|p2a: Slowbro|Slowbro, M|100/100|[from]move: U-turn
|
|upkeep
|turn|51
|
|t:|1657457848
|switch|p1a: I'm also pink blob|Gastrodon, M|89/100
|move|p2a: Slowbro|Future Sight|p1a: I'm also pink blob
|-start|p2a: Slowbro|move: Future Sight
|
|-heal|p1a: I'm also pink blob|95/100|[from] item: Leftovers
|upkeep
|turn|52
|
|t:|1657457853
|switch|p1a: Lele broken man|Jirachi|100/100
|move|p2a: Slowbro|Teleport|p2a: Slowbro
|
|t:|1657457859
|switch|p2a: Tyranitar|Tyranitar, F|100/100|[from]move: Teleport
|-weather|Sandstorm|[from] ability: Sand Stream|[of] p2a: Tyranitar
|
|-weather|Sandstorm|[upkeep]
|upkeep
|turn|53
|
|t:|1657457861
|move|p1a: Lele broken man|Protect|p1a: Lele broken man
|-singleturn|p1a: Lele broken man|Protect
|move|p2a: Tyranitar|Crunch|p1a: Lele broken man
|-activate|p1a: Lele broken man|move: Protect
|
|-weather|Sandstorm|[upkeep]
|-end|p1a: Lele broken man|move: Future Sight
|-resisted|p1a: Lele broken man
|-damage|p1a: Lele broken man|94/100
|-heal|p1a: Lele broken man|100/100|[from] item: Leftovers
|upkeep
|turn|54
|
|t:|1657457870
|switch|p1a: Dark resist|Tangrowth, M|70/100
|move|p2a: Tyranitar|Crunch|p1a: Dark resist
|-crit|p1a: Dark resist
|-damage|p1a: Dark resist|20/100
|
|-weather|Sandstorm|[upkeep]
|-damage|p1a: Dark resist|13/100|[from] Sandstorm
|upkeep
|turn|55
|
|t:|1657457875
|switch|p1a: Fuck tran|Toxapex, M|65/100
|move|p2a: Tyranitar|Crunch|p1a: Fuck tran
|-damage|p1a: Fuck tran|24/100
|-unboost|p1a: Fuck tran|def|1
|-damage|p2a: Tyranitar|84/100|[from] item: Rocky Helmet|[of] p1a: Fuck tran
|
|-weather|Sandstorm|[upkeep]
|-damage|p1a: Fuck tran|17/100|[from] Sandstorm
|upkeep
|turn|56
|
|t:|1657457879
|switch|p1a: Shed shell7%?|Corviknight, M|95/100
|-ability|p1a: Shed shell7%?|Pressure
|move|p2a: Tyranitar|Crunch|p1a: Shed shell7%?
|-damage|p1a: Shed shell7%?|50/100
|
|-weather|none
|upkeep
|turn|57
|
|t:|1657457885
|switch|p2a: Slowbro|Slowbro, M|100/100
|move|p1a: Shed shell7%?|Body Press|p2a: Slowbro
|-resisted|p2a: Slowbro
|-damage|p2a: Slowbro|92/100
|
|upkeep
|turn|58
|
|t:|1657457887
|move|p1a: Shed shell7%?|Roost|p1a: Shed shell7%?
|-heal|p1a: Shed shell7%?|100/100
|-singleturn|p1a: Shed shell7%?|move: Roost
|move|p2a: Slowbro|Future Sight|p1a: Shed shell7%?
|-start|p2a: Slowbro|move: Future Sight
|
|upkeep
|turn|59
|
|t:|1657457892
|switch|p1a: Lele broken man|Jirachi|100/100
|move|p2a: Slowbro|Teleport|p2a: Slowbro
|
|t:|1657457895
|switch|p2a: Tyranitar|Tyranitar, F|84/100|[from]move: Teleport
|-weather|Sandstorm|[from] ability: Sand Stream|[of] p2a: Tyranitar
|
|-weather|Sandstorm|[upkeep]
|upkeep
|turn|60
|
|t:|1657457899
|move|p1a: Lele broken man|Protect|p1a: Lele broken man
|-singleturn|p1a: Lele broken man|Protect
|move|p2a: Tyranitar|Crunch|p1a: Lele broken man
|-activate|p1a: Lele broken man|move: Protect
|
|-weather|Sandstorm|[upkeep]
|-end|p1a: Lele broken man|move: Future Sight
|-resisted|p1a: Lele broken man
|-damage|p1a: Lele broken man|94/100
|-heal|p1a: Lele broken man|99/100|[from] item: Leftovers
|upkeep
|turn|61
|
|t:|1657457907
|switch|p1a: Shed shell7%?|Corviknight, M|100/100
|-ability|p1a: Shed shell7%?|Pressure
|move|p2a: Tyranitar|Crunch|p1a: Shed shell7%?
|-damage|p1a: Shed shell7%?|58/100
|-unboost|p1a: Shed shell7%?|def|1
|
|-weather|Sandstorm|[upkeep]
|upkeep
|turn|62
|
|t:|1657457912
|switch|p1a: Fuck tran|Toxapex, M|50/100
|move|p2a: Tyranitar|Crunch|p1a: Fuck tran
|-damage|p1a: Fuck tran|12/100
|-damage|p2a: Tyranitar|68/100|[from] item: Rocky Helmet|[of] p1a: Fuck tran
|
|-weather|Sandstorm|[upkeep]
|-damage|p1a: Fuck tran|5/100|[from] Sandstorm
|upkeep
|turn|63
|
|t:|1657457922
|switch|p1a: Dark resist|Tangrowth, M|47/100
|move|p2a: Tyranitar|Crunch|p1a: Dark resist
|-damage|p1a: Dark resist|11/100
|
|-weather|none
|upkeep
|turn|64
|
|t:|1657457932
|switch|p1a: I'm also pink blob|Gastrodon, M|95/100
|move|p2a: Tyranitar|Crunch|p1a: I'm also pink blob
|-damage|p1a: I'm also pink blob|16/100
|
|-heal|p1a: I'm also pink blob|23/100|[from] item: Leftovers
|upkeep
|turn|65
|
|t:|1657457935
|move|p2a: Tyranitar|Crunch|p1a: I'm also pink blob
|-damage|p1a: I'm also pink blob|0 fnt
|faint|p1a: I'm also pink blob
|
|upkeep
|
|t:|1657457940
|switch|p1a: Shed shell7%?|Corviknight, M|58/100
|-ability|p1a: Shed shell7%?|Pressure
|turn|66
|
|t:|1657457944
|switch|p2a: Slowbro|Slowbro, M|100/100
|move|p1a: Shed shell7%?|Roost|p1a: Shed shell7%?
|-heal|p1a: Shed shell7%?|100/100
|-singleturn|p1a: Shed shell7%?|move: Roost
|
|upkeep
|turn|67
|
|t:|1657457947
|switch|p1a: Lele broken man|Jirachi|99/100
|move|p2a: Slowbro|Future Sight|p1a: Lele broken man
|-start|p2a: Slowbro|move: Future Sight
|
|-heal|p1a: Lele broken man|100/100|[from] item: Leftovers
|upkeep
|turn|68
|
|t:|1657457952
|move|p1a: Lele broken man|Wish|p1a: Lele broken man
|move|p2a: Slowbro|Scald|p1a: Lele broken man
|-damage|p1a: Lele broken man|84/100
|
|-heal|p1a: Lele broken man|90/100|[from] item: Leftovers
|upkeep
|turn|69
|
|t:|1657457959
|move|p1a: Lele broken man|Iron Head|p2a: Slowbro
|-resisted|p2a: Slowbro
|-damage|p2a: Slowbro|93/100
|move|p2a: Slowbro|Scald|p1a: Lele broken man
|-damage|p1a: Lele broken man|73/100
|-status|p1a: Lele broken man|brn
|
|-end|p1a: Lele broken man|move: Future Sight
|-resisted|p1a: Lele broken man
|-damage|p1a: Lele broken man|66/100 brn
|-heal|p1a: Lele broken man|100/100 brn|[from] move: Wish|[wisher] Lele broken man
|-damage|p1a: Lele broken man|94/100 brn|[from] brn
|upkeep
|turn|70
|
|t:|1657457962
|move|p1a: Lele broken man|Iron Head|p2a: Slowbro
|-resisted|p2a: Slowbro
|-damage|p2a: Slowbro|89/100
|move|p2a: Slowbro|Teleport|p2a: Slowbro
|
|t:|1657457971
|switch|p2a: Landorus|Landorus-Therian, M|64/100 tox|[from]move: Teleport
|-ability|p2a: Landorus|Intimidate|boost
|-unboost|p1a: Lele broken man|atk|1
|
|-heal|p1a: Lele broken man|100/100 brn|[from] item: Leftovers
|-heal|p2a: Landorus|70/100 tox|[from] item: Leftovers
|-damage|p2a: Landorus|64/100 tox|[from] psn
|-damage|p1a: Lele broken man|94/100 brn|[from] brn
|upkeep
|turn|71
|
|t:|1657457974
|switch|p1a: Shed shell7%?|Corviknight, M|100/100
|-ability|p1a: Shed shell7%?|Pressure
|move|p2a: Landorus|Stealth Rock|p1a: Shed shell7%?
|-sidestart|p1: Highv0ltag3|move: Stealth Rock
|
|-heal|p2a: Landorus|70/100 tox|[from] item: Leftovers
|-damage|p2a: Landorus|58/100 tox|[from] psn
|upkeep
|turn|72
|
|t:|1657457977
|switch|p2a: Slowbro|Slowbro, M|100/100
|move|p1a: Shed shell7%?|Defog|p2a: Slowbro
|-unboost|p2a: Slowbro|evasion|1
|-sideend|p1: Highv0ltag3|Stealth Rock|[from] move: Defog|[of] p1a: Shed shell7%?
|
|upkeep
|turn|73
|
|t:|1657457983
|switch|p1a: Lele broken man|Jirachi|94/100 brn
|move|p2a: Slowbro|Future Sight|p1a: Lele broken man
|-start|p2a: Slowbro|move: Future Sight
|
|-heal|p1a: Lele broken man|100/100 brn|[from] item: Leftovers
|-damage|p1a: Lele broken man|94/100 brn|[from] brn
|upkeep
|turn|74
|
|t:|1657457986
|move|p1a: Lele broken man|Wish|p1a: Lele broken man
|move|p2a: Slowbro|Teleport|p2a: Slowbro
|
|t:|1657457992
|switch|p2a: Decidueye|Decidueye, M|92/100|[from]move: Teleport
|
|-heal|p1a: Lele broken man|100/100 brn|[from] item: Leftovers
|-damage|p1a: Lele broken man|94/100 brn|[from] brn
|upkeep
|turn|75
|
|t:|1657457999
|move|p1a: Lele broken man|Protect|p1a: Lele broken man
|-singleturn|p1a: Lele broken man|Protect
|move|p2a: Decidueye|U-turn|p1a: Lele broken man
|-activate|p1a: Lele broken man|move: Protect
|
|-end|p1a: Lele broken man|move: Future Sight
|-resisted|p1a: Lele broken man
|-damage|p1a: Lele broken man|88/100 brn
|-heal|p1a: Lele broken man|100/100 brn|[from] move: Wish|[wisher] Lele broken man
|-damage|p1a: Lele broken man|94/100 brn|[from] brn
|upkeep
|turn|76
|
|t:|1657458003
|switch|p1a: Fuck tran|Toxapex, M|39/100
|move|p2a: Decidueye|U-turn|p1a: Fuck tran
|-resisted|p1a: Fuck tran
|-damage|p1a: Fuck tran|29/100
|j| yoppie
|
|t:|1657458010
|switch|p2a: Slowbro|Slowbro, M|100/100|[from]move: U-turn
|
|upkeep
|turn|77
|
|t:|1657458015
|switch|p1a: Lele broken man|Jirachi|94/100 brn
|move|p2a: Slowbro|Future Sight|p1a: Lele broken man
|-start|p2a: Slowbro|move: Future Sight
|
|-heal|p1a: Lele broken man|100/100 brn|[from] item: Leftovers
|-damage|p1a: Lele broken man|94/100 brn|[from] brn
|upkeep
|turn|78
|
|t:|1657458019
|move|p1a: Lele broken man|Wish|p1a: Lele broken man
|move|p2a: Slowbro|Teleport|p2a: Slowbro
|
|t:|1657458021
|switch|p2a: Tyranitar|Tyranitar, F|68/100|[from]move: Teleport
|-weather|Sandstorm|[from] ability: Sand Stream|[of] p2a: Tyranitar
|
|-weather|Sandstorm|[upkeep]
|-heal|p1a: Lele broken man|100/100 brn|[from] item: Leftovers
|-damage|p1a: Lele broken man|94/100 brn|[from] brn
|upkeep
|turn|79
|
|t:|1657458025
|switch|p1a: Shed shell7%?|Corviknight, M|100/100
|-ability|p1a: Shed shell7%?|Pressure
|move|p2a: Tyranitar|Crunch|p1a: Shed shell7%?
|-damage|p1a: Shed shell7%?|59/100
|
|-weather|Sandstorm|[upkeep]
|-end|p1a: Shed shell7%?|move: Future Sight
|-resisted|p1a: Shed shell7%?
|-damage|p1a: Shed shell7%?|37/100
|-heal|p1a: Shed shell7%?|88/100|[from] move: Wish|[wisher] Lele broken man
|upkeep
|turn|80
|
|t:|1657458044
|switch|p2a: Tapu Koko|Tapu Koko|88/100 tox
|-fieldstart|move: Electric Terrain|[from] ability: Electric Surge|[of] p2a: Tapu Koko
|move|p1a: Shed shell7%?|Roost|p1a: Shed shell7%?
|-heal|p1a: Shed shell7%?|100/100
|-singleturn|p1a: Shed shell7%?|move: Roost
|
|-weather|Sandstorm|[upkeep]
|-damage|p2a: Tapu Koko|82/100 tox|[from] Sandstorm
|-damage|p2a: Tapu Koko|76/100 tox|[from] psn
|upkeep
|turn|81
|
|t:|1657458055
|switch|p1a: Lele broken man|Jirachi|94/100 brn
|move|p2a: Tapu Koko|U-turn|p1a: Lele broken man
|-damage|p1a: Lele broken man|81/100 brn
|
|t:|1657458062
|switch|p2a: Ferrothorn|Ferrothorn, M|62/100|[from]move: U-turn
|
|-weather|Sandstorm|[upkeep]
|-heal|p1a: Lele broken man|88/100 brn|[from] item: Leftovers
|-damage|p1a: Lele broken man|81/100 brn|[from] brn
|upkeep
|turn|82
|
|t:|1657458066
|switch|p1a: Shed shell7%?|Corviknight, M|100/100
|-ability|p1a: Shed shell7%?|Pressure
|move|p2a: Ferrothorn|Spikes|p1a: Shed shell7%?
|-sidestart|p1: Highv0ltag3|Spikes
|
|-weather|none
|upkeep
|turn|83
|
|t:|1657458074
|move|p1a: Shed shell7%?|Defog|p2a: Ferrothorn
|-unboost|p2a: Ferrothorn|evasion|1
|-sideend|p1: Highv0ltag3|Spikes|[from] move: Defog|[of] p1a: Shed shell7%?
|-fieldend|move: Electric Terrain
|move|p2a: Ferrothorn|Leech Seed|p1a: Shed shell7%?|[miss]
|-miss|p2a: Ferrothorn|p1a: Shed shell7%?
|
|upkeep
|turn|84
|
|t:|1657458080
|switch|p2a: Slowbro|Slowbro, M|100/100
|move|p1a: Shed shell7%?|Body Press|p2a: Slowbro
|-resisted|p2a: Slowbro
|-damage|p2a: Slowbro|93/100
|
|upkeep
|turn|85
|
|t:|1657458084
|switch|p1a: Dark resist|Tangrowth, M|44/100
|move|p2a: Slowbro|Future Sight|p1a: Dark resist
|-start|p2a: Slowbro|move: Future Sight
|
|upkeep
|turn|86
|
|t:|1657458091
|switch|p1a: Lele broken man|Jirachi|81/100 brn
|move|p2a: Slowbro|Teleport|p2a: Slowbro
|
|t:|1657458106
|switch|p2a: Tyranitar|Tyranitar, F|68/100|[from]move: Teleport
|-weather|Sandstorm|[from] ability: Sand Stream|[of] p2a: Tyranitar
|
|-weather|Sandstorm|[upkeep]
|-heal|p1a: Lele broken man|88/100 brn|[from] item: Leftovers
|-damage|p1a: Lele broken man|81/100 brn|[from] brn
|upkeep
|turn|87
|
|t:|1657458113
|move|p1a: Lele broken man|Protect|p1a: Lele broken man
|-singleturn|p1a: Lele broken man|Protect
|move|p2a: Tyranitar|Crunch|p1a: Lele broken man
|-activate|p1a: Lele broken man|move: Protect
|
|-weather|Sandstorm|[upkeep]
|-end|p1a: Lele broken man|move: Future Sight
|-resisted|p1a: Lele broken man
|-damage|p1a: Lele broken man|75/100 brn
|-heal|p1a: Lele broken man|81/100 brn|[from] item: Leftovers
|-damage|p1a: Lele broken man|75/100 brn|[from] brn
|upkeep
|turn|88
|
|t:|1657458119
|switch|p1a: Shed shell7%?|Corviknight, M|100/100
|-ability|p1a: Shed shell7%?|Pressure
|switch|p2a: Ferrothorn|Ferrothorn, M|62/100
|
|-weather|Sandstorm|[upkeep]
|upkeep
|turn|89
|
|t:|1657458124
|move|p1a: Shed shell7%?|Body Press|p2a: Ferrothorn
|-supereffective|p2a: Ferrothorn
|-damage|p2a: Ferrothorn|29/100
|-damage|p1a: Shed shell7%?|88/100|[from] ability: Iron Barbs|[of] p2a: Ferrothorn
|move|p2a: Ferrothorn|Spikes|p1a: Shed shell7%?
|-sidestart|p1: Highv0ltag3|Spikes
|
|-weather|Sandstorm|[upkeep]
|upkeep
|turn|90
|
|t:|1657458128
|switch|p2a: Slowbro|Slowbro, M|100/100
|move|p1a: Shed shell7%?|Body Press|p2a: Slowbro
|-resisted|p2a: Slowbro
|-damage|p2a: Slowbro|93/100
|
|-weather|none
|upkeep
|turn|91
|
|t:|1657458134
|move|p1a: Shed shell7%?|Defog|p2a: Slowbro
|-unboost|p2a: Slowbro|evasion|1
|-sideend|p1: Highv0ltag3|Spikes|[from] move: Defog|[of] p1a: Shed shell7%?
|move|p2a: Slowbro|Scald|p1a: Shed shell7%?
|-damage|p1a: Shed shell7%?|62/100
|
|upkeep
|turn|92
|
|t:|1657458140
|move|p1a: Shed shell7%?|Roost|p1a: Shed shell7%?
|-heal|p1a: Shed shell7%?|100/100
|-singleturn|p1a: Shed shell7%?|move: Roost
|move|p2a: Slowbro|Scald|p1a: Shed shell7%?
|-damage|p1a: Shed shell7%?|75/100
|
|upkeep
|turn|93
|
|t:|1657458149
|switch|p1a: Fuck taunt|Blissey, F|100/100
|move|p2a: Slowbro|Scald|p1a: Fuck taunt
|-damage|p1a: Fuck taunt|90/100
|
|upkeep
|turn|94
|
|t:|1657458153
|switch|p2a: Landorus|Landorus-Therian, M|58/100 tox
|-ability|p2a: Landorus|Intimidate|boost
|-unboost|p1a: Fuck taunt|atk|1
|move|p1a: Fuck taunt|Heal Bell|p1a: Fuck taunt
|-activate|p1a: Fuck taunt|move: Heal Bell
|-curestatus|p1: Lele broken man|brn|[msg]
|
|-heal|p2a: Landorus|64/100 tox|[from] item: Leftovers
|-damage|p2a: Landorus|58/100 tox|[from] psn
|upkeep
|turn|95
|
|t:|1657458156
|switch|p1a: Shed shell7%?|Corviknight, M|75/100
|-ability|p1a: Shed shell7%?|Pressure
|move|p2a: Landorus|Stealth Rock|p1a: Shed shell7%?
|-sidestart|p1: Highv0ltag3|move: Stealth Rock
|
|-heal|p2a: Landorus|64/100 tox|[from] item: Leftovers
|-damage|p2a: Landorus|52/100 tox|[from] psn
|upkeep
|turn|96
|
|t:|1657458167
|move|p2a: Landorus|U-turn|p1a: Shed shell7%?
|-resisted|p1a: Shed shell7%?
|-damage|p1a: Shed shell7%?|72/100
|
|t:|1657458170
|switch|p2a: Tyranitar|Tyranitar, F|68/100|[from]move: U-turn
|-weather|Sandstorm|[from] ability: Sand Stream|[of] p2a: Tyranitar
|move|p1a: Shed shell7%?|Defog|p2a: Tyranitar
|-unboost|p2a: Tyranitar|evasion|1
|-sideend|p1: Highv0ltag3|Stealth Rock|[from] move: Defog|[of] p1a: Shed shell7%?
|
|-weather|Sandstorm|[upkeep]
|upkeep
|turn|97
|l| yoppie
|
|t:|1657458178
|switch|p2a: Slowbro|Slowbro, M|100/100
|move|p1a: Shed shell7%?|Roost|p1a: Shed shell7%?
|-heal|p1a: Shed shell7%?|100/100
|-singleturn|p1a: Shed shell7%?|move: Roost
|
|-weather|Sandstorm|[upkeep]
|-damage|p2a: Slowbro|94/100|[from] Sandstorm
|upkeep
|turn|98
|
|t:|1657458186
|switch|p1a: Lele broken man|Jirachi|75/100
|move|p2a: Slowbro|Future Sight|p1a: Lele broken man
|-start|p2a: Slowbro|move: Future Sight
|
|-weather|Sandstorm|[upkeep]
|-damage|p2a: Slowbro|88/100|[from] Sandstorm
|-heal|p1a: Lele broken man|81/100|[from] item: Leftovers
|upkeep
|turn|99
|
|t:|1657458190
|move|p1a: Lele broken man|Wish|p1a: Lele broken man
|move|p2a: Slowbro|Scald|p1a: Lele broken man
|-damage|p1a: Lele broken man|63/100
|
|-weather|Sandstorm|[upkeep]
|-damage|p2a: Slowbro|82/100|[from] Sandstorm
|-heal|p1a: Lele broken man|70/100|[from] item: Leftovers
|upkeep
|turn|100
|
|t:|1657458195
|move|p1a: Lele broken man|Protect|p1a: Lele broken man
|-singleturn|p1a: Lele broken man|Protect
|move|p2a: Slowbro|Scald|p1a: Lele broken man
|-activate|p1a: Lele broken man|move: Protect
|
|-weather|none
|-end|p1a: Lele broken man|move: Future Sight
|-resisted|p1a: Lele broken man
|-damage|p1a: Lele broken man|64/100
|-heal|p1a: Lele broken man|100/100|[from] move: Wish|[wisher] Lele broken man
|upkeep
|turn|101
|j| Galacman
|
|t:|1657458199
|move|p1a: Lele broken man|Wish|p1a: Lele broken man
|move|p2a: Slowbro|Teleport|p2a: Slowbro
|
|t:|1657458206
|switch|p2a: Ferrothorn|Ferrothorn, M|29/100|[from]move: Teleport
|
|upkeep
|turn|102
|
|t:|1657458213
|move|p1a: Lele broken man|U-turn|p2a: Ferrothorn
|-damage|p2a: Ferrothorn|19/100
|-damage|p1a: Lele broken man|88/100|[from] ability: Iron Barbs|[of] p2a: Ferrothorn
|
|t:|1657458215
|switch|p1a: Shed shell7%?|Corviknight, M|100/100|[from]move: U-turn
|-ability|p1a: Shed shell7%?|Pressure
|move|p2a: Ferrothorn|Spikes|p1a: Shed shell7%?
|-sidestart|p1: Highv0ltag3|Spikes
|
|upkeep
|turn|103
|
|t:|1657458221
|move|p1a: Shed shell7%?|Defog|p2a: Ferrothorn
|-unboost|p2a: Ferrothorn|evasion|1
|-sideend|p1: Highv0ltag3|Spikes|[from] move: Defog|[of] p1a: Shed shell7%?
|move|p2a: Ferrothorn|Leech Seed|p1a: Shed shell7%?
|-start|p1a: Shed shell7%?|move: Leech Seed
|
|-damage|p1a: Shed shell7%?|88/100|[from] Leech Seed|[of] p2a: Ferrothorn
|-heal|p2a: Ferrothorn|33/100|[silent]
|upkeep
|turn|104
|j| AKARANATA
|
|t:|1657458228
|switch|p2a: Slowbro|Slowbro, M|100/100
|move|p1a: Shed shell7%?|Body Press|p2a: Slowbro
|-resisted|p2a: Slowbro
|-damage|p2a: Slowbro|93/100
|
|-damage|p1a: Shed shell7%?|75/100|[from] Leech Seed|[of] p2a: Slowbro
|-heal|p2a: Slowbro|100/100|[silent]
|upkeep
|turn|105
|
|t:|1657458233
|switch|p1a: Lele broken man|Jirachi|88/100
|switch|p2a: Ferrothorn|Ferrothorn, M|33/100
|
|-heal|p1a: Lele broken man|94/100|[from] item: Leftovers
|upkeep
|turn|106
|
|t:|1657458237
|move|p1a: Lele broken man|U-turn|p2a: Ferrothorn
|-damage|p2a: Ferrothorn|23/100
|-damage|p1a: Lele broken man|82/100|[from] ability: Iron Barbs|[of] p2a: Ferrothorn
|j| xuwuhanjun
|
|t:|1657458241
|switch|p1a: Shed shell7%?|Corviknight, M|75/100|[from]move: U-turn
|-ability|p1a: Shed shell7%?|Pressure
|move|p2a: Ferrothorn|Spikes|p1a: Shed shell7%?
|-sidestart|p1: Highv0ltag3|Spikes
|
|upkeep
|turn|107
|
|t:|1657458245
|switch|p2a: Tapu Koko|Tapu Koko|76/100 tox
|-fieldstart|move: Electric Terrain|[from] ability: Electric Surge|[of] p2a: Tapu Koko
|move|p1a: Shed shell7%?|Defog|p2a: Tapu Koko
|-unboost|p2a: Tapu Koko|evasion|1
|-sideend|p1: Highv0ltag3|Spikes|[from] move: Defog|[of] p1a: Shed shell7%?
|-fieldend|move: Electric Terrain
|
|-damage|p2a: Tapu Koko|70/100 tox|[from] psn
|upkeep
|turn|108
|
|t:|1657458250
|switch|p1a: Dark resist|Tangrowth, M|77/100
|move|p2a: Tapu Koko|Thunderbolt|p1a: Dark resist
|-resisted|p1a: Dark resist
|-damage|p1a: Dark resist|49/100
|
|-damage|p2a: Tapu Koko|58/100 tox|[from] psn
|upkeep
|turn|109
|
|t:|1657458254
|switch|p1a: Lele broken man|Jirachi|82/100
|move|p2a: Tapu Koko|U-turn|p1a: Lele broken man
|-damage|p1a: Lele broken man|67/100
|
|t:|1657458258
|switch|p2a: Ferrothorn|Ferrothorn, M|23/100|[from]move: U-turn
|
|-heal|p1a: Lele broken man|73/100|[from] item: Leftovers
|upkeep
|turn|110
|
|t:|1657458261
|move|p1a: Lele broken man|U-turn|p2a: Ferrothorn
|-damage|p2a: Ferrothorn|12/100
|-damage|p1a: Lele broken man|61/100|[from] ability: Iron Barbs|[of] p2a: Ferrothorn
|
|t:|1657458263
|switch|p1a: Dark resist|Tangrowth, M|82/100|[from]move: U-turn
|move|p2a: Ferrothorn|Spikes|p1a: Dark resist
|-sidestart|p1: Highv0ltag3|Spikes
|
|upkeep
|turn|111
|
|t:|1657458275
|switch|p2a: Decidueye|Decidueye, M|92/100
|move|p1a: Dark resist|Knock Off|p2a: Decidueye
|-supereffective|p2a: Decidueye
|-crit|p2a: Decidueye
|-damage|p2a: Decidueye|0 fnt
|-enditem|p2a: Decidueye|Choice Band|[from] move: Knock Off|[of] p1a: Dark resist
|faint|p2a: Decidueye
|
|upkeep
|c|☆Highv0ltag3|F
|
|t:|1657458290
|switch|p2a: Tapu Koko|Tapu Koko|58/100 tox
|-fieldstart|move: Electric Terrain|[from] ability: Electric Surge|[of] p2a: Tapu Koko
|turn|112
|c|☆Highv0ltag3|My bad
|
|t:|1657458294
|move|p2a: Tapu Koko|U-turn|p1a: Dark resist
|-supereffective|p1a: Dark resist
|-damage|p1a: Dark resist|64/100
|
|t:|1657458299
|switch|p2a: Ferrothorn|Ferrothorn, M|12/100|[from]move: U-turn
|move|p1a: Dark resist|Knock Off|p2a: Ferrothorn
|-damage|p2a: Ferrothorn|2/100
|-damage|p1a: Dark resist|52/100|[from] ability: Iron Barbs|[of] p2a: Ferrothorn
|
|upkeep
|turn|113
|
|t:|1657458306
|move|p1a: Dark resist|Giga Drain|p2a: Ferrothorn
|-resisted|p2a: Ferrothorn
|-damage|p2a: Ferrothorn|0 fnt
|-heal|p1a: Dark resist|53/100|[from] drain|[of] p2a: Ferrothorn
|faint|p2a: Ferrothorn
|
|upkeep
|
|t:|1657458318
|switch|p2a: Tyranitar|Tyranitar, F|68/100
|-weather|Sandstorm|[from] ability: Sand Stream|[of] p2a: Tyranitar
|turn|114
|j| H4WT ★
|
|t:|1657458325
|switch|p1a: Fuck tran|Toxapex, M|62/100
|-damage|p1a: Fuck tran|50/100|[from] Spikes
|move|p2a: Tyranitar|Crunch|p1a: Fuck tran
|-damage|p1a: Fuck tran|6/100
|-unboost|p1a: Fuck tran|def|1
|-damage|p2a: Tyranitar|51/100|[from] item: Rocky Helmet|[of] p1a: Fuck tran
|
|-weather|Sandstorm|[upkeep]
|-damage|p1a: Fuck tran|0 fnt|[from] Sandstorm
|faint|p1a: Fuck tran
|upkeep
|
|t:|1657458332
|switch|p1a: Shed shell7%?|Corviknight, M|75/100
|-ability|p1a: Shed shell7%?|Pressure
|turn|115
|
|t:|1657458336
|move|p2a: Tyranitar|Crunch|p1a: Shed shell7%?
|-damage|p1a: Shed shell7%?|35/100
|move|p1a: Shed shell7%?|Roost|p1a: Shed shell7%?
|-heal|p1a: Shed shell7%?|85/100
|-singleturn|p1a: Shed shell7%?|move: Roost
|
|-weather|Sandstorm|[upkeep]
|upkeep
|turn|116
|
|t:|1657458341
|switch|p2a: Tapu Koko|Tapu Koko|58/100 tox
|move|p1a: Shed shell7%?|Roost|p1a: Shed shell7%?
|-heal|p1a: Shed shell7%?|100/100
|-singleturn|p1a: Shed shell7%?|move: Roost
|
|-weather|Sandstorm|[upkeep]
|-damage|p2a: Tapu Koko|52/100 tox|[from] Sandstorm
|-damage|p2a: Tapu Koko|46/100 tox|[from] psn
|-fieldend|move: Electric Terrain
|upkeep
|turn|117
|
|t:|1657458351
|switch|p1a: Dark resist|Tangrowth, M|86/100
|-damage|p1a: Dark resist|74/100|[from] Spikes
|move|p2a: Tapu Koko|Thunderbolt|p1a: Dark resist
|-resisted|p1a: Dark resist
|-damage|p1a: Dark resist|46/100
|
|-weather|Sandstorm|[upkeep]
|-damage|p2a: Tapu Koko|40/100 tox|[from] Sandstorm
|-damage|p1a: Dark resist|40/100|[from] Sandstorm
|-damage|p2a: Tapu Koko|28/100 tox|[from] psn
|upkeep
|turn|118
|j| Nong Kong derm
|
|t:|1657458358
|switch|p1a: Fuck taunt|Blissey, F|90/100
|move|p2a: Tapu Koko|U-turn|p1a: Fuck taunt
|-damage|p1a: Fuck taunt|77/100
|
|t:|1657458364
|switch|p2a: Tyranitar|Tyranitar, F|51/100|[from]move: U-turn
|
|-weather|none
|upkeep
|turn|119
|
|t:|1657458375
|switch|p1a: Dark resist|Tangrowth, M|73/100
|-damage|p1a: Dark resist|60/100|[from] Spikes
|move|p2a: Tyranitar|Stone Edge|p1a: Dark resist
|-damage|p1a: Dark resist|13/100
|
|upkeep
|turn|120
|
|t:|1657458384
|move|p2a: Tyranitar|Stone Edge|p1a: Dark resist
|-damage|p1a: Dark resist|0 fnt
|faint|p1a: Dark resist
|
|upkeep
|
|t:|1657458385
|switch|p1a: Shed shell7%?|Corviknight, M|100/100
|-ability|p1a: Shed shell7%?|Pressure
|turn|121
|
|t:|1657458393
|switch|p2a: Slowbro|Slowbro, M|100/100
|move|p1a: Shed shell7%?|Defog|p2a: Slowbro
|-unboost|p2a: Slowbro|evasion|1
|-sideend|p1: Highv0ltag3|Spikes|[from] move: Defog|[of] p1a: Shed shell7%?
|
|upkeep
|turn|122
|
|t:|1657458398
|switch|p1a: Lele broken man|Jirachi|61/100
|move|p2a: Slowbro|Scald|p1a: Lele broken man
|-damage|p1a: Lele broken man|44/100
|
|-heal|p1a: Lele broken man|50/100|[from] item: Leftovers
|upkeep
|turn|123
|
|t:|1657458400
|move|p1a: Lele broken man|Wish|p1a: Lele broken man
|move|p2a: Slowbro|Scald|p1a: Lele broken man
|-damage|p1a: Lele broken man|34/100
|
|-heal|p1a: Lele broken man|40/100|[from] item: Leftovers
|upkeep
|turn|124
|
|t:|1657458404
|move|p1a: Lele broken man|Protect|p1a: Lele broken man
|-singleturn|p1a: Lele broken man|Protect
|move|p2a: Slowbro|Scald|p1a: Lele broken man
|-activate|p1a: Lele broken man|move: Protect
|
|-heal|p1a: Lele broken man|90/100|[from] move: Wish|[wisher] Lele broken man
|-heal|p1a: Lele broken man|97/100|[from] item: Leftovers
|upkeep
|turn|125
|
|t:|1657458410
|switch|p1a: Fuck taunt|Blissey, F|77/100
|move|p2a: Slowbro|Scald|p1a: Fuck taunt
|-damage|p1a: Fuck taunt|67/100
|-status|p1a: Fuck taunt|brn
|
|-damage|p1a: Fuck taunt|61/100 brn|[from] brn
|upkeep
|turn|126
|
|t:|1657458416
|move|p1a: Fuck taunt|Stealth Rock|p2a: Slowbro
|-sidestart|p2: mister_ttar|move: Stealth Rock
|move|p2a: Slowbro|Teleport|p2a: Slowbro
|
|t:|1657458421
|switch|p2a: Landorus|Landorus-Therian, M|52/100 tox|[from]move: Teleport
|-damage|p2a: Landorus|40/100 tox|[from] Stealth Rock
|-ability|p2a: Landorus|Intimidate|boost
|-unboost|p1a: Fuck taunt|atk|1
|
|-heal|p2a: Landorus|46/100 tox|[from] item: Leftovers
|-damage|p2a: Landorus|40/100 tox|[from] psn
|-damage|p1a: Fuck taunt|55/100 brn|[from] brn
|upkeep
|turn|127
|
|t:|1657458424
|-curestatus|p1a: Fuck taunt|brn|[from] ability: Natural Cure
|switch|p1a: Shed shell7%?|Corviknight, M|100/100
|-ability|p1a: Shed shell7%?|Pressure
|move|p2a: Landorus|Stealth Rock|p1a: Shed shell7%?
|-sidestart|p1: Highv0ltag3|move: Stealth Rock
|
|-heal|p2a: Landorus|46/100 tox|[from] item: Leftovers
|-damage|p2a: Landorus|34/100 tox|[from] psn
|upkeep
|turn|128
|j| Stratis
|
|t:|1657458428
|move|p2a: Landorus|U-turn|p1a: Shed shell7%?
|-resisted|p1a: Shed shell7%?
|-damage|p1a: Shed shell7%?|97/100
|
|t:|1657458429
|switch|p2a: Slowbro|Slowbro, M|100/100|[from]move: U-turn
|move|p1a: Shed shell7%?|Defog|p2a: Slowbro
|-unboost|p2a: Slowbro|evasion|1
|-sideend|p2: mister_ttar|Stealth Rock|[from] move: Defog|[of] p1a: Shed shell7%?
|-sideend|p1: Highv0ltag3|Stealth Rock|[from] move: Defog|[of] p1a: Shed shell7%?
|
|upkeep
|turn|129
|
|t:|1657458434
|switch|p1a: Fuck taunt|Blissey, F|55/100
|move|p2a: Slowbro|Teleport|p2a: Slowbro
|j| staycalm93
|
|t:|1657458437
|switch|p2a: Tyranitar|Tyranitar, F|51/100|[from]move: Teleport
|-weather|Sandstorm|[from] ability: Sand Stream|[of] p2a: Tyranitar
|
|-weather|Sandstorm|[upkeep]
|-damage|p1a: Fuck taunt|48/100|[from] Sandstorm
|upkeep
|turn|130
|l| staycalm93
|
|t:|1657458444
|switch|p1a: Shed shell7%?|Corviknight, M|97/100
|-ability|p1a: Shed shell7%?|Pressure
|move|p2a: Tyranitar|Stone Edge|p1a: Shed shell7%?|[miss]
|-miss|p2a: Tyranitar|p1a: Shed shell7%?
|
|-weather|Sandstorm|[upkeep]
|upkeep
|turn|131
|c|☆mister_ttar|f
|c|☆Highv0ltag3|F
|c|☆mister_ttar|now i lose
|inactive|mister_ttar has 120 seconds left.
|
|t:|1657458477
|switch|p2a: Slowbro|Slowbro, M|100/100
|switch|p1a: Lele broken man|Jirachi|97/100
|
|-weather|Sandstorm|[upkeep]
|-damage|p2a: Slowbro|94/100|[from] Sandstorm
|-heal|p1a: Lele broken man|100/100|[from] item: Leftovers
|upkeep
|turn|132
|c|☆Highv0ltag3|U can still win but
|c|☆Highv0ltag3|Not probable
|
|t:|1657458488
|move|p1a: Lele broken man|Wish|p1a: Lele broken man
|move|p2a: Slowbro|Scald|p1a: Lele broken man
|-damage|p1a: Lele broken man|85/100
|
|-weather|Sandstorm|[upkeep]
|-damage|p2a: Slowbro|88/100|[from] Sandstorm
|-heal|p1a: Lele broken man|91/100|[from] item: Leftovers
|upkeep
|turn|133
|inactive|mister_ttar has 120 seconds left.
|
|t:|1657458504
|switch|p1a: Fuck taunt|Blissey, F|48/100
|move|p2a: Slowbro|Scald|p1a: Fuck taunt
|-damage|p1a: Fuck taunt|38/100
|
|-weather|none
|-heal|p1a: Fuck taunt|66/100|[from] move: Wish|[wisher] Lele broken man
|upkeep
|turn|134
|
|t:|1657458511
|move|p1a: Fuck taunt|Stealth Rock|p2a: Slowbro
|-sidestart|p2: mister_ttar|move: Stealth Rock
|move|p2a: Slowbro|Future Sight|p1a: Fuck taunt
|-start|p2a: Slowbro|move: Future Sight
|
|upkeep
|turn|135
|
|t:|1657458514
|switch|p1a: Lele broken man|Jirachi|91/100
|move|p2a: Slowbro|Teleport|p2a: Slowbro
|
|t:|1657458516
|switch|p2a: Landorus|Landorus-Therian, M|34/100 tox|[from]move: Teleport
|-damage|p2a: Landorus|21/100 tox|[from] Stealth Rock
|-ability|p2a: Landorus|Intimidate|boost
|-unboost|p1a: Lele broken man|atk|1
|
|-heal|p1a: Lele broken man|97/100|[from] item: Leftovers
|-heal|p2a: Landorus|27/100 tox|[from] item: Leftovers
|-damage|p2a: Landorus|21/100 tox|[from] psn
|upkeep
|turn|136
|
|t:|1657458519
|switch|p1a: Shed shell7%?|Corviknight, M|97/100
|-ability|p1a: Shed shell7%?|Pressure
|move|p2a: Landorus|Earthquake|p1a: Shed shell7%?
|-immune|p1a: Shed shell7%?
|
|-end|p1a: Shed shell7%?|move: Future Sight
|-resisted|p1a: Shed shell7%?
|-damage|p1a: Shed shell7%?|76/100
|-heal|p2a: Landorus|27/100 tox|[from] item: Leftovers
|-damage|p2a: Landorus|15/100 tox|[from] psn
|upkeep
|turn|137
|l| H4WT ★
|
|t:|1657458523
|move|p2a: Landorus|Stealth Rock|p1a: Shed shell7%?
|-sidestart|p1: Highv0ltag3|move: Stealth Rock
|move|p1a: Shed shell7%?|Defog|p2a: Landorus
|-unboost|p2a: Landorus|evasion|1
|-sideend|p2: mister_ttar|Stealth Rock|[from] move: Defog|[of] p1a: Shed shell7%?
|-sideend|p1: Highv0ltag3|Stealth Rock|[from] move: Defog|[of] p1a: Shed shell7%?
|
|-heal|p2a: Landorus|21/100 tox|[from] item: Leftovers
|-damage|p2a: Landorus|3/100 tox|[from] psn
|upkeep
|turn|138
|
|t:|1657458526
|move|p2a: Landorus|Stealth Rock|p1a: Shed shell7%?
|-sidestart|p1: Highv0ltag3|move: Stealth Rock
|move|p1a: Shed shell7%?|Defog|p2a: Landorus
|-unboost|p2a: Landorus|evasion|1
|-sideend|p1: Highv0ltag3|Stealth Rock|[from] move: Defog|[of] p1a: Shed shell7%?
|
|-heal|p2a: Landorus|9/100 tox|[from] item: Leftovers
|-damage|p2a: Landorus|0 fnt|[from] psn
|faint|p2a: Landorus
|upkeep
|j| H4WT ★
|
|t:|1657458531
|switch|p2a: Tapu Koko|Tapu Koko|28/100 tox
|-fieldstart|move: Electric Terrain|[from] ability: Electric Surge|[of] p2a: Tapu Koko
|turn|139
|
|t:|1657458536
|switch|p1a: Lele broken man|Jirachi|97/100
|move|p2a: Tapu Koko|U-turn|p1a: Lele broken man
|-damage|p1a: Lele broken man|83/100
|
|t:|1657458540
|switch|p2a: Slowbro|Slowbro, M|100/100|[from]move: U-turn
|
|-heal|p1a: Lele broken man|89/100|[from] item: Leftovers
|upkeep
|turn|140
|
|t:|1657458544
|switch|p1a: Fuck taunt|Blissey, F|66/100
|move|p2a: Slowbro|Scald|p1a: Fuck taunt
|-damage|p1a: Fuck taunt|56/100
|
|upkeep
|turn|141
|
|t:|1657458547
|move|p1a: Fuck taunt|Stealth Rock|p2a: Slowbro
|-sidestart|p2: mister_ttar|move: Stealth Rock
|move|p2a: Slowbro|Future Sight|p1a: Fuck taunt
|-start|p2a: Slowbro|move: Future Sight
|
|upkeep
|turn|142
|
|t:|1657458551
|switch|p1a: Lele broken man|Jirachi|89/100
|move|p2a: Slowbro|Teleport|p2a: Slowbro
|
|t:|1657458554
|switch|p2a: Tapu Koko|Tapu Koko|28/100 tox|[from]move: Teleport
|
|-heal|p1a: Lele broken man|96/100|[from] item: Leftovers
|-damage|p2a: Tapu Koko|22/100 tox|[from] psn
|upkeep
|turn|143
|
|t:|1657458560
|move|p2a: Tapu Koko|U-turn|p1a: Lele broken man
|-damage|p1a: Lele broken man|82/100
|
|t:|1657458562
|switch|p2a: Slowbro|Slowbro, M|100/100|[from]move: U-turn
|move|p1a: Lele broken man|Iron Head|p2a: Slowbro
|-resisted|p2a: Slowbro
|-damage|p2a: Slowbro|93/100
|
|-end|p1a: Lele broken man|move: Future Sight
|-resisted|p1a: Lele broken man
|-damage|p1a: Lele broken man|76/100
|-heal|p1a: Lele broken man|83/100|[from] item: Leftovers
|-fieldend|move: Electric Terrain
|upkeep
|turn|144
|
|t:|1657458568
|move|p1a: Lele broken man|Wish|p1a: Lele broken man
|move|p2a: Slowbro|Scald|p1a: Lele broken man
|-damage|p1a: Lele broken man|65/100
|
|-heal|p1a: Lele broken man|72/100|[from] item: Leftovers
|upkeep
|turn|145
|
|t:|1657458575
|switch|p1a: Fuck taunt|Blissey, F|56/100
|move|p2a: Slowbro|Scald|p1a: Fuck taunt
|-crit|p1a: Fuck taunt
|-damage|p1a: Fuck taunt|42/100
|
|-heal|p1a: Fuck taunt|70/100|[from] move: Wish|[wisher] Lele broken man
|upkeep
|turn|146
|
|t:|1657458579
|move|p1a: Fuck taunt|Toxic|p2a: Slowbro
|-status|p2a: Slowbro|tox
|move|p2a: Slowbro|Future Sight|p1a: Fuck taunt
|-start|p2a: Slowbro|move: Future Sight
|
|-damage|p2a: Slowbro|87/100 tox|[from] psn
|upkeep
|turn|147
|
|t:|1657458581
|switch|p1a: Lele broken man|Jirachi|72/100
|move|p2a: Slowbro|Teleport|p2a: Slowbro
|c| Stratis|so much stall
|
|t:|1657458585
|switch|p2a: Tapu Koko|Tapu Koko|22/100 tox|[from]move: Teleport
|-fieldstart|move: Electric Terrain|[from] ability: Electric Surge|[of] p2a: Tapu Koko
|
|-heal|p1a: Lele broken man|78/100|[from] item: Leftovers
|-damage|p2a: Tapu Koko|16/100 tox|[from] psn
|upkeep
|turn|148
|c| Stratis|Is this all high rated ou is?
|
|t:|1657458589
|move|p2a: Tapu Koko|U-turn|p1a: Lele broken man
|-damage|p1a: Lele broken man|65/100
|
|t:|1657458598
|switch|p2a: Slowbro|Slowbro, M|100/100 tox|[from]move: U-turn
|move|p1a: Lele broken man|Iron Head|p2a: Slowbro
|-resisted|p2a: Slowbro
|-damage|p2a: Slowbro|93/100 tox
|
|-end|p1a: Lele broken man|move: Future Sight
|-resisted|p1a: Lele broken man
|-damage|p1a: Lele broken man|59/100
|-heal|p1a: Lele broken man|65/100|[from] item: Leftovers
|-damage|p2a: Slowbro|87/100 tox|[from] psn
|upkeep
|turn|149
|
|t:|1657458604
|move|p1a: Lele broken man|Wish|p1a: Lele broken man
|move|p2a: Slowbro|Scald|p1a: Lele broken man
|-damage|p1a: Lele broken man|47/100
|
|-heal|p1a: Lele broken man|53/100|[from] item: Leftovers
|-damage|p2a: Slowbro|75/100 tox|[from] psn
|upkeep
|turn|150
|c|☆Highv0ltag3|I have heal bell
|c|☆Highv0ltag3|Btw
|c|☆mister_ttar|burnnn
|c|☆mister_ttar|i knob
|inactive|mister_ttar has 120 seconds left.
|c|☆mister_ttar|but i need to live iron head
|c|☆Highv0ltag3|Ah true
|j| Usksuksksjsks
|inactive|mister_ttar has 90 seconds left.
|c|☆Highv0ltag3|Just crit my corv with stone edge
|c|☆mister_ttar|damn if edge hit i probably won with crunch
|c|☆Highv0ltag3|Maybe
|
|t:|1657458691
|move|p1a: Lele broken man|Iron Head|p2a: Slowbro
|-resisted|p2a: Slowbro
|-damage|p2a: Slowbro|66/100 tox
|move|p2a: Slowbro|Scald|p1a: Lele broken man
|-damage|p1a: Lele broken man|36/100
|
|-heal|p1a: Lele broken man|86/100|[from] move: Wish|[wisher] Lele broken man
|-heal|p1a: Lele broken man|93/100|[from] item: Leftovers
|-damage|p2a: Slowbro|48/100 tox|[from] psn
|upkeep
|turn|151
|c|☆Highv0ltag3|Blissey pp stalled crunch still
|j| Nightsuwu
|
|t:|1657458702
|move|p1a: Lele broken man|Iron Head|p2a: Slowbro
|-resisted|p2a: Slowbro
|-damage|p2a: Slowbro|40/100 tox
|cant|p2a: Slowbro|flinch
|
|-heal|p1a: Lele broken man|99/100|[from] item: Leftovers
|-damage|p2a: Slowbro|16/100 tox|[from] psn
|-fieldend|move: Electric Terrain
|upkeep
|turn|152
|c|☆mister_ttar|it does like 70 min
|inactive|mister_ttar has 60 seconds left.
|
|t:|1657458723
|move|p1a: Lele broken man|U-turn|p2a: Slowbro
|-supereffective|p2a: Slowbro
|-damage|p2a: Slowbro|0 fnt
|faint|p2a: Slowbro
|c|☆Highv0ltag3|Still u have 3
|
|t:|1657458731
|switch|p1a: Shed shell7%?|Corviknight, M|76/100|[from]move: U-turn
|-ability|p1a: Shed shell7%?|Pressure
|
|upkeep
|l| Galacman
|inactive|mister_ttar has 60 seconds left.
|c|☆Highv0ltag3|4 sorry
|c|☆mister_ttar|and fire punch
|
|t:|1657458744
|switch|p2a: Tyranitar|Tyranitar, F|51/100
|-damage|p2a: Tyranitar|39/100|[from] Stealth Rock
|-weather|Sandstorm|[from] ability: Sand Stream|[of] p2a: Tyranitar
|turn|153
|c|☆Highv0ltag3|Ah then ir mattered
|c|☆Highv0ltag3|It*
|
|t:|1657458754
|move|p2a: Tyranitar|Fire Punch|p1a: Shed shell7%?
|-supereffective|p1a: Shed shell7%?
|-crit|p1a: Shed shell7%?
|-damage|p1a: Shed shell7%?|3/100
|move|p1a: Shed shell7%?|Body Press|p2a: Tyranitar
|-supereffective|p2a: Tyranitar
|-damage|p2a: Tyranitar|0 fnt
|faint|p2a: Tyranitar
|
|-weather|Sandstorm|[upkeep]
|upkeep
|c|☆Highv0ltag3|F
|c|☆mister_ttar|gg
|l| xuwuhanjun
|c|☆Highv0ltag3|Gg
|l| H4WT ★
|-message|mister_ttar forfeited.
|
|win|Highv0ltag3
|raw|Highv0ltag3's rating: 1853 &rarr; <strong>1872</strong><br />(+19 for winning)
|raw|mister_ttar's rating: 1829 &rarr; <strong>1810</strong><br />(-19 for losing)
|l|☆mister_ttar
|l| Usksuksksjsks
|l|☆Highv0ltag3
|l| AKARANATA
