|j|☆vaporwaveseinfeld
|j|☆Groundt
|player|p1|vaporwaveseinfeld|129|1744
|player|p2|Groundt|winona|1809
|teamsize|p1|6
|teamsize|p2|6
|gametype|singles
|gen|8
|tier|[Gen 8] OU
|rated|
|clearpoke
|poke|p1|Pelipper, M|
|poke|p1|Dracovish|
|poke|p1|Ferrothorn, M|
|poke|p1|Excadrill, F|
|poke|p1|Mantine, M|
|poke|p1|Seismitoad, M|
|poke|p2|Cloyster, F|
|poke|p2|Hatterene, F|
|poke|p2|Conkeldurr, M|
|poke|p2|Torkoal, F|
|poke|p2|Bronzong|
|poke|p2|Gardevoir, M|
|rule|Sleep Clause Mod: Limit one foe put to sleep
|rule|Species Clause: Limit one of each Pokémon
|rule|OHKO Clause: OHKO moves are banned
|rule|Evasion Moves Clause: Evasion moves are banned
|rule|Endless Battle Clause: Forcing endless battles is banned
|rule|HP Percentage Mod: HP is shown in percentages
|rule|Dynamax Clause: You cannot dynamax
|teampreview
|j| Fukushima Daiichi
|inactive|Battle timer is ON: inactive players will automatically lose when time's up. (requested by vaporwaveseinfeld)
|
|start
|switch|p1a: Dracovish|Dracovish|100/100
|switch|p2a: Bronzong|Bronzong|100/100
|turn|1
|
|move|p1a: Dracovish|Fishious Rend|p2a: Bronzong
|-damage|p2a: Bronzong|3/100
|move|p2a: Bronzong|Trick Room|p2a: Bronzong
|-fieldstart|move: Trick Room|[of] p2a: Bronzong
|
|upkeep
|turn|2
|
|move|p2a: Bronzong|Stealth Rock|p1a: Dracovish
|-sidestart|p1: vaporwaveseinfeld|move: Stealth Rock
|move|p1a: Dracovish|Fishious Rend|p2a: Bronzong
|-damage|p2a: Bronzong|0 fnt
|faint|p2a: Bronzong
|
|upkeep
|j| vextal
|
|switch|p2a: Hatterene|Hatterene, F|100/100
|turn|3
|
|switch|p1a: Ferrothorn|Ferrothorn, M|100/100
|-damage|p1a: Ferrothorn|95/100|[from] Stealth Rock
|move|p2a: Hatterene|Dazzling Gleam|p1a: Ferrothorn
|-resisted|p1a: Ferrothorn
|-damage|p1a: Ferrothorn|70/100
|-damage|p2a: Hatterene|91/100|[from] item: Life Orb
|
|-heal|p1a: Ferrothorn|76/100|[from] item: Leftovers
|upkeep
|turn|4
|
|move|p2a: Hatterene|Dazzling Gleam|p1a: Ferrothorn
|-resisted|p1a: Ferrothorn
|-damage|p1a: Ferrothorn|54/100
|-damage|p2a: Hatterene|81/100|[from] item: Life Orb
|move|p1a: Ferrothorn|Knock Off|p2a: Hatterene
|-damage|p2a: Hatterene|58/100
|-enditem|p2a: Hatterene|Life Orb|[from] move: Knock Off|[of] p1a: Ferrothorn
|
|-heal|p1a: Ferrothorn|60/100|[from] item: Leftovers
|upkeep
|turn|5
|
|switch|p1a: Pelipper|Pelipper, M|100/100
|-damage|p1a: Pelipper|76/100|[from] Stealth Rock
|-weather|RainDance|[from] ability: Drizzle|[of] p1a: Pelipper
|move|p2a: Hatterene|Dazzling Gleam|p1a: Pelipper
|-damage|p1a: Pelipper|22/100
|
|-weather|RainDance|[upkeep]
|-fieldend|move: Trick Room
|upkeep
|turn|6
|
|switch|p1a: Excadrill|Excadrill, F|100/100
|-damage|p1a: Excadrill|97/100|[from] Stealth Rock
|-ability|p1a: Excadrill|Mold Breaker
|move|p2a: Hatterene|Trick Room|p2a: Hatterene
|-fieldstart|move: Trick Room|[of] p2a: Hatterene
|
|-weather|RainDance|[upkeep]
|-heal|p1a: Excadrill|100/100|[from] item: Leftovers
|upkeep
|turn|7
|j| general_newb
|
|switch|p2a: Torkoal|Torkoal, F|100/100
|-weather|SunnyDay|[from] ability: Drought|[of] p2a: Torkoal
|move|p1a: Excadrill|Rapid Spin|p2a: Torkoal
|-damage|p2a: Torkoal|86/100
|-boost|p1a: Excadrill|spe|1
|-sideend|p1: vaporwaveseinfeld|Stealth Rock|[from] move: Rapid Spin|[of] p1a: Excadrill
|
|-weather|SunnyDay|[upkeep]
|upkeep
|turn|8
|l| general_newb
|
|switch|p1a: Ferrothorn|Ferrothorn, M|60/100
|move|p2a: Torkoal|Eruption|p1a: Ferrothorn
|-supereffective|p1a: Ferrothorn
|-damage|p1a: Ferrothorn|0 fnt
|faint|p1a: Ferrothorn
|
|-weather|SunnyDay|[upkeep]
|upkeep
|
|switch|p1a: Pelipper|Pelipper, M|22/100
|-weather|RainDance|[from] ability: Drizzle|[of] p1a: Pelipper
|turn|9
|
|switch|p1a: Seismitoad|Seismitoad, M|100/100
|move|p2a: Torkoal|Eruption|p1a: Seismitoad
|-resisted|p1a: Seismitoad
|-damage|p1a: Seismitoad|77/100
|
|-weather|RainDance|[upkeep]
|upkeep
|turn|10
|
|switch|p2a: Hatterene|Hatterene, F|58/100
|move|p1a: Seismitoad|Weather Ball|p2a: Hatterene
|-damage|p2a: Hatterene|0 fnt
|-damage|p1a: Seismitoad|67/100|[from] item: Life Orb
|faint|p2a: Hatterene
|
|-weather|RainDance|[upkeep]
|-fieldend|move: Trick Room
|upkeep
|
|switch|p2a: Gardevoir|Gardevoir, M, shiny|100/100
|-ability|p2a: Gardevoir|Swift Swim|[from] ability: Trace|[of] p1a: Seismitoad
|turn|11
|
|move|p1a: Seismitoad|Weather Ball|p2a: Gardevoir
|-damage|p2a: Gardevoir|38/100
|-damage|p1a: Seismitoad|57/100|[from] item: Life Orb
|move|p2a: Gardevoir|Trick Room|p2a: Gardevoir
|-fieldstart|move: Trick Room|[of] p2a: Gardevoir
|
|-weather|RainDance|[upkeep]
|upkeep
|turn|12
|
|switch|p1a: Excadrill|Excadrill, F|100/100
|-ability|p1a: Excadrill|Mold Breaker
|move|p2a: Gardevoir|Teleport|p2a: Gardevoir
|
|switch|p2a: Conkeldurr|Conkeldurr, M|100/100|[from]move: Teleport
|
|-weather|RainDance|[upkeep]
|-status|p2a: Conkeldurr|brn|[from] item: Flame Orb
|upkeep
|turn|13
|
|move|p2a: Conkeldurr|Close Combat|p1a: Excadrill
|-supereffective|p1a: Excadrill
|-damage|p1a: Excadrill|0 fnt
|-unboost|p2a: Conkeldurr|def|1
|-unboost|p2a: Conkeldurr|spd|1
|faint|p1a: Excadrill
|
|-weather|RainDance|[upkeep]
|-damage|p2a: Conkeldurr|94/100 brn|[from] brn
|upkeep
|
|switch|p1a: Mantine|Mantine, M|100/100
|turn|14
|
|move|p2a: Conkeldurr|Facade|p1a: Mantine
|-damage|p1a: Mantine|0 fnt
|faint|p1a: Mantine
|
|-weather|RainDance|[upkeep]
|-damage|p2a: Conkeldurr|88/100 brn|[from] brn
|upkeep
|
|switch|p1a: Dracovish|Dracovish|100/100
|turn|15
|
|move|p2a: Conkeldurr|Close Combat|p1a: Dracovish
|-damage|p1a: Dracovish|0 fnt
|-unboost|p2a: Conkeldurr|def|1
|-unboost|p2a: Conkeldurr|spd|1
|faint|p1a: Dracovish
|
|-weather|RainDance|[upkeep]
|-damage|p2a: Conkeldurr|82/100 brn|[from] brn
|-fieldend|move: Trick Room
|upkeep
|
|switch|p1a: Seismitoad|Seismitoad, M|57/100
|turn|16
|
|switch|p2a: Torkoal|Torkoal, F|86/100
|-weather|SunnyDay|[from] ability: Drought|[of] p2a: Torkoal
|move|p1a: Seismitoad|Earth Power|p2a: Torkoal
|-supereffective|p2a: Torkoal
|-damage|p2a: Torkoal|0 fnt
|-damage|p1a: Seismitoad|47/100|[from] item: Life Orb
|faint|p2a: Torkoal
|
|-weather|SunnyDay|[upkeep]
|upkeep
|
|switch|p2a: Gardevoir|Gardevoir, M, shiny|38/100
|-ability|p2a: Gardevoir|Swift Swim|[from] ability: Trace|[of] p1a: Seismitoad
|turn|17
|
|move|p1a: Seismitoad|Earth Power|p2a: Gardevoir
|-damage|p2a: Gardevoir|2/100
|-damage|p1a: Seismitoad|37/100|[from] item: Life Orb
|move|p2a: Gardevoir|Trick Room|p2a: Gardevoir
|-fieldstart|move: Trick Room|[of] p2a: Gardevoir
|
|-weather|SunnyDay|[upkeep]
|upkeep
|turn|18
|
|switch|p1a: Pelipper|Pelipper, M|22/100
|-weather|RainDance|[from] ability: Drizzle|[of] p1a: Pelipper
|move|p2a: Gardevoir|Moonblast|p1a: Pelipper
|-damage|p1a: Pelipper|0 fnt
|faint|p1a: Pelipper
|
|-weather|RainDance|[upkeep]
|upkeep
|
|switch|p1a: Seismitoad|Seismitoad, M|37/100
|turn|19
|
|move|p2a: Gardevoir|Moonblast|p1a: Seismitoad
|-damage|p1a: Seismitoad|0 fnt
|faint|p1a: Seismitoad
|
|win|Groundt
|l|☆vaporwaveseinfeld
