|j|☆AlphaAero
|j|☆Pinks1ip
|t:|1653694406
|gametype|singles
|player|p1|AlphaAero|veteran|1642
|player|p2|Pinks1ip|skierf|1550
|teamsize|p1|6
|teamsize|p2|6
|gen|8
|tier|[Gen 8] OU
|rated|
|rule|Sleep Clause Mod: Limit one foe put to sleep
|rule|Species Clause: Limit one of each Pokémon
|rule|OHKO Clause: OHKO moves are banned
|rule|Evasion Moves Clause: Evasion moves are banned
|rule|Endless Battle Clause: Forcing endless battles is banned
|rule|HP Percentage Mod: HP is shown in percentages
|rule|Dynamax Clause: You cannot dynamax
|clearpoke
|poke|p1|Slowbro, F|
|poke|p1|Terrakion|
|poke|p1|Bisharp, F|
|poke|p1|Tangrowth, M|
|poke|p1|Landorus-Therian, M|
|poke|p1|Tapu Koko|
|poke|p2|Aegislash, M|
|poke|p2|Buzzwole|
|poke|p2|Heatran, F|
|poke|p2|Tapu Fini|
|poke|p2|Landorus-Therian, M|
|poke|p2|Weavile, F|
|teampreview
|inactive|Battle timer is ON: inactive players will automatically lose when time's up. (requested by AlphaAero)
|j| Tentenshiku
|
|t:|1653694434
|start
|switch|p1a: Terrakion|Terrakion|100/100
|switch|p2a: Buzzwole|Buzzwole|100/100
|turn|1
|
|t:|1653694440
|switch|p1a: Slowbro|Slowbro, F|100/100
|move|p2a: Buzzwole|Thunder Punch|p1a: Slowbro
|-supereffective|p1a: Slowbro
|-damage|p1a: Slowbro|68/100
|
|upkeep
|turn|2
|
|t:|1653694448
|switch|p2a: Aegislash|Aegislash, M|100/100
|move|p1a: Slowbro|Teleport|p1a: Slowbro
|
|t:|1653694452
|switch|p1a: Landorus|Landorus-Therian, M|100/100|[from]move: Teleport
|-ability|p1a: Landorus|Intimidate|boost
|-unboost|p2a: Aegislash|atk|1
|
|upkeep
|turn|3
|
|t:|1653694456
|switch|p2a: Buzzwole|Buzzwole|100/100
|move|p1a: Landorus|Earthquake|p2a: Buzzwole
|-resisted|p2a: Buzzwole
|-damage|p2a: Buzzwole|85/100
|
|upkeep
|turn|4
|
|t:|1653694465
|switch|p1a: Slowbro|Slowbro, F|100/100
|move|p2a: Buzzwole|Ice Punch|p1a: Slowbro
|-resisted|p1a: Slowbro
|-damage|p1a: Slowbro|92/100
|
|upkeep
|turn|5
|
|t:|1653694469
|switch|p2a: Aegislash|Aegislash, M|100/100
|move|p1a: Slowbro|Future Sight|p2a: Aegislash
|-start|p1a: Slowbro|move: Future Sight
|
|upkeep
|turn|6
|
|t:|1653694474
|switch|p1a: Tangrowth|Tangrowth, M|100/100
|-formechange|p2a: Aegislash|Aegislash-Blade||[from] ability: Stance Change
|move|p2a: Aegislash|Shadow Ball|p1a: Tangrowth
|-damage|p1a: Tangrowth|70/100
|
|upkeep
|turn|7
|j| WizardDagon777
|
|t:|1653694486
|-formechange|p2a: Aegislash|Aegislash||[from] ability: Stance Change
|move|p2a: Aegislash|King's Shield|p2a: Aegislash
|-singleturn|p2a: Aegislash|Protect
|move|p1a: Tangrowth|Earthquake|p2a: Aegislash
|-activate|p2a: Aegislash|move: Protect
|
|-end|p2a: Aegislash|move: Future Sight
|-resisted|p2a: Aegislash
|-damage|p2a: Aegislash|81/100
|-heal|p2a: Aegislash|87/100|[from] item: Leftovers
|upkeep
|turn|8
|
|t:|1653694498
|switch|p2a: Buzzwole|Buzzwole|85/100
|move|p1a: Tangrowth|Knock Off|p2a: Buzzwole
|-resisted|p2a: Buzzwole
|-damage|p2a: Buzzwole|78/100
|-damage|p1a: Tangrowth|53/100|[from] item: Rocky Helmet|[of] p2a: Buzzwole
|-enditem|p2a: Buzzwole|Rocky Helmet|[from] move: Knock Off|[of] p1a: Tangrowth
|
|upkeep
|turn|9
|
|t:|1653694503
|switch|p1a: Slowbro|Slowbro, F|100/100
|move|p2a: Buzzwole|Thunder Punch|p1a: Slowbro
|-supereffective|p1a: Slowbro
|-crit|p1a: Slowbro
|-damage|p1a: Slowbro|53/100
|
|upkeep
|turn|10
|
|t:|1653694506
|move|p2a: Buzzwole|Thunder Punch|p1a: Slowbro
|-supereffective|p1a: Slowbro
|-damage|p1a: Slowbro|21/100
|move|p1a: Slowbro|Slack Off|p1a: Slowbro
|-heal|p1a: Slowbro|71/100
|
|upkeep
|turn|11
|
|t:|1653694514
|move|p2a: Buzzwole|Thunder Punch|p1a: Slowbro
|-supereffective|p1a: Slowbro
|-damage|p1a: Slowbro|38/100
|move|p1a: Slowbro|Scald|p2a: Buzzwole
|-damage|p2a: Buzzwole|39/100
|
|upkeep
|turn|12
|
|t:|1653694523
|switch|p1a: Landorus|Landorus-Therian, M|100/100
|-ability|p1a: Landorus|Intimidate|boost
|-unboost|p2a: Buzzwole|atk|1
|move|p2a: Buzzwole|Roost|p2a: Buzzwole
|-heal|p2a: Buzzwole|89/100
|-singleturn|p2a: Buzzwole|move: Roost
|
|upkeep
|turn|13
|
|t:|1653694526
|switch|p1a: Slowbro|Slowbro, F|72/100
|move|p2a: Buzzwole|Ice Punch|p1a: Slowbro
|-resisted|p1a: Slowbro
|-damage|p1a: Slowbro|66/100
|
|upkeep
|turn|14
|
|t:|1653694539
|switch|p2a: Heatran|Heatran, F|100/100
|move|p1a: Slowbro|Future Sight|p2a: Heatran
|-start|p1a: Slowbro|move: Future Sight
|
|upkeep
|turn|15
|
|t:|1653694543
|switch|p1a: Landorus|Landorus-Therian, M|100/100
|-ability|p1a: Landorus|Intimidate|boost
|-unboost|p2a: Heatran|atk|1
|move|p2a: Heatran|Magma Storm|p1a: Landorus
|-damage|p1a: Landorus|63/100
|-activate|p1a: Landorus|move: Magma Storm|[of] p2a: Heatran
|
|-heal|p1a: Landorus|69/100|[from] item: Leftovers
|-damage|p1a: Landorus|57/100|[from] move: Magma Storm|[partiallytrapped]
|upkeep
|turn|16
|
|t:|1653694556
|switch|p2a: Landorus|Landorus-Therian, M|100/100
|-ability|p2a: Landorus|Intimidate|boost
|-unboost|p1a: Landorus|atk|1
|move|p1a: Landorus|Stealth Rock|p2a: Landorus
|-sidestart|p2: Pinks1ip|move: Stealth Rock
|
|-end|p2a: Landorus|move: Future Sight
|-damage|p2a: Landorus|68/100
|-heal|p1a: Landorus|63/100|[from] item: Leftovers
|-heal|p2a: Landorus|74/100|[from] item: Leftovers
|-end|p1a: Landorus|Magma Storm|[partiallytrapped]|[silent]
|upkeep
|turn|17
|l| WizardDagon777
|
|t:|1653694559
|move|p1a: Landorus|U-turn|p2a: Landorus
|-resisted|p2a: Landorus
|-damage|p2a: Landorus|67/100
|
|t:|1653694560
|switch|p1a: Bisharp|Bisharp, F|100/100|[from]move: U-turn
|move|p2a: Landorus|Defog|p1a: Bisharp
|-unboost|p1a: Bisharp|evasion|1
|-ability|p1a: Bisharp|Defiant
|-boost|p1a: Bisharp|atk|2
|-sideend|p2: Pinks1ip|Stealth Rock|[from] move: Defog|[of] p2a: Landorus
|
|-heal|p2a: Landorus|73/100|[from] item: Leftovers
|upkeep
|turn|18
|
|t:|1653694569
|move|p1a: Bisharp|Sucker Punch|p2a: Landorus
|-damage|p2a: Landorus|0 fnt
|faint|p2a: Landorus
|
|upkeep
|
|t:|1653694571
|switch|p2a: Buzzwole|Buzzwole|89/100
|turn|19
|
|t:|1653694574
|switch|p1a: Slowbro|Slowbro, F|99/100
|move|p2a: Buzzwole|Close Combat|p1a: Slowbro
|-resisted|p1a: Slowbro
|-damage|p1a: Slowbro|79/100
|-unboost|p2a: Buzzwole|def|1
|-unboost|p2a: Buzzwole|spd|1
|
|upkeep
|turn|20
|
|t:|1653694580
|switch|p2a: Tapu Fini|Tapu Fini|100/100
|-fieldstart|move: Misty Terrain|[from] ability: Misty Surge|[of] p2a: Tapu Fini
|move|p1a: Slowbro|Teleport|p1a: Slowbro
|
|t:|1653694581
|switch|p1a: Tapu Koko|Tapu Koko|100/100|[from]move: Teleport
|-fieldstart|move: Electric Terrain|[from] ability: Electric Surge|[of] p1a: Tapu Koko
|
|upkeep
|turn|21
|
|t:|1653694587
|switch|p1a: Landorus|Landorus-Therian, M|63/100
|-ability|p1a: Landorus|Intimidate|boost
|-unboost|p2a: Tapu Fini|atk|1
|switch|p2a: Heatran|Heatran, F|100/100
|
|-heal|p1a: Landorus|69/100|[from] item: Leftovers
|upkeep
|turn|22
|
|t:|1653694590
|switch|p2a: Tapu Fini|Tapu Fini|100/100
|-fieldstart|move: Misty Terrain|[from] ability: Misty Surge|[of] p2a: Tapu Fini
|move|p1a: Landorus|Earthquake|p2a: Tapu Fini
|-damage|p2a: Tapu Fini|69/100
|
|-heal|p1a: Landorus|75/100|[from] item: Leftovers
|-heal|p2a: Tapu Fini|75/100|[from] item: Leftovers
|upkeep
|turn|23
|
|t:|1653694594
|switch|p1a: Tangrowth|Tangrowth, M|86/100
|move|p2a: Tapu Fini|Calm Mind|p2a: Tapu Fini
|-boost|p2a: Tapu Fini|spa|1
|-boost|p2a: Tapu Fini|spd|1
|
|-heal|p2a: Tapu Fini|81/100|[from] item: Leftovers
|upkeep
|turn|24
|
|t:|1653694596
|move|p2a: Tapu Fini|Taunt|p1a: Tangrowth
|-start|p1a: Tangrowth|move: Taunt
|move|p1a: Tangrowth|Knock Off|p2a: Tapu Fini
|-resisted|p2a: Tapu Fini
|-damage|p2a: Tapu Fini|72/100
|-enditem|p2a: Tapu Fini|Leftovers|[from] move: Knock Off|[of] p1a: Tangrowth
|
|upkeep
|turn|25
|
|t:|1653694601
|switch|p1a: Tapu Koko|Tapu Koko|100/100
|-fieldstart|move: Electric Terrain|[from] ability: Electric Surge|[of] p1a: Tapu Koko
|move|p2a: Tapu Fini|Calm Mind|p2a: Tapu Fini
|-boost|p2a: Tapu Fini|spa|1
|-boost|p2a: Tapu Fini|spd|1
|
|upkeep
|turn|26
|
|t:|1653694603
|move|p1a: Tapu Koko|Calm Mind|p1a: Tapu Koko
|-boost|p1a: Tapu Koko|spa|1
|-boost|p1a: Tapu Koko|spd|1
|move|p2a: Tapu Fini|Draining Kiss|p1a: Tapu Koko
|-damage|p1a: Tapu Koko|65/100
|-heal|p2a: Tapu Fini|94/100|[from] drain|[of] p1a: Tapu Koko
|
|upkeep
|turn|27
|
|t:|1653694606
|move|p1a: Tapu Koko|Calm Mind|p1a: Tapu Koko
|-boost|p1a: Tapu Koko|spa|1
|-boost|p1a: Tapu Koko|spd|1
|move|p2a: Tapu Fini|Taunt|p1a: Tapu Koko
|-start|p1a: Tapu Koko|move: Taunt
|
|upkeep
|turn|28
|
|t:|1653694608
|move|p1a: Tapu Koko|Thunderbolt|p2a: Tapu Fini
|-supereffective|p2a: Tapu Fini
|-damage|p2a: Tapu Fini|10/100
|move|p2a: Tapu Fini|Calm Mind|p2a: Tapu Fini
|-boost|p2a: Tapu Fini|spa|1
|-boost|p2a: Tapu Fini|spd|1
|
|upkeep
|turn|29
|
|t:|1653694613
|move|p1a: Tapu Koko|Thunderbolt|p2a: Tapu Fini
|-supereffective|p2a: Tapu Fini
|-damage|p2a: Tapu Fini|0 fnt
|faint|p2a: Tapu Fini
|
|-fieldend|move: Electric Terrain
|upkeep
|
|t:|1653694616
|switch|p2a: Heatran|Heatran, F|100/100
|turn|30
|
|t:|1653694618
|switch|p1a: Landorus|Landorus-Therian, M|75/100
|-ability|p1a: Landorus|Intimidate|boost
|-unboost|p2a: Heatran|atk|1
|move|p2a: Heatran|Magma Storm|p1a: Landorus
|-damage|p1a: Landorus|40/100
|-activate|p1a: Landorus|move: Magma Storm|[of] p2a: Heatran
|
|-heal|p1a: Landorus|46/100|[from] item: Leftovers
|-damage|p1a: Landorus|34/100|[from] move: Magma Storm|[partiallytrapped]
|upkeep
|turn|31
|
|t:|1653694629
|move|p1a: Landorus|Earthquake|p2a: Heatran
|-supereffective|p2a: Heatran
|-damage|p2a: Heatran|0 fnt
|faint|p2a: Heatran
|
|-heal|p1a: Landorus|40/100|[from] item: Leftovers
|-end|p1a: Landorus|Magma Storm|[partiallytrapped]|[silent]
|upkeep
|
|t:|1653694631
|switch|p2a: Weavile|Weavile, F|100/100
|-ability|p2a: Weavile|Pressure
|turn|32
|
|t:|1653694636
|move|p2a: Weavile|Swords Dance|p2a: Weavile
|-boost|p2a: Weavile|atk|2
|move|p1a: Landorus|U-turn|p2a: Weavile
|-supereffective|p2a: Weavile
|-damage|p2a: Weavile|19/100
|
|t:|1653694639
|switch|p1a: Bisharp|Bisharp, F|100/100|[from]move: U-turn
|
|upkeep
|turn|33
|
|t:|1653694644
|switch|p2a: Buzzwole|Buzzwole|89/100
|move|p1a: Bisharp|Sucker Punch||[still]
|-fail|p1a: Bisharp
|
|upkeep
|turn|34
|
|t:|1653694648
|switch|p2a: Aegislash|Aegislash, M|87/100
|move|p1a: Bisharp|Iron Head|p2a: Aegislash
|-resisted|p2a: Aegislash
|-damage|p2a: Aegislash|69/100
|
|-heal|p2a: Aegislash|75/100|[from] item: Leftovers
|upkeep
|turn|35
|
|t:|1653694651
|move|p1a: Bisharp|Knock Off|p2a: Aegislash
|-supereffective|p2a: Aegislash
|-damage|p2a: Aegislash|0 fnt
|-enditem|p2a: Aegislash|Leftovers|[from] move: Knock Off|[of] p1a: Bisharp
|faint|p2a: Aegislash
|
|upkeep
|-message|Pinks1ip forfeited.
|
|win|AlphaAero
|raw|AlphaAero's rating: 1642 &rarr; <strong>1657</strong><br />(+15 for winning)
|raw|Pinks1ip's rating: 1550 &rarr; <strong>1535</strong><br />(-15 for losing)
|l|☆Pinks1ip
