|html|<div class="broadcast-blue"><strong>[Gen 8] OU is currently suspecting Urshifu-S! For information on how to participate check out the <a href="https://www.smogon.com/forums/threads/np-ss-ou-suspect-process-round-8-aint-no-rest-for-the-wicked.3675310/">suspect thread</a>.</strong></div>
|j|☆legitteambuilder
|j|‽West indies
|t:|1610117715
|player|p1|legitteambuilder|lance|1784
|player|p2|West indies|ltsurge|1736
|teamsize|p1|6
|teamsize|p2|6
|gametype|singles
|gen|8
|tier|[Gen 8] OU
|rated|
|clearpoke
|poke|p1|Azumarill, F|
|poke|p1|Regieleki|
|poke|p1|Buzzwole|
|poke|p1|Spectrier|
|poke|p1|Landorus-Therian, M|
|poke|p1|Kartana|
|poke|p2|Regieleki|
|poke|p2|Cinderace, F|
|poke|p2|Obstagoon, M|
|poke|p2|Landorus-Therian, M|
|poke|p2|Urshifu-*, F|
|poke|p2|Magearna|
|rule|Sleep Clause Mod: Limit one foe put to sleep
|rule|Species Clause: Limit one of each Pokémon
|rule|OHKO Clause: OHKO moves are banned
|rule|Evasion Moves Clause: Evasion moves are banned
|rule|Endless Battle Clause: Forcing endless battles is banned
|rule|HP Percentage Mod: HP is shown in percentages
|rule|Dynamax Clause: You cannot dynamax
|teampreview
|j| nmbmnbjhgjh
|j| outw lool
|j| Vessev
|
|t:|1610117757
|start
|switch|p1a: Hey! Mr. Rager!|Landorus-Therian, M, shiny|100/100
|switch|p2a: Magearna|Magearna|100/100
|-ability|p1a: Hey! Mr. Rager!|Intimidate|boost
|-unboost|p2a: Magearna|atk|1
|turn|1
|
|t:|1610117771
|move|p1a: Hey! Mr. Rager!|Earthquake|p2a: Magearna
|-supereffective|p2a: Magearna
|-damage|p2a: Magearna|6/100
|move|p2a: Magearna|Fleur Cannon|p1a: Hey! Mr. Rager!
|-enditem|p1a: Hey! Mr. Rager!|Focus Sash
|-damage|p1a: Hey! Mr. Rager!|1/100
|-unboost|p2a: Magearna|spa|2
|
|upkeep
|turn|2
|
|t:|1610117789
|switch|p2a: Landorus|Landorus-Therian, M|100/100
|-ability|p2a: Landorus|Intimidate|boost
|-unboost|p1a: Hey! Mr. Rager!|atk|1
|move|p1a: Hey! Mr. Rager!|Stealth Rock|p2a: Landorus
|-sidestart|p2: West indies|move: Stealth Rock
|
|upkeep
|turn|3
|
|t:|1610117803
|move|p2a: Landorus|Knock Off|p1a: Hey! Mr. Rager!
|-damage|p1a: Hey! Mr. Rager!|0 fnt
|faint|p1a: Hey! Mr. Rager!
|
|upkeep
|inactive|Battle timer is ON: inactive players will automatically lose when time's up. (requested by West indies)
|
|t:|1610117834
|switch|p1a: it's ova|Kartana, shiny|100/100
|turn|4
|
|t:|1610117840
|move|p2a: Landorus|Knock Off|p1a: it's ova
|-damage|p1a: it's ova|61/100
|-enditem|p1a: it's ova|Protective Pads|[from] move: Knock Off|[of] p2a: Landorus
|move|p1a: it's ova|Swords Dance|p1a: it's ova
|-boost|p1a: it's ova|atk|2
|
|upkeep
|turn|5
|
|t:|1610117849
|switch|p2a: Magearna|Magearna|6/100
|-damage|p2a: Magearna|0 fnt|[from] Stealth Rock
|faint|p2a: Magearna
|move|p1a: it's ova|Knock Off|p2: Magearna|[notarget]
|-fail|p1a: it's ova
|
|upkeep
|
|t:|1610117864
|switch|p2a: Cinderace|Cinderace, F|100/100
|turn|6
|j| katagraal
|
|t:|1610117884
|move|p1a: it's ova|Knock Off|p2a: Cinderace
|-damage|p2a: Cinderace|0 fnt
|-enditem|p2a: Cinderace|Heavy-Duty Boots|[from] move: Knock Off|[of] p1a: it's ova
|faint|p2a: Cinderace
|-ability|p1a: it's ova|Beast Boost|boost
|-boost|p1a: it's ova|atk|1
|
|upkeep
|
|t:|1610117894
|switch|p2a: Regieleki|Regieleki|100/100
|-damage|p2a: Regieleki|88/100|[from] Stealth Rock
|turn|7
|
|t:|1610117900
|move|p2a: Regieleki|Thunderbolt|p1a: it's ova
|-resisted|p1a: it's ova
|-damage|p1a: it's ova|0 fnt
|-damage|p2a: Regieleki|78/100|[from] item: Life Orb
|faint|p1a: it's ova
|
|upkeep
|
|t:|1610117904
|switch|p1a: Electro kid|Regieleki|100/100
|turn|8
|
|t:|1610117909
|move|p2a: Regieleki|Thunderbolt|p1a: Electro kid
|-resisted|p1a: Electro kid
|-damage|p1a: Electro kid|24/100
|-damage|p2a: Regieleki|68/100|[from] item: Life Orb
|move|p1a: Electro kid|Light Screen|p1a: Electro kid
|-sidestart|p1: legitteambuilder|move: Light Screen
|
|upkeep
|turn|9
|
|t:|1610117934
|move|p1a: Electro kid|Explosion|p2a: Regieleki
|-damage|p2a: Regieleki|0 fnt
|faint|p1a: Electro kid
|faint|p2a: Regieleki
|
|upkeep
|inactive|legitteambuilder has 120 seconds left.
|
|t:|1610117955
|switch|p1a: NBAYB listener|Buzzwole|100/100
|switch|p2a: Urshifu|Urshifu-Rapid-Strike, F|100/100
|-damage|p2a: Urshifu|94/100|[from] Stealth Rock
|turn|10
|
|t:|1610117963
|move|p2a: Urshifu|Surging Strikes|p1a: NBAYB listener
|-crit|p1a: NBAYB listener
|-damage|p1a: NBAYB listener|83/100
|-crit|p1a: NBAYB listener
|-damage|p1a: NBAYB listener|65/100
|-crit|p1a: NBAYB listener
|-damage|p1a: NBAYB listener|48/100
|-hitcount|p1a: NBAYB listener|3
|move|p1a: NBAYB listener|Drain Punch|p2a: Urshifu
|-damage|p2a: Urshifu|56/100
|-heal|p1a: NBAYB listener|64/100|[from] drain|[of] p2a: Urshifu
|
|-heal|p1a: NBAYB listener|70/100|[from] item: Leftovers
|upkeep
|turn|11
|
|t:|1610117976
|move|p2a: Urshifu|Surging Strikes|p1a: NBAYB listener
|-crit|p1a: NBAYB listener
|-damage|p1a: NBAYB listener|53/100
|-crit|p1a: NBAYB listener
|-damage|p1a: NBAYB listener|34/100
|-crit|p1a: NBAYB listener
|-damage|p1a: NBAYB listener|17/100
|-hitcount|p1a: NBAYB listener|3
|move|p1a: NBAYB listener|Drain Punch|p2a: Urshifu
|-damage|p2a: Urshifu|11/100
|-heal|p1a: NBAYB listener|36/100|[from] drain|[of] p2a: Urshifu
|
|-heal|p1a: NBAYB listener|42/100|[from] item: Leftovers
|upkeep
|turn|12
|
|t:|1610117989
|switch|p1a: Prince|Spectrier|100/100
|move|p2a: Urshifu|Surging Strikes|p1a: Prince
|-crit|p1a: Prince
|-damage|p1a: Prince|73/100
|-crit|p1a: Prince
|-damage|p1a: Prince|45/100
|-crit|p1a: Prince
|-damage|p1a: Prince|18/100
|-hitcount|p1a: Prince|3
|
|-heal|p1a: Prince|24/100|[from] item: Leftovers
|upkeep
|turn|13
|
|t:|1610118002
|switch|p2a: Obstagoon|Obstagoon, M|100/100
|-damage|p2a: Obstagoon|88/100|[from] Stealth Rock
|move|p1a: Prince|Will-O-Wisp|p2a: Obstagoon
|-status|p2a: Obstagoon|brn
|
|-heal|p1a: Prince|30/100|[from] item: Leftovers
|-damage|p2a: Obstagoon|82/100 brn|[from] brn
|upkeep
|turn|14
|
|t:|1610118015
|switch|p1a: NBAYB listener|Buzzwole|42/100
|move|p2a: Obstagoon|Knock Off|p1a: NBAYB listener
|-resisted|p1a: NBAYB listener
|-crit|p1a: NBAYB listener
|-damage|p1a: NBAYB listener|13/100
|-enditem|p1a: NBAYB listener|Leftovers|[from] move: Knock Off|[of] p2a: Obstagoon
|
|-damage|p2a: Obstagoon|76/100 brn|[from] brn
|upkeep
|turn|15
|
|t:|1610118028
|move|p2a: Obstagoon|Facade|p1a: NBAYB listener
|-damage|p1a: NBAYB listener|0 fnt
|faint|p1a: NBAYB listener
|
|-damage|p2a: Obstagoon|70/100 brn|[from] brn
|-sideend|p1: legitteambuilder|move: Light Screen
|upkeep
|
|t:|1610118035
|switch|p1a: Awoomarill|Azumarill, F, shiny|100/100
|turn|16
|
|t:|1610118038
|move|p2a: Obstagoon|Facade|p1a: Awoomarill
|-damage|p1a: Awoomarill|1/100
|-enditem|p1a: Awoomarill|Sitrus Berry|[eat]
|-heal|p1a: Awoomarill|26/100|[from] item: Sitrus Berry
|move|p1a: Awoomarill|Play Rough|p2a: Obstagoon
|-supereffective|p2a: Obstagoon
|-damage|p2a: Obstagoon|0 fnt
|faint|p2a: Obstagoon
|
|upkeep
|
|t:|1610118054
|switch|p2a: Landorus|Landorus-Therian, M|100/100
|-damage|p2a: Landorus|88/100|[from] Stealth Rock
|-ability|p2a: Landorus|Intimidate|boost
|-unboost|p1a: Awoomarill|atk|1
|turn|17
|
|t:|1610118069
|move|p1a: Awoomarill|Aqua Jet|p2a: Landorus
|-supereffective|p2a: Landorus
|-damage|p2a: Landorus|47/100
|move|p2a: Landorus|Earthquake|p1a: Awoomarill
|-damage|p1a: Awoomarill|0 fnt
|faint|p1a: Awoomarill
|
|upkeep
|
|t:|1610118071
|switch|p1a: Prince|Spectrier|30/100
|turn|18
|-message|legitteambuilder forfeited.
|
|win|West indies
|l|☆legitteambuilder
|l|‽West indies
|l| katagraal
|l| outw lool
||Ladder (probably) updated, but score could not be retrieved (Request timeout).
