|j|☆TestSubject88
|j|☆goran el draco
|t:|1648092537
|gametype|singles
|player|p1|TestSubject88|wally|1686
|player|p2|goran el draco|harlequin|1798
|teamsize|p1|6
|teamsize|p2|6
|gen|8
|tier|[Gen 8] OU
|rated|
|rule|Sleep Clause Mod: Limit one foe put to sleep
|rule|Species Clause: Limit one of each Pokémon
|rule|OHKO Clause: OHKO moves are banned
|rule|Evasion Moves Clause: Evasion moves are banned
|rule|Endless Battle Clause: Forcing endless battles is banned
|rule|HP Percentage Mod: HP is shown in percentages
|rule|Dynamax Clause: You cannot dynamax
|clearpoke
|poke|p1|Moltres-Galar|
|poke|p1|Dragapult, F|
|poke|p1|Aegislash, M|
|poke|p1|Cloyster, F|
|poke|p1|Linoone, F|
|poke|p1|Regieleki|
|poke|p2|Ferrothorn, F|
|poke|p2|Urshifu-*, F|
|poke|p2|Landorus-Therian, M|
|poke|p2|Dragapult, F|
|poke|p2|Nihilego|
|poke|p2|Volcanion|
|teampreview
|inactive|Battle timer is ON: inactive players will automatically lose when time's up. (requested by goran el draco)
|inactive|TestSubject88 has 120 seconds left.
|
|t:|1648092570
|start
|switch|p1a: Regieleki|Regieleki|100/100
|switch|p2a: Landorus|Landorus-Therian, M|100/100
|-ability|p2a: Landorus|Intimidate|boost
|-unboost|p1a: Regieleki|atk|1
|turn|1
|
|t:|1648092575
|move|p1a: Regieleki|Reflect|p1a: Regieleki
|-sidestart|p1: TestSubject88|Reflect
|move|p2a: Landorus|Knock Off|p1a: Regieleki
|-damage|p1a: Regieleki|75/100
|-enditem|p1a: Regieleki|Light Clay|[from] move: Knock Off|[of] p2a: Landorus
|
|upkeep
|turn|2
|
|t:|1648092595
|switch|p1a: Cloyster|Cloyster, F|100/100
|move|p2a: Landorus|Stealth Rock|p1a: Cloyster
|-sidestart|p1: TestSubject88|move: Stealth Rock
|
|upkeep
|turn|3
|
|t:|1648092606
|move|p1a: Cloyster|Icicle Spear|p2a: Landorus
|-supereffective|p2a: Landorus
|-damage|p2a: Landorus|53/100
|-supereffective|p2a: Landorus
|-damage|p2a: Landorus|11/100
|-supereffective|p2a: Landorus
|-damage|p2a: Landorus|0 fnt
|faint|p2a: Landorus
|-hitcount|p2: Landorus|3
|
|upkeep
|
|t:|1648092616
|switch|p2a: Dragapult|Dragapult, F|100/100
|turn|4
|
|t:|1648092622
|switch|p1a: Linoone|Linoone, F|100/100
|-damage|p1a: Linoone|88/100|[from] Stealth Rock
|move|p2a: Dragapult|Flamethrower|p1a: Linoone
|-damage|p1a: Linoone|17/100
|-enditem|p1a: Linoone|Figy Berry|[eat]
|-heal|p1a: Linoone|50/100|[from] item: Figy Berry
|
|upkeep
|turn|5
|
|t:|1648092645
|move|p2a: Dragapult|Flamethrower|p1a: Linoone
|-damage|p1a: Linoone|0 fnt
|faint|p1a: Linoone
|
|upkeep
|
|t:|1648092647
|switch|p1a: Regieleki|Regieleki|75/100
|-damage|p1a: Regieleki|63/100|[from] Stealth Rock
|turn|6
|
|t:|1648092654
|move|p1a: Regieleki|Light Screen|p1a: Regieleki
|-sidestart|p1: TestSubject88|move: Light Screen
|move|p2a: Dragapult|Flamethrower|p1a: Regieleki
|-damage|p1a: Regieleki|27/100
|
|upkeep
|turn|7
|
|t:|1648092665
|move|p1a: Regieleki|Explosion|p2a: Dragapult
|-immune|p2a: Dragapult
|faint|p1a: Regieleki
|move|p2a: Dragapult|Flamethrower|p1: Regieleki|[notarget]
|-fail|p2a: Dragapult
|
|upkeep
|j| yinshang
|
|t:|1648092677
|switch|p1a: Dragapult|Dragapult, F|100/100
|-damage|p1a: Dragapult|88/100|[from] Stealth Rock
|turn|8
|
|t:|1648092681
|switch|p2a: Ferrothorn|Ferrothorn, F|100/100
|move|p1a: Dragapult|Dragon Dance|p1a: Dragapult
|-boost|p1a: Dragapult|atk|1
|-boost|p1a: Dragapult|spe|1
|
|-sideend|p1: TestSubject88|Reflect
|upkeep
|turn|9
|
|t:|1648092685
|move|p1a: Dragapult|Fire Blast|p2a: Ferrothorn
|-supereffective|p2a: Ferrothorn
|-damage|p2a: Ferrothorn|0 fnt
|faint|p2a: Ferrothorn
|-damage|p1a: Dragapult|78/100|[from] item: Life Orb
|
|upkeep
|
|t:|1648092698
|switch|p2a: Urshifu|Urshifu-Rapid-Strike, F|100/100
|turn|10
|
|t:|1648092702
|move|p1a: Dragapult|Dragon Darts|p2a: Urshifu
|-damage|p2a: Urshifu|52/100
|-anim|p1a: Dragapult|Dragon Darts|p2a: Urshifu
|-damage|p2a: Urshifu|4/100
|-damage|p1a: Dragapult|69/100|[from] item: Life Orb
|move|p2a: Urshifu|Surging Strikes|p1a: Dragapult
|-resisted|p1a: Dragapult
|-crit|p1a: Dragapult
|-damage|p1a: Dragapult|49/100
|-resisted|p1a: Dragapult
|-crit|p1a: Dragapult
|-damage|p1a: Dragapult|31/100
|-resisted|p1a: Dragapult
|-crit|p1a: Dragapult
|-damage|p1a: Dragapult|13/100
|-hitcount|p1a: Dragapult|3
|-damage|p2a: Urshifu|0 fnt|[from] item: Life Orb
|faint|p2a: Urshifu
|
|-sideend|p1: TestSubject88|move: Light Screen
|upkeep
|
|t:|1648092724
|switch|p2a: Volcanion|Volcanion|100/100
|turn|11
|
|t:|1648092730
|move|p1a: Dragapult|Dragon Darts|p2a: Volcanion
|-damage|p2a: Volcanion|46/100
|-anim|p1a: Dragapult|Dragon Darts|p2a: Volcanion
|-crit|p2a: Volcanion
|-damage|p2a: Volcanion|0 fnt
|faint|p2a: Volcanion
|-damage|p1a: Dragapult|3/100|[from] item: Life Orb
|
|upkeep
|
|t:|1648092732
|switch|p2a: Dragapult|Dragapult, F|100/100
|turn|12
|
|t:|1648092740
|move|p1a: Dragapult|Dragon Darts|p2a: Dragapult
|-supereffective|p2a: Dragapult
|-damage|p2a: Dragapult|0 fnt
|faint|p2a: Dragapult
|-damage|p1a: Dragapult|0 fnt|[from] item: Life Orb
|faint|p1a: Dragapult
|
|upkeep
|
|t:|1648092750
|switch|p1a: Aegislash|Aegislash, M|100/100
|switch|p2a: Nihilego|Nihilego|100/100
|-damage|p1a: Aegislash|94/100|[from] Stealth Rock
|-item|p1a: Aegislash|Air Balloon
|turn|13
|
|t:|1648092757
|move|p2a: Nihilego|Meteor Beam||[still]
|-prepare|p2a: Nihilego|Meteor Beam
|-boost|p2a: Nihilego|spa|1
|-enditem|p2a: Nihilego|Power Herb
|-anim|p2a: Nihilego|Meteor Beam|p1a: Aegislash
|-resisted|p1a: Aegislash
|-damage|p1a: Aegislash|50/100
|-enditem|p1a: Aegislash|Air Balloon
|-formechange|p1a: Aegislash|Aegislash-Blade||[from] ability: Stance Change
|move|p1a: Aegislash|Iron Head|p2a: Nihilego
|-supereffective|p2a: Nihilego
|-damage|p2a: Nihilego|0 fnt
|faint|p2a: Nihilego
|
|win|TestSubject88
|raw|TestSubject88's rating: 1686 &rarr; <strong>1712</strong><br />(+26 for winning)
|raw|goran el draco's rating: 1798 &rarr; <strong>1772</strong><br />(-26 for losing)
|l|☆goran el draco
