|j|☆8balljacketguy
|j|☆Brick Bronson
|t:|1628577982
|gametype|singles
|player|p1|8balljacketguy|red|1307
|player|p2|Brick Bronson|266|1355
|teamsize|p1|6
|teamsize|p2|6
|gen|8
|tier|[Gen 8] OU
|rated|
|rule|Sleep Clause Mod: Limit one foe put to sleep
|rule|Species Clause: Limit one of each Pokémon
|rule|OHKO Clause: OHKO moves are banned
|rule|Evasion Moves Clause: Evasion moves are banned
|rule|Endless Battle Clause: Forcing endless battles is banned
|rule|HP Percentage Mod: HP is shown in percentages
|rule|Dynamax Clause: You cannot dynamax
|clearpoke
|poke|p1|Quagsire, F|
|poke|p1|Ditto|
|poke|p1|Blissey, F|
|poke|p1|Blaziken, M|
|poke|p1|Zapdos|
|poke|p1|Slowbro-Galar, M|
|poke|p2|Clefable, M|
|poke|p2|Corviknight, F|
|poke|p2|Hydreigon, M|
|poke|p2|Rotom-Wash|
|poke|p2|Hippowdon, F|
|poke|p2|Excadrill, M|
|teampreview
|c|☆Brick Bronson|hf
|inactive|Battle timer is ON: inactive players will automatically lose when time's up. (requested by 8balljacketguy)
|inactive|Brick Bronson also wants the timer to be on.
|
|t:|1628577995
|start
|switch|p1a: Slowbro|Slowbro-Galar, M|100/100
|switch|p2a: Hippowdon|Hippowdon, F|100/100
|-weather|Sandstorm|[from] ability: Sand Stream|[of] p2a: Hippowdon
|turn|1
|
|t:|1628577998
|move|p2a: Hippowdon|Stealth Rock|p1a: Slowbro
|-sidestart|p1: 8balljacketguy|move: Stealth Rock
|move|p1a: Slowbro|Ice Beam|p2a: Hippowdon
|-supereffective|p2a: Hippowdon
|-damage|p2a: Hippowdon|39/100
|
|-weather|Sandstorm|[upkeep]
|-damage|p1a: Slowbro|94/100|[from] Sandstorm
|upkeep
|turn|2
|
|t:|1628578000
|switch|p2a: Excadrill|Excadrill, M|100/100
|move|p1a: Slowbro|Ice Beam|p2a: Excadrill
|-damage|p2a: Excadrill|64/100
|
|-weather|Sandstorm|[upkeep]
|-damage|p1a: Slowbro|88/100|[from] Sandstorm
|upkeep
|turn|3
|
|t:|1628578003
|move|p2a: Excadrill|Earthquake|p1a: Slowbro
|-supereffective|p1a: Slowbro
|-damage|p1a: Slowbro|0 fnt
|faint|p1a: Slowbro
|-damage|p2a: Excadrill|54/100|[from] item: Life Orb
|
|-weather|Sandstorm|[upkeep]
|upkeep
|
|t:|1628578008
|switch|p1a: Quagsire|Quagsire, F|100/100
|-damage|p1a: Quagsire|94/100|[from] Stealth Rock
|turn|4
|
|t:|1628578011
|switch|p2a: rotomwash|Rotom-Wash|100/100
|move|p1a: Quagsire|Scald|p2a: rotomwash
|-resisted|p2a: rotomwash
|-damage|p2a: rotomwash|89/100
|
|-weather|Sandstorm|[upkeep]
|-damage|p2a: rotomwash|83/100|[from] Sandstorm
|-heal|p1a: Quagsire|100/100|[from] item: Leftovers
|upkeep
|turn|5
|
|t:|1628578015
|move|p2a: rotomwash|Hydro Pump|p1a: Quagsire
|-damage|p1a: Quagsire|36/100
|move|p1a: Quagsire|Toxic|p2a: rotomwash
|-status|p2a: rotomwash|tox
|
|-weather|Sandstorm|[upkeep]
|-damage|p2a: rotomwash|77/100 tox|[from] Sandstorm
|-heal|p1a: Quagsire|42/100|[from] item: Leftovers
|-damage|p2a: rotomwash|71/100 tox|[from] psn
|upkeep
|turn|6
|
|t:|1628578020
|switch|p1a: Blissey|Blissey, F|100/100
|move|p2a: rotomwash|Hydro Pump|p1a: Blissey
|-damage|p1a: Blissey|82/100
|
|-weather|Sandstorm|[upkeep]
|-damage|p2a: rotomwash|65/100 tox|[from] Sandstorm
|-damage|p1a: Blissey|75/100|[from] Sandstorm
|-damage|p2a: rotomwash|53/100 tox|[from] psn
|upkeep
|turn|7
|
|t:|1628578027
|switch|p2a: Excadrill|Excadrill, M|54/100
|move|p1a: Blissey|Teleport|p1a: Blissey
|
|t:|1628578029
|switch|p1a: Ditto|Ditto|100/100|[from]move: Teleport
|-damage|p1a: Ditto|88/100|[from] Stealth Rock
|-transform|p1a: Ditto|p2a: Excadrill|[from] ability: Imposter
|
|-weather|Sandstorm|[upkeep]
|upkeep
|turn|8
|
|t:|1628578037
|switch|p1a: Zapdos|Zapdos|100/100
|switch|p2a: rotomwash|Rotom-Wash|53/100 tox
|
|-weather|none
|-damage|p2a: rotomwash|47/100 tox|[from] psn
|upkeep
|turn|9
|
|t:|1628578046
|move|p2a: rotomwash|Volt Switch|p1a: Zapdos
|-damage|p1a: Zapdos|70/100
|
|t:|1628578046
|switch|p2a: Hydreigon|Hydreigon, M|100/100|[from]move: Volt Switch
|move|p1a: Zapdos|Roost|p1a: Zapdos
|-heal|p1a: Zapdos|100/100
|-singleturn|p1a: Zapdos|move: Roost
|
|upkeep
|turn|10
|
|t:|1628578053
|switch|p1a: Blissey|Blissey, F|75/100
|move|p2a: Hydreigon|Substitute|p2a: Hydreigon
|-start|p2a: Hydreigon|Substitute
|-damage|p2a: Hydreigon|76/100
|
|-heal|p2a: Hydreigon|82/100|[from] item: Leftovers
|upkeep
|turn|11
|
|t:|1628578056
|move|p2a: Hydreigon|Nasty Plot|p2a: Hydreigon
|-boost|p2a: Hydreigon|spa|2
|move|p1a: Blissey|Seismic Toss|p2a: Hydreigon
|-end|p2a: Hydreigon|Substitute
|
|-heal|p2a: Hydreigon|88/100|[from] item: Leftovers
|upkeep
|turn|12
|
|t:|1628578058
|move|p2a: Hydreigon|Substitute|p2a: Hydreigon
|-start|p2a: Hydreigon|Substitute
|-damage|p2a: Hydreigon|63/100
|move|p1a: Blissey|Seismic Toss|p2a: Hydreigon
|-end|p2a: Hydreigon|Substitute
|
|-heal|p2a: Hydreigon|69/100|[from] item: Leftovers
|upkeep
|turn|13
|
|t:|1628578060
|move|p2a: Hydreigon|Substitute|p2a: Hydreigon
|-start|p2a: Hydreigon|Substitute
|-damage|p2a: Hydreigon|44/100
|move|p1a: Blissey|Seismic Toss|p2a: Hydreigon
|-end|p2a: Hydreigon|Substitute
|
|-heal|p2a: Hydreigon|50/100|[from] item: Leftovers
|upkeep
|turn|14
|
|t:|1628578061
|move|p2a: Hydreigon|Substitute|p2a: Hydreigon
|-start|p2a: Hydreigon|Substitute
|-damage|p2a: Hydreigon|25/100
|move|p1a: Blissey|Seismic Toss|p2a: Hydreigon
|-end|p2a: Hydreigon|Substitute
|
|-heal|p2a: Hydreigon|32/100|[from] item: Leftovers
|upkeep
|turn|15
|
|t:|1628578062
|move|p2a: Hydreigon|Dark Pulse|p1a: Blissey
|-damage|p1a: Blissey|46/100
|move|p1a: Blissey|Seismic Toss|p2a: Hydreigon
|-damage|p2a: Hydreigon|1/100
|
|-heal|p2a: Hydreigon|7/100|[from] item: Leftovers
|upkeep
|turn|16
|
|t:|1628578063
|move|p2a: Hydreigon|Dark Pulse|p1a: Blissey
|-damage|p1a: Blissey|15/100
|move|p1a: Blissey|Seismic Toss|p2a: Hydreigon
|-damage|p2a: Hydreigon|0 fnt
|faint|p2a: Hydreigon
|
|upkeep
|
|t:|1628578063
|switch|p2a: Corviknight|Corviknight, F|100/100
|-ability|p2a: Corviknight|Pressure
|turn|17
|
|t:|1628578068
|move|p2a: Corviknight|Brave Bird|p1a: Blissey
|-damage|p1a: Blissey|0 fnt
|faint|p1a: Blissey
|-damage|p2a: Corviknight|92/100|[from] Recoil
|
|-heal|p2a: Corviknight|98/100|[from] item: Leftovers
|upkeep
|
|t:|1628578070
|switch|p1a: Blaziken|Blaziken, M|100/100
|-damage|p1a: Blaziken|88/100|[from] Stealth Rock
|turn|18
|
|t:|1628578071
|switch|p2a: rotomwash|Rotom-Wash|47/100 tox
|move|p1a: Blaziken|Swords Dance|p1a: Blaziken
|-boost|p1a: Blaziken|atk|2
|
|-damage|p2a: rotomwash|41/100 tox|[from] psn
|-ability|p1a: Blaziken|Speed Boost|boost
|-boost|p1a: Blaziken|spe|1
|upkeep
|turn|19
|
|t:|1628578086
|move|p2a: rotomwash|Hydro Pump|p1a: Blaziken
|-supereffective|p1a: Blaziken
|-damage|p1a: Blaziken|0 fnt
|faint|p1a: Blaziken
|
|-damage|p2a: rotomwash|29/100 tox|[from] psn
|upkeep
|
|t:|1628578093
|switch|p1a: Zapdos|Zapdos|100/100
|turn|20
|
|t:|1628578096
|move|p2a: rotomwash|Hydro Pump|p1a: Zapdos
|-damage|p1a: Zapdos|56/100
|move|p1a: Zapdos|Thunderbolt|p2a: rotomwash
|-damage|p2a: rotomwash|0 fnt
|faint|p2a: rotomwash
|
|upkeep
|
|t:|1628578096
|switch|p2a: Clefable|Clefable, M|100/100
|turn|21
|
|t:|1628578099
|move|p1a: Zapdos|Hurricane|p2a: Clefable
|-damage|p2a: Clefable|40/100
|-start|p2a: Clefable|confusion
|-activate|p2a: Clefable|confusion
|move|p2a: Clefable|Moonblast|p1a: Zapdos
|-crit|p1a: Zapdos
|-damage|p1a: Zapdos|0 fnt
|faint|p1a: Zapdos
|
|upkeep
|
|t:|1628578104
|switch|p1a: Ditto|Ditto|88/100
|-damage|p1a: Ditto|76/100|[from] Stealth Rock
|-transform|p1a: Ditto|p2a: Clefable|[from] ability: Imposter
|turn|22
|
|t:|1628578109
|switch|p2a: Corviknight|Corviknight, F|98/100
|-ability|p2a: Corviknight|Pressure
|move|p1a: Ditto|Flamethrower|p2a: Corviknight
|-supereffective|p2a: Corviknight
|-damage|p2a: Corviknight|45/100
|
|-heal|p2a: Corviknight|51/100|[from] item: Leftovers
|upkeep
|turn|23
|
|t:|1628578110
|move|p1a: Ditto|Flamethrower|p2a: Corviknight
|-supereffective|p2a: Corviknight
|-damage|p2a: Corviknight|0 fnt
|faint|p2a: Corviknight
|
|upkeep
|
|t:|1628578110
|switch|p2a: Excadrill|Excadrill, M|54/100
|turn|24
|
|t:|1628578112
|move|p2a: Excadrill|Earthquake|p1a: Ditto
|-damage|p1a: Ditto|0 fnt
|faint|p1a: Ditto
|-damage|p2a: Excadrill|44/100|[from] item: Life Orb
|
|upkeep
|
|t:|1628578114
|switch|p1a: Quagsire|Quagsire, F|42/100
|-damage|p1a: Quagsire|36/100|[from] Stealth Rock
|turn|25
|
|t:|1628578115
|move|p2a: Excadrill|Earthquake|p1a: Quagsire
|-damage|p1a: Quagsire|0 fnt
|faint|p1a: Quagsire
|-damage|p2a: Excadrill|34/100|[from] item: Life Orb
|
|win|Brick Bronson
|raw|8balljacketguy's rating: 1307 &rarr; <strong>1290</strong><br />(-17 for losing)
|raw|Brick Bronson's rating: 1355 &rarr; <strong>1372</strong><br />(+17 for winning)
|c|☆Brick Bronson|gg
