|j|☆DonaldNa
|j|☆Run For Me Plz
|t:|1643390119
|gametype|singles
|player|p1|DonaldNa|nate|1768
|player|p2|Run For Me Plz|evelyn|1773
|teamsize|p1|6
|teamsize|p2|6
|gen|8
|tier|[Gen 8] OU
|rated|
|rule|Sleep Clause Mod: Limit one foe put to sleep
|rule|Species Clause: Limit one of each Pokémon
|rule|OHKO Clause: OHKO moves are banned
|rule|Evasion Moves Clause: Evasion moves are banned
|rule|Endless Battle Clause: Forcing endless battles is banned
|rule|HP Percentage Mod: HP is shown in percentages
|rule|Dynamax Clause: You cannot dynamax
|clearpoke
|poke|p1|Toxapex, M|
|poke|p1|Blissey, F|
|poke|p1|Quagsire, M|
|poke|p1|Clefable, M|
|poke|p1|Skarmory, M|
|poke|p1|Zapdos|
|poke|p2|Hydreigon, M|
|poke|p2|Slowking, F|
|poke|p2|Tangrowth, M|
|poke|p2|Corviknight, M|
|poke|p2|Clefable, M|
|poke|p2|Blissey, F|
|teampreview
|inactive|Battle timer is ON: inactive players will automatically lose when time's up. (requested by DonaldNa)
|
|t:|1643390132
|start
|switch|p1a: Clefable|Clefable, M|100/100
|switch|p2a: Pamplemousse|Slowking, F, shiny|100/100
|turn|1
|
|t:|1643390134
|move|p1a: Clefable|Stealth Rock|p2a: Pamplemousse
|-sidestart|p2: Run For Me Plz|move: Stealth Rock
|move|p2a: Pamplemousse|Future Sight|p1a: Clefable
|-start|p2a: Pamplemousse|move: Future Sight
|
|upkeep
|turn|2
|
|t:|1643390136
|move|p1a: Clefable|Knock Off|p2a: Pamplemousse
|-supereffective|p2a: Pamplemousse
|-damage|p2a: Pamplemousse|70/100
|-enditem|p2a: Pamplemousse|Leftovers|[from] move: Knock Off|[of] p1a: Clefable
|move|p2a: Pamplemousse|Teleport|p2a: Pamplemousse
|
|t:|1643390138
|switch|p2a: Excalibird|Corviknight, M, shiny|100/100|[from]move: Teleport
|-damage|p2a: Excalibird|88/100|[from] Stealth Rock
|-ability|p2a: Excalibird|Pressure
|
|-heal|p2a: Excalibird|94/100|[from] item: Leftovers
|upkeep
|turn|3
|
|t:|1643390142
|move|p2a: Excalibird|Defog|p1a: Clefable
|-unboost|p1a: Clefable|evasion|1
|-sideend|p2: Run For Me Plz|Stealth Rock|[from] move: Defog|[of] p2a: Excalibird
|move|p1a: Clefable|Knock Off|p2a: Excalibird
|-damage|p2a: Excalibird|85/100
|-enditem|p2a: Excalibird|Leftovers|[from] move: Knock Off|[of] p1a: Clefable
|
|-end|p1a: Clefable|move: Future Sight
|-damage|p1a: Clefable|61/100
|-heal|p1a: Clefable|67/100|[from] item: Leftovers
|upkeep
|turn|4
|
|t:|1643390145
|move|p2a: Excalibird|Brave Bird|p1a: Clefable
|-damage|p1a: Clefable|39/100
|-damage|p2a: Excalibird|76/100|[from] Recoil
|move|p1a: Clefable|Soft-Boiled|p1a: Clefable
|-heal|p1a: Clefable|89/100
|
|-heal|p1a: Clefable|95/100|[from] item: Leftovers
|upkeep
|turn|5
|
|t:|1643390155
|switch|p1a: Toxapex|Toxapex, M|100/100
|move|p2a: Excalibird|Brave Bird|p1a: Toxapex
|-damage|p1a: Toxapex|78/100
|-damage|p2a: Excalibird|60/100|[from] item: Rocky Helmet|[of] p1a: Toxapex
|-damage|p2a: Excalibird|54/100|[from] Recoil
|
|upkeep
|turn|6
|
|t:|1643390158
|switch|p1a: Skarmory|Skarmory, M|100/100
|move|p2a: Excalibird|Roost|p2a: Excalibird
|-heal|p2a: Excalibird|100/100
|-singleturn|p2a: Excalibird|move: Roost
|
|upkeep
|turn|7
|
|t:|1643390162
|switch|p2a: WHERE YA MOM AT|Tangrowth, M, shiny|100/100
|move|p1a: Skarmory|Iron Defense|p1a: Skarmory
|-boost|p1a: Skarmory|def|2
|
|upkeep
|turn|8
|
|t:|1643390166
|switch|p1a: Blissey|Blissey, F|100/100
|move|p2a: WHERE YA MOM AT|Infestation|p1a: Blissey
|-damage|p1a: Blissey|98/100
|-activate|p1a: Blissey|move: Infestation|[of] p2a: WHERE YA MOM AT
|
|-damage|p1a: Blissey|86/100|[from] move: Infestation|[partiallytrapped]
|upkeep
|turn|9
|
|t:|1643390170
|move|p1a: Blissey|Toxic|p2a: WHERE YA MOM AT
|-status|p2a: WHERE YA MOM AT|tox
|move|p2a: WHERE YA MOM AT|Sleep Powder|p1a: Blissey|[miss]
|-miss|p2a: WHERE YA MOM AT|p1a: Blissey
|
|-damage|p2a: WHERE YA MOM AT|94/100 tox|[from] psn
|-damage|p1a: Blissey|73/100|[from] move: Infestation|[partiallytrapped]
|upkeep
|turn|10
|
|t:|1643390178
|switch|p2a: BIG POPPA|Blissey, F, shiny|100/100
|move|p1a: Blissey|Soft-Boiled|p1a: Blissey
|-heal|p1a: Blissey|100/100
|
|-end|p1a: Blissey|Infestation|[partiallytrapped]|[silent]
|upkeep
|turn|11
|
|t:|1643390183
|switch|p1a: Skarmory|Skarmory, M|100/100
|move|p2a: BIG POPPA|Heal Bell|p2a: BIG POPPA
|-activate|p2a: BIG POPPA|move: Heal Bell
|-curestatus|p2: WHERE YA MOM AT|tox|[msg]
|
|upkeep
|turn|12
|j| vip10086
|
|t:|1643390191
|switch|p2a: WHERE YA MOM AT|Tangrowth, M, shiny|100/100
|move|p1a: Skarmory|Spikes|p2a: WHERE YA MOM AT
|-sidestart|p2: Run For Me Plz|Spikes
|
|upkeep
|turn|13
|
|t:|1643390197
|switch|p1a: Zapdos|Zapdos|100/100
|move|p2a: WHERE YA MOM AT|Sleep Powder|p1a: Zapdos
|-status|p1a: Zapdos|slp|[from] move: Sleep Powder
|
|upkeep
|turn|14
|
|t:|1643390202
|switch|p1a: Blissey|Blissey, F|100/100
|switch|p2a: Cerberus|Hydreigon, M, shiny|100/100
|
|upkeep
|turn|15
|
|t:|1643390204
|move|p2a: Cerberus|Superpower|p1a: Blissey
|-supereffective|p1a: Blissey
|-damage|p1a: Blissey|52/100
|-unboost|p2a: Cerberus|atk|1
|-unboost|p2a: Cerberus|def|1
|move|p1a: Blissey|Toxic|p2a: Cerberus
|-status|p2a: Cerberus|tox
|
|-damage|p2a: Cerberus|94/100 tox|[from] psn
|upkeep
|turn|16
|
|t:|1643390210
|switch|p2a: BIG POPPA|Blissey, F, shiny|100/100
|switch|p1a: Toxapex|Toxapex, M|100/100
|
|upkeep
|turn|17
|
|t:|1643390214
|switch|p1a: Blissey|Blissey, F|52/100
|move|p2a: BIG POPPA|Heal Bell|p2a: BIG POPPA
|-activate|p2a: BIG POPPA|move: Heal Bell
|-curestatus|p2: Cerberus|tox|[msg]
|
|upkeep
|turn|18
|
|t:|1643390216
|switch|p2a: Pamplemousse|Slowking, F, shiny|100/100
|-damage|p2a: Pamplemousse|88/100|[from] Spikes
|move|p1a: Blissey|Soft-Boiled|p1a: Blissey
|-heal|p1a: Blissey|100/100
|
|upkeep
|turn|19
|
|t:|1643390225
|switch|p1a: Toxapex|Toxapex, M|100/100
|move|p2a: Pamplemousse|Future Sight|p1a: Toxapex
|-start|p2a: Pamplemousse|move: Future Sight
|
|upkeep
|turn|20
|
|t:|1643390232
|switch|p1a: Blissey|Blissey, F|100/100
|move|p2a: Pamplemousse|Teleport|p2a: Pamplemousse
|
|t:|1643390236
|switch|p2a: Cerberus|Hydreigon, M, shiny|94/100|[from]move: Teleport
|
|upkeep
|turn|21
|
|t:|1643390240
|switch|p1a: Toxapex|Toxapex, M|100/100
|move|p2a: Cerberus|Dark Pulse|p1a: Toxapex
|-damage|p1a: Toxapex|50/100
|
|-end|p1a: Toxapex|move: Future Sight
|-supereffective|p1a: Toxapex
|-damage|p1a: Toxapex|0 fnt
|faint|p1a: Toxapex
|upkeep
|
|t:|1643390256
|switch|p1a: Blissey|Blissey, F|100/100
|turn|22
|
|t:|1643390261
|switch|p2a: Excalibird|Corviknight, M, shiny|100/100
|-ability|p2a: Excalibird|Pressure
|move|p1a: Blissey|Toxic|p2a: Excalibird
|-immune|p2a: Excalibird
|
|upkeep
|turn|23
|
|t:|1643390265
|switch|p1a: Skarmory|Skarmory, M|100/100
|move|p2a: Excalibird|Defog|p1a: Skarmory
|-unboost|p1a: Skarmory|evasion|1
|-sideend|p2: Run For Me Plz|Spikes|[from] move: Defog|[of] p2a: Excalibird
|
|upkeep
|turn|24
|
|t:|1643390269
|switch|p2a: WHERE YA MOM AT|Tangrowth, M, shiny|100/100
|move|p1a: Skarmory|Iron Defense|p1a: Skarmory
|-boost|p1a: Skarmory|def|2
|
|upkeep
|turn|25
|
|t:|1643390273
|move|p1a: Skarmory|Iron Defense|p1a: Skarmory
|-boost|p1a: Skarmory|def|2
|move|p2a: WHERE YA MOM AT|Infestation|p1a: Skarmory
|-resisted|p1a: Skarmory
|-damage|p1a: Skarmory|99/100
|-activate|p1a: Skarmory|move: Infestation|[of] p2a: WHERE YA MOM AT
|
|-damage|p1a: Skarmory|87/100|[from] move: Infestation|[partiallytrapped]
|upkeep
|turn|26
|
|t:|1643390275
|move|p1a: Skarmory|Body Press|p2a: WHERE YA MOM AT
|-damage|p2a: WHERE YA MOM AT|51/100
|-damage|p1a: Skarmory|70/100|[from] item: Rocky Helmet|[of] p2a: WHERE YA MOM AT
|move|p2a: WHERE YA MOM AT|Sleep Powder|p1a: Skarmory
|-message|Sleep Clause Mod activated.
|
|-damage|p1a: Skarmory|58/100|[from] move: Infestation|[partiallytrapped]
|upkeep
|turn|27
|
|t:|1643390285
|switch|p2a: FAIRY GODMOTHER|Clefable, M, shiny|100/100
|move|p1a: Skarmory|Roost|p1a: Skarmory
|-heal|p1a: Skarmory|100/100
|-singleturn|p1a: Skarmory|move: Roost
|
|-end|p1a: Skarmory|Infestation|[partiallytrapped]|[silent]
|upkeep
|turn|28
|j| coeur de le ciel
|j| blessed days
|
|t:|1643390290
|move|p1a: Skarmory|Body Press|p2a: FAIRY GODMOTHER
|-resisted|p2a: FAIRY GODMOTHER
|-damage|p2a: FAIRY GODMOTHER|88/100
|move|p2a: FAIRY GODMOTHER|Flamethrower|p1a: Skarmory
|-supereffective|p1a: Skarmory
|-damage|p1a: Skarmory|47/100
|
|upkeep
|turn|29
|
|t:|1643390298
|switch|p1a: Blissey|Blissey, F|100/100
|switch|p2a: Pamplemousse|Slowking, F, shiny|100/100
|
|upkeep
|turn|30
|
|t:|1643390302
|move|p1a: Blissey|Toxic|p2a: Pamplemousse
|-status|p2a: Pamplemousse|tox
|move|p2a: Pamplemousse|Future Sight|p1a: Blissey
|-start|p2a: Pamplemousse|move: Future Sight
|
|-damage|p2a: Pamplemousse|94/100 tox|[from] psn
|upkeep
|turn|31
|
|t:|1643390308
|move|p1a: Blissey|Seismic Toss|p2a: Pamplemousse
|-damage|p2a: Pamplemousse|69/100 tox
|move|p2a: Pamplemousse|Teleport|p2a: Pamplemousse
|j| sand gym noob
|
|t:|1643390312
|switch|p2a: Cerberus|Hydreigon, M, shiny|94/100|[from]move: Teleport
|
|upkeep
|turn|32
|
|t:|1643390313
|move|p2a: Cerberus|Superpower|p1a: Blissey
|-supereffective|p1a: Blissey
|-damage|p1a: Blissey|53/100
|-unboost|p2a: Cerberus|atk|1
|-unboost|p2a: Cerberus|def|1
|move|p1a: Blissey|Soft-Boiled|p1a: Blissey
|-heal|p1a: Blissey|100/100
|
|-end|p1a: Blissey|move: Future Sight
|-damage|p1a: Blissey|86/100
|upkeep
|turn|33
|
|t:|1643390322
|switch|p2a: Pamplemousse|Slowking, F, shiny|100/100 tox
|switch|p1a: Skarmory|Skarmory, M|47/100
|
|-damage|p2a: Pamplemousse|94/100 tox|[from] psn
|upkeep
|turn|34
|
|t:|1643390328
|move|p1a: Skarmory|Roost|p1a: Skarmory
|-heal|p1a: Skarmory|97/100
|-singleturn|p1a: Skarmory|move: Roost
|move|p2a: Pamplemousse|Future Sight|p1a: Skarmory
|-start|p2a: Pamplemousse|move: Future Sight
|
|-damage|p2a: Pamplemousse|82/100 tox|[from] psn
|upkeep
|turn|35
|j| Surgo
|j| arnibo
|
|t:|1643390334
|switch|p1a: Blissey|Blissey, F|86/100
|move|p2a: Pamplemousse|Teleport|p2a: Pamplemousse
|
|t:|1643390343
|switch|p2a: Cerberus|Hydreigon, M, shiny|94/100|[from]move: Teleport
|
|upkeep
|turn|36
|
|t:|1643390347
|move|p2a: Cerberus|Superpower|p1a: Blissey
|-supereffective|p1a: Blissey
|-damage|p1a: Blissey|34/100
|-unboost|p2a: Cerberus|atk|1
|-unboost|p2a: Cerberus|def|1
|move|p1a: Blissey|Soft-Boiled|p1a: Blissey
|-heal|p1a: Blissey|84/100
|
|-end|p1a: Blissey|move: Future Sight
|-damage|p1a: Blissey|70/100
|upkeep
|turn|37
|
|t:|1643390357
|switch|p2a: Pamplemousse|Slowking, F, shiny|100/100 tox
|switch|p1a: Clefable|Clefable, M|95/100
|
|-heal|p1a: Clefable|100/100|[from] item: Leftovers
|-damage|p2a: Pamplemousse|94/100 tox|[from] psn
|upkeep
|turn|38
|
|t:|1643390359
|move|p1a: Clefable|Stealth Rock|p2a: Pamplemousse
|-sidestart|p2: Run For Me Plz|move: Stealth Rock
|move|p2a: Pamplemousse|Future Sight|p1a: Clefable
|-start|p2a: Pamplemousse|move: Future Sight
|
|-damage|p2a: Pamplemousse|82/100 tox|[from] psn
|upkeep
|turn|39
|
|t:|1643390364
|switch|p1a: Blissey|Blissey, F|70/100
|move|p2a: Pamplemousse|Teleport|p2a: Pamplemousse
|
|t:|1643390368
|switch|p2a: Excalibird|Corviknight, M, shiny|100/100|[from]move: Teleport
|-damage|p2a: Excalibird|88/100|[from] Stealth Rock
|-ability|p2a: Excalibird|Pressure
|
|upkeep
|turn|40
|
|t:|1643390379
|switch|p1a: Quagsire|Quagsire, M|100/100
|move|p2a: Excalibird|Defog|p1a: Quagsire
|-unboost|p1a: Quagsire|evasion|1
|-sideend|p2: Run For Me Plz|Stealth Rock|[from] move: Defog|[of] p2a: Excalibird
|
|-end|p1a: Quagsire|move: Future Sight
|-damage|p1a: Quagsire|49/100
|-heal|p1a: Quagsire|55/100|[from] item: Leftovers
|upkeep
|turn|41
|
|t:|1643390387
|switch|p2a: Pamplemousse|Slowking, F, shiny|100/100 tox
|move|p1a: Quagsire|Recover|p1a: Quagsire
|-heal|p1a: Quagsire|100/100
|
|-damage|p2a: Pamplemousse|94/100 tox|[from] psn
|upkeep
|turn|42
|
|t:|1643390394
|switch|p1a: Clefable|Clefable, M|100/100
|move|p2a: Pamplemousse|Future Sight|p1a: Clefable
|-start|p2a: Pamplemousse|move: Future Sight
|
|-damage|p2a: Pamplemousse|82/100 tox|[from] psn
|upkeep
|turn|43
|j| MiniLarry
|
|t:|1643390396
|move|p1a: Clefable|Stealth Rock|p2a: Pamplemousse
|-sidestart|p2: Run For Me Plz|move: Stealth Rock
|move|p2a: Pamplemousse|Teleport|p2a: Pamplemousse
|
|t:|1643390398
|switch|p2a: Excalibird|Corviknight, M, shiny|88/100|[from]move: Teleport
|-damage|p2a: Excalibird|75/100|[from] Stealth Rock
|-ability|p2a: Excalibird|Pressure
|
|upkeep
|turn|44
|l| arnibo
|
|t:|1643390425
|switch|p1a: Skarmory|Skarmory, M|97/100
|move|p2a: Excalibird|Defog|p1a: Skarmory
|-unboost|p1a: Skarmory|evasion|1
|-sideend|p2: Run For Me Plz|Stealth Rock|[from] move: Defog|[of] p2a: Excalibird
|
|-end|p1a: Skarmory|move: Future Sight
|-resisted|p1a: Skarmory
|-damage|p1a: Skarmory|69/100
|upkeep
|turn|45
|
|t:|1643390432
|switch|p2a: Cerberus|Hydreigon, M, shiny|94/100
|move|p1a: Skarmory|Roost|p1a: Skarmory
|-heal|p1a: Skarmory|100/100
|-singleturn|p1a: Skarmory|move: Roost
|
|upkeep
|turn|46
|
|t:|1643390434
|switch|p1a: Clefable|Clefable, M|100/100
|move|p2a: Cerberus|Dark Pulse|p1a: Clefable
|-resisted|p1a: Clefable
|-damage|p1a: Clefable|70/100
|
|-heal|p1a: Clefable|76/100|[from] item: Leftovers
|upkeep
|turn|47
|
|t:|1643390441
|switch|p2a: Pamplemousse|Slowking, F, shiny|100/100 tox
|switch|p1a: Skarmory|Skarmory, M|100/100
|
|-damage|p2a: Pamplemousse|94/100 tox|[from] psn
|upkeep
|turn|48
|
|t:|1643390444
|move|p1a: Skarmory|Iron Defense|p1a: Skarmory
|-boost|p1a: Skarmory|def|2
|move|p2a: Pamplemousse|Scald|p1a: Skarmory
|-damage|p1a: Skarmory|65/100
|-status|p1a: Skarmory|brn
|
|-damage|p2a: Pamplemousse|82/100 tox|[from] psn
|-damage|p1a: Skarmory|59/100 brn|[from] brn
|upkeep
|turn|49
|
|t:|1643390451
|switch|p1a: Blissey|Blissey, F|70/100
|move|p2a: Pamplemousse|Future Sight|p1a: Blissey
|-start|p2a: Pamplemousse|move: Future Sight
|
|-damage|p2a: Pamplemousse|64/100 tox|[from] psn
|upkeep
|turn|50
|
|t:|1643390453
|move|p1a: Blissey|Heal Bell|p1a: Blissey
|-activate|p1a: Blissey|move: Heal Bell
|-curestatus|p1: Zapdos|slp|[msg]
|-curestatus|p1: Skarmory|brn|[msg]
|move|p2a: Pamplemousse|Teleport|p2a: Pamplemousse
|
|t:|1643390456
|switch|p2a: Cerberus|Hydreigon, M, shiny|94/100|[from]move: Teleport
|
|upkeep
|turn|51
|
|t:|1643390460
|move|p2a: Cerberus|Dark Pulse|p1a: Blissey
|-damage|p1a: Blissey|46/100
|move|p1a: Blissey|Soft-Boiled|p1a: Blissey
|-heal|p1a: Blissey|96/100
|
|-end|p1a: Blissey|move: Future Sight
|-damage|p1a: Blissey|82/100
|upkeep
|turn|52
|
|t:|1643390472
|switch|p2a: Pamplemousse|Slowking, F, shiny|97/100 tox
|move|p1a: Blissey|Seismic Toss|p2a: Pamplemousse
|-damage|p2a: Pamplemousse|72/100 tox
|
|-damage|p2a: Pamplemousse|66/100 tox|[from] psn
|upkeep
|turn|53
|
|t:|1643390478
|move|p1a: Blissey|Seismic Toss|p2a: Pamplemousse
|-damage|p2a: Pamplemousse|40/100 tox
|move|p2a: Pamplemousse|Future Sight|p1a: Blissey
|-start|p2a: Pamplemousse|move: Future Sight
|
|-damage|p2a: Pamplemousse|28/100 tox|[from] psn
|upkeep
|turn|54
|
|t:|1643390491
|switch|p2a: BIG POPPA|Blissey, F, shiny|100/100
|move|p1a: Blissey|Seismic Toss|p2a: BIG POPPA
|-damage|p2a: BIG POPPA|86/100
|
|upkeep
|turn|55
|
|t:|1643390494
|switch|p1a: Skarmory|Skarmory, M|59/100
|move|p2a: BIG POPPA|Heal Bell|p2a: BIG POPPA
|-activate|p2a: BIG POPPA|move: Heal Bell
|-curestatus|p2: Pamplemousse|tox|[msg]
|
|-end|p1a: Skarmory|move: Future Sight
|-resisted|p1a: Skarmory
|-damage|p1a: Skarmory|33/100
|upkeep
|turn|56
|
|t:|1643390499
|switch|p2a: Cerberus|Hydreigon, M, shiny|94/100
|move|p1a: Skarmory|Roost|p1a: Skarmory
|-heal|p1a: Skarmory|83/100
|-singleturn|p1a: Skarmory|move: Roost
|
|upkeep
|turn|57
|
|t:|1643390503
|switch|p1a: Clefable|Clefable, M|76/100
|move|p2a: Cerberus|Superpower|p1a: Clefable
|-resisted|p1a: Clefable
|-damage|p1a: Clefable|65/100
|-unboost|p2a: Cerberus|atk|1
|-unboost|p2a: Cerberus|def|1
|
|-heal|p1a: Clefable|72/100|[from] item: Leftovers
|upkeep
|turn|58
|
|t:|1643390506
|switch|p2a: Pamplemousse|Slowking, F, shiny|61/100
|switch|p1a: Zapdos|Zapdos|100/100
|
|upkeep
|turn|59
|l| coeur de le ciel
|
|t:|1643390511
|switch|p2a: BIG POPPA|Blissey, F, shiny|86/100
|move|p1a: Zapdos|Discharge|p2a: BIG POPPA
|-damage|p2a: BIG POPPA|73/100
|
|upkeep
|turn|60
|
|t:|1643390514
|switch|p1a: Clefable|Clefable, M|72/100
|move|p2a: BIG POPPA|Soft-Boiled|p2a: BIG POPPA
|-heal|p2a: BIG POPPA|100/100
|
|-heal|p1a: Clefable|78/100|[from] item: Leftovers
|upkeep
|turn|61
|
|t:|1643390517
|switch|p1a: Zapdos|Zapdos|100/100
|switch|p2a: Excalibird|Corviknight, M, shiny|75/100
|-ability|p2a: Excalibird|Pressure
|
|upkeep
|turn|62
|
|t:|1643390520
|switch|p1a: Clefable|Clefable, M|78/100
|switch|p2a: BIG POPPA|Blissey, F, shiny|100/100
|
|-heal|p1a: Clefable|84/100|[from] item: Leftovers
|upkeep
|turn|63
|
|t:|1643390523
|switch|p1a: Zapdos|Zapdos|100/100
|switch|p2a: Excalibird|Corviknight, M, shiny|75/100
|-ability|p2a: Excalibird|Pressure
|
|upkeep
|turn|64
|
|t:|1643390526
|switch|p1a: Clefable|Clefable, M|84/100
|switch|p2a: BIG POPPA|Blissey, F, shiny|100/100
|
|-heal|p1a: Clefable|90/100|[from] item: Leftovers
|upkeep
|turn|65
|
|t:|1643390536
|move|p1a: Clefable|Stealth Rock|p2a: BIG POPPA
|-sidestart|p2: Run For Me Plz|move: Stealth Rock
|move|p2a: BIG POPPA|Toxic|p1a: Clefable
|-status|p1a: Clefable|tox
|
|-heal|p1a: Clefable|96/100 tox|[from] item: Leftovers
|upkeep
|turn|66
|
|t:|1643390543
|switch|p1a: Skarmory|Skarmory, M|83/100
|move|p2a: BIG POPPA|Toxic|p1a: Skarmory|[miss]
|-miss|p2a: BIG POPPA|p1a: Skarmory
|
|upkeep
|turn|67
|
|t:|1643390547
|switch|p2a: Excalibird|Corviknight, M, shiny|75/100
|-damage|p2a: Excalibird|63/100|[from] Stealth Rock
|-ability|p2a: Excalibird|Pressure
|move|p1a: Skarmory|Iron Defense|p1a: Skarmory
|-boost|p1a: Skarmory|def|2
|
|upkeep
|turn|68
|l| sand gym noob
|
|t:|1643390552
|move|p1a: Skarmory|Body Press|p2a: Excalibird
|-damage|p2a: Excalibird|22/100
|move|p2a: Excalibird|Roost|p2a: Excalibird
|-heal|p2a: Excalibird|72/100
|-singleturn|p2a: Excalibird|move: Roost
|
|upkeep
|turn|69
|
|t:|1643390556
|move|p1a: Skarmory|Iron Defense|p1a: Skarmory
|-boost|p1a: Skarmory|def|2
|move|p2a: Excalibird|Defog|p1a: Skarmory
|-unboost|p1a: Skarmory|evasion|1
|-sideend|p2: Run For Me Plz|Stealth Rock|[from] move: Defog|[of] p2a: Excalibird
|
|upkeep
|turn|70
|
|t:|1643390561
|switch|p1a: Clefable|Clefable, M|96/100 tox
|switch|p2a: FAIRY GODMOTHER|Clefable, M, shiny|88/100
|
|-heal|p1a: Clefable|100/100 tox|[from] item: Leftovers
|upkeep
|turn|71
|
|t:|1643390565
|move|p1a: Clefable|Knock Off|p2a: FAIRY GODMOTHER
|-resisted|p2a: FAIRY GODMOTHER
|-damage|p2a: FAIRY GODMOTHER|83/100
|-enditem|p2a: FAIRY GODMOTHER|Heavy-Duty Boots|[from] move: Knock Off|[of] p1a: Clefable
|move|p2a: FAIRY GODMOTHER|Calm Mind|p2a: FAIRY GODMOTHER
|-boost|p2a: FAIRY GODMOTHER|spa|1
|-boost|p2a: FAIRY GODMOTHER|spd|1
|
|upkeep
|turn|72
|
|t:|1643390571
|move|p1a: Clefable|Stealth Rock|p2a: FAIRY GODMOTHER
|-sidestart|p2: Run For Me Plz|move: Stealth Rock
|move|p2a: FAIRY GODMOTHER|Calm Mind|p2a: FAIRY GODMOTHER
|-boost|p2a: FAIRY GODMOTHER|spa|1
|-boost|p2a: FAIRY GODMOTHER|spd|1
|
|upkeep
|turn|73
|
|t:|1643390574
|switch|p1a: Blissey|Blissey, F|82/100
|move|p2a: FAIRY GODMOTHER|Moonblast|p1a: Blissey
|-damage|p1a: Blissey|60/100
|
|upkeep
|turn|74
|
|t:|1643390578
|switch|p2a: Excalibird|Corviknight, M, shiny|72/100
|-damage|p2a: Excalibird|59/100|[from] Stealth Rock
|-ability|p2a: Excalibird|Pressure
|move|p1a: Blissey|Toxic|p2a: Excalibird
|-immune|p2a: Excalibird
|
|upkeep
|turn|75
|j| I am Succ
|
|t:|1643390583
|move|p2a: Excalibird|Defog|p1a: Blissey
|-unboost|p1a: Blissey|evasion|1
|-sideend|p2: Run For Me Plz|Stealth Rock|[from] move: Defog|[of] p2a: Excalibird
|move|p1a: Blissey|Soft-Boiled|p1a: Blissey
|-heal|p1a: Blissey|100/100
|
|upkeep
|turn|76
|
|t:|1643390588
|switch|p1a: Skarmory|Skarmory, M|83/100
|move|p2a: Excalibird|Roost|p2a: Excalibird
|-heal|p2a: Excalibird|100/100
|-singleturn|p2a: Excalibird|move: Roost
|
|upkeep
|turn|77
|
|t:|1643390593
|switch|p2a: Pamplemousse|Slowking, F, shiny|95/100
|move|p1a: Skarmory|Spikes|p2a: Pamplemousse
|-sidestart|p2: Run For Me Plz|Spikes
|
|upkeep
|turn|78
|
|t:|1643390600
|switch|p1a: Clefable|Clefable, M|100/100 tox
|move|p2a: Pamplemousse|Scald|p1a: Clefable
|-damage|p1a: Clefable|74/100 tox
|
|-heal|p1a: Clefable|80/100 tox|[from] item: Leftovers
|upkeep
|turn|79
|
|t:|1643390602
|move|p1a: Clefable|Stealth Rock|p2a: Pamplemousse
|-sidestart|p2: Run For Me Plz|move: Stealth Rock
|move|p2a: Pamplemousse|Teleport|p2a: Pamplemousse
|
|t:|1643390603
|switch|p2a: Excalibird|Corviknight, M, shiny|100/100|[from]move: Teleport
|-damage|p2a: Excalibird|88/100|[from] Stealth Rock
|-ability|p2a: Excalibird|Pressure
|
|-heal|p1a: Clefable|87/100 tox|[from] item: Leftovers
|upkeep
|turn|80
|
|t:|1643390611
|switch|p1a: Blissey|Blissey, F|100/100
|move|p2a: Excalibird|Defog|p1a: Blissey
|-unboost|p1a: Blissey|evasion|1
|-sideend|p2: Run For Me Plz|Spikes|[from] move: Defog|[of] p2a: Excalibird
|-sideend|p2: Run For Me Plz|Stealth Rock|[from] move: Defog|[of] p2a: Excalibird
|
|upkeep
|turn|81
|
|t:|1643390623
|move|p2a: Excalibird|Body Press|p1a: Blissey
|-supereffective|p1a: Blissey
|-damage|p1a: Blissey|59/100
|move|p1a: Blissey|Soft-Boiled|p1a: Blissey
|-heal|p1a: Blissey|100/100
|
|upkeep
|turn|82
|
|t:|1643390634
|switch|p2a: BIG POPPA|Blissey, F, shiny|100/100
|switch|p1a: Clefable|Clefable, M|87/100 tox
|
|-heal|p1a: Clefable|93/100 tox|[from] item: Leftovers
|upkeep
|turn|83
|
|t:|1643390637
|switch|p1a: Skarmory|Skarmory, M|83/100
|switch|p2a: Excalibird|Corviknight, M, shiny|88/100
|-ability|p2a: Excalibird|Pressure
|
|upkeep
|turn|84
|
|t:|1643390644
|switch|p1a: Zapdos|Zapdos|100/100
|switch|p2a: Pamplemousse|Slowking, F, shiny|100/100
|
|upkeep
|turn|85
|
|t:|1643390651
|move|p1a: Zapdos|Discharge|p2a: Pamplemousse
|-supereffective|p2a: Pamplemousse
|-damage|p2a: Pamplemousse|62/100
|move|p2a: Pamplemousse|Future Sight|p1a: Zapdos
|-start|p2a: Pamplemousse|move: Future Sight
|
|upkeep
|turn|86
|
|t:|1643390655
|move|p1a: Zapdos|Defog|p2a: Pamplemousse
|-unboost|p2a: Pamplemousse|evasion|1
|move|p2a: Pamplemousse|Teleport|p2a: Pamplemousse
|
|t:|1643390659
|switch|p2a: Cerberus|Hydreigon, M, shiny|94/100|[from]move: Teleport
|
|upkeep
|turn|87
|l| Surgo
|
|t:|1643390665
|move|p2a: Cerberus|Superpower|p1a: Zapdos
|-resisted|p1a: Zapdos
|-damage|p1a: Zapdos|89/100
|-unboost|p2a: Cerberus|atk|1
|-unboost|p2a: Cerberus|def|1
|-status|p2a: Cerberus|par|[from] ability: Static|[of] p1a: Zapdos
|move|p1a: Zapdos|Roost|p1a: Zapdos
|-heal|p1a: Zapdos|100/100
|-singleturn|p1a: Zapdos|move: Roost
|
|-end|p1a: Zapdos|move: Future Sight
|-damage|p1a: Zapdos|62/100
|upkeep
|turn|88
|
|t:|1643390668
|switch|p2a: BIG POPPA|Blissey, F, shiny|100/100
|move|p1a: Zapdos|Roost|p1a: Zapdos
|-heal|p1a: Zapdos|100/100
|-singleturn|p1a: Zapdos|move: Roost
|
|upkeep
|turn|89
|
|t:|1643390673
|switch|p1a: Skarmory|Skarmory, M|83/100
|move|p2a: BIG POPPA|Heal Bell|p2a: BIG POPPA
|-activate|p2a: BIG POPPA|move: Heal Bell
|-curestatus|p2: Cerberus|par|[msg]
|
|upkeep
|turn|90
|
|t:|1643390679
|switch|p2a: Pamplemousse|Slowking, F, shiny|96/100
|move|p1a: Skarmory|Iron Defense|p1a: Skarmory
|-boost|p1a: Skarmory|def|2
|
|upkeep
|turn|91
|
|t:|1643390684
|switch|p1a: Clefable|Clefable, M|93/100 tox
|move|p2a: Pamplemousse|Scald|p1a: Clefable
|-damage|p1a: Clefable|68/100 tox
|
|-heal|p1a: Clefable|74/100 tox|[from] item: Leftovers
|upkeep
|turn|92
|
|t:|1643390688
|switch|p2a: Excalibird|Corviknight, M, shiny|88/100
|-ability|p2a: Excalibird|Pressure
|move|p1a: Clefable|Stealth Rock|p2a: Excalibird
|-sidestart|p2: Run For Me Plz|move: Stealth Rock
|
|-heal|p1a: Clefable|80/100 tox|[from] item: Leftovers
|upkeep
|turn|93
|inactive|DonaldNa has 120 seconds left.
|l|☆DonaldNa
|inactive|DonaldNa disconnected and has a minute to reconnect!
|player|p1|
|j| LT_Alt1
|inactive|DonaldNa has 30 seconds to reconnect!
|j| Sikeru test acc
|inactive|DonaldNa has 20 seconds to reconnect!
|inactive|DonaldNa has 15 seconds to reconnect!
|inactive|DonaldNa has 10 seconds to reconnect!
|j|☆DonaldNa
|inactive|DonaldNa reconnected and has 60 seconds left.
|player|p1|DonaldNa|nate
|
|t:|1643390785
|switch|p1a: Zapdos|Zapdos|100/100
|move|p2a: Excalibird|Defog|p1a: Zapdos
|-unboost|p1a: Zapdos|evasion|1
|-sideend|p2: Run For Me Plz|Stealth Rock|[from] move: Defog|[of] p2a: Excalibird
|
|upkeep
|turn|94
|
|t:|1643390793
|switch|p1a: Skarmory|Skarmory, M|83/100
|switch|p2a: BIG POPPA|Blissey, F, shiny|100/100
|
|upkeep
|turn|95
|inactive|DonaldNa has 60 seconds left.
|
|t:|1643390803
|switch|p2a: Pamplemousse|Slowking, F, shiny|100/100
|move|p1a: Skarmory|Iron Defense|p1a: Skarmory
|-boost|p1a: Skarmory|def|2
|
|upkeep
|turn|96
|
|t:|1643390806
|move|p1a: Skarmory|Iron Defense|p1a: Skarmory
|-boost|p1a: Skarmory|def|2
|move|p2a: Pamplemousse|Scald|p1a: Skarmory
|-damage|p1a: Skarmory|45/100
|
|upkeep
|turn|97
|
|t:|1643390808
|move|p1a: Skarmory|Roost|p1a: Skarmory
|-heal|p1a: Skarmory|95/100
|-singleturn|p1a: Skarmory|move: Roost
|move|p2a: Pamplemousse|Scald|p1a: Skarmory
|-damage|p1a: Skarmory|56/100
|-status|p1a: Skarmory|brn
|
|-damage|p1a: Skarmory|50/100 brn|[from] brn
|upkeep
|turn|98
|
|t:|1643390811
|switch|p1a: Blissey|Blissey, F|100/100
|move|p2a: Pamplemousse|Scald|p1a: Blissey
|-damage|p1a: Blissey|90/100
|-status|p1a: Blissey|brn
|
|-damage|p1a: Blissey|84/100 brn|[from] brn
|upkeep
|turn|99
|
|t:|1643390813
|move|p1a: Blissey|Heal Bell|p1a: Blissey
|-activate|p1a: Blissey|move: Heal Bell
|-curestatus|p1a: Blissey|brn|[msg]
|-curestatus|p1: Clefable|tox|[msg]
|-curestatus|p1: Skarmory|brn|[msg]
|move|p2a: Pamplemousse|Future Sight|p1a: Blissey
|-start|p2a: Pamplemousse|move: Future Sight
|
|upkeep
|turn|100
|
|t:|1643390815
|move|p1a: Blissey|Toxic|p2a: Pamplemousse
|-status|p2a: Pamplemousse|tox
|move|p2a: Pamplemousse|Teleport|p2a: Pamplemousse
|
|t:|1643390820
|switch|p2a: Cerberus|Hydreigon, M, shiny|94/100|[from]move: Teleport
|
|upkeep
|turn|101
|
|t:|1643390822
|move|p2a: Cerberus|Dark Pulse|p1a: Blissey
|-damage|p1a: Blissey|61/100
|cant|p1a: Blissey|flinch
|
|-end|p1a: Blissey|move: Future Sight
|-damage|p1a: Blissey|45/100
|upkeep
|turn|102
|
|t:|1643390827
|move|p2a: Cerberus|Dark Pulse|p1a: Blissey
|-damage|p1a: Blissey|20/100
|move|p1a: Blissey|Soft-Boiled|p1a: Blissey
|-heal|p1a: Blissey|70/100
|
|upkeep
|turn|103
|
|t:|1643390836
|move|p2a: Cerberus|Dark Pulse|p1a: Blissey
|-damage|p1a: Blissey|45/100
|move|p1a: Blissey|Toxic|p2a: Cerberus
|-status|p2a: Cerberus|tox
|
|-damage|p2a: Cerberus|88/100 tox|[from] psn
|upkeep
|turn|104
|
|t:|1643390840
|switch|p2a: BIG POPPA|Blissey, F, shiny|100/100
|switch|p1a: Clefable|Clefable, M|80/100
|
|-heal|p1a: Clefable|86/100|[from] item: Leftovers
|upkeep
|turn|105
|
|t:|1643390844
|switch|p2a: Excalibird|Corviknight, M, shiny|88/100
|-ability|p2a: Excalibird|Pressure
|move|p1a: Clefable|Knock Off|p2a: Excalibird
|-damage|p2a: Excalibird|82/100
|
|-heal|p1a: Clefable|92/100|[from] item: Leftovers
|upkeep
|turn|106
|
|t:|1643390849
|switch|p1a: Skarmory|Skarmory, M|50/100
|move|p2a: Excalibird|Brave Bird|p1a: Skarmory
|-resisted|p1a: Skarmory
|-damage|p1a: Skarmory|39/100
|-damage|p2a: Excalibird|79/100|[from] Recoil
|
|upkeep
|turn|107
|
|t:|1643390852
|switch|p2a: Pamplemousse|Slowking, F, shiny|100/100 tox
|move|p1a: Skarmory|Roost|p1a: Skarmory
|-heal|p1a: Skarmory|89/100
|-singleturn|p1a: Skarmory|move: Roost
|
|-damage|p2a: Pamplemousse|94/100 tox|[from] psn
|upkeep
|turn|108
|
|t:|1643390855
|switch|p1a: Blissey|Blissey, F|45/100
|move|p2a: Pamplemousse|Teleport|p2a: Pamplemousse
|
|t:|1643390857
|switch|p2a: BIG POPPA|Blissey, F, shiny|100/100|[from]move: Teleport
|
|upkeep
|turn|109
|
|t:|1643390860
|move|p1a: Blissey|Soft-Boiled|p1a: Blissey
|-heal|p1a: Blissey|95/100
|move|p2a: BIG POPPA|Heal Bell|p2a: BIG POPPA
|-activate|p2a: BIG POPPA|move: Heal Bell
|-curestatus|p2: Cerberus|tox|[msg]
|-curestatus|p2: Pamplemousse|tox|[msg]
|
|upkeep
|turn|110
|
|t:|1643390865
|switch|p1a: Clefable|Clefable, M|92/100
|move|p2a: BIG POPPA|Toxic|p1a: Clefable
|-status|p1a: Clefable|tox
|
|-heal|p1a: Clefable|98/100 tox|[from] item: Leftovers
|upkeep
|turn|111
|
|t:|1643390868
|switch|p2a: Pamplemousse|Slowking, F, shiny|100/100
|move|p1a: Clefable|Stealth Rock|p2a: Pamplemousse
|-sidestart|p2: Run For Me Plz|move: Stealth Rock
|
|-heal|p1a: Clefable|100/100 tox|[from] item: Leftovers
|upkeep
|turn|112
|
|t:|1643390879
|move|p1a: Clefable|Moonblast|p2a: Pamplemousse
|-damage|p2a: Pamplemousse|82/100
|move|p2a: Pamplemousse|Scald|p1a: Clefable
|-damage|p1a: Clefable|74/100 tox
|
|-heal|p1a: Clefable|80/100 tox|[from] item: Leftovers
|upkeep
|turn|113
|
|t:|1643390884
|move|p1a: Clefable|Knock Off|p2a: Pamplemousse
|-supereffective|p2a: Pamplemousse
|-damage|p2a: Pamplemousse|61/100
|move|p2a: Pamplemousse|Scald|p1a: Clefable
|-damage|p1a: Clefable|52/100 tox
|
|-heal|p1a: Clefable|58/100 tox|[from] item: Leftovers
|upkeep
|turn|114
|
|t:|1643390887
|move|p1a: Clefable|Moonblast|p2a: Pamplemousse
|-damage|p2a: Pamplemousse|42/100
|move|p2a: Pamplemousse|Teleport|p2a: Pamplemousse
|
|t:|1643390889
|switch|p2a: Excalibird|Corviknight, M, shiny|79/100|[from]move: Teleport
|-damage|p2a: Excalibird|66/100|[from] Stealth Rock
|-ability|p2a: Excalibird|Pressure
|
|-heal|p1a: Clefable|64/100 tox|[from] item: Leftovers
|upkeep
|turn|115
|
|t:|1643390896
|move|p2a: Excalibird|Defog|p1a: Clefable
|-unboost|p1a: Clefable|evasion|1
|-sideend|p2: Run For Me Plz|Stealth Rock|[from] move: Defog|[of] p2a: Excalibird
|move|p1a: Clefable|Soft-Boiled|p1a: Clefable
|-heal|p1a: Clefable|100/100 tox
|
|upkeep
|turn|116
|
|t:|1643390900
|switch|p1a: Zapdos|Zapdos|100/100
|move|p2a: Excalibird|Roost|p2a: Excalibird
|-heal|p2a: Excalibird|100/100
|-singleturn|p2a: Excalibird|move: Roost
|
|upkeep
|turn|117
|
|t:|1643390906
|switch|p2a: BIG POPPA|Blissey, F, shiny|100/100
|move|p1a: Zapdos|Discharge|p2a: BIG POPPA
|-damage|p2a: BIG POPPA|88/100
|-status|p2a: BIG POPPA|par
|
|upkeep
|turn|118
|
|t:|1643390911
|switch|p1a: Clefable|Clefable, M|100/100 tox
|cant|p2a: BIG POPPA|par
|
|upkeep
|turn|119
|
|t:|1643390914
|switch|p1a: Skarmory|Skarmory, M|89/100
|-curestatus|p2a: BIG POPPA|par|[from] ability: Natural Cure
|switch|p2a: Excalibird|Corviknight, M, shiny|100/100
|-ability|p2a: Excalibird|Pressure
|
|upkeep
|turn|120
|
|t:|1643390917
|switch|p2a: Pamplemousse|Slowking, F, shiny|76/100
|move|p1a: Skarmory|Spikes|p2a: Pamplemousse
|-sidestart|p2: Run For Me Plz|Spikes
|
|upkeep
|turn|121
|
|t:|1643390922
|switch|p1a: Clefable|Clefable, M|100/100 tox
|move|p2a: Pamplemousse|Future Sight|p1a: Clefable
|-start|p2a: Pamplemousse|move: Future Sight
|
|upkeep
|turn|122
|
|t:|1643390924
|move|p1a: Clefable|Stealth Rock|p2a: Pamplemousse
|-sidestart|p2: Run For Me Plz|move: Stealth Rock
|move|p2a: Pamplemousse|Teleport|p2a: Pamplemousse
|
|t:|1643390926
|switch|p2a: Excalibird|Corviknight, M, shiny|100/100|[from]move: Teleport
|-damage|p2a: Excalibird|88/100|[from] Stealth Rock
|-ability|p2a: Excalibird|Pressure
|
|upkeep
|turn|123
|
|t:|1643390932
|switch|p1a: Skarmory|Skarmory, M|89/100
|move|p2a: Excalibird|Defog|p1a: Skarmory
|-unboost|p1a: Skarmory|evasion|1
|-sideend|p2: Run For Me Plz|Spikes|[from] move: Defog|[of] p2a: Excalibird
|-sideend|p2: Run For Me Plz|Stealth Rock|[from] move: Defog|[of] p2a: Excalibird
|
|-end|p1a: Skarmory|move: Future Sight
|-resisted|p1a: Skarmory
|-damage|p1a: Skarmory|59/100
|upkeep
|turn|124
|
|t:|1643390937
|switch|p2a: Pamplemousse|Slowking, F, shiny|100/100
|move|p1a: Skarmory|Spikes|p2a: Pamplemousse
|-sidestart|p2: Run For Me Plz|Spikes
|
|upkeep
|turn|125
|
|t:|1643390940
|move|p1a: Skarmory|Roost|p1a: Skarmory
|-heal|p1a: Skarmory|100/100
|-singleturn|p1a: Skarmory|move: Roost
|move|p2a: Pamplemousse|Future Sight|p1a: Skarmory
|-start|p2a: Pamplemousse|move: Future Sight
|
|upkeep
|turn|126
|
|t:|1643390943
|switch|p1a: Clefable|Clefable, M|100/100 tox
|move|p2a: Pamplemousse|Teleport|p2a: Pamplemousse
|
|t:|1643390949
|switch|p2a: Excalibird|Corviknight, M, shiny|88/100|[from]move: Teleport
|-ability|p2a: Excalibird|Pressure
|
|upkeep
|turn|127
|
|t:|1643390957
|move|p2a: Excalibird|Defog|p1a: Clefable
|-unboost|p1a: Clefable|evasion|1
|-sideend|p2: Run For Me Plz|Spikes|[from] move: Defog|[of] p2a: Excalibird
|move|p1a: Clefable|Knock Off|p2a: Excalibird
|-damage|p2a: Excalibird|81/100
|
|-end|p1a: Clefable|move: Future Sight
|-damage|p1a: Clefable|61/100 tox
|-heal|p1a: Clefable|67/100 tox|[from] item: Leftovers
|upkeep
|turn|128
|
|t:|1643390962
|move|p2a: Excalibird|Brave Bird|p1a: Clefable
|-damage|p1a: Clefable|39/100 tox
|-damage|p2a: Excalibird|71/100|[from] Recoil
|move|p1a: Clefable|Soft-Boiled|p1a: Clefable
|-heal|p1a: Clefable|89/100 tox
|
|-heal|p1a: Clefable|95/100 tox|[from] item: Leftovers
|upkeep
|turn|129
|
|t:|1643390969
|switch|p1a: Zapdos|Zapdos|100/100
|move|p2a: Excalibird|Brave Bird|p1a: Zapdos
|-resisted|p1a: Zapdos
|-damage|p1a: Zapdos|85/100
|-damage|p2a: Excalibird|67/100|[from] Recoil
|
|upkeep
|turn|130
|
|t:|1643390971
|switch|p1a: Skarmory|Skarmory, M|100/100
|switch|p2a: BIG POPPA|Blissey, F, shiny|88/100
|
|upkeep
|turn|131
|
|t:|1643390974
|switch|p2a: Pamplemousse|Slowking, F, shiny|100/100
|move|p1a: Skarmory|Spikes|p2a: Pamplemousse
|-sidestart|p2: Run For Me Plz|Spikes
|
|upkeep
|turn|132
|
|t:|1643390977
|switch|p1a: Clefable|Clefable, M|95/100 tox
|move|p2a: Pamplemousse|Scald|p1a: Clefable
|-damage|p1a: Clefable|67/100 tox
|
|-heal|p1a: Clefable|73/100 tox|[from] item: Leftovers
|upkeep
|turn|133
|
|t:|1643390984
|switch|p2a: Excalibird|Corviknight, M, shiny|67/100
|-ability|p2a: Excalibird|Pressure
|move|p1a: Clefable|Stealth Rock|p2a: Excalibird
|-sidestart|p2: Run For Me Plz|move: Stealth Rock
|
|-heal|p1a: Clefable|79/100 tox|[from] item: Leftovers
|upkeep
|turn|134
|
|t:|1643390991
|switch|p1a: Skarmory|Skarmory, M|100/100
|move|p2a: Excalibird|Defog|p1a: Skarmory
|-unboost|p1a: Skarmory|evasion|1
|-sideend|p2: Run For Me Plz|Spikes|[from] move: Defog|[of] p2a: Excalibird
|-sideend|p2: Run For Me Plz|Stealth Rock|[from] move: Defog|[of] p2a: Excalibird
|
|upkeep
|turn|135
|
|t:|1643390994
|switch|p2a: Pamplemousse|Slowking, F, shiny|100/100
|move|p1a: Skarmory|Spikes|p2a: Pamplemousse
|-sidestart|p2: Run For Me Plz|Spikes
|
|upkeep
|turn|136
|
|t:|1643390997
|switch|p1a: Zapdos|Zapdos|85/100
|move|p2a: Pamplemousse|Scald|p1a: Zapdos
|-damage|p1a: Zapdos|61/100
|
|upkeep
|turn|137
|
|t:|1643391000
|move|p1a: Zapdos|Discharge|p2a: Pamplemousse
|-supereffective|p2a: Pamplemousse
|-damage|p2a: Pamplemousse|56/100
|move|p2a: Pamplemousse|Teleport|p2a: Pamplemousse
|
|t:|1643391002
|switch|p2a: Cerberus|Hydreigon, M, shiny|88/100|[from]move: Teleport
|
|upkeep
|turn|138
|
|t:|1643391007
|switch|p1a: Clefable|Clefable, M|79/100 tox
|move|p2a: Cerberus|Dark Pulse|p1a: Clefable
|-resisted|p1a: Clefable
|-damage|p1a: Clefable|47/100 tox
|
|-heal|p1a: Clefable|54/100 tox|[from] item: Leftovers
|upkeep
|turn|139
|
|t:|1643391015
|switch|p2a: Excalibird|Corviknight, M, shiny|67/100
|-ability|p2a: Excalibird|Pressure
|move|p1a: Clefable|Moonblast|p2a: Excalibird
|-resisted|p2a: Excalibird
|-damage|p2a: Excalibird|52/100
|
|-heal|p1a: Clefable|60/100 tox|[from] item: Leftovers
|upkeep
|turn|140
|
|t:|1643391019
|move|p2a: Excalibird|Roost|p2a: Excalibird
|-heal|p2a: Excalibird|100/100
|-singleturn|p2a: Excalibird|move: Roost
|move|p1a: Clefable|Soft-Boiled|p1a: Clefable
|-heal|p1a: Clefable|100/100 tox
|
|upkeep
|turn|141
|
|t:|1643391023
|switch|p1a: Zapdos|Zapdos|61/100
|move|p2a: Excalibird|Brave Bird|p1a: Zapdos
|-resisted|p1a: Zapdos
|-damage|p1a: Zapdos|45/100
|-damage|p2a: Excalibird|96/100|[from] Recoil
|
|upkeep
|turn|142
|
|t:|1643391027
|switch|p2a: Cerberus|Hydreigon, M, shiny|88/100
|move|p1a: Zapdos|Roost|p1a: Zapdos
|-heal|p1a: Zapdos|96/100
|-singleturn|p1a: Zapdos|move: Roost
|
|upkeep
|turn|143
|
|t:|1643391030
|move|p2a: Cerberus|Dark Pulse|p1a: Zapdos
|-damage|p1a: Zapdos|35/100
|move|p1a: Zapdos|Hurricane|p2a: Cerberus
|-damage|p2a: Cerberus|33/100
|
|upkeep
|turn|144
|
|t:|1643391037
|switch|p1a: Blissey|Blissey, F|95/100
|move|p2a: Cerberus|Dark Pulse|p1a: Blissey
|-damage|p1a: Blissey|71/100
|
|upkeep
|turn|145
|
|t:|1643391045
|switch|p2a: Excalibird|Corviknight, M, shiny|96/100
|-ability|p2a: Excalibird|Pressure
|switch|p1a: Clefable|Clefable, M|100/100 tox
|
|upkeep
|turn|146
|
|t:|1643391049
|switch|p1a: Zapdos|Zapdos|35/100
|move|p2a: Excalibird|Brave Bird|p1a: Zapdos
|-resisted|p1a: Zapdos
|-damage|p1a: Zapdos|19/100
|-damage|p2a: Excalibird|91/100|[from] Recoil
|
|upkeep
|turn|147
|l| MiniLarry
|j| 0SiegeWarfare
|
|t:|1643391059
|switch|p2a: Cerberus|Hydreigon, M, shiny|33/100
|move|p1a: Zapdos|Roost|p1a: Zapdos
|-heal|p1a: Zapdos|69/100
|-singleturn|p1a: Zapdos|move: Roost
|
|upkeep
|turn|148
|
|t:|1643391063
|switch|p1a: Clefable|Clefable, M|100/100 tox
|move|p2a: Cerberus|Dark Pulse|p1a: Clefable
|-resisted|p1a: Clefable
|-damage|p1a: Clefable|70/100 tox
|
|-heal|p1a: Clefable|76/100 tox|[from] item: Leftovers
|upkeep
|turn|149
|
|t:|1643391069
|switch|p2a: Excalibird|Corviknight, M, shiny|91/100
|-ability|p2a: Excalibird|Pressure
|move|p1a: Clefable|Stealth Rock|p2a: Excalibird
|-sidestart|p2: Run For Me Plz|move: Stealth Rock
|
|-heal|p1a: Clefable|82/100 tox|[from] item: Leftovers
|upkeep
|turn|150
|j| SimpTheSickJoke
|j| rranked1gen8ou
|
|t:|1643391077
|switch|p1a: Quagsire|Quagsire, M|100/100
|move|p2a: Excalibird|Defog|p1a: Quagsire
|-unboost|p1a: Quagsire|evasion|1
|-sideend|p2: Run For Me Plz|Spikes|[from] move: Defog|[of] p2a: Excalibird
|-sideend|p2: Run For Me Plz|Stealth Rock|[from] move: Defog|[of] p2a: Excalibird
|
|upkeep
|turn|151
|
|t:|1643391081
|switch|p2a: Pamplemousse|Slowking, F, shiny|89/100
|switch|p1a: Zapdos|Zapdos|69/100
|
|upkeep
|turn|152
|
|t:|1643391086
|switch|p1a: Clefable|Clefable, M|82/100 tox
|move|p2a: Pamplemousse|Scald|p1a: Clefable
|-damage|p1a: Clefable|58/100 tox
|
|-heal|p1a: Clefable|64/100 tox|[from] item: Leftovers
|upkeep
|turn|153
|l| Sikeru test acc
|l| SimpTheSickJoke
|
|t:|1643391089
|switch|p1a: Zapdos|Zapdos|69/100
|switch|p2a: Excalibird|Corviknight, M, shiny|91/100
|-ability|p2a: Excalibird|Pressure
|
|upkeep
|turn|154
|
|t:|1643391092
|switch|p1a: Clefable|Clefable, M|64/100 tox
|switch|p2a: BIG POPPA|Blissey, F, shiny|88/100
|
|-heal|p1a: Clefable|70/100 tox|[from] item: Leftovers
|upkeep
|turn|155
|j| Sikeru test acc
|
|t:|1643391102
|switch|p1a: Skarmory|Skarmory, M|100/100
|switch|p2a: Excalibird|Corviknight, M, shiny|91/100
|-ability|p2a: Excalibird|Pressure
|
|upkeep
|turn|156
|
|t:|1643391106
|switch|p2a: Pamplemousse|Slowking, F, shiny|100/100
|move|p1a: Skarmory|Iron Defense|p1a: Skarmory
|-boost|p1a: Skarmory|def|2
|
|upkeep
|turn|157
|
|t:|1643391109
|switch|p1a: Clefable|Clefable, M|70/100 tox
|move|p2a: Pamplemousse|Scald|p1a: Clefable
|-damage|p1a: Clefable|42/100 tox
|
|-heal|p1a: Clefable|48/100 tox|[from] item: Leftovers
|upkeep
|turn|158
|
|t:|1643391112
|switch|p2a: Excalibird|Corviknight, M, shiny|91/100
|-ability|p2a: Excalibird|Pressure
|move|p1a: Clefable|Soft-Boiled|p1a: Clefable
|-heal|p1a: Clefable|98/100 tox
|
|-heal|p1a: Clefable|100/100 tox|[from] item: Leftovers
|upkeep
|turn|159
|
|t:|1643391118
|switch|p1a: Zapdos|Zapdos|69/100
|move|p2a: Excalibird|Brave Bird|p1a: Zapdos
|-resisted|p1a: Zapdos
|-damage|p1a: Zapdos|55/100
|-damage|p2a: Excalibird|86/100|[from] Recoil
|
|upkeep
|turn|160
|
|t:|1643391124
|switch|p2a: BIG POPPA|Blissey, F, shiny|88/100
|move|p1a: Zapdos|Discharge|p2a: BIG POPPA
|-damage|p2a: BIG POPPA|76/100
|
|upkeep
|turn|161
|j| bbears_poke
|l| 0SiegeWarfare
|
|t:|1643391129
|switch|p1a: Clefable|Clefable, M|100/100 tox
|move|p2a: BIG POPPA|Seismic Toss|p1a: Clefable
|-damage|p1a: Clefable|75/100 tox
|
|-heal|p1a: Clefable|81/100 tox|[from] item: Leftovers
|upkeep
|turn|162
|
|t:|1643391132
|switch|p1a: Blissey|Blissey, F|71/100
|switch|p2a: Excalibird|Corviknight, M, shiny|86/100
|-ability|p2a: Excalibird|Pressure
|
|upkeep
|turn|163
|
|t:|1643391134
|switch|p1a: Skarmory|Skarmory, M|100/100
|move|p2a: Excalibird|Body Press|p1a: Skarmory
|-damage|p1a: Skarmory|87/100
|
|upkeep
|turn|164
|
|t:|1643391136
|switch|p2a: Pamplemousse|Slowking, F, shiny|100/100
|move|p1a: Skarmory|Spikes|p2a: Pamplemousse
|-sidestart|p2: Run For Me Plz|Spikes
|
|upkeep
|turn|165
|
|t:|1643391144
|switch|p1a: Blissey|Blissey, F|71/100
|move|p2a: Pamplemousse|Scald|p1a: Blissey
|-damage|p1a: Blissey|61/100
|
|upkeep
|turn|166
|
|t:|1643391152
|switch|p2a: Excalibird|Corviknight, M, shiny|86/100
|-ability|p2a: Excalibird|Pressure
|move|p1a: Blissey|Toxic|p2a: Excalibird
|-immune|p2a: Excalibird
|
|upkeep
|turn|167
|
|t:|1643391157
|switch|p1a: Skarmory|Skarmory, M|87/100
|move|p2a: Excalibird|Body Press|p1a: Skarmory
|-damage|p1a: Skarmory|71/100
|
|upkeep
|turn|168
|
|t:|1643391163
|switch|p2a: Pamplemousse|Slowking, F, shiny|100/100
|-damage|p2a: Pamplemousse|88/100|[from] Spikes
|move|p1a: Skarmory|Iron Defense|p1a: Skarmory
|-boost|p1a: Skarmory|def|2
|
|upkeep
|turn|169
|
|t:|1643391168
|move|p1a: Skarmory|Roost|p1a: Skarmory
|-heal|p1a: Skarmory|100/100
|-singleturn|p1a: Skarmory|move: Roost
|move|p2a: Pamplemousse|Scald|p1a: Skarmory
|-damage|p1a: Skarmory|63/100
|
|upkeep
|turn|170
|
|t:|1643391172
|switch|p1a: Blissey|Blissey, F|61/100
|move|p2a: Pamplemousse|Future Sight|p1a: Blissey
|-start|p2a: Pamplemousse|move: Future Sight
|
|upkeep
|turn|171
|
|t:|1643391175
|move|p1a: Blissey|Soft-Boiled|p1a: Blissey
|-heal|p1a: Blissey|100/100
|move|p2a: Pamplemousse|Teleport|p2a: Pamplemousse
|
|t:|1643391182
|switch|p2a: Excalibird|Corviknight, M, shiny|86/100|[from]move: Teleport
|-ability|p2a: Excalibird|Pressure
|
|upkeep
|turn|172
|
|t:|1643391195
|switch|p1a: Zapdos|Zapdos|55/100
|move|p2a: Excalibird|Body Press|p1a: Zapdos
|-resisted|p1a: Zapdos
|-damage|p1a: Zapdos|46/100
|
|-end|p1a: Zapdos|move: Future Sight
|-damage|p1a: Zapdos|4/100
|upkeep
|turn|173
|
|t:|1643391200
|switch|p2a: BIG POPPA|Blissey, F, shiny|76/100
|move|p1a: Zapdos|Roost|p1a: Zapdos
|-heal|p1a: Zapdos|54/100
|-singleturn|p1a: Zapdos|move: Roost
|
|upkeep
|turn|174
|j| coeur de le ciel
|inactive|DonaldNa has 120 seconds left.
|l|☆Run For Me Plz
|inactive|Run For Me Plz disconnected and has a minute to reconnect!
|player|p2|
|
|t:|1643391244
|switch|p1a: Clefable|Clefable, M|81/100 tox
|move|p2a: BIG POPPA|Seismic Toss|p1a: Clefable
|-damage|p1a: Clefable|56/100 tox
|
|-heal|p1a: Clefable|62/100 tox|[from] item: Leftovers
|upkeep
|turn|175
|j|☆Run For Me Plz
|inactive|Run For Me Plz reconnected and has 140 seconds left.
|player|p2|Run For Me Plz|evelyn
|
|t:|1643391261
|switch|p1a: Zapdos|Zapdos|54/100
|switch|p2a: Excalibird|Corviknight, M, shiny|86/100
|-ability|p2a: Excalibird|Pressure
|
|upkeep
|turn|176
|
|t:|1643391265
|switch|p2a: BIG POPPA|Blissey, F, shiny|76/100
|move|p1a: Zapdos|Discharge|p2a: BIG POPPA
|-damage|p2a: BIG POPPA|65/100
|-status|p2a: BIG POPPA|par
|
|upkeep
|turn|177
|inactive|DonaldNa has 120 seconds left.
|
|t:|1643391272
|switch|p1a: Skarmory|Skarmory, M|63/100
|move|p2a: BIG POPPA|Soft-Boiled|p2a: BIG POPPA
|-heal|p2a: BIG POPPA|100/100 par
|
|upkeep
|turn|178
|inactive|DonaldNa has 120 seconds left.
|
|t:|1643391279
|switch|p1a: Clefable|Clefable, M|62/100 tox
|-curestatus|p2a: BIG POPPA|par|[from] ability: Natural Cure
|switch|p2a: Pamplemousse|Slowking, F, shiny|100/100
|-damage|p2a: Pamplemousse|88/100|[from] Spikes
|
|-heal|p1a: Clefable|68/100 tox|[from] item: Leftovers
|upkeep
|turn|179
|l| Sikeru test acc
|inactive|DonaldNa has 120 seconds left.
|l| coeur de le ciel
|
|t:|1643391289
|switch|p1a: Quagsire|Quagsire, M|100/100
|switch|p2a: Excalibird|Corviknight, M, shiny|86/100
|-ability|p2a: Excalibird|Pressure
|
|upkeep
|turn|180
|
|t:|1643391293
|switch|p2a: Pamplemousse|Slowking, F, shiny|100/100
|-damage|p2a: Pamplemousse|88/100|[from] Spikes
|move|p1a: Quagsire|Scald|p2a: Pamplemousse
|-resisted|p2a: Pamplemousse
|-damage|p2a: Pamplemousse|82/100
|
|upkeep
|turn|181
|
|t:|1643391297
|move|p1a: Quagsire|Toxic|p2a: Pamplemousse
|-status|p2a: Pamplemousse|tox
|move|p2a: Pamplemousse|Teleport|p2a: Pamplemousse
|l| rranked1gen8ou
|
|t:|1643391300
|switch|p2a: BIG POPPA|Blissey, F, shiny|100/100|[from]move: Teleport
|
|upkeep
|turn|182
|
|t:|1643391303
|move|p2a: BIG POPPA|Heal Bell|p2a: BIG POPPA
|-activate|p2a: BIG POPPA|move: Heal Bell
|-curestatus|p2: Pamplemousse|tox|[msg]
|move|p1a: Quagsire|Toxic|p2a: BIG POPPA
|-status|p2a: BIG POPPA|tox
|
|-damage|p2a: BIG POPPA|94/100 tox|[from] psn
|upkeep
|turn|183
|
|t:|1643391312
|-curestatus|p2a: BIG POPPA|tox|[from] ability: Natural Cure
|switch|p2a: Excalibird|Corviknight, M, shiny|86/100
|-ability|p2a: Excalibird|Pressure
|switch|p1a: Skarmory|Skarmory, M|63/100
|
|upkeep
|turn|184
|
|t:|1643391318
|switch|p1a: Quagsire|Quagsire, M|100/100
|switch|p2a: Pamplemousse|Slowking, F, shiny|100/100
|-damage|p2a: Pamplemousse|88/100|[from] Spikes
|
|upkeep
|turn|185
|
|t:|1643391321
|switch|p2a: Excalibird|Corviknight, M, shiny|86/100
|-ability|p2a: Excalibird|Pressure
|move|p1a: Quagsire|Toxic|p2a: Excalibird
|-immune|p2a: Excalibird
|
|upkeep
|turn|186
|
|t:|1643391323
|switch|p2a: BIG POPPA|Blissey, F, shiny|94/100
|move|p1a: Quagsire|Scald|p2a: BIG POPPA
|-damage|p2a: BIG POPPA|87/100
|-status|p2a: BIG POPPA|brn
|
|-damage|p2a: BIG POPPA|81/100 brn|[from] brn
|upkeep
|turn|187
|
|t:|1643391329
|-curestatus|p2a: BIG POPPA|brn|[from] ability: Natural Cure
|switch|p2a: Excalibird|Corviknight, M, shiny|86/100
|-ability|p2a: Excalibird|Pressure
|switch|p1a: Skarmory|Skarmory, M|63/100
|
|upkeep
|turn|188
|
|t:|1643391338
|switch|p1a: Clefable|Clefable, M|68/100 tox
|switch|p2a: Pamplemousse|Slowking, F, shiny|100/100
|-damage|p2a: Pamplemousse|88/100|[from] Spikes
|
|-heal|p1a: Clefable|74/100 tox|[from] item: Leftovers
|upkeep
|turn|189
|
|t:|1643391341
|switch|p2a: Excalibird|Corviknight, M, shiny|86/100
|-ability|p2a: Excalibird|Pressure
|move|p1a: Clefable|Stealth Rock|p2a: Excalibird
|-sidestart|p2: Run For Me Plz|move: Stealth Rock
|
|-heal|p1a: Clefable|80/100 tox|[from] item: Leftovers
|upkeep
|turn|190
|inactive|DonaldNa has 120 seconds left.
|
|t:|1643391356
|switch|p1a: Skarmory|Skarmory, M|63/100
|move|p2a: Excalibird|Defog|p1a: Skarmory
|-unboost|p1a: Skarmory|evasion|1
|-sideend|p2: Run For Me Plz|Spikes|[from] move: Defog|[of] p2a: Excalibird
|-sideend|p2: Run For Me Plz|Stealth Rock|[from] move: Defog|[of] p2a: Excalibird
|
|upkeep
|turn|191
|
|t:|1643391359
|switch|p2a: Pamplemousse|Slowking, F, shiny|100/100
|move|p1a: Skarmory|Spikes|p2a: Pamplemousse
|-sidestart|p2: Run For Me Plz|Spikes
|
|upkeep
|turn|192
|
|t:|1643391364
|move|p1a: Skarmory|Spikes|p2a: Pamplemousse
|-sidestart|p2: Run For Me Plz|Spikes
|move|p2a: Pamplemousse|Future Sight|p1a: Skarmory
|-start|p2a: Pamplemousse|move: Future Sight
|
|upkeep
|turn|193
|
|t:|1643391366
|move|p1a: Skarmory|Spikes|p2a: Pamplemousse
|-sidestart|p2: Run For Me Plz|Spikes
|move|p2a: Pamplemousse|Teleport|p2a: Pamplemousse
|
|t:|1643391370
|switch|p2a: Cerberus|Hydreigon, M, shiny|33/100|[from]move: Teleport
|
|upkeep
|turn|194
|
|t:|1643391385
|switch|p1a: Clefable|Clefable, M|80/100 tox
|move|p2a: Cerberus|Dark Pulse|p1a: Clefable
|-resisted|p1a: Clefable
|-damage|p1a: Clefable|48/100 tox
|
|-end|p1a: Clefable|move: Future Sight
|-damage|p1a: Clefable|8/100 tox
|-heal|p1a: Clefable|14/100 tox|[from] item: Leftovers
|upkeep
|turn|195
|
|t:|1643391394
|switch|p1a: Blissey|Blissey, F|100/100
|move|p2a: Cerberus|Dark Pulse|p1a: Blissey
|-damage|p1a: Blissey|74/100
|
|upkeep
|turn|196
|
|t:|1643391399
|switch|p1a: Clefable|Clefable, M|14/100 tox
|move|p2a: Cerberus|Dark Pulse|p1a: Clefable
|-resisted|p1a: Clefable
|-damage|p1a: Clefable|0 fnt
|faint|p1a: Clefable
|
|upkeep
|l| LT_Alt1
|
|t:|1643391405
|switch|p1a: Blissey|Blissey, F|74/100
|turn|197
|
|t:|1643391410
|switch|p2a: Excalibird|Corviknight, M, shiny|86/100
|-ability|p2a: Excalibird|Pressure
|move|p1a: Blissey|Seismic Toss|p2a: Excalibird
|-damage|p2a: Excalibird|61/100
|
|upkeep
|turn|198
|
|t:|1643391418
|switch|p1a: Skarmory|Skarmory, M|63/100
|move|p2a: Excalibird|Defog|p1a: Skarmory
|-unboost|p1a: Skarmory|evasion|1
|-sideend|p2: Run For Me Plz|Spikes|[from] move: Defog|[of] p2a: Excalibird
|
|upkeep
|turn|199
|
|t:|1643391425
|switch|p1a: Quagsire|Quagsire, M|100/100
|switch|p2a: Pamplemousse|Slowking, F, shiny|100/100
|
|upkeep
|turn|200
|
|t:|1643391430
|switch|p1a: Skarmory|Skarmory, M|63/100
|switch|p2a: Excalibird|Corviknight, M, shiny|61/100
|-ability|p2a: Excalibird|Pressure
|
|upkeep
|turn|201
|
|t:|1643391437
|switch|p2a: Pamplemousse|Slowking, F, shiny|100/100
|move|p1a: Skarmory|Iron Defense|p1a: Skarmory
|-boost|p1a: Skarmory|def|2
|
|upkeep
|turn|202
|
|t:|1643391442
|switch|p1a: Blissey|Blissey, F|74/100
|move|p2a: Pamplemousse|Scald|p1a: Blissey
|-damage|p1a: Blissey|65/100
|-status|p1a: Blissey|brn
|
|-damage|p1a: Blissey|59/100 brn|[from] brn
|upkeep
|turn|203
|j| bagbid
|
|t:|1643391445
|-curestatus|p1a: Blissey|brn|[from] ability: Natural Cure
|switch|p1a: Skarmory|Skarmory, M|63/100
|move|p2a: Pamplemousse|Future Sight|p1a: Skarmory
|-start|p2a: Pamplemousse|move: Future Sight
|
|upkeep
|turn|204
|
|t:|1643391448
|switch|p1a: Blissey|Blissey, F|59/100
|move|p2a: Pamplemousse|Teleport|p2a: Pamplemousse
|
|t:|1643391453
|switch|p2a: Cerberus|Hydreigon, M, shiny|33/100|[from]move: Teleport
|
|upkeep
|turn|205
|
|t:|1643391461
|move|p2a: Cerberus|Dark Pulse|p1a: Blissey
|-damage|p1a: Blissey|36/100
|move|p1a: Blissey|Soft-Boiled|p1a: Blissey
|-heal|p1a: Blissey|86/100
|
|-end|p1a: Blissey|move: Future Sight
|-damage|p1a: Blissey|70/100
|upkeep
|turn|206
|
|t:|1643391467
|switch|p2a: Excalibird|Corviknight, M, shiny|61/100
|-ability|p2a: Excalibird|Pressure
|move|p1a: Blissey|Soft-Boiled|p1a: Blissey
|-heal|p1a: Blissey|100/100
|
|upkeep
|turn|207
|
|t:|1643391477
|switch|p1a: Skarmory|Skarmory, M|63/100
|move|p2a: Excalibird|Roost|p2a: Excalibird
|-heal|p2a: Excalibird|100/100
|-singleturn|p2a: Excalibird|move: Roost
|
|upkeep
|turn|208
|
|t:|1643391482
|switch|p2a: Pamplemousse|Slowking, F, shiny|100/100
|move|p1a: Skarmory|Iron Defense|p1a: Skarmory
|-boost|p1a: Skarmory|def|2
|
|upkeep
|turn|209
|
|t:|1643391488
|switch|p1a: Blissey|Blissey, F|100/100
|move|p2a: Pamplemousse|Scald|p1a: Blissey
|-damage|p1a: Blissey|91/100
|-status|p1a: Blissey|brn
|
|-damage|p1a: Blissey|85/100 brn|[from] brn
|upkeep
|turn|210
|
|t:|1643391500
|-curestatus|p1a: Blissey|brn|[from] ability: Natural Cure
|switch|p1a: Zapdos|Zapdos|54/100
|move|p2a: Pamplemousse|Teleport|p2a: Pamplemousse
|
|t:|1643391504
|switch|p2a: Cerberus|Hydreigon, M, shiny|33/100|[from]move: Teleport
|
|upkeep
|turn|211
|
|t:|1643391509
|switch|p1a: Blissey|Blissey, F|85/100
|move|p2a: Cerberus|Dark Pulse|p1a: Blissey
|-damage|p1a: Blissey|61/100
|
|upkeep
|turn|212
|
|t:|1643391516
|switch|p2a: Excalibird|Corviknight, M, shiny|100/100
|-ability|p2a: Excalibird|Pressure
|move|p1a: Blissey|Toxic|p2a: Excalibird
|-immune|p2a: Excalibird
|
|upkeep
|turn|213
|
|t:|1643391519
|switch|p1a: Zapdos|Zapdos|54/100
|move|p2a: Excalibird|Brave Bird|p1a: Zapdos
|-resisted|p1a: Zapdos
|-damage|p1a: Zapdos|38/100
|-damage|p2a: Excalibird|95/100|[from] Recoil
|
|upkeep
|turn|214
|
|t:|1643391523
|switch|p2a: BIG POPPA|Blissey, F, shiny|81/100
|move|p1a: Zapdos|Roost|p1a: Zapdos
|-heal|p1a: Zapdos|88/100
|-singleturn|p1a: Zapdos|move: Roost
|
|upkeep
|turn|215
|
|t:|1643391527
|switch|p1a: Quagsire|Quagsire, M|100/100
|move|p2a: BIG POPPA|Seismic Toss|p1a: Quagsire
|-damage|p1a: Quagsire|75/100
|
|-heal|p1a: Quagsire|81/100|[from] item: Leftovers
|upkeep
|turn|216
|
|t:|1643391530
|switch|p1a: Skarmory|Skarmory, M|63/100
|move|p2a: BIG POPPA|Toxic|p1a: Skarmory
|-immune|p1a: Skarmory
|
|upkeep
|turn|217
|
|t:|1643391533
|switch|p1a: Quagsire|Quagsire, M|81/100
|switch|p2a: Pamplemousse|Slowking, F, shiny|100/100
|
|-heal|p1a: Quagsire|87/100|[from] item: Leftovers
|upkeep
|turn|218
|j| Poiani
|
|t:|1643391536
|switch|p2a: Excalibird|Corviknight, M, shiny|95/100
|-ability|p2a: Excalibird|Pressure
|move|p1a: Quagsire|Toxic|p2a: Excalibird
|-immune|p2a: Excalibird
|
|-heal|p1a: Quagsire|93/100|[from] item: Leftovers
|upkeep
|turn|219
|
|t:|1643391541
|switch|p2a: BIG POPPA|Blissey, F, shiny|81/100
|switch|p1a: Skarmory|Skarmory, M|63/100
|
|upkeep
|turn|220
|
|t:|1643391547
|switch|p1a: Zapdos|Zapdos|88/100
|switch|p2a: Pamplemousse|Slowking, F, shiny|100/100
|
|upkeep
|turn|221
|
|t:|1643391555
|switch|p2a: BIG POPPA|Blissey, F, shiny|81/100
|move|p1a: Zapdos|Discharge|p2a: BIG POPPA
|-damage|p2a: BIG POPPA|68/100
|
|upkeep
|turn|222
|
|t:|1643391558
|switch|p1a: Skarmory|Skarmory, M|63/100
|move|p2a: BIG POPPA|Seismic Toss|p1a: Skarmory
|-damage|p1a: Skarmory|33/100
|
|upkeep
|turn|223
|
|t:|1643391561
|switch|p2a: Cerberus|Hydreigon, M, shiny|33/100
|move|p1a: Skarmory|Roost|p1a: Skarmory
|-heal|p1a: Skarmory|83/100
|-singleturn|p1a: Skarmory|move: Roost
|
|upkeep
|turn|224
|
|t:|1643391566
|switch|p1a: Blissey|Blissey, F|61/100
|move|p2a: Cerberus|Dark Pulse|p1a: Blissey
|-damage|p1a: Blissey|36/100
|
|upkeep
|turn|225
|
|t:|1643391572
|move|p2a: Cerberus|Dark Pulse|p1a: Blissey
|-damage|p1a: Blissey|13/100
|cant|p1a: Blissey|flinch
|
|upkeep
|turn|226
|
|t:|1643391577
|move|p2a: Cerberus|Dark Pulse|p1a: Blissey
|-damage|p1a: Blissey|0 fnt
|faint|p1a: Blissey
|
|upkeep
|
|t:|1643391581
|switch|p1a: Zapdos|Zapdos|88/100
|turn|227
|
|t:|1643391584
|switch|p2a: BIG POPPA|Blissey, F, shiny|68/100
|move|p1a: Zapdos|Hurricane|p2a: BIG POPPA
|-damage|p2a: BIG POPPA|52/100
|
|upkeep
|turn|228
|
|t:|1643391587
|switch|p1a: Skarmory|Skarmory, M|83/100
|move|p2a: BIG POPPA|Seismic Toss|p1a: Skarmory
|-damage|p1a: Skarmory|53/100
|
|upkeep
|turn|229
|
|t:|1643391589
|switch|p2a: Pamplemousse|Slowking, F, shiny|100/100
|move|p1a: Skarmory|Iron Defense|p1a: Skarmory
|-boost|p1a: Skarmory|def|2
|
|upkeep
|turn|230
|l| bbears_poke
|
|t:|1643391594
|switch|p1a: Quagsire|Quagsire, M|93/100
|move|p2a: Pamplemousse|Teleport|p2a: Pamplemousse
|
|t:|1643391596
|switch|p2a: WHERE YA MOM AT|Tangrowth, M, shiny|85/100|[from]move: Teleport
|
|-heal|p1a: Quagsire|99/100|[from] item: Leftovers
|upkeep
|turn|231
|
|t:|1643391600
|switch|p1a: Zapdos|Zapdos|88/100
|move|p2a: WHERE YA MOM AT|Infestation|p1a: Zapdos
|-resisted|p1a: Zapdos
|-damage|p1a: Zapdos|86/100
|-activate|p1a: Zapdos|move: Infestation|[of] p2a: WHERE YA MOM AT
|
|-damage|p1a: Zapdos|73/100|[from] move: Infestation|[partiallytrapped]
|upkeep
|turn|232
|
|t:|1643391605
|switch|p2a: BIG POPPA|Blissey, F, shiny|52/100
|move|p1a: Zapdos|Hurricane|p2a: BIG POPPA
|-damage|p2a: BIG POPPA|34/100
|-start|p2a: BIG POPPA|confusion
|
|-end|p1a: Zapdos|Infestation|[partiallytrapped]|[silent]
|upkeep
|turn|233
|
|t:|1643391607
|move|p1a: Zapdos|Hurricane|p2a: BIG POPPA
|-damage|p2a: BIG POPPA|16/100
|-activate|p2a: BIG POPPA|confusion
|-damage|p2a: BIG POPPA|15/100|[from] confusion
|
|upkeep
|turn|234
|
|t:|1643391613
|switch|p2a: Pamplemousse|Slowking, F, shiny|100/100
|move|p1a: Zapdos|Hurricane|p2a: Pamplemousse
|-damage|p2a: Pamplemousse|72/100
|
|upkeep
|turn|235
|j| ATowerFalledXD
|
|t:|1643391622
|move|p1a: Zapdos|Discharge|p2a: Pamplemousse
|-supereffective|p2a: Pamplemousse
|-damage|p2a: Pamplemousse|31/100
|move|p2a: Pamplemousse|Teleport|p2a: Pamplemousse
|
|t:|1643391625
|switch|p2a: Cerberus|Hydreigon, M, shiny|33/100|[from]move: Teleport
|
|upkeep
|turn|236
|l| vip10086
|
|t:|1643391636
|move|p2a: Cerberus|Dark Pulse|p1a: Zapdos
|-damage|p1a: Zapdos|7/100
|move|p1a: Zapdos|Hurricane|p2a: Cerberus
|-damage|p2a: Cerberus|0 fnt
|faint|p2a: Cerberus
|
|upkeep
|
|t:|1643391646
|switch|p2a: WHERE YA MOM AT|Tangrowth, M, shiny|100/100
|turn|237
|l| ATowerFalledXD
|
|t:|1643391653
|move|p1a: Zapdos|Roost|p1a: Zapdos
|-heal|p1a: Zapdos|57/100
|-singleturn|p1a: Zapdos|move: Roost
|move|p2a: WHERE YA MOM AT|Sleep Powder|p1a: Zapdos
|-status|p1a: Zapdos|slp|[from] move: Sleep Powder
|
|upkeep
|turn|238
|c|☆Run For Me Plz|why won’t u just forfeit making this game longer for no reason
|
|t:|1643391670
|switch|p1a: Skarmory|Skarmory, M|53/100
|move|p2a: WHERE YA MOM AT|Infestation|p1a: Skarmory
|-resisted|p1a: Skarmory
|-damage|p1a: Skarmory|52/100
|-activate|p1a: Skarmory|move: Infestation|[of] p2a: WHERE YA MOM AT
|
|-damage|p1a: Skarmory|40/100|[from] move: Infestation|[partiallytrapped]
|upkeep
|turn|239
|
|t:|1643391674
|move|p1a: Skarmory|Roost|p1a: Skarmory
|-heal|p1a: Skarmory|90/100
|-singleturn|p1a: Skarmory|move: Roost
|move|p2a: WHERE YA MOM AT|Knock Off|p1a: Skarmory
|-damage|p1a: Skarmory|76/100
|-enditem|p1a: Skarmory|Shed Shell|[from] move: Knock Off|[of] p2a: WHERE YA MOM AT
|
|-damage|p1a: Skarmory|64/100|[from] move: Infestation|[partiallytrapped]
|upkeep
|turn|240
|
|t:|1643391677
|move|p1a: Skarmory|Iron Defense|p1a: Skarmory
|-boost|p1a: Skarmory|def|2
|move|p2a: WHERE YA MOM AT|Giga Drain|p1a: Skarmory
|-resisted|p1a: Skarmory
|-damage|p1a: Skarmory|54/100
|
|-damage|p1a: Skarmory|42/100|[from] move: Infestation|[partiallytrapped]
|upkeep
|turn|241
|
|t:|1643391682
|move|p1a: Skarmory|Roost|p1a: Skarmory
|-heal|p1a: Skarmory|92/100
|-singleturn|p1a: Skarmory|move: Roost
|move|p2a: WHERE YA MOM AT|Giga Drain|p1a: Skarmory
|-resisted|p1a: Skarmory
|-damage|p1a: Skarmory|71/100
|
|-damage|p1a: Skarmory|59/100|[from] move: Infestation|[partiallytrapped]
|upkeep
|turn|242
|
|t:|1643391687
|switch|p2a: FAIRY GODMOTHER|Clefable, M, shiny|83/100
|move|p1a: Skarmory|Iron Defense|p1a: Skarmory
|-boost|p1a: Skarmory|def|2
|
|-end|p1a: Skarmory|Infestation|[partiallytrapped]|[silent]
|upkeep
|turn|243
|
|t:|1643391692
|switch|p1a: Quagsire|Quagsire, M|99/100
|move|p2a: FAIRY GODMOTHER|Moonblast|p1a: Quagsire
|-damage|p1a: Quagsire|59/100
|
|-heal|p1a: Quagsire|65/100|[from] item: Leftovers
|upkeep
|turn|244
|
|t:|1643391697
|switch|p2a: Excalibird|Corviknight, M, shiny|95/100
|-ability|p2a: Excalibird|Pressure
|switch|p1a: Zapdos|Zapdos|57/100 slp
|
|upkeep
|turn|245
|
|t:|1643391699
|switch|p2a: BIG POPPA|Blissey, F, shiny|15/100
|cant|p1a: Zapdos|slp
|
|upkeep
|turn|246
|
|t:|1643391703
|cant|p1a: Zapdos|slp
|move|p2a: BIG POPPA|Soft-Boiled|p2a: BIG POPPA
|-heal|p2a: BIG POPPA|65/100
|
|upkeep
|turn|247
|
|t:|1643391708
|cant|p1a: Zapdos|slp
|move|p2a: BIG POPPA|Soft-Boiled|p2a: BIG POPPA
|-heal|p2a: BIG POPPA|100/100
|
|upkeep
|turn|248
|
|t:|1643391711
|switch|p1a: Skarmory|Skarmory, M|59/100
|move|p2a: BIG POPPA|Seismic Toss|p1a: Skarmory
|-damage|p1a: Skarmory|29/100
|
|upkeep
|turn|249
|
|t:|1643391715
|switch|p2a: FAIRY GODMOTHER|Clefable, M, shiny|83/100
|move|p1a: Skarmory|Roost|p1a: Skarmory
|-heal|p1a: Skarmory|79/100
|-singleturn|p1a: Skarmory|move: Roost
|
|upkeep
|turn|250
|
|t:|1643391718
|switch|p1a: Quagsire|Quagsire, M|65/100
|switch|p2a: BIG POPPA|Blissey, F, shiny|100/100
|
|-heal|p1a: Quagsire|71/100|[from] item: Leftovers
|upkeep
|turn|251
|
|t:|1643391721
|switch|p1a: Skarmory|Skarmory, M|79/100
|move|p2a: BIG POPPA|Toxic|p1a: Skarmory|[miss]
|-miss|p2a: BIG POPPA|p1a: Skarmory
|
|upkeep
|turn|252
|
|t:|1643391724
|switch|p2a: Pamplemousse|Slowking, F, shiny|65/100
|move|p1a: Skarmory|Iron Defense|p1a: Skarmory
|-boost|p1a: Skarmory|def|2
|
|upkeep
|turn|253
|
|t:|1643391726
|move|p1a: Skarmory|Iron Defense|p1a: Skarmory
|-boost|p1a: Skarmory|def|2
|move|p2a: Pamplemousse|Scald|p1a: Skarmory
|-damage|p1a: Skarmory|43/100
|-status|p1a: Skarmory|brn
|
|-damage|p1a: Skarmory|37/100 brn|[from] brn
|upkeep
|turn|254
|c|☆DonaldNa|Gg
|c|☆DonaldNa|ima make zap pressure lol
|inactive|DonaldNa has 120 seconds left.
|l| I am Succ
|l| bagbid
|inactive|DonaldNa has 90 seconds left.
|-message|DonaldNa forfeited.
|
|win|Run For Me Plz
|raw|DonaldNa's rating: 1768 &rarr; <strong>1748</strong><br />(-20 for losing)
|raw|Run For Me Plz's rating: 1773 &rarr; <strong>1793</strong><br />(+20 for winning)
|l|☆DonaldNa
|l|☆Run For Me Plz
