|j|☆tackle
|j|☆A
|player|p1|tackle|lucas|1699
|player|p2|A|clemont|1717
|teamsize|p1|6
|teamsize|p2|6
|gametype|singles
|gen|8
|tier|[Gen 8] OU
|rated|
|clearpoke
|poke|p1|Krookodile, M|
|poke|p1|Chansey, F|
|poke|p1|Clefable, M|
|poke|p1|Skarmory, M|
|poke|p1|Tangrowth, F|
|poke|p1|Toxapex, M|
|poke|p2|Chansey, F|
|poke|p2|Arcanine, F|
|poke|p2|Toxapex, F|
|poke|p2|Magearna|
|poke|p2|Kommo-o, M|
|poke|p2|Urshifu, M|
|rule|Sleep Clause Mod: Limit one foe put to sleep
|rule|Species Clause: Limit one of each Pokémon
|rule|OHKO Clause: OHKO moves are banned
|rule|Evasion Moves Clause: Evasion moves are banned
|rule|Endless Battle Clause: Forcing endless battles is banned
|rule|HP Percentage Mod: HP is shown in percentages
|rule|Dynamax Clause: You cannot dynamax
|teampreview
|j| soccer_referee
|
|start
|switch|p1a: Krookodile|Krookodile, M|100/100
|switch|p2a: cancer|Urshifu, M, shiny|100/100
|turn|1
|
|switch|p1a: Tangrowth|Tangrowth, F|100/100
|move|p2a: cancer|U-turn|p1a: Tangrowth
|-supereffective|p1a: Tangrowth
|-damage|p1a: Tangrowth|62/100
|-damage|p2a: cancer|84/100|[from] item: Rocky Helmet|[of] p1a: Tangrowth
|
|switch|p2a: cool laddy|Kommo-o, M|100/100|[from]move: U-turn
|
|upkeep
|turn|2
|
|switch|p1a: Clefable|Clefable, M|100/100
|move|p2a: cool laddy|Stealth Rock|p1a: Clefable
|-sidestart|p1: tackle|move: Stealth Rock
|
|upkeep
|turn|3
|
|switch|p2a: reverse alembic|Magearna|100/100
|move|p1a: Clefable|Teleport|p1a: Clefable
|
|switch|p1a: Toxapex|Toxapex, M|100/100|[from]move: Teleport
|-damage|p1a: Toxapex|88/100|[from] Stealth Rock
|
|-heal|p1a: Toxapex|94/100|[from] item: Black Sludge
|upkeep
|turn|4
|
|switch|p2a: lamer than me|Toxapex, F|100/100
|move|p1a: Toxapex|Scald|p2a: lamer than me
|-resisted|p2a: lamer than me
|-damage|p2a: lamer than me|93/100
|
|-heal|p1a: Toxapex|100/100|[from] item: Black Sludge
|-heal|p2a: lamer than me|99/100|[from] item: Black Sludge
|upkeep
|turn|5
|c|☆tackle|u wanna
|c|☆tackle|tie
|c|☆tackle|?
|c|☆tackle|acc nvm
|c|☆tackle|fk it
|c|☆A|i think i can try to win but let's see
|c|☆tackle|ill play
|c|☆tackle|yea
|c|☆A|yea
|c|☆A|glhf
|
|move|p2a: lamer than me|Knock Off|p1a: Toxapex
|-damage|p1a: Toxapex|92/100
|-enditem|p1a: Toxapex|Black Sludge|[from] move: Knock Off|[of] p2a: lamer than me
|move|p1a: Toxapex|Scald|p2a: lamer than me
|-resisted|p2a: lamer than me
|-damage|p2a: lamer than me|92/100
|
|-heal|p2a: lamer than me|99/100|[from] item: Black Sludge
|upkeep
|turn|6
|c|☆tackle|u2
|c|☆tackle|3d
|c|☆tackle|here
|c|☆tackle|btw
|c|☆tackle|lol
|
|move|p2a: lamer than me|Scald|p1a: Toxapex
|-resisted|p1a: Toxapex
|-damage|p1a: Toxapex|86/100
|-status|p1a: Toxapex|brn
|move|p1a: Toxapex|Scald|p2a: lamer than me
|-resisted|p2a: lamer than me
|-damage|p2a: lamer than me|92/100
|
|-heal|p2a: lamer than me|98/100|[from] item: Black Sludge
|-damage|p1a: Toxapex|79/100 brn|[from] brn
|upkeep
|turn|7
|c|☆A|OH
|l| soccer_referee
|c|☆A|gonna get my
|c|☆A|justice highkey
|c|☆tackle|lmfao
|c|☆tackle|ye
|
|switch|p1a: Skarmory|Skarmory, M|100/100
|-damage|p1a: Skarmory|88/100|[from] Stealth Rock
|switch|p2a: BEST GIRL|Chansey, F, shiny|100/100
|
|upkeep
|turn|8
|
|move|p1a: Skarmory|Defog|p2a: BEST GIRL
|-unboost|p2a: BEST GIRL|evasion|1
|-sideend|p1: tackle|Stealth Rock|[from] move: Defog|[of] p1a: Skarmory
|move|p2a: BEST GIRL|Thunder Wave|p1a: Skarmory
|-status|p1a: Skarmory|par
|
|upkeep
|turn|9
|
|switch|p2a: cool laddy|Kommo-o, M|100/100
|move|p1a: Skarmory|Stealth Rock|p2a: cool laddy
|-sidestart|p2: A|move: Stealth Rock
|
|upkeep
|turn|10
|
|switch|p1a: Clefable|Clefable, M|100/100
|move|p2a: cool laddy|Stealth Rock|p1a: Clefable
|-sidestart|p1: tackle|move: Stealth Rock
|
|upkeep
|turn|11
|
|switch|p2a: BEST GIRL|Chansey, F, shiny|100/100
|-damage|p2a: BEST GIRL|88/100|[from] Stealth Rock
|move|p1a: Clefable|Teleport|p1a: Clefable
|
|switch|p1a: Krookodile|Krookodile, M|100/100|[from]move: Teleport
|-damage|p1a: Krookodile|94/100|[from] Stealth Rock
|
|upkeep
|turn|12
|
|switch|p2a: cool laddy|Kommo-o, M|100/100
|-damage|p2a: cool laddy|95/100|[from] Stealth Rock
|move|p1a: Krookodile|Earthquake|p2a: cool laddy
|-damage|p2a: cool laddy|66/100
|
|upkeep
|turn|13
|
|switch|p1a: Clefable|Clefable, M|100/100
|-damage|p1a: Clefable|88/100|[from] Stealth Rock
|move|p2a: cool laddy|Flamethrower|p1a: Clefable
|-damage|p1a: Clefable|75/100
|
|-heal|p1a: Clefable|81/100|[from] item: Leftovers
|upkeep
|turn|14
|
|switch|p2a: gamer girl|Arcanine, F, shiny|100/100
|-ability|p2a: gamer girl|Intimidate|boost
|-unboost|p1a: Clefable|atk|1
|move|p1a: Clefable|Teleport|p1a: Clefable
|
|switch|p1a: Krookodile|Krookodile, M|94/100|[from]move: Teleport
|-damage|p1a: Krookodile|88/100|[from] Stealth Rock
|
|upkeep
|turn|15
|
|move|p1a: Krookodile|Earthquake|p2a: gamer girl
|-supereffective|p2a: gamer girl
|-damage|p2a: gamer girl|29/100
|move|p2a: gamer girl|Will-O-Wisp|p1a: Krookodile
|-status|p1a: Krookodile|brn
|
|-damage|p1a: Krookodile|82/100 brn|[from] brn
|upkeep
|turn|16
|
|switch|p2a: reverse alembic|Magearna|100/100
|-damage|p2a: reverse alembic|94/100|[from] Stealth Rock
|move|p1a: Krookodile|Earthquake|p2a: reverse alembic
|-supereffective|p2a: reverse alembic
|-damage|p2a: reverse alembic|53/100
|
|-damage|p1a: Krookodile|76/100 brn|[from] brn
|upkeep
|turn|17
|
|switch|p1a: Chansey|Chansey, F|100/100
|-damage|p1a: Chansey|88/100|[from] Stealth Rock
|move|p2a: reverse alembic|Calm Mind|p2a: reverse alembic
|-boost|p2a: reverse alembic|spa|1
|-boost|p2a: reverse alembic|spd|1
|
|upkeep
|turn|18
|
|switch|p1a: Toxapex|Toxapex, M|100/100 brn
|-damage|p1a: Toxapex|88/100 brn|[from] Stealth Rock
|move|p2a: reverse alembic|Iron Defense|p2a: reverse alembic
|-boost|p2a: reverse alembic|def|2
|
|-damage|p1a: Toxapex|82/100 brn|[from] brn
|upkeep
|turn|19
|
|move|p2a: reverse alembic|Stored Power|p1a: Toxapex
|-supereffective|p1a: Toxapex
|-damage|p1a: Toxapex|1/100 brn
|move|p1a: Toxapex|Haze|p1a: Toxapex
|-clearallboost
|
|-damage|p1a: Toxapex|0 fnt|[from] brn
|faint|p1a: Toxapex
|-ability|p2a: reverse alembic|Soul-Heart|boost
|-boost|p2a: reverse alembic|spa|1
|upkeep
|
|switch|p1a: Chansey|Chansey, F|88/100
|-damage|p1a: Chansey|76/100|[from] Stealth Rock
|turn|20
|
|switch|p2a: lamer than me|Toxapex, F|100/100
|-damage|p2a: lamer than me|88/100|[from] Stealth Rock
|move|p1a: Chansey|Seismic Toss|p2a: lamer than me
|-damage|p2a: lamer than me|55/100
|
|-heal|p2a: lamer than me|61/100|[from] item: Black Sludge
|upkeep
|turn|21
|
|move|p1a: Chansey|Aromatherapy|p1a: Chansey
|-activate|p1a: Chansey|move: Aromatherapy
|-curestatus|p1: Krookodile|brn|[msg]
|-curestatus|p1: Skarmory|par|[msg]
|move|p2a: lamer than me|Knock Off|p1a: Chansey
|-damage|p1a: Chansey|66/100
|-enditem|p1a: Chansey|Eviolite|[from] move: Knock Off|[of] p2a: lamer than me
|
|-heal|p2a: lamer than me|68/100|[from] item: Black Sludge
|upkeep
|turn|22
|
|move|p1a: Chansey|Soft-Boiled|p1a: Chansey
|-heal|p1a: Chansey|100/100
|move|p2a: lamer than me|Toxic|p1a: Chansey
|-status|p1a: Chansey|tox
|
|-heal|p2a: lamer than me|74/100|[from] item: Black Sludge
|-damage|p1a: Chansey|94/100 tox|[from] psn
|upkeep
|turn|23
|
|switch|p1a: Skarmory|Skarmory, M|88/100
|-damage|p1a: Skarmory|76/100|[from] Stealth Rock
|move|p2a: lamer than me|Scald|p1a: Skarmory
|-damage|p1a: Skarmory|57/100
|
|-heal|p2a: lamer than me|80/100|[from] item: Black Sludge
|upkeep
|turn|24
|
|move|p1a: Skarmory|Roost|p1a: Skarmory
|-heal|p1a: Skarmory|100/100
|-singleturn|p1a: Skarmory|move: Roost
|move|p2a: lamer than me|Knock Off|p1a: Skarmory
|-damage|p1a: Skarmory|92/100
|-enditem|p1a: Skarmory|Shed Shell|[from] move: Knock Off|[of] p2a: lamer than me
|
|-heal|p2a: lamer than me|86/100|[from] item: Black Sludge
|upkeep
|turn|25
|
|switch|p1a: Clefable|Clefable, M|81/100
|-damage|p1a: Clefable|69/100|[from] Stealth Rock
|move|p2a: lamer than me|Scald|p1a: Clefable
|-damage|p1a: Clefable|58/100
|-status|p1a: Clefable|brn
|
|-heal|p1a: Clefable|64/100 brn|[from] item: Leftovers
|-heal|p2a: lamer than me|93/100|[from] item: Black Sludge
|-damage|p1a: Clefable|58/100 brn|[from] brn
|upkeep
|turn|26
|c|☆A|kek have u actually seen magnezone
|c|☆A|havent seen one myself
|c|☆tackle|yea
|c|☆tackle|i have
|
|move|p1a: Clefable|Wish|p1a: Clefable
|move|p2a: lamer than me|Knock Off|p1a: Clefable
|-resisted|p1a: Clefable
|-damage|p1a: Clefable|49/100 brn
|-enditem|p1a: Clefable|Leftovers|[from] move: Knock Off|[of] p2a: lamer than me
|
|-heal|p2a: lamer than me|99/100|[from] item: Black Sludge
|-damage|p1a: Clefable|43/100 brn|[from] brn
|upkeep
|turn|27
|
|move|p1a: Clefable|Moonblast|p2a: lamer than me
|-resisted|p2a: lamer than me
|-damage|p2a: lamer than me|85/100
|-unboost|p2a: lamer than me|spa|1
|move|p2a: lamer than me|Scald|p1a: Clefable
|-damage|p1a: Clefable|33/100 brn
|
|-heal|p1a: Clefable|83/100 brn|[from] move: Wish|[wisher] Clefable
|-heal|p2a: lamer than me|92/100|[from] item: Black Sludge
|-damage|p1a: Clefable|77/100 brn|[from] brn
|upkeep
|turn|28
|
|move|p2a: lamer than me|Scald|p1a: Clefable
|-damage|p1a: Clefable|66/100 brn
|move|p1a: Clefable|Teleport|p1a: Clefable
|
|switch|p1a: Krookodile|Krookodile, M|76/100|[from]move: Teleport
|-damage|p1a: Krookodile|70/100|[from] Stealth Rock
|
|-heal|p2a: lamer than me|98/100|[from] item: Black Sludge
|upkeep
|turn|29
|
|move|p1a: Krookodile|Earthquake|p2a: lamer than me
|-supereffective|p2a: lamer than me
|-damage|p2a: lamer than me|42/100
|move|p2a: lamer than me|Scald|p1a: Krookodile
|-supereffective|p1a: Krookodile
|-damage|p1a: Krookodile|44/100
|
|-heal|p2a: lamer than me|48/100|[from] item: Black Sludge
|upkeep
|turn|30
|
|switch|p2a: BEST GIRL|Chansey, F, shiny|88/100
|-damage|p2a: BEST GIRL|76/100|[from] Stealth Rock
|move|p1a: Krookodile|Earthquake|p2a: BEST GIRL
|-damage|p2a: BEST GIRL|44/100
|
|upkeep
|turn|31
|
|switch|p1a: Tangrowth|Tangrowth, F|96/100
|-damage|p1a: Tangrowth|83/100|[from] Stealth Rock
|move|p2a: BEST GIRL|Soft-Boiled|p2a: BEST GIRL
|-heal|p2a: BEST GIRL|94/100
|
|upkeep
|turn|32
|
|switch|p2a: cool laddy|Kommo-o, M|66/100
|-damage|p2a: cool laddy|60/100|[from] Stealth Rock
|move|p1a: Tangrowth|Knock Off|p2a: cool laddy
|-resisted|p2a: cool laddy
|-damage|p2a: cool laddy|53/100
|-damage|p1a: Tangrowth|67/100|[from] item: Rocky Helmet|[of] p2a: cool laddy
|-enditem|p2a: cool laddy|Rocky Helmet|[from] move: Knock Off|[of] p1a: Tangrowth
|
|upkeep
|turn|33
|
|switch|p2a: reverse alembic|Magearna|53/100
|-damage|p2a: reverse alembic|47/100|[from] Stealth Rock
|switch|p1a: Clefable|Clefable, M|66/100 brn
|-damage|p1a: Clefable|54/100 brn|[from] Stealth Rock
|
|-damage|p1a: Clefable|48/100 brn|[from] brn
|upkeep
|turn|34
|
|switch|p1a: Chansey|Chansey, F|94/100
|-damage|p1a: Chansey|82/100|[from] Stealth Rock
|move|p2a: reverse alembic|Iron Defense|p2a: reverse alembic
|-boost|p2a: reverse alembic|def|2
|
|upkeep
|turn|35
|
|move|p2a: reverse alembic|Calm Mind|p2a: reverse alembic
|-boost|p2a: reverse alembic|spa|1
|-boost|p2a: reverse alembic|spd|1
|move|p1a: Chansey|Seismic Toss|p2a: reverse alembic
|-damage|p2a: reverse alembic|18/100
|-enditem|p2a: reverse alembic|Iapapa Berry|[eat]
|-heal|p2a: reverse alembic|51/100|[from] item: Iapapa Berry
|
|upkeep
|turn|36
|
|move|p2a: reverse alembic|Calm Mind|p2a: reverse alembic
|-boost|p2a: reverse alembic|spa|1
|-boost|p2a: reverse alembic|spd|1
|move|p1a: Chansey|Seismic Toss|p2a: reverse alembic
|-damage|p2a: reverse alembic|23/100
|
|upkeep
|turn|37
|
|move|p2a: reverse alembic|Draining Kiss|p1a: Chansey
|-damage|p1a: Chansey|60/100
|-heal|p2a: reverse alembic|56/100|[from] drain|[of] p1a: Chansey
|move|p1a: Chansey|Seismic Toss|p2a: reverse alembic
|-damage|p2a: reverse alembic|28/100
|
|upkeep
|turn|38
|
|switch|p1a: Krookodile|Krookodile, M|44/100
|-damage|p1a: Krookodile|38/100|[from] Stealth Rock
|move|p2a: reverse alembic|Draining Kiss|p1a: Krookodile
|-supereffective|p1a: Krookodile
|-damage|p1a: Krookodile|0 fnt
|-heal|p2a: reverse alembic|54/100|[from] drain|[of] p1a: Krookodile
|faint|p1a: Krookodile
|-ability|p2a: reverse alembic|Soul-Heart|boost
|-boost|p2a: reverse alembic|spa|1
|
|upkeep
|j| Poop-ou
|c|☆tackle|damn
|c|☆tackle|fk
|
|switch|p1a: Chansey|Chansey, F|60/100
|-damage|p1a: Chansey|47/100|[from] Stealth Rock
|turn|39
|
|move|p2a: reverse alembic|Stored Power|p1a: Chansey
|-damage|p1a: Chansey|0 fnt
|faint|p1a: Chansey
|-ability|p2a: reverse alembic|Soul-Heart|boost
|-boost|p2a: reverse alembic|spa|1
|
|upkeep
|c|☆tackle|gg
|c|☆A|gg
|-message|tackle forfeited.
|
|win|A
|l|☆tackle
