|j|☆JooshP
|j|☆Colonel Rivai
|t:|1656155242
|gametype|singles
|player|p1|JooshP|red|1779
|player|p2|Colonel Rivai|169|1785
|teamsize|p1|6
|teamsize|p2|6
|gen|8
|tier|[Gen 8] OU
|rated|
|rule|Sleep Clause Mod: Limit one foe put to sleep
|rule|Species Clause: Limit one of each Pokémon
|rule|OHKO Clause: OHKO moves are banned
|rule|Evasion Moves Clause: Evasion moves are banned
|rule|Endless Battle Clause: Forcing endless battles is banned
|rule|HP Percentage Mod: HP is shown in percentages
|rule|Dynamax Clause: You cannot dynamax
|clearpoke
|poke|p1|Blacephalon|
|poke|p1|Tornadus-Therian, M|
|poke|p1|Skarmory, M|
|poke|p1|Slowking-Galar, F|
|poke|p1|Garchomp, F|
|poke|p1|Gyarados, M|
|poke|p2|Hydreigon, M|
|poke|p2|Kartana|
|poke|p2|Blacephalon|
|poke|p2|Landorus-Therian, M|
|poke|p2|Melmetal|
|poke|p2|Toxapex, F|
|teampreview
|
|t:|1656155249
|start
|switch|p1a: Tornadus|Tornadus-Therian, M|100/100
|switch|p2a: Hydreigon|Hydreigon, M|100/100
|turn|1
|
|t:|1656155252
|move|p1a: Tornadus|Knock Off|p2a: Hydreigon
|-resisted|p2a: Hydreigon
|-damage|p2a: Hydreigon|89/100
|-enditem|p2a: Hydreigon|Choice Band|[from] move: Knock Off|[of] p1a: Tornadus
|move|p2a: Hydreigon|Beat Up|p1a: Tornadus
|-damage|p1a: Tornadus|91/100
|-damage|p1a: Tornadus|78/100
|-crit|p1a: Tornadus
|-damage|p1a: Tornadus|62/100
|-damage|p1a: Tornadus|51/100
|-damage|p1a: Tornadus|41/100
|-damage|p1a: Tornadus|35/100
|-hitcount|p1a: Tornadus|6
|
|upkeep
|turn|2
|
|t:|1656155257
|move|p1a: Tornadus|U-turn|p2a: Hydreigon
|-supereffective|p2a: Hydreigon
|-damage|p2a: Hydreigon|57/100
|
|t:|1656155261
|switch|p1a: Skarmory|Skarmory, M|100/100|[from]move: U-turn
|move|p2a: Hydreigon|Beat Up|p1a: Skarmory
|-crit|p1a: Skarmory
|-damage|p1a: Skarmory|94/100
|-damage|p1a: Skarmory|87/100
|-damage|p1a: Skarmory|81/100
|-damage|p1a: Skarmory|75/100
|-crit|p1a: Skarmory
|-damage|p1a: Skarmory|65/100
|-damage|p1a: Skarmory|62/100
|-hitcount|p1a: Skarmory|6
|
|upkeep
|turn|3
|
|t:|1656155263
|switch|p2a: Blacephalon|Blacephalon|100/100
|move|p1a: Skarmory|Roost|p1a: Skarmory
|-heal|p1a: Skarmory|100/100
|-singleturn|p1a: Skarmory|move: Roost
|
|upkeep
|turn|4
|j| clflucker
|
|t:|1656155274
|switch|p1a: Slowking|Slowking-Galar, F|100/100
|move|p2a: Blacephalon|Shadow Ball|p1a: Slowking
|-supereffective|p1a: Slowking
|-damage|p1a: Slowking|58/100
|-unboost|p1a: Slowking|spd|1
|
|upkeep
|turn|5
|j| xiao123
|
|t:|1656155279
|move|p2a: Blacephalon|Shadow Ball|p1a: Slowking
|-supereffective|p1a: Slowking
|-damage|p1a: Slowking|0 fnt
|faint|p1a: Slowking
|-ability|p2a: Blacephalon|Beast Boost|boost
|-boost|p2a: Blacephalon|spa|1
|
|upkeep
|inactive|Battle timer is ON: inactive players will automatically lose when time's up. (requested by Colonel Rivai)
|
|t:|1656155285
|switch|p1a: Gyarados|Gyarados, M|100/100
|-ability|p1a: Gyarados|Intimidate|boost
|-unboost|p2a: Blacephalon|atk|1
|turn|6
|
|t:|1656155291
|switch|p2a: Toxapex|Toxapex, F|100/100
|move|p1a: Gyarados|Waterfall|p2a: Toxapex
|-resisted|p2a: Toxapex
|-damage|p2a: Toxapex|88/100
|-damage|p1a: Gyarados|84/100|[from] item: Rocky Helmet|[of] p2a: Toxapex
|
|upkeep
|turn|7
|j| Trexton
|
|t:|1656155296
|switch|p1a: Garchomp|Garchomp, F|100/100
|move|p2a: Toxapex|Knock Off|p1a: Garchomp
|-damage|p1a: Garchomp|85/100
|-damage|p2a: Toxapex|76/100|[from] ability: Rough Skin|[of] p1a: Garchomp
|-enditem|p1a: Garchomp|Leftovers|[from] move: Knock Off|[of] p2a: Toxapex
|
|upkeep
|turn|8
|
|t:|1656155298
|move|p1a: Garchomp|Stealth Rock|p2a: Toxapex
|-sidestart|p2: Colonel Rivai|move: Stealth Rock
|move|p2a: Toxapex|Toxic|p1a: Garchomp
|-status|p1a: Garchomp|tox
|
|-damage|p1a: Garchomp|78/100 tox|[from] psn
|upkeep
|turn|9
|
|t:|1656155301
|switch|p1a: Tornadus|Tornadus-Therian, M|68/100
|switch|p2a: Landorus|Landorus-Therian, M|100/100
|-damage|p2a: Landorus|88/100|[from] Stealth Rock
|-ability|p2a: Landorus|Intimidate|boost
|-unboost|p1a: Tornadus|atk|1
|
|-heal|p2a: Landorus|94/100|[from] item: Leftovers
|upkeep
|turn|10
|
|t:|1656155303
|move|p1a: Tornadus|Knock Off|p2a: Landorus
|-damage|p2a: Landorus|81/100
|-enditem|p2a: Landorus|Leftovers|[from] move: Knock Off|[of] p1a: Tornadus
|move|p2a: Landorus|Defog|p1a: Tornadus
|-unboost|p1a: Tornadus|evasion|1
|-sideend|p2: Colonel Rivai|Stealth Rock|[from] move: Defog|[of] p2a: Landorus
|
|upkeep
|turn|11
|
|t:|1656155305
|move|p1a: Tornadus|Hurricane|p2a: Landorus
|-damage|p2a: Landorus|50/100
|move|p2a: Landorus|Stealth Rock|p1a: Tornadus
|-sidestart|p1: JooshP|move: Stealth Rock
|
|upkeep
|turn|12
|
|t:|1656155308
|move|p1a: Tornadus|Defog|p2a: Landorus
|-unboost|p2a: Landorus|evasion|1
|-sideend|p1: JooshP|Stealth Rock|[from] move: Defog|[of] p1a: Tornadus
|move|p2a: Landorus|U-turn|p1a: Tornadus
|-resisted|p1a: Tornadus
|-damage|p1a: Tornadus|56/100
|
|t:|1656155316
|switch|p2a: Melmetal|Melmetal|100/100|[from]move: U-turn
|
|upkeep
|turn|13
|
|t:|1656155319
|move|p1a: Tornadus|Knock Off|p2a: Melmetal
|-damage|p2a: Melmetal|92/100
|-enditem|p2a: Melmetal|Assault Vest|[from] move: Knock Off|[of] p1a: Tornadus
|move|p2a: Melmetal|Ice Punch|p1a: Tornadus
|-supereffective|p1a: Tornadus
|-damage|p1a: Tornadus|0 fnt
|faint|p1a: Tornadus
|
|upkeep
|
|t:|1656155324
|switch|p1a: Skarmory|Skarmory, M|100/100
|turn|14
|
|t:|1656155327
|switch|p2a: Landorus|Landorus-Therian, M|50/100
|-ability|p2a: Landorus|Intimidate|boost
|-unboost|p1a: Skarmory|atk|1
|move|p1a: Skarmory|Spikes|p2a: Landorus
|-sidestart|p2: Colonel Rivai|Spikes
|
|upkeep
|turn|15
|
|t:|1656155329
|switch|p1a: Gyarados|Gyarados, M|84/100
|-ability|p1a: Gyarados|Intimidate|boost
|-unboost|p2a: Landorus|atk|1
|move|p2a: Landorus|Stealth Rock|p1a: Gyarados
|-sidestart|p1: JooshP|move: Stealth Rock
|
|upkeep
|turn|16
|
|t:|1656155332
|switch|p2a: Toxapex|Toxapex, F|100/100
|-damage|p2a: Toxapex|88/100|[from] Spikes
|move|p1a: Gyarados|Dragon Dance|p1a: Gyarados
|-boost|p1a: Gyarados|atk|1
|-boost|p1a: Gyarados|spe|1
|
|upkeep
|turn|17
|
|t:|1656155334
|move|p1a: Gyarados|Earthquake|p2a: Toxapex
|-supereffective|p2a: Toxapex
|-damage|p2a: Toxapex|24/100
|move|p2a: Toxapex|Haze|p2a: Toxapex
|-clearallboost
|
|upkeep
|turn|18
|
|t:|1656155338
|switch|p2a: Kartana|Kartana|100/100
|-damage|p2a: Kartana|88/100|[from] Spikes
|move|p1a: Gyarados|Dragon Dance|p1a: Gyarados
|-boost|p1a: Gyarados|atk|1
|-boost|p1a: Gyarados|spe|1
|
|upkeep
|turn|19
|j| fil41b
|
|t:|1656155345
|switch|p1a: Skarmory|Skarmory, M|100/100
|-damage|p1a: Skarmory|88/100|[from] Stealth Rock
|move|p2a: Kartana|Leaf Blade|p1a: Skarmory
|-resisted|p1a: Skarmory
|-damage|p1a: Skarmory|75/100
|-damage|p2a: Kartana|72/100|[from] item: Rocky Helmet|[of] p1a: Skarmory
|
|upkeep
|turn|20
|
|t:|1656155350
|switch|p2a: Landorus|Landorus-Therian, M|50/100
|-ability|p2a: Landorus|Intimidate|boost
|-unboost|p1a: Skarmory|atk|1
|switch|p1a: Garchomp|Garchomp, F|78/100 tox
|-damage|p1a: Garchomp|72/100 tox|[from] Stealth Rock
|
|-damage|p1a: Garchomp|66/100 tox|[from] psn
|upkeep
|turn|21
|
|t:|1656155354
|move|p1a: Garchomp|Swords Dance|p1a: Garchomp
|-boost|p1a: Garchomp|atk|2
|move|p2a: Landorus|Earthquake|p1a: Garchomp
|-damage|p1a: Garchomp|19/100 tox
|
|-damage|p1a: Garchomp|6/100 tox|[from] psn
|upkeep
|turn|22
|
|t:|1656155360
|switch|p2a: Melmetal|Melmetal|92/100
|-damage|p2a: Melmetal|80/100|[from] Spikes
|move|p1a: Garchomp|Stone Edge|p2a: Melmetal|[miss]
|-miss|p1a: Garchomp|p2a: Melmetal
|
|-damage|p1a: Garchomp|0 fnt|[from] psn
|faint|p1a: Garchomp
|upkeep
|
|t:|1656155363
|switch|p1a: Skarmory|Skarmory, M|75/100
|-damage|p1a: Skarmory|62/100|[from] Stealth Rock
|turn|23
|
|t:|1656155366
|move|p1a: Skarmory|Spikes|p2a: Melmetal
|-sidestart|p2: Colonel Rivai|Spikes
|move|p2a: Melmetal|Thunder Punch|p1a: Skarmory
|-supereffective|p1a: Skarmory
|-damage|p1a: Skarmory|16/100
|-damage|p2a: Melmetal|64/100|[from] item: Rocky Helmet|[of] p1a: Skarmory
|
|upkeep
|turn|24
|
|t:|1656155369
|switch|p2a: Landorus|Landorus-Therian, M|50/100
|-ability|p2a: Landorus|Intimidate|boost
|-unboost|p1a: Skarmory|atk|1
|move|p1a: Skarmory|Body Press|p2a: Landorus
|-resisted|p2a: Landorus
|-damage|p2a: Landorus|34/100
|
|upkeep
|turn|25
|
|t:|1656155372
|switch|p1a: Gyarados|Gyarados, M|84/100
|-ability|p1a: Gyarados|Intimidate|boost
|-unboost|p2a: Landorus|atk|1
|move|p2a: Landorus|Defog|p1a: Gyarados
|-unboost|p1a: Gyarados|evasion|1
|-sideend|p1: JooshP|Stealth Rock|[from] move: Defog|[of] p2a: Landorus
|-sideend|p2: Colonel Rivai|Spikes|[from] move: Defog|[of] p2a: Landorus
|
|upkeep
|turn|26
|
|t:|1656155374
|move|p1a: Gyarados|Dragon Dance|p1a: Gyarados
|-boost|p1a: Gyarados|atk|1
|-boost|p1a: Gyarados|spe|1
|move|p2a: Landorus|U-turn|p1a: Gyarados
|-resisted|p1a: Gyarados
|-damage|p1a: Gyarados|74/100
|
|t:|1656155378
|switch|p2a: Toxapex|Toxapex, F|57/100|[from]move: U-turn
|
|upkeep
|turn|27
|
|t:|1656155381
|switch|p2a: Landorus|Landorus-Therian, M|34/100
|-ability|p2a: Landorus|Intimidate|boost
|-unboost|p1a: Gyarados|atk|1
|move|p1a: Gyarados|Dragon Dance|p1a: Gyarados
|-boost|p1a: Gyarados|atk|1
|-boost|p1a: Gyarados|spe|1
|
|upkeep
|turn|28
|
|t:|1656155385
|move|p1a: Gyarados|Waterfall|p2a: Landorus
|-supereffective|p2a: Landorus
|-crit|p2a: Landorus
|-damage|p2a: Landorus|0 fnt
|faint|p2a: Landorus
|
|upkeep
|
|t:|1656155388
|switch|p2a: Toxapex|Toxapex, F|90/100
|turn|29
|
|t:|1656155391
|switch|p1a: Skarmory|Skarmory, M|16/100
|move|p2a: Toxapex|Haze|p2a: Toxapex
|-clearallboost
|
|upkeep
|turn|30
|
|t:|1656155394
|switch|p2a: Blacephalon|Blacephalon|100/100
|move|p1a: Skarmory|Spikes|p2a: Blacephalon
|-sidestart|p2: Colonel Rivai|Spikes
|
|upkeep
|turn|31
|
|t:|1656155400
|move|p2a: Blacephalon|Shadow Ball|p1a: Skarmory
|-damage|p1a: Skarmory|0 fnt
|faint|p1a: Skarmory
|-ability|p2a: Blacephalon|Beast Boost|boost
|-boost|p2a: Blacephalon|spa|1
|
|upkeep
|
|t:|1656155402
|switch|p1a: Blacephalon|Blacephalon|100/100
|turn|32
|
|t:|1656155405
|move|p2a: Blacephalon|Shadow Ball|p1a: Blacephalon
|-supereffective|p1a: Blacephalon
|-damage|p1a: Blacephalon|0 fnt
|faint|p1a: Blacephalon
|-ability|p2a: Blacephalon|Beast Boost|boost
|-boost|p2a: Blacephalon|spa|1
|
|upkeep
|
|t:|1656155408
|switch|p1a: Gyarados|Gyarados, M|74/100
|-ability|p1a: Gyarados|Intimidate|boost
|-unboost|p2a: Blacephalon|atk|1
|turn|33
|
|t:|1656155410
|move|p2a: Blacephalon|Shadow Ball|p1a: Gyarados
|-damage|p1a: Gyarados|0 fnt
|faint|p1a: Gyarados
|
|win|Colonel Rivai
|raw|JooshP's rating: 1779 &rarr; <strong>1759</strong><br />(-20 for losing)
|raw|Colonel Rivai's rating: 1785 &rarr; <strong>1805</strong><br />(+20 for winning)
