|j|☆2ASIAN
|j|☆ferromolybdenum
|player|p1|2ASIAN|lillie|1539
|player|p2|ferromolybdenum|lucas|1571
|teamsize|p1|6
|teamsize|p2|6
|gametype|singles
|gen|8
|tier|[Gen 8] OU
|rated|
|html|<div class="broadcast-red"><strong>OU is currently suspecting Melmetal! For information on how to participate check out the <a href="https://www.smogon.com/forums/threads/3662190/">suspect thread</a>.</strong></div>
|clearpoke
|poke|p1|Zeraora|
|poke|p1|Kyurem|
|poke|p1|Aegislash, F|
|poke|p1|Corviknight, M|
|poke|p1|Vaporeon, M|
|poke|p1|Kommo-o, M|
|poke|p2|Melmetal|
|poke|p2|Dragapult, M|
|poke|p2|Clefable, M|
|poke|p2|Kyurem|
|poke|p2|Seismitoad, F|
|poke|p2|Corviknight, F|
|rule|Sleep Clause Mod: Limit one foe put to sleep
|rule|Species Clause: Limit one of each Pokémon
|rule|OHKO Clause: OHKO moves are banned
|rule|Evasion Moves Clause: Evasion moves are banned
|rule|Endless Battle Clause: Forcing endless battles is banned
|rule|HP Percentage Mod: HP is shown in percentages
|rule|Dynamax Clause: You cannot dynamax
|teampreview
|
|start
|switch|p1a: Kyurem|Kyurem|100/100
|switch|p2a: Corviknight|Corviknight, F|100/100
|-ability|p1a: Kyurem|Pressure
|-ability|p2a: Corviknight|Pressure
|turn|1
|
|move|p1a: Kyurem|Ice Beam|p2a: Corviknight
|-damage|p2a: Corviknight|43/100
|move|p2a: Corviknight|Body Press|p1a: Kyurem
|-supereffective|p1a: Kyurem
|-damage|p1a: Kyurem|54/100
|
|-heal|p2a: Corviknight|50/100|[from] item: Leftovers
|upkeep
|turn|2
|
|switch|p2a: Clefable|Clefable, M|100/100
|move|p1a: Kyurem|Ice Beam|p2a: Clefable
|-damage|p2a: Clefable|50/100
|
|-heal|p2a: Clefable|56/100|[from] item: Leftovers
|upkeep
|turn|3
|
|move|p1a: Kyurem|Ice Beam|p2a: Clefable
|-damage|p2a: Clefable|13/100
|-status|p2a: Clefable|frz
|cant|p2a: Clefable|frz
|
|-heal|p2a: Clefable|19/100 frz|[from] item: Leftovers
|upkeep
|turn|4
|
|cant|p2a: Clefable|frz
|move|p1a: Kyurem|Ice Beam|p2a: Clefable
|-damage|p2a: Clefable|0 fnt
|faint|p2a: Clefable
|
|upkeep
|
|switch|p2a: Kyurem|Kyurem|100/100
|-ability|p2a: Kyurem|Pressure
|turn|5
|
|switch|p1a: Vaporeon|Vaporeon, M|100/100
|move|p2a: Kyurem|Ice Beam|p1a: Vaporeon
|-resisted|p1a: Vaporeon
|-damage|p1a: Vaporeon|73/100
|
|-heal|p1a: Vaporeon|79/100|[from] item: Leftovers
|upkeep
|turn|6
|
|switch|p2a: Corviknight|Corviknight, F|50/100
|-ability|p2a: Corviknight|Pressure
|move|p1a: Vaporeon|Wish|p1a: Vaporeon
|
|-heal|p2a: Corviknight|56/100|[from] item: Leftovers
|-heal|p1a: Vaporeon|85/100|[from] item: Leftovers
|upkeep
|turn|7
|
|move|p2a: Corviknight|Roost|p2a: Corviknight
|-heal|p2a: Corviknight|100/100
|-singleturn|p2a: Corviknight|move: Roost
|move|p1a: Vaporeon|Scald|p2a: Corviknight
|-damage|p2a: Corviknight|75/100
|
|-heal|p1a: Vaporeon|100/100|[from] move: Wish|[wisher] Vaporeon
|-heal|p2a: Corviknight|81/100|[from] item: Leftovers
|upkeep
|turn|8
|
|move|p2a: Corviknight|U-turn|p1a: Vaporeon
|-damage|p1a: Vaporeon|90/100
|
|switch|p2a: Kyurem|Kyurem|100/100|[from]move: U-turn
|-ability|p2a: Kyurem|Pressure
|move|p1a: Vaporeon|Wish|p1a: Vaporeon
|
|-heal|p1a: Vaporeon|97/100|[from] item: Leftovers
|upkeep
|turn|9
|
|switch|p1a: Kyurem|Kyurem|54/100
|-ability|p1a: Kyurem|Pressure
|move|p2a: Kyurem|Freeze-Dry|p1a: Kyurem
|-damage|p1a: Kyurem|5/100
|
|-heal|p1a: Kyurem|65/100|[from] move: Wish|[wisher] Vaporeon
|upkeep
|turn|10
|
|switch|p2a: Melmetal|Melmetal|100/100
|move|p1a: Kyurem|Draco Meteor|p2a: Melmetal
|-resisted|p2a: Melmetal
|-damage|p2a: Melmetal|46/100
|-unboost|p1a: Kyurem|spa|2
|
|upkeep
|turn|11
|
|switch|p1a: Kommo-o|Kommo-o, M|100/100
|move|p2a: Melmetal|Double Iron Bash|p1a: Kommo-o
|-damage|p1a: Kommo-o|59/100
|-damage|p1a: Kommo-o|21/100
|-hitcount|p1a: Kommo-o|2
|
|-heal|p1a: Kommo-o|27/100|[from] item: Leftovers
|upkeep
|turn|12
|
|switch|p2a: Corviknight|Corviknight, F|81/100
|-ability|p2a: Corviknight|Pressure
|move|p1a: Kommo-o|Stealth Rock|p2a: Corviknight
|-sidestart|p2: ferromolybdenum|move: Stealth Rock
|
|-heal|p1a: Kommo-o|34/100|[from] item: Leftovers
|-heal|p2a: Corviknight|87/100|[from] item: Leftovers
|upkeep
|turn|13
|
|move|p1a: Kommo-o|Taunt|p2a: Corviknight
|-start|p2a: Corviknight|move: Taunt
|cant|p2a: Corviknight|move: Taunt|Defog
|
|-heal|p1a: Kommo-o|40/100|[from] item: Leftovers
|-heal|p2a: Corviknight|94/100|[from] item: Leftovers
|upkeep
|turn|14
|
|switch|p1a: Zeraora|Zeraora|100/100
|move|p2a: Corviknight|U-turn|p1a: Zeraora
|-damage|p1a: Zeraora|80/100
|
|switch|p2a: Seismitoad|Seismitoad, F|100/100|[from]move: U-turn
|-damage|p2a: Seismitoad|94/100|[from] Stealth Rock
|
|-heal|p2a: Seismitoad|100/100|[from] item: Leftovers
|upkeep
|turn|15
|
|switch|p1a: Corviknight|Corviknight, M|100/100
|-ability|p1a: Corviknight|Pressure
|move|p2a: Seismitoad|Earth Power|p1a: Corviknight
|-immune|p1a: Corviknight
|
|upkeep
|turn|16
|
|move|p2a: Seismitoad|Scald|p1a: Corviknight
|-damage|p1a: Corviknight|83/100
|move|p1a: Corviknight|Brave Bird|p2a: Seismitoad
|-damage|p2a: Seismitoad|72/100
|-damage|p1a: Corviknight|73/100|[from] Recoil
|
|-heal|p2a: Seismitoad|78/100|[from] item: Leftovers
|-heal|p1a: Corviknight|80/100|[from] item: Leftovers
|upkeep
|turn|17
|
|move|p2a: Seismitoad|Scald|p1a: Corviknight
|-damage|p1a: Corviknight|61/100
|move|p1a: Corviknight|Brave Bird|p2a: Seismitoad
|-damage|p2a: Seismitoad|50/100
|-damage|p1a: Corviknight|52/100|[from] Recoil
|
|-heal|p2a: Seismitoad|56/100|[from] item: Leftovers
|-heal|p1a: Corviknight|58/100|[from] item: Leftovers
|upkeep
|turn|18
|
|switch|p2a: Corviknight|Corviknight, F|94/100
|-damage|p2a: Corviknight|81/100|[from] Stealth Rock
|-ability|p2a: Corviknight|Pressure
|move|p1a: Corviknight|Roost|p1a: Corviknight
|-heal|p1a: Corviknight|100/100
|-singleturn|p1a: Corviknight|move: Roost
|
|-heal|p2a: Corviknight|87/100|[from] item: Leftovers
|upkeep
|turn|19
|
|move|p2a: Corviknight|Defog|p1a: Corviknight
|-unboost|p1a: Corviknight|evasion|1
|-sideend|p2: ferromolybdenum|Stealth Rock|[from] move: Defog|[of] p2a: Corviknight
|move|p1a: Corviknight|U-turn|p2a: Corviknight
|-resisted|p2a: Corviknight
|-damage|p2a: Corviknight|85/100
|
|switch|p1a: Zeraora|Zeraora|80/100|[from]move: U-turn
|
|-heal|p2a: Corviknight|91/100|[from] item: Leftovers
|upkeep
|turn|20
|
|move|p1a: Zeraora|Knock Off|p2a: Corviknight
|-damage|p2a: Corviknight|64/100
|-enditem|p2a: Corviknight|Leftovers|[from] move: Knock Off|[of] p1a: Zeraora
|move|p2a: Corviknight|U-turn|p1a: Zeraora
|-damage|p1a: Zeraora|57/100
|
|switch|p2a: Seismitoad|Seismitoad, F|56/100|[from]move: U-turn
|
|-heal|p2a: Seismitoad|62/100|[from] item: Leftovers
|upkeep
|turn|21
|
|switch|p1a: Vaporeon|Vaporeon, M|97/100
|move|p2a: Seismitoad|Scald|p1a: Vaporeon
|-heal|p1a: Vaporeon|100/100|[from] ability: Water Absorb|[of] p2a: Seismitoad
|
|-heal|p2a: Seismitoad|68/100|[from] item: Leftovers
|upkeep
|turn|22
|
|move|p2a: Seismitoad|Toxic|p1a: Vaporeon|[miss]
|-miss|p2a: Seismitoad|p1a: Vaporeon
|move|p1a: Vaporeon|Wish|p1a: Vaporeon
|
|-heal|p2a: Seismitoad|74/100|[from] item: Leftovers
|upkeep
|turn|23
|
|switch|p1a: Corviknight|Corviknight, M|100/100
|-ability|p1a: Corviknight|Pressure
|move|p2a: Seismitoad|Toxic|p1a: Corviknight
|-immune|p1a: Corviknight
|
|-heal|p2a: Seismitoad|80/100|[from] item: Leftovers
|upkeep
|turn|24
|
|switch|p2a: Corviknight|Corviknight, F|64/100
|-ability|p2a: Corviknight|Pressure
|move|p1a: Corviknight|Brave Bird|p2a: Corviknight
|-resisted|p2a: Corviknight
|-damage|p2a: Corviknight|51/100
|-damage|p1a: Corviknight|96/100|[from] Recoil
|
|-heal|p1a: Corviknight|100/100|[from] item: Leftovers
|upkeep
|turn|25
|
|move|p1a: Corviknight|U-turn|p2a: Corviknight
|-resisted|p2a: Corviknight
|-damage|p2a: Corviknight|49/100
|
|switch|p1a: Aegislash|Aegislash, F|100/100|[from]move: U-turn
|move|p2a: Corviknight|Roost|p2a: Corviknight
|-heal|p2a: Corviknight|99/100
|-singleturn|p2a: Corviknight|move: Roost
|
|upkeep
|turn|26
|
|-formechange|p1a: Aegislash|Aegislash-Blade||[from] ability: Stance Change
|move|p1a: Aegislash|Shadow Claw|p2a: Corviknight
|-damage|p2a: Corviknight|55/100
|move|p2a: Corviknight|U-turn|p1a: Aegislash
|-resisted|p1a: Aegislash
|-damage|p1a: Aegislash|92/100
|
|switch|p2a: Seismitoad|Seismitoad, F|80/100|[from]move: U-turn
|
|-heal|p2a: Seismitoad|86/100|[from] item: Leftovers
|upkeep
|turn|27
|
|move|p1a: Aegislash|Shadow Claw|p2a: Seismitoad
|-damage|p2a: Seismitoad|43/100
|move|p2a: Seismitoad|Earth Power|p1a: Aegislash
|-supereffective|p1a: Aegislash
|-damage|p1a: Aegislash|0 fnt
|faint|p1a: Aegislash
|
|-heal|p2a: Seismitoad|49/100|[from] item: Leftovers
|upkeep
|
|switch|p1a: Kyurem|Kyurem|65/100
|-ability|p1a: Kyurem|Pressure
|turn|28
|
|switch|p2a: Dragapult|Dragapult, M|100/100
|move|p1a: Kyurem|Ice Beam|p2a: Dragapult
|-supereffective|p2a: Dragapult
|-damage|p2a: Dragapult|0 fnt
|faint|p2a: Dragapult
|
|upkeep
|
|switch|p2a: Kyurem|Kyurem|100/100
|-ability|p2a: Kyurem|Pressure
|turn|29
|
|move|p2a: Kyurem|Freeze-Dry|p1a: Kyurem
|-damage|p1a: Kyurem|10/100
|move|p1a: Kyurem|Ice Beam|p2a: Kyurem
|-damage|p2a: Kyurem|35/100
|
|upkeep
|turn|30
|
|switch|p1a: Kommo-o|Kommo-o, M|40/100
|move|p2a: Kyurem|Freeze-Dry|p1a: Kommo-o
|-supereffective|p1a: Kommo-o
|-damage|p1a: Kommo-o|0 fnt
|faint|p1a: Kommo-o
|
|upkeep
|
|switch|p1a: Zeraora|Zeraora|57/100
|turn|31
|
|switch|p2a: Melmetal|Melmetal|46/100
|move|p1a: Zeraora|Close Combat|p2a: Melmetal
|-supereffective|p2a: Melmetal
|-damage|p2a: Melmetal|0 fnt
|-unboost|p1a: Zeraora|def|1
|-unboost|p1a: Zeraora|spd|1
|faint|p2a: Melmetal
|
|upkeep
|
|switch|p2a: Seismitoad|Seismitoad, F|49/100
|turn|32
|
|switch|p1a: Corviknight|Corviknight, M|100/100
|-ability|p1a: Corviknight|Pressure
|move|p2a: Seismitoad|Scald|p1a: Corviknight
|-damage|p1a: Corviknight|82/100
|
|-heal|p2a: Seismitoad|55/100|[from] item: Leftovers
|-heal|p1a: Corviknight|89/100|[from] item: Leftovers
|upkeep
|turn|33
|
|switch|p2a: Corviknight|Corviknight, F|55/100
|-ability|p2a: Corviknight|Pressure
|move|p1a: Corviknight|U-turn|p2a: Corviknight
|-resisted|p2a: Corviknight
|-damage|p2a: Corviknight|53/100
|
|switch|p1a: Kyurem|Kyurem|10/100|[from]move: U-turn
|-ability|p1a: Kyurem|Pressure
|
|upkeep
|turn|34
|
|move|p1a: Kyurem|Ice Beam|p2a: Corviknight
|-damage|p2a: Corviknight|0 fnt
|faint|p2a: Corviknight
|
|upkeep
|
|switch|p2a: Kyurem|Kyurem|35/100
|-ability|p2a: Kyurem|Pressure
|turn|35
|
|move|p2a: Kyurem|Freeze-Dry|p1a: Kyurem
|-damage|p1a: Kyurem|0 fnt
|faint|p1a: Kyurem
|
|upkeep
|
|switch|p1a: Zeraora|Zeraora|57/100
|turn|36
|
|switch|p2a: Seismitoad|Seismitoad, F|55/100
|move|p1a: Zeraora|Close Combat|p2a: Seismitoad
|-damage|p2a: Seismitoad|17/100
|-unboost|p1a: Zeraora|def|1
|-unboost|p1a: Zeraora|spd|1
|
|-heal|p2a: Seismitoad|23/100|[from] item: Leftovers
|upkeep
|turn|37
|
|move|p1a: Zeraora|Close Combat|p2a: Seismitoad
|-damage|p2a: Seismitoad|0 fnt
|-unboost|p1a: Zeraora|def|1
|-unboost|p1a: Zeraora|spd|1
|faint|p2a: Seismitoad
|
|upkeep
|
|switch|p2a: Kyurem|Kyurem|35/100
|-ability|p2a: Kyurem|Pressure
|turn|38
|
|move|p1a: Zeraora|Close Combat|p2a: Kyurem
|-supereffective|p2a: Kyurem
|-damage|p2a: Kyurem|0 fnt
|-unboost|p1a: Zeraora|def|1
|-unboost|p1a: Zeraora|spd|1
|faint|p2a: Kyurem
|
|win|2ASIAN
|l|☆ferromolybdenum
|raw|2ASIAN's rating: 1514 &rarr; <strong>1538</strong><br />(+24 for winning)
|raw|ferromolybdenum's rating: 1571 &rarr; <strong>1547</strong><br />(-24 for losing)
