|j|☆CoconutCrabs
|j|☆Randbats enjoyer
|inactive|Battle timer is ON: inactive players will automatically lose when time's up.
|t:|1664551730
|gametype|singles
|player|p1|CoconutCrabs|101|
|player|p2|Randbats enjoyer|n-masters|
|teamsize|p1|6
|teamsize|p2|6
|gen|8
|tier|[Gen 8] OU
|rated|Tournament battle
|rule|Sleep Clause Mod: Limit one foe put to sleep
|rule|Species Clause: Limit one of each Pokémon
|rule|OHKO Clause: OHKO moves are banned
|rule|Evasion Items Clause: Evasion items are banned
|rule|Evasion Moves Clause: Evasion moves are banned
|rule|Endless Battle Clause: Forcing endless battles is banned
|rule|HP Percentage Mod: HP is shown in percentages
|rule|Dynamax Clause: You cannot dynamax
|clearpoke
|poke|p1|Heatran, M|
|poke|p1|Excadrill, M|
|poke|p1|Tornadus-Therian, M|
|poke|p1|Toxapex, F|
|poke|p1|Tangrowth, M|
|poke|p1|Tyranitar, F|
|poke|p2|Zeraora|
|poke|p2|Corviknight, M|
|poke|p2|Tapu Lele|
|poke|p2|Urshifu-*, M|
|poke|p2|Landorus-Therian, M|
|poke|p2|Dragapult, M|
|teampreview
|inactive|CoconutCrabs also wants the timer to be on.
|inactive|Randbats enjoyer also wants the timer to be on.
|j| EVERYOPPSHOT
|j|%Sww-Suwa
|j| swalotiscute
|j| PurpleBeans13
|j| Reeynee
|c| swalotiscute|Ew
|c| EVERYOPPSHOT|both teams are 6-0d by marshadow btw
|c| PurpleBeans13|imagine running thicc sand in finals
|inactive|CoconutCrabs has 120 seconds left.
|j| NoNewUsernames
|c| swalotiscute|Both these guys
|
|t:|1664551765
|start
|switch|p1a: Tornadus|Tornadus-Therian, M|100/100
|switch|p2a: Tapu Lele|Tapu Lele|100/100
|-fieldstart|move: Psychic Terrain|[from] ability: Psychic Surge|[of] p2a: Tapu Lele
|turn|1
|c| swalotiscute|need to learn to have fun
|c| swalotiscute|tang is kinda cool tbf
|c|%Sww-Suwa|#BanTornT
|j| PkmnMasterEclipse
|inactive|CoconutCrabs has 120 seconds left.
|
|t:|1664551797
|switch|p1a: Toxapex|Toxapex, F|100/100
|switch|p2a: Corviknight|Corviknight, M, shiny|100/100
|-ability|p2a: Corviknight|Pressure
|
|upkeep
|turn|2
|c| PurpleBeans13|lets ban tran
|
|t:|1664551800
|move|p2a: Corviknight|U-turn|p1a: Toxapex
|-resisted|p1a: Toxapex
|-damage|p1a: Toxapex|96/100
|-damage|p2a: Corviknight|84/100|[from] item: Rocky Helmet|[of] p1a: Toxapex
|c| swalotiscute|Using torn-t really shows that you should be locked up
|
|t:|1664551803
|switch|p2a: Landorus|Landorus-Therian, M|100/100|[from]move: U-turn
|-ability|p2a: Landorus|Intimidate|boost
|-unboost|p1a: Toxapex|atk|1
|move|p1a: Toxapex|Knock Off|p2a: Landorus
|-damage|p2a: Landorus|91/100
|-enditem|p2a: Landorus|Leftovers|[from] move: Knock Off|[of] p1a: Toxapex
|
|upkeep
|turn|3
|j| maxxxnuel
|
|t:|1664551808
|move|p2a: Landorus|Knock Off|p1a: Toxapex
|-damage|p1a: Toxapex|77/100
|-damage|p2a: Landorus|75/100|[from] item: Rocky Helmet|[of] p1a: Toxapex
|-enditem|p1a: Toxapex|Rocky Helmet|[from] move: Knock Off|[of] p2a: Landorus
|move|p1a: Toxapex|Scald|p2a: Landorus
|-supereffective|p2a: Landorus
|-damage|p2a: Landorus|54/100
|
|upkeep
|turn|4
|
|t:|1664551814
|switch|p1a: Tornadus|Tornadus-Therian, M|100/100
|move|p2a: Landorus|Stealth Rock|p1a: Tornadus
|-sidestart|p1: CoconutCrabs|move: Stealth Rock
|
|upkeep
|turn|5
|j| eofmeofneo11efef
|
|t:|1664551818
|move|p1a: Tornadus|Hurricane|p2a: Landorus
|-damage|p2a: Landorus|0 fnt
|faint|p2a: Landorus
|
|-fieldend|move: Psychic Terrain
|upkeep
|c| EVERYOPPSHOT|oml
|c| EVERYOPPSHOT|nasty plot?
|
|t:|1664551825
|switch|p2a: Zeraora|Zeraora|100/100
|turn|6
|c| PurpleBeans13|I just realized the sand team has 3 regenerators
|
|t:|1664551831
|switch|p1a: Tangrowth|Tangrowth, M|100/100
|-damage|p1a: Tangrowth|88/100|[from] Stealth Rock
|move|p2a: Zeraora|Volt Switch|p1a: Tangrowth
|-resisted|p1a: Tangrowth
|-damage|p1a: Tangrowth|72/100
|
|t:|1664551833
|switch|p2a: Tapu Lele|Tapu Lele|100/100|[from]move: Volt Switch
|-fieldstart|move: Psychic Terrain|[from] ability: Psychic Surge|[of] p2a: Tapu Lele
|
|upkeep
|turn|7
|
|t:|1664551836
|switch|p1a: Tyranitar|Tyranitar, F|100/100
|-damage|p1a: Tyranitar|88/100|[from] Stealth Rock
|-weather|Sandstorm|[from] ability: Sand Stream|[of] p1a: Tyranitar
|move|p2a: Tapu Lele|Psychic|p1a: Tyranitar
|-immune|p1a: Tyranitar
|
|-weather|Sandstorm|[upkeep]
|-damage|p2a: Tapu Lele|94/100|[from] Sandstorm
|-heal|p1a: Tyranitar|94/100|[from] item: Leftovers
|upkeep
|turn|8
|
|t:|1664551839
|switch|p2a: Urshifu|Urshifu-Rapid-Strike, M|100/100
|move|p1a: Tyranitar|Stealth Rock|p2a: Urshifu
|-sidestart|p2: Randbats enjoyer|move: Stealth Rock
|
|-weather|Sandstorm|[upkeep]
|-damage|p2a: Urshifu|94/100|[from] Sandstorm
|-heal|p1a: Tyranitar|100/100|[from] item: Leftovers
|upkeep
|turn|9
|c| EVERYOPPSHOT|oml
|
|t:|1664551845
|switch|p1a: Toxapex|Toxapex, F|100/100
|-damage|p1a: Toxapex|88/100|[from] Stealth Rock
|move|p2a: Urshifu|U-turn|p1a: Toxapex
|-resisted|p1a: Toxapex
|-damage|p1a: Toxapex|78/100
|c| EVERYOPPSHOT|i don tthink he breaks the defensive core
|
|t:|1664551848
|switch|p2a: Tapu Lele|Tapu Lele|94/100|[from]move: U-turn
|-damage|p2a: Tapu Lele|82/100|[from] Stealth Rock
|
|-weather|Sandstorm|[upkeep]
|-damage|p2a: Tapu Lele|76/100|[from] Sandstorm
|-damage|p1a: Toxapex|72/100|[from] Sandstorm
|upkeep
|turn|10
|
|t:|1664551854
|move|p2a: Tapu Lele|Psychic|p1a: Toxapex
|-supereffective|p1a: Toxapex
|-damage|p1a: Toxapex|0 fnt
|faint|p1a: Toxapex
|
|-weather|Sandstorm|[upkeep]
|-damage|p2a: Tapu Lele|70/100|[from] Sandstorm
|-fieldend|move: Psychic Terrain
|upkeep
|c| swalotiscute|Nah just
|
|t:|1664551856
|switch|p1a: Excadrill|Excadrill, M|100/100
|-damage|p1a: Excadrill|97/100|[from] Stealth Rock
|turn|11
|c| swalotiscute|use lele right
|c| EVERYOPPSHOT|ok
|l| NoNewUsernames
|c| EVERYOPPSHOT|thats one way
|c|%Sww-Suwa|bruh
|c| PurpleBeans13|ok ig
|j| Kwaga
|c| PurpleBeans13|we just
|c| PurpleBeans13|sack pex
|
|t:|1664551869
|switch|p1a: Heatran|Heatran, M|100/100
|-damage|p1a: Heatran|88/100|[from] Stealth Rock
|switch|p2a: Corviknight|Corviknight, M, shiny|84/100
|-damage|p2a: Corviknight|72/100|[from] Stealth Rock
|-ability|p2a: Corviknight|Pressure
|
|-weather|none
|upkeep
|turn|12
|c| PurpleBeans13|wtf
|c| EVERYOPPSHOT|what was he cooking
|
|t:|1664551873
|switch|p2a: Urshifu|Urshifu-Rapid-Strike, M|94/100
|-damage|p2a: Urshifu|88/100|[from] Stealth Rock
|move|p1a: Heatran|Eruption|p2a: Urshifu
|-resisted|p2a: Urshifu
|-damage|p2a: Urshifu|32/100
|
|upkeep
|turn|13
|
|t:|1664551883
|move|p1a: Heatran|Eruption|p2a: Urshifu
|-resisted|p2a: Urshifu
|-damage|p2a: Urshifu|0 fnt
|faint|p2a: Urshifu
|
|upkeep
|c| EVERYOPPSHOT|RIP
|
|t:|1664551886
|switch|p2a: Dragapult|Dragapult, M|100/100
|-damage|p2a: Dragapult|88/100|[from] Stealth Rock
|turn|14
|c| swalotiscute|Coconut crab with the fake lame team but still kinda lame team
|
|t:|1664551898
|switch|p1a: Tyranitar|Tyranitar, F|100/100
|-damage|p1a: Tyranitar|88/100|[from] Stealth Rock
|-weather|Sandstorm|[from] ability: Sand Stream|[of] p1a: Tyranitar
|move|p2a: Dragapult|Shadow Ball|p1a: Tyranitar
|-resisted|p1a: Tyranitar
|-damage|p1a: Tyranitar|77/100
|
|-weather|Sandstorm|[upkeep]
|-damage|p2a: Dragapult|82/100|[from] Sandstorm
|-heal|p1a: Tyranitar|83/100|[from] item: Leftovers
|upkeep
|turn|15
|j| Holy peperoni
|
|t:|1664551907
|switch|p2a: Corviknight|Corviknight, M, shiny|72/100
|-damage|p2a: Corviknight|59/100|[from] Stealth Rock
|-ability|p2a: Corviknight|Pressure
|switch|p1a: Heatran|Heatran, M|88/100
|-damage|p1a: Heatran|76/100|[from] Stealth Rock
|
|-weather|Sandstorm|[upkeep]
|upkeep
|turn|16
|c|%Sww-Suwa|the fake cb ttar too
|c| EVERYOPPSHOT|oml
|c| swalotiscute|Btw this kids is why you run Dd fire blast pult
|c| swalotiscute|literally
|c| EVERYOPPSHOT|he is cooking
|c| swalotiscute|6-0s everyone of these ugly teams
|c| EVERYOPPSHOT|coconutcrabs is COOKING
|
|t:|1664551929
|switch|p2a: Zeraora|Zeraora|100/100
|move|p1a: Heatran|Eruption|p2a: Zeraora
|-damage|p2a: Zeraora|26/100
|
|-weather|Sandstorm|[upkeep]
|-damage|p2a: Zeraora|20/100|[from] Sandstorm
|upkeep
|turn|17
|
|t:|1664551935
|switch|p1a: Tangrowth|Tangrowth, M|100/100
|-damage|p1a: Tangrowth|88/100|[from] Stealth Rock
|move|p2a: Zeraora|Knock Off|p1a: Tangrowth
|-damage|p1a: Tangrowth|72/100
|-damage|p2a: Zeraora|3/100|[from] item: Rocky Helmet|[of] p1a: Tangrowth
|-enditem|p1a: Tangrowth|Rocky Helmet|[from] move: Knock Off|[of] p2a: Zeraora
|
|-weather|Sandstorm|[upkeep]
|-damage|p2a: Zeraora|0 fnt|[from] Sandstorm
|-damage|p1a: Tangrowth|66/100|[from] Sandstorm
|faint|p2a: Zeraora
|upkeep
|
|t:|1664551937
|switch|p2a: Tapu Lele|Tapu Lele|70/100
|-damage|p2a: Tapu Lele|57/100|[from] Stealth Rock
|-fieldstart|move: Psychic Terrain|[from] ability: Psychic Surge|[of] p2a: Tapu Lele
|turn|18
|c| PurpleBeans13|my dude really just eruptin on the whole team
|c| EVERYOPPSHOT|this was a masterful performance
|c| EVERYOPPSHOT|ngl
|
|t:|1664551954
|move|p2a: Tapu Lele|Moonblast|p1a: Tangrowth
|-damage|p1a: Tangrowth|0 fnt
|faint|p1a: Tangrowth
|
|-weather|none
|upkeep
|j| pelotonian
|
|t:|1664551956
|switch|p1a: Excadrill|Excadrill, M|97/100
|-damage|p1a: Excadrill|94/100|[from] Stealth Rock
|turn|19
|
|t:|1664551962
|move|p2a: Tapu Lele|Moonblast|p1a: Excadrill
|-resisted|p1a: Excadrill
|-damage|p1a: Excadrill|48/100
|move|p1a: Excadrill|Rapid Spin|p2a: Tapu Lele
|-damage|p2a: Tapu Lele|29/100
|-boost|p1a: Excadrill|spe|1
|-sideend|p1: CoconutCrabs|Stealth Rock|[from] move: Rapid Spin|[of] p1a: Excadrill
|
|-heal|p1a: Excadrill|55/100|[from] item: Leftovers
|upkeep
|turn|20
|c| swalotiscute|Why is eruption an event move
|
|t:|1664551966
|switch|p1a: Heatran|Heatran, M|76/100
|switch|p2a: Corviknight|Corviknight, M, shiny|59/100
|-damage|p2a: Corviknight|47/100|[from] Stealth Rock
|-ability|p2a: Corviknight|Pressure
|
|upkeep
|turn|21
|c| EVERYOPPSHOT|oml
|c| swalotiscute|shit lives in volcanoes
|c| EVERYOPPSHOT|masterful
|c| PurpleBeans13|see everyone
|c|%Sww-Suwa|lmao
|c| PurpleBeans13|ban tran
|j|@Wildfiree ❤
|c| PurpleBeans13|is the answer
|c| Kwaga|lol
|c| EVERYOPPSHOT|master
|c| EVERYOPPSHOT|ful
|
|t:|1664551984
|move|p1a: Heatran|Eruption|p2a: Corviknight
|-supereffective|p2a: Corviknight
|-crit|p2a: Corviknight
|-damage|p2a: Corviknight|0 fnt
|faint|p2a: Corviknight
|
|upkeep
|
|t:|1664551986
|switch|p2a: Dragapult|Dragapult, M|82/100
|-damage|p2a: Dragapult|70/100|[from] Stealth Rock
|turn|22
|
|t:|1664551988
|switch|p1a: Tyranitar|Tyranitar, F|83/100
|-weather|Sandstorm|[from] ability: Sand Stream|[of] p1a: Tyranitar
|move|p2a: Dragapult|Shadow Ball|p1a: Tyranitar
|-resisted|p1a: Tyranitar
|-damage|p1a: Tyranitar|72/100
|
|-weather|Sandstorm|[upkeep]
|-damage|p2a: Dragapult|64/100|[from] Sandstorm
|-heal|p1a: Tyranitar|78/100|[from] item: Leftovers
|-fieldend|move: Psychic Terrain
|upkeep
|turn|23
|
|t:|1664551991
|move|p2a: Dragapult|Shadow Ball|p1a: Tyranitar
|-resisted|p1a: Tyranitar
|-crit|p1a: Tyranitar
|-damage|p1a: Tyranitar|63/100
|move|p1a: Tyranitar|Earthquake|p2a: Dragapult
|-damage|p2a: Dragapult|25/100
|
|-weather|Sandstorm|[upkeep]
|-damage|p2a: Dragapult|19/100|[from] Sandstorm
|-heal|p1a: Tyranitar|69/100|[from] item: Leftovers
|upkeep
|turn|24
|
|t:|1664551993
|move|p2a: Dragapult|Shadow Ball|p1a: Tyranitar
|-resisted|p1a: Tyranitar
|-damage|p1a: Tyranitar|58/100
|-unboost|p1a: Tyranitar|spd|1
|move|p1a: Tyranitar|Earthquake|p2a: Dragapult
|-damage|p2a: Dragapult|0 fnt
|faint|p2a: Dragapult
|
|-weather|Sandstorm|[upkeep]
|-heal|p1a: Tyranitar|64/100|[from] item: Leftovers
|upkeep
|c| EVERYOPPSHOT|no u turn on pult?
|
|t:|1664551995
|switch|p2a: Tapu Lele|Tapu Lele|29/100
|-damage|p2a: Tapu Lele|17/100|[from] Stealth Rock
|-fieldstart|move: Psychic Terrain|[from] ability: Psychic Surge|[of] p2a: Tapu Lele
|turn|25
|c| EVERYOPPSHOT|geegee
|
|t:|1664551998
|move|p2a: Tapu Lele|Moonblast|p1a: Tyranitar
|-supereffective|p1a: Tyranitar
|-damage|p1a: Tyranitar|0 fnt
|faint|p1a: Tyranitar
|
|-weather|Sandstorm|[upkeep]
|-damage|p2a: Tapu Lele|11/100|[from] Sandstorm
|upkeep
|
|t:|1664552000
|switch|p1a: Excadrill|Excadrill, M|55/100
|turn|26
|c|☆Randbats enjoyer|Gg
|c| swalotiscute|The one time Spedef ttar actualy beats pult
|c|☆CoconutCrabs|gg
|c|☆Randbats enjoyer|Wp
|
|t:|1664552012
|move|p1a: Excadrill|Rapid Spin|p2a: Tapu Lele
|-damage|p2a: Tapu Lele|0 fnt
|-boost|p1a: Excadrill|spe|1
|faint|p2a: Tapu Lele
|
|win|CoconutCrabs
|n|☆CoconutCrabs|coconutcrabs
|n|☆Randbats enjoyer|randbatsenjoyer
|n| EVERYOPPSHOT|everyoppshot
|n| Sww-Suwa|swwsuwa
|n| swalotiscute|swalotiscute
|n| PurpleBeans13|purplebeans13
|n| Reeynee|reeynee
|n| PkmnMasterEclipse|pkmnmastereclipse
|n| maxxxnuel|maxxxnuel
|n| eofmeofneo11efef|eofmeofneo11efef
|n| Kwaga|kwaga
|n| Holy peperoni|holypeperoni
|n| pelotonian|pelotonian
|n|+Wildfiree ❤|wildfiree
