|html|<div class="broadcast-blue"><strong>[Gen 8] OU is currently suspecting Urshifu-S! For information on how to participate check out the <a href="https://www.smogon.com/forums/threads/np-ss-ou-suspect-process-round-8-aint-no-rest-for-the-wicked.3675310/">suspect thread</a>.</strong></div>
|j|☆Contorted Lies
|j|☆durag vs headband
|t:|1609915581
|player|p1|Contorted Lies|266|1794
|player|p2|durag vs headband|lady|1893
|teamsize|p1|6
|teamsize|p2|6
|gametype|singles
|gen|8
|tier|[Gen 8] OU
|rated|
|clearpoke
|poke|p1|Tapu Lele|
|poke|p1|Cinderace, F|
|poke|p1|Garchomp, F|
|poke|p1|Moltres-Galar|
|poke|p1|Melmetal|
|poke|p1|Buzzwole|
|poke|p2|Melmetal|
|poke|p2|Urshifu-*, F|
|poke|p2|Tornadus-Therian, M|
|poke|p2|Kommo-o, F|
|poke|p2|Cinderace, F|
|poke|p2|Slowking-Galar, F|
|rule|Sleep Clause Mod: Limit one foe put to sleep
|rule|Species Clause: Limit one of each Pokémon
|rule|OHKO Clause: OHKO moves are banned
|rule|Evasion Moves Clause: Evasion moves are banned
|rule|Endless Battle Clause: Forcing endless battles is banned
|rule|HP Percentage Mod: HP is shown in percentages
|rule|Dynamax Clause: You cannot dynamax
|teampreview
|inactive|Battle timer is ON: inactive players will automatically lose when time's up. (requested by durag vs headband)
|j| apple juize
|
|t:|1609915593
|start
|switch|p1a: Melmetal|Melmetal|100/100
|switch|p2a: Cinderace|Cinderace, F|100/100
|turn|1
|
|t:|1609915596
|move|p1a: Melmetal|Protect|p1a: Melmetal
|-singleturn|p1a: Melmetal|Protect
|move|p2a: Cinderace|U-turn|p1a: Melmetal
|-start|p2a: Cinderace|typechange|Bug|[from] ability: Libero
|-activate|p1a: Melmetal|move: Protect
|
|upkeep
|turn|2
|
|t:|1609915606
|move|p2a: Cinderace|U-turn|p1a: Melmetal
|-resisted|p1a: Melmetal
|-damage|p1a: Melmetal|90/100
|
|t:|1609915610
|switch|p2a: Kommo-o|Kommo-o, F|100/100|[from]move: U-turn
|move|p1a: Melmetal|Earthquake|p2a: Kommo-o
|-damage|p2a: Kommo-o|79/100
|
|-heal|p2a: Kommo-o|85/100|[from] item: Leftovers
|-heal|p1a: Melmetal|96/100|[from] item: Leftovers
|upkeep
|turn|3
|
|t:|1609915615
|move|p2a: Kommo-o|Body Press|p1a: Melmetal
|-supereffective|p1a: Melmetal
|-damage|p1a: Melmetal|48/100
|move|p1a: Melmetal|Double Iron Bash|p2a: Kommo-o
|-damage|p2a: Kommo-o|64/100
|-damage|p2a: Kommo-o|43/100
|-hitcount|p2a: Kommo-o|2
|
|-heal|p2a: Kommo-o|49/100|[from] item: Leftovers
|-heal|p1a: Melmetal|54/100|[from] item: Leftovers
|upkeep
|turn|4
|
|t:|1609915625
|switch|p1a: Tapu Lele|Tapu Lele|100/100
|-fieldstart|move: Psychic Terrain|[from] ability: Psychic Surge|[of] p1a: Tapu Lele
|move|p2a: Kommo-o|Stealth Rock|p1a: Tapu Lele
|-sidestart|p1: Contorted Lies|move: Stealth Rock
|
|-heal|p2a: Kommo-o|55/100|[from] item: Leftovers
|upkeep
|turn|5
|
|t:|1609915630
|switch|p2a: Melmetal|Melmetal|100/100
|move|p1a: Tapu Lele|Psyshock|p2a: Melmetal
|-resisted|p2a: Melmetal
|-damage|p2a: Melmetal|79/100
|
|upkeep
|turn|6
|
|t:|1609915636
|switch|p1a: Melmetal|Melmetal|54/100
|-damage|p1a: Melmetal|48/100|[from] Stealth Rock
|move|p2a: Melmetal|Ice Punch|p1a: Melmetal
|-resisted|p1a: Melmetal
|-damage|p1a: Melmetal|33/100
|
|-heal|p1a: Melmetal|40/100|[from] item: Leftovers
|upkeep
|turn|7
|
|t:|1609915640
|switch|p2a: Kommo-o|Kommo-o, F|55/100
|move|p1a: Melmetal|Protect||[still]
|-fail|p1a: Melmetal
|
|-heal|p2a: Kommo-o|62/100|[from] item: Leftovers
|-heal|p1a: Melmetal|46/100|[from] item: Leftovers
|upkeep
|turn|8
|
|t:|1609915643
|move|p1a: Melmetal|Protect|p1a: Melmetal
|-singleturn|p1a: Melmetal|Protect
|move|p2a: Kommo-o|Body Press|p1a: Melmetal
|-activate|p1a: Melmetal|move: Protect
|
|-heal|p2a: Kommo-o|68/100|[from] item: Leftovers
|-heal|p1a: Melmetal|52/100|[from] item: Leftovers
|-fieldend|move: Psychic Terrain
|upkeep
|turn|9
|j| angrrry
|
|t:|1609915648
|switch|p1a: Buzzwole|Buzzwole|100/100
|-damage|p1a: Buzzwole|88/100|[from] Stealth Rock
|move|p2a: Kommo-o|Body Press|p1a: Buzzwole
|-resisted|p1a: Buzzwole
|-damage|p1a: Buzzwole|73/100
|
|-heal|p2a: Kommo-o|74/100|[from] item: Leftovers
|upkeep
|turn|10
|j| Vessev
|
|t:|1609915652
|move|p1a: Buzzwole|Ice Punch|p2a: Kommo-o
|-supereffective|p2a: Kommo-o
|-damage|p2a: Kommo-o|39/100
|move|p2a: Kommo-o|Toxic|p1a: Buzzwole
|-status|p1a: Buzzwole|tox
|
|-heal|p2a: Kommo-o|46/100|[from] item: Leftovers
|-damage|p1a: Buzzwole|67/100 tox|[from] psn
|upkeep
|turn|11
|l| apple juize
|
|t:|1609915656
|switch|p2a: Cinderace|Cinderace, F|100/100
|move|p1a: Buzzwole|Ice Punch|p2a: Cinderace
|-resisted|p2a: Cinderace
|-damage|p2a: Cinderace|82/100
|-status|p2a: Cinderace|frz
|
|-damage|p1a: Buzzwole|55/100 tox|[from] psn
|upkeep
|turn|12
|
|t:|1609915660
|switch|p1a: Garchomp|Garchomp, F|100/100
|-damage|p1a: Garchomp|94/100|[from] Stealth Rock
|-curestatus|p2a: Cinderace|frz|[from] move: Pyro Ball
|move|p2a: Cinderace|Pyro Ball|p1a: Garchomp
|-resisted|p1a: Garchomp
|-damage|p1a: Garchomp|61/100
|
|upkeep
|turn|13
|
|t:|1609915664
|move|p2a: Cinderace|U-turn|p1a: Garchomp
|-start|p2a: Cinderace|typechange|Bug|[from] ability: Libero
|-damage|p1a: Garchomp|21/100
|-damage|p2a: Cinderace|70/100|[from] ability: Rough Skin|[of] p1a: Garchomp
|
|t:|1609915666
|switch|p2a: Tornadus|Tornadus-Therian, M|100/100|[from]move: U-turn
|move|p1a: Garchomp|Scale Shot|p2a: Tornadus
|-crit|p2a: Tornadus
|-damage|p2a: Tornadus|68/100
|-damage|p2a: Tornadus|50/100
|-damage|p2a: Tornadus|30/100
|-hitcount|p2a: Tornadus|3
|-unboost|p1a: Garchomp|def|1
|-boost|p1a: Garchomp|spe|1
|-damage|p1a: Garchomp|11/100|[from] item: Life Orb
|
|upkeep
|turn|14
|
|t:|1609915672
|switch|p2a: Melmetal|Melmetal|79/100
|move|p1a: Garchomp|Swords Dance|p1a: Garchomp
|-boost|p1a: Garchomp|atk|2
|
|upkeep
|turn|15
|
|t:|1609915677
|switch|p2a: Kommo-o|Kommo-o, F|46/100
|move|p1a: Garchomp|Earthquake|p2a: Kommo-o
|-damage|p2a: Kommo-o|0 fnt
|-damage|p1a: Garchomp|2/100|[from] item: Life Orb
|faint|p2a: Kommo-o
|
|upkeep
|
|t:|1609915682
|switch|p2a: Urshifu|Urshifu, F|100/100
|turn|16
|
|t:|1609915684
|move|p2a: Urshifu|Sucker Punch||[still]
|-fail|p2a: Urshifu
|move|p1a: Garchomp|Stealth Rock|p2a: Urshifu
|-sidestart|p2: durag vs headband|move: Stealth Rock
|
|upkeep
|turn|17
|
|t:|1609915688
|move|p2a: Urshifu|Sucker Punch||[still]
|-fail|p2a: Urshifu
|move|p1a: Garchomp|Swords Dance|p1a: Garchomp
|-boost|p1a: Garchomp|atk|2
|
|upkeep
|turn|18
|
|t:|1609915689
|move|p2a: Urshifu|Sucker Punch||[still]
|-fail|p2a: Urshifu
|move|p1a: Garchomp|Swords Dance|p1a: Garchomp
|-boost|p1a: Garchomp|atk|2
|
|upkeep
|turn|19
|
|t:|1609915693
|move|p2a: Urshifu|Sucker Punch||[still]
|-fail|p2a: Urshifu
|move|p1a: Garchomp|Swords Dance|p1a: Garchomp
|-boost|p1a: Garchomp|atk|0
|
|upkeep
|turn|20
|
|t:|1609915695
|move|p1a: Garchomp|Swords Dance|p1a: Garchomp
|-boost|p1a: Garchomp|atk|0
|move|p2a: Urshifu|Wicked Blow|p1a: Garchomp
|-crit|p1a: Garchomp
|-damage|p1a: Garchomp|0 fnt
|-damage|p2a: Urshifu|88/100|[from] ability: Rough Skin|[of] p1a: Garchomp
|faint|p1a: Garchomp
|
|upkeep
|
|t:|1609915701
|switch|p1a: Cinderace|Cinderace, F|100/100
|turn|21
|
|t:|1609915709
|move|p2a: Urshifu|Sucker Punch|p1a: Cinderace
|-damage|p1a: Cinderace|40/100
|move|p1a: Cinderace|High Jump Kick|p2a: Urshifu|[miss]
|-start|p1a: Cinderace|typechange|Fighting|[from] ability: Libero
|-miss|p1a: Cinderace|p2a: Urshifu
|-damage|p1a: Cinderace|0 fnt|[from] highjumpkick
|faint|p1a: Cinderace
|
|upkeep
|j| lil sas
|c|☆durag vs headband|:/
|
|t:|1609915717
|switch|p1a: Moltres|Moltres-Galar|100/100
|turn|22
|j| OUTW NikC29
|
|t:|1609915721
|move|p2a: Urshifu|Close Combat|p1a: Moltres
|-damage|p1a: Moltres|30/100
|-unboost|p2a: Urshifu|def|1
|-unboost|p2a: Urshifu|spd|1
|-ability|p1a: Moltres|Berserk|boost
|-boost|p1a: Moltres|spa|1
|move|p1a: Moltres|Agility|p1a: Moltres
|-boost|p1a: Moltres|spe|2
|
|upkeep
|turn|23
|
|t:|1609915726
|move|p2a: Urshifu|Sucker Punch|p1a: Moltres
|-resisted|p1a: Moltres
|-damage|p1a: Moltres|4/100
|move|p1a: Moltres|Hurricane|p2a: Urshifu
|-supereffective|p2a: Urshifu
|-damage|p2a: Urshifu|0 fnt
|faint|p2a: Urshifu
|
|upkeep
|
|t:|1609915728
|switch|p2a: Cinderace|Cinderace, F|70/100
|turn|24
|j| Jiraiiya
|
|t:|1609915737
|move|p2a: Cinderace|Sucker Punch||[still]
|-fail|p2a: Cinderace
|move|p1a: Moltres|Nasty Plot|p1a: Moltres
|-boost|p1a: Moltres|spa|2
|
|upkeep
|turn|25
|
|t:|1609915739
|move|p2a: Cinderace|Sucker Punch||[still]
|-fail|p2a: Cinderace
|move|p1a: Moltres|Nasty Plot|p1a: Moltres
|-boost|p1a: Moltres|spa|2
|
|upkeep
|turn|26
|c| Jiraiiya|lol hi
|
|t:|1609915741
|move|p2a: Cinderace|Sucker Punch||[still]
|-fail|p2a: Cinderace
|move|p1a: Moltres|Nasty Plot|p1a: Moltres
|-boost|p1a: Moltres|spa|1
|
|upkeep
|turn|27
|j| CAREER RENDED
|
|t:|1609915744
|move|p2a: Cinderace|Sucker Punch||[still]
|-fail|p2a: Cinderace
|move|p1a: Moltres|Nasty Plot|p1a: Moltres
|-boost|p1a: Moltres|spa|0
|
|upkeep
|turn|28
|
|t:|1609915746
|move|p2a: Cinderace|Sucker Punch|p1a: Moltres
|-start|p2a: Cinderace|typechange|Dark|[from] ability: Libero
|-resisted|p1a: Moltres
|-damage|p1a: Moltres|0 fnt
|faint|p1a: Moltres
|
|upkeep
|
|t:|1609915753
|switch|p1a: Buzzwole|Buzzwole|55/100 tox
|-damage|p1a: Buzzwole|42/100 tox|[from] Stealth Rock
|turn|29
|
|t:|1609915758
|move|p1a: Buzzwole|Leech Life|p2a: Cinderace
|-supereffective|p2a: Cinderace
|-damage|p2a: Cinderace|0 fnt
|-heal|p1a: Buzzwole|72/100 tox|[from] drain|[of] p2a: Cinderace
|faint|p2a: Cinderace
|-ability|p1a: Buzzwole|Beast Boost|boost
|-boost|p1a: Buzzwole|atk|1
|
|-damage|p1a: Buzzwole|66/100 tox|[from] psn
|upkeep
|c|☆durag vs headband|:O
|
|t:|1609915763
|switch|p2a: Melmetal|Melmetal|79/100
|-damage|p2a: Melmetal|73/100|[from] Stealth Rock
|turn|30
|
|t:|1609915766
|switch|p1a: Melmetal|Melmetal|52/100
|-damage|p1a: Melmetal|46/100|[from] Stealth Rock
|move|p2a: Melmetal|Double Iron Bash|p1a: Melmetal
|-resisted|p1a: Melmetal
|-damage|p1a: Melmetal|28/100
|-resisted|p1a: Melmetal
|-damage|p1a: Melmetal|11/100
|-hitcount|p1a: Melmetal|2
|
|-heal|p1a: Melmetal|17/100|[from] item: Leftovers
|upkeep
|turn|31
|
|t:|1609915768
|move|p2a: Melmetal|Double Iron Bash|p1a: Melmetal
|-resisted|p1a: Melmetal
|-damage|p1a: Melmetal|0 fnt
|-hitcount|p1a: Melmetal|1
|faint|p1a: Melmetal
|
|upkeep
|
|t:|1609915771
|switch|p1a: Tapu Lele|Tapu Lele|100/100
|-damage|p1a: Tapu Lele|88/100|[from] Stealth Rock
|-fieldstart|move: Psychic Terrain|[from] ability: Psychic Surge|[of] p1a: Tapu Lele
|turn|32
|
|t:|1609915775
|switch|p2a: Slowking|Slowking-Galar, F|100/100
|-damage|p2a: Slowking|88/100|[from] Stealth Rock
|move|p1a: Tapu Lele|Focus Blast|p2a: Slowking
|-resisted|p2a: Slowking
|-damage|p2a: Slowking|81/100
|
|upkeep
|turn|33
|
|t:|1609915779
|move|p1a: Tapu Lele|Focus Blast|p2a: Slowking
|-resisted|p2a: Slowking
|-damage|p2a: Slowking|74/100
|move|p2a: Slowking|Flamethrower|p1a: Tapu Lele
|-damage|p1a: Tapu Lele|62/100
|-status|p1a: Tapu Lele|brn
|
|-damage|p1a: Tapu Lele|56/100 brn|[from] brn
|upkeep
|turn|34
|
|t:|1609915783
|move|p1a: Tapu Lele|Focus Blast|p2a: Slowking|[miss]
|-miss|p1a: Tapu Lele|p2a: Slowking
|move|p2a: Slowking|Sludge Bomb|p1a: Tapu Lele
|-supereffective|p1a: Tapu Lele
|-damage|p1a: Tapu Lele|0 fnt
|faint|p1a: Tapu Lele
|
|upkeep
|c| Vessev|This is like upgraded zachary07
|c| Jiraiiya|I SAID HI
|
|t:|1609915786
|switch|p1a: Buzzwole|Buzzwole|66/100 tox
|-damage|p1a: Buzzwole|53/100 tox|[from] Stealth Rock
|turn|35
|
|t:|1609915793
|move|p1a: Buzzwole|Leech Life|p2a: Slowking
|-damage|p2a: Slowking|33/100
|-heal|p1a: Buzzwole|76/100 tox|[from] drain|[of] p2a: Slowking
|move|p2a: Slowking|Flamethrower|p1a: Buzzwole
|-supereffective|p1a: Buzzwole
|-damage|p1a: Buzzwole|0 fnt
|faint|p1a: Buzzwole
|
|win|durag vs headband
|l|☆Contorted Lies
|l|☆durag vs headband
|raw|Contorted Lies's rating: 1777 &rarr; <strong>1763</strong><br />(-14 for losing)
|raw|durag vs headband's rating: 1893 &rarr; <strong>1907</strong><br />(+14 for winning)
|l| Jiraiiya
