|raw|<div class="broadcast-blue"><strong>This battle is required to be public due to a player having a name starting with 'btlt200'.</div>
|j|☆BTLT200 F.I.L.O.
|j|☆Aimie Atkinson
|t:|1668111349
|gametype|singles
|player|p1|BTLT200 F.I.L.O.|emma|1783
|player|p2|Aimie Atkinson|psychicf-gen4|1863
|teamsize|p1|6
|teamsize|p2|6
|gen|8
|tier|[Gen 8] OU
|rated|
|rule|Sleep Clause Mod: Limit one foe put to sleep
|rule|Species Clause: Limit one of each Pokémon
|rule|OHKO Clause: OHKO moves are banned
|rule|Evasion Items Clause: Evasion items are banned
|rule|Evasion Moves Clause: Evasion moves are banned
|rule|Endless Battle Clause: Forcing endless battles is banned
|rule|HP Percentage Mod: HP is shown in percentages
|rule|Dynamax Clause: You cannot dynamax
|clearpoke
|poke|p1|Landorus-Therian, M|
|poke|p1|Ferrothorn, F|
|poke|p1|Urshifu-*, M|
|poke|p1|Tornadus-Therian, M|
|poke|p1|Dragapult, F|
|poke|p1|Tapu Lele|
|poke|p2|Toxapex, M|
|poke|p2|Melmetal|
|poke|p2|Weavile, M|
|poke|p2|Landorus-Therian, M|
|poke|p2|Tornadus-Therian, M|
|poke|p2|Slowking-Galar, F|
|teampreview
|
|t:|1668111360
|start
|switch|p1a: Urshifu|Urshifu-Rapid-Strike, M|100/100
|switch|p2a: Slowking|Slowking-Galar, F|100/100
|turn|1
|
|t:|1668111364
|move|p1a: Urshifu|U-turn|p2a: Slowking
|-damage|p2a: Slowking|72/100
|
|t:|1668111366
|switch|p1a: Tornadus|Tornadus-Therian, M|100/100|[from]move: U-turn
|move|p2a: Slowking|Future Sight|p1a: Tornadus
|-start|p2a: Slowking|move: Future Sight
|
|upkeep
|turn|2
|
|t:|1668111372
|switch|p2a: Toxapex|Toxapex, M|100/100
|move|p1a: Tornadus|Knock Off|p2a: Toxapex
|-damage|p2a: Toxapex|86/100
|-enditem|p2a: Toxapex|Shed Shell|[from] move: Knock Off|[of] p1a: Tornadus
|
|upkeep
|turn|3
|
|t:|1668111377
|move|p1a: Tornadus|U-turn|p2a: Toxapex
|-resisted|p2a: Toxapex
|-crit|p2a: Toxapex
|-damage|p2a: Toxapex|79/100
|j| BTLT200$ Hiko
|
|t:|1668111378
|switch|p1a: Ferrothorn|Ferrothorn, F|100/100|[from]move: U-turn
|move|p2a: Toxapex|Scald|p1a: Ferrothorn
|-resisted|p1a: Ferrothorn
|-damage|p1a: Ferrothorn|94/100
|
|-end|p1a: Ferrothorn|move: Future Sight
|-resisted|p1a: Ferrothorn
|-damage|p1a: Ferrothorn|71/100
|upkeep
|turn|4
|
|t:|1668111381
|move|p2a: Toxapex|Scald|p1a: Ferrothorn
|-resisted|p1a: Ferrothorn
|-damage|p1a: Ferrothorn|64/100
|-status|p1a: Ferrothorn|brn
|move|p1a: Ferrothorn|Stealth Rock|p2a: Toxapex
|-sidestart|p2: Aimie Atkinson|move: Stealth Rock
|
|-damage|p1a: Ferrothorn|58/100 brn|[from] brn
|upkeep
|turn|5
|
|t:|1668111384
|switch|p2a: Tornadus|Tornadus-Therian, M|100/100
|move|p1a: Ferrothorn|Leech Seed|p2a: Tornadus
|-start|p2a: Tornadus|move: Leech Seed
|
|-damage|p2a: Tornadus|88/100|[from] Leech Seed|[of] p1a: Ferrothorn
|-heal|p1a: Ferrothorn|70/100 brn|[silent]
|-damage|p1a: Ferrothorn|64/100 brn|[from] brn
|upkeep
|turn|6
|
|t:|1668111386
|move|p2a: Tornadus|Defog|p1a: Ferrothorn
|-unboost|p1a: Ferrothorn|evasion|1
|-sideend|p2: Aimie Atkinson|Stealth Rock|[from] move: Defog|[of] p2a: Tornadus
|move|p1a: Ferrothorn|Knock Off|p2a: Tornadus
|-damage|p2a: Tornadus|78/100
|-enditem|p2a: Tornadus|Heavy-Duty Boots|[from] move: Knock Off|[of] p1a: Ferrothorn
|
|-damage|p2a: Tornadus|65/100|[from] Leech Seed|[of] p1a: Ferrothorn
|-heal|p1a: Ferrothorn|77/100 brn|[silent]
|-damage|p1a: Ferrothorn|71/100 brn|[from] brn
|upkeep
|turn|7
|j| VvvV1250
|
|t:|1668111389
|move|p2a: Tornadus|U-turn|p1a: Ferrothorn
|-damage|p1a: Ferrothorn|62/100 brn
|-damage|p2a: Tornadus|53/100|[from] ability: Iron Barbs|[of] p1a: Ferrothorn
|-damage|p2a: Tornadus|36/100|[from] item: Rocky Helmet|[of] p1a: Ferrothorn
|
|t:|1668111391
|switch|p2a: Toxapex|Toxapex, M|100/100|[from]move: U-turn
|move|p1a: Ferrothorn|Stealth Rock|p2a: Toxapex
|-sidestart|p2: Aimie Atkinson|move: Stealth Rock
|
|-damage|p1a: Ferrothorn|56/100 brn|[from] brn
|upkeep
|turn|8
|
|t:|1668111393
|switch|p2a: Tornadus|Tornadus-Therian, M|69/100
|-damage|p2a: Tornadus|45/100|[from] Stealth Rock
|move|p1a: Ferrothorn|Leech Seed|p2a: Tornadus
|-start|p2a: Tornadus|move: Leech Seed
|
|-damage|p2a: Tornadus|32/100|[from] Leech Seed|[of] p1a: Ferrothorn
|-heal|p1a: Ferrothorn|69/100 brn|[silent]
|-damage|p1a: Ferrothorn|62/100 brn|[from] brn
|upkeep
|turn|9
|
|t:|1668111397
|move|p2a: Tornadus|Defog|p1a: Ferrothorn
|-unboost|p1a: Ferrothorn|evasion|1
|-sideend|p2: Aimie Atkinson|Stealth Rock|[from] move: Defog|[of] p2a: Tornadus
|move|p1a: Ferrothorn|Stealth Rock|p2a: Tornadus
|-sidestart|p2: Aimie Atkinson|move: Stealth Rock
|
|-damage|p2a: Tornadus|20/100|[from] Leech Seed|[of] p1a: Ferrothorn
|-heal|p1a: Ferrothorn|75/100 brn|[silent]
|-damage|p1a: Ferrothorn|69/100 brn|[from] brn
|upkeep
|turn|10
|
|t:|1668111400
|move|p2a: Tornadus|Defog|p1a: Ferrothorn
|-unboost|p1a: Ferrothorn|evasion|1
|-sideend|p2: Aimie Atkinson|Stealth Rock|[from] move: Defog|[of] p2a: Tornadus
|move|p1a: Ferrothorn|Knock Off|p2a: Tornadus
|-damage|p2a: Tornadus|12/100
|
|-damage|p2a: Tornadus|0 fnt|[from] Leech Seed|[of] p1a: Ferrothorn
|-heal|p1a: Ferrothorn|81/100 brn|[silent]
|faint|p2a: Tornadus
|-damage|p1a: Ferrothorn|74/100 brn|[from] brn
|upkeep
|
|t:|1668111405
|switch|p2a: Slowking|Slowking-Galar, F|100/100
|turn|11
|
|t:|1668111408
|switch|p1a: Tornadus|Tornadus-Therian, M|100/100
|move|p2a: Slowking|Future Sight|p1a: Tornadus
|-start|p2a: Slowking|move: Future Sight
|
|upkeep
|turn|12
|
|t:|1668111412
|switch|p2a: Toxapex|Toxapex, M|100/100
|move|p1a: Tornadus|Knock Off|p2a: Toxapex
|-damage|p2a: Toxapex|90/100
|
|upkeep
|turn|13
|
|t:|1668111416
|switch|p2a: Slowking|Slowking-Galar, F|100/100
|move|p1a: Tornadus|U-turn|p2a: Slowking
|-damage|p2a: Slowking|87/100
|
|t:|1668111420
|switch|p1a: Landorus|Landorus-Therian, M|100/100|[from]move: U-turn
|-ability|p1a: Landorus|Intimidate|boost
|-unboost|p2a: Slowking|atk|1
|
|-end|p1a: Landorus|move: Future Sight
|-damage|p1a: Landorus|57/100
|-heal|p1a: Landorus|63/100|[from] item: Leftovers
|upkeep
|turn|14
|
|t:|1668111428
|move|p1a: Landorus|Earthquake|p2a: Slowking
|-supereffective|p2a: Slowking
|-damage|p2a: Slowking|0 fnt
|faint|p2a: Slowking
|
|-heal|p1a: Landorus|69/100|[from] item: Leftovers
|upkeep
|
|t:|1668111436
|switch|p2a: Weavile|Weavile, M|100/100
|-ability|p2a: Weavile|Pressure
|turn|15
|inactive|Battle timer is ON: inactive players will automatically lose when time's up. (requested by BTLT200 F.I.L.O.)
|j| lil globglabgla
|
|t:|1668111439
|move|p2a: Weavile|Knock Off|p1a: Landorus
|-damage|p1a: Landorus|27/100
|-enditem|p1a: Landorus|Leftovers|[from] move: Knock Off|[of] p2a: Weavile
|move|p1a: Landorus|U-turn|p2a: Weavile
|-supereffective|p2a: Weavile
|-damage|p2a: Weavile|24/100
|j| BabyPigsAreLaughin
|l| lil globglabgla
|
|t:|1668111441
|switch|p1a: Tapu Lele|Tapu Lele|100/100|[from]move: U-turn
|-fieldstart|move: Psychic Terrain|[from] ability: Psychic Surge|[of] p1a: Tapu Lele
|
|upkeep
|turn|16
|j| Jongruenwald
|
|t:|1668111447
|switch|p2a: Melmetal|Melmetal|100/100
|move|p1a: Tapu Lele|Moonblast|p2a: Melmetal
|-resisted|p2a: Melmetal
|-damage|p2a: Melmetal|78/100
|
|-heal|p2a: Melmetal|84/100|[from] item: Leftovers
|upkeep
|turn|17
|
|t:|1668111451
|switch|p1a: Ferrothorn|Ferrothorn, F|74/100 brn
|move|p2a: Melmetal|Double Iron Bash|p1a: Ferrothorn
|-resisted|p1a: Ferrothorn
|-damage|p1a: Ferrothorn|63/100 brn
|-damage|p2a: Melmetal|72/100|[from] ability: Iron Barbs|[of] p1a: Ferrothorn
|-damage|p2a: Melmetal|56/100|[from] item: Rocky Helmet|[of] p1a: Ferrothorn
|-resisted|p1a: Ferrothorn
|-damage|p1a: Ferrothorn|50/100 brn
|-damage|p2a: Melmetal|43/100|[from] ability: Iron Barbs|[of] p1a: Ferrothorn
|-damage|p2a: Melmetal|27/100|[from] item: Rocky Helmet|[of] p1a: Ferrothorn
|-hitcount|p1a: Ferrothorn|2
|
|-heal|p2a: Melmetal|33/100|[from] item: Leftovers
|-damage|p1a: Ferrothorn|43/100 brn|[from] brn
|upkeep
|turn|18
|
|t:|1668111456
|move|p2a: Melmetal|Double Iron Bash|p1a: Ferrothorn
|-resisted|p1a: Ferrothorn
|-damage|p1a: Ferrothorn|32/100 brn
|-damage|p2a: Melmetal|20/100|[from] ability: Iron Barbs|[of] p1a: Ferrothorn
|-damage|p2a: Melmetal|4/100|[from] item: Rocky Helmet|[of] p1a: Ferrothorn
|-resisted|p1a: Ferrothorn
|-damage|p1a: Ferrothorn|20/100 brn
|-damage|p2a: Melmetal|0 fnt|[from] ability: Iron Barbs|[of] p1a: Ferrothorn
|faint|p2a: Melmetal
|-hitcount|p1a: Ferrothorn|2
|move|p1a: Ferrothorn|Stealth Rock|p2: Melmetal
|-sidestart|p2: Aimie Atkinson|move: Stealth Rock
|
|-damage|p1a: Ferrothorn|13/100 brn|[from] brn
|upkeep
|
|t:|1668111458
|switch|p2a: Weavile|Weavile, M|24/100
|-ability|p2a: Weavile|Pressure
|turn|19
|
|t:|1668111461
|move|p2a: Weavile|Knock Off|p1a: Ferrothorn
|-damage|p1a: Ferrothorn|0 fnt
|-damage|p2a: Weavile|12/100|[from] ability: Iron Barbs|[of] p1a: Ferrothorn
|-damage|p2a: Weavile|0 fnt|[from] item: Rocky Helmet|[of] p1a: Ferrothorn
|faint|p1a: Ferrothorn
|faint|p2a: Weavile
|
|-fieldend|move: Psychic Terrain
|upkeep
|
|t:|1668111466
|switch|p2a: Landorus|Landorus-Therian, M|100/100
|switch|p1a: Urshifu|Urshifu-Rapid-Strike, M|100/100
|-damage|p2a: Landorus|88/100|[from] Stealth Rock
|-ability|p2a: Landorus|Intimidate|boost
|-unboost|p1a: Urshifu|atk|1
|turn|20
|
|t:|1668111468
|switch|p2a: Toxapex|Toxapex, M|100/100
|-damage|p2a: Toxapex|88/100|[from] Stealth Rock
|move|p1a: Urshifu|Surging Strikes|p2a: Toxapex
|-resisted|p2a: Toxapex
|-crit|p2a: Toxapex
|-damage|p2a: Toxapex|80/100
|-resisted|p2a: Toxapex
|-crit|p2a: Toxapex
|-damage|p2a: Toxapex|72/100
|-resisted|p2a: Toxapex
|-crit|p2a: Toxapex
|-damage|p2a: Toxapex|65/100
|-hitcount|p2a: Toxapex|3
|
|upkeep
|turn|21
|
|t:|1668111470
|move|p1a: Urshifu|U-turn|p2a: Toxapex
|-resisted|p2a: Toxapex
|-damage|p2a: Toxapex|58/100
|j| Capn Spack Jarrow
|
|t:|1668111471
|switch|p1a: Tapu Lele|Tapu Lele|100/100|[from]move: U-turn
|-fieldstart|move: Psychic Terrain|[from] ability: Psychic Surge|[of] p1a: Tapu Lele
|move|p2a: Toxapex|Recover|p2a: Toxapex
|-heal|p2a: Toxapex|100/100
|
|upkeep
|turn|22
|
|t:|1668111473
|move|p1a: Tapu Lele|Future Sight|p2a: Toxapex
|-start|p1a: Tapu Lele|move: Future Sight
|move|p2a: Toxapex|Toxic|p1a: Tapu Lele
|-status|p1a: Tapu Lele|tox
|
|-damage|p1a: Tapu Lele|94/100 tox|[from] psn
|upkeep
|turn|23
|
|t:|1668111475
|switch|p1a: Urshifu|Urshifu-Rapid-Strike, M|100/100
|move|p2a: Toxapex|Scald|p1a: Urshifu
|-resisted|p1a: Urshifu
|-damage|p1a: Urshifu|87/100
|-status|p1a: Urshifu|brn
|
|-damage|p1a: Urshifu|81/100 brn|[from] brn
|upkeep
|turn|24
|j| RazorForce21
|
|t:|1668111477
|move|p1a: Urshifu|U-turn|p2a: Toxapex
|-resisted|p2a: Toxapex
|-damage|p2a: Toxapex|96/100
|
|t:|1668111480
|switch|p1a: Tapu Lele|Tapu Lele|94/100 tox|[from]move: U-turn
|move|p2a: Toxapex|Recover|p2a: Toxapex
|-heal|p2a: Toxapex|100/100
|
|-end|p2a: Toxapex|move: Future Sight
|-supereffective|p2a: Toxapex
|-damage|p2a: Toxapex|0 fnt
|faint|p2a: Toxapex
|-damage|p1a: Tapu Lele|88/100 tox|[from] psn
|upkeep
|
|t:|1668111482
|switch|p2a: Landorus|Landorus-Therian, M|88/100
|-damage|p2a: Landorus|76/100|[from] Stealth Rock
|-ability|p2a: Landorus|Intimidate|boost
|-unboost|p1a: Tapu Lele|atk|1
|turn|25
|
|t:|1668111483
|move|p1a: Tapu Lele|Future Sight|p2a: Landorus
|-start|p1a: Tapu Lele|move: Future Sight
|move|p2a: Landorus|Earthquake|p1a: Tapu Lele
|-damage|p1a: Tapu Lele|18/100 tox
|
|-heal|p2a: Landorus|82/100|[from] item: Leftovers
|-damage|p1a: Tapu Lele|6/100 tox|[from] psn
|-fieldend|move: Psychic Terrain
|upkeep
|turn|26
|
|t:|1668111486
|switch|p1a: Landorus|Landorus-Therian, M|27/100
|-ability|p1a: Landorus|Intimidate|boost
|-unboost|p2a: Landorus|atk|1
|move|p2a: Landorus|U-turn|p1a: Landorus
|-resisted|p1a: Landorus
|-damage|p1a: Landorus|21/100
|
|-heal|p2a: Landorus|88/100|[from] item: Leftovers
|upkeep
|turn|27
|
|t:|1668111489
|move|p2a: Landorus|U-turn|p1a: Landorus
|-resisted|p1a: Landorus
|-damage|p1a: Landorus|15/100
|move|p1a: Landorus|Toxic|p2a: Landorus
|-status|p2a: Landorus|tox
|
|-end|p2a: Landorus|move: Future Sight
|-damage|p2a: Landorus|10/100 tox
|-heal|p2a: Landorus|16/100 tox|[from] item: Leftovers
|-damage|p2a: Landorus|10/100 tox|[from] psn
|upkeep
|turn|28
|
|t:|1668111493
|move|p2a: Landorus|U-turn|p1a: Landorus
|-resisted|p1a: Landorus
|-damage|p1a: Landorus|8/100
|move|p1a: Landorus|U-turn|p2a: Landorus
|-resisted|p2a: Landorus
|-damage|p2a: Landorus|0 fnt
|faint|p2a: Landorus
|
|win|BTLT200 F.I.L.O.
|raw|BTLT200 F.I.L.O.'s rating: 1783 &rarr; <strong>1808</strong><br />(+25 for winning)
|raw|Aimie Atkinson's rating: 1863 &rarr; <strong>1838</strong><br />(-25 for losing)
|l| Capn Spack Jarrow
|l|☆BTLT200 F.I.L.O.
|j| Capn Spack Jarrow
|c|☆Aimie Atkinson|bueno
