|j|☆Enemyne
|j|☆beastyj157
|inactive|Battle timer is ON: inactive players will automatically lose when time's up.
|t:|1647630731
|gametype|singles
|player|p1|Enemyne|veteran|
|player|p2|beastyj157|skierf|
|teamsize|p1|6
|teamsize|p2|6
|gen|8
|tier|[Gen 8] OU
|rated|Tournament battle
|rule|Sleep Clause Mod: Limit one foe put to sleep
|rule|OHKO Clause: OHKO moves are banned
|rule|Evasion Moves Clause: Evasion moves are banned
|rule|Endless Battle Clause: Forcing endless battles is banned
|rule|HP Percentage Mod: HP is shown in percentages
|rule|Dynamax Clause: You cannot dynamax
|clearpoke
|poke|p1|Gogoat, M|
|poke|p1|Gogoat, M|
|poke|p1|Gogoat, F|
|poke|p1|Gogoat, M|
|poke|p1|Gogoat, F|
|poke|p1|Gogoat, F|
|poke|p2|Gogoat, M|
|poke|p2|Gogoat, F|
|poke|p2|Gogoat, M|
|poke|p2|Gogoat, M|
|poke|p2|Gogoat, F|
|poke|p2|Gogoat, F|
|teampreview
|inactive|beastyj157 also wants the timer to be on.
|j| stikiy
|
|t:|1647630745
|start
|switch|p1a: the goat|Gogoat, M|100/100
|switch|p2a: Gogoat|Gogoat, F|100/100
|turn|1
|
|t:|1647630747
|move|p2a: Gogoat|Toxic|p1a: the goat|[miss]
|-miss|p2a: Gogoat|p1a: the goat
|move|p1a: the goat|Grassy Terrain|p1a: the goat
|-fieldstart|move: Grassy Terrain
|
|upkeep
|turn|2
|j|%htcl (>◡<)
|c|☆beastyj157|F
|
|t:|1647630756
|move|p2a: Gogoat|Toxic|p1a: the goat
|-status|p1a: the goat|tox
|move|p1a: the goat|Toxic|p2a: Gogoat
|-status|p2a: Gogoat|tox
|
|-damage|p2a: Gogoat|94/100 tox|[from] psn
|-damage|p1a: the goat|94/100 tox|[from] psn
|upkeep
|turn|3
|
|t:|1647630763
|switch|p2a: Gogoat|Gogoat, M|100/100
|switch|p1a: bounce set|Gogoat, M|100/100
|
|upkeep
|turn|4
|
|t:|1647630768
|switch|p2a: Gogoat|Gogoat, F|94/100 tox
|move|p1a: bounce set|Roar|p2a: Gogoat
|drag|p2a: Gogoat|Gogoat, F|100/100
|
|upkeep
|turn|5
|
|t:|1647630772
|move|p2a: Gogoat|Substitute|p2a: Gogoat
|-start|p2a: Gogoat|Substitute
|-damage|p2a: Gogoat|76/100
|move|p1a: bounce set|Toxic||[still]
|-fail|p1a: bounce set
|
|-heal|p2a: Gogoat|82/100|[from] Grassy Terrain
|-heal|p2a: Gogoat|88/100|[from] item: Leftovers
|upkeep
|turn|6
|j| athbho22
|
|t:|1647630775
|move|p2a: Gogoat|Aerial Ace|p1a: bounce set
|-supereffective|p1a: bounce set
|-damage|p1a: bounce set|83/100
|-damage|p2a: Gogoat|72/100|[from] item: Rocky Helmet|[of] p1a: bounce set
|move|p1a: bounce set|Roar|p2a: Gogoat
|drag|p2a: Gogoat|Gogoat, M|100/100
|
|-heal|p1a: bounce set|89/100|[from] Grassy Terrain
|upkeep
|turn|7
|j| TheNewBrends11
|
|t:|1647630783
|move|p2a: Gogoat|Bulk Up|p2a: Gogoat
|-boost|p2a: Gogoat|atk|1
|-boost|p2a: Gogoat|def|1
|move|p1a: bounce set|Toxic|p2a: Gogoat
|-status|p2a: Gogoat|tox
|
|-heal|p1a: bounce set|96/100|[from] Grassy Terrain
|-damage|p2a: Gogoat|94/100 tox|[from] psn
|upkeep
|turn|8
|j| blacksqualo
|
|t:|1647630787
|move|p2a: Gogoat|Aerial Ace|p1a: bounce set
|-supereffective|p1a: bounce set
|-damage|p1a: bounce set|76/100
|-damage|p2a: Gogoat|78/100 tox|[from] item: Rocky Helmet|[of] p1a: bounce set
|move|p1a: bounce set|Roar|p2a: Gogoat
|drag|p2a: Gogoat|Gogoat, M|100/100
|
|-heal|p1a: bounce set|82/100|[from] Grassy Terrain
|-fieldend|move: Grassy Terrain
|upkeep
|turn|9
|l| stikiy
|l| blacksqualo
|c|☆beastyj157|nice strat holy
|c|☆Enemyne|lol u know what i just realized
|inactive|beastyj157 has 120 seconds left.
|
|t:|1647630817
|move|p2a: Gogoat|Bulk Up|p2a: Gogoat
|-boost|p2a: Gogoat|atk|1
|-boost|p2a: Gogoat|def|1
|move|p1a: bounce set|Toxic|p2a: Gogoat
|-status|p2a: Gogoat|tox
|
|-damage|p2a: Gogoat|94/100 tox|[from] psn
|upkeep
|turn|10
|c|☆Enemyne|all mine have unique names
|c|☆Enemyne|so u know which it is
|c|☆Enemyne|i have no fucking clue
|c|☆Enemyne|what goat those are
|
|t:|1647630828
|move|p2a: Gogoat|Aerial Ace|p1a: bounce set
|-supereffective|p1a: bounce set
|-damage|p1a: bounce set|43/100
|-damage|p2a: Gogoat|78/100 tox|[from] item: Rocky Helmet|[of] p1a: bounce set
|move|p1a: bounce set|Roar|p2a: Gogoat
|drag|p2a: Gogoat|Gogoat, F|72/100
|
|-heal|p2a: Gogoat|78/100|[from] item: Leftovers
|upkeep
|turn|11
|
|t:|1647630835
|move|p2a: Gogoat|Substitute|p2a: Gogoat
|-start|p2a: Gogoat|Substitute
|-damage|p2a: Gogoat|53/100
|move|p1a: bounce set|Milk Drink|p1a: bounce set
|-heal|p1a: bounce set|93/100
|
|-heal|p2a: Gogoat|59/100|[from] item: Leftovers
|upkeep
|turn|12
|
|t:|1647630840
|move|p2a: Gogoat|Milk Drink|p2a: Gogoat
|-heal|p2a: Gogoat|100/100
|move|p1a: bounce set|Roar|p2a: Gogoat
|drag|p2a: Gogoat|Gogoat, F|100/100
|
|upkeep
|turn|13
|
|t:|1647630843
|switch|p1a: the goat|Gogoat, M|94/100 tox
|move|p2a: Gogoat|Toxic|p1a: the goat
|-fail|p1a: the goat|tox
|
|-damage|p1a: the goat|88/100 tox|[from] psn
|upkeep
|turn|14
|c|☆beastyj157|how do u know
|
|t:|1647630855
|move|p2a: Gogoat|Substitute|p2a: Gogoat
|-start|p2a: Gogoat|Substitute
|-damage|p2a: Gogoat|76/100
|move|p1a: the goat|Grassy Terrain|p1a: the goat
|-fieldstart|move: Grassy Terrain
|
|-heal|p2a: Gogoat|82/100|[from] Grassy Terrain
|-heal|p2a: Gogoat|88/100|[from] item: Leftovers
|-heal|p1a: the goat|94/100 tox|[from] Grassy Terrain
|-damage|p1a: the goat|82/100 tox|[from] psn
|upkeep
|turn|15
|l| athbho22
|
|t:|1647630870
|switch|p1a: bounce set|Gogoat, M|93/100
|move|p2a: Gogoat|Bulk Up|p2a: Gogoat
|-boost|p2a: Gogoat|atk|1
|-boost|p2a: Gogoat|def|1
|
|-heal|p2a: Gogoat|94/100|[from] Grassy Terrain
|-heal|p2a: Gogoat|100/100|[from] item: Leftovers
|-heal|p1a: bounce set|99/100|[from] Grassy Terrain
|upkeep
|turn|16
|inactive|Enemyne has 120 seconds left.
|
|t:|1647630902
|move|p2a: Gogoat|Toxic|p1a: bounce set
|-status|p1a: bounce set|tox
|move|p1a: bounce set|Roar|p2a: Gogoat
|drag|p2a: Gogoat|Gogoat, F|100/100
|
|-heal|p1a: bounce set|100/100 tox|[from] Grassy Terrain
|-damage|p1a: bounce set|94/100 tox|[from] psn
|upkeep
|turn|17
|inactive|Enemyne has 120 seconds left.
|
|t:|1647630910
|switch|p1a: goat that goes|Gogoat, F|100/100
|move|p2a: Gogoat|Substitute|p2a: Gogoat
|-start|p2a: Gogoat|Substitute
|-damage|p2a: Gogoat|76/100
|
|-heal|p2a: Gogoat|82/100|[from] Grassy Terrain
|-heal|p2a: Gogoat|88/100|[from] item: Leftovers
|upkeep
|turn|18
|
|t:|1647630925
|switch|p1a: bounce set|Gogoat, M|94/100 tox
|move|p2a: Gogoat|Aerial Ace|p1a: bounce set
|-supereffective|p1a: bounce set
|-damage|p1a: bounce set|77/100 tox
|-damage|p2a: Gogoat|72/100|[from] item: Rocky Helmet|[of] p1a: bounce set
|
|-heal|p2a: Gogoat|78/100|[from] Grassy Terrain
|-heal|p2a: Gogoat|84/100|[from] item: Leftovers
|-heal|p1a: bounce set|84/100 tox|[from] Grassy Terrain
|-damage|p1a: bounce set|77/100 tox|[from] psn
|upkeep
|turn|19
|
|t:|1647630928
|move|p2a: Gogoat|Bulk Up|p2a: Gogoat
|-boost|p2a: Gogoat|atk|1
|-boost|p2a: Gogoat|def|1
|move|p1a: bounce set|Roar|p2a: Gogoat
|drag|p2a: Gogoat|Gogoat, M|78/100 tox
|
|-heal|p2a: Gogoat|84/100 tox|[from] Grassy Terrain
|-heal|p1a: bounce set|84/100 tox|[from] Grassy Terrain
|-damage|p2a: Gogoat|78/100 tox|[from] psn
|-damage|p1a: bounce set|71/100 tox|[from] psn
|upkeep
|turn|20
|
|t:|1647630944
|move|p1a: bounce set|Toxic|p2a: Gogoat
|-fail|p2a: Gogoat|tox
|move|p2a: Gogoat|Roar|p1a: bounce set
|drag|p1a: i am not immune|Gogoat, F|100/100
|-enditem|p1a: i am not immune|Grassy Seed
|-boost|p1a: i am not immune|def|1|[from] item: Grassy Seed
|
|-heal|p2a: Gogoat|84/100 tox|[from] Grassy Terrain
|-damage|p2a: Gogoat|71/100 tox|[from] psn
|upkeep
|turn|21
|
|t:|1647630949
|move|p1a: i am not immune|Bounce||[still]
|-prepare|p1a: i am not immune|Bounce
|move|p2a: Gogoat|Roar|p1a: i am not immune|[miss]
|-miss|p2a: Gogoat|p1a: i am not immune
|
|-heal|p2a: Gogoat|78/100 tox|[from] Grassy Terrain
|-damage|p2a: Gogoat|59/100 tox|[from] psn
|-fieldend|move: Grassy Terrain
|upkeep
|turn|22
|
|t:|1647630959
|move|p2a: Gogoat|Grassy Terrain|p2a: Gogoat
|-fieldstart|move: Grassy Terrain
|move|p1a: i am not immune|Bounce|p2a: Gogoat|[from]lockedmove
|-supereffective|p2a: Gogoat
|-damage|p2a: Gogoat|31/100 tox
|
|-heal|p2a: Gogoat|38/100 tox|[from] Grassy Terrain
|-damage|p2a: Gogoat|13/100 tox|[from] psn
|upkeep
|turn|23
|
|t:|1647630977
|move|p1a: i am not immune|Bounce||[still]
|-prepare|p1a: i am not immune|Bounce
|move|p2a: Gogoat|Roar|p1a: i am not immune|[miss]
|-miss|p2a: Gogoat|p1a: i am not immune
|
|-heal|p2a: Gogoat|19/100 tox|[from] Grassy Terrain
|-damage|p2a: Gogoat|0 fnt|[from] psn
|faint|p2a: Gogoat
|upkeep
|
|t:|1647630983
|switch|p2a: Gogoat|Gogoat, F|100/100
|turn|24
|
|t:|1647630985
|move|p2a: Gogoat|Substitute|p2a: Gogoat
|-start|p2a: Gogoat|Substitute
|-damage|p2a: Gogoat|76/100
|move|p1a: i am not immune|Bounce|p2a: Gogoat|[from]lockedmove
|-supereffective|p2a: Gogoat
|-end|p2a: Gogoat|Substitute
|
|-heal|p2a: Gogoat|82/100|[from] Grassy Terrain
|-heal|p2a: Gogoat|88/100|[from] item: Leftovers
|upkeep
|turn|25
|
|t:|1647630989
|move|p2a: Gogoat|Substitute|p2a: Gogoat
|-start|p2a: Gogoat|Substitute
|-damage|p2a: Gogoat|63/100
|move|p1a: i am not immune|Toxic||[still]
|-fail|p1a: i am not immune
|
|-heal|p2a: Gogoat|69/100|[from] Grassy Terrain
|-heal|p2a: Gogoat|76/100|[from] item: Leftovers
|upkeep
|turn|26
|
|t:|1647630993
|switch|p1a: bounce set|Gogoat, M|71/100 tox
|move|p2a: Gogoat|Toxic|p1a: bounce set
|-fail|p1a: bounce set|tox
|
|-heal|p2a: Gogoat|82/100|[from] Grassy Terrain
|-heal|p2a: Gogoat|88/100|[from] item: Leftovers
|-heal|p1a: bounce set|77/100 tox|[from] Grassy Terrain
|-damage|p1a: bounce set|71/100 tox|[from] psn
|upkeep
|turn|27
|
|t:|1647630998
|move|p2a: Gogoat|Bulk Up|p2a: Gogoat
|-boost|p2a: Gogoat|atk|1
|-boost|p2a: Gogoat|def|1
|move|p1a: bounce set|Roar|p2a: Gogoat
|drag|p2a: Gogoat|Gogoat, F|94/100 tox
|
|-heal|p2a: Gogoat|100/100 tox|[from] Grassy Terrain
|-heal|p1a: bounce set|77/100 tox|[from] Grassy Terrain
|-damage|p2a: Gogoat|94/100 tox|[from] psn
|-damage|p1a: bounce set|65/100 tox|[from] psn
|upkeep
|turn|28
|
|t:|1647631006
|switch|p1a: goat that goes|Gogoat, F|100/100
|move|p2a: Gogoat|Substitute|p2a: Gogoat
|-start|p2a: Gogoat|Substitute
|-damage|p2a: Gogoat|69/100 tox
|
|-heal|p2a: Gogoat|76/100 tox|[from] Grassy Terrain
|-heal|p2a: Gogoat|82/100 tox|[from] item: Leftovers
|-damage|p2a: Gogoat|69/100 tox|[from] psn
|upkeep
|turn|29
|
|t:|1647631010
|switch|p1a: bounce set|Gogoat, M|65/100 tox
|move|p2a: Gogoat|Toxic|p1a: bounce set
|-fail|p1a: bounce set|tox
|
|-heal|p2a: Gogoat|76/100 tox|[from] Grassy Terrain
|-heal|p2a: Gogoat|82/100 tox|[from] item: Leftovers
|-heal|p1a: bounce set|71/100 tox|[from] Grassy Terrain
|-damage|p2a: Gogoat|63/100 tox|[from] psn
|-damage|p1a: bounce set|65/100 tox|[from] psn
|-fieldend|move: Grassy Terrain
|upkeep
|turn|30
|c|☆beastyj157|icba
|c|☆beastyj157|u win gg
|-message|beastyj157 forfeited.
|
|win|Enemyne
|n|☆Enemyne|enemyne
|n|☆beastyj157|beastyj157
|n| htcl (>◡<)|htcl
|n| TheNewBrends11|thenewbrends11
|l|☆beastyj157
|c|☆Enemyne|gg
|l| htcl (>◡<)
