|j|☆Delibird Heart
|j|☆Selah
|t:|1652314553
|gametype|singles
|player|p1|Delibird Heart|koga-gen1|1784
|player|p2|Selah|burglar-gen1|1793
|teamsize|p1|6
|teamsize|p2|6
|gen|8
|tier|[Gen 8] OU
|rated|
|rule|Sleep Clause Mod: Limit one foe put to sleep
|rule|Species Clause: Limit one of each Pokémon
|rule|OHKO Clause: OHKO moves are banned
|rule|Evasion Moves Clause: Evasion moves are banned
|rule|Endless Battle Clause: Forcing endless battles is banned
|rule|HP Percentage Mod: HP is shown in percentages
|rule|Dynamax Clause: You cannot dynamax
|clearpoke
|poke|p1|Mienshao, M|
|poke|p1|Landorus-Therian, M|
|poke|p1|Tapu Koko|
|poke|p1|Tangrowth, M|
|poke|p1|Coalossal, M|
|poke|p1|Slowking, F|
|poke|p2|Slowbro, M|
|poke|p2|Buzzwole|
|poke|p2|Melmetal|
|poke|p2|Garchomp, M|
|poke|p2|Zapdos|
|poke|p2|Weavile, M|
|teampreview
|inactive|Battle timer is ON: inactive players will automatically lose when time's up. (requested by Delibird Heart)
|
|t:|1652314571
|start
|switch|p1a: fuck weavile|Coalossal, M|100/100
|switch|p2a: Weavile|Weavile, M, shiny|100/100
|-ability|p2a: Weavile|Pressure
|turn|1
|
|t:|1652314579
|switch|p2a: Garchomp|Garchomp, M|100/100
|move|p1a: fuck weavile|Spikes|p2a: Garchomp
|-sidestart|p2: Selah|Spikes
|
|upkeep
|turn|2
|
|t:|1652314590
|switch|p1a: Tangrowth|Tangrowth, M|100/100
|move|p2a: Garchomp|Stealth Rock|p1a: Tangrowth
|-sidestart|p1: Delibird Heart|move: Stealth Rock
|
|upkeep
|turn|3
|
|t:|1652314593
|move|p2a: Garchomp|Toxic|p1a: Tangrowth
|-status|p1a: Tangrowth|tox
|move|p1a: Tangrowth|Sleep Powder|p2a: Garchomp
|-status|p2a: Garchomp|slp|[from] move: Sleep Powder
|
|-damage|p1a: Tangrowth|94/100 tox|[from] psn
|upkeep
|turn|4
|
|t:|1652314596
|switch|p1a: Jackie|Mienshao, M, shiny|100/100
|-damage|p1a: Jackie|95/100|[from] Stealth Rock
|cant|p2a: Garchomp|slp
|
|upkeep
|turn|5
|
|t:|1652314603
|move|p1a: Jackie|U-turn|p2a: Garchomp
|-damage|p2a: Garchomp|65/100 slp
|-damage|p1a: Jackie|82/100|[from] ability: Rough Skin|[of] p2a: Garchomp
|
|t:|1652314608
|switch|p1a: Tangrowth|Tangrowth, M|100/100 tox|[from]move: U-turn
|-damage|p1a: Tangrowth|88/100 tox|[from] Stealth Rock
|-curestatus|p2a: Garchomp|slp|[msg]
|move|p2a: Garchomp|Earthquake|p1a: Tangrowth
|-resisted|p1a: Tangrowth
|-damage|p1a: Tangrowth|77/100 tox
|
|-heal|p2a: Garchomp|71/100|[from] item: Leftovers
|-damage|p1a: Tangrowth|71/100 tox|[from] psn
|upkeep
|turn|6
|
|t:|1652314613
|move|p2a: Garchomp|Rock Slide|p1a: Tangrowth
|-damage|p1a: Tangrowth|60/100 tox
|cant|p1a: Tangrowth|flinch
|
|-heal|p2a: Garchomp|77/100|[from] item: Leftovers
|-damage|p1a: Tangrowth|47/100 tox|[from] psn
|upkeep
|turn|7
|
|t:|1652314618
|move|p2a: Garchomp|Rock Slide|p1a: Tangrowth
|-damage|p1a: Tangrowth|37/100 tox
|move|p1a: Tangrowth|Sleep Powder|p2a: Garchomp
|-status|p2a: Garchomp|slp|[from] move: Sleep Powder
|
|-heal|p2a: Garchomp|83/100 slp|[from] item: Leftovers
|-damage|p1a: Tangrowth|18/100 tox|[from] psn
|upkeep
|turn|8
|
|t:|1652314622
|switch|p1a: Jackie|Mienshao, M, shiny|82/100
|-damage|p1a: Jackie|77/100|[from] Stealth Rock
|cant|p2a: Garchomp|slp
|
|-heal|p2a: Garchomp|89/100 slp|[from] item: Leftovers
|upkeep
|turn|9
|
|t:|1652314630
|switch|p2a: Slowbro|Slowbro, M|100/100
|move|p1a: Jackie|High Jump Kick|p2a: Slowbro
|-resisted|p2a: Slowbro
|-damage|p2a: Slowbro|45/100
|
|upkeep
|turn|10
|
|t:|1652314634
|switch|p2a: Zapdos|Zapdos|100/100
|move|p1a: Jackie|High Jump Kick|p2a: Zapdos
|-resisted|p2a: Zapdos
|-damage|p2a: Zapdos|56/100
|
|upkeep
|turn|11
|
|t:|1652314645
|switch|p1a: Slowking|Slowking, F|100/100
|move|p2a: Zapdos|Roost|p2a: Zapdos
|-heal|p2a: Zapdos|100/100
|-singleturn|p2a: Zapdos|move: Roost
|
|upkeep
|turn|12
|
|t:|1652314647
|move|p2a: Zapdos|Hurricane|p1a: Slowking
|-damage|p1a: Slowking|75/100
|move|p1a: Slowking|Future Sight|p2a: Zapdos
|-start|p1a: Slowking|move: Future Sight
|
|upkeep
|turn|13
|
|t:|1652314651
|move|p2a: Zapdos|Volt Switch|p1a: Slowking
|-supereffective|p1a: Slowking
|-damage|p1a: Slowking|43/100
|
|t:|1652314653
|switch|p2a: Slowbro|Slowbro, M|78/100|[from]move: Volt Switch
|move|p1a: Slowking|Teleport|p1a: Slowking
|
|t:|1652314657
|switch|p1a: Jackie|Mienshao, M, shiny|77/100|[from]move: Teleport
|-damage|p1a: Jackie|71/100|[from] Stealth Rock
|
|upkeep
|turn|14
|
|t:|1652314661
|move|p1a: Jackie|Knock Off|p2a: Slowbro
|-supereffective|p2a: Slowbro
|-damage|p2a: Slowbro|0 fnt
|-enditem|p2a: Slowbro|Heavy-Duty Boots|[from] move: Knock Off|[of] p1a: Jackie
|faint|p2a: Slowbro
|
|-hint|Future Sight did not hit because the target is fainted.
|upkeep
|
|t:|1652314666
|switch|p2a: Weavile|Weavile, M, shiny|100/100
|-damage|p2a: Weavile|88/100|[from] Spikes
|-ability|p2a: Weavile|Pressure
|turn|15
|
|t:|1652314675
|switch|p2a: Garchomp|Garchomp, M|89/100 slp
|-damage|p2a: Garchomp|77/100 slp|[from] Spikes
|switch|p1a: Tangrowth|Tangrowth, M|51/100 tox
|-damage|p1a: Tangrowth|39/100 tox|[from] Stealth Rock
|
|-heal|p2a: Garchomp|83/100 slp|[from] item: Leftovers
|-damage|p1a: Tangrowth|33/100 tox|[from] psn
|upkeep
|turn|16
|
|t:|1652314685
|-curestatus|p2a: Garchomp|slp|[msg]
|move|p2a: Garchomp|Earthquake|p1a: Tangrowth
|-resisted|p1a: Tangrowth
|-damage|p1a: Tangrowth|22/100 tox
|move|p1a: Tangrowth|Giga Drain|p2a: Garchomp
|-damage|p2a: Garchomp|63/100
|-heal|p1a: Tangrowth|32/100 tox|[from] drain|[of] p2a: Garchomp
|
|-heal|p2a: Garchomp|69/100|[from] item: Leftovers
|-damage|p1a: Tangrowth|20/100 tox|[from] psn
|upkeep
|turn|17
|
|t:|1652314694
|switch|p1a: Landorus|Landorus-Therian, M|100/100
|-damage|p1a: Landorus|88/100|[from] Stealth Rock
|-ability|p1a: Landorus|Intimidate|boost
|-unboost|p2a: Garchomp|atk|1
|move|p2a: Garchomp|Toxic|p1a: Landorus
|-status|p1a: Landorus|tox
|
|-heal|p2a: Garchomp|75/100|[from] item: Leftovers
|-damage|p1a: Landorus|82/100 tox|[from] psn
|upkeep
|turn|18
|
|t:|1652314699
|move|p1a: Landorus|Stealth Rock|p2a: Garchomp
|-sidestart|p2: Selah|move: Stealth Rock
|move|p2a: Garchomp|Rock Slide|p1a: Landorus
|-damage|p1a: Landorus|64/100 tox
|
|-heal|p2a: Garchomp|81/100|[from] item: Leftovers
|-damage|p1a: Landorus|53/100 tox|[from] psn
|upkeep
|turn|19
|
|t:|1652314703
|move|p1a: Landorus|Earthquake|p2a: Garchomp
|-damage|p2a: Garchomp|23/100
|move|p2a: Garchomp|Rock Slide|p1a: Landorus
|-damage|p1a: Landorus|35/100 tox
|
|-heal|p2a: Garchomp|29/100|[from] item: Leftovers
|-damage|p1a: Landorus|17/100 tox|[from] psn
|upkeep
|turn|20
|
|t:|1652314712
|switch|p2a: Zapdos|Zapdos|100/100
|move|p1a: Landorus|Earthquake|p2a: Zapdos
|-immune|p2a: Zapdos
|
|-damage|p1a: Landorus|0 fnt|[from] psn
|faint|p1a: Landorus
|upkeep
|
|t:|1652314717
|switch|p1a: Tapu Koko|Tapu Koko|100/100
|-fieldstart|move: Electric Terrain|[from] ability: Electric Surge|[of] p1a: Tapu Koko
|turn|21
|
|t:|1652314720
|move|p1a: Tapu Koko|Thunderbolt|p2a: Zapdos
|-damage|p2a: Zapdos|49/100
|move|p2a: Zapdos|Defog|p1a: Tapu Koko
|-unboost|p1a: Tapu Koko|evasion|1
|-sideend|p1: Delibird Heart|Stealth Rock|[from] move: Defog|[of] p2a: Zapdos
|-sideend|p2: Selah|Spikes|[from] move: Defog|[of] p2a: Zapdos
|-sideend|p2: Selah|Stealth Rock|[from] move: Defog|[of] p2a: Zapdos
|-fieldend|move: Electric Terrain
|
|upkeep
|turn|22
|
|t:|1652314725
|move|p1a: Tapu Koko|Thunderbolt|p2a: Zapdos
|-damage|p2a: Zapdos|14/100
|move|p2a: Zapdos|Roost|p2a: Zapdos
|-heal|p2a: Zapdos|64/100
|-singleturn|p2a: Zapdos|move: Roost
|
|upkeep
|turn|23
|
|t:|1652314730
|move|p1a: Tapu Koko|Thunderbolt|p2a: Zapdos
|-damage|p2a: Zapdos|27/100
|move|p2a: Zapdos|Roost|p2a: Zapdos
|-heal|p2a: Zapdos|78/100
|-singleturn|p2a: Zapdos|move: Roost
|
|upkeep
|turn|24
|
|t:|1652314732
|move|p1a: Tapu Koko|Thunderbolt|p2a: Zapdos
|-damage|p2a: Zapdos|40/100
|move|p2a: Zapdos|Roost|p2a: Zapdos
|-heal|p2a: Zapdos|91/100
|-singleturn|p2a: Zapdos|move: Roost
|
|upkeep
|turn|25
|
|t:|1652314734
|move|p1a: Tapu Koko|Thunderbolt|p2a: Zapdos
|-damage|p2a: Zapdos|53/100
|move|p2a: Zapdos|Volt Switch|p1a: Tapu Koko
|-resisted|p1a: Tapu Koko
|-damage|p1a: Tapu Koko|78/100
|
|t:|1652314739
|switch|p2a: Melmetal|Melmetal|100/100|[from]move: Volt Switch
|
|upkeep
|turn|26
|
|t:|1652314751
|switch|p1a: Tangrowth|Tangrowth, M|53/100 tox
|move|p2a: Melmetal|Earthquake|p1a: Tangrowth
|-resisted|p1a: Tangrowth
|-damage|p1a: Tangrowth|44/100 tox
|
|-damage|p1a: Tangrowth|37/100 tox|[from] psn
|upkeep
|turn|27
|
|t:|1652314765
|move|p1a: Tangrowth|Sleep Powder|p2a: Melmetal
|-status|p2a: Melmetal|slp|[from] move: Sleep Powder
|cant|p2a: Melmetal|slp
|
|-damage|p1a: Tangrowth|25/100 tox|[from] psn
|upkeep
|turn|28
|
|t:|1652314767
|switch|p1a: Jackie|Mienshao, M, shiny|71/100
|cant|p2a: Melmetal|slp
|
|upkeep
|turn|29
|
|t:|1652314772
|switch|p2a: Buzzwole|Buzzwole|100/100
|move|p1a: Jackie|High Jump Kick|p2a: Buzzwole
|-resisted|p2a: Buzzwole
|-damage|p2a: Buzzwole|61/100
|
|upkeep
|turn|30
|j| altmelmeddle
|
|t:|1652314783
|switch|p1a: Slowking|Slowking, F|76/100
|move|p2a: Buzzwole|Leech Life|p1a: Slowking
|-supereffective|p1a: Slowking
|-damage|p1a: Slowking|0 fnt
|-heal|p2a: Buzzwole|100/100|[from] drain|[of] p1a: Slowking
|faint|p1a: Slowking
|-ability|p2a: Buzzwole|Beast Boost|boost
|-boost|p2a: Buzzwole|atk|1
|
|upkeep
|
|t:|1652314789
|switch|p1a: fuck weavile|Coalossal, M|100/100
|turn|31
|
|t:|1652314793
|switch|p2a: Garchomp|Garchomp, M|29/100
|move|p1a: fuck weavile|Spikes|p2a: Garchomp
|-sidestart|p2: Selah|Spikes
|
|-heal|p2a: Garchomp|35/100|[from] item: Leftovers
|upkeep
|turn|32
|
|t:|1652314797
|switch|p1a: Jackie|Mienshao, M, shiny|71/100
|move|p2a: Garchomp|Rock Slide|p1a: Jackie
|-resisted|p1a: Jackie
|-damage|p1a: Jackie|51/100
|
|-heal|p2a: Garchomp|41/100|[from] item: Leftovers
|upkeep
|turn|33
|
|t:|1652314802
|switch|p2a: Zapdos|Zapdos|53/100
|move|p1a: Jackie|High Jump Kick|p2a: Zapdos
|-resisted|p2a: Zapdos
|-damage|p2a: Zapdos|4/100
|
|upkeep
|turn|34
|
|t:|1652314807
|move|p1a: Jackie|High Jump Kick|p2a: Zapdos
|-resisted|p2a: Zapdos
|-damage|p2a: Zapdos|0 fnt
|faint|p2a: Zapdos
|
|upkeep
|
|t:|1652314817
|switch|p2a: Buzzwole|Buzzwole|100/100
|-damage|p2a: Buzzwole|88/100|[from] Spikes
|turn|35
|
|t:|1652314822
|switch|p1a: Tangrowth|Tangrowth, M|58/100 tox
|move|p2a: Buzzwole|Close Combat|p1a: Tangrowth
|-damage|p1a: Tangrowth|3/100 tox
|-unboost|p2a: Buzzwole|def|1
|-unboost|p2a: Buzzwole|spd|1
|-damage|p2a: Buzzwole|71/100|[from] item: Rocky Helmet|[of] p1a: Tangrowth
|
|-damage|p1a: Tangrowth|0 fnt|[from] psn
|faint|p1a: Tangrowth
|upkeep
|
|t:|1652314829
|switch|p1a: Tapu Koko|Tapu Koko|78/100
|-fieldstart|move: Electric Terrain|[from] ability: Electric Surge|[of] p1a: Tapu Koko
|turn|36
|
|t:|1652314844
|switch|p2a: Garchomp|Garchomp, M|41/100
|-damage|p2a: Garchomp|29/100|[from] Spikes
|move|p1a: Tapu Koko|Dazzling Gleam|p2a: Garchomp
|-supereffective|p2a: Garchomp
|-damage|p2a: Garchomp|0 fnt
|faint|p2a: Garchomp
|
|upkeep
|
|t:|1652314847
|switch|p2a: Melmetal|Melmetal|100/100 slp
|-damage|p2a: Melmetal|88/100 slp|[from] Spikes
|turn|37
|
|t:|1652314864
|move|p1a: Tapu Koko|Thunderbolt|p2a: Melmetal
|-damage|p2a: Melmetal|63/100 slp
|-curestatus|p2a: Melmetal|slp|[msg]
|move|p2a: Melmetal|Earthquake|p1a: Tapu Koko
|-supereffective|p1a: Tapu Koko
|-damage|p1a: Tapu Koko|0 fnt
|faint|p1a: Tapu Koko
|
|upkeep
|
|t:|1652314869
|switch|p1a: Jackie|Mienshao, M, shiny|51/100
|turn|38
|
|t:|1652314876
|move|p1a: Jackie|High Jump Kick|p2a: Melmetal
|-supereffective|p2a: Melmetal
|-damage|p2a: Melmetal|0 fnt
|faint|p2a: Melmetal
|
|upkeep
|
|t:|1652314887
|switch|p2a: Buzzwole|Buzzwole|71/100
|-damage|p2a: Buzzwole|59/100|[from] Spikes
|turn|39
|
|t:|1652314896
|move|p1a: Jackie|High Jump Kick|p2a: Buzzwole
|-resisted|p2a: Buzzwole
|-damage|p2a: Buzzwole|14/100
|move|p2a: Buzzwole|Close Combat|p1a: Jackie
|-damage|p1a: Jackie|0 fnt
|-unboost|p2a: Buzzwole|def|1
|-unboost|p2a: Buzzwole|spd|1
|faint|p1a: Jackie
|-ability|p2a: Buzzwole|Beast Boost|boost
|-boost|p2a: Buzzwole|atk|1
|
|upkeep
|
|t:|1652314899
|switch|p1a: fuck weavile|Coalossal, M|100/100
|turn|40
|
|t:|1652314902
|move|p2a: Buzzwole|Close Combat|p1a: fuck weavile
|-supereffective|p1a: fuck weavile
|-damage|p1a: fuck weavile|0 fnt
|-unboost|p2a: Buzzwole|def|1
|-unboost|p2a: Buzzwole|spd|1
|-status|p2a: Buzzwole|brn|[from] ability: Flame Body|[of] p1a: fuck weavile
|faint|p1a: fuck weavile
|
|win|Selah
|raw|Delibird Heart's rating: 1784 &rarr; <strong>1765</strong><br />(-19 for losing)
|raw|Selah's rating: 1793 &rarr; <strong>1812</strong><br />(+19 for winning)
|c|☆Delibird Heart|gg
|c|☆Selah|Gg
|l|☆Selah
|l|☆Delibird Heart
||Ladder isn't responding, score probably updated but might not have (Request timeout).
|l| altmelmeddle
|j|☆Selah
|player|p2|Selah|burglar-gen1
