|j|☆TESLA ROADSTER
|j|☆mammochonausommet
|inactive|Battle timer is ON: inactive players will automatically lose when time's up.
|t:|1615549500
|player|p1|TESLA ROADSTER|170|
|player|p2|mammochonausommet|dawn-gen4pt|
|teamsize|p1|6
|teamsize|p2|6
|gametype|singles
|gen|8
|tier|[Gen 8] OU
|rated|Tournament battle
|clearpoke
|poke|p1|Hippowdon, F|
|poke|p1|Clefable, M|
|poke|p1|Dracozolt|
|poke|p1|Slowking, M|
|poke|p1|Kartana|
|poke|p1|Tornadus-Therian, M|
|poke|p2|Tapu Fini|
|poke|p2|Kartana|
|poke|p2|Tornadus-Therian, M|
|poke|p2|Hippowdon, F|
|poke|p2|Terrakion|
|poke|p2|Slowking-Galar, M|
|rule|Sleep Clause Mod: Limit one foe put to sleep
|rule|Species Clause: Limit one of each Pokémon
|rule|OHKO Clause: OHKO moves are banned
|rule|Evasion Moves Clause: Evasion moves are banned
|rule|Endless Battle Clause: Forcing endless battles is banned
|rule|HP Percentage Mod: HP is shown in percentages
|rule|Dynamax Clause: You cannot dynamax
|teampreview
|j| Jazzsd
|inactive|TESLA ROADSTER has 120 seconds left.
|l| Jazzsd
|j| roltr
|j| breakthru89
|l| breakthru89
|inactive|TESLA ROADSTER has 90 seconds left.
|
|t:|1615549567
|start
|switch|p1a: VULTURE|Tornadus-Therian, M|100/100
|switch|p2a: Tornadus|Tornadus-Therian, M|100/100
|turn|1
|
|t:|1615549593
|switch|p1a: MYSTERIO|Clefable, M|100/100
|move|p2a: Tornadus|Knock Off|p1a: MYSTERIO
|-resisted|p1a: MYSTERIO
|-damage|p1a: MYSTERIO|91/100
|-enditem|p1a: MYSTERIO|Leftovers|[from] move: Knock Off|[of] p2a: Tornadus
|
|upkeep
|turn|2
|
|t:|1615549605
|move|p2a: Tornadus|U-turn|p1a: MYSTERIO
|-resisted|p1a: MYSTERIO
|-damage|p1a: MYSTERIO|83/100
|
|t:|1615549612
|switch|p2a: Slowking|Slowking-Galar, M|100/100|[from]move: U-turn
|move|p1a: MYSTERIO|Moonblast|p2a: Slowking
|-resisted|p2a: Slowking
|-damage|p2a: Slowking|95/100
|
|upkeep
|turn|3
|
|t:|1615549623
|switch|p1a: KINGPIN|Slowking, M|100/100
|move|p2a: Slowking|Future Sight|p1a: KINGPIN
|-start|p2a: Slowking|move: Future Sight
|
|upkeep
|turn|4
|
|t:|1615549642
|move|p2a: Slowking|Sludge Bomb|p1a: KINGPIN
|-damage|p1a: KINGPIN|80/100
|move|p1a: KINGPIN|Teleport|p1a: KINGPIN
|
|t:|1615549645
|switch|p1a: VULTURE|Tornadus-Therian, M|100/100|[from]move: Teleport
|
|upkeep
|turn|5
|
|t:|1615549664
|switch|p2a: Hippowdon|Hippowdon, F|100/100
|-weather|Sandstorm|[from] ability: Sand Stream|[of] p2a: Hippowdon
|move|p1a: VULTURE|U-turn|p2a: Hippowdon
|-damage|p2a: Hippowdon|92/100
|
|t:|1615549672
|switch|p1a: KINGPIN|Slowking, M|100/100|[from]move: U-turn
|
|-weather|Sandstorm|[upkeep]
|-damage|p1a: KINGPIN|94/100|[from] Sandstorm
|-end|p1a: KINGPIN|move: Future Sight
|-resisted|p1a: KINGPIN
|-damage|p1a: KINGPIN|81/100
|-heal|p2a: Hippowdon|99/100|[from] item: Leftovers
|upkeep
|turn|6
|
|t:|1615549677
|move|p2a: Hippowdon|Stealth Rock|p1a: KINGPIN
|-sidestart|p1: TESLA ROADSTER|move: Stealth Rock
|move|p1a: KINGPIN|Scald|p2a: Hippowdon
|-supereffective|p2a: Hippowdon
|-damage|p2a: Hippowdon|40/100
|
|-weather|Sandstorm|[upkeep]
|-damage|p1a: KINGPIN|75/100|[from] Sandstorm
|-heal|p2a: Hippowdon|46/100|[from] item: Leftovers
|upkeep
|turn|7
|
|t:|1615549697
|move|p2a: Hippowdon|Toxic|p1a: KINGPIN
|-status|p1a: KINGPIN|tox
|move|p1a: KINGPIN|Scald|p2a: Hippowdon
|-supereffective|p2a: Hippowdon
|-crit|p2a: Hippowdon
|-damage|p2a: Hippowdon|0 fnt
|faint|p2a: Hippowdon
|
|-weather|Sandstorm|[upkeep]
|-damage|p1a: KINGPIN|69/100 tox|[from] Sandstorm
|-damage|p1a: KINGPIN|62/100 tox|[from] psn
|upkeep
|
|t:|1615549706
|switch|p2a: Slowking|Slowking-Galar, M|100/100
|turn|8
|
|t:|1615549719
|move|p2a: Slowking|Future Sight|p1a: KINGPIN
|-start|p2a: Slowking|move: Future Sight
|move|p1a: KINGPIN|Teleport|p1a: KINGPIN
|j| lil sn is back
|
|t:|1615549731
|switch|p1a: VULTURE|Tornadus-Therian, M|100/100|[from]move: Teleport
|
|-weather|Sandstorm|[upkeep]
|-damage|p1a: VULTURE|94/100|[from] Sandstorm
|-damage|p2a: Slowking|94/100|[from] Sandstorm
|upkeep
|turn|9
|
|t:|1615549736
|switch|p2a: Tornadus|Tornadus-Therian, M|100/100
|move|p1a: VULTURE|Defog|p2a: Tornadus
|-unboost|p2a: Tornadus|evasion|1
|-sideend|p1: TESLA ROADSTER|Stealth Rock|[from] move: Defog|[of] p1a: VULTURE
|
|-weather|none
|upkeep
|turn|10
|l| lil sn is back
|
|t:|1615549745
|move|p2a: Tornadus|Hurricane|p1a: VULTURE
|-damage|p1a: VULTURE|55/100
|move|p1a: VULTURE|U-turn|p2a: Tornadus
|-resisted|p2a: Tornadus
|-damage|p2a: Tornadus|92/100
|
|t:|1615549750
|switch|p1a: KINGPIN|Slowking, M|96/100 tox|[from]move: U-turn
|
|-end|p1a: KINGPIN|move: Future Sight
|-resisted|p1a: KINGPIN
|-damage|p1a: KINGPIN|82/100 tox
|-damage|p1a: KINGPIN|76/100 tox|[from] psn
|upkeep
|turn|11
|
|t:|1615549755
|move|p2a: Tornadus|Knock Off|p1a: KINGPIN
|-supereffective|p1a: KINGPIN
|-damage|p1a: KINGPIN|35/100 tox
|-enditem|p1a: KINGPIN|Heavy-Duty Boots|[from] move: Knock Off|[of] p2a: Tornadus
|move|p1a: KINGPIN|Teleport|p1a: KINGPIN
|inactive|TESLA ROADSTER has 120 seconds left.
|
|t:|1615549814
|switch|p1a: ELECTRO|Dracozolt|100/100|[from]move: Teleport
|
|upkeep
|turn|12
|
|t:|1615549836
|move|p2a: Tornadus|Knock Off|p1a: ELECTRO
|-damage|p1a: ELECTRO|73/100
|-enditem|p1a: ELECTRO|Life Orb|[from] move: Knock Off|[of] p2a: Tornadus
|move|p1a: ELECTRO|Bolt Beak|p2a: Tornadus
|-supereffective|p2a: Tornadus
|-damage|p2a: Tornadus|5/100
|
|upkeep
|turn|13
|
|t:|1615549844
|move|p2a: Tornadus|U-turn|p1a: ELECTRO
|-damage|p1a: ELECTRO|53/100
|
|t:|1615549848
|switch|p2a: Kartana|Kartana|100/100|[from]move: U-turn
|move|p1a: ELECTRO|Fire Blast|p2a: Kartana
|-supereffective|p2a: Kartana
|-damage|p2a: Kartana|0 fnt
|faint|p2a: Kartana
|
|upkeep
|
|t:|1615549855
|switch|p2a: Terrakion|Terrakion|100/100
|turn|14
|
|t:|1615549864
|switch|p1a: SANDMAN|Hippowdon, F|100/100
|-weather|Sandstorm|[from] ability: Sand Stream|[of] p1a: SANDMAN
|move|p2a: Terrakion|Stone Edge|p1a: SANDMAN
|-resisted|p1a: SANDMAN
|-crit|p1a: SANDMAN
|-damage|p1a: SANDMAN|67/100
|
|-weather|Sandstorm|[upkeep]
|upkeep
|turn|15
|
|t:|1615549868
|switch|p2a: Slowking|Slowking-Galar, M|100/100
|move|p1a: SANDMAN|Slack Off|p1a: SANDMAN
|-heal|p1a: SANDMAN|100/100
|
|-weather|Sandstorm|[upkeep]
|-damage|p2a: Slowking|94/100|[from] Sandstorm
|upkeep
|turn|16
|
|t:|1615549877
|switch|p1a: KINGPIN|Slowking, M|69/100 tox
|move|p2a: Slowking|Future Sight|p1a: KINGPIN
|-start|p2a: Slowking|move: Future Sight
|
|-weather|Sandstorm|[upkeep]
|-damage|p2a: Slowking|88/100|[from] Sandstorm
|-damage|p1a: KINGPIN|62/100 tox|[from] Sandstorm
|-damage|p1a: KINGPIN|56/100 tox|[from] psn
|upkeep
|turn|17
|
|t:|1615549881
|move|p2a: Slowking|Sludge Bomb|p1a: KINGPIN
|-damage|p1a: KINGPIN|36/100 tox
|move|p1a: KINGPIN|Slack Off|p1a: KINGPIN
|-heal|p1a: KINGPIN|86/100 tox
|
|-weather|Sandstorm|[upkeep]
|-damage|p2a: Slowking|82/100|[from] Sandstorm
|-damage|p1a: KINGPIN|80/100 tox|[from] Sandstorm
|-damage|p1a: KINGPIN|68/100 tox|[from] psn
|upkeep
|turn|18
|
|t:|1615549907
|move|p2a: Slowking|Sludge Bomb|p1a: KINGPIN
|-damage|p1a: KINGPIN|47/100 tox
|move|p1a: KINGPIN|Teleport|p1a: KINGPIN
|
|t:|1615549912
|switch|p1a: MYSTERIO|Clefable, M|83/100|[from]move: Teleport
|
|-weather|none
|-end|p1a: MYSTERIO|move: Future Sight
|-damage|p1a: MYSTERIO|45/100
|upkeep
|turn|19
|
|t:|1615549917
|move|p1a: MYSTERIO|Aromatherapy|p1a: MYSTERIO
|-activate|p1a: MYSTERIO|move: Aromatherapy
|-curestatus|p1: KINGPIN|tox|[msg]
|move|p2a: Slowking|Future Sight|p1a: MYSTERIO
|-start|p2a: Slowking|move: Future Sight
|
|upkeep
|turn|20
|
|t:|1615549923
|switch|p1a: KINGPIN|Slowking, M|81/100
|move|p2a: Slowking|Sludge Bomb|p1a: KINGPIN
|-damage|p1a: KINGPIN|60/100
|
|upkeep
|turn|21
|
|t:|1615549930
|move|p2a: Slowking|Sludge Bomb|p1a: KINGPIN
|-damage|p1a: KINGPIN|39/100
|-status|p1a: KINGPIN|psn
|move|p1a: KINGPIN|Slack Off|p1a: KINGPIN
|-heal|p1a: KINGPIN|89/100 psn
|
|-end|p1a: KINGPIN|move: Future Sight
|-resisted|p1a: KINGPIN
|-damage|p1a: KINGPIN|76/100 psn
|-damage|p1a: KINGPIN|64/100 psn|[from] psn
|upkeep
|turn|22
|
|t:|1615549939
|move|p2a: Slowking|Future Sight|p1a: KINGPIN
|-start|p2a: Slowking|move: Future Sight
|move|p1a: KINGPIN|Teleport|p1a: KINGPIN
|
|t:|1615549947
|switch|p1a: CARNAGE|Kartana|100/100|[from]move: Teleport
|
|upkeep
|turn|23
|
|t:|1615549951
|move|p1a: CARNAGE|Knock Off|p2a: Slowking
|-supereffective|p2a: Slowking
|-damage|p2a: Slowking|0 fnt
|-enditem|p2a: Slowking|Assault Vest|[from] move: Knock Off|[of] p1a: CARNAGE
|faint|p2a: Slowking
|-ability|p1a: CARNAGE|Beast Boost|boost
|-boost|p1a: CARNAGE|atk|1
|
|upkeep
|
|t:|1615549957
|switch|p2a: Tornadus|Tornadus-Therian, M|39/100
|turn|24
|
|t:|1615549961
|switch|p1a: KINGPIN|Slowking, M|97/100 psn
|move|p2a: Tornadus|Hurricane|p1a: KINGPIN
|-damage|p1a: KINGPIN|73/100 psn
|
|-end|p1a: KINGPIN|move: Future Sight
|-resisted|p1a: KINGPIN
|-damage|p1a: KINGPIN|59/100 psn
|-damage|p1a: KINGPIN|46/100 psn|[from] psn
|upkeep
|turn|25
|
|t:|1615549966
|move|p2a: Tornadus|U-turn|p1a: KINGPIN
|-supereffective|p1a: KINGPIN
|-damage|p1a: KINGPIN|18/100 psn
|
|t:|1615549969
|switch|p2a: Tapu Fini|Tapu Fini|100/100|[from]move: U-turn
|-fieldstart|move: Misty Terrain|[from] ability: Misty Surge|[of] p2a: Tapu Fini
|move|p1a: KINGPIN|Slack Off|p1a: KINGPIN
|-heal|p1a: KINGPIN|68/100 psn
|
|-damage|p1a: KINGPIN|55/100 psn|[from] psn
|upkeep
|turn|26
|
|t:|1615549980
|move|p2a: Tapu Fini|Calm Mind|p2a: Tapu Fini
|-boost|p2a: Tapu Fini|spa|1
|-boost|p2a: Tapu Fini|spd|1
|move|p1a: KINGPIN|Teleport|p1a: KINGPIN
|
|t:|1615549984
|switch|p1a: CARNAGE|Kartana|100/100|[from]move: Teleport
|
|upkeep
|turn|27
|
|t:|1615549989
|move|p1a: CARNAGE|Leaf Blade|p2a: Tapu Fini
|-supereffective|p2a: Tapu Fini
|-damage|p2a: Tapu Fini|0 fnt
|faint|p2a: Tapu Fini
|-ability|p1a: CARNAGE|Beast Boost|boost
|-boost|p1a: CARNAGE|atk|1
|
|upkeep
|
|t:|1615549996
|switch|p2a: Tornadus|Tornadus-Therian, M|72/100
|turn|28
|
|t:|1615550002
|switch|p1a: KINGPIN|Slowking, M|88/100 psn
|move|p2a: Tornadus|Hurricane|p1a: KINGPIN
|-damage|p1a: KINGPIN|64/100 psn
|
|-damage|p1a: KINGPIN|52/100 psn|[from] psn
|upkeep
|turn|29
|
|t:|1615550006
|move|p2a: Tornadus|U-turn|p1a: KINGPIN
|-supereffective|p1a: KINGPIN
|-damage|p1a: KINGPIN|24/100 psn
|
|t:|1615550010
|switch|p2a: Terrakion|Terrakion|100/100|[from]move: U-turn
|move|p1a: KINGPIN|Slack Off|p1a: KINGPIN
|-heal|p1a: KINGPIN|74/100 psn
|
|-damage|p1a: KINGPIN|61/100 psn|[from] psn
|-fieldend|Misty Terrain
|upkeep
|turn|30
|
|t:|1615550014
|switch|p1a: SANDMAN|Hippowdon, F|100/100
|-weather|Sandstorm|[from] ability: Sand Stream|[of] p1a: SANDMAN
|move|p2a: Terrakion|Close Combat|p1a: SANDMAN
|-damage|p1a: SANDMAN|50/100
|-unboost|p2a: Terrakion|def|1
|-unboost|p2a: Terrakion|spd|1
|-damage|p2a: Terrakion|84/100|[from] item: Rocky Helmet|[of] p1a: SANDMAN
|
|-weather|Sandstorm|[upkeep]
|upkeep
|turn|31
|
|t:|1615550027
|switch|p2a: Tornadus|Tornadus-Therian, M|100/100
|switch|p1a: VULTURE|Tornadus-Therian, M|89/100
|
|-weather|Sandstorm|[upkeep]
|-damage|p1a: VULTURE|82/100|[from] Sandstorm
|-damage|p2a: Tornadus|94/100|[from] Sandstorm
|upkeep
|turn|32
|
|t:|1615550037
|move|p1a: VULTURE|U-turn|p2a: Tornadus
|-resisted|p2a: Tornadus
|-crit|p2a: Tornadus
|-damage|p2a: Tornadus|82/100
|
|t:|1615550041
|switch|p1a: KINGPIN|Slowking, M|94/100 psn|[from]move: U-turn
|move|p2a: Tornadus|U-turn|p1a: KINGPIN
|-supereffective|p1a: KINGPIN
|-damage|p1a: KINGPIN|63/100 psn
|
|t:|1615550044
|switch|p2a: Terrakion|Terrakion|84/100|[from]move: U-turn
|
|-weather|Sandstorm|[upkeep]
|-damage|p1a: KINGPIN|57/100 psn|[from] Sandstorm
|-damage|p1a: KINGPIN|45/100 psn|[from] psn
|upkeep
|turn|33
|
|t:|1615550053
|switch|p1a: VULTURE|Tornadus-Therian, M|100/100
|move|p2a: Terrakion|Stone Edge|p1a: VULTURE
|-supereffective|p1a: VULTURE
|-damage|p1a: VULTURE|0 fnt
|faint|p1a: VULTURE
|
|-weather|Sandstorm|[upkeep]
|upkeep
|
|t:|1615550060
|switch|p1a: SANDMAN|Hippowdon, F|50/100
|turn|34
|
|t:|1615550066
|switch|p2a: Tornadus|Tornadus-Therian, M|100/100
|move|p1a: SANDMAN|Slack Off|p1a: SANDMAN
|-heal|p1a: SANDMAN|99/100
|
|-weather|none
|upkeep
|turn|35
|
|t:|1615550090
|move|p2a: Tornadus|Knock Off|p1a: SANDMAN
|-crit|p1a: SANDMAN
|-damage|p1a: SANDMAN|84/100
|-damage|p2a: Tornadus|84/100|[from] item: Rocky Helmet|[of] p1a: SANDMAN
|-enditem|p1a: SANDMAN|Rocky Helmet|[from] move: Knock Off|[of] p2a: Tornadus
|move|p1a: SANDMAN|Toxic|p2a: Tornadus
|-status|p2a: Tornadus|tox
|
|-damage|p2a: Tornadus|78/100 tox|[from] psn
|upkeep
|turn|36
|
|t:|1615550100
|move|p2a: Tornadus|Hurricane|p1a: SANDMAN
|-damage|p1a: SANDMAN|42/100
|move|p1a: SANDMAN|Slack Off|p1a: SANDMAN
|-heal|p1a: SANDMAN|92/100
|
|-damage|p2a: Tornadus|66/100 tox|[from] psn
|upkeep
|turn|37
|
|t:|1615550112
|switch|p1a: KINGPIN|Slowking, M|78/100 psn
|move|p2a: Tornadus|Hurricane|p1a: KINGPIN
|-damage|p1a: KINGPIN|54/100 psn
|
|-damage|p2a: Tornadus|47/100 tox|[from] psn
|-damage|p1a: KINGPIN|42/100 psn|[from] psn
|upkeep
|turn|38
|
|t:|1615550115
|move|p2a: Tornadus|U-turn|p1a: KINGPIN
|-supereffective|p1a: KINGPIN
|-damage|p1a: KINGPIN|14/100 psn
|
|t:|1615550117
|switch|p2a: Terrakion|Terrakion|84/100|[from]move: U-turn
|move|p1a: KINGPIN|Teleport|p1a: KINGPIN
|
|t:|1615550119
|switch|p1a: CARNAGE|Kartana|100/100|[from]move: Teleport
|
|upkeep
|turn|39
|
|t:|1615550126
|move|p1a: CARNAGE|Smart Strike|p2a: Terrakion
|-supereffective|p2a: Terrakion
|-damage|p2a: Terrakion|0 fnt
|faint|p2a: Terrakion
|-ability|p1a: CARNAGE|Beast Boost|boost
|-boost|p1a: CARNAGE|atk|1
|
|upkeep
|
|t:|1615550128
|switch|p2a: Tornadus|Tornadus-Therian, M|81/100 tox
|turn|40
|j| K30 2.0
|j| Zombini62
|c|☆mammochonausommet|gg
|
|t:|1615550144
|move|p2a: Tornadus|Defog|p1a: CARNAGE
|-unboost|p1a: CARNAGE|evasion|1
|move|p1a: CARNAGE|Smart Strike|p2a: Tornadus
|-damage|p2a: Tornadus|0 fnt
|faint|p2a: Tornadus
|
|win|TESLA ROADSTER
|n|☆TESLA ROADSTER|teslaroadster
|n|☆mammochonausommet|mammochonausommet
|n| roltr|roltr
|n| K30 2.0|k3020
|n| Zombini62|zombini62
