|raw|<div class="broadcast-blue"><strong>This battle is required to be public due to a player having a name starting with 'lt92pf'.</div>
|j|‽balerion1
|j|☆LT92PF El Mainer
|t:|1660241298
|gametype|singles
|player|p1|balerion1|ballguy|1857
|player|p2|LT92PF El Mainer|101|2054
|teamsize|p1|6
|teamsize|p2|6
|gen|8
|tier|[Gen 8] OU
|rated|
|rule|Sleep Clause Mod: Limit one foe put to sleep
|rule|Species Clause: Limit one of each Pokémon
|rule|OHKO Clause: OHKO moves are banned
|rule|Evasion Items Clause: Evasion items are banned
|rule|Evasion Moves Clause: Evasion moves are banned
|rule|Endless Battle Clause: Forcing endless battles is banned
|rule|HP Percentage Mod: HP is shown in percentages
|rule|Dynamax Clause: You cannot dynamax
|clearpoke
|poke|p1|Bisharp, F|
|poke|p1|Dragapult, F|
|poke|p1|Rillaboom, M|
|poke|p1|Garchomp, M|
|poke|p1|Mamoswine, M|
|poke|p1|Skarmory, F|
|poke|p2|Clefable, F|
|poke|p2|Rillaboom, F|
|poke|p2|Gastrodon, F|
|poke|p2|Melmetal|
|poke|p2|Heatran, M|
|poke|p2|Tornadus-Therian, M|
|teampreview
|
|t:|1660241303
|start
|switch|p1a: Skarmory|Skarmory, F|100/100
|switch|p2a: Heatran|Heatran, M|100/100
|turn|1
|j| LT92PF ISZA
|j| Luthier
|
|t:|1660241313
|move|p1a: Skarmory|Stealth Rock|p2a: Heatran
|-sidestart|p2: LT92PF El Mainer|move: Stealth Rock
|move|p2a: Heatran|Magma Storm|p1a: Skarmory
|-supereffective|p1a: Skarmory
|-ability|p1a: Skarmory|Sturdy
|-damage|p1a: Skarmory|1/100
|-activate|p1a: Skarmory|move: Magma Storm|[of] p2a: Heatran
|
|-damage|p1a: Skarmory|0 fnt|[from] move: Magma Storm|[partiallytrapped]
|faint|p1a: Skarmory
|upkeep
|j| ojr
|j| Seleukus
|
|t:|1660241314
|switch|p1a: Garchomp|Garchomp, M, shiny|100/100
|turn|2
|
|t:|1660241317
|move|p1a: Garchomp|Stone Edge|p2a: Heatran
|-damage|p2a: Heatran|69/100
|-damage|p1a: Garchomp|91/100|[from] item: Life Orb
|move|p2a: Heatran|Will-O-Wisp|p1a: Garchomp
|-status|p1a: Garchomp|brn
|
|-heal|p2a: Heatran|76/100|[from] item: Leftovers
|-damage|p1a: Garchomp|85/100 brn|[from] brn
|upkeep
|turn|3
|
|t:|1660241324
|switch|p1a: Mamoswine|Mamoswine, M|100/100
|switch|p2a: Clefable|Clefable, F|100/100
|
|upkeep
|turn|4
|j| LT92PF gxkh
|
|t:|1660241326
|move|p1a: Mamoswine|High Horsepower|p2a: Clefable
|-damage|p2a: Clefable|43/100
|-damage|p1a: Mamoswine|84/100|[from] item: Rocky Helmet|[of] p2a: Clefable
|-damage|p1a: Mamoswine|74/100|[from] item: Life Orb
|move|p2a: Clefable|Soft-Boiled|p2a: Clefable
|-heal|p2a: Clefable|93/100
|
|upkeep
|turn|5
|inactive|Battle timer is ON: inactive players will automatically lose when time's up. (requested by balerion1)
|
|t:|1660241332
|move|p1a: Mamoswine|Icicle Crash|p2a: Clefable
|-damage|p2a: Clefable|43/100
|-damage|p1a: Mamoswine|64/100|[from] item: Life Orb
|cant|p2a: Clefable|flinch
|
|upkeep
|turn|6
|j| franqui7
|j| rheysali
|
|t:|1660241340
|switch|p2a: Tornadus|Tornadus-Therian, M|100/100
|move|p1a: Mamoswine|Icicle Crash|p2a: Tornadus|[miss]
|-miss|p1a: Mamoswine|p2a: Tornadus
|
|upkeep
|turn|7
|j| LT92PF Pais
|
|t:|1660241348
|move|p2a: Tornadus|U-turn|p1a: Mamoswine
|-damage|p1a: Mamoswine|47/100
|
|t:|1660241350
|switch|p2a: Gastrodon|Gastrodon, F|100/100|[from]move: U-turn
|-damage|p2a: Gastrodon|94/100|[from] Stealth Rock
|move|p1a: Mamoswine|Icicle Crash|p2a: Gastrodon
|-damage|p2a: Gastrodon|31/100
|-damage|p1a: Mamoswine|37/100|[from] item: Life Orb
|
|-heal|p2a: Gastrodon|37/100|[from] item: Leftovers
|upkeep
|turn|8
|j| Medusa 109
|
|t:|1660241353
|move|p2a: Gastrodon|Protect|p2a: Gastrodon
|-singleturn|p2a: Gastrodon|Protect
|move|p1a: Mamoswine|Icicle Crash|p2a: Gastrodon
|-activate|p2a: Gastrodon|move: Protect
|
|-heal|p2a: Gastrodon|43/100|[from] item: Leftovers
|upkeep
|turn|9
|
|t:|1660241359
|move|p1a: Mamoswine|High Horsepower|p2a: Gastrodon
|-damage|p2a: Gastrodon|0 fnt
|faint|p2a: Gastrodon
|-damage|p1a: Mamoswine|27/100|[from] item: Life Orb
|
|upkeep
|j| Plasmeek
|
|t:|1660241361
|switch|p2a: Rillaboom|Rillaboom, F|100/100
|-damage|p2a: Rillaboom|88/100|[from] Stealth Rock
|-fieldstart|move: Grassy Terrain|[from] ability: Grassy Surge|[of] p2a: Rillaboom
|turn|10
|
|t:|1660241364
|switch|p1a: Garchomp|Garchomp, M, shiny|85/100 brn
|move|p2a: Rillaboom|Grassy Glide|p1a: Garchomp
|-damage|p1a: Garchomp|38/100 brn
|-damage|p2a: Rillaboom|76/100|[from] ability: Rough Skin|[of] p1a: Garchomp
|
|-heal|p1a: Garchomp|44/100 brn|[from] Grassy Terrain
|-heal|p2a: Rillaboom|82/100|[from] Grassy Terrain
|-damage|p1a: Garchomp|38/100 brn|[from] brn
|upkeep
|turn|11
|
|t:|1660241366
|move|p2a: Rillaboom|Grassy Glide|p1a: Garchomp
|-damage|p1a: Garchomp|0 fnt
|-damage|p2a: Rillaboom|70/100|[from] ability: Rough Skin|[of] p1a: Garchomp
|faint|p1a: Garchomp
|
|-heal|p2a: Rillaboom|76/100|[from] Grassy Terrain
|upkeep
|
|t:|1660241370
|switch|p1a: Bisharp|Bisharp, F, shiny|100/100
|turn|12
|j| LT92PF Futility
|
|t:|1660241373
|switch|p2a: Melmetal|Melmetal|100/100
|-damage|p2a: Melmetal|94/100|[from] Stealth Rock
|move|p1a: Bisharp|Swords Dance|p1a: Bisharp
|-boost|p1a: Bisharp|atk|2
|
|-heal|p2a: Melmetal|100/100|[from] Grassy Terrain
|upkeep
|turn|13
|
|t:|1660241376
|move|p1a: Bisharp|Knock Off|p2a: Melmetal
|-damage|p2a: Melmetal|8/100
|-enditem|p2a: Melmetal|Leftovers|[from] move: Knock Off|[of] p1a: Bisharp
|-damage|p1a: Bisharp|91/100|[from] item: Life Orb
|move|p2a: Melmetal|Superpower|p1a: Bisharp
|-supereffective|p1a: Bisharp
|-crit|p1a: Bisharp
|-damage|p1a: Bisharp|0 fnt
|-unboost|p2a: Melmetal|atk|1
|-unboost|p2a: Melmetal|def|1
|faint|p1a: Bisharp
|
|-heal|p2a: Melmetal|14/100|[from] Grassy Terrain
|upkeep
|j| draghi in trip
|
|t:|1660241385
|switch|p1a: Dragapult|Dragapult, F, shiny|100/100
|turn|14
|j| BLACK L0TU$
|
|t:|1660241391
|move|p2a: Melmetal|Protect|p2a: Melmetal
|-singleturn|p2a: Melmetal|Protect
|move|p1a: Dragapult|Dragon Darts|p2a: Melmetal
|-activate|p2a: Melmetal|move: Protect
|
|-heal|p2a: Melmetal|20/100|[from] Grassy Terrain
|upkeep
|turn|15
|l| LT92PF ISZA
|
|t:|1660241399
|switch|p2a: Clefable|Clefable, F|43/100
|move|p1a: Dragapult|Dragon Darts|p2a: Clefable
|-immune|p2a: Clefable
|
|-heal|p2a: Clefable|49/100|[from] Grassy Terrain
|upkeep
|turn|16
|
|t:|1660241401
|move|p1a: Dragapult|Dragon Dance|p1a: Dragapult
|-boost|p1a: Dragapult|atk|1
|-boost|p1a: Dragapult|spe|1
|move|p2a: Clefable|Soft-Boiled|p2a: Clefable
|-heal|p2a: Clefable|99/100
|
|-heal|p2a: Clefable|100/100|[from] Grassy Terrain
|upkeep
|turn|17
|
|t:|1660241407
|move|p1a: Dragapult|Dragon Dance|p1a: Dragapult
|-boost|p1a: Dragapult|atk|1
|-boost|p1a: Dragapult|spe|1
|move|p2a: Clefable|Stealth Rock|p1a: Dragapult
|-sidestart|p1: balerion1|move: Stealth Rock
|
|-fieldend|move: Grassy Terrain
|upkeep
|turn|18
|
|t:|1660241411
|move|p1a: Dragapult|Phantom Force||[still]
|-prepare|p1a: Dragapult|Phantom Force
|move|p2a: Clefable|Moonblast|p1a: Dragapult|[miss]
|-miss|p2a: Clefable|p1a: Dragapult
|
|upkeep
|turn|19
|
|t:|1660241413
|move|p1a: Dragapult|Phantom Force|p2a: Clefable|[from]lockedmove
|-damage|p2a: Clefable|6/100
|-damage|p1a: Dragapult|84/100|[from] item: Rocky Helmet|[of] p2a: Clefable
|-damage|p1a: Dragapult|74/100|[from] item: Life Orb
|move|p2a: Clefable|Moonblast|p1a: Dragapult
|-supereffective|p1a: Dragapult
|-damage|p1a: Dragapult|0 fnt
|faint|p1a: Dragapult
|
|upkeep
|j| BDSPLT2Z Ale
|
|t:|1660241417
|switch|p1a: Rillaboom|Rillaboom, M, shiny|100/100
|-damage|p1a: Rillaboom|88/100|[from] Stealth Rock
|-fieldstart|move: Grassy Terrain|[from] ability: Grassy Surge|[of] p1a: Rillaboom
|turn|20
|
|t:|1660241422
|move|p1a: Rillaboom|Swords Dance|p1a: Rillaboom
|-boost|p1a: Rillaboom|atk|2
|move|p2a: Clefable|Thunder Wave|p1a: Rillaboom
|-status|p1a: Rillaboom|par
|
|-heal|p2a: Clefable|12/100|[from] Grassy Terrain
|-heal|p1a: Rillaboom|94/100 par|[from] Grassy Terrain
|upkeep
|turn|21
|
|t:|1660241425
|move|p2a: Clefable|Moonblast|p1a: Rillaboom
|-damage|p1a: Rillaboom|52/100 par
|move|p1a: Rillaboom|Swords Dance|p1a: Rillaboom
|-boost|p1a: Rillaboom|atk|2
|
|-heal|p2a: Clefable|18/100|[from] Grassy Terrain
|-heal|p1a: Rillaboom|58/100 par|[from] Grassy Terrain
|upkeep
|turn|22
|
|t:|1660241429
|move|p1a: Rillaboom|Grassy Glide|p2a: Clefable
|-damage|p2a: Clefable|0 fnt
|-damage|p1a: Rillaboom|42/100 par|[from] item: Rocky Helmet|[of] p2a: Clefable
|faint|p2a: Clefable
|-damage|p1a: Rillaboom|32/100 par|[from] item: Life Orb
|
|-heal|p1a: Rillaboom|38/100 par|[from] Grassy Terrain
|upkeep
|
|t:|1660241431
|switch|p2a: Heatran|Heatran, M|76/100
|-damage|p2a: Heatran|63/100|[from] Stealth Rock
|turn|23
|
|t:|1660241437
|move|p2a: Heatran|Earth Power|p1a: Rillaboom
|-resisted|p1a: Rillaboom
|-damage|p1a: Rillaboom|21/100 par
|move|p1a: Rillaboom|Knock Off|p2a: Heatran
|-damage|p2a: Heatran|0 fnt
|-enditem|p2a: Heatran|Leftovers|[from] move: Knock Off|[of] p1a: Rillaboom
|faint|p2a: Heatran
|-damage|p1a: Rillaboom|11/100 par|[from] item: Life Orb
|
|-heal|p1a: Rillaboom|17/100 par|[from] Grassy Terrain
|upkeep
|-message|balerion1 forfeited.
|
|win|LT92PF El Mainer
|raw|balerion1's rating: 1857 &rarr; <strong>1847</strong><br />(-10 for losing)
|raw|LT92PF El Mainer's rating: 2054 &rarr; <strong>2064</strong><br />(+10 for winning)
|l|‽balerion1
|l| rheysali
|l| Plasmeek
|j| ciro napoli
|j| LegendaryC26
|l| LT92PF Futility
|l| LT92PF gxkh
|l| LegendaryC26
||Ladder isn't responding, score probably updated but might not have (Request timeout).
