|j|☆Try-pink
|j|☆roboPoke
|t:|1645105924
|gametype|singles
|player|p1|Try-pink|veteran|1570
|player|p2|roboPoke|169|1670
|teamsize|p1|6
|teamsize|p2|6
|gen|8
|tier|[Gen 8] OU
|rated|
|rule|Sleep Clause Mod: Limit one foe put to sleep
|rule|Species Clause: Limit one of each Pokémon
|rule|OHKO Clause: OHKO moves are banned
|rule|Evasion Moves Clause: Evasion moves are banned
|rule|Endless Battle Clause: Forcing endless battles is banned
|rule|HP Percentage Mod: HP is shown in percentages
|rule|Dynamax Clause: You cannot dynamax
|clearpoke
|poke|p1|Buzzwole|
|poke|p1|Garchomp, F|
|poke|p1|Slowking-Galar, F|
|poke|p1|Tyranitar, M|
|poke|p1|Rillaboom, F|
|poke|p1|Latios, M|
|poke|p2|Blacephalon|
|poke|p2|Melmetal|
|poke|p2|Garchomp, M|
|poke|p2|Tornadus, M|
|poke|p2|Weavile, M|
|poke|p2|Victini|
|teampreview
|
|t:|1645105944
|start
|switch|p1a: Latios|Latios, M|100/100
|switch|p2a: Weavile|Weavile, M|100/100
|-ability|p2a: Weavile|Pressure
|turn|1
|
|t:|1645105954
|switch|p1a: Buzzwole|Buzzwole|100/100
|move|p2a: Weavile|Swords Dance|p2a: Weavile
|-boost|p2a: Weavile|atk|2
|
|upkeep
|turn|2
|
|t:|1645105964
|switch|p2a: Garchomp|Garchomp, M|100/100
|move|p1a: Buzzwole|Toxic|p2a: Garchomp
|-status|p2a: Garchomp|tox
|
|-damage|p2a: Garchomp|94/100 tox|[from] psn
|upkeep
|turn|3
|inactive|Battle timer is ON: inactive players will automatically lose when time's up. (requested by roboPoke)
|j| Fitzcarraldo
|
|t:|1645105977
|move|p2a: Garchomp|Toxic|p1a: Buzzwole
|-status|p1a: Buzzwole|tox
|move|p1a: Buzzwole|Ice Punch|p2a: Garchomp
|-supereffective|p2a: Garchomp
|-damage|p2a: Garchomp|18/100 tox
|-damage|p1a: Buzzwole|88/100 tox|[from] ability: Rough Skin|[of] p2a: Garchomp
|-damage|p1a: Buzzwole|72/100 tox|[from] item: Rocky Helmet|[of] p2a: Garchomp
|
|-damage|p2a: Garchomp|6/100 tox|[from] psn
|-damage|p1a: Buzzwole|65/100 tox|[from] psn
|upkeep
|turn|4
|
|t:|1645105988
|switch|p2a: Weavile|Weavile, M|100/100
|-ability|p2a: Weavile|Pressure
|switch|p1a: Tyranitar|Tyranitar, M|100/100
|-weather|Sandstorm|[from] ability: Sand Stream|[of] p1a: Tyranitar
|
|-weather|Sandstorm|[upkeep]
|-damage|p2a: Weavile|94/100|[from] Sandstorm
|upkeep
|turn|5
|
|t:|1645105999
|switch|p1a: Buzzwole|Buzzwole|65/100 tox
|move|p2a: Weavile|Triple Axel|p1a: Buzzwole
|-damage|p1a: Buzzwole|58/100 tox
|-damage|p2a: Weavile|78/100|[from] item: Rocky Helmet|[of] p1a: Buzzwole
|-damage|p1a: Buzzwole|45/100 tox
|-damage|p2a: Weavile|62/100|[from] item: Rocky Helmet|[of] p1a: Buzzwole
|-crit|p1a: Buzzwole
|-damage|p1a: Buzzwole|12/100 tox
|-damage|p2a: Weavile|45/100|[from] item: Rocky Helmet|[of] p1a: Buzzwole
|-hitcount|p1a: Buzzwole|3
|-damage|p2a: Weavile|35/100|[from] item: Life Orb
|
|-weather|Sandstorm|[upkeep]
|-damage|p2a: Weavile|29/100|[from] Sandstorm
|-damage|p1a: Buzzwole|6/100 tox|[from] Sandstorm
|-damage|p1a: Buzzwole|0 fnt|[from] psn
|faint|p1a: Buzzwole
|upkeep
|j| Vertex
|
|t:|1645106017
|switch|p1a: Rillaboom|Rillaboom, F|100/100
|-fieldstart|move: Grassy Terrain|[from] ability: Grassy Surge|[of] p1a: Rillaboom
|turn|6
|
|t:|1645106027
|switch|p2a: Victini|Victini|100/100
|move|p1a: Rillaboom|Grassy Glide|p2a: Victini
|-resisted|p2a: Victini
|-damage|p2a: Victini|76/100
|
|-weather|Sandstorm|[upkeep]
|-damage|p2a: Victini|70/100|[from] Sandstorm
|-damage|p1a: Rillaboom|94/100|[from] Sandstorm
|-heal|p2a: Victini|76/100|[from] Grassy Terrain
|-heal|p1a: Rillaboom|100/100|[from] Grassy Terrain
|upkeep
|turn|7
|
|t:|1645106041
|switch|p1a: Tyranitar|Tyranitar, M|100/100
|move|p2a: Victini|U-turn|p1a: Tyranitar
|-supereffective|p1a: Tyranitar
|-damage|p1a: Tyranitar|67/100
|
|t:|1645106044
|switch|p2a: Garchomp|Garchomp, M|6/100 tox|[from]move: U-turn
|
|-weather|Sandstorm|[upkeep]
|-heal|p2a: Garchomp|12/100 tox|[from] Grassy Terrain
|-heal|p1a: Tyranitar|73/100|[from] Grassy Terrain
|-damage|p2a: Garchomp|6/100 tox|[from] psn
|upkeep
|turn|8
|j| SPITFIRE ARCANINE
|
|t:|1645106053
|move|p2a: Garchomp|Stealth Rock|p1a: Tyranitar
|-sidestart|p1: Try-pink|move: Stealth Rock
|move|p1a: Tyranitar|Stealth Rock|p2a: Garchomp
|-sidestart|p2: roboPoke|move: Stealth Rock
|
|-weather|none
|-heal|p2a: Garchomp|12/100 tox|[from] Grassy Terrain
|-heal|p1a: Tyranitar|79/100|[from] Grassy Terrain
|-damage|p2a: Garchomp|0 fnt|[from] psn
|faint|p2a: Garchomp
|upkeep
|
|t:|1645106058
|switch|p2a: Tornadus|Tornadus, M|100/100
|-damage|p2a: Tornadus|76/100|[from] Stealth Rock
|turn|9
|
|t:|1645106065
|move|p2a: Tornadus|Superpower|p1a: Tyranitar
|-supereffective|p1a: Tyranitar
|-damage|p1a: Tyranitar|0 fnt
|-unboost|p2a: Tornadus|atk|1
|-unboost|p2a: Tornadus|def|1
|faint|p1a: Tyranitar
|-damage|p2a: Tornadus|66/100|[from] item: Life Orb
|
|upkeep
|
|t:|1645106075
|switch|p1a: Garchomp|Garchomp, F|100/100
|-damage|p1a: Garchomp|94/100|[from] Stealth Rock
|turn|10
|
|t:|1645106081
|switch|p2a: Melmetal|Melmetal|100/100
|-damage|p2a: Melmetal|94/100|[from] Stealth Rock
|move|p1a: Garchomp|Dragon Claw|p2a: Melmetal
|-resisted|p2a: Melmetal
|-damage|p2a: Melmetal|82/100
|
|-heal|p1a: Garchomp|100/100|[from] Grassy Terrain
|-heal|p2a: Melmetal|88/100|[from] Grassy Terrain
|-fieldend|move: Grassy Terrain
|upkeep
|turn|11
|
|t:|1645106094
|switch|p1a: Rillaboom|Rillaboom, F|100/100
|-damage|p1a: Rillaboom|88/100|[from] Stealth Rock
|-fieldstart|move: Grassy Terrain|[from] ability: Grassy Surge|[of] p1a: Rillaboom
|move|p2a: Melmetal|Double Iron Bash|p1a: Rillaboom
|-damage|p1a: Rillaboom|35/100
|-damage|p1a: Rillaboom|0 fnt
|faint|p1a: Rillaboom
|-hitcount|p1: Rillaboom|2
|
|-heal|p2a: Melmetal|94/100|[from] Grassy Terrain
|upkeep
|
|t:|1645106118
|switch|p1a: Latios|Latios, M|100/100
|-damage|p1a: Latios|88/100|[from] Stealth Rock
|turn|12
|j| Piyush21
|
|t:|1645106137
|switch|p2a: Victini|Victini|76/100
|move|p1a: Latios|Aura Sphere|p2a: Victini
|-resisted|p2a: Victini
|-damage|p2a: Victini|62/100
|
|-heal|p2a: Victini|68/100|[from] Grassy Terrain
|upkeep
|turn|13
|
|t:|1645106145
|move|p1a: Latios|Ice Beam|p2a: Victini
|-resisted|p2a: Victini
|-damage|p2a: Victini|54/100
|move|p2a: Victini|U-turn|p1a: Latios
|-supereffective|p1a: Latios
|-damage|p1a: Latios|37/100
|
|t:|1645106172
|switch|p2a: Weavile|Weavile, M|29/100|[from]move: U-turn
|-damage|p2a: Weavile|4/100|[from] Stealth Rock
|-ability|p2a: Weavile|Pressure
|
|-heal|p2a: Weavile|10/100|[from] Grassy Terrain
|upkeep
|turn|14
|
|t:|1645106180
|move|p2a: Weavile|Ice Shard|p1a: Latios
|-supereffective|p1a: Latios
|-damage|p1a: Latios|0 fnt
|faint|p1a: Latios
|-damage|p2a: Weavile|0 fnt|[from] item: Life Orb
|faint|p2a: Weavile
|
|upkeep
|
|t:|1645106192
|switch|p2a: Melmetal|Melmetal|94/100
|switch|p1a: Garchomp|Garchomp, F|100/100
|-damage|p1a: Garchomp|94/100|[from] Stealth Rock
|-damage|p2a: Melmetal|88/100|[from] Stealth Rock
|turn|15
|
|t:|1645106198
|move|p1a: Garchomp|Earthquake|p2a: Melmetal
|-supereffective|p2a: Melmetal
|-damage|p2a: Melmetal|55/100
|move|p2a: Melmetal|Double Iron Bash|p1a: Garchomp
|-damage|p1a: Garchomp|28/100
|-damage|p2a: Melmetal|43/100|[from] ability: Rough Skin|[of] p1a: Garchomp
|-damage|p1a: Garchomp|0 fnt
|-damage|p2a: Melmetal|30/100|[from] ability: Rough Skin|[of] p1a: Garchomp
|faint|p1a: Garchomp
|-hitcount|p1: Garchomp|2
|
|-heal|p2a: Melmetal|37/100|[from] Grassy Terrain
|-fieldend|move: Grassy Terrain
|upkeep
|-message|Try-pink forfeited.
|
|win|roboPoke
|raw|Try-pink's rating: 1570 &rarr; <strong>1556</strong><br />(-14 for losing)
|raw|roboPoke's rating: 1670 &rarr; <strong>1684</strong><br />(+14 for winning)
|l|☆Try-pink
|l|☆roboPoke
|l| Piyush21
||Ladder isn't responding, score probably updated but might not have (Request timeout).
