|html|<div class="broadcast-blue"><strong>[Gen 8] OU is currently suspecting Melmetal! For information on how to participate check out the <a href="https://www.smogon.com/forums/threads/np-ss-ou-suspect-process-round-12-monster-mash.3709234/">suspect thread</a>.</strong></div>
|j|☆Darkman64
|j|☆pickin up pieces
|t:|1665896847
|gametype|singles
|player|p1|Darkman64|juan|1714
|player|p2|pickin up pieces|2|1740
|teamsize|p1|6
|teamsize|p2|6
|gen|8
|tier|[Gen 8] OU
|rated|
|rule|Sleep Clause Mod: Limit one foe put to sleep
|rule|Species Clause: Limit one of each Pokémon
|rule|OHKO Clause: OHKO moves are banned
|rule|Evasion Items Clause: Evasion items are banned
|rule|Evasion Moves Clause: Evasion moves are banned
|rule|Endless Battle Clause: Forcing endless battles is banned
|rule|HP Percentage Mod: HP is shown in percentages
|rule|Dynamax Clause: You cannot dynamax
|clearpoke
|poke|p1|Weavile, M|
|poke|p1|Slowbro, M|
|poke|p1|Landorus-Therian, M|
|poke|p1|Urshifu-*, M|
|poke|p1|Ferrothorn, M|
|poke|p1|Clefable, M|
|poke|p2|Melmetal|
|poke|p2|Dragapult, F|
|poke|p2|Garchomp, F|
|poke|p2|Zapdos|
|poke|p2|Ferrothorn, M|
|poke|p2|Clefable, F|
|teampreview
|inactive|Battle timer is ON: inactive players will automatically lose when time's up. (requested by Darkman64)
|j| IM AT MY LIMIT
|j| Outhippowdon
|j| Spookypatata
|c| Spookypatata|bro
|inactive|pickin up pieces has 120 seconds left.
|c|☆Darkman64|a?
|
|t:|1665896907
|start
|switch|p1a: Weavile|Weavile, M|100/100
|switch|p2a: Zapdos|Zapdos|100/100
|-ability|p1a: Weavile|Pressure
|turn|1
|
|t:|1665896918
|move|p1a: Weavile|Triple Axel|p2a: Zapdos
|-supereffective|p2a: Zapdos
|-damage|p2a: Zapdos|64/100
|-supereffective|p2a: Zapdos
|-damage|p2a: Zapdos|0 fnt
|faint|p2a: Zapdos
|-hitcount|p2: Zapdos|2
|
|upkeep
|j| FlynnKingsley
|j| sfghfdfahag
|c| Spookypatata|lead game on point kev
|c| Spookypatata|jg
|c| Spookypatata|gj
|c|☆Darkman64|k
|inactive|pickin up pieces has 120 seconds left.
|c|☆Darkman64|que es lead game
|j| KangkongNation2
|
|t:|1665896964
|switch|p2a: Ferrothorn|Ferrothorn, M|100/100
|turn|2
|
|t:|1665896967
|switch|p1a: Slowbro|Slowbro, M|100/100
|move|p2a: Ferrothorn|Stealth Rock|p1a: Slowbro
|-sidestart|p1: Darkman64|move: Stealth Rock
|
|upkeep
|turn|3
|j| fork gaming
|l| KangkongNation2
|
|t:|1665896980
|move|p2a: Ferrothorn|Stealth Rock||[still]
|-fail|p2a: Ferrothorn
|move|p1a: Slowbro|Teleport|p1a: Slowbro
|
|t:|1665896983
|switch|p1a: Urshifu|Urshifu-Rapid-Strike, M|100/100|[from]move: Teleport
|-damage|p1a: Urshifu|94/100|[from] Stealth Rock
|
|upkeep
|turn|4
|l| FlynnKingsley
|inactive|pickin up pieces has 120 seconds left.
|
|t:|1665896991
|switch|p2a: Dragapult|Dragapult, F|100/100
|move|p1a: Urshifu|Surging Strikes|p2a: Dragapult
|-resisted|p2a: Dragapult
|-crit|p2a: Dragapult
|-damage|p2a: Dragapult|81/100
|-resisted|p2a: Dragapult
|-crit|p2a: Dragapult
|-damage|p2a: Dragapult|60/100
|-resisted|p2a: Dragapult
|-crit|p2a: Dragapult
|-damage|p2a: Dragapult|39/100
|-hitcount|p2a: Dragapult|3
|
|upkeep
|turn|5
|
|t:|1665896996
|switch|p1a: Ferrothorn|Ferrothorn, M|100/100
|-damage|p1a: Ferrothorn|94/100|[from] Stealth Rock
|move|p2a: Dragapult|U-turn|p1a: Ferrothorn
|-damage|p1a: Ferrothorn|85/100
|-damage|p2a: Dragapult|27/100|[from] ability: Iron Barbs|[of] p1a: Ferrothorn
|
|t:|1665897003
|switch|p2a: Garchomp|Garchomp, F|100/100|[from]move: U-turn
|
|-heal|p1a: Ferrothorn|91/100|[from] item: Leftovers
|upkeep
|turn|6
|
|t:|1665897005
|move|p2a: Garchomp|Substitute|p2a: Garchomp
|-start|p2a: Garchomp|Substitute
|-damage|p2a: Garchomp|76/100
|move|p1a: Ferrothorn|Leech Seed||[still]
|-fail|p1a: Ferrothorn
|
|-heal|p1a: Ferrothorn|98/100|[from] item: Leftovers
|upkeep
|turn|7
|
|t:|1665897008
|switch|p1a: Slowbro|Slowbro, M|100/100
|move|p2a: Garchomp|Swords Dance|p2a: Garchomp
|-boost|p2a: Garchomp|atk|2
|
|upkeep
|turn|8
|
|t:|1665897010
|move|p2a: Garchomp|Earthquake|p1a: Slowbro
|-damage|p1a: Slowbro|16/100
|-damage|p2a: Garchomp|66/100|[from] item: Life Orb
|move|p1a: Slowbro|Scald|p2a: Garchomp
|-end|p2a: Garchomp|Substitute
|
|upkeep
|turn|9
|
|t:|1665897014
|switch|p1a: Clefable|Clefable, M|100/100
|-damage|p1a: Clefable|88/100|[from] Stealth Rock
|move|p2a: Garchomp|Scale Shot|p1a: Clefable
|-immune|p1a: Clefable
|
|-heal|p1a: Clefable|94/100|[from] item: Leftovers
|upkeep
|turn|10
|j| njhjj
|
|t:|1665897017
|move|p2a: Garchomp|Earthquake|p1a: Clefable
|-damage|p1a: Clefable|44/100
|-damage|p2a: Garchomp|56/100|[from] item: Life Orb
|move|p1a: Clefable|Moonblast|p2a: Garchomp
|-supereffective|p2a: Garchomp
|-crit|p2a: Garchomp
|-damage|p2a: Garchomp|0 fnt
|faint|p2a: Garchomp
|
|-heal|p1a: Clefable|50/100|[from] item: Leftovers
|upkeep
|
|t:|1665897026
|switch|p2a: Melmetal|Melmetal|100/100
|turn|11
|
|t:|1665897030
|move|p1a: Clefable|Protect|p1a: Clefable
|-singleturn|p1a: Clefable|Protect
|move|p2a: Melmetal|Substitute|p2a: Melmetal
|-start|p2a: Melmetal|Substitute
|-damage|p2a: Melmetal|76/100
|
|-heal|p1a: Clefable|56/100|[from] item: Leftovers
|-heal|p2a: Melmetal|82/100|[from] item: Leftovers
|upkeep
|turn|12
|
|t:|1665897033
|switch|p1a: Ferrothorn|Ferrothorn, M|98/100
|-damage|p1a: Ferrothorn|91/100|[from] Stealth Rock
|move|p2a: Melmetal|Earthquake|p1a: Ferrothorn
|-damage|p1a: Ferrothorn|69/100
|
|-heal|p2a: Melmetal|88/100|[from] item: Leftovers
|-heal|p1a: Ferrothorn|75/100|[from] item: Leftovers
|upkeep
|turn|13
|
|t:|1665897036
|move|p2a: Melmetal|Earthquake|p1a: Ferrothorn
|-crit|p1a: Ferrothorn
|-damage|p1a: Ferrothorn|38/100
|move|p1a: Ferrothorn|Spikes|p2a: Melmetal
|-sidestart|p2: pickin up pieces|Spikes
|
|-heal|p2a: Melmetal|94/100|[from] item: Leftovers
|-heal|p1a: Ferrothorn|45/100|[from] item: Leftovers
|upkeep
|turn|14
|
|t:|1665897040
|switch|p1a: Landorus|Landorus-Therian, M|100/100
|-damage|p1a: Landorus|88/100|[from] Stealth Rock
|-ability|p1a: Landorus|Intimidate|boost
|-immune|p2a: Melmetal
|move|p2a: Melmetal|Double Iron Bash|p1a: Landorus
|-damage|p1a: Landorus|45/100
|-damage|p1a: Landorus|4/100
|-hitcount|p1a: Landorus|2
|
|-heal|p1a: Landorus|10/100|[from] item: Leftovers
|-heal|p2a: Melmetal|99/100|[from] item: Leftovers
|upkeep
|turn|15
|
|t:|1665897043
|move|p1a: Landorus|Earthquake|p2a: Melmetal
|-supereffective|p2a: Melmetal
|-end|p2a: Melmetal|Substitute
|move|p2a: Melmetal|Double Iron Bash|p1a: Landorus
|-damage|p1a: Landorus|0 fnt
|faint|p1a: Landorus
|-hitcount|p1: Landorus|1
|
|-heal|p2a: Melmetal|100/100|[from] item: Leftovers
|upkeep
|
|t:|1665897045
|switch|p1a: Urshifu|Urshifu-Rapid-Strike, M|94/100
|-damage|p1a: Urshifu|88/100|[from] Stealth Rock
|turn|16
|
|t:|1665897050
|switch|p2a: Ferrothorn|Ferrothorn, M|100/100
|-damage|p2a: Ferrothorn|88/100|[from] Spikes
|move|p1a: Urshifu|Close Combat|p2a: Ferrothorn
|-supereffective|p2a: Ferrothorn
|-damage|p2a: Ferrothorn|0 fnt
|-unboost|p1a: Urshifu|def|1
|-unboost|p1a: Urshifu|spd|1
|-damage|p1a: Urshifu|76/100|[from] ability: Iron Barbs|[of] p2a: Ferrothorn
|faint|p2a: Ferrothorn
|
|upkeep
|
|t:|1665897052
|switch|p2a: Dragapult|Dragapult, F|27/100
|-damage|p2a: Dragapult|14/100|[from] Spikes
|turn|17
|
|t:|1665897058
|switch|p1a: Slowbro|Slowbro, M|50/100
|move|p2a: Dragapult|Shadow Ball|p1a: Slowbro
|-supereffective|p1a: Slowbro
|-damage|p1a: Slowbro|0 fnt
|faint|p1a: Slowbro
|
|upkeep
|l| IM AT MY LIMIT
|
|t:|1665897067
|switch|p1a: Weavile|Weavile, M|100/100
|-damage|p1a: Weavile|76/100|[from] Stealth Rock
|-ability|p1a: Weavile|Pressure
|turn|18
|
|t:|1665897072
|move|p1a: Weavile|Ice Shard|p2a: Dragapult
|-supereffective|p2a: Dragapult
|-damage|p2a: Dragapult|0 fnt
|faint|p2a: Dragapult
|
|upkeep
|
|t:|1665897074
|switch|p2a: Melmetal|Melmetal|100/100
|-damage|p2a: Melmetal|88/100|[from] Spikes
|turn|19
|
|t:|1665897080
|switch|p1a: Ferrothorn|Ferrothorn, M|45/100
|-damage|p1a: Ferrothorn|38/100|[from] Stealth Rock
|move|p2a: Melmetal|Earthquake|p1a: Ferrothorn
|-damage|p1a: Ferrothorn|16/100
|
|-heal|p2a: Melmetal|94/100|[from] item: Leftovers
|-heal|p1a: Ferrothorn|22/100|[from] item: Leftovers
|upkeep
|turn|20
|
|t:|1665897082
|move|p2a: Melmetal|Earthquake|p1a: Ferrothorn
|-damage|p1a: Ferrothorn|0 fnt
|faint|p1a: Ferrothorn
|
|-heal|p2a: Melmetal|99/100|[from] item: Leftovers
|upkeep
|
|t:|1665897086
|switch|p1a: Urshifu|Urshifu-Rapid-Strike, M|76/100
|-damage|p1a: Urshifu|70/100|[from] Stealth Rock
|turn|21
|
|t:|1665897095
|move|p1a: Urshifu|Close Combat|p2a: Melmetal
|-supereffective|p2a: Melmetal
|-damage|p2a: Melmetal|0 fnt
|-unboost|p1a: Urshifu|def|1
|-unboost|p1a: Urshifu|spd|1
|faint|p2a: Melmetal
|
|upkeep
|
|t:|1665897097
|switch|p2a: Clefable|Clefable, F|100/100
|turn|22
|
|t:|1665897100
|switch|p1a: Clefable|Clefable, M|56/100
|-damage|p1a: Clefable|43/100|[from] Stealth Rock
|move|p2a: Clefable|Moonblast|p1a: Clefable
|-damage|p1a: Clefable|7/100
|-unboost|p1a: Clefable|spa|1
|
|-heal|p1a: Clefable|13/100|[from] item: Leftovers
|upkeep
|turn|23
|
|t:|1665897102
|move|p2a: Clefable|Moonblast|p1a: Clefable
|-damage|p1a: Clefable|0 fnt
|faint|p1a: Clefable
|
|upkeep
|
|t:|1665897108
|switch|p1a: Urshifu|Urshifu-Rapid-Strike, M|70/100
|-damage|p1a: Urshifu|64/100|[from] Stealth Rock
|turn|24
|
|t:|1665897111
|move|p1a: Urshifu|Surging Strikes|p2a: Clefable
|-crit|p2a: Clefable
|-damage|p2a: Clefable|70/100
|-crit|p2a: Clefable
|-damage|p2a: Clefable|41/100
|-crit|p2a: Clefable
|-damage|p2a: Clefable|12/100
|-hitcount|p2a: Clefable|3
|move|p2a: Clefable|Moonblast|p1a: Urshifu
|-supereffective|p1a: Urshifu
|-damage|p1a: Urshifu|0 fnt
|faint|p1a: Urshifu
|
|upkeep
|c|☆Darkman64|gg
|
|t:|1665897114
|switch|p1a: Weavile|Weavile, M|76/100
|-damage|p1a: Weavile|51/100|[from] Stealth Rock
|-ability|p1a: Weavile|Pressure
|turn|25
|
|t:|1665897118
|move|p1a: Weavile|Ice Shard|p2a: Clefable
|-damage|p2a: Clefable|0 fnt
|faint|p2a: Clefable
|
|win|Darkman64
|raw|Darkman64's rating: 1714 &rarr; <strong>1735</strong><br />(+21 for winning)
|raw|pickin up pieces's rating: 1740 &rarr; <strong>1719</strong><br />(-21 for losing)
