|j|☆sandshrew 2022
|j|☆jushu114514
|t:|1668020448
|gametype|singles
|player|p1|sandshrew 2022|schoolkid-gen4|1612
|player|p2|jushu114514|170|1674
|teamsize|p1|6
|teamsize|p2|6
|gen|8
|tier|[Gen 8] OU
|rated|
|rule|Sleep Clause Mod: Limit one foe put to sleep
|rule|Species Clause: Limit one of each Pokémon
|rule|OHKO Clause: OHKO moves are banned
|rule|Evasion Items Clause: Evasion items are banned
|rule|Evasion Moves Clause: Evasion moves are banned
|rule|Endless Battle Clause: Forcing endless battles is banned
|rule|HP Percentage Mod: HP is shown in percentages
|rule|Dynamax Clause: You cannot dynamax
|clearpoke
|poke|p1|Hippowdon, F|
|poke|p1|Skarmory, F|
|poke|p1|Toxapex, M|
|poke|p1|Hydreigon, M|
|poke|p1|Clefable, F|
|poke|p1|Tapu Koko|
|poke|p2|Dragapult, M|
|poke|p2|Weavile, M|
|poke|p2|Landorus-Therian, M|
|poke|p2|Melmetal|
|poke|p2|Crawdaunt, M|
|poke|p2|Kartana|
|teampreview
|inactive|Battle timer is ON: inactive players will automatically lose when time's up. (requested by jushu114514)
|c|☆sandshrew 2022|hf
|
|t:|1668020453
|start
|switch|p1a: Toxapex|Toxapex, M, shiny|100/100
|switch|p2a: Enten|Landorus-Therian, M, shiny|100/100
|-ability|p2a: Enten|Intimidate|boost
|-unboost|p1a: Toxapex|atk|1
|turn|1
|
|t:|1668020456
|move|p2a: Enten|Earthquake|p1a: Toxapex
|-supereffective|p1a: Toxapex
|-damage|p1a: Toxapex|20/100
|move|p1a: Toxapex|Knock Off|p2a: Enten
|-damage|p2a: Enten|92/100
|-enditem|p2a: Enten|Leftovers|[from] move: Knock Off|[of] p1a: Toxapex
|
|upkeep
|turn|2
|
|t:|1668020459
|switch|p1a: Skarmory|Skarmory, F|100/100
|move|p2a: Enten|Stealth Rock|p1a: Skarmory
|-sidestart|p1: sandshrew 2022|move: Stealth Rock
|
|upkeep
|turn|3
|
|t:|1668020461
|move|p1a: Skarmory|Spikes|p2a: Enten
|-sidestart|p2: jushu114514|Spikes
|move|p2a: Enten|U-turn|p1a: Skarmory
|-resisted|p1a: Skarmory
|-damage|p1a: Skarmory|98/100
|-damage|p2a: Enten|75/100|[from] item: Rocky Helmet|[of] p1a: Skarmory
|
|t:|1668020464
|switch|p2a: Leviathan|Dragapult, M, shiny|100/100|[from]move: U-turn
|-damage|p2a: Leviathan|88/100|[from] Spikes
|
|upkeep
|turn|4
|
|t:|1668020468
|switch|p1a: Toxapex|Toxapex, M, shiny|53/100
|-damage|p1a: Toxapex|40/100|[from] Stealth Rock
|move|p2a: Leviathan|Shadow Ball|p1a: Toxapex
|-damage|p1a: Toxapex|5/100
|
|upkeep
|turn|5
|
|t:|1668020471
|switch|p1a: Clefable|Clefable, F|100/100
|move|p2a: Leviathan|Shadow Ball|p1a: Clefable
|-damage|p1a: Clefable|53/100
|
|upkeep
|turn|6
|
|t:|1668020496
|move|p2a: Leviathan|Shadow Ball|p1a: Clefable
|-damage|p1a: Clefable|7/100
|move|p1a: Clefable|Soft-Boiled|p1a: Clefable
|-heal|p1a: Clefable|57/100
|
|upkeep
|turn|7
|
|t:|1668020499
|switch|p2a: Fate|Melmetal, shiny|100/100
|-damage|p2a: Fate|88/100|[from] Spikes
|move|p1a: Clefable|Soft-Boiled|p1a: Clefable
|-heal|p1a: Clefable|100/100
|
|upkeep
|turn|8
|
|t:|1668020503
|switch|p1a: Skarmory|Skarmory, F|98/100
|-damage|p1a: Skarmory|85/100|[from] Stealth Rock
|move|p2a: Fate|Thunder Punch|p1a: Skarmory
|-supereffective|p1a: Skarmory
|-damage|p1a: Skarmory|22/100
|-damage|p2a: Fate|71/100|[from] item: Rocky Helmet|[of] p1a: Skarmory
|
|upkeep
|turn|9
|
|t:|1668020507
|switch|p2a: Leviathan|Dragapult, M, shiny|88/100
|-damage|p2a: Leviathan|76/100|[from] Spikes
|move|p1a: Skarmory|Spikes|p2a: Leviathan
|-sidestart|p2: jushu114514|Spikes
|
|upkeep
|turn|10
|
|t:|1668020511
|switch|p1a: Clefable|Clefable, F|100/100
|move|p2a: Leviathan|Shadow Ball|p1a: Clefable
|-damage|p1a: Clefable|53/100
|
|upkeep
|turn|11
|
|t:|1668020514
|move|p2a: Leviathan|Shadow Ball|p1a: Clefable
|-damage|p1a: Clefable|5/100
|-unboost|p1a: Clefable|spd|1
|move|p1a: Clefable|Soft-Boiled|p1a: Clefable
|-heal|p1a: Clefable|55/100
|
|upkeep
|turn|12
|
|t:|1668020521
|switch|p1a: Hippowdon|Hippowdon, F|100/100
|-damage|p1a: Hippowdon|94/100|[from] Stealth Rock
|-weather|Sandstorm|[from] ability: Sand Stream|[of] p1a: Hippowdon
|move|p2a: Leviathan|Shadow Ball|p1a: Hippowdon
|-damage|p1a: Hippowdon|52/100
|
|-weather|Sandstorm|[upkeep]
|-damage|p2a: Leviathan|70/100|[from] Sandstorm
|-heal|p1a: Hippowdon|58/100|[from] item: Leftovers
|upkeep
|turn|13
|
|t:|1668020532
|move|p2a: Leviathan|Shadow Ball|p1a: Hippowdon
|-damage|p1a: Hippowdon|18/100
|move|p1a: Hippowdon|Stealth Rock|p2a: Leviathan
|-sidestart|p2: jushu114514|move: Stealth Rock
|
|-weather|Sandstorm|[upkeep]
|-damage|p2a: Leviathan|64/100|[from] Sandstorm
|-heal|p1a: Hippowdon|24/100|[from] item: Leftovers
|upkeep
|turn|14
|
|t:|1668020536
|switch|p1a: Hydreigon|Hydreigon, M, shiny|100/100
|-damage|p1a: Hydreigon|88/100|[from] Stealth Rock
|move|p2a: Leviathan|Shadow Ball|p1a: Hydreigon
|-resisted|p1a: Hydreigon
|-damage|p1a: Hydreigon|58/100
|
|-weather|Sandstorm|[upkeep]
|-damage|p2a: Leviathan|58/100|[from] Sandstorm
|-damage|p1a: Hydreigon|52/100|[from] Sandstorm
|upkeep
|turn|15
|
|t:|1668020545
|switch|p2a: Enten|Landorus-Therian, M, shiny|75/100
|-damage|p2a: Enten|63/100|[from] Stealth Rock
|-ability|p2a: Enten|Intimidate|boost
|-unboost|p1a: Hydreigon|atk|1
|move|p1a: Hydreigon|Dark Pulse|p2a: Enten
|-damage|p2a: Enten|15/100
|
|-weather|Sandstorm|[upkeep]
|-damage|p1a: Hydreigon|45/100|[from] Sandstorm
|upkeep
|turn|16
|
|t:|1668020547
|move|p1a: Hydreigon|Dark Pulse|p2a: Enten
|-damage|p2a: Enten|0 fnt
|faint|p2a: Enten
|
|-weather|none
|upkeep
|
|t:|1668020553
|switch|p2a: Bandit|Weavile, M, shiny|100/100
|-damage|p2a: Bandit|84/100|[from] Spikes
|-damage|p2a: Bandit|59/100|[from] Stealth Rock
|-ability|p2a: Bandit|Pressure
|turn|17
|
|t:|1668020562
|switch|p1a: Hippowdon|Hippowdon, F|24/100
|-damage|p1a: Hippowdon|18/100|[from] Stealth Rock
|-weather|Sandstorm|[from] ability: Sand Stream|[of] p1a: Hippowdon
|move|p2a: Bandit|Triple Axel|p1a: Hippowdon
|-supereffective|p1a: Hippowdon
|-damage|p1a: Hippowdon|0 fnt
|faint|p1a: Hippowdon
|-hitcount|p1: Hippowdon|1
|
|-weather|Sandstorm|[upkeep]
|-damage|p2a: Bandit|53/100|[from] Sandstorm
|upkeep
|
|t:|1668020568
|switch|p1a: Tapu Koko|Tapu Koko, shiny|100/100
|-fieldstart|move: Electric Terrain|[from] ability: Electric Surge|[of] p1a: Tapu Koko
|turn|18
|
|t:|1668020575
|switch|p2a: Fate|Melmetal, shiny|71/100
|-damage|p2a: Fate|55/100|[from] Spikes
|-damage|p2a: Fate|49/100|[from] Stealth Rock
|move|p1a: Tapu Koko|Volt Switch|p2a: Fate
|-damage|p2a: Fate|11/100
|
|t:|1668020585
|switch|p1a: Skarmory|Skarmory, F|22/100|[from]move: Volt Switch
|-damage|p1a: Skarmory|10/100|[from] Stealth Rock
|
|-weather|Sandstorm|[upkeep]
|upkeep
|turn|19
|
|t:|1668020588
|move|p1a: Skarmory|Body Press|p2a: Fate
|-supereffective|p2a: Fate
|-damage|p2a: Fate|0 fnt
|faint|p2a: Fate
|
|-weather|Sandstorm|[upkeep]
|upkeep
|
|t:|1668020596
|switch|p2a: Deathstroke|Kartana, shiny|100/100
|-damage|p2a: Deathstroke|84/100|[from] Spikes
|-damage|p2a: Deathstroke|78/100|[from] Stealth Rock
|turn|20
|
|t:|1668020601
|switch|p1a: Toxapex|Toxapex, M, shiny|39/100
|-damage|p1a: Toxapex|26/100|[from] Stealth Rock
|move|p2a: Deathstroke|Leaf Blade|p1a: Toxapex
|-damage|p1a: Toxapex|0 fnt
|faint|p1a: Toxapex
|-ability|p2a: Deathstroke|Beast Boost|boost
|-boost|p2a: Deathstroke|atk|1
|
|-weather|Sandstorm|[upkeep]
|upkeep
|c|☆sandshrew 2022|gg
|
|t:|1668020618
|switch|p1a: Skarmory|Skarmory, F|10/100
|-damage|p1a: Skarmory|0 fnt|[from] Stealth Rock
|faint|p1a: Skarmory
|
|t:|1668020621
|switch|p1a: Tapu Koko|Tapu Koko, shiny|100/100
|turn|21
|
|t:|1668020625
|move|p2a: Deathstroke|Leaf Blade|p1a: Tapu Koko
|-damage|p1a: Tapu Koko|0 fnt
|faint|p1a: Tapu Koko
|-ability|p2a: Deathstroke|Beast Boost|boost
|-boost|p2a: Deathstroke|atk|1
|
|-weather|none
|upkeep
|-message|sandshrew 2022 forfeited.
|
|win|jushu114514
|raw|sandshrew 2022's rating: 1612 &rarr; <strong>1596</strong><br />(-16 for losing)
|raw|jushu114514's rating: 1674 &rarr; <strong>1690</strong><br />(+16 for winning)
|l|☆sandshrew 2022
