|html|<div class="broadcast-blue"><strong>[Gen 8] OU is currently suspecting Melmetal! For information on how to participate check out the <a href="https://www.smogon.com/forums/threads/np-ss-ou-suspect-process-round-12-monster-mash.3709234/">suspect thread</a>.</strong></div>
|j|☆LemonLobsters
|j|☆ty-tyui↻
|t:|1665936085
|gametype|singles
|player|p1|LemonLobsters|ninjaboy|1707
|player|p2|ty-tyui↻|grace|1709
|teamsize|p1|6
|teamsize|p2|6
|gen|8
|tier|[Gen 8] OU
|rated|
|rule|Sleep Clause Mod: Limit one foe put to sleep
|rule|Species Clause: Limit one of each Pokémon
|rule|OHKO Clause: OHKO moves are banned
|rule|Evasion Items Clause: Evasion items are banned
|rule|Evasion Moves Clause: Evasion moves are banned
|rule|Endless Battle Clause: Forcing endless battles is banned
|rule|HP Percentage Mod: HP is shown in percentages
|rule|Dynamax Clause: You cannot dynamax
|clearpoke
|poke|p1|Heatran, M|
|poke|p1|Excadrill, F|
|poke|p1|Tornadus-Therian, M|
|poke|p1|Toxapex, F|
|poke|p1|Tangrowth, F|
|poke|p1|Tyranitar, M|
|poke|p2|Mienshao, F|
|poke|p2|Ninetales-Alola, F|
|poke|p2|Blacephalon|
|poke|p2|Landorus-Therian, M|
|poke|p2|Corviknight, M|
|poke|p2|Rotom-Wash|
|teampreview
|inactive|Battle timer is ON: inactive players will automatically lose when time's up. (requested by LemonLobsters)
|
|t:|1665936098
|start
|switch|p1a: Tornadus|Tornadus-Therian, M|100/100
|switch|p2a: Rotom|Rotom-Wash|100/100
|turn|1
|
|t:|1665936100
|move|p1a: Tornadus|Focus Blast|p2a: Rotom|[miss]
|-miss|p1a: Tornadus|p2a: Rotom
|move|p2a: Rotom|Thunder Wave|p1a: Tornadus
|-status|p1a: Tornadus|par
|
|upkeep
|turn|2
|
|t:|1665936107
|move|p2a: Rotom|Volt Switch|p1a: Tornadus
|-supereffective|p1a: Tornadus
|-damage|p1a: Tornadus|32/100 par
|
|t:|1665936109
|switch|p2a: Landorus|Landorus-Therian, M|100/100|[from]move: Volt Switch
|-ability|p2a: Landorus|Intimidate|boost
|-unboost|p1a: Tornadus|atk|1
|cant|p1a: Tornadus|par
|
|upkeep
|turn|3
|
|t:|1665936114
|switch|p1a: Tangrowth|Tangrowth, F|100/100
|move|p2a: Landorus|Stealth Rock|p1a: Tangrowth
|-sidestart|p1: LemonLobsters|move: Stealth Rock
|
|upkeep
|turn|4
|
|t:|1665936117
|move|p2a: Landorus|Toxic|p1a: Tangrowth|[miss]
|-miss|p2a: Landorus|p1a: Tangrowth
|move|p1a: Tangrowth|Knock Off|p2a: Landorus
|-damage|p2a: Landorus|83/100
|-enditem|p2a: Landorus|Leftovers|[from] move: Knock Off|[of] p1a: Tangrowth
|
|upkeep
|turn|5
|
|t:|1665936120
|switch|p1a: Tornadus|Tornadus-Therian, M|65/100 par
|-damage|p1a: Tornadus|41/100 par|[from] Stealth Rock
|move|p2a: Landorus|Toxic||[still]
|-fail|p2a: Landorus
|
|upkeep
|turn|6
|
|t:|1665936123
|move|p2a: Landorus|U-turn|p1a: Tornadus
|-resisted|p1a: Tornadus
|-damage|p1a: Tornadus|26/100 par
|
|t:|1665936125
|switch|p2a: Corviknight|Corviknight, M|100/100|[from]move: U-turn
|-ability|p2a: Corviknight|Pressure
|move|p1a: Tornadus|Focus Blast|p2a: Corviknight
|-damage|p2a: Corviknight|52/100
|
|upkeep
|turn|7
|
|t:|1665936128
|switch|p1a: Tangrowth|Tangrowth, F|100/100
|-damage|p1a: Tangrowth|88/100|[from] Stealth Rock
|move|p2a: Corviknight|Roost|p2a: Corviknight
|-heal|p2a: Corviknight|100/100
|-singleturn|p2a: Corviknight|move: Roost
|
|upkeep
|turn|8
|
|t:|1665936133
|move|p2a: Corviknight|Brave Bird|p1a: Tangrowth
|-supereffective|p1a: Tangrowth
|-damage|p1a: Tangrowth|48/100
|-damage|p2a: Corviknight|84/100|[from] item: Rocky Helmet|[of] p1a: Tangrowth
|-damage|p2a: Corviknight|70/100|[from] Recoil
|move|p1a: Tangrowth|Sleep Powder|p2a: Corviknight
|-status|p2a: Corviknight|slp|[from] move: Sleep Powder
|
|upkeep
|turn|9
|
|t:|1665936137
|switch|p2a: Rotom|Rotom-Wash|100/100
|switch|p1a: Tornadus|Tornadus-Therian, M|59/100 par
|-damage|p1a: Tornadus|34/100 par|[from] Stealth Rock
|
|upkeep
|turn|10
|
|t:|1665936139
|switch|p1a: Tangrowth|Tangrowth, F|81/100
|-damage|p1a: Tangrowth|68/100|[from] Stealth Rock
|move|p2a: Rotom|Volt Switch|p1a: Tangrowth
|-resisted|p1a: Tangrowth
|-damage|p1a: Tangrowth|50/100
|
|t:|1665936141
|switch|p2a: Blacephalon|Blacephalon, shiny|100/100|[from]move: Volt Switch
|
|upkeep
|turn|11
|
|t:|1665936144
|switch|p2a: Mienshao|Mienshao, F, shiny|100/100
|move|p1a: Tangrowth|Knock Off|p2a: Mienshao
|-resisted|p2a: Mienshao
|-damage|p2a: Mienshao|81/100
|-enditem|p2a: Mienshao|Life Orb|[from] move: Knock Off|[of] p1a: Tangrowth
|
|upkeep
|turn|12
|
|t:|1665936149
|move|p2a: Mienshao|U-turn|p1a: Tangrowth
|-supereffective|p1a: Tangrowth
|-damage|p1a: Tangrowth|24/100
|-damage|p2a: Mienshao|64/100|[from] item: Rocky Helmet|[of] p1a: Tangrowth
|
|t:|1665936153
|switch|p2a: Corviknight|Corviknight, M|70/100 slp|[from]move: U-turn
|-ability|p2a: Corviknight|Pressure
|move|p1a: Tangrowth|Giga Drain|p2a: Corviknight
|-resisted|p2a: Corviknight
|-damage|p2a: Corviknight|64/100 slp
|-heal|p1a: Tangrowth|27/100|[from] drain|[of] p2a: Corviknight
|
|upkeep
|turn|13
|
|t:|1665936155
|cant|p2a: Corviknight|slp
|move|p1a: Tangrowth|Knock Off|p2a: Corviknight
|-damage|p2a: Corviknight|51/100 slp
|-damage|p1a: Tangrowth|10/100|[from] item: Rocky Helmet|[of] p2a: Corviknight
|-enditem|p2a: Corviknight|Rocky Helmet|[from] move: Knock Off|[of] p1a: Tangrowth
|
|upkeep
|turn|14
|
|t:|1665936160
|switch|p1a: Heatran|Heatran, M|100/100
|-damage|p1a: Heatran|88/100|[from] Stealth Rock
|-curestatus|p2a: Corviknight|slp|[msg]
|move|p2a: Corviknight|Roost|p2a: Corviknight
|-heal|p2a: Corviknight|100/100
|-singleturn|p2a: Corviknight|move: Roost
|
|upkeep
|turn|15
|
|t:|1665936163
|switch|p1a: Tangrowth|Tangrowth, F|43/100
|-damage|p1a: Tangrowth|31/100|[from] Stealth Rock
|switch|p2a: Rotom|Rotom-Wash|100/100
|
|upkeep
|turn|16
|
|t:|1665936169
|switch|p1a: Excadrill|Excadrill, F|100/100
|-damage|p1a: Excadrill|97/100|[from] Stealth Rock
|move|p2a: Rotom|Volt Switch|p1a: Excadrill
|-immune|p1a: Excadrill
|
|-heal|p1a: Excadrill|100/100|[from] item: Leftovers
|upkeep
|turn|17
|
|t:|1665936171
|switch|p1a: Tangrowth|Tangrowth, F|64/100
|-damage|p1a: Tangrowth|52/100|[from] Stealth Rock
|move|p2a: Rotom|Hydro Pump|p1a: Tangrowth
|-resisted|p1a: Tangrowth
|-damage|p1a: Tangrowth|23/100
|
|upkeep
|turn|18
|
|t:|1665936179
|switch|p1a: Tyranitar|Tyranitar, M|100/100
|-damage|p1a: Tyranitar|88/100|[from] Stealth Rock
|-weather|Sandstorm|[from] ability: Sand Stream|[of] p1a: Tyranitar
|move|p2a: Rotom|Volt Switch|p1a: Tyranitar
|-damage|p1a: Tyranitar|77/100
|
|t:|1665936182
|switch|p2a: Mienshao|Mienshao, F, shiny|98/100|[from]move: Volt Switch
|
|-weather|Sandstorm|[upkeep]
|-damage|p2a: Mienshao|91/100|[from] Sandstorm
|-heal|p1a: Tyranitar|84/100|[from] item: Leftovers
|upkeep
|turn|19
|
|t:|1665936186
|switch|p1a: Toxapex|Toxapex, F|100/100
|-damage|p1a: Toxapex|88/100|[from] Stealth Rock
|move|p2a: Mienshao|Knock Off|p1a: Toxapex
|-damage|p1a: Toxapex|67/100
|-damage|p2a: Mienshao|75/100|[from] item: Rocky Helmet|[of] p1a: Toxapex
|-enditem|p1a: Toxapex|Rocky Helmet|[from] move: Knock Off|[of] p2a: Mienshao
|
|-weather|Sandstorm|[upkeep]
|-damage|p2a: Mienshao|69/100|[from] Sandstorm
|-damage|p1a: Toxapex|62/100|[from] Sandstorm
|upkeep
|turn|20
|
|t:|1665936188
|move|p2a: Mienshao|U-turn|p1a: Toxapex
|-resisted|p1a: Toxapex
|-damage|p1a: Toxapex|55/100
|
|t:|1665936191
|switch|p2a: Rotom|Rotom-Wash|100/100|[from]move: U-turn
|move|p1a: Toxapex|Knock Off|p2a: Rotom
|-damage|p2a: Rotom|83/100
|-enditem|p2a: Rotom|Leftovers|[from] move: Knock Off|[of] p1a: Toxapex
|
|-weather|Sandstorm|[upkeep]
|-damage|p2a: Rotom|77/100|[from] Sandstorm
|-damage|p1a: Toxapex|49/100|[from] Sandstorm
|upkeep
|turn|21
|
|t:|1665936197
|move|p2a: Rotom|Hydro Pump|p1a: Toxapex
|-resisted|p1a: Toxapex
|-damage|p1a: Toxapex|32/100
|move|p1a: Toxapex|Recover|p1a: Toxapex
|-heal|p1a: Toxapex|82/100
|
|-weather|Sandstorm|[upkeep]
|-damage|p2a: Rotom|71/100|[from] Sandstorm
|-damage|p1a: Toxapex|76/100|[from] Sandstorm
|upkeep
|turn|22
|
|t:|1665936201
|move|p2a: Rotom|Thunder Wave|p1a: Toxapex|[miss]
|-miss|p2a: Rotom|p1a: Toxapex
|move|p1a: Toxapex|Recover|p1a: Toxapex
|-heal|p1a: Toxapex|100/100
|
|-weather|none
|upkeep
|turn|23
|
|t:|1665936205
|switch|p1a: Excadrill|Excadrill, F|100/100
|-damage|p1a: Excadrill|97/100|[from] Stealth Rock
|move|p2a: Rotom|Thunder Wave|p1a: Excadrill
|-immune|p1a: Excadrill
|
|-heal|p1a: Excadrill|100/100|[from] item: Leftovers
|upkeep
|turn|24
|j| RazorForce21
|
|t:|1665936208
|switch|p1a: Tangrowth|Tangrowth, F|56/100
|-damage|p1a: Tangrowth|43/100|[from] Stealth Rock
|move|p2a: Rotom|Volt Switch|p1a: Tangrowth
|-resisted|p1a: Tangrowth
|-damage|p1a: Tangrowth|26/100
|
|t:|1665936210
|switch|p2a: Blacephalon|Blacephalon, shiny|100/100|[from]move: Volt Switch
|
|upkeep
|turn|25
|
|t:|1665936214
|switch|p2a: Mienshao|Mienshao, F, shiny|100/100
|switch|p1a: Tyranitar|Tyranitar, M|84/100
|-damage|p1a: Tyranitar|71/100|[from] Stealth Rock
|-weather|Sandstorm|[from] ability: Sand Stream|[of] p1a: Tyranitar
|
|-weather|Sandstorm|[upkeep]
|-damage|p2a: Mienshao|94/100|[from] Sandstorm
|-heal|p1a: Tyranitar|77/100|[from] item: Leftovers
|upkeep
|turn|26
|
|t:|1665936218
|switch|p1a: Toxapex|Toxapex, F|100/100
|-damage|p1a: Toxapex|88/100|[from] Stealth Rock
|move|p2a: Mienshao|U-turn|p1a: Toxapex
|-resisted|p1a: Toxapex
|-damage|p1a: Toxapex|81/100
|
|t:|1665936222
|switch|p2a: Ninetales|Ninetales-Alola, F|100/100|[from]move: U-turn
|-weather|Hail|[from] ability: Snow Warning|[of] p2a: Ninetales
|
|-weather|Hail|[upkeep]
|-damage|p1a: Toxapex|75/100|[from] Hail
|upkeep
|turn|27
|
|t:|1665936224
|switch|p1a: Tyranitar|Tyranitar, M|77/100
|-damage|p1a: Tyranitar|65/100|[from] Stealth Rock
|-weather|Sandstorm|[from] ability: Sand Stream|[of] p1a: Tyranitar
|move|p2a: Ninetales|Freeze-Dry|p1a: Tyranitar
|-damage|p1a: Tyranitar|50/100
|
|-weather|Sandstorm|[upkeep]
|-damage|p2a: Ninetales|94/100|[from] Sandstorm
|-heal|p1a: Tyranitar|56/100|[from] item: Leftovers
|upkeep
|turn|28
|
|t:|1665936227
|switch|p2a: Landorus|Landorus-Therian, M|83/100
|-ability|p2a: Landorus|Intimidate|boost
|-unboost|p1a: Tyranitar|atk|1
|move|p1a: Tyranitar|Stealth Rock|p2a: Landorus
|-sidestart|p2: ty-tyui↻|move: Stealth Rock
|
|-weather|Sandstorm|[upkeep]
|-heal|p1a: Tyranitar|62/100|[from] item: Leftovers
|upkeep
|turn|29
|
|t:|1665936231
|switch|p1a: Tornadus|Tornadus-Therian, M|67/100 par
|-damage|p1a: Tornadus|43/100 par|[from] Stealth Rock
|move|p2a: Landorus|Toxic||[still]
|-fail|p2a: Landorus
|
|-weather|Sandstorm|[upkeep]
|-damage|p1a: Tornadus|37/100 par|[from] Sandstorm
|upkeep
|turn|30
|
|t:|1665936234
|move|p2a: Landorus|U-turn|p1a: Tornadus
|-resisted|p1a: Tornadus
|-damage|p1a: Tornadus|21/100 par
|
|t:|1665936235
|switch|p2a: Corviknight|Corviknight, M|100/100|[from]move: U-turn
|-damage|p2a: Corviknight|88/100|[from] Stealth Rock
|-ability|p2a: Corviknight|Pressure
|cant|p1a: Tornadus|par
|
|-weather|Sandstorm|[upkeep]
|-damage|p1a: Tornadus|15/100 par|[from] Sandstorm
|upkeep
|turn|31
|
|t:|1665936238
|move|p1a: Tornadus|Heat Wave|p2a: Corviknight
|-supereffective|p2a: Corviknight
|-damage|p2a: Corviknight|17/100
|move|p2a: Corviknight|Defog|p1a: Tornadus
|-unboost|p1a: Tornadus|evasion|1
|-sideend|p1: LemonLobsters|Stealth Rock|[from] move: Defog|[of] p2a: Corviknight
|-sideend|p2: ty-tyui↻|Stealth Rock|[from] move: Defog|[of] p2a: Corviknight
|
|-weather|none
|upkeep
|turn|32
|
|t:|1665936244
|switch|p1a: Tangrowth|Tangrowth, F|59/100
|move|p2a: Corviknight|Roost|p2a: Corviknight
|-heal|p2a: Corviknight|67/100
|-singleturn|p2a: Corviknight|move: Roost
|
|upkeep
|turn|33
|
|t:|1665936250
|move|p2a: Corviknight|Brave Bird|p1a: Tangrowth
|-supereffective|p1a: Tangrowth
|-damage|p1a: Tangrowth|23/100
|-damage|p2a: Corviknight|51/100|[from] item: Rocky Helmet|[of] p1a: Tangrowth
|-damage|p2a: Corviknight|39/100|[from] Recoil
|move|p1a: Tangrowth|Sleep Powder|p2a: Corviknight
|-status|p2a: Corviknight|slp|[from] move: Sleep Powder
|
|upkeep
|turn|34
|
|t:|1665936255
|switch|p1a: Heatran|Heatran, M|88/100
|cant|p2a: Corviknight|slp
|
|upkeep
|turn|35
|
|t:|1665936258
|switch|p1a: Tangrowth|Tangrowth, F|56/100
|cant|p2a: Corviknight|slp
|
|upkeep
|turn|36
|
|t:|1665936261
|switch|p1a: Heatran|Heatran, M|88/100
|cant|p2a: Corviknight|slp
|
|upkeep
|turn|37
|
|t:|1665936263
|switch|p2a: Rotom|Rotom-Wash|71/100
|move|p1a: Heatran|Eruption|p2a: Rotom
|-resisted|p2a: Rotom
|-damage|p2a: Rotom|43/100
|
|upkeep
|turn|38
|
|t:|1665936269
|switch|p1a: Tangrowth|Tangrowth, F|90/100
|move|p2a: Rotom|Pain Split|p1a: Tangrowth
|-sethp|p1a: Tangrowth|61/100|[from] move: Pain Split|[silent]
|-sethp|p2a: Rotom|81/100|[from] move: Pain Split
|
|upkeep
|turn|39
|
|t:|1665936276
|move|p2a: Rotom|Thunder Wave|p1a: Tangrowth
|-status|p1a: Tangrowth|par
|move|p1a: Tangrowth|Giga Drain|p2a: Rotom
|-supereffective|p2a: Rotom
|-damage|p2a: Rotom|33/100
|-heal|p1a: Tangrowth|79/100 par|[from] drain|[of] p2a: Rotom
|
|upkeep
|turn|40
|
|t:|1665936279
|move|p2a: Rotom|Pain Split|p1a: Tangrowth
|-sethp|p1a: Tangrowth|52/100 par|[from] move: Pain Split|[silent]
|-sethp|p2a: Rotom|69/100|[from] move: Pain Split
|move|p1a: Tangrowth|Giga Drain|p2a: Rotom
|-supereffective|p2a: Rotom
|-damage|p2a: Rotom|23/100
|-heal|p1a: Tangrowth|69/100 par|[from] drain|[of] p2a: Rotom
|
|upkeep
|turn|41
|
|t:|1665936283
|switch|p1a: Excadrill|Excadrill, F|100/100
|move|p2a: Rotom|Pain Split|p1a: Excadrill
|-sethp|p1a: Excadrill|60/100|[from] move: Pain Split|[silent]
|-sethp|p2a: Rotom|71/100|[from] move: Pain Split
|
|-heal|p1a: Excadrill|66/100|[from] item: Leftovers
|upkeep
|turn|42
|
|t:|1665936286
|switch|p1a: Tangrowth|Tangrowth, F|100/100 par
|move|p2a: Rotom|Volt Switch|p1a: Tangrowth
|-resisted|p1a: Tangrowth
|-damage|p1a: Tangrowth|81/100 par
|
|t:|1665936288
|switch|p2a: Corviknight|Corviknight, M|39/100 slp|[from]move: Volt Switch
|-ability|p2a: Corviknight|Pressure
|
|upkeep
|turn|43
|
|t:|1665936290
|switch|p1a: Heatran|Heatran, M|88/100
|-curestatus|p2a: Corviknight|slp|[msg]
|move|p2a: Corviknight|Roost|p2a: Corviknight
|-heal|p2a: Corviknight|89/100
|-singleturn|p2a: Corviknight|move: Roost
|
|upkeep
|turn|44
|
|t:|1665936293
|switch|p2a: Rotom|Rotom-Wash|71/100
|move|p1a: Heatran|Eruption|p2a: Rotom
|-resisted|p2a: Rotom
|-damage|p2a: Rotom|44/100
|
|upkeep
|turn|45
|
|t:|1665936296
|switch|p1a: Tornadus|Tornadus-Therian, M|48/100 par
|move|p2a: Rotom|Pain Split|p1a: Tornadus
|-sethp|p1a: Tornadus|46/100 par|[from] move: Pain Split|[silent]
|-sethp|p2a: Rotom|46/100|[from] move: Pain Split
|
|upkeep
|turn|46
|
|t:|1665936300
|move|p2a: Rotom|Hydro Pump|p1a: Tornadus
|-damage|p1a: Tornadus|0 fnt
|faint|p1a: Tornadus
|
|upkeep
|
|t:|1665936303
|switch|p1a: Tangrowth|Tangrowth, F|100/100 par
|turn|47
|
|t:|1665936306
|move|p2a: Rotom|Pain Split|p1a: Tangrowth
|-sethp|p1a: Tangrowth|67/100 par|[from] move: Pain Split|[silent]
|-sethp|p2a: Rotom|89/100|[from] move: Pain Split
|move|p1a: Tangrowth|Sleep Powder|p2a: Rotom
|-status|p2a: Rotom|slp|[from] move: Sleep Powder
|
|upkeep
|turn|48
|
|t:|1665936311
|cant|p2a: Rotom|slp
|move|p1a: Tangrowth|Giga Drain|p2a: Rotom
|-supereffective|p2a: Rotom
|-damage|p2a: Rotom|41/100 slp
|-heal|p1a: Tangrowth|85/100 par|[from] drain|[of] p2a: Rotom
|
|upkeep
|turn|49
|
|t:|1665936314
|switch|p2a: Corviknight|Corviknight, M|89/100
|-ability|p2a: Corviknight|Pressure
|move|p1a: Tangrowth|Giga Drain|p2a: Corviknight
|-resisted|p2a: Corviknight
|-damage|p2a: Corviknight|83/100
|-heal|p1a: Tangrowth|88/100 par|[from] drain|[of] p2a: Corviknight
|
|upkeep
|turn|50
|
|t:|1665936318
|switch|p1a: Toxapex|Toxapex, F|100/100
|move|p2a: Corviknight|Brave Bird|p1a: Toxapex
|-damage|p1a: Toxapex|77/100
|-damage|p2a: Corviknight|77/100|[from] Recoil
|
|upkeep
|turn|51
|
|t:|1665936321
|switch|p1a: Tangrowth|Tangrowth, F|100/100 par
|move|p2a: Corviknight|U-turn|p1a: Tangrowth
|-supereffective|p1a: Tangrowth
|-damage|p1a: Tangrowth|85/100 par
|-damage|p2a: Corviknight|61/100|[from] item: Rocky Helmet|[of] p1a: Tangrowth
|
|t:|1665936324
|switch|p2a: Ninetales|Ninetales-Alola, F|94/100|[from]move: U-turn
|-weather|Hail|[from] ability: Snow Warning|[of] p2a: Ninetales
|
|-weather|Hail|[upkeep]
|-damage|p1a: Tangrowth|79/100 par|[from] Hail
|upkeep
|turn|52
|
|t:|1665936328
|switch|p1a: Tyranitar|Tyranitar, M|62/100
|-weather|Sandstorm|[from] ability: Sand Stream|[of] p1a: Tyranitar
|move|p2a: Ninetales|Freeze-Dry|p1a: Tyranitar
|-damage|p1a: Tyranitar|45/100
|
|-weather|Sandstorm|[upkeep]
|-damage|p2a: Ninetales|88/100|[from] Sandstorm
|-heal|p1a: Tyranitar|51/100|[from] item: Leftovers
|upkeep
|turn|53
|
|t:|1665936332
|switch|p2a: Landorus|Landorus-Therian, M|83/100
|-ability|p2a: Landorus|Intimidate|boost
|-unboost|p1a: Tyranitar|atk|1
|switch|p1a: Heatran|Heatran, M|88/100
|
|-weather|Sandstorm|[upkeep]
|upkeep
|turn|54
|
|t:|1665936339
|switch|p1a: Tangrowth|Tangrowth, F|100/100 par
|move|p2a: Landorus|Earthquake|p1a: Tangrowth
|-resisted|p1a: Tangrowth
|-damage|p1a: Tangrowth|87/100 par
|
|-weather|Sandstorm|[upkeep]
|-damage|p1a: Tangrowth|81/100 par|[from] Sandstorm
|upkeep
|turn|55
|
|t:|1665936345
|move|p2a: Landorus|Stealth Rock|p1a: Tangrowth
|-sidestart|p1: LemonLobsters|move: Stealth Rock
|move|p1a: Tangrowth|Giga Drain|p2a: Landorus
|-damage|p2a: Landorus|61/100
|-heal|p1a: Tangrowth|91/100 par|[from] drain|[of] p2a: Landorus
|
|-weather|Sandstorm|[upkeep]
|-damage|p1a: Tangrowth|85/100 par|[from] Sandstorm
|upkeep
|turn|56
|
|t:|1665936350
|switch|p2a: Ninetales|Ninetales-Alola, F|88/100
|-weather|Hail|[from] ability: Snow Warning|[of] p2a: Ninetales
|move|p1a: Tangrowth|Giga Drain|p2a: Ninetales
|-damage|p2a: Ninetales|53/100
|-heal|p1a: Tangrowth|98/100 par|[from] drain|[of] p2a: Ninetales
|
|-weather|Hail|[upkeep]
|-damage|p1a: Tangrowth|91/100 par|[from] Hail
|upkeep
|turn|57
|
|t:|1665936355
|switch|p1a: Tyranitar|Tyranitar, M|51/100
|-damage|p1a: Tyranitar|38/100|[from] Stealth Rock
|-weather|Sandstorm|[from] ability: Sand Stream|[of] p1a: Tyranitar
|move|p2a: Ninetales|Moonblast|p1a: Tyranitar
|-supereffective|p1a: Tyranitar
|-damage|p1a: Tyranitar|0 fnt
|faint|p1a: Tyranitar
|
|-weather|Sandstorm|[upkeep]
|-damage|p2a: Ninetales|46/100|[from] Sandstorm
|upkeep
|
|t:|1665936357
|switch|p1a: Excadrill|Excadrill, F|66/100
|-damage|p1a: Excadrill|63/100|[from] Stealth Rock
|turn|58
|
|t:|1665936361
|move|p1a: Excadrill|Swords Dance|p1a: Excadrill
|-boost|p1a: Excadrill|atk|2
|move|p2a: Ninetales|Moonblast|p1a: Excadrill
|-resisted|p1a: Excadrill
|-damage|p1a: Excadrill|24/100
|-unboost|p1a: Excadrill|spa|1
|
|-weather|Sandstorm|[upkeep]
|-damage|p2a: Ninetales|40/100|[from] Sandstorm
|-heal|p1a: Excadrill|30/100|[from] item: Leftovers
|upkeep
|turn|59
|
|t:|1665936365
|switch|p2a: Corviknight|Corviknight, M|61/100
|-ability|p2a: Corviknight|Pressure
|move|p1a: Excadrill|Rapid Spin|p2a: Corviknight
|-resisted|p2a: Corviknight
|-damage|p2a: Corviknight|47/100
|-boost|p1a: Excadrill|spe|1
|-sideend|p1: LemonLobsters|Stealth Rock|[from] move: Rapid Spin|[of] p1a: Excadrill
|
|-weather|Sandstorm|[upkeep]
|-heal|p1a: Excadrill|36/100|[from] item: Leftovers
|upkeep
|turn|60
|j| glutexos
|
|t:|1665936369
|move|p1a: Excadrill|Iron Head|p2a: Corviknight
|-resisted|p2a: Corviknight
|-damage|p2a: Corviknight|16/100
|move|p2a: Corviknight|Roost|p2a: Corviknight
|-heal|p2a: Corviknight|66/100
|-singleturn|p2a: Corviknight|move: Roost
|
|-weather|Sandstorm|[upkeep]
|-heal|p1a: Excadrill|42/100|[from] item: Leftovers
|upkeep
|turn|61
|
|t:|1665936376
|move|p1a: Excadrill|Swords Dance|p1a: Excadrill
|-boost|p1a: Excadrill|atk|2
|move|p2a: Corviknight|U-turn|p1a: Excadrill
|-resisted|p1a: Excadrill
|-damage|p1a: Excadrill|32/100
|
|t:|1665936377
|switch|p2a: Landorus|Landorus-Therian, M|61/100|[from]move: U-turn
|-ability|p2a: Landorus|Intimidate|boost
|-unboost|p1a: Excadrill|atk|1
|
|-weather|none
|-heal|p1a: Excadrill|38/100|[from] item: Leftovers
|upkeep
|turn|62
|
|t:|1665936388
|move|p1a: Excadrill|Iron Head|p2a: Landorus
|-damage|p2a: Landorus|0 fnt
|faint|p2a: Landorus
|
|-heal|p1a: Excadrill|44/100|[from] item: Leftovers
|upkeep
|
|t:|1665936390
|switch|p2a: Blacephalon|Blacephalon, shiny|100/100
|turn|63
|
|t:|1665936395
|switch|p1a: Toxapex|Toxapex, F|100/100
|move|p2a: Blacephalon|Shadow Ball|p1a: Toxapex
|-damage|p1a: Toxapex|60/100
|
|upkeep
|turn|64
|
|t:|1665936401
|switch|p1a: Heatran|Heatran, M|88/100
|move|p2a: Blacephalon|Shadow Ball|p1a: Heatran
|-damage|p1a: Heatran|44/100
|
|upkeep
|turn|65
|
|t:|1665936404
|move|p2a: Blacephalon|Shadow Ball|p1a: Heatran
|-damage|p1a: Heatran|0 fnt
|faint|p1a: Heatran
|-ability|p2a: Blacephalon|Beast Boost|boost
|-boost|p2a: Blacephalon|spa|1
|
|upkeep
|-message|LemonLobsters forfeited.
|
|win|ty-tyui↻
|raw|LemonLobsters's rating: 1707 &rarr; <strong>1687</strong><br />(-20 for losing)
|raw|ty-tyui↻'s rating: 1709 &rarr; <strong>1729</strong><br />(+20 for winning)
|l|☆LemonLobsters
|l| glutexos
||Ladder isn't responding, score probably updated but might not have (Request timeout).
