|j|☆JooshP
|j|☆Geremo
|t:|1658922400
|gametype|singles
|player|p1|JooshP|red|1707
|player|p2|Geremo|169|1778
|teamsize|p1|6
|teamsize|p2|6
|gen|8
|tier|[Gen 8] OU
|rated|
|rule|Sleep Clause Mod: Limit one foe put to sleep
|rule|Species Clause: Limit one of each Pokémon
|rule|OHKO Clause: OHKO moves are banned
|rule|Evasion Moves Clause: Evasion moves are banned
|rule|Endless Battle Clause: Forcing endless battles is banned
|rule|HP Percentage Mod: HP is shown in percentages
|rule|Dynamax Clause: You cannot dynamax
|clearpoke
|poke|p1|Porygon-Z|
|poke|p1|Dragonite, F|
|poke|p1|Landorus-Therian, M|
|poke|p1|Tapu Fini|
|poke|p1|Volcarona, M|
|poke|p1|Ferrothorn, F|
|poke|p2|Excadrill, M|
|poke|p2|Hippowdon, F|
|poke|p2|Tapu Koko|
|poke|p2|Starmie|
|poke|p2|Ferrothorn, F|
|poke|p2|Dragonite, F|
|teampreview
|
|t:|1658922406
|start
|switch|p1a: Landorus|Landorus-Therian, M|100/100
|switch|p2a: Ferrothorn|Ferrothorn, F|100/100
|-ability|p1a: Landorus|Intimidate|boost
|-unboost|p2a: Ferrothorn|atk|1
|turn|1
|
|t:|1658922419
|move|p1a: Landorus|Knock Off|p2a: Ferrothorn
|-damage|p2a: Ferrothorn|81/100
|-damage|p1a: Landorus|88/100|[from] ability: Iron Barbs|[of] p2a: Ferrothorn
|-damage|p1a: Landorus|72/100|[from] item: Rocky Helmet|[of] p2a: Ferrothorn
|-enditem|p2a: Ferrothorn|Rocky Helmet|[from] move: Knock Off|[of] p1a: Landorus
|move|p2a: Ferrothorn|Knock Off|p1a: Landorus
|-damage|p1a: Landorus|61/100
|-enditem|p1a: Landorus|Leftovers|[from] move: Knock Off|[of] p2a: Ferrothorn
|
|upkeep
|turn|2
|j| TrickRoomIncident
|
|t:|1658922425
|move|p1a: Landorus|Earthquake|p2a: Ferrothorn
|-damage|p2a: Ferrothorn|53/100
|move|p2a: Ferrothorn|Leech Seed|p1a: Landorus
|-start|p1a: Landorus|move: Leech Seed
|
|-damage|p1a: Landorus|49/100|[from] Leech Seed|[of] p2a: Ferrothorn
|-heal|p2a: Ferrothorn|67/100|[silent]
|upkeep
|turn|3
|
|t:|1658922431
|switch|p1a: Volcarona|Volcarona, M|100/100
|move|p2a: Ferrothorn|Spikes|p1a: Volcarona
|-sidestart|p1: JooshP|Spikes
|
|upkeep
|turn|4
|
|t:|1658922434
|switch|p2a: Hippowdon|Hippowdon, F|100/100
|-weather|Sandstorm|[from] ability: Sand Stream|[of] p2a: Hippowdon
|move|p1a: Volcarona|Flamethrower|p2a: Hippowdon
|-damage|p2a: Hippowdon|65/100
|
|-weather|Sandstorm|[upkeep]
|-damage|p1a: Volcarona|94/100|[from] Sandstorm
|-heal|p2a: Hippowdon|71/100|[from] item: Leftovers
|upkeep
|turn|5
|
|t:|1658922438
|switch|p1a: Porygon-Z|Porygon-Z|100/100
|-damage|p1a: Porygon-Z|88/100|[from] Spikes
|move|p2a: Hippowdon|Earthquake|p1a: Porygon-Z
|-damage|p1a: Porygon-Z|33/100
|
|-weather|Sandstorm|[upkeep]
|-damage|p1a: Porygon-Z|27/100|[from] Sandstorm
|-heal|p2a: Hippowdon|77/100|[from] item: Leftovers
|upkeep
|turn|6
|
|t:|1658922442
|switch|p2a: Excadrill|Excadrill, M|100/100
|move|p1a: Porygon-Z|Tri Attack|p2a: Excadrill
|-resisted|p2a: Excadrill
|-damage|p2a: Excadrill|53/100
|-damage|p1a: Porygon-Z|17/100|[from] item: Life Orb
|
|-weather|Sandstorm|[upkeep]
|-damage|p1a: Porygon-Z|11/100|[from] Sandstorm
|-heal|p2a: Excadrill|59/100|[from] item: Leftovers
|upkeep
|turn|7
|
|t:|1658922448
|switch|p1a: Landorus|Landorus-Therian, M|49/100
|-ability|p1a: Landorus|Intimidate|boost
|-unboost|p2a: Excadrill|atk|1
|move|p2a: Excadrill|Iron Head|p1a: Landorus
|-damage|p1a: Landorus|25/100
|
|-weather|Sandstorm|[upkeep]
|-heal|p2a: Excadrill|65/100|[from] item: Leftovers
|upkeep
|turn|8
|j| Uesugi Nekroz
|
|t:|1658922454
|move|p2a: Excadrill|Iron Head|p1a: Landorus
|-damage|p1a: Landorus|2/100
|move|p1a: Landorus|Earthquake|p2a: Excadrill
|-supereffective|p2a: Excadrill
|-damage|p2a: Excadrill|0 fnt
|faint|p2a: Excadrill
|
|-weather|none
|upkeep
|j| qxfn143
|j| yila
|
|t:|1658922457
|switch|p2a: Starmie|Starmie|100/100
|turn|9
|
|t:|1658922460
|move|p2a: Starmie|Scald|p1a: Landorus
|-supereffective|p1a: Landorus
|-damage|p1a: Landorus|0 fnt
|faint|p1a: Landorus
|
|upkeep
|l| yila
|
|t:|1658922462
|switch|p1a: Dragonite|Dragonite, F|100/100
|turn|10
|
|t:|1658922469
|move|p2a: Starmie|Rapid Spin|p1a: Dragonite
|-damage|p1a: Dragonite|96/100
|-boost|p2a: Starmie|spe|1
|move|p1a: Dragonite|Outrage|p2a: Starmie
|-damage|p2a: Starmie|0 fnt
|faint|p2a: Starmie
|
|upkeep
|
|t:|1658922473
|switch|p2a: Tapu Koko|Tapu Koko|100/100
|-fieldstart|move: Electric Terrain|[from] ability: Electric Surge|[of] p2a: Tapu Koko
|turn|11
|
|t:|1658922475
|move|p2a: Tapu Koko|Dazzling Gleam|p1a: Dragonite
|-supereffective|p1a: Dragonite
|-damage|p1a: Dragonite|23/100
|move|p1a: Dragonite|Outrage|p2a: Tapu Koko|[from]lockedmove
|-immune|p2a: Tapu Koko
|-start|p1a: Dragonite|confusion|[fatigue]
|
|upkeep
|turn|12
|
|t:|1658922487
|switch|p1a: Porygon-Z|Porygon-Z|11/100
|-damage|p1a: Porygon-Z|0 fnt|[from] Spikes
|faint|p1a: Porygon-Z
|move|p2a: Tapu Koko|Discharge|p1: Porygon-Z|[notarget]
|-fail|p2a: Tapu Koko
|
|upkeep
|
|t:|1658922489
|switch|p1a: Ferrothorn|Ferrothorn, F|100/100
|-damage|p1a: Ferrothorn|88/100|[from] Spikes
|turn|13
|
|t:|1658922492
|move|p2a: Tapu Koko|U-turn|p1a: Ferrothorn
|-damage|p1a: Ferrothorn|78/100
|-damage|p2a: Tapu Koko|88/100|[from] ability: Iron Barbs|[of] p1a: Ferrothorn
|
|t:|1658922494
|switch|p2a: Ferrothorn|Ferrothorn, F|67/100|[from]move: U-turn
|move|p1a: Ferrothorn|Knock Off|p2a: Ferrothorn
|-damage|p2a: Ferrothorn|59/100
|-damage|p1a: Ferrothorn|66/100|[from] ability: Iron Barbs|[of] p2a: Ferrothorn
|
|-heal|p1a: Ferrothorn|72/100|[from] item: Leftovers
|upkeep
|turn|14
|
|t:|1658922498
|switch|p1a: Dragonite|Dragonite, F|23/100
|move|p2a: Ferrothorn|Knock Off|p1a: Dragonite
|-damage|p1a: Dragonite|0 fnt
|-enditem|p1a: Dragonite|Choice Band|[from] move: Knock Off|[of] p2a: Ferrothorn
|faint|p1a: Dragonite
|
|upkeep
|
|t:|1658922500
|switch|p1a: Volcarona|Volcarona, M|94/100
|turn|15
|
|t:|1658922502
|switch|p2a: Hippowdon|Hippowdon, F|77/100
|-weather|Sandstorm|[from] ability: Sand Stream|[of] p2a: Hippowdon
|move|p1a: Volcarona|Flamethrower|p2a: Hippowdon
|-damage|p2a: Hippowdon|42/100
|
|-weather|Sandstorm|[upkeep]
|-damage|p1a: Volcarona|88/100|[from] Sandstorm
|-heal|p2a: Hippowdon|48/100|[from] item: Leftovers
|-fieldend|move: Electric Terrain
|upkeep
|turn|16
|
|t:|1658922504
|move|p1a: Volcarona|Quiver Dance|p1a: Volcarona
|-boost|p1a: Volcarona|spa|1
|-boost|p1a: Volcarona|spd|1
|-boost|p1a: Volcarona|spe|1
|move|p2a: Hippowdon|Slack Off|p2a: Hippowdon
|-heal|p2a: Hippowdon|98/100
|
|-weather|Sandstorm|[upkeep]
|-damage|p1a: Volcarona|82/100|[from] Sandstorm
|-heal|p2a: Hippowdon|100/100|[from] item: Leftovers
|upkeep
|turn|17
|
|t:|1658922508
|move|p1a: Volcarona|Flamethrower|p2a: Hippowdon
|-crit|p2a: Hippowdon
|-damage|p2a: Hippowdon|20/100
|-status|p2a: Hippowdon|brn
|move|p2a: Hippowdon|Toxic|p1a: Volcarona
|-status|p1a: Volcarona|tox
|
|-weather|Sandstorm|[upkeep]
|-damage|p1a: Volcarona|76/100 tox|[from] Sandstorm
|-heal|p2a: Hippowdon|26/100 brn|[from] item: Leftovers
|-damage|p1a: Volcarona|70/100 tox|[from] psn
|-damage|p2a: Hippowdon|20/100 brn|[from] brn
|upkeep
|turn|18
|
|t:|1658922516
|move|p1a: Volcarona|Flamethrower|p2a: Hippowdon
|-damage|p2a: Hippowdon|0 fnt
|faint|p2a: Hippowdon
|
|-weather|Sandstorm|[upkeep]
|-damage|p1a: Volcarona|64/100 tox|[from] Sandstorm
|-damage|p1a: Volcarona|52/100 tox|[from] psn
|upkeep
|
|t:|1658922518
|switch|p2a: Dragonite|Dragonite, F|100/100
|turn|19
|
|t:|1658922520
|switch|p1a: Tapu Fini|Tapu Fini|100/100
|-damage|p1a: Tapu Fini|88/100|[from] Spikes
|-fieldstart|move: Misty Terrain|[from] ability: Misty Surge|[of] p1a: Tapu Fini
|move|p2a: Dragonite|Roost||[still]
|-fail|p2a: Dragonite|heal
|
|-weather|none
|-heal|p1a: Tapu Fini|94/100|[from] item: Leftovers
|upkeep
|turn|20
|
|t:|1658922523
|switch|p2a: Ferrothorn|Ferrothorn, F|59/100
|move|p1a: Tapu Fini|Moonblast|p2a: Ferrothorn
|-resisted|p2a: Ferrothorn
|-damage|p2a: Ferrothorn|44/100
|
|-heal|p1a: Tapu Fini|99/100|[from] item: Leftovers
|upkeep
|turn|21
|
|t:|1658922525
|move|p1a: Tapu Fini|Taunt|p2a: Ferrothorn
|-start|p2a: Ferrothorn|move: Taunt
|move|p2a: Ferrothorn|Knock Off|p1a: Tapu Fini
|-resisted|p1a: Tapu Fini
|-damage|p1a: Tapu Fini|91/100
|-enditem|p1a: Tapu Fini|Leftovers|[from] move: Knock Off|[of] p2a: Ferrothorn
|
|upkeep
|turn|22
|
|t:|1658922528
|switch|p1a: Volcarona|Volcarona, M|52/100 tox
|move|p2a: Ferrothorn|Power Whip|p1a: Volcarona|[miss]
|-miss|p2a: Ferrothorn|p1a: Volcarona
|
|-damage|p1a: Volcarona|46/100 tox|[from] psn
|upkeep
|turn|23
|
|t:|1658922532
|switch|p2a: Dragonite|Dragonite, F|100/100
|move|p1a: Volcarona|Flamethrower|p2a: Dragonite
|-resisted|p2a: Dragonite
|-damage|p2a: Dragonite|90/100
|
|-damage|p1a: Volcarona|33/100 tox|[from] psn
|-fieldend|Misty Terrain
|upkeep
|turn|24
|
|t:|1658922539
|switch|p1a: Tapu Fini|Tapu Fini|91/100
|-damage|p1a: Tapu Fini|78/100|[from] Spikes
|-fieldstart|move: Misty Terrain|[from] ability: Misty Surge|[of] p1a: Tapu Fini
|move|p2a: Dragonite|Roost|p2a: Dragonite
|-heal|p2a: Dragonite|100/100
|-singleturn|p2a: Dragonite|move: Roost
|
|upkeep
|turn|25
|
|t:|1658922543
|switch|p2a: Ferrothorn|Ferrothorn, F|44/100
|move|p1a: Tapu Fini|Moonblast|p2a: Ferrothorn
|-resisted|p2a: Ferrothorn
|-damage|p2a: Ferrothorn|30/100
|-unboost|p2a: Ferrothorn|spa|1
|
|upkeep
|turn|26
|
|t:|1658922547
|switch|p1a: Ferrothorn|Ferrothorn, F|72/100
|-damage|p1a: Ferrothorn|60/100|[from] Spikes
|switch|p2a: Tapu Koko|Tapu Koko|88/100
|-fieldstart|move: Electric Terrain|[from] ability: Electric Surge|[of] p2a: Tapu Koko
|
|-heal|p1a: Ferrothorn|66/100|[from] item: Leftovers
|upkeep
|turn|27
|
|t:|1658922552
|move|p2a: Tapu Koko|U-turn|p1a: Ferrothorn
|-damage|p1a: Ferrothorn|55/100
|-damage|p2a: Tapu Koko|76/100|[from] ability: Iron Barbs|[of] p1a: Ferrothorn
|
|t:|1658922554
|switch|p2a: Ferrothorn|Ferrothorn, F|30/100|[from]move: U-turn
|move|p1a: Ferrothorn|Spikes|p2a: Ferrothorn
|-sidestart|p2: Geremo|Spikes
|
|-heal|p1a: Ferrothorn|62/100|[from] item: Leftovers
|upkeep
|turn|28
|
|t:|1658922560
|switch|p1a: Volcarona|Volcarona, M|33/100 tox
|move|p2a: Ferrothorn|Spikes|p1a: Volcarona
|-sidestart|p1: JooshP|Spikes
|
|-damage|p1a: Volcarona|27/100 tox|[from] psn
|upkeep
|turn|29
|c| qxfn143|Geremo can i have your team please?
|
|t:|1658922563
|switch|p2a: Dragonite|Dragonite, F|100/100
|move|p1a: Volcarona|Flamethrower|p2a: Dragonite
|-resisted|p2a: Dragonite
|-damage|p2a: Dragonite|90/100
|
|-damage|p1a: Volcarona|15/100 tox|[from] psn
|upkeep
|turn|30
|
|t:|1658922567
|move|p1a: Volcarona|Flamethrower|p2a: Dragonite
|-resisted|p2a: Dragonite
|-damage|p2a: Dragonite|70/100
|move|p2a: Dragonite|Roost|p2a: Dragonite
|-heal|p2a: Dragonite|100/100
|-singleturn|p2a: Dragonite|move: Roost
|
|-damage|p1a: Volcarona|0 fnt|[from] psn
|faint|p1a: Volcarona
|-fieldend|move: Electric Terrain
|upkeep
|
|t:|1658922572
|switch|p1a: Tapu Fini|Tapu Fini|78/100
|-damage|p1a: Tapu Fini|62/100|[from] Spikes
|-fieldstart|move: Misty Terrain|[from] ability: Misty Surge|[of] p1a: Tapu Fini
|turn|31
|j| 1 em trach thu
|
|t:|1658922579
|move|p2a: Dragonite|Earthquake|p1a: Tapu Fini
|-damage|p1a: Tapu Fini|35/100
|move|p1a: Tapu Fini|Moonblast|p2a: Dragonite
|-supereffective|p2a: Dragonite
|-damage|p2a: Dragonite|72/100
|
|upkeep
|turn|32
|l| Uesugi Nekroz
|c|☆Geremo|Yeah will send it over after the game
|j| Alexlch
|c| qxfn143|thanks
|c|☆Geremo|Actually
|j| joeding
|c|☆Geremo|I forgot the command for show team
|c|☆Geremo|so I’ll try and send it by pm
|c|☆JooshP|!showteam
|c| JooshP|/raw <div class="infobox"><details><summary>View team</summary>Porygon-Z @ Life Orb  <br />Ability: Adaptability  <br />EVs: 252 SpA &#x2f; 4 SpD &#x2f; 252 Spe  <br />Timid Nature  <br />IVs: 0 Atk  <br />- Nasty Plot  <br />- Tri Attack  <br />- Ice Beam  <br />- Hyper Beam  <br /><br />Dragonite @ Choice Band  <br />Ability: Multiscale  <br />EVs: 252 Atk &#x2f; 4 SpD &#x2f; 252 Spe  <br />Adamant Nature  <br />- Outrage  <br />- Earthquake  <br />- Fire Punch  <br />- Extreme Speed  <br /><br />Landorus (Landorus-Therian) (M) @ Leftovers  <br />Ability: Intimidate  <br />EVs: 248 HP &#x2f; 168 Def &#x2f; 92 Spe  <br />Impish Nature  <br />- Knock Off  <br />- Earthquake  <br />- U-turn  <br />- Stealth Rock  <br /><br />Tapu Fini @ Leftovers  <br />Ability: Misty Surge  <br />EVs: 252 HP &#x2f; 16 Def &#x2f; 220 SpD &#x2f; 20 Spe  <br />Calm Nature  <br />IVs: 0 Atk  <br />- Scald  <br />- Moonblast  <br />- Defog  <br />- Taunt  <br /><br />Volcarona @ Heavy-Duty Boots  <br />Ability: Flame Body  <br />EVs: 252 SpA &#x2f; 4 SpD &#x2f; 252 Spe  <br />Timid Nature  <br />IVs: 0 Atk  <br />- Quiver Dance  <br />- Flamethrower  <br />- Bug Buzz  <br />- Psychic  <br /><br />Ferrothorn @ Leftovers  <br />Ability: Iron Barbs  <br />EVs: 252 HP &#x2f; 252 Def  <br />Relaxed Nature  <br />IVs: 0 Spe  <br />- Knock Off  <br />- Leech Seed  <br />- Spikes  <br />- Gyro Ball  <br /><br /></details></div>
|c| qxfn143|./showteam
|
|t:|1658922646
|switch|p2a: Tapu Koko|Tapu Koko|76/100
|-fieldstart|move: Electric Terrain|[from] ability: Electric Surge|[of] p2a: Tapu Koko
|move|p1a: Tapu Fini|Moonblast|p2a: Tapu Koko
|-damage|p2a: Tapu Koko|28/100
|-unboost|p2a: Tapu Koko|spa|1
|
|upkeep
|turn|33
|j| Mikoshi Fans
|c|☆Geremo|!showteam
|c| Geremo|/raw <div class="infobox"><details><summary>View team</summary>Excadrill @ Leftovers  <br />Ability: Sand Rush  <br />EVs: 252 Atk &#x2f; 4 SpD &#x2f; 252 Spe  <br />Adamant Nature  <br />- Earthquake  <br />- Iron Head  <br />- Rock Slide  <br />- Rapid Spin  <br /><br />Hippowdon @ Leftovers  <br />Ability: Sand Stream  <br />EVs: 252 HP &#x2f; 4 Def &#x2f; 252 SpD  <br />Careful Nature  <br />- Stealth Rock  <br />- Earthquake  <br />- Toxic  <br />- Slack Off  <br /><br />Tapu Koko @ Heavy-Duty Boots  <br />Ability: Electric Surge  <br />EVs: 52 HP &#x2f; 240 SpA &#x2f; 216 Spe  <br />Timid Nature  <br />- Discharge  <br />- Dazzling Gleam  <br />- U-turn  <br />- Roost  <br /><br />Starmie @ Weakness Policy  <br />Ability: Analytic  <br />EVs: 32 HP &#x2f; 252 SpA &#x2f; 224 Spe  <br />Timid Nature  <br />- Scald  <br />- Ice Beam  <br />- Thunderbolt  <br />- Rapid Spin  <br /><br />Ferrothorn @ Rocky Helmet  <br />Ability: Iron Barbs  <br />EVs: 248 HP &#x2f; 252 Def &#x2f; 8 SpD  <br />Impish Nature  <br />- Knock Off  <br />- Spikes  <br />- Leech Seed  <br />- Power Whip  <br /><br />Dragonite @ Heavy-Duty Boots  <br />Ability: Multiscale  <br />EVs: 236 HP &#x2f; 32 Def &#x2f; 240 Spe  <br />Adamant Nature  <br />- Earthquake  <br />- Ice Punch  <br />- Dragon Dance  <br />- Roost  <br /><br /></details></div>
|l| Mikoshi Fans
|c|☆Geremo|there you go
|c| qxfn143|thanks
|
|t:|1658922672
|move|p2a: Tapu Koko|Discharge|p1a: Tapu Fini
|-supereffective|p1a: Tapu Fini
|-damage|p1a: Tapu Fini|0 fnt
|faint|p1a: Tapu Fini
|
|upkeep
|
|t:|1658922675
|switch|p1a: Ferrothorn|Ferrothorn, F|62/100
|-damage|p1a: Ferrothorn|45/100|[from] Spikes
|turn|34
|j| Sharku
|
|t:|1658922680
|move|p2a: Tapu Koko|U-turn|p1a: Ferrothorn
|-damage|p1a: Ferrothorn|35/100
|-damage|p2a: Tapu Koko|15/100|[from] ability: Iron Barbs|[of] p1a: Ferrothorn
|
|t:|1658922682
|switch|p2a: Ferrothorn|Ferrothorn, F|30/100|[from]move: U-turn
|-damage|p2a: Ferrothorn|18/100|[from] Spikes
|move|p1a: Ferrothorn|Leech Seed|p2a: Ferrothorn
|-immune|p2a: Ferrothorn
|
|-heal|p1a: Ferrothorn|42/100|[from] item: Leftovers
|upkeep
|turn|35
|
|t:|1658922702
|move|p2a: Ferrothorn|Spikes|p1a: Ferrothorn
|-sidestart|p1: JooshP|Spikes
|move|p1a: Ferrothorn|Knock Off|p2a: Ferrothorn
|-damage|p2a: Ferrothorn|10/100
|-damage|p1a: Ferrothorn|29/100|[from] ability: Iron Barbs|[of] p2a: Ferrothorn
|
|-heal|p1a: Ferrothorn|35/100|[from] item: Leftovers
|upkeep
|turn|36
|
|t:|1658922707
|move|p2a: Ferrothorn|Knock Off|p1a: Ferrothorn
|-damage|p1a: Ferrothorn|24/100
|-damage|p2a: Ferrothorn|0 fnt|[from] ability: Iron Barbs|[of] p1a: Ferrothorn
|faint|p2a: Ferrothorn
|move|p1a: Ferrothorn|Spikes|p2: Ferrothorn
|-sidestart|p2: Geremo|Spikes
|
|-heal|p1a: Ferrothorn|30/100|[from] item: Leftovers
|-fieldend|move: Electric Terrain
|upkeep
|
|t:|1658922709
|switch|p2a: Dragonite|Dragonite, F|72/100
|turn|37
|
|t:|1658922710
|move|p2a: Dragonite|Earthquake|p1a: Ferrothorn
|-damage|p1a: Ferrothorn|12/100
|move|p1a: Ferrothorn|Leech Seed|p2a: Dragonite
|-start|p2a: Dragonite|move: Leech Seed
|
|-heal|p1a: Ferrothorn|19/100|[from] item: Leftovers
|-damage|p2a: Dragonite|60/100|[from] Leech Seed|[of] p1a: Ferrothorn
|-heal|p1a: Ferrothorn|32/100|[silent]
|upkeep
|turn|38
|
|t:|1658922721
|move|p2a: Dragonite|Earthquake|p1a: Ferrothorn
|-damage|p1a: Ferrothorn|14/100
|move|p1a: Ferrothorn|Spikes|p2a: Dragonite
|-sidestart|p2: Geremo|Spikes
|
|-heal|p1a: Ferrothorn|21/100|[from] item: Leftovers
|-damage|p2a: Dragonite|48/100|[from] Leech Seed|[of] p1a: Ferrothorn
|-heal|p1a: Ferrothorn|34/100|[silent]
|upkeep
|turn|39
|l| TrickRoomIncident
|
|t:|1658922729
|move|p2a: Dragonite|Roost|p2a: Dragonite
|-heal|p2a: Dragonite|98/100
|-singleturn|p2a: Dragonite|move: Roost
|move|p1a: Ferrothorn|Spikes||[still]
|-fail|p1a: Ferrothorn
|
|-heal|p1a: Ferrothorn|40/100|[from] item: Leftovers
|-damage|p2a: Dragonite|85/100|[from] Leech Seed|[of] p1a: Ferrothorn
|-heal|p1a: Ferrothorn|54/100|[silent]
|upkeep
|turn|40
|
|t:|1658922731
|move|p2a: Dragonite|Dragon Dance|p2a: Dragonite
|-boost|p2a: Dragonite|atk|1
|-boost|p2a: Dragonite|spe|1
|move|p1a: Ferrothorn|Gyro Ball|p2a: Dragonite
|-damage|p2a: Dragonite|39/100
|
|-heal|p1a: Ferrothorn|60/100|[from] item: Leftovers
|-damage|p2a: Dragonite|26/100|[from] Leech Seed|[of] p1a: Ferrothorn
|-heal|p1a: Ferrothorn|73/100|[silent]
|upkeep
|turn|41
|
|t:|1658922737
|move|p2a: Dragonite|Roost|p2a: Dragonite
|-heal|p2a: Dragonite|76/100
|-singleturn|p2a: Dragonite|move: Roost
|move|p1a: Ferrothorn|Gyro Ball|p2a: Dragonite
|-damage|p2a: Dragonite|31/100
|
|-heal|p1a: Ferrothorn|79/100|[from] item: Leftovers
|-damage|p2a: Dragonite|18/100|[from] Leech Seed|[of] p1a: Ferrothorn
|-heal|p1a: Ferrothorn|93/100|[silent]
|upkeep
|turn|42
|
|t:|1658922754
|move|p2a: Dragonite|Roost|p2a: Dragonite
|-heal|p2a: Dragonite|68/100
|-singleturn|p2a: Dragonite|move: Roost
|move|p1a: Ferrothorn|Gyro Ball|p2a: Dragonite
|-damage|p2a: Dragonite|24/100
|
|-heal|p1a: Ferrothorn|99/100|[from] item: Leftovers
|-damage|p2a: Dragonite|12/100|[from] Leech Seed|[of] p1a: Ferrothorn
|-heal|p1a: Ferrothorn|100/100|[silent]
|upkeep
|turn|43
|j| Birderr
|l| Alexlch
|j| fnatic.olofm
|c|☆Geremo|I had 1% too little hp to knock off
|
|t:|1658922776
|move|p2a: Dragonite|Roost|p2a: Dragonite
|-heal|p2a: Dragonite|62/100
|-singleturn|p2a: Dragonite|move: Roost
|move|p1a: Ferrothorn|Gyro Ball|p2a: Dragonite
|-damage|p2a: Dragonite|16/100
|
|-damage|p2a: Dragonite|4/100|[from] Leech Seed|[of] p1a: Ferrothorn
|upkeep
|turn|44
|c|☆JooshP|Ye
|
|t:|1658922800
|switch|p2a: Tapu Koko|Tapu Koko|15/100
|-fieldstart|move: Electric Terrain|[from] ability: Electric Surge|[of] p2a: Tapu Koko
|move|p1a: Ferrothorn|Gyro Ball|p2a: Tapu Koko
|-damage|p2a: Tapu Koko|0 fnt
|faint|p2a: Tapu Koko
|
|upkeep
|
|t:|1658922802
|switch|p2a: Dragonite|Dragonite, F|4/100
|turn|45
|
|t:|1658922805
|move|p2a: Dragonite|Roost|p2a: Dragonite
|-heal|p2a: Dragonite|54/100
|-singleturn|p2a: Dragonite|move: Roost
|move|p1a: Ferrothorn|Leech Seed|p2a: Dragonite
|-start|p2a: Dragonite|move: Leech Seed
|
|-damage|p2a: Dragonite|41/100|[from] Leech Seed|[of] p1a: Ferrothorn
|upkeep
|turn|46
|
|t:|1658922808
|move|p2a: Dragonite|Roost|p2a: Dragonite
|-heal|p2a: Dragonite|91/100
|-singleturn|p2a: Dragonite|move: Roost
|move|p1a: Ferrothorn|Knock Off|p2a: Dragonite
|-damage|p2a: Dragonite|74/100
|-enditem|p2a: Dragonite|Heavy-Duty Boots|[from] move: Knock Off|[of] p1a: Ferrothorn
|
|-damage|p2a: Dragonite|61/100|[from] Leech Seed|[of] p1a: Ferrothorn
|upkeep
|turn|47
|
|t:|1658922812
|move|p2a: Dragonite|Roost|p2a: Dragonite
|-heal|p2a: Dragonite|100/100
|-singleturn|p2a: Dragonite|move: Roost
|move|p1a: Ferrothorn|Knock Off|p2a: Dragonite
|-damage|p2a: Dragonite|93/100
|
|-damage|p2a: Dragonite|81/100|[from] Leech Seed|[of] p1a: Ferrothorn
|upkeep
|turn|48
|
|t:|1658922820
|move|p2a: Dragonite|Dragon Dance|p2a: Dragonite
|-boost|p2a: Dragonite|atk|1
|-boost|p2a: Dragonite|spe|1
|move|p1a: Ferrothorn|Knock Off|p2a: Dragonite
|-damage|p2a: Dragonite|68/100
|
|-damage|p2a: Dragonite|56/100|[from] Leech Seed|[of] p1a: Ferrothorn
|-fieldend|move: Electric Terrain
|upkeep
|turn|49
|
|t:|1658922823
|move|p2a: Dragonite|Roost|p2a: Dragonite
|-heal|p2a: Dragonite|100/100
|-singleturn|p2a: Dragonite|move: Roost
|move|p1a: Ferrothorn|Knock Off|p2a: Dragonite
|-damage|p2a: Dragonite|95/100
|
|-damage|p2a: Dragonite|82/100|[from] Leech Seed|[of] p1a: Ferrothorn
|upkeep
|turn|50
|
|t:|1658922827
|move|p2a: Dragonite|Dragon Dance|p2a: Dragonite
|-boost|p2a: Dragonite|atk|1
|-boost|p2a: Dragonite|spe|1
|move|p1a: Ferrothorn|Knock Off|p2a: Dragonite
|-damage|p2a: Dragonite|70/100
|
|-damage|p2a: Dragonite|57/100|[from] Leech Seed|[of] p1a: Ferrothorn
|upkeep
|turn|51
|
|t:|1658922831
|move|p2a: Dragonite|Roost|p2a: Dragonite
|-heal|p2a: Dragonite|100/100
|-singleturn|p2a: Dragonite|move: Roost
|move|p1a: Ferrothorn|Knock Off|p2a: Dragonite
|-damage|p2a: Dragonite|94/100
|
|-damage|p2a: Dragonite|82/100|[from] Leech Seed|[of] p1a: Ferrothorn
|upkeep
|turn|52
|
|t:|1658922836
|move|p2a: Dragonite|Dragon Dance|p2a: Dragonite
|-boost|p2a: Dragonite|atk|1
|-boost|p2a: Dragonite|spe|1
|move|p1a: Ferrothorn|Knock Off|p2a: Dragonite
|-damage|p2a: Dragonite|70/100
|
|-damage|p2a: Dragonite|58/100|[from] Leech Seed|[of] p1a: Ferrothorn
|upkeep
|turn|53
|
|t:|1658922839
|move|p2a: Dragonite|Roost|p2a: Dragonite
|-heal|p2a: Dragonite|100/100
|-singleturn|p2a: Dragonite|move: Roost
|move|p1a: Ferrothorn|Gyro Ball|p2a: Dragonite
|-damage|p2a: Dragonite|79/100
|
|-damage|p2a: Dragonite|67/100|[from] Leech Seed|[of] p1a: Ferrothorn
|upkeep
|turn|54
|
|t:|1658922846
|move|p2a: Dragonite|Roost|p2a: Dragonite
|-heal|p2a: Dragonite|100/100
|-singleturn|p2a: Dragonite|move: Roost
|move|p1a: Ferrothorn|Knock Off|p2a: Dragonite
|-damage|p2a: Dragonite|94/100
|
|-damage|p2a: Dragonite|82/100|[from] Leech Seed|[of] p1a: Ferrothorn
|upkeep
|turn|55
|
|t:|1658922849
|move|p2a: Dragonite|Dragon Dance|p2a: Dragonite
|-boost|p2a: Dragonite|atk|1
|-boost|p2a: Dragonite|spe|1
|move|p1a: Ferrothorn|Knock Off|p2a: Dragonite
|-damage|p2a: Dragonite|69/100
|
|-damage|p2a: Dragonite|57/100|[from] Leech Seed|[of] p1a: Ferrothorn
|upkeep
|turn|56
|
|t:|1658922853
|move|p2a: Dragonite|Roost|p2a: Dragonite
|-heal|p2a: Dragonite|100/100
|-singleturn|p2a: Dragonite|move: Roost
|move|p1a: Ferrothorn|Knock Off|p2a: Dragonite
|-damage|p2a: Dragonite|94/100
|
|-damage|p2a: Dragonite|82/100|[from] Leech Seed|[of] p1a: Ferrothorn
|upkeep
|turn|57
|
|t:|1658922859
|move|p2a: Dragonite|Dragon Dance|p2a: Dragonite
|-boost|p2a: Dragonite|atk|1
|-boost|p2a: Dragonite|spe|1
|move|p1a: Ferrothorn|Gyro Ball|p2a: Dragonite
|-crit|p2a: Dragonite
|-damage|p2a: Dragonite|14/100
|
|-damage|p2a: Dragonite|2/100|[from] Leech Seed|[of] p1a: Ferrothorn
|upkeep
|turn|58
|
|t:|1658922863
|move|p2a: Dragonite|Earthquake|p1a: Ferrothorn
|-damage|p1a: Ferrothorn|34/100
|move|p1a: Ferrothorn|Gyro Ball|p2a: Dragonite
|-damage|p2a: Dragonite|0 fnt
|faint|p2a: Dragonite
|
|win|JooshP
|raw|JooshP's rating: 1707 &rarr; <strong>1731</strong><br />(+24 for winning)
|raw|Geremo's rating: 1778 &rarr; <strong>1754</strong><br />(-24 for losing)
|c|☆JooshP|gg
|c|☆Geremo|Gg
|c|☆Geremo|without crit there I won
|c|☆JooshP|Eh
|c|☆JooshP|maybe
|l| fnatic.olofm
|l|☆Geremo
|l|☆JooshP
|l| Sharku
