|j|☆jizzdrizzler91
|j|☆Lunar Neo
|player|p1|jizzdrizzler91|dawn|1662
|player|p2|Lunar Neo|248|1635
|teamsize|p1|6
|teamsize|p2|6
|gametype|singles
|gen|8
|tier|[Gen 8] OU
|rated|
|rule|Sleep Clause Mod: Limit one foe put to sleep
|rule|Species Clause: Limit one of each Pokémon
|rule|OHKO Clause: OHKO moves are banned
|rule|Evasion Moves Clause: Evasion moves are banned
|rule|Endless Battle Clause: Forcing endless battles is banned
|rule|HP Percentage Mod: HP is shown in percentages
|clearpoke
|poke|p1|Seismitoad, F|
|poke|p1|Hatterene, F|
|poke|p1|Mandibuzz, F|
|poke|p1|Rotom-Heat|
|poke|p1|Darmanitan-Galar, F|
|poke|p1|Aegislash, F|
|poke|p2|Hydreigon, M|
|poke|p2|Mamoswine, M|
|poke|p2|Aegislash, M|
|poke|p2|Clefable, M|
|poke|p2|Rotom-Wash|
|poke|p2|Toxtricity, M|
|rule|Dynamax Clause: You cannot dynamax
|teampreview
|inactive|Battle timer is ON: inactive players will automatically lose when time's up. (requested by Lunar Neo)
|
|start
|switch|p1a: Aegislash|Aegislash, F|100/100
|switch|p2a: Toxtricity|Toxtricity, M|100/100
|turn|1
|j| Flaress
|
|switch|p1a: Seismitoad|Seismitoad, F|100/100
|move|p2a: Toxtricity|Volt Switch|p1a: Seismitoad
|-immune|p1a: Seismitoad
|
|upkeep
|turn|2
|
|switch|p2a: Hydreigon|Hydreigon, M|100/100
|switch|p1a: Aegislash|Aegislash, F|100/100
|
|upkeep
|turn|3
|j| sorvete napolitano
|
|switch|p2a: Toxtricity|Toxtricity, M|100/100
|-formechange|p1a: Aegislash|Aegislash-Blade||[from] ability: Stance Change
|move|p1a: Aegislash|Close Combat|p2a: Toxtricity
|-resisted|p2a: Toxtricity
|-damage|p2a: Toxtricity|48/100
|-unboost|p1a: Aegislash|def|1
|-unboost|p1a: Aegislash|spd|1
|
|upkeep
|turn|4
|j| forsh
|j| Insult
|
|switch|p1a: Seismitoad|Seismitoad, F|100/100
|move|p2a: Toxtricity|Boomburst|p1a: Seismitoad
|-damage|p1a: Seismitoad|17/100
|
|-heal|p1a: Seismitoad|23/100|[from] item: Leftovers
|upkeep
|turn|5
|
|switch|p2a: Hydreigon|Hydreigon, M|100/100
|switch|p1a: Aegislash|Aegislash, F|100/100
|
|upkeep
|turn|6
|
|move|p2a: Hydreigon|Dark Pulse|p1a: Aegislash
|-supereffective|p1a: Aegislash
|-damage|p1a: Aegislash|19/100
|-formechange|p1a: Aegislash|Aegislash-Blade||[from] ability: Stance Change
|move|p1a: Aegislash|Close Combat|p2a: Hydreigon
|-supereffective|p2a: Hydreigon
|-damage|p2a: Hydreigon|0 fnt
|-unboost|p1a: Aegislash|def|1
|-unboost|p1a: Aegislash|spd|1
|faint|p2a: Hydreigon
|
|upkeep
|
|switch|p2a: Mamoswine|Mamoswine, M|100/100
|turn|7
|
|move|p1a: Aegislash|Close Combat|p2a: Mamoswine
|-supereffective|p2a: Mamoswine
|-damage|p2a: Mamoswine|0 fnt
|-unboost|p1a: Aegislash|def|1
|-unboost|p1a: Aegislash|spd|1
|faint|p2a: Mamoswine
|
|upkeep
|c|☆jizzdrizzler91|Suck me poosy
|c|☆jizzdrizzler91|Suck me good
|c|☆jizzdrizzler91|WTFFAFFFFFFFFFFFfff
|c|☆Lunar Neo|no
|c|☆jizzdrizzler91|Plesse
|c|☆jizzdrizzler91|LMAO
|c|☆jizzdrizzler91|SLOW MAMO
|c|☆jizzdrizzler91|Plesse sick me
|
|switch|p2a: Rotom|Rotom-Wash|100/100
|turn|8
|c|☆jizzdrizzler91|UR TARDED
|c|☆jizzdrizzler91|Sick me
|
|switch|p1a: Seismitoad|Seismitoad, F|23/100
|move|p2a: Rotom|Volt Switch|p1a: Seismitoad
|-immune|p1a: Seismitoad
|
|-heal|p1a: Seismitoad|29/100|[from] item: Leftovers
|upkeep
|turn|9
|c|☆jizzdrizzler91|EAT DIX LOSER
|c|☆jizzdrizzler91|Suck me
|c|☆jizzdrizzler91|Sick m
|
|switch|p2a: Clefable|Clefable, M|100/100
|move|p1a: Seismitoad|Stealth Rock|p2a: Clefable
|-sidestart|p2: Lunar Neo|move: Stealth Rock
|
|-heal|p1a: Seismitoad|35/100|[from] item: Leftovers
|upkeep
|turn|10
|j| 1ceC0LD
|j| 198xad
|c|☆jizzdrizzler91|Suck me
|
|switch|p1a: Rotom|Rotom-Heat|100/100
|move|p2a: Clefable|Moonblast|p1a: Rotom
|-resisted|p1a: Rotom
|-damage|p1a: Rotom|85/100
|
|-heal|p1a: Rotom|91/100|[from] item: Leftovers
|upkeep
|turn|11
|c|☆jizzdrizzler91|Suck me
|c|☆jizzdrizzler91|Cockd
|c|☆jizzdrizzler91|Cockg
|-message|Lunar Neo forfeited.
|
|win|jizzdrizzler91
|c|☆jizzdrizzler91|Cockh
|l|☆Lunar Neo
|c|☆jizzdrizzler91|Cockh
|c|☆jizzdrizzler91|GGGGGGGGG
|c|☆jizzdrizzler91|Covkl
|c|☆jizzdrizzler91|SIOGHRIUGHWOG
|c|☆jizzdrizzler91|Covkl
|l| sorvete napolitano
|l| 1ceC0LD
|l| Insult
||Ladder (probably) updated, but score could not be retrieved (Response not received).
