|j|☆Gotmyvanson
|j|☆minimax_ai
|t:|1661725694
|gametype|singles
|player|p1|Gotmyvanson|ghetsis|1500
|player|p2|minimax_ai|lusamine-nihilego|1449
|teamsize|p1|6
|teamsize|p2|6
|gen|8
|tier|[Gen 8] OU
|rated|
|rule|Sleep Clause Mod: Limit one foe put to sleep
|rule|Species Clause: Limit one of each Pokémon
|rule|OHKO Clause: OHKO moves are banned
|rule|Evasion Items Clause: Evasion items are banned
|rule|Evasion Moves Clause: Evasion moves are banned
|rule|Endless Battle Clause: Forcing endless battles is banned
|rule|HP Percentage Mod: HP is shown in percentages
|rule|Dynamax Clause: You cannot dynamax
|clearpoke
|poke|p1|Ferrothorn, M|
|poke|p1|Tornadus-Therian, M|
|poke|p1|Weavile, F|
|poke|p1|Heatran, M|
|poke|p1|Regieleki|
|poke|p1|Clefable, M|
|poke|p2|Rotom-Wash|
|poke|p2|Weavile, M|
|poke|p2|Landorus-Therian, M|
|poke|p2|Heatran, M|
|poke|p2|Tangrowth, F|
|poke|p2|Melmetal|
|teampreview
|c|☆minimax_ai|hf
|inactive|Battle timer is ON: inactive players will automatically lose when time's up. (requested by minimax_ai)
|
|t:|1661725701
|start
|switch|p1a: Ferrothorn|Ferrothorn, M|100/100
|switch|p2a: Heatran|Heatran, M|100/100
|-item|p2a: Heatran|Air Balloon
|turn|1
|
|t:|1661725704
|switch|p1a: Heatran|Heatran, M|100/100
|-item|p1a: Heatran|Air Balloon
|move|p2a: Heatran|Eruption|p1a: Heatran
|-start|p1a: Heatran|ability: Flash Fire
|
|upkeep
|turn|2
|
|t:|1661725707
|move|p1a: Heatran|Taunt|p2a: Heatran
|-start|p2a: Heatran|move: Taunt
|cant|p2a: Heatran|move: Taunt|Stealth Rock
|
|upkeep
|turn|3
|
|t:|1661725718
|switch|p2a: rotomwash|Rotom-Wash|100/100
|move|p1a: Heatran|Toxic|p2a: rotomwash
|-status|p2a: rotomwash|tox
|
|-damage|p2a: rotomwash|94/100 tox|[from] psn
|upkeep
|turn|4
|
|t:|1661725722
|switch|p2a: Heatran|Heatran, M|100/100
|-item|p2a: Heatran|Air Balloon
|move|p1a: Heatran|Protect||[still]
|-fail|p1a: Heatran
|
|upkeep
|turn|5
|
|t:|1661725726
|move|p1a: Heatran|Protect|p1a: Heatran
|-singleturn|p1a: Heatran|Protect
|move|p2a: Heatran|Stealth Rock|p1a: Heatran
|-sidestart|p1: Gotmyvanson|move: Stealth Rock
|
|upkeep
|turn|6
|
|t:|1661725736
|-end|p1a: Heatran|ability: Flash Fire|[silent]
|switch|p1a: Clefable|Clefable, M|100/100
|move|p2a: Heatran|Eruption|p1a: Clefable
|-damage|p1a: Clefable|21/100
|
|-heal|p1a: Clefable|27/100|[from] item: Leftovers
|upkeep
|turn|7
|
|t:|1661725740
|switch|p1a: Heatran|Heatran, M|100/100
|-damage|p1a: Heatran|88/100|[from] Stealth Rock
|-item|p1a: Heatran|Air Balloon
|move|p2a: Heatran|Eruption|p1a: Heatran
|-start|p1a: Heatran|ability: Flash Fire
|
|upkeep
|turn|8
|
|t:|1661725743
|move|p1a: Heatran|Taunt|p2a: Heatran
|-start|p2a: Heatran|move: Taunt
|move|p2a: Heatran|Eruption|p1a: Heatran
|-immune|p1a: Heatran|[from] ability: Flash Fire
|
|upkeep
|turn|9
|
|t:|1661725748
|move|p1a: Heatran|Toxic|p2a: Heatran
|-immune|p2a: Heatran
|move|p2a: Heatran|Magma Storm|p1a: Heatran
|-immune|p1a: Heatran|[from] ability: Flash Fire
|
|upkeep
|turn|10
|
|t:|1661725754
|move|p2a: Heatran|Magma Storm|p1a: Heatran
|-immune|p1a: Heatran|[from] ability: Flash Fire
|move|p1a: Heatran|Taunt||[still]
|-fail|p1a: Heatran
|
|-end|p2a: Heatran|move: Taunt
|upkeep
|turn|11
|
|t:|1661725761
|move|p2a: Heatran|Eruption|p1a: Heatran
|-immune|p1a: Heatran|[from] ability: Flash Fire
|move|p1a: Heatran|Taunt|p2a: Heatran
|-start|p2a: Heatran|move: Taunt
|
|upkeep
|turn|12
|
|t:|1661725763
|move|p1a: Heatran|Taunt||[still]
|-fail|p1a: Heatran
|move|p2a: Heatran|Magma Storm|p1a: Heatran
|-immune|p1a: Heatran|[from] ability: Flash Fire
|
|upkeep
|turn|13
|
|t:|1661725767
|move|p2a: Heatran|Magma Storm|p1a: Heatran
|-immune|p1a: Heatran|[from] ability: Flash Fire
|move|p1a: Heatran|Taunt||[still]
|-fail|p1a: Heatran
|
|upkeep
|turn|14
|
|t:|1661725769
|move|p1a: Heatran|Taunt||[still]
|-fail|p1a: Heatran
|move|p2a: Heatran|Magma Storm|p1a: Heatran
|-immune|p1a: Heatran|[from] ability: Flash Fire
|
|-end|p2a: Heatran|move: Taunt
|upkeep
|turn|15
|
|t:|1661725771
|move|p1a: Heatran|Taunt|p2a: Heatran
|-start|p2a: Heatran|move: Taunt
|move|p2a: Heatran|Eruption|p1a: Heatran
|-immune|p1a: Heatran|[from] ability: Flash Fire
|
|upkeep
|turn|16
|
|t:|1661725775
|move|p1a: Heatran|Toxic|p2a: Heatran
|-immune|p2a: Heatran
|move|p2a: Heatran|Magma Storm|p1a: Heatran
|-immune|p1a: Heatran|[from] ability: Flash Fire
|
|upkeep
|turn|17
|
|t:|1661725777
|move|p1a: Heatran|Taunt||[still]
|-fail|p1a: Heatran
|move|p2a: Heatran|Magma Storm|p1a: Heatran
|-immune|p1a: Heatran|[from] ability: Flash Fire
|
|-end|p2a: Heatran|move: Taunt
|upkeep
|turn|18
|
|t:|1661725780
|move|p1a: Heatran|Taunt|p2a: Heatran
|-start|p2a: Heatran|move: Taunt
|move|p2a: Heatran|Eruption|p1a: Heatran
|-immune|p1a: Heatran|[from] ability: Flash Fire
|
|upkeep
|turn|19
|
|t:|1661725784
|move|p1a: Heatran|Magma Storm|p2a: Heatran
|-start|p2a: Heatran|ability: Flash Fire
|move|p2a: Heatran|Magma Storm|p1a: Heatran
|-immune|p1a: Heatran|[from] ability: Flash Fire
|
|upkeep
|turn|20
|
|t:|1661725789
|move|p2a: Heatran|Eruption|p1a: Heatran
|-immune|p1a: Heatran|[from] ability: Flash Fire
|move|p1a: Heatran|Toxic|p2a: Heatran
|-immune|p2a: Heatran
|
|-end|p2a: Heatran|move: Taunt
|upkeep
|turn|21
|
|t:|1661725800
|move|p1a: Heatran|Magma Storm|p2a: Heatran
|-immune|p2a: Heatran|[from] ability: Flash Fire
|move|p2a: Heatran|Earth Power|p1a: Heatran
|-immune|p1a: Heatran
|
|upkeep
|turn|22
|
|t:|1661725804
|move|p1a: Heatran|Taunt|p2a: Heatran
|-start|p2a: Heatran|move: Taunt
|move|p2a: Heatran|Earth Power|p1a: Heatran
|-immune|p1a: Heatran
|
|upkeep
|turn|23
|
|t:|1661725810
|move|p1a: Heatran|Toxic|p2a: Heatran
|-immune|p2a: Heatran
|move|p2a: Heatran|Earth Power|p1a: Heatran
|-immune|p1a: Heatran
|
|upkeep
|turn|24
|
|t:|1661725819
|move|p2a: Heatran|Earth Power|p1a: Heatran
|-immune|p1a: Heatran
|move|p1a: Heatran|Taunt||[still]
|-fail|p1a: Heatran
|
|-end|p2a: Heatran|move: Taunt
|upkeep
|turn|25
|
|t:|1661725830
|move|p1a: Heatran|Taunt|p2a: Heatran
|-start|p2a: Heatran|move: Taunt
|move|p2a: Heatran|Earth Power|p1a: Heatran
|-immune|p1a: Heatran
|
|upkeep
|turn|26
|
|t:|1661725836
|move|p1a: Heatran|Protect|p1a: Heatran
|-singleturn|p1a: Heatran|Protect
|move|p2a: Heatran|Earth Power|p1a: Heatran
|-activate|p1a: Heatran|move: Protect
|
|upkeep
|turn|27
|
|t:|1661725844
|-end|p1a: Heatran|ability: Flash Fire|[silent]
|switch|p1a: Tornadus|Tornadus-Therian, M|100/100
|move|p2a: Heatran|Earth Power|p1a: Tornadus
|-immune|p1a: Tornadus
|
|-end|p2a: Heatran|move: Taunt
|upkeep
|turn|28
|
|t:|1661725848
|move|p1a: Tornadus|Knock Off|p2a: Heatran
|-damage|p2a: Heatran|79/100
|-enditem|p2a: Heatran|Air Balloon
|move|p2a: Heatran|Earth Power|p1a: Tornadus
|-immune|p1a: Tornadus
|
|upkeep
|turn|29
|
|t:|1661725851
|move|p1a: Tornadus|Hurricane|p2a: Heatran|[miss]
|-miss|p1a: Tornadus|p2a: Heatran
|move|p2a: Heatran|Earth Power|p1a: Tornadus
|-immune|p1a: Tornadus
|
|upkeep
|turn|30
|
|t:|1661725853
|move|p1a: Tornadus|Hurricane|p2a: Heatran|[miss]
|-miss|p1a: Tornadus|p2a: Heatran
|move|p2a: Heatran|Earth Power|p1a: Tornadus
|-immune|p1a: Tornadus
|
|upkeep
|turn|31
|
|t:|1661725854
|move|p1a: Tornadus|Hurricane|p2a: Heatran
|-resisted|p2a: Heatran
|-crit|p2a: Heatran
|-damage|p2a: Heatran|51/100
|move|p2a: Heatran|Earth Power|p1a: Tornadus
|-immune|p1a: Tornadus
|
|upkeep
|turn|32
|
|t:|1661725857
|move|p1a: Tornadus|Hurricane|p2a: Heatran
|-resisted|p2a: Heatran
|-crit|p2a: Heatran
|-damage|p2a: Heatran|20/100
|move|p2a: Heatran|Earth Power|p1a: Tornadus
|-immune|p1a: Tornadus
|
|upkeep
|turn|33
|
|t:|1661725860
|-end|p2a: Heatran|ability: Flash Fire|[silent]
|switch|p2a: Melmetal|Melmetal|100/100
|move|p1a: Tornadus|Hurricane|p2a: Melmetal|[miss]
|-miss|p1a: Tornadus|p2a: Melmetal
|
|upkeep
|turn|34
|
|t:|1661725865
|move|p1a: Tornadus|U-turn|p2a: Melmetal
|-resisted|p2a: Melmetal
|-damage|p2a: Melmetal|96/100
|
|t:|1661725866
|switch|p1a: Ferrothorn|Ferrothorn, M|100/100|[from]move: U-turn
|-damage|p1a: Ferrothorn|94/100|[from] Stealth Rock
|move|p2a: Melmetal|Ice Punch|p1a: Ferrothorn
|-damage|p1a: Ferrothorn|74/100
|-status|p1a: Ferrothorn|frz
|-damage|p2a: Melmetal|83/100|[from] ability: Iron Barbs|[of] p1a: Ferrothorn
|
|-heal|p1a: Ferrothorn|80/100 frz|[from] item: Leftovers
|upkeep
|turn|35
|
|t:|1661725868
|move|p2a: Melmetal|Earthquake|p1a: Ferrothorn
|-damage|p1a: Ferrothorn|59/100 frz
|cant|p1a: Ferrothorn|frz
|
|-heal|p1a: Ferrothorn|66/100 frz|[from] item: Leftovers
|upkeep
|turn|36
|
|t:|1661725870
|move|p2a: Melmetal|Earthquake|p1a: Ferrothorn
|-damage|p1a: Ferrothorn|45/100 frz
|cant|p1a: Ferrothorn|frz
|
|-heal|p1a: Ferrothorn|51/100 frz|[from] item: Leftovers
|upkeep
|turn|37
|
|t:|1661725872
|move|p2a: Melmetal|Earthquake|p1a: Ferrothorn
|-damage|p1a: Ferrothorn|29/100 frz
|-curestatus|p1a: Ferrothorn|frz|[msg]
|move|p1a: Ferrothorn|Leech Seed|p2a: Melmetal
|-start|p2a: Melmetal|move: Leech Seed
|
|-heal|p1a: Ferrothorn|36/100|[from] item: Leftovers
|-damage|p2a: Melmetal|71/100|[from] Leech Seed|[of] p1a: Ferrothorn
|-heal|p1a: Ferrothorn|51/100|[silent]
|upkeep
|turn|38
|
|t:|1661725874
|switch|p2a: Tangrowth|Tangrowth, F|100/100
|move|p1a: Ferrothorn|Stealth Rock|p2a: Tangrowth
|-sidestart|p2: minimax_ai|move: Stealth Rock
|
|-heal|p1a: Ferrothorn|58/100|[from] item: Leftovers
|upkeep
|turn|39
|
|t:|1661725880
|move|p2a: Tangrowth|Sleep Powder|p1a: Ferrothorn
|-immune|p1a: Ferrothorn
|move|p1a: Ferrothorn|Knock Off|p2a: Tangrowth
|-damage|p2a: Tangrowth|90/100
|-damage|p1a: Ferrothorn|41/100|[from] item: Rocky Helmet|[of] p2a: Tangrowth
|-enditem|p2a: Tangrowth|Rocky Helmet|[from] move: Knock Off|[of] p1a: Ferrothorn
|
|-heal|p1a: Ferrothorn|47/100|[from] item: Leftovers
|upkeep
|turn|40
|
|t:|1661725883
|move|p2a: Tangrowth|Knock Off|p1a: Ferrothorn
|-damage|p1a: Ferrothorn|35/100
|-damage|p2a: Tangrowth|77/100|[from] ability: Iron Barbs|[of] p1a: Ferrothorn
|-enditem|p1a: Ferrothorn|Leftovers|[from] move: Knock Off|[of] p2a: Tangrowth
|move|p1a: Ferrothorn|Spikes|p2a: Tangrowth
|-sidestart|p2: minimax_ai|Spikes
|
|upkeep
|turn|41
|
|t:|1661725885
|move|p2a: Tangrowth|Focus Blast|p1a: Ferrothorn
|-supereffective|p1a: Ferrothorn
|-damage|p1a: Ferrothorn|0 fnt
|faint|p1a: Ferrothorn
|
|upkeep
|
|t:|1661725889
|switch|p1a: Heatran|Heatran, M|88/100
|-damage|p1a: Heatran|76/100|[from] Stealth Rock
|-item|p1a: Heatran|Air Balloon
|turn|42
|
|t:|1661725892
|switch|p2a: landorustherian|Landorus-Therian, M|100/100
|-damage|p2a: landorustherian|88/100|[from] Stealth Rock
|-ability|p2a: landorustherian|Intimidate|boost
|-unboost|p1a: Heatran|atk|1
|move|p1a: Heatran|Magma Storm|p2a: landorustherian
|-damage|p2a: landorustherian|52/100
|-activate|p2a: landorustherian|move: Magma Storm|[of] p1a: Heatran
|
|-heal|p2a: landorustherian|58/100|[from] item: Leftovers
|-damage|p2a: landorustherian|45/100|[from] move: Magma Storm|[partiallytrapped]
|upkeep
|turn|43
|
|t:|1661725894
|move|p1a: Heatran|Protect|p1a: Heatran
|-singleturn|p1a: Heatran|Protect
|move|p2a: landorustherian|U-turn|p1a: Heatran
|-activate|p1a: Heatran|move: Protect
|
|-heal|p2a: landorustherian|51/100|[from] item: Leftovers
|-damage|p2a: landorustherian|39/100|[from] move: Magma Storm|[partiallytrapped]
|upkeep
|turn|44
|
|t:|1661725898
|move|p1a: Heatran|Magma Storm|p2a: landorustherian
|-damage|p2a: landorustherian|0 fnt
|faint|p2a: landorustherian
|
|upkeep
|
|t:|1661725898
|switch|p2a: rotomwash|Rotom-Wash|94/100 tox
|-damage|p2a: rotomwash|82/100 tox|[from] Stealth Rock
|turn|45
|
|t:|1661725901
|move|p1a: Heatran|Protect|p1a: Heatran
|-singleturn|p1a: Heatran|Protect
|move|p2a: rotomwash|Hydro Pump|p1a: Heatran
|-activate|p1a: Heatran|move: Protect
|
|-heal|p2a: rotomwash|88/100 tox|[from] item: Leftovers
|-damage|p2a: rotomwash|82/100 tox|[from] psn
|upkeep
|turn|46
|inactive|Gotmyvanson has 120 seconds left.
|
|t:|1661725931
|switch|p1a: Clefable|Clefable, M|27/100
|move|p2a: rotomwash|Hydro Pump|p1a: Clefable|[miss]
|-miss|p2a: rotomwash|p1a: Clefable
|
|-heal|p2a: rotomwash|88/100 tox|[from] item: Leftovers
|-heal|p1a: Clefable|33/100|[from] item: Leftovers
|-damage|p2a: rotomwash|75/100 tox|[from] psn
|upkeep
|turn|47
|
|t:|1661725933
|move|p2a: rotomwash|Thunderbolt|p1a: Clefable
|-damage|p1a: Clefable|2/100
|move|p1a: Clefable|Soft-Boiled|p1a: Clefable
|-heal|p1a: Clefable|52/100
|
|-heal|p2a: rotomwash|82/100 tox|[from] item: Leftovers
|-heal|p1a: Clefable|58/100|[from] item: Leftovers
|-damage|p2a: rotomwash|63/100 tox|[from] psn
|upkeep
|turn|48
|
|t:|1661725935
|move|p2a: rotomwash|Hydro Pump|p1a: Clefable|[miss]
|-miss|p2a: rotomwash|p1a: Clefable
|move|p1a: Clefable|Soft-Boiled|p1a: Clefable
|-heal|p1a: Clefable|100/100
|
|-heal|p2a: rotomwash|69/100 tox|[from] item: Leftovers
|-damage|p2a: rotomwash|44/100 tox|[from] psn
|upkeep
|turn|49
|
|t:|1661725937
|move|p2a: rotomwash|Hydro Pump|p1a: Clefable
|-damage|p1a: Clefable|58/100
|move|p1a: Clefable|Calm Mind|p1a: Clefable
|-boost|p1a: Clefable|spa|1
|-boost|p1a: Clefable|spd|1
|
|-heal|p2a: rotomwash|50/100 tox|[from] item: Leftovers
|-heal|p1a: Clefable|64/100|[from] item: Leftovers
|-damage|p2a: rotomwash|19/100 tox|[from] psn
|upkeep
|turn|50
|
|t:|1661725939
|move|p2a: rotomwash|Pain Split|p1a: Clefable
|-sethp|p1a: Clefable|39/100|[from] move: Pain Split|[silent]
|-sethp|p2a: rotomwash|51/100 tox|[from] move: Pain Split
|move|p1a: Clefable|Soft-Boiled|p1a: Clefable
|-heal|p1a: Clefable|89/100
|
|-heal|p2a: rotomwash|57/100 tox|[from] item: Leftovers
|-heal|p1a: Clefable|95/100|[from] item: Leftovers
|-damage|p2a: rotomwash|20/100 tox|[from] psn
|upkeep
|turn|51
|
|t:|1661725943
|move|p2a: rotomwash|Pain Split|p1a: Clefable
|-sethp|p1a: Clefable|55/100|[from] move: Pain Split|[silent]
|-sethp|p2a: rotomwash|72/100 tox|[from] move: Pain Split
|move|p1a: Clefable|Soft-Boiled|p1a: Clefable
|-heal|p1a: Clefable|100/100
|
|-heal|p2a: rotomwash|78/100 tox|[from] item: Leftovers
|-damage|p2a: rotomwash|34/100 tox|[from] psn
|upkeep
|turn|52
|
|t:|1661725945
|move|p2a: rotomwash|Pain Split|p1a: Clefable
|-sethp|p1a: Clefable|63/100|[from] move: Pain Split|[silent]
|-sethp|p2a: rotomwash|82/100 tox|[from] move: Pain Split
|move|p1a: Clefable|Soft-Boiled|p1a: Clefable
|-heal|p1a: Clefable|100/100
|
|-heal|p2a: rotomwash|88/100 tox|[from] item: Leftovers
|-damage|p2a: rotomwash|38/100 tox|[from] psn
|upkeep
|turn|53
|
|t:|1661725947
|move|p2a: rotomwash|Pain Split|p1a: Clefable
|-sethp|p1a: Clefable|65/100|[from] move: Pain Split|[silent]
|-sethp|p2a: rotomwash|84/100 tox|[from] move: Pain Split
|move|p1a: Clefable|Soft-Boiled|p1a: Clefable
|-heal|p1a: Clefable|100/100
|
|-heal|p2a: rotomwash|90/100 tox|[from] item: Leftovers
|-damage|p2a: rotomwash|34/100 tox|[from] psn
|upkeep
|turn|54
|
|t:|1661725950
|move|p2a: rotomwash|Pain Split|p1a: Clefable
|-sethp|p1a: Clefable|63/100|[from] move: Pain Split|[silent]
|-sethp|p2a: rotomwash|82/100 tox|[from] move: Pain Split
|move|p1a: Clefable|Soft-Boiled|p1a: Clefable
|-heal|p1a: Clefable|100/100
|
|-heal|p2a: rotomwash|88/100 tox|[from] item: Leftovers
|-damage|p2a: rotomwash|26/100 tox|[from] psn
|upkeep
|turn|55
|
|t:|1661725952
|move|p2a: rotomwash|Pain Split|p1a: Clefable
|-sethp|p1a: Clefable|60/100|[from] move: Pain Split|[silent]
|-sethp|p2a: rotomwash|78/100 tox|[from] move: Pain Split
|move|p1a: Clefable|Soft-Boiled|p1a: Clefable
|-heal|p1a: Clefable|100/100
|
|-heal|p2a: rotomwash|84/100 tox|[from] item: Leftovers
|-damage|p2a: rotomwash|15/100 tox|[from] psn
|upkeep
|turn|56
|
|t:|1661725954
|move|p2a: rotomwash|Pain Split|p1a: Clefable
|-sethp|p1a: Clefable|56/100|[from] move: Pain Split|[silent]
|-sethp|p2a: rotomwash|73/100 tox|[from] move: Pain Split
|move|p1a: Clefable|Soft-Boiled|p1a: Clefable
|-heal|p1a: Clefable|100/100
|
|-heal|p2a: rotomwash|79/100 tox|[from] item: Leftovers
|-damage|p2a: rotomwash|4/100 tox|[from] psn
|upkeep
|turn|57
|
|t:|1661725956
|move|p2a: rotomwash|Pain Split|p1a: Clefable
|-sethp|p1a: Clefable|52/100|[from] move: Pain Split|[silent]
|-sethp|p2a: rotomwash|67/100 tox|[from] move: Pain Split
|move|p1a: Clefable|Soft-Boiled|p1a: Clefable
|-heal|p1a: Clefable|100/100
|
|-heal|p2a: rotomwash|73/100 tox|[from] item: Leftovers
|-damage|p2a: rotomwash|0 fnt|[from] psn
|faint|p2a: rotomwash
|upkeep
|
|t:|1661725956
|switch|p2a: Melmetal|Melmetal|71/100
|-damage|p2a: Melmetal|65/100|[from] Stealth Rock
|-damage|p2a: Melmetal|52/100|[from] Spikes
|turn|58
|
|t:|1661725958
|move|p1a: Clefable|Flamethrower|p2a: Melmetal
|-supereffective|p2a: Melmetal
|-damage|p2a: Melmetal|21/100
|move|p2a: Melmetal|Thunder Punch|p1a: Clefable
|-damage|p1a: Clefable|73/100
|
|-heal|p1a: Clefable|79/100|[from] item: Leftovers
|upkeep
|turn|59
|
|t:|1661725961
|switch|p2a: Heatran|Heatran, M|20/100
|-damage|p2a: Heatran|7/100|[from] Stealth Rock
|-damage|p2a: Heatran|0 fnt|[from] Spikes
|faint|p2a: Heatran
|move|p1a: Clefable|Flamethrower|p2: Heatran|[notarget]
|-fail|p1a: Clefable
|
|-heal|p1a: Clefable|85/100|[from] item: Leftovers
|upkeep
|
|t:|1661725961
|switch|p2a: Tangrowth|Tangrowth, F|100/100
|-damage|p2a: Tangrowth|88/100|[from] Stealth Rock
|-damage|p2a: Tangrowth|76/100|[from] Spikes
|turn|60
|
|t:|1661725966
|switch|p2a: Melmetal|Melmetal|21/100
|-damage|p2a: Melmetal|15/100|[from] Stealth Rock
|-damage|p2a: Melmetal|3/100|[from] Spikes
|move|p1a: Clefable|Flamethrower|p2a: Melmetal
|-supereffective|p2a: Melmetal
|-damage|p2a: Melmetal|0 fnt
|faint|p2a: Melmetal
|
|-heal|p1a: Clefable|91/100|[from] item: Leftovers
|upkeep
|
|t:|1661725966
|switch|p2a: Weavile|Weavile, M|100/100
|-damage|p2a: Weavile|76/100|[from] Stealth Rock
|-damage|p2a: Weavile|63/100|[from] Spikes
|-ability|p2a: Weavile|Pressure
|turn|61
|
|t:|1661725968
|move|p2a: Weavile|Triple Axel|p1a: Clefable
|-damage|p1a: Clefable|79/100
|-damage|p1a: Clefable|55/100
|-damage|p1a: Clefable|22/100
|-hitcount|p1a: Clefable|3
|move|p1a: Clefable|Moonblast|p2a: Weavile
|-supereffective|p2a: Weavile
|-damage|p2a: Weavile|0 fnt
|faint|p2a: Weavile
|
|-heal|p1a: Clefable|28/100|[from] item: Leftovers
|upkeep
|
|t:|1661725969
|switch|p2a: Tangrowth|Tangrowth, F|100/100
|-damage|p2a: Tangrowth|88/100|[from] Stealth Rock
|-damage|p2a: Tangrowth|76/100|[from] Spikes
|turn|62
|
|t:|1661725972
|move|p1a: Clefable|Flamethrower|p2a: Tangrowth
|-supereffective|p2a: Tangrowth
|-damage|p2a: Tangrowth|0 fnt
|faint|p2a: Tangrowth
|
|win|Gotmyvanson
|raw|Gotmyvanson's rating: 1500 &rarr; <strong>1517</strong><br />(+17 for winning)
|raw|minimax_ai's rating: 1449 &rarr; <strong>1432</strong><br />(-17 for losing)
|c|☆minimax_ai|gg
|l|☆minimax_ai
||Ladder isn't responding, score probably updated but might not have (Request timeout).
