|j|☆LT94JE Allistair
|j|☆quixana
|t:|1664534917
|gametype|singles
|player|p1|LT94JE Allistair|169|1691
|player|p2|quixana|ethan-pokeathlon|1691
|teamsize|p1|6
|teamsize|p2|6
|gen|8
|tier|[Gen 8] OU
|rated|
|rule|Sleep Clause Mod: Limit one foe put to sleep
|rule|Species Clause: Limit one of each Pokémon
|rule|OHKO Clause: OHKO moves are banned
|rule|Evasion Items Clause: Evasion items are banned
|rule|Evasion Moves Clause: Evasion moves are banned
|rule|Endless Battle Clause: Forcing endless battles is banned
|rule|HP Percentage Mod: HP is shown in percentages
|rule|Dynamax Clause: You cannot dynamax
|clearpoke
|poke|p1|Mew|
|poke|p1|Slurpuff, F|
|poke|p1|Vanilluxe, M|
|poke|p1|Tapu Fini|
|poke|p1|Weavile, F|
|poke|p1|Scizor, F|
|poke|p2|Ferrothorn, F|
|poke|p2|Victini|
|poke|p2|Tapu Fini|
|poke|p2|Landorus-Therian, M|
|poke|p2|Buzzwole|
|poke|p2|Gengar, M|
|teampreview
|inactive|Battle timer is ON: inactive players will automatically lose when time's up. (requested by LT94JE Allistair)
|
|t:|1664534976
|start
|switch|p1a: Slurpuff|Slurpuff, F|100/100
|switch|p2a: Tapu Fini|Tapu Fini|100/100
|-fieldstart|move: Misty Terrain|[from] ability: Misty Surge|[of] p2a: Tapu Fini
|turn|1
|
|t:|1664534990
|move|p1a: Slurpuff|Sticky Web|p2a: Tapu Fini
|-sidestart|p2: quixana|move: Sticky Web
|move|p2a: Tapu Fini|Moonblast|p1a: Slurpuff
|-damage|p1a: Slurpuff|45/100
|
|upkeep
|turn|2
|
|t:|1664535003
|switch|p2a: Gengar|Gengar, M|100/100
|-activate|p2a: Gengar|move: Sticky Web
|-unboost|p2a: Gengar|spe|1
|move|p1a: Slurpuff|Misty Explosion|p2a: Gengar
|-resisted|p2a: Gengar
|-damage|p2a: Gengar|62/100
|faint|p1a: Slurpuff
|
|upkeep
|
|t:|1664535025
|switch|p1a: Weavile|Weavile, F|100/100
|-ability|p1a: Weavile|Pressure
|turn|3
|
|t:|1664535038
|switch|p2a: Buzzwole|Buzzwole|100/100
|-activate|p2a: Buzzwole|move: Sticky Web
|-unboost|p2a: Buzzwole|spe|1
|move|p1a: Weavile|Knock Off|p2a: Buzzwole
|-resisted|p2a: Buzzwole
|-damage|p2a: Buzzwole|84/100
|-enditem|p2a: Buzzwole|Choice Band|[from] move: Knock Off|[of] p1a: Weavile
|
|upkeep
|turn|4
|
|t:|1664535064
|switch|p1a: Tapu Fini|Tapu Fini|100/100
|move|p2a: Buzzwole|Close Combat|p1a: Tapu Fini
|-resisted|p1a: Tapu Fini
|-damage|p1a: Tapu Fini|75/100
|-unboost|p2a: Buzzwole|def|1
|-unboost|p2a: Buzzwole|spd|1
|
|upkeep
|turn|5
|
|t:|1664535071
|switch|p1a: Vanilluxe|Vanilluxe, M|100/100
|-weather|Hail|[from] ability: Snow Warning|[of] p1a: Vanilluxe
|switch|p2a: Tapu Fini|Tapu Fini|100/100
|-activate|p2a: Tapu Fini|move: Sticky Web
|-unboost|p2a: Tapu Fini|spe|1
|
|-weather|Hail|[upkeep]
|-damage|p2a: Tapu Fini|94/100|[from] Hail
|-heal|p2a: Tapu Fini|100/100|[from] item: Leftovers
|-fieldend|Misty Terrain
|upkeep
|turn|6
|
|t:|1664535075
|switch|p2a: Ferrothorn|Ferrothorn, F|100/100
|-activate|p2a: Ferrothorn|move: Sticky Web
|-unboost|p2a: Ferrothorn|spe|1
|move|p1a: Vanilluxe|Taunt|p2a: Ferrothorn
|-start|p2a: Ferrothorn|move: Taunt
|
|-weather|Hail|[upkeep]
|-damage|p2a: Ferrothorn|94/100|[from] Hail
|-heal|p2a: Ferrothorn|100/100|[from] item: Leftovers
|upkeep
|turn|7
|
|t:|1664535080
|move|p1a: Vanilluxe|Aurora Veil|p1a: Vanilluxe
|-sidestart|p1: LT94JE Allistair|move: Aurora Veil
|move|p2a: Ferrothorn|Knock Off|p1a: Vanilluxe
|-damage|p1a: Vanilluxe|86/100
|-enditem|p1a: Vanilluxe|Light Clay|[from] move: Knock Off|[of] p2a: Ferrothorn
|
|-weather|Hail|[upkeep]
|-damage|p2a: Ferrothorn|94/100|[from] Hail
|-heal|p2a: Ferrothorn|100/100|[from] item: Leftovers
|upkeep
|turn|8
|
|t:|1664535085
|switch|p2a: Tapu Fini|Tapu Fini|100/100
|-activate|p2a: Tapu Fini|move: Sticky Web
|-unboost|p2a: Tapu Fini|spe|1
|-fieldstart|move: Misty Terrain|[from] ability: Misty Surge|[of] p2a: Tapu Fini
|move|p1a: Vanilluxe|Taunt|p2a: Tapu Fini
|-start|p2a: Tapu Fini|move: Taunt
|
|-weather|Hail|[upkeep]
|-damage|p2a: Tapu Fini|94/100|[from] Hail
|-heal|p2a: Tapu Fini|100/100|[from] item: Leftovers
|upkeep
|turn|9
|
|t:|1664535095
|switch|p2a: Ferrothorn|Ferrothorn, F|100/100
|-activate|p2a: Ferrothorn|move: Sticky Web
|-unboost|p2a: Ferrothorn|spe|1
|move|p1a: Vanilluxe|Explosion|p2a: Ferrothorn
|-resisted|p2a: Ferrothorn
|-damage|p2a: Ferrothorn|75/100
|faint|p1a: Vanilluxe
|
|-weather|none
|-heal|p2a: Ferrothorn|81/100|[from] item: Leftovers
|upkeep
|
|t:|1664535099
|switch|p1a: Mew|Mew|100/100
|turn|10
|
|t:|1664535109
|move|p1a: Mew|Taunt|p2a: Ferrothorn
|-start|p2a: Ferrothorn|move: Taunt
|cant|p2a: Ferrothorn|move: Taunt|Leech Seed
|
|-heal|p2a: Ferrothorn|87/100|[from] item: Leftovers
|upkeep
|turn|11
|
|t:|1664535113
|switch|p2a: Tapu Fini|Tapu Fini|100/100
|-activate|p2a: Tapu Fini|move: Sticky Web
|-unboost|p2a: Tapu Fini|spe|1
|move|p1a: Mew|Cosmic Power|p1a: Mew
|-boost|p1a: Mew|def|1
|-boost|p1a: Mew|spd|1
|
|upkeep
|turn|12
|
|t:|1664535125
|move|p1a: Mew|Taunt|p2a: Tapu Fini
|-start|p2a: Tapu Fini|move: Taunt
|cant|p2a: Tapu Fini|move: Taunt|Defog
|
|-fieldend|Misty Terrain
|upkeep
|turn|13
|
|t:|1664535132
|switch|p2a: Gengar|Gengar, M|62/100
|-activate|p2a: Gengar|move: Sticky Web
|-unboost|p2a: Gengar|spe|1
|move|p1a: Mew|Cosmic Power|p1a: Mew
|-boost|p1a: Mew|def|1
|-boost|p1a: Mew|spd|1
|
|upkeep
|turn|14
|
|t:|1664535139
|switch|p2a: Tapu Fini|Tapu Fini|100/100
|-activate|p2a: Tapu Fini|move: Sticky Web
|-unboost|p2a: Tapu Fini|spe|1
|-fieldstart|move: Misty Terrain|[from] ability: Misty Surge|[of] p2a: Tapu Fini
|move|p1a: Mew|Stored Power|p2a: Tapu Fini
|-crit|p2a: Tapu Fini
|-damage|p2a: Tapu Fini|67/100
|
|-heal|p2a: Tapu Fini|73/100|[from] item: Leftovers
|-sideend|p1: LT94JE Allistair|move: Aurora Veil
|upkeep
|turn|15
|inactive|quixana has 120 seconds left.
|
|t:|1664535179
|move|p1a: Mew|Taunt|p2a: Tapu Fini
|-start|p2a: Tapu Fini|move: Taunt
|cant|p2a: Tapu Fini|move: Taunt|Defog
|
|-heal|p2a: Tapu Fini|79/100|[from] item: Leftovers
|upkeep
|turn|16
|inactive|LT94JE Allistair has 120 seconds left.
|inactive|quixana has 90 seconds left.
|inactive|LT94JE Allistair has 90 seconds left.
|
|t:|1664535267
|switch|p2a: Victini|Victini|100/100
|-activate|p2a: Victini|move: Sticky Web
|-unboost|p2a: Victini|spe|1
|move|p1a: Mew|Cosmic Power|p1a: Mew
|-boost|p1a: Mew|def|1
|-boost|p1a: Mew|spd|1
|
|upkeep
|turn|17
|inactive|quixana has 90 seconds left.
|
|t:|1664535277
|move|p1a: Mew|Taunt|p2a: Victini
|-start|p2a: Victini|move: Taunt
|move|p2a: Victini|Glaciate|p1a: Mew
|-damage|p1a: Mew|93/100
|-unboost|p1a: Mew|spe|1
|
|upkeep
|turn|18
|
|t:|1664535283
|switch|p2a: Gengar|Gengar, M|62/100
|-activate|p2a: Gengar|move: Sticky Web
|-unboost|p2a: Gengar|spe|1
|move|p1a: Mew|Stored Power|p2a: Gengar
|-supereffective|p2a: Gengar
|-damage|p2a: Gengar|0 fnt
|-start|p1a: Mew|Disable|Stored Power|[from] ability: Cursed Body|[of] p2a: Gengar
|faint|p2a: Gengar
|
|-fieldend|Misty Terrain
|upkeep
|
|t:|1664535288
|switch|p2a: Buzzwole|Buzzwole|84/100
|-activate|p2a: Buzzwole|move: Sticky Web
|-unboost|p2a: Buzzwole|spe|1
|turn|19
|
|t:|1664535297
|move|p1a: Mew|Cosmic Power|p1a: Mew
|-boost|p1a: Mew|def|1
|-boost|p1a: Mew|spd|1
|move|p2a: Buzzwole|Leech Life|p1a: Mew
|-supereffective|p1a: Mew
|-crit|p1a: Mew
|-damage|p1a: Mew|0 fnt
|-heal|p2a: Buzzwole|100/100|[from] drain|[of] p1a: Mew
|faint|p1a: Mew
|-ability|p2a: Buzzwole|Beast Boost|boost
|-boost|p2a: Buzzwole|atk|1
|
|upkeep
|c|☆LT94JE Allistair|lmao
|c|☆quixana|nah
|inactive|LT94JE Allistair has 90 seconds left.
|c|☆quixana|you were going to let me trick you
|
|t:|1664535331
|switch|p1a: Tapu Fini|Tapu Fini|75/100
|-fieldstart|move: Misty Terrain|[from] ability: Misty Surge|[of] p1a: Tapu Fini
|turn|20
|
|t:|1664535348
|switch|p1a: Scizor|Scizor, F|100/100
|switch|p2a: Tapu Fini|Tapu Fini|79/100
|-activate|p2a: Tapu Fini|move: Sticky Web
|-unboost|p2a: Tapu Fini|spe|1
|
|-heal|p2a: Tapu Fini|85/100|[from] item: Leftovers
|upkeep
|turn|21
|
|t:|1664535356
|move|p1a: Scizor|Swords Dance|p1a: Scizor
|-boost|p1a: Scizor|atk|2
|move|p2a: Tapu Fini|Defog|p1a: Scizor
|-unboost|p1a: Scizor|evasion|1
|-sideend|p2: quixana|Sticky Web|[from] move: Defog|[of] p2a: Tapu Fini
|-fieldend|Misty Terrain
|
|-heal|p2a: Tapu Fini|91/100|[from] item: Leftovers
|upkeep
|turn|22
|
|t:|1664535365
|switch|p2a: Landorus|Landorus-Therian, M|100/100
|-ability|p2a: Landorus|Intimidate|boost
|-unboost|p1a: Scizor|atk|1
|move|p1a: Scizor|Swords Dance|p1a: Scizor
|-boost|p1a: Scizor|atk|2
|
|upkeep
|turn|23
|
|t:|1664535371
|move|p2a: Landorus|Earthquake|p1a: Scizor
|-damage|p1a: Scizor|30/100
|move|p1a: Scizor|Knock Off|p2a: Landorus
|-damage|p2a: Landorus|0 fnt
|-enditem|p2a: Landorus|Leftovers|[from] move: Knock Off|[of] p1a: Scizor
|faint|p2a: Landorus
|
|upkeep
|
|t:|1664535374
|switch|p2a: Victini|Victini|100/100
|turn|24
|
|t:|1664535381
|move|p1a: Scizor|Bullet Punch|p2a: Victini
|-resisted|p2a: Victini
|-damage|p2a: Victini|60/100
|move|p2a: Victini|Blue Flare|p1a: Scizor
|-supereffective|p1a: Scizor
|-damage|p1a: Scizor|0 fnt
|faint|p1a: Scizor
|
|upkeep
|
|t:|1664535384
|switch|p1a: Weavile|Weavile, F|100/100
|-ability|p1a: Weavile|Pressure
|turn|25
|
|t:|1664535401
|switch|p2a: Tapu Fini|Tapu Fini|91/100
|-fieldstart|move: Misty Terrain|[from] ability: Misty Surge|[of] p2a: Tapu Fini
|move|p1a: Weavile|Knock Off|p2a: Tapu Fini
|-resisted|p2a: Tapu Fini
|-damage|p2a: Tapu Fini|73/100
|-enditem|p2a: Tapu Fini|Leftovers|[from] move: Knock Off|[of] p1a: Weavile
|
|upkeep
|turn|26
|
|t:|1664535404
|switch|p1a: Tapu Fini|Tapu Fini|75/100
|move|p2a: Tapu Fini|Knock Off|p1a: Tapu Fini
|-resisted|p1a: Tapu Fini
|-damage|p1a: Tapu Fini|70/100
|-enditem|p1a: Tapu Fini|Weakness Policy|[from] move: Knock Off|[of] p2a: Tapu Fini
|
|upkeep
|turn|27
|
|t:|1664535419
|switch|p2a: Ferrothorn|Ferrothorn, F|87/100
|move|p1a: Tapu Fini|Calm Mind|p1a: Tapu Fini
|-boost|p1a: Tapu Fini|spa|1
|-boost|p1a: Tapu Fini|spd|1
|
|-heal|p2a: Ferrothorn|94/100|[from] item: Leftovers
|upkeep
|turn|28
|
|t:|1664535423
|move|p1a: Tapu Fini|Taunt|p2a: Ferrothorn
|-start|p2a: Ferrothorn|move: Taunt
|move|p2a: Ferrothorn|Gyro Ball|p1a: Tapu Fini
|-damage|p1a: Tapu Fini|35/100
|
|-heal|p2a: Ferrothorn|99/100|[from] item: Leftovers
|upkeep
|turn|29
|
|t:|1664535426
|move|p1a: Tapu Fini|Surf|p2a: Ferrothorn
|-resisted|p2a: Ferrothorn
|-damage|p2a: Ferrothorn|85/100
|move|p2a: Ferrothorn|Gyro Ball|p1a: Tapu Fini
|-damage|p1a: Tapu Fini|0 fnt
|faint|p1a: Tapu Fini
|
|-heal|p2a: Ferrothorn|91/100|[from] item: Leftovers
|-fieldend|Misty Terrain
|upkeep
|-message|LT94JE Allistair forfeited.
|
|win|quixana
|raw|LT94JE Allistair's rating: 1691 &rarr; <strong>1671</strong><br />(-20 for losing)
|raw|quixana's rating: 1691 &rarr; <strong>1711</strong><br />(+20 for winning)
|l|☆LT94JE Allistair
||Ladder isn't responding, score probably updated but might not have (Request timeout).
