|j|☆galarian dragapult
|j|☆minimax_ai
|t:|1663838096
|gametype|singles
|player|p1|galarian dragapult|zinzolin|1627
|player|p2|minimax_ai|lusamine-nihilego|1665
|teamsize|p1|6
|teamsize|p2|6
|gen|8
|tier|[Gen 8] OU
|rated|
|rule|Sleep Clause Mod: Limit one foe put to sleep
|rule|Species Clause: Limit one of each Pokémon
|rule|OHKO Clause: OHKO moves are banned
|rule|Evasion Items Clause: Evasion items are banned
|rule|Evasion Moves Clause: Evasion moves are banned
|rule|Endless Battle Clause: Forcing endless battles is banned
|rule|HP Percentage Mod: HP is shown in percentages
|rule|Dynamax Clause: You cannot dynamax
|clearpoke
|poke|p1|Blacephalon|
|poke|p1|Blissey, F|
|poke|p1|Buzzwole|
|poke|p1|Melmetal|
|poke|p1|Slowbro, F|
|poke|p1|Landorus-Therian, M|
|poke|p2|Rotom-Wash|
|poke|p2|Weavile, F|
|poke|p2|Landorus-Therian, M|
|poke|p2|Heatran, M|
|poke|p2|Tangrowth, F|
|poke|p2|Melmetal|
|teampreview
|c|☆minimax_ai|hf
|inactive|Battle timer is ON: inactive players will automatically lose when time's up. (requested by minimax_ai)
|
|t:|1663838120
|start
|switch|p1a: Landorus|Landorus-Therian, M|100/100
|switch|p2a: landorustherian|Landorus-Therian, M|100/100
|-ability|p2a: landorustherian|Intimidate|boost
|-unboost|p1a: Landorus|atk|1
|-ability|p1a: Landorus|Intimidate|boost
|-unboost|p2a: landorustherian|atk|1
|turn|1
|
|t:|1663838123
|move|p2a: landorustherian|Toxic|p1a: Landorus
|-status|p1a: Landorus|tox
|move|p1a: Landorus|Knock Off|p2a: landorustherian
|-damage|p2a: landorustherian|80/100
|-enditem|p2a: landorustherian|Leftovers|[from] move: Knock Off|[of] p1a: Landorus
|
|-damage|p1a: Landorus|94/100 tox|[from] psn
|upkeep
|turn|2
|
|t:|1663838129
|move|p1a: Landorus|U-turn|p2a: landorustherian
|-resisted|p2a: landorustherian
|-damage|p2a: landorustherian|73/100
|
|t:|1663838134
|switch|p1a: Blissey|Blissey, F|100/100|[from]move: U-turn
|move|p2a: landorustherian|Toxic|p1a: Blissey
|-status|p1a: Blissey|tox
|
|-damage|p1a: Blissey|94/100 tox|[from] psn
|upkeep
|turn|3
|
|t:|1663838137
|switch|p2a: rotomwash|Rotom-Wash|100/100
|move|p1a: Blissey|Toxic|p2a: rotomwash
|-status|p2a: rotomwash|tox
|
|-damage|p2a: rotomwash|94/100 tox|[from] psn
|-damage|p1a: Blissey|82/100 tox|[from] psn
|upkeep
|turn|4
|
|t:|1663838144
|move|p2a: rotomwash|Nasty Plot|p2a: rotomwash
|-boost|p2a: rotomwash|spa|2
|move|p1a: Blissey|Stealth Rock|p2a: rotomwash
|-sidestart|p2: minimax_ai|move: Stealth Rock
|
|-heal|p2a: rotomwash|100/100 tox|[from] item: Leftovers
|-damage|p2a: rotomwash|88/100 tox|[from] psn
|-damage|p1a: Blissey|64/100 tox|[from] psn
|upkeep
|turn|5
|
|t:|1663838148
|move|p2a: rotomwash|Hydro Pump|p1a: Blissey
|-damage|p1a: Blissey|31/100 tox
|move|p1a: Blissey|Soft-Boiled|p1a: Blissey
|-heal|p1a: Blissey|81/100 tox
|
|-heal|p2a: rotomwash|94/100 tox|[from] item: Leftovers
|-damage|p2a: rotomwash|75/100 tox|[from] psn
|-damage|p1a: Blissey|56/100 tox|[from] psn
|upkeep
|turn|6
|
|t:|1663838151
|-curestatus|p1a: Blissey|tox|[from] ability: Natural Cure
|switch|p1a: Slowbro|Slowbro, F|100/100
|move|p2a: rotomwash|Hydro Pump|p1a: Slowbro
|-resisted|p1a: Slowbro
|-damage|p1a: Slowbro|67/100
|
|-heal|p2a: rotomwash|82/100 tox|[from] item: Leftovers
|-damage|p2a: rotomwash|57/100 tox|[from] psn
|upkeep
|turn|7
|j| Still a thing
|
|t:|1663838154
|switch|p1a: Blissey|Blissey, F|56/100
|move|p2a: rotomwash|Hydro Pump|p1a: Blissey
|-damage|p1a: Blissey|27/100
|
|-heal|p2a: rotomwash|63/100 tox|[from] item: Leftovers
|-damage|p2a: rotomwash|32/100 tox|[from] psn
|upkeep
|turn|8
|
|t:|1663838158
|move|p2a: rotomwash|Hydro Pump|p1a: Blissey
|-damage|p1a: Blissey|0 fnt
|faint|p1a: Blissey
|
|-heal|p2a: rotomwash|38/100 tox|[from] item: Leftovers
|-damage|p2a: rotomwash|0 fnt|[from] psn
|faint|p2a: rotomwash
|upkeep
|
|t:|1663838169
|switch|p2a: Melmetal|Melmetal|100/100
|switch|p1a: Buzzwole|Buzzwole|100/100
|-damage|p2a: Melmetal|94/100|[from] Stealth Rock
|turn|9
|
|t:|1663838173
|switch|p1a: Slowbro|Slowbro, F|99/100
|move|p2a: Melmetal|Double Iron Bash|p1a: Slowbro
|-resisted|p1a: Slowbro
|-damage|p1a: Slowbro|83/100
|-damage|p2a: Melmetal|78/100|[from] item: Rocky Helmet|[of] p1a: Slowbro
|-resisted|p1a: Slowbro
|-damage|p1a: Slowbro|67/100
|-damage|p2a: Melmetal|61/100|[from] item: Rocky Helmet|[of] p1a: Slowbro
|-hitcount|p1a: Slowbro|2
|
|upkeep
|turn|10
|
|t:|1663838175
|move|p2a: Melmetal|Double Iron Bash|p1a: Slowbro
|-resisted|p1a: Slowbro
|-damage|p1a: Slowbro|51/100
|-damage|p2a: Melmetal|45/100|[from] item: Rocky Helmet|[of] p1a: Slowbro
|-resisted|p1a: Slowbro
|-damage|p1a: Slowbro|36/100
|-damage|p2a: Melmetal|28/100|[from] item: Rocky Helmet|[of] p1a: Slowbro
|-hitcount|p1a: Slowbro|2
|cant|p1a: Slowbro|flinch
|
|upkeep
|turn|11
|
|t:|1663838178
|move|p2a: Melmetal|Double Iron Bash|p1a: Slowbro
|-resisted|p1a: Slowbro
|-damage|p1a: Slowbro|19/100
|-damage|p2a: Melmetal|12/100|[from] item: Rocky Helmet|[of] p1a: Slowbro
|-resisted|p1a: Slowbro
|-damage|p1a: Slowbro|4/100
|-damage|p2a: Melmetal|0 fnt|[from] item: Rocky Helmet|[of] p1a: Slowbro
|faint|p2a: Melmetal
|-hitcount|p1a: Slowbro|2
|move|p1a: Slowbro|Teleport|p1a: Slowbro
|
|t:|1663838183
|switch|p1a: Buzzwole|Buzzwole|100/100|[from]move: Teleport
|
|upkeep
|
|t:|1663838183
|switch|p2a: Tangrowth|Tangrowth, F|100/100
|-damage|p2a: Tangrowth|88/100|[from] Stealth Rock
|turn|12
|l| Still a thing
|
|t:|1663838188
|switch|p1a: Landorus|Landorus-Therian, M|94/100 tox
|-ability|p1a: Landorus|Intimidate|boost
|-unboost|p2a: Tangrowth|atk|1
|move|p2a: Tangrowth|Giga Drain|p1a: Landorus
|-damage|p1a: Landorus|73/100 tox
|-heal|p2a: Tangrowth|98/100|[from] drain|[of] p1a: Landorus
|
|-heal|p1a: Landorus|79/100 tox|[from] item: Leftovers
|-damage|p1a: Landorus|73/100 tox|[from] psn
|upkeep
|turn|13
|
|t:|1663838192
|move|p1a: Landorus|Knock Off|p2a: Tangrowth
|-damage|p2a: Tangrowth|81/100
|-damage|p1a: Landorus|57/100 tox|[from] item: Rocky Helmet|[of] p2a: Tangrowth
|-enditem|p2a: Tangrowth|Rocky Helmet|[from] move: Knock Off|[of] p1a: Landorus
|move|p2a: Tangrowth|Sleep Powder|p1a: Landorus|[miss]
|-miss|p2a: Tangrowth|p1a: Landorus
|
|-heal|p1a: Landorus|63/100 tox|[from] item: Leftovers
|-damage|p1a: Landorus|50/100 tox|[from] psn
|upkeep
|turn|14
|
|t:|1663838196
|move|p1a: Landorus|U-turn|p2a: Tangrowth
|-supereffective|p2a: Tangrowth
|-damage|p2a: Tangrowth|59/100
|
|t:|1663838198
|switch|p1a: Slowbro|Slowbro, F|37/100|[from]move: U-turn
|move|p2a: Tangrowth|Sleep Powder|p1a: Slowbro
|-status|p1a: Slowbro|slp|[from] move: Sleep Powder
|
|upkeep
|turn|15
|
|t:|1663838204
|switch|p1a: Landorus|Landorus-Therian, M|50/100 tox
|-ability|p1a: Landorus|Intimidate|boost
|-unboost|p2a: Tangrowth|atk|1
|move|p2a: Tangrowth|Giga Drain|p1a: Landorus
|-damage|p1a: Landorus|31/100 tox
|-heal|p2a: Tangrowth|68/100|[from] drain|[of] p1a: Landorus
|
|-heal|p1a: Landorus|37/100 tox|[from] item: Leftovers
|-damage|p1a: Landorus|31/100 tox|[from] psn
|upkeep
|turn|16
|
|t:|1663838206
|switch|p2a: Heatran|Heatran, M|100/100
|-damage|p2a: Heatran|88/100|[from] Stealth Rock
|-item|p2a: Heatran|Air Balloon
|move|p1a: Landorus|U-turn|p2a: Heatran
|-resisted|p2a: Heatran
|-damage|p2a: Heatran|83/100
|-enditem|p2a: Heatran|Air Balloon
|
|t:|1663838211
|switch|p1a: Melmetal|Melmetal|100/100|[from]move: U-turn
|
|upkeep
|turn|17
|
|t:|1663838218
|move|p2a: Heatran|Eruption|p1a: Melmetal
|-supereffective|p1a: Melmetal
|-damage|p1a: Melmetal|0 fnt
|faint|p1a: Melmetal
|
|upkeep
|
|t:|1663838220
|switch|p1a: Buzzwole|Buzzwole|100/100
|turn|18
|
|t:|1663838221
|switch|p2a: landorustherian|Landorus-Therian, M|73/100
|-damage|p2a: landorustherian|61/100|[from] Stealth Rock
|-ability|p2a: landorustherian|Intimidate|boost
|-unboost|p1a: Buzzwole|atk|1
|move|p1a: Buzzwole|Close Combat|p2a: landorustherian
|-resisted|p2a: landorustherian
|-damage|p2a: landorustherian|44/100
|-unboost|p1a: Buzzwole|def|1
|-unboost|p1a: Buzzwole|spd|1
|
|upkeep
|turn|19
|
|t:|1663838224
|switch|p2a: Tangrowth|Tangrowth, F|100/100
|-damage|p2a: Tangrowth|88/100|[from] Stealth Rock
|move|p1a: Buzzwole|Ice Punch|p2a: Tangrowth
|-supereffective|p2a: Tangrowth
|-damage|p2a: Tangrowth|71/100
|
|upkeep
|turn|20
|
|t:|1663838227
|switch|p1a: Landorus|Landorus-Therian, M|31/100 tox
|-ability|p1a: Landorus|Intimidate|boost
|-unboost|p2a: Tangrowth|atk|1
|move|p2a: Tangrowth|Giga Drain|p1a: Landorus
|-damage|p1a: Landorus|8/100 tox
|-heal|p2a: Tangrowth|82/100|[from] drain|[of] p1a: Landorus
|
|-heal|p1a: Landorus|14/100 tox|[from] item: Leftovers
|-damage|p1a: Landorus|8/100 tox|[from] psn
|upkeep
|turn|21
|
|t:|1663838229
|move|p1a: Landorus|Knock Off|p2a: Tangrowth
|-damage|p2a: Tangrowth|71/100
|move|p2a: Tangrowth|Giga Drain|p1a: Landorus
|-damage|p1a: Landorus|0 fnt
|-heal|p2a: Tangrowth|74/100|[from] drain|[of] p1a: Landorus
|faint|p1a: Landorus
|
|upkeep
|
|t:|1663838230
|switch|p1a: Blacephalon|Blacephalon|100/100
|turn|22
|
|t:|1663838233
|switch|p2a: landorustherian|Landorus-Therian, M|44/100
|-damage|p2a: landorustherian|31/100|[from] Stealth Rock
|-ability|p2a: landorustherian|Intimidate|boost
|-unboost|p1a: Blacephalon|atk|1
|move|p1a: Blacephalon|Shadow Ball|p2a: landorustherian
|-damage|p2a: landorustherian|0 fnt
|faint|p2a: landorustherian
|-ability|p1a: Blacephalon|Beast Boost|boost
|-boost|p1a: Blacephalon|spa|1
|
|upkeep
|
|t:|1663838233
|switch|p2a: Weavile|Weavile, F|100/100
|-damage|p2a: Weavile|76/100|[from] Stealth Rock
|-ability|p2a: Weavile|Pressure
|turn|23
|
|t:|1663838236
|switch|p1a: Buzzwole|Buzzwole|100/100
|move|p2a: Weavile|Triple Axel|p1a: Buzzwole
|-damage|p1a: Buzzwole|93/100
|-damage|p1a: Buzzwole|80/100
|-damage|p1a: Buzzwole|60/100
|-hitcount|p1a: Buzzwole|3
|
|upkeep
|turn|24
|
|t:|1663838237
|move|p2a: Weavile|Triple Axel|p1a: Buzzwole
|-damage|p1a: Buzzwole|53/100
|-damage|p1a: Buzzwole|38/100
|-damage|p1a: Buzzwole|17/100
|-hitcount|p1a: Buzzwole|3
|move|p1a: Buzzwole|Roost|p1a: Buzzwole
|-heal|p1a: Buzzwole|67/100
|-singleturn|p1a: Buzzwole|move: Roost
|
|upkeep
|turn|25
|
|t:|1663838239
|move|p2a: Weavile|Triple Axel|p1a: Buzzwole
|-damage|p1a: Buzzwole|61/100
|-damage|p1a: Buzzwole|46/100
|-damage|p1a: Buzzwole|26/100
|-hitcount|p1a: Buzzwole|3
|move|p1a: Buzzwole|Roost|p1a: Buzzwole
|-heal|p1a: Buzzwole|76/100
|-singleturn|p1a: Buzzwole|move: Roost
|
|upkeep
|turn|26
|
|t:|1663838241
|move|p2a: Weavile|Triple Axel|p1a: Buzzwole
|-damage|p1a: Buzzwole|69/100
|-damage|p1a: Buzzwole|55/100
|-damage|p1a: Buzzwole|35/100
|-hitcount|p1a: Buzzwole|3
|move|p1a: Buzzwole|Close Combat|p2a: Weavile
|-supereffective|p2a: Weavile
|-damage|p2a: Weavile|0 fnt
|-unboost|p1a: Buzzwole|def|1
|-unboost|p1a: Buzzwole|spd|1
|faint|p2a: Weavile
|-ability|p1a: Buzzwole|Beast Boost|boost
|-boost|p1a: Buzzwole|def|1
|
|upkeep
|
|t:|1663838241
|switch|p2a: Heatran|Heatran, M|83/100
|-damage|p2a: Heatran|70/100|[from] Stealth Rock
|turn|27
|
|t:|1663838246
|move|p2a: Heatran|Earth Power|p1a: Buzzwole
|-resisted|p1a: Buzzwole
|-damage|p1a: Buzzwole|5/100
|move|p1a: Buzzwole|Earthquake|p2a: Heatran
|-supereffective|p2a: Heatran
|-damage|p2a: Heatran|0 fnt
|faint|p2a: Heatran
|-ability|p1a: Buzzwole|Beast Boost|boost
|-boost|p1a: Buzzwole|def|1
|
|upkeep
|
|t:|1663838247
|switch|p2a: Tangrowth|Tangrowth, F|100/100
|-damage|p2a: Tangrowth|88/100|[from] Stealth Rock
|turn|28
|
|t:|1663838249
|move|p1a: Buzzwole|Close Combat|p2a: Tangrowth
|-damage|p2a: Tangrowth|58/100
|-unboost|p1a: Buzzwole|def|1
|-unboost|p1a: Buzzwole|spd|1
|move|p2a: Tangrowth|Knock Off|p1a: Buzzwole
|-resisted|p1a: Buzzwole
|-damage|p1a: Buzzwole|0 fnt
|-enditem|p1a: Buzzwole|Heavy-Duty Boots|[from] move: Knock Off|[of] p2a: Tangrowth
|faint|p1a: Buzzwole
|
|upkeep
|
|t:|1663838251
|switch|p1a: Blacephalon|Blacephalon|100/100
|turn|29
|
|t:|1663838252
|move|p1a: Blacephalon|Flamethrower|p2a: Tangrowth
|-supereffective|p2a: Tangrowth
|-damage|p2a: Tangrowth|0 fnt
|faint|p2a: Tangrowth
|
|win|galarian dragapult
|raw|galarian dragapult's rating: 1627 &rarr; <strong>1649</strong><br />(+22 for winning)
|raw|minimax_ai's rating: 1665 &rarr; <strong>1643</strong><br />(-22 for losing)
|c|☆minimax_ai|gg
