|j|☆BigL91
|j|☆MegaZard29
|player|p1|BigL91|135|1420
|player|p2|MegaZard29|red|1347
|teamsize|p1|6
|teamsize|p2|6
|gametype|singles
|gen|8
|tier|[Gen 8] OU
|rated|
|html|<div class="broadcast-blue"><strong>OU is currently suspecting Dracovish! For information on how to participate check out the <a href="https://www.smogon.com/forums/threads/3664521/">suspect thread</a>.</strong></div>
|clearpoke
|poke|p1|Seismitoad, M|
|poke|p1|Clefable, F|
|poke|p1|Corviknight, M|
|poke|p1|Conkeldurr, F|
|poke|p1|Kyurem|
|poke|p1|Zeraora|
|poke|p2|Torkoal, M|
|poke|p2|Charizard, F|
|poke|p2|Venusaur, M|
|poke|p2|Zeraora|
|poke|p2|Dracovish|
|poke|p2|Dragapult, F|
|rule|Sleep Clause Mod: Limit one foe put to sleep
|rule|Species Clause: Limit one of each Pokémon
|rule|OHKO Clause: OHKO moves are banned
|rule|Evasion Moves Clause: Evasion moves are banned
|rule|Endless Battle Clause: Forcing endless battles is banned
|rule|HP Percentage Mod: HP is shown in percentages
|rule|Dynamax Clause: You cannot dynamax
|teampreview
|j| BlueFlierCurse
|j| youjohneh
|j| Dankest Khan
|inactive|Battle timer is ON: inactive players will automatically lose when time's up. (requested by MegaZard29)
|
|start
|switch|p1a: Seismitoad|Seismitoad, M|100/100
|switch|p2a: AT&T|Torkoal, M|100/100
|-weather|SunnyDay|[from] ability: Drought|[of] p2a: AT&T
|turn|1
|
|switch|p2a: Rafflesia|Venusaur, M|100/100
|move|p1a: Seismitoad|Toxic|p2a: Rafflesia
|-immune|p2a: Rafflesia
|
|-weather|SunnyDay|[upkeep]
|upkeep
|turn|2
|
|switch|p1a: Kyurem|Kyurem|100/100
|-ability|p1a: Kyurem|Pressure
|move|p2a: Rafflesia|Growth|p2a: Rafflesia
|-boost|p2a: Rafflesia|atk|2
|-boost|p2a: Rafflesia|spa|2
|
|-weather|SunnyDay|[upkeep]
|upkeep
|turn|3
|inactive|MegaZard29 has 120 seconds left.
|
|move|p2a: Rafflesia|Weather Ball|p1a: Kyurem
|-damage|p1a: Kyurem|0 fnt
|-damage|p2a: Rafflesia|91/100|[from] item: Life Orb
|faint|p1a: Kyurem
|
|-weather|SunnyDay|[upkeep]
|upkeep
|
|switch|p1a: Clefable|Clefable, F|100/100
|turn|4
|
|move|p1a: Clefable|Protect|p1a: Clefable
|-singleturn|p1a: Clefable|Protect
|move|p2a: Rafflesia|Sludge Bomb|p1a: Clefable
|-activate|p1a: Clefable|move: Protect
|
|-weather|SunnyDay|[upkeep]
|upkeep
|turn|5
|
|switch|p1a: Seismitoad|Seismitoad, M|100/100
|move|p2a: Rafflesia|Weather Ball|p1a: Seismitoad
|-resisted|p1a: Seismitoad
|-crit|p1a: Seismitoad
|-damage|p1a: Seismitoad|11/100
|-damage|p2a: Rafflesia|81/100|[from] item: Life Orb
|
|-weather|SunnyDay|[upkeep]
|-heal|p1a: Seismitoad|17/100|[from] item: Leftovers
|upkeep
|turn|6
|c| BlueFlierCurse|POGGERS
|
|switch|p1a: Corviknight|Corviknight, M|100/100
|-ability|p1a: Corviknight|Pressure
|move|p2a: Rafflesia|Weather Ball|p1a: Corviknight
|-supereffective|p1a: Corviknight
|-damage|p1a: Corviknight|0 fnt
|-damage|p2a: Rafflesia|71/100|[from] item: Life Orb
|faint|p1a: Corviknight
|
|-weather|SunnyDay|[upkeep]
|upkeep
|c| Dankest Khan|Suq Madiq
|-message|BigL91 forfeited.
|
|win|MegaZard29
|l|☆BigL91
|raw|BigL91's rating: 1420 &rarr; <strong>1396</strong><br />(-24 for losing)
|raw|MegaZard29's rating: 1347 &rarr; <strong>1371</strong><br />(+24 for winning)
