|j|☆barry1234zjy
|j|☆stopthreat
|t:|1664334738
|gametype|singles
|player|p1|barry1234zjy|265|1639
|player|p2|stopthreat|gentleman-gen4|1685
|teamsize|p1|6
|teamsize|p2|6
|gen|8
|tier|[Gen 8] OU
|rated|
|rule|Sleep Clause Mod: Limit one foe put to sleep
|rule|Species Clause: Limit one of each Pokémon
|rule|OHKO Clause: OHKO moves are banned
|rule|Evasion Items Clause: Evasion items are banned
|rule|Evasion Moves Clause: Evasion moves are banned
|rule|Endless Battle Clause: Forcing endless battles is banned
|rule|HP Percentage Mod: HP is shown in percentages
|rule|Dynamax Clause: You cannot dynamax
|clearpoke
|poke|p1|Ninetales-Alola, M|
|poke|p1|Heatran, M|
|poke|p1|Landorus-Therian, M|
|poke|p1|Tapu Fini|
|poke|p1|Arctozolt|
|poke|p1|Kartana|
|poke|p2|Slowking-Galar, M|
|poke|p2|Tornadus-Therian, M|
|poke|p2|Dragapult, F|
|poke|p2|Landorus-Therian, M|
|poke|p2|Clefable, M|
|poke|p2|Buzzwole|
|teampreview
|inactive|Battle timer is ON: inactive players will automatically lose when time's up. (requested by barry1234zjy)
|
|t:|1664334753
|start
|switch|p1a: Chaos|Heatran, M|100/100
|switch|p2a: Dragapult|Dragapult, F|100/100
|-item|p1a: Chaos|Air Balloon
|turn|1
|j| bonifan
|
|t:|1664334766
|move|p2a: Dragapult|Shadow Ball|p1a: Chaos
|-damage|p1a: Chaos|46/100
|-unboost|p1a: Chaos|spd|1
|-enditem|p1a: Chaos|Air Balloon
|move|p1a: Chaos|Stealth Rock|p2a: Dragapult
|-sidestart|p2: stopthreat|move: Stealth Rock
|
|upkeep
|turn|2
|
|t:|1664334784
|switch|p1a: Frozen Soul|Ninetales-Alola, M, shiny|100/100
|-weather|Hail|[from] ability: Snow Warning|[of] p1a: Frozen Soul
|move|p2a: Dragapult|Shadow Ball|p1a: Frozen Soul
|-damage|p1a: Frozen Soul|49/100
|
|-weather|Hail|[upkeep]
|-damage|p2a: Dragapult|95/100|[from] Hail
|upkeep
|turn|3
|
|t:|1664334797
|switch|p1a: Raven|Tapu Fini, shiny|100/100
|-fieldstart|move: Misty Terrain|[from] ability: Misty Surge|[of] p1a: Raven
|move|p2a: Dragapult|Shadow Ball|p1a: Raven
|-damage|p1a: Raven|58/100
|-unboost|p1a: Raven|spd|1
|
|-weather|Hail|[upkeep]
|-damage|p2a: Dragapult|89/100|[from] Hail
|-damage|p1a: Raven|52/100|[from] Hail
|-heal|p1a: Raven|58/100|[from] item: Leftovers
|upkeep
|turn|4
|c| bonifan|cheering for you barry
|
|t:|1664334821
|switch|p1a: Destroyer|Arctozolt, shiny|100/100
|move|p2a: Dragapult|Shadow Ball|p1a: Destroyer
|-damage|p1a: Destroyer|20/100
|
|-weather|Hail|[upkeep]
|-damage|p2a: Dragapult|83/100|[from] Hail
|upkeep
|turn|5
|
|t:|1664334831
|switch|p2a: Slowking|Slowking-Galar, M|100/100
|-damage|p2a: Slowking|88/100|[from] Stealth Rock
|move|p1a: Destroyer|Blizzard|p2a: Slowking
|-damage|p2a: Slowking|70/100
|
|-weather|Hail|[upkeep]
|-damage|p2a: Slowking|64/100|[from] Hail
|upkeep
|turn|6
|
|t:|1664334841
|switch|p2a: Buzzwole|Buzzwole|100/100
|-damage|p2a: Buzzwole|88/100|[from] Stealth Rock
|move|p1a: Destroyer|Blizzard|p2a: Buzzwole
|-damage|p2a: Buzzwole|41/100
|
|-weather|Hail|[upkeep]
|-damage|p2a: Buzzwole|34/100|[from] Hail
|upkeep
|turn|7
|
|t:|1664334863
|switch|p2a: Slowking|Slowking-Galar, M|97/100
|-damage|p2a: Slowking|85/100|[from] Stealth Rock
|move|p1a: Destroyer|Bolt Beak|p2a: Slowking
|-damage|p2a: Slowking|4/100
|
|-weather|Hail|[upkeep]
|-damage|p2a: Slowking|0 fnt|[from] Hail
|faint|p2a: Slowking
|-fieldend|Misty Terrain
|upkeep
|
|t:|1664334870
|switch|p2a: Dragapult|Dragapult, F|83/100
|-damage|p2a: Dragapult|70/100|[from] Stealth Rock
|turn|8
|
|t:|1664334883
|switch|p1a: Enten|Landorus-Therian, M, shiny|100/100
|-ability|p1a: Enten|Intimidate|boost
|-unboost|p2a: Dragapult|atk|1
|move|p2a: Dragapult|Shadow Ball|p1a: Enten
|-damage|p1a: Enten|51/100
|
|-weather|Hail|[upkeep]
|-damage|p2a: Dragapult|64/100|[from] Hail
|-damage|p1a: Enten|45/100|[from] Hail
|-heal|p1a: Enten|51/100|[from] item: Leftovers
|upkeep
|turn|9
|
|t:|1664334895
|switch|p2a: Tornadus|Tornadus-Therian, M|100/100
|move|p1a: Enten|Knock Off|p2a: Tornadus
|-damage|p2a: Tornadus|71/100
|-enditem|p2a: Tornadus|Heavy-Duty Boots|[from] move: Knock Off|[of] p1a: Enten
|
|-weather|none
|-heal|p1a: Enten|57/100|[from] item: Leftovers
|upkeep
|turn|10
|
|t:|1664334909
|move|p2a: Tornadus|Nasty Plot|p2a: Tornadus
|-boost|p2a: Tornadus|spa|2
|move|p1a: Enten|U-turn|p2a: Tornadus
|-resisted|p2a: Tornadus
|-damage|p2a: Tornadus|60/100
|
|t:|1664334916
|switch|p1a: Frozen Soul|Ninetales-Alola, M, shiny|49/100|[from]move: U-turn
|-weather|Hail|[from] ability: Snow Warning|[of] p1a: Frozen Soul
|
|-weather|Hail|[upkeep]
|-damage|p2a: Tornadus|54/100|[from] Hail
|upkeep
|turn|11
|
|t:|1664334930
|move|p2a: Tornadus|Hurricane|p1a: Frozen Soul
|-damage|p1a: Frozen Soul|0 fnt
|faint|p1a: Frozen Soul
|
|-weather|Hail|[upkeep]
|-damage|p2a: Tornadus|47/100|[from] Hail
|upkeep
|
|t:|1664334938
|switch|p1a: Destroyer|Arctozolt, shiny|20/100
|turn|12
|
|t:|1664334941
|switch|p2a: Buzzwole|Buzzwole|34/100
|-damage|p2a: Buzzwole|22/100|[from] Stealth Rock
|move|p1a: Destroyer|Blizzard|p2a: Buzzwole
|-crit|p2a: Buzzwole
|-damage|p2a: Buzzwole|0 fnt
|faint|p2a: Buzzwole
|
|-weather|Hail|[upkeep]
|upkeep
|
|t:|1664334944
|switch|p2a: Dragapult|Dragapult, F|64/100
|-damage|p2a: Dragapult|52/100|[from] Stealth Rock
|turn|13
|
|t:|1664334957
|switch|p1a: Chaos|Heatran, M|46/100
|move|p2a: Dragapult|Shadow Ball|p1a: Chaos
|-damage|p1a: Chaos|0 fnt
|faint|p1a: Chaos
|
|-weather|Hail|[upkeep]
|-damage|p2a: Dragapult|46/100|[from] Hail
|upkeep
|c| bonifan|lets go barry
|
|t:|1664334967
|switch|p1a: Raven|Tapu Fini, shiny|58/100
|-fieldstart|move: Misty Terrain|[from] ability: Misty Surge|[of] p1a: Raven
|turn|14
|c| bonifan|lets go barry
|
|t:|1664334973
|switch|p2a: Clefable|Clefable, M|100/100
|move|p1a: Raven|Draining Kiss|p2a: Clefable
|-damage|p2a: Clefable|82/100
|-heal|p1a: Raven|73/100|[from] drain|[of] p2a: Clefable
|
|-weather|Hail|[upkeep]
|-damage|p1a: Raven|67/100|[from] Hail
|-heal|p1a: Raven|73/100|[from] item: Leftovers
|upkeep
|turn|15
|
|t:|1664334984
|move|p1a: Raven|Taunt|p2a: Clefable
|-start|p2a: Clefable|move: Taunt
|move|p2a: Clefable|Thunder|p1a: Raven
|-supereffective|p1a: Raven
|-damage|p1a: Raven|0 fnt
|faint|p1a: Raven
|
|-weather|Hail|[upkeep]
|upkeep
|j| kayser1234567
|
|t:|1664334995
|switch|p1a: Destroyer|Arctozolt, shiny|20/100
|turn|16
|
|t:|1664335007
|move|p1a: Destroyer|Blizzard|p2a: Clefable
|-damage|p2a: Clefable|43/100
|move|p2a: Clefable|Moonblast|p1a: Destroyer
|-damage|p1a: Destroyer|0 fnt
|faint|p1a: Destroyer
|
|-weather|Hail|[upkeep]
|upkeep
|
|t:|1664335016
|switch|p1a: Deathstroke|Kartana, shiny|100/100
|turn|17
|c| bonifan|kayser were cheering on barry
|
|t:|1664335032
|switch|p2a: Landorus|Landorus-Therian, M|100/100
|-damage|p2a: Landorus|88/100|[from] Stealth Rock
|-ability|p2a: Landorus|Intimidate|boost
|-unboost|p1a: Deathstroke|atk|1
|move|p1a: Deathstroke|Smart Strike|p2a: Landorus
|-damage|p2a: Landorus|57/100
|
|-weather|none
|-heal|p2a: Landorus|63/100|[from] item: Leftovers
|upkeep
|turn|18
|
|t:|1664335044
|move|p1a: Deathstroke|Smart Strike|p2a: Landorus
|-crit|p2a: Landorus
|-damage|p2a: Landorus|0 fnt
|faint|p2a: Landorus
|-ability|p1a: Deathstroke|Beast Boost|boost
|-boost|p1a: Deathstroke|atk|1
|
|-fieldend|Misty Terrain
|upkeep
|c| bonifan|LOL
|
|t:|1664335053
|switch|p2a: Tornadus|Tornadus-Therian, M|81/100
|-damage|p2a: Tornadus|56/100|[from] Stealth Rock
|turn|19
|
|t:|1664335058
|move|p1a: Deathstroke|Smart Strike|p2a: Tornadus
|-damage|p2a: Tornadus|6/100
|move|p2a: Tornadus|Hurricane|p1a: Deathstroke|[miss]
|-miss|p2a: Tornadus|p1a: Deathstroke
|
|upkeep
|turn|20
|j| dwcs
|c| bonifan|letsgoooo!!!!!!!!!
|c|☆stopthreat|cmon
|-message|stopthreat forfeited.
|
|win|barry1234zjy
|raw|barry1234zjy's rating: 1639 &rarr; <strong>1663</strong><br />(+24 for winning)
|raw|stopthreat's rating: 1701 &rarr; <strong>1677</strong><br />(-24 for losing)
|l|☆stopthreat
|c|☆barry1234zjy|lucky
|c| bonifan|stall
|c| bonifan|looking ass
|l| bonifan
|l|☆barry1234zjy
||Ladder isn't responding, score probably updated but might not have (Request timeout).
|l| kayser1234567
|l| dwcs
|j| kayser1234567
|l| kayser1234567
|j|☆barry1234zjy
|player|p1|barry1234zjy|265
