|raw|<div class="broadcast-blue"><strong>This battle is required to be public due to a player having a name starting with 'lt91bb'.</div>
|j|☆Ferromolybdenum
|j|☆LT91BB luna
|t:|1659032507
|gametype|singles
|player|p1|Ferromolybdenum|170|1807
|player|p2|LT91BB luna|cowgirl|1916
|teamsize|p1|6
|teamsize|p2|6
|gen|8
|tier|[Gen 8] OU
|rated|
|rule|Sleep Clause Mod: Limit one foe put to sleep
|rule|Species Clause: Limit one of each Pokémon
|rule|OHKO Clause: OHKO moves are banned
|rule|Evasion Moves Clause: Evasion moves are banned
|rule|Endless Battle Clause: Forcing endless battles is banned
|rule|HP Percentage Mod: HP is shown in percentages
|rule|Dynamax Clause: You cannot dynamax
|clearpoke
|poke|p1|Toxapex, M|
|poke|p1|Clefable, M|
|poke|p1|Gastrodon, M|
|poke|p1|Corviknight, M|
|poke|p1|Blissey, F|
|poke|p1|Mew|
|poke|p2|Volcanion|
|poke|p2|Ninetales-Alola, M|
|poke|p2|Corviknight, F|
|poke|p2|Arctozolt|
|poke|p2|Landorus-Therian, M|
|poke|p2|Tornadus-Therian, M|
|teampreview
|
|t:|1659032519
|start
|switch|p1a: Gastrodon|Gastrodon, M|100/100
|switch|p2a: Arctozolt|Arctozolt|100/100
|turn|1
|j| LT91BB Siegfried
|inactive|Battle timer is ON: inactive players will automatically lose when time's up. (requested by LT91BB luna)
|
|t:|1659032540
|switch|p2a: Tornadus|Tornadus-Therian, M|100/100
|move|p1a: Gastrodon|Earth Power|p2a: Tornadus
|-immune|p2a: Tornadus
|
|upkeep
|turn|2
|
|t:|1659032544
|move|p2a: Tornadus|Knock Off|p1a: Gastrodon
|-damage|p1a: Gastrodon|78/100
|-activate|p1a: Gastrodon|ability: Sticky Hold
|move|p1a: Gastrodon|Scald|p2a: Tornadus
|-damage|p2a: Tornadus|82/100
|
|-heal|p1a: Gastrodon|84/100|[from] item: Leftovers
|upkeep
|turn|3
|
|t:|1659032547
|move|p2a: Tornadus|U-turn|p1a: Gastrodon
|-damage|p1a: Gastrodon|69/100
|j| I DONT REPLY
|
|t:|1659032550
|switch|p2a: Ninetales|Ninetales-Alola, M|100/100|[from]move: U-turn
|-weather|Hail|[from] ability: Snow Warning|[of] p2a: Ninetales
|move|p1a: Gastrodon|Scald|p2a: Ninetales
|-damage|p2a: Ninetales|75/100
|-status|p2a: Ninetales|brn
|
|-weather|Hail|[upkeep]
|-damage|p1a: Gastrodon|62/100|[from] Hail
|-heal|p1a: Gastrodon|69/100|[from] item: Leftovers
|-damage|p2a: Ninetales|69/100 brn|[from] brn
|upkeep
|turn|4
|
|t:|1659032555
|switch|p1a: Blissey|Blissey, F|100/100
|move|p2a: Ninetales|Aurora Veil|p2a: Ninetales
|-sidestart|p2: LT91BB luna|move: Aurora Veil
|
|-weather|Hail|[upkeep]
|-damage|p1a: Blissey|94/100|[from] Hail
|-damage|p2a: Ninetales|63/100 brn|[from] brn
|upkeep
|turn|5
|
|t:|1659032558
|switch|p2a: Arctozolt|Arctozolt|100/100
|move|p1a: Blissey|Stealth Rock|p2a: Arctozolt
|-sidestart|p2: LT91BB luna|move: Stealth Rock
|
|-weather|Hail|[upkeep]
|-damage|p1a: Blissey|88/100|[from] Hail
|upkeep
|turn|6
|j| samurott champloo
|j| yovan33321
|
|t:|1659032568
|move|p2a: Arctozolt|Substitute|p2a: Arctozolt
|-start|p2a: Arctozolt|Substitute
|-damage|p2a: Arctozolt|76/100
|move|p1a: Blissey|Toxic||[still]
|-fail|p1a: Blissey
|
|-weather|Hail|[upkeep]
|-damage|p1a: Blissey|82/100|[from] Hail
|-heal|p2a: Arctozolt|82/100|[from] item: Leftovers
|upkeep
|turn|7
|j| LT91BB Tier
|
|t:|1659032575
|switch|p1a: Gastrodon|Gastrodon, M|69/100
|move|p2a: Arctozolt|Blizzard|p1a: Gastrodon
|-damage|p1a: Gastrodon|45/100
|
|-weather|Hail|[upkeep]
|-damage|p1a: Gastrodon|39/100|[from] Hail
|-heal|p2a: Arctozolt|88/100|[from] item: Leftovers
|-heal|p1a: Gastrodon|45/100|[from] item: Leftovers
|upkeep
|turn|8
|
|t:|1659032580
|move|p1a: Gastrodon|Protect|p1a: Gastrodon
|-singleturn|p1a: Gastrodon|Protect
|move|p2a: Arctozolt|Blizzard|p1a: Gastrodon
|-activate|p1a: Gastrodon|move: Protect
|
|-weather|Hail|[upkeep]
|-damage|p1a: Gastrodon|39/100|[from] Hail
|-heal|p2a: Arctozolt|94/100|[from] item: Leftovers
|-heal|p1a: Gastrodon|45/100|[from] item: Leftovers
|-sideend|p2: LT91BB luna|move: Aurora Veil
|upkeep
|turn|9
|j| LT91BB EclipseY
|
|t:|1659032584
|move|p2a: Arctozolt|Blizzard|p1a: Gastrodon
|-crit|p1a: Gastrodon
|-damage|p1a: Gastrodon|11/100
|move|p1a: Gastrodon|Recover|p1a: Gastrodon
|-heal|p1a: Gastrodon|61/100
|
|-weather|Hail|[upkeep]
|-damage|p1a: Gastrodon|55/100|[from] Hail
|-heal|p2a: Arctozolt|100/100|[from] item: Leftovers
|-heal|p1a: Gastrodon|61/100|[from] item: Leftovers
|upkeep
|turn|10
|
|t:|1659032588
|switch|p2a: Corviknight|Corviknight, F|100/100
|-damage|p2a: Corviknight|88/100|[from] Stealth Rock
|-ability|p2a: Corviknight|Pressure
|move|p1a: Gastrodon|Recover|p1a: Gastrodon
|-heal|p1a: Gastrodon|100/100
|
|-weather|none
|upkeep
|turn|11
|l| LT91BB EclipseY
|
|t:|1659032591
|move|p2a: Corviknight|Defog|p1a: Gastrodon
|-unboost|p1a: Gastrodon|evasion|1
|-sideend|p2: LT91BB luna|Stealth Rock|[from] move: Defog|[of] p2a: Corviknight
|move|p1a: Gastrodon|Scald|p2a: Corviknight
|-damage|p2a: Corviknight|64/100
|-status|p2a: Corviknight|brn
|
|-damage|p2a: Corviknight|57/100 brn|[from] brn
|upkeep
|turn|12
|
|t:|1659032593
|move|p2a: Corviknight|Roost|p2a: Corviknight
|-heal|p2a: Corviknight|100/100 brn
|-singleturn|p2a: Corviknight|move: Roost
|move|p1a: Gastrodon|Earth Power|p2a: Corviknight
|-supereffective|p2a: Corviknight
|-damage|p2a: Corviknight|47/100 brn
|
|-damage|p2a: Corviknight|41/100 brn|[from] brn
|upkeep
|turn|13
|j| edrala
|
|t:|1659032595
|move|p2a: Corviknight|U-turn|p1a: Gastrodon
|-damage|p1a: Gastrodon|93/100
|l| edrala
|
|t:|1659032597
|switch|p2a: Landorus|Landorus-Therian, M|100/100|[from]move: U-turn
|-ability|p2a: Landorus|Intimidate|boost
|-unboost|p1a: Gastrodon|atk|1
|move|p1a: Gastrodon|Earth Power|p2a: Landorus
|-immune|p2a: Landorus
|
|-heal|p1a: Gastrodon|99/100|[from] item: Leftovers
|upkeep
|turn|14
|j| aquavanilla
|l| aquavanilla
|j| LT91BB Dasher
|
|t:|1659032615
|switch|p1a: Corviknight|Corviknight, M|100/100
|-ability|p1a: Corviknight|Pressure
|move|p2a: Landorus|Toxic|p1a: Corviknight
|-immune|p1a: Corviknight
|
|upkeep
|turn|15
|
|t:|1659032617
|move|p2a: Landorus|U-turn|p1a: Corviknight
|-resisted|p1a: Corviknight
|-damage|p1a: Corviknight|97/100
|
|t:|1659032619
|switch|p2a: Volcanion|Volcanion|100/100|[from]move: U-turn
|move|p1a: Corviknight|Iron Defense|p1a: Corviknight
|-boost|p1a: Corviknight|def|2
|
|-heal|p1a: Corviknight|100/100|[from] item: Leftovers
|upkeep
|turn|16
|
|t:|1659032621
|switch|p1a: Blissey|Blissey, F|82/100
|move|p2a: Volcanion|Steam Eruption|p1a: Blissey
|-damage|p1a: Blissey|52/100
|-status|p1a: Blissey|brn
|
|-damage|p1a: Blissey|45/100 brn|[from] brn
|upkeep
|turn|17
|
|t:|1659032629
|switch|p2a: Corviknight|Corviknight, F|41/100 brn
|-ability|p2a: Corviknight|Pressure
|move|p1a: Blissey|Soft-Boiled|p1a: Blissey
|-heal|p1a: Blissey|95/100 brn
|
|-damage|p1a: Blissey|89/100 brn|[from] brn
|-damage|p2a: Corviknight|35/100 brn|[from] brn
|upkeep
|turn|18
|j| ClumsyClefable
|l| samurott champloo
|
|t:|1659032651
|-curestatus|p1a: Blissey|brn|[from] ability: Natural Cure
|switch|p1a: Mew|Mew|100/100
|move|p2a: Corviknight|Roost|p2a: Corviknight
|-heal|p2a: Corviknight|85/100 brn
|-singleturn|p2a: Corviknight|move: Roost
|
|-damage|p2a: Corviknight|79/100 brn|[from] brn
|upkeep
|turn|19
|
|t:|1659032655
|move|p1a: Mew|Taunt|p2a: Corviknight
|-start|p2a: Corviknight|move: Taunt
|move|p2a: Corviknight|U-turn|p1a: Mew
|-supereffective|p1a: Mew
|-damage|p1a: Mew|88/100
|
|t:|1659032659
|switch|p2a: Volcanion|Volcanion|100/100|[from]move: U-turn
|
|-heal|p1a: Mew|94/100|[from] item: Leftovers
|upkeep
|turn|20
|l| LT91BB Tier
|j| LT91BB Scorcha
|
|t:|1659032677
|move|p2a: Volcanion|Steam Eruption|p1a: Mew
|-damage|p1a: Mew|40/100
|move|p1a: Mew|Night Shade|p2a: Volcanion
|-damage|p2a: Volcanion|67/100
|
|-heal|p1a: Mew|47/100|[from] item: Leftovers
|upkeep
|turn|21
|
|t:|1659032681
|switch|p1a: Blissey|Blissey, F|89/100
|move|p2a: Volcanion|Steam Eruption|p1a: Blissey
|-damage|p1a: Blissey|60/100
|
|upkeep
|turn|22
|
|t:|1659032687
|switch|p2a: Ninetales|Ninetales-Alola, M|63/100 brn
|-weather|Hail|[from] ability: Snow Warning|[of] p2a: Ninetales
|move|p1a: Blissey|Soft-Boiled|p1a: Blissey
|-heal|p1a: Blissey|100/100
|
|-weather|Hail|[upkeep]
|-damage|p1a: Blissey|94/100|[from] Hail
|-damage|p2a: Ninetales|57/100 brn|[from] brn
|upkeep
|turn|23
|
|t:|1659032692
|switch|p2a: Corviknight|Corviknight, F|79/100 brn
|-ability|p2a: Corviknight|Pressure
|move|p1a: Blissey|Stealth Rock|p2a: Corviknight
|-sidestart|p2: LT91BB luna|move: Stealth Rock
|
|-weather|Hail|[upkeep]
|-damage|p1a: Blissey|88/100|[from] Hail
|-damage|p2a: Corviknight|72/100 brn|[from] Hail
|-damage|p2a: Corviknight|66/100 brn|[from] brn
|upkeep
|turn|24
|
|t:|1659032695
|move|p1a: Blissey|Seismic Toss|p2a: Corviknight
|-damage|p2a: Corviknight|41/100 brn
|-damage|p1a: Blissey|72/100|[from] item: Rocky Helmet|[of] p2a: Corviknight
|move|p2a: Corviknight|Defog|p1a: Blissey
|-unboost|p1a: Blissey|evasion|1
|-sideend|p2: LT91BB luna|Stealth Rock|[from] move: Defog|[of] p2a: Corviknight
|
|-weather|Hail|[upkeep]
|-damage|p1a: Blissey|65/100|[from] Hail
|-damage|p2a: Corviknight|35/100 brn|[from] Hail
|-damage|p2a: Corviknight|29/100 brn|[from] brn
|upkeep
|turn|25
|
|t:|1659032698
|move|p1a: Blissey|Stealth Rock|p2a: Corviknight
|-sidestart|p2: LT91BB luna|move: Stealth Rock
|move|p2a: Corviknight|Roost|p2a: Corviknight
|-heal|p2a: Corviknight|79/100 brn
|-singleturn|p2a: Corviknight|move: Roost
|
|-weather|Hail|[upkeep]
|-damage|p1a: Blissey|59/100|[from] Hail
|-damage|p2a: Corviknight|72/100 brn|[from] Hail
|-damage|p2a: Corviknight|66/100 brn|[from] brn
|upkeep
|turn|26
|
|t:|1659032702
|move|p1a: Blissey|Soft-Boiled|p1a: Blissey
|-heal|p1a: Blissey|100/100
|move|p2a: Corviknight|Defog|p1a: Blissey
|-unboost|p1a: Blissey|evasion|1
|-sideend|p2: LT91BB luna|Stealth Rock|[from] move: Defog|[of] p2a: Corviknight
|
|-weather|Hail|[upkeep]
|-damage|p1a: Blissey|94/100|[from] Hail
|-damage|p2a: Corviknight|60/100 brn|[from] Hail
|-damage|p2a: Corviknight|54/100 brn|[from] brn
|upkeep
|turn|27
|j| raccs
|
|t:|1659032726
|move|p1a: Blissey|Stealth Rock|p2a: Corviknight
|-sidestart|p2: LT91BB luna|move: Stealth Rock
|move|p2a: Corviknight|Roost|p2a: Corviknight
|-heal|p2a: Corviknight|100/100 brn
|-singleturn|p2a: Corviknight|move: Roost
|
|-weather|Hail|[upkeep]
|-damage|p1a: Blissey|88/100|[from] Hail
|-damage|p2a: Corviknight|94/100 brn|[from] Hail
|-damage|p2a: Corviknight|88/100 brn|[from] brn
|upkeep
|turn|28
|
|t:|1659032740
|switch|p1a: Corviknight|Corviknight, M|100/100
|-ability|p1a: Corviknight|Pressure
|move|p2a: Corviknight|Defog|p1a: Corviknight
|-unboost|p1a: Corviknight|evasion|1
|-sideend|p2: LT91BB luna|Stealth Rock|[from] move: Defog|[of] p2a: Corviknight
|
|-weather|Hail|[upkeep]
|-damage|p1a: Corviknight|94/100|[from] Hail
|-damage|p2a: Corviknight|82/100 brn|[from] Hail
|-heal|p1a: Corviknight|100/100|[from] item: Leftovers
|-damage|p2a: Corviknight|75/100 brn|[from] brn
|upkeep
|turn|29
|
|t:|1659032752
|move|p1a: Corviknight|Iron Defense|p1a: Corviknight
|-boost|p1a: Corviknight|def|2
|move|p2a: Corviknight|U-turn|p1a: Corviknight
|-resisted|p1a: Corviknight
|-damage|p1a: Corviknight|99/100
|l| LT91BB Dasher
|
|t:|1659032762
|switch|p2a: Volcanion|Volcanion|67/100|[from]move: U-turn
|
|-weather|none
|-heal|p1a: Corviknight|100/100|[from] item: Leftovers
|upkeep
|turn|30
|j|+starmaster
|
|t:|1659032774
|switch|p2a: Landorus|Landorus-Therian, M|100/100
|-ability|p2a: Landorus|Intimidate|boost
|-unboost|p1a: Corviknight|atk|1
|switch|p1a: Toxapex|Toxapex, M|100/100
|
|upkeep
|turn|31
|
|t:|1659032779
|move|p2a: Landorus|Earthquake|p1a: Toxapex
|-supereffective|p1a: Toxapex
|-damage|p1a: Toxapex|42/100
|move|p1a: Toxapex|Knock Off|p2a: Landorus
|-damage|p2a: Landorus|85/100
|-enditem|p2a: Landorus|Leftovers|[from] move: Knock Off|[of] p1a: Toxapex
|
|upkeep
|turn|32
|
|t:|1659032784
|switch|p1a: Corviknight|Corviknight, M|100/100
|-ability|p1a: Corviknight|Pressure
|move|p2a: Landorus|U-turn|p1a: Corviknight
|-resisted|p1a: Corviknight
|-damage|p1a: Corviknight|97/100
|
|t:|1659032786
|switch|p2a: Volcanion|Volcanion|67/100|[from]move: U-turn
|
|-heal|p1a: Corviknight|100/100|[from] item: Leftovers
|upkeep
|turn|33
|
|t:|1659032791
|switch|p2a: Ninetales|Ninetales-Alola, M|57/100 brn
|-weather|Hail|[from] ability: Snow Warning|[of] p2a: Ninetales
|switch|p1a: Blissey|Blissey, F|88/100
|
|-weather|Hail|[upkeep]
|-damage|p1a: Blissey|82/100|[from] Hail
|-damage|p2a: Ninetales|51/100 brn|[from] brn
|upkeep
|turn|34
|
|t:|1659032794
|switch|p1a: Toxapex|Toxapex, M|76/100
|move|p2a: Ninetales|Pain Split|p1a: Toxapex
|-sethp|p1a: Toxapex|67/100|[from] move: Pain Split|[silent]
|-sethp|p2a: Ninetales|58/100 brn|[from] move: Pain Split
|
|-weather|Hail|[upkeep]
|-damage|p1a: Toxapex|62/100|[from] Hail
|-damage|p2a: Ninetales|52/100 brn|[from] brn
|upkeep
|turn|35
|
|t:|1659032798
|switch|p1a: Blissey|Blissey, F|82/100
|move|p2a: Ninetales|Freeze-Dry|p1a: Blissey
|-damage|p1a: Blissey|75/100
|
|-weather|Hail|[upkeep]
|-damage|p1a: Blissey|69/100|[from] Hail
|-damage|p2a: Ninetales|46/100 brn|[from] brn
|upkeep
|turn|36
|
|t:|1659032801
|move|p2a: Ninetales|Pain Split|p1a: Blissey
|-sethp|p1a: Blissey|46/100|[from] move: Pain Split|[silent]
|-sethp|p2a: Ninetales|93/100 brn|[from] move: Pain Split
|move|p1a: Blissey|Soft-Boiled|p1a: Blissey
|-heal|p1a: Blissey|96/100
|
|-weather|Hail|[upkeep]
|-damage|p1a: Blissey|90/100|[from] Hail
|-damage|p2a: Ninetales|87/100 brn|[from] brn
|upkeep
|turn|37
|
|t:|1659032804
|move|p2a: Ninetales|Encore|p1a: Blissey
|-start|p1a: Blissey|Encore
|move|p1a: Blissey|Soft-Boiled|p1a: Blissey
|-heal|p1a: Blissey|100/100
|
|-weather|Hail|[upkeep]
|-damage|p1a: Blissey|94/100|[from] Hail
|-damage|p2a: Ninetales|81/100 brn|[from] brn
|upkeep
|turn|38
|
|t:|1659032810
|switch|p1a: Mew|Mew|47/100
|move|p2a: Ninetales|Aurora Veil|p2a: Ninetales
|-sidestart|p2: LT91BB luna|move: Aurora Veil
|
|-weather|Hail|[upkeep]
|-damage|p1a: Mew|40/100|[from] Hail
|-heal|p1a: Mew|47/100|[from] item: Leftovers
|-damage|p2a: Ninetales|75/100 brn|[from] brn
|upkeep
|turn|39
|j| LT91BB Ox
|
|t:|1659032815
|move|p2a: Ninetales|Freeze-Dry|p1a: Mew
|-damage|p1a: Mew|34/100
|move|p1a: Mew|Soft-Boiled|p1a: Mew
|-heal|p1a: Mew|84/100
|
|-weather|Hail|[upkeep]
|-damage|p1a: Mew|78/100|[from] Hail
|-heal|p1a: Mew|84/100|[from] item: Leftovers
|-damage|p2a: Ninetales|69/100 brn|[from] brn
|upkeep
|turn|40
|
|t:|1659032817
|move|p2a: Ninetales|Encore|p1a: Mew
|-start|p1a: Mew|Encore
|move|p1a: Mew|Soft-Boiled|p1a: Mew
|-heal|p1a: Mew|100/100
|
|-weather|none
|-damage|p2a: Ninetales|63/100 brn|[from] brn
|upkeep
|turn|41
|
|t:|1659032825
|switch|p1a: Clefable|Clefable, M|100/100
|move|p2a: Ninetales|Pain Split|p1a: Clefable
|-sethp|p1a: Clefable|78/100|[from] move: Pain Split|[silent]
|-sethp|p2a: Ninetales|88/100 brn|[from] move: Pain Split
|
|-heal|p1a: Clefable|84/100|[from] item: Leftovers
|-damage|p2a: Ninetales|82/100 brn|[from] brn
|upkeep
|turn|42
|
|t:|1659032829
|switch|p2a: Landorus|Landorus-Therian, M|85/100
|-ability|p2a: Landorus|Intimidate|boost
|-unboost|p1a: Clefable|atk|1
|switch|p1a: Mew|Mew|100/100
|
|-sideend|p2: LT91BB luna|move: Aurora Veil
|upkeep
|turn|43
|
|t:|1659032834
|switch|p2a: Tornadus|Tornadus-Therian, M|100/100
|move|p1a: Mew|Will-O-Wisp|p2a: Tornadus
|-status|p2a: Tornadus|brn
|
|-damage|p2a: Tornadus|94/100 brn|[from] brn
|upkeep
|turn|44
|
|t:|1659032839
|switch|p1a: Gastrodon|Gastrodon, M|99/100
|move|p2a: Tornadus|Knock Off|p1a: Gastrodon
|-damage|p1a: Gastrodon|88/100
|-activate|p1a: Gastrodon|ability: Sticky Hold
|
|-heal|p1a: Gastrodon|94/100|[from] item: Leftovers
|-damage|p2a: Tornadus|88/100 brn|[from] brn
|upkeep
|turn|45
|
|t:|1659032844
|move|p2a: Tornadus|U-turn|p1a: Gastrodon
|-damage|p1a: Gastrodon|86/100
|
|t:|1659032845
|switch|p2a: Ninetales|Ninetales-Alola, M|82/100 brn|[from]move: U-turn
|-weather|Hail|[from] ability: Snow Warning|[of] p2a: Ninetales
|move|p1a: Gastrodon|Scald|p2a: Ninetales
|-damage|p2a: Ninetales|55/100 brn
|
|-weather|Hail|[upkeep]
|-damage|p1a: Gastrodon|80/100|[from] Hail
|-heal|p1a: Gastrodon|86/100|[from] item: Leftovers
|-damage|p2a: Ninetales|49/100 brn|[from] brn
|upkeep
|turn|46
|
|t:|1659032850
|switch|p1a: Mew|Mew|100/100
|move|p2a: Ninetales|Pain Split|p1a: Mew
|-sethp|p1a: Mew|72/100|[from] move: Pain Split|[silent]
|-sethp|p2a: Ninetales|82/100 brn|[from] move: Pain Split
|
|-weather|Hail|[upkeep]
|-damage|p1a: Mew|66/100|[from] Hail
|-heal|p1a: Mew|72/100|[from] item: Leftovers
|-damage|p2a: Ninetales|76/100 brn|[from] brn
|upkeep
|turn|47
|
|t:|1659032854
|switch|p2a: Tornadus|Tornadus-Therian, M|100/100 brn
|move|p1a: Mew|Night Shade|p2a: Tornadus
|-damage|p2a: Tornadus|73/100 brn
|
|-weather|Hail|[upkeep]
|-damage|p2a: Tornadus|67/100 brn|[from] Hail
|-damage|p1a: Mew|66/100|[from] Hail
|-heal|p1a: Mew|72/100|[from] item: Leftovers
|-damage|p2a: Tornadus|61/100 brn|[from] brn
|upkeep
|turn|48
|
|t:|1659032858
|switch|p1a: Toxapex|Toxapex, M|95/100
|move|p2a: Tornadus|U-turn|p1a: Toxapex
|-resisted|p1a: Toxapex
|-crit|p1a: Toxapex
|-damage|p1a: Toxapex|92/100
|
|t:|1659032861
|switch|p2a: Arctozolt|Arctozolt|100/100|[from]move: U-turn
|
|-weather|Hail|[upkeep]
|-damage|p1a: Toxapex|86/100|[from] Hail
|upkeep
|turn|49
|
|t:|1659032865
|switch|p2a: Volcanion|Volcanion|67/100
|switch|p1a: Gastrodon|Gastrodon, M|86/100
|
|-weather|Hail|[upkeep]
|-damage|p2a: Volcanion|61/100|[from] Hail
|-damage|p1a: Gastrodon|80/100|[from] Hail
|-heal|p1a: Gastrodon|86/100|[from] item: Leftovers
|upkeep
|turn|50
|
|t:|1659032869
|move|p1a: Gastrodon|Protect|p1a: Gastrodon
|-singleturn|p1a: Gastrodon|Protect
|move|p2a: Volcanion|Steam Eruption|p1a: Gastrodon
|-activate|p1a: Gastrodon|move: Protect
|
|-weather|Hail|[upkeep]
|-damage|p2a: Volcanion|55/100|[from] Hail
|-damage|p1a: Gastrodon|80/100|[from] Hail
|-heal|p1a: Gastrodon|86/100|[from] item: Leftovers
|upkeep
|turn|51
|
|t:|1659032874
|switch|p1a: Toxapex|Toxapex, M|100/100
|move|p2a: Volcanion|Steam Eruption|p1a: Toxapex
|-resisted|p1a: Toxapex
|-damage|p1a: Toxapex|67/100
|-status|p1a: Toxapex|brn
|
|-weather|Hail|[upkeep]
|-damage|p2a: Volcanion|49/100|[from] Hail
|-damage|p1a: Toxapex|61/100 brn|[from] Hail
|-damage|p1a: Toxapex|55/100 brn|[from] brn
|upkeep
|turn|52
|
|t:|1659032881
|switch|p2a: Arctozolt|Arctozolt|100/100
|move|p1a: Toxapex|Recover|p1a: Toxapex
|-heal|p1a: Toxapex|100/100 brn
|
|-weather|none
|-damage|p1a: Toxapex|95/100 brn|[from] brn
|upkeep
|turn|53
|j| Andrewbaby
|
|t:|1659032885
|switch|p1a: Gastrodon|Gastrodon, M|86/100
|move|p2a: Arctozolt|Substitute|p2a: Arctozolt
|-start|p2a: Arctozolt|Substitute
|-damage|p2a: Arctozolt|76/100
|
|-heal|p2a: Arctozolt|82/100|[from] item: Leftovers
|-heal|p1a: Gastrodon|92/100|[from] item: Leftovers
|upkeep
|turn|54
|
|t:|1659032889
|move|p2a: Arctozolt|Low Kick|p1a: Gastrodon
|-damage|p1a: Gastrodon|74/100
|move|p1a: Gastrodon|Scald|p2a: Arctozolt
|-end|p2a: Arctozolt|Substitute
|
|-heal|p2a: Arctozolt|88/100|[from] item: Leftovers
|-heal|p1a: Gastrodon|80/100|[from] item: Leftovers
|upkeep
|turn|55
|
|t:|1659032893
|switch|p2a: Tornadus|Tornadus-Therian, M|94/100 brn
|move|p1a: Gastrodon|Scald|p2a: Tornadus
|-damage|p2a: Tornadus|76/100 brn
|
|-heal|p1a: Gastrodon|86/100|[from] item: Leftovers
|-damage|p2a: Tornadus|70/100 brn|[from] brn
|upkeep
|turn|56
|
|t:|1659032896
|move|p1a: Gastrodon|Protect|p1a: Gastrodon
|-singleturn|p1a: Gastrodon|Protect
|move|p2a: Tornadus|U-turn|p1a: Gastrodon
|-activate|p1a: Gastrodon|move: Protect
|
|-heal|p1a: Gastrodon|92/100|[from] item: Leftovers
|-damage|p2a: Tornadus|64/100 brn|[from] brn
|upkeep
|turn|57
|
|t:|1659032906
|switch|p1a: Toxapex|Toxapex, M|100/100 brn
|move|p2a: Tornadus|U-turn|p1a: Toxapex
|-resisted|p1a: Toxapex
|-damage|p1a: Toxapex|99/100 brn
|
|t:|1659032911
|switch|p2a: Arctozolt|Arctozolt|88/100|[from]move: U-turn
|
|-heal|p2a: Arctozolt|94/100|[from] item: Leftovers
|-damage|p1a: Toxapex|93/100 brn|[from] brn
|upkeep
|turn|58
|
|t:|1659032913
|switch|p1a: Gastrodon|Gastrodon, M|92/100
|move|p2a: Arctozolt|Substitute|p2a: Arctozolt
|-start|p2a: Arctozolt|Substitute
|-damage|p2a: Arctozolt|69/100
|
|-heal|p2a: Arctozolt|76/100|[from] item: Leftovers
|-heal|p1a: Gastrodon|98/100|[from] item: Leftovers
|upkeep
|turn|59
|j| LT91BB TheLight
|j|+Raiza
|
|t:|1659032918
|move|p2a: Arctozolt|Low Kick|p1a: Gastrodon
|-damage|p1a: Gastrodon|79/100
|move|p1a: Gastrodon|Scald|p2a: Arctozolt
|-end|p2a: Arctozolt|Substitute
|
|-heal|p2a: Arctozolt|82/100|[from] item: Leftovers
|-heal|p1a: Gastrodon|85/100|[from] item: Leftovers
|upkeep
|turn|60
|
|t:|1659032921
|switch|p2a: Tornadus|Tornadus-Therian, M|97/100 brn
|move|p1a: Gastrodon|Scald|p2a: Tornadus
|-damage|p2a: Tornadus|81/100 brn
|
|-heal|p1a: Gastrodon|91/100|[from] item: Leftovers
|-damage|p2a: Tornadus|75/100 brn|[from] brn
|upkeep
|turn|61
|
|t:|1659032923
|switch|p1a: Toxapex|Toxapex, M|100/100 brn
|move|p2a: Tornadus|U-turn|p1a: Toxapex
|-resisted|p1a: Toxapex
|-damage|p1a: Toxapex|99/100 brn
|
|t:|1659032927
|switch|p2a: Arctozolt|Arctozolt|82/100|[from]move: U-turn
|
|-heal|p2a: Arctozolt|88/100|[from] item: Leftovers
|-damage|p1a: Toxapex|93/100 brn|[from] brn
|upkeep
|turn|62
|
|t:|1659032931
|switch|p1a: Gastrodon|Gastrodon, M|91/100
|move|p2a: Arctozolt|Bolt Beak|p1a: Gastrodon
|-immune|p1a: Gastrodon
|
|-heal|p2a: Arctozolt|94/100|[from] item: Leftovers
|-heal|p1a: Gastrodon|97/100|[from] item: Leftovers
|upkeep
|turn|63
|
|t:|1659032937
|switch|p2a: Tornadus|Tornadus-Therian, M|100/100 brn
|move|p1a: Gastrodon|Protect||[still]
|-fail|p1a: Gastrodon
|
|-heal|p1a: Gastrodon|100/100|[from] item: Leftovers
|-damage|p2a: Tornadus|94/100 brn|[from] brn
|upkeep
|turn|64
|
|t:|1659032941
|switch|p1a: Toxapex|Toxapex, M|100/100 brn
|move|p2a: Tornadus|U-turn|p1a: Toxapex
|-resisted|p1a: Toxapex
|-damage|p1a: Toxapex|98/100 brn
|
|t:|1659032943
|switch|p2a: Arctozolt|Arctozolt|94/100|[from]move: U-turn
|
|-heal|p2a: Arctozolt|100/100|[from] item: Leftovers
|-damage|p1a: Toxapex|92/100 brn|[from] brn
|upkeep
|turn|65
|
|t:|1659032948
|switch|p1a: Gastrodon|Gastrodon, M|100/100
|move|p2a: Arctozolt|Substitute|p2a: Arctozolt
|-start|p2a: Arctozolt|Substitute
|-damage|p2a: Arctozolt|76/100
|
|-heal|p2a: Arctozolt|82/100|[from] item: Leftovers
|upkeep
|turn|66
|
|t:|1659032955
|switch|p1a: Clefable|Clefable, M|84/100
|move|p2a: Arctozolt|Low Kick|p1a: Clefable
|-resisted|p1a: Clefable
|-damage|p1a: Clefable|78/100
|
|-heal|p2a: Arctozolt|88/100|[from] item: Leftovers
|-heal|p1a: Clefable|84/100|[from] item: Leftovers
|upkeep
|turn|67
|
|t:|1659032960
|switch|p1a: Gastrodon|Gastrodon, M|100/100
|move|p2a: Arctozolt|Bolt Beak|p1a: Gastrodon
|-immune|p1a: Gastrodon
|
|-heal|p2a: Arctozolt|94/100|[from] item: Leftovers
|upkeep
|turn|68
|
|t:|1659032964
|switch|p1a: Clefable|Clefable, M|84/100
|move|p2a: Arctozolt|Low Kick|p1a: Clefable
|-resisted|p1a: Clefable
|-damage|p1a: Clefable|78/100
|
|-heal|p2a: Arctozolt|100/100|[from] item: Leftovers
|-heal|p1a: Clefable|84/100|[from] item: Leftovers
|upkeep
|turn|69
|
|t:|1659032969
|switch|p1a: Gastrodon|Gastrodon, M|100/100
|move|p2a: Arctozolt|Bolt Beak|p1a: Gastrodon
|-immune|p1a: Gastrodon
|
|upkeep
|turn|70
|l| raccs
|
|t:|1659032974
|move|p2a: Arctozolt|Low Kick|p1a: Gastrodon
|-damage|p1a: Gastrodon|82/100
|move|p1a: Gastrodon|Scald|p2a: Arctozolt
|-end|p2a: Arctozolt|Substitute
|
|-heal|p1a: Gastrodon|88/100|[from] item: Leftovers
|upkeep
|turn|71
|
|t:|1659032980
|switch|p1a: Blissey|Blissey, F|94/100
|move|p2a: Arctozolt|Substitute|p2a: Arctozolt
|-start|p2a: Arctozolt|Substitute
|-damage|p2a: Arctozolt|76/100
|
|-heal|p2a: Arctozolt|82/100|[from] item: Leftovers
|upkeep
|turn|72
|
|t:|1659032984
|switch|p1a: Gastrodon|Gastrodon, M|88/100
|move|p2a: Arctozolt|Low Kick|p1a: Gastrodon
|-damage|p1a: Gastrodon|70/100
|
|-heal|p2a: Arctozolt|88/100|[from] item: Leftovers
|-heal|p1a: Gastrodon|76/100|[from] item: Leftovers
|upkeep
|turn|73
|
|t:|1659032990
|move|p2a: Arctozolt|Low Kick|p1a: Gastrodon
|-damage|p1a: Gastrodon|57/100
|move|p1a: Gastrodon|Earth Power|p2a: Arctozolt
|-supereffective|p2a: Arctozolt
|-end|p2a: Arctozolt|Substitute
|
|-heal|p2a: Arctozolt|94/100|[from] item: Leftovers
|-heal|p1a: Gastrodon|63/100|[from] item: Leftovers
|upkeep
|turn|74
|
|t:|1659032993
|move|p2a: Arctozolt|Substitute|p2a: Arctozolt
|-start|p2a: Arctozolt|Substitute
|-damage|p2a: Arctozolt|69/100
|move|p1a: Gastrodon|Recover|p1a: Gastrodon
|-heal|p1a: Gastrodon|100/100
|
|-heal|p2a: Arctozolt|76/100|[from] item: Leftovers
|upkeep
|turn|75
|
|t:|1659032995
|move|p2a: Arctozolt|Low Kick|p1a: Gastrodon
|-damage|p1a: Gastrodon|82/100
|move|p1a: Gastrodon|Scald|p2a: Arctozolt
|-end|p2a: Arctozolt|Substitute
|
|-heal|p2a: Arctozolt|82/100|[from] item: Leftovers
|-heal|p1a: Gastrodon|88/100|[from] item: Leftovers
|upkeep
|turn|76
|
|t:|1659032997
|switch|p2a: Tornadus|Tornadus-Therian, M|100/100 brn
|move|p1a: Gastrodon|Scald|p2a: Tornadus
|-damage|p2a: Tornadus|82/100 brn
|
|-heal|p1a: Gastrodon|94/100|[from] item: Leftovers
|-damage|p2a: Tornadus|76/100 brn|[from] brn
|upkeep
|turn|77
|j| simplegent
|j| D Great Dane
|
|t:|1659033007
|switch|p1a: Blissey|Blissey, F|94/100
|move|p2a: Tornadus|U-turn|p1a: Blissey
|-damage|p1a: Blissey|89/100
|n| lt91bb star|starmaster
|l| lt91bb star
|
|t:|1659033021
|switch|p2a: Arctozolt|Arctozolt|82/100|[from]move: U-turn
|
|-heal|p2a: Arctozolt|88/100|[from] item: Leftovers
|upkeep
|turn|78
|
|t:|1659033027
|switch|p2a: Corviknight|Corviknight, F|75/100 brn
|-ability|p2a: Corviknight|Pressure
|move|p1a: Blissey|Toxic||[still]
|-fail|p1a: Blissey
|
|-damage|p2a: Corviknight|69/100 brn|[from] brn
|upkeep
|turn|79
|
|t:|1659033031
|switch|p1a: Corviknight|Corviknight, M|100/100
|-ability|p1a: Corviknight|Pressure
|move|p2a: Corviknight|Roost|p2a: Corviknight
|-heal|p2a: Corviknight|100/100 brn
|-singleturn|p2a: Corviknight|move: Roost
|
|-damage|p2a: Corviknight|94/100 brn|[from] brn
|upkeep
|turn|80
|
|t:|1659033034
|switch|p1a: Mew|Mew|72/100
|move|p2a: Corviknight|U-turn|p1a: Mew
|-supereffective|p1a: Mew
|-damage|p1a: Mew|60/100
|
|t:|1659033040
|switch|p2a: Tornadus|Tornadus-Therian, M|100/100 brn|[from]move: U-turn
|
|-heal|p1a: Mew|66/100|[from] item: Leftovers
|-damage|p2a: Tornadus|94/100 brn|[from] brn
|upkeep
|turn|81
|j| Alain Ledon
|
|t:|1659033048
|switch|p1a: Blissey|Blissey, F|89/100
|move|p2a: Tornadus|Knock Off|p1a: Blissey
|-damage|p1a: Blissey|81/100
|-enditem|p1a: Blissey|Heavy-Duty Boots|[from] move: Knock Off|[of] p2a: Tornadus
|
|-damage|p2a: Tornadus|88/100 brn|[from] brn
|upkeep
|turn|82
|
|t:|1659033052
|move|p2a: Tornadus|U-turn|p1a: Blissey
|-damage|p1a: Blissey|74/100
|
|t:|1659033054
|switch|p2a: Corviknight|Corviknight, F|94/100 brn|[from]move: U-turn
|-ability|p2a: Corviknight|Pressure
|move|p1a: Blissey|Stealth Rock|p2a: Corviknight
|-sidestart|p2: LT91BB luna|move: Stealth Rock
|
|-damage|p2a: Corviknight|88/100 brn|[from] brn
|upkeep
|turn|83
|j| ACII
|
|t:|1659033057
|switch|p1a: Corviknight|Corviknight, M|100/100
|-ability|p1a: Corviknight|Pressure
|move|p2a: Corviknight|Defog|p1a: Corviknight
|-unboost|p1a: Corviknight|evasion|1
|-sideend|p2: LT91BB luna|Stealth Rock|[from] move: Defog|[of] p2a: Corviknight
|
|-damage|p2a: Corviknight|82/100 brn|[from] brn
|upkeep
|turn|84
|
|t:|1659033060
|switch|p1a: Blissey|Blissey, F|74/100
|move|p2a: Corviknight|U-turn|p1a: Blissey
|-damage|p1a: Blissey|68/100
|
|t:|1659033063
|switch|p2a: Arctozolt|Arctozolt|88/100|[from]move: U-turn
|
|-heal|p2a: Arctozolt|94/100|[from] item: Leftovers
|upkeep
|turn|85
|
|t:|1659033066
|switch|p2a: Corviknight|Corviknight, F|82/100 brn
|-ability|p2a: Corviknight|Pressure
|switch|p1a: Gastrodon|Gastrodon, M|94/100
|
|-heal|p1a: Gastrodon|99/100|[from] item: Leftovers
|-damage|p2a: Corviknight|75/100 brn|[from] brn
|upkeep
|turn|86
|
|t:|1659033070
|switch|p1a: Mew|Mew|66/100
|move|p2a: Corviknight|U-turn|p1a: Mew
|-supereffective|p1a: Mew
|-damage|p1a: Mew|54/100
|
|t:|1659033073
|switch|p2a: Tornadus|Tornadus-Therian, M|100/100 brn|[from]move: U-turn
|
|-heal|p1a: Mew|61/100|[from] item: Leftovers
|-damage|p2a: Tornadus|94/100 brn|[from] brn
|upkeep
|turn|87
|
|t:|1659033076
|switch|p1a: Blissey|Blissey, F|68/100
|move|p2a: Tornadus|Knock Off|p1a: Blissey
|-damage|p1a: Blissey|62/100
|
|-damage|p2a: Tornadus|88/100 brn|[from] brn
|upkeep
|turn|88
|
|t:|1659033086
|move|p2a: Tornadus|U-turn|p1a: Blissey
|-damage|p1a: Blissey|55/100
|
|t:|1659033088
|switch|p2a: Corviknight|Corviknight, F|75/100 brn|[from]move: U-turn
|-ability|p2a: Corviknight|Pressure
|move|p1a: Blissey|Stealth Rock|p2a: Corviknight
|-sidestart|p2: LT91BB luna|move: Stealth Rock
|
|-damage|p2a: Corviknight|69/100 brn|[from] brn
|upkeep
|turn|89
|j| joeding
|
|t:|1659033090
|move|p1a: Blissey|Soft-Boiled|p1a: Blissey
|-heal|p1a: Blissey|100/100
|move|p2a: Corviknight|Defog|p1a: Blissey
|-unboost|p1a: Blissey|evasion|1
|-sideend|p2: LT91BB luna|Stealth Rock|[from] move: Defog|[of] p2a: Corviknight
|
|-damage|p2a: Corviknight|63/100 brn|[from] brn
|upkeep
|turn|90
|l| LT91BB Ox
|j| Miss.mushroom
|
|t:|1659033093
|switch|p1a: Toxapex|Toxapex, M|100/100 brn
|move|p2a: Corviknight|Roost|p2a: Corviknight
|-heal|p2a: Corviknight|100/100 brn
|-singleturn|p2a: Corviknight|move: Roost
|
|-damage|p2a: Corviknight|94/100 brn|[from] brn
|-damage|p1a: Toxapex|95/100 brn|[from] brn
|upkeep
|turn|91
|j| LT91BB Dasher
|
|t:|1659033102
|move|p2a: Corviknight|U-turn|p1a: Toxapex
|-resisted|p1a: Toxapex
|-damage|p1a: Toxapex|92/100 brn
|
|t:|1659033117
|switch|p2a: Ninetales|Ninetales-Alola, M|76/100 brn|[from]move: U-turn
|-weather|Hail|[from] ability: Snow Warning|[of] p2a: Ninetales
|move|p1a: Toxapex|Poison Jab|p2a: Ninetales
|-supereffective|p2a: Ninetales
|-damage|p2a: Ninetales|53/100 brn
|
|-weather|Hail|[upkeep]
|-damage|p1a: Toxapex|86/100 brn|[from] Hail
|-damage|p2a: Ninetales|47/100 brn|[from] brn
|-damage|p1a: Toxapex|80/100 brn|[from] brn
|upkeep
|turn|92
|l| LT91BB Dasher
|
|t:|1659033126
|switch|p2a: Tornadus|Tornadus-Therian, M|100/100 brn
|switch|p1a: Mew|Mew|61/100
|
|-weather|Hail|[upkeep]
|-damage|p2a: Tornadus|94/100 brn|[from] Hail
|-damage|p1a: Mew|54/100|[from] Hail
|-heal|p1a: Mew|61/100|[from] item: Leftovers
|-damage|p2a: Tornadus|88/100 brn|[from] brn
|upkeep
|turn|93
|
|t:|1659033130
|switch|p1a: Blissey|Blissey, F|100/100
|move|p2a: Tornadus|Knock Off|p1a: Blissey
|-damage|p1a: Blissey|95/100
|
|-weather|Hail|[upkeep]
|-damage|p2a: Tornadus|82/100 brn|[from] Hail
|-damage|p1a: Blissey|88/100|[from] Hail
|-damage|p2a: Tornadus|76/100 brn|[from] brn
|upkeep
|turn|94
|
|t:|1659033133
|move|p2a: Tornadus|U-turn|p1a: Blissey
|-damage|p1a: Blissey|82/100
|
|t:|1659033135
|switch|p2a: Corviknight|Corviknight, F|94/100 brn|[from]move: U-turn
|-ability|p2a: Corviknight|Pressure
|move|p1a: Blissey|Stealth Rock|p2a: Corviknight
|-sidestart|p2: LT91BB luna|move: Stealth Rock
|
|-weather|Hail|[upkeep]
|-damage|p1a: Blissey|76/100|[from] Hail
|-damage|p2a: Corviknight|88/100 brn|[from] Hail
|-damage|p2a: Corviknight|82/100 brn|[from] brn
|upkeep
|turn|95
|j| Sificon~
|
|t:|1659033137
|switch|p1a: Corviknight|Corviknight, M|100/100
|-ability|p1a: Corviknight|Pressure
|move|p2a: Corviknight|Defog|p1a: Corviknight
|-unboost|p1a: Corviknight|evasion|1
|-sideend|p2: LT91BB luna|Stealth Rock|[from] move: Defog|[of] p2a: Corviknight
|
|-weather|Hail|[upkeep]
|-damage|p1a: Corviknight|94/100|[from] Hail
|-damage|p2a: Corviknight|75/100 brn|[from] Hail
|-heal|p1a: Corviknight|100/100|[from] item: Leftovers
|-damage|p2a: Corviknight|69/100 brn|[from] brn
|upkeep
|turn|96
|l| LT91BB Siegfried
|
|t:|1659033145
|switch|p1a: Mew|Mew|61/100
|move|p2a: Corviknight|U-turn|p1a: Mew
|-supereffective|p1a: Mew
|-damage|p1a: Mew|48/100
|l| Alain Ledon
|
|t:|1659033151
|switch|p2a: Tornadus|Tornadus-Therian, M|100/100 brn|[from]move: U-turn
|
|-weather|Hail|[upkeep]
|-damage|p2a: Tornadus|94/100 brn|[from] Hail
|-damage|p1a: Mew|41/100|[from] Hail
|-heal|p1a: Mew|48/100|[from] item: Leftovers
|-damage|p2a: Tornadus|88/100 brn|[from] brn
|upkeep
|turn|97
|j| Wonderite
|
|t:|1659033153
|switch|p1a: Blissey|Blissey, F|76/100
|move|p2a: Tornadus|Knock Off|p1a: Blissey
|-damage|p1a: Blissey|71/100
|
|-weather|Hail|[upkeep]
|-damage|p2a: Tornadus|82/100 brn|[from] Hail
|-damage|p1a: Blissey|65/100|[from] Hail
|-damage|p2a: Tornadus|76/100 brn|[from] brn
|upkeep
|turn|98
|l| Sificon~
|
|t:|1659033159
|move|p2a: Tornadus|U-turn|p1a: Blissey
|-damage|p1a: Blissey|58/100
|
|t:|1659033163
|switch|p2a: Corviknight|Corviknight, F|69/100 brn|[from]move: U-turn
|-ability|p2a: Corviknight|Pressure
|move|p1a: Blissey|Stealth Rock|p2a: Corviknight
|-sidestart|p2: LT91BB luna|move: Stealth Rock
|
|-weather|none
|-damage|p2a: Corviknight|63/100 brn|[from] brn
|upkeep
|turn|99
|
|t:|1659033183
|move|p1a: Blissey|Soft-Boiled|p1a: Blissey
|-heal|p1a: Blissey|100/100
|move|p2a: Corviknight|Defog|p1a: Blissey
|-unboost|p1a: Blissey|evasion|1
|-sideend|p2: LT91BB luna|Stealth Rock|[from] move: Defog|[of] p2a: Corviknight
|
|-damage|p2a: Corviknight|57/100 brn|[from] brn
|upkeep
|turn|100
|
|t:|1659033188
|switch|p1a: Mew|Mew|48/100
|move|p2a: Corviknight|Roost|p2a: Corviknight
|-heal|p2a: Corviknight|100/100 brn
|-singleturn|p2a: Corviknight|move: Roost
|
|-heal|p1a: Mew|54/100|[from] item: Leftovers
|-damage|p2a: Corviknight|94/100 brn|[from] brn
|upkeep
|turn|101
|
|t:|1659033191
|move|p1a: Mew|Night Shade|p2a: Corviknight
|-damage|p2a: Corviknight|69/100 brn
|move|p2a: Corviknight|U-turn|p1a: Mew
|-supereffective|p1a: Mew
|-damage|p1a: Mew|42/100
|
|t:|1659033193
|switch|p2a: Tornadus|Tornadus-Therian, M|100/100 brn|[from]move: U-turn
|
|-heal|p1a: Mew|48/100|[from] item: Leftovers
|-damage|p2a: Tornadus|94/100 brn|[from] brn
|upkeep
|turn|102
|
|t:|1659033196
|switch|p1a: Toxapex|Toxapex, M|100/100 brn
|move|p2a: Tornadus|U-turn|p1a: Toxapex
|-resisted|p1a: Toxapex
|-damage|p1a: Toxapex|99/100 brn
|
|t:|1659033198
|switch|p2a: Ninetales|Ninetales-Alola, M|47/100 brn|[from]move: U-turn
|-weather|Hail|[from] ability: Snow Warning|[of] p2a: Ninetales
|
|-weather|Hail|[upkeep]
|-damage|p1a: Toxapex|93/100 brn|[from] Hail
|-damage|p2a: Ninetales|41/100 brn|[from] brn
|-damage|p1a: Toxapex|87/100 brn|[from] brn
|upkeep
|turn|103
|c| Wonderite|Why blissey over chansey?
|
|t:|1659033205
|switch|p2a: Tornadus|Tornadus-Therian, M|100/100 brn
|move|p1a: Toxapex|Knock Off|p2a: Tornadus
|-damage|p2a: Tornadus|92/100 brn
|-enditem|p2a: Tornadus|Assault Vest|[from] move: Knock Off|[of] p1a: Toxapex
|
|-weather|Hail|[upkeep]
|-damage|p2a: Tornadus|86/100 brn|[from] Hail
|-damage|p1a: Toxapex|81/100 brn|[from] Hail
|-damage|p2a: Tornadus|80/100 brn|[from] brn
|-damage|p1a: Toxapex|75/100 brn|[from] brn
|upkeep
|turn|104
|c|☆Ferromolybdenum|my hazard control isn't good enough
|
|t:|1659033220
|move|p2a: Tornadus|U-turn|p1a: Toxapex
|-resisted|p1a: Toxapex
|-damage|p1a: Toxapex|72/100 brn
|
|t:|1659033222
|switch|p2a: Landorus|Landorus-Therian, M|85/100|[from]move: U-turn
|-ability|p2a: Landorus|Intimidate|boost
|-unboost|p1a: Toxapex|atk|1
|move|p1a: Toxapex|Light Screen|p1a: Toxapex
|-sidestart|p1: Ferromolybdenum|move: Light Screen
|
|-weather|Hail|[upkeep]
|-damage|p2a: Landorus|79/100|[from] Hail
|-damage|p1a: Toxapex|67/100 brn|[from] Hail
|-damage|p1a: Toxapex|61/100 brn|[from] brn
|upkeep
|turn|105
|c| Wonderite|Ohh ok
|
|t:|1659033226
|switch|p1a: Corviknight|Corviknight, M|100/100
|-ability|p1a: Corviknight|Pressure
|move|p2a: Landorus|U-turn|p1a: Corviknight
|-resisted|p1a: Corviknight
|-damage|p1a: Corviknight|97/100
|
|t:|1659033235
|switch|p2a: Arctozolt|Arctozolt|94/100|[from]move: U-turn
|
|-weather|Hail|[upkeep]
|-damage|p1a: Corviknight|91/100|[from] Hail
|-heal|p2a: Arctozolt|100/100|[from] item: Leftovers
|-heal|p1a: Corviknight|97/100|[from] item: Leftovers
|upkeep
|turn|106
|j| Prinz
|
|t:|1659033250
|switch|p1a: Gastrodon|Gastrodon, M|99/100
|move|p2a: Arctozolt|Substitute|p2a: Arctozolt
|-start|p2a: Arctozolt|Substitute
|-damage|p2a: Arctozolt|76/100
|
|-weather|Hail|[upkeep]
|-damage|p1a: Gastrodon|94/100|[from] Hail
|-heal|p2a: Arctozolt|82/100|[from] item: Leftovers
|-heal|p1a: Gastrodon|99/100|[from] item: Leftovers
|upkeep
|turn|107
|
|t:|1659033257
|move|p2a: Arctozolt|Low Kick|p1a: Gastrodon
|-damage|p1a: Gastrodon|83/100
|move|p1a: Gastrodon|Scald|p2a: Arctozolt
|-end|p2a: Arctozolt|Substitute
|
|-weather|Hail|[upkeep]
|-damage|p1a: Gastrodon|77/100|[from] Hail
|-heal|p2a: Arctozolt|88/100|[from] item: Leftovers
|-heal|p1a: Gastrodon|83/100|[from] item: Leftovers
|upkeep
|turn|108
|
|t:|1659033260
|move|p2a: Arctozolt|Substitute|p2a: Arctozolt
|-start|p2a: Arctozolt|Substitute
|-damage|p2a: Arctozolt|63/100
|move|p1a: Gastrodon|Scald|p2a: Arctozolt
|-end|p2a: Arctozolt|Substitute
|
|-weather|Hail|[upkeep]
|-damage|p1a: Gastrodon|77/100|[from] Hail
|-heal|p2a: Arctozolt|69/100|[from] item: Leftovers
|-heal|p1a: Gastrodon|83/100|[from] item: Leftovers
|-sideend|p1: Ferromolybdenum|move: Light Screen
|upkeep
|turn|109
|
|t:|1659033265
|switch|p2a: Ninetales|Ninetales-Alola, M|41/100 brn
|move|p1a: Gastrodon|Scald|p2a: Ninetales
|-damage|p2a: Ninetales|16/100 brn
|
|-weather|none
|-heal|p1a: Gastrodon|89/100|[from] item: Leftovers
|-damage|p2a: Ninetales|10/100 brn|[from] brn
|upkeep
|turn|110
|
|t:|1659033271
|move|p2a: Ninetales|Pain Split|p1a: Gastrodon
|-sethp|p1a: Gastrodon|49/100|[from] move: Pain Split|[silent]
|-sethp|p2a: Ninetales|59/100 brn|[from] move: Pain Split
|move|p1a: Gastrodon|Earth Power|p2a: Ninetales
|-damage|p2a: Ninetales|29/100 brn
|
|-heal|p1a: Gastrodon|55/100|[from] item: Leftovers
|-damage|p2a: Ninetales|23/100 brn|[from] brn
|upkeep
|turn|111
|
|t:|1659033274
|move|p1a: Gastrodon|Protect|p1a: Gastrodon
|-singleturn|p1a: Gastrodon|Protect
|move|p2a: Ninetales|Pain Split|p1a: Gastrodon
|-activate|p1a: Gastrodon|move: Protect
|
|-heal|p1a: Gastrodon|61/100|[from] item: Leftovers
|-damage|p2a: Ninetales|17/100 brn|[from] brn
|upkeep
|turn|112
|
|t:|1659033278
|switch|p1a: Mew|Mew|48/100
|move|p2a: Ninetales|Pain Split|p1a: Mew
|-sethp|p1a: Mew|32/100|[from] move: Pain Split|[silent]
|-sethp|p2a: Ninetales|36/100 brn|[from] move: Pain Split
|
|-heal|p1a: Mew|38/100|[from] item: Leftovers
|-damage|p2a: Ninetales|30/100 brn|[from] brn
|upkeep
|turn|113
|
|t:|1659033283
|switch|p2a: Tornadus|Tornadus-Therian, M|100/100 brn
|move|p1a: Mew|Taunt|p2a: Tornadus
|-start|p2a: Tornadus|move: Taunt
|
|-heal|p1a: Mew|44/100|[from] item: Leftovers
|-damage|p2a: Tornadus|94/100 brn|[from] brn
|upkeep
|turn|114
|l| LT91BB Scorcha
|
|t:|1659033286
|switch|p1a: Toxapex|Toxapex, M|94/100 brn
|move|p2a: Tornadus|Knock Off|p1a: Toxapex
|-damage|p1a: Toxapex|88/100 brn
|-enditem|p1a: Toxapex|Shed Shell|[from] move: Knock Off|[of] p2a: Tornadus
|
|-damage|p2a: Tornadus|88/100 brn|[from] brn
|-damage|p1a: Toxapex|82/100 brn|[from] brn
|upkeep
|turn|115
|
|t:|1659033297
|move|p2a: Tornadus|U-turn|p1a: Toxapex
|-resisted|p1a: Toxapex
|-damage|p1a: Toxapex|79/100 brn
|
|t:|1659033299
|switch|p2a: Landorus|Landorus-Therian, M|79/100|[from]move: U-turn
|-ability|p2a: Landorus|Intimidate|boost
|-unboost|p1a: Toxapex|atk|1
|move|p1a: Toxapex|Light Screen|p1a: Toxapex
|-sidestart|p1: Ferromolybdenum|move: Light Screen
|
|-damage|p1a: Toxapex|73/100 brn|[from] brn
|upkeep
|turn|116
|
|t:|1659033303
|switch|p1a: Corviknight|Corviknight, M|97/100
|-ability|p1a: Corviknight|Pressure
|move|p2a: Landorus|U-turn|p1a: Corviknight
|-resisted|p1a: Corviknight
|-damage|p1a: Corviknight|94/100
|
|t:|1659033305
|switch|p2a: Tornadus|Tornadus-Therian, M|100/100 brn|[from]move: U-turn
|
|-heal|p1a: Corviknight|100/100|[from] item: Leftovers
|-damage|p2a: Tornadus|94/100 brn|[from] brn
|upkeep
|turn|117
|
|t:|1659033310
|switch|p1a: Toxapex|Toxapex, M|100/100 brn
|move|p2a: Tornadus|U-turn|p1a: Toxapex
|-resisted|p1a: Toxapex
|-damage|p1a: Toxapex|99/100 brn
|j| t-yeu
|
|t:|1659033312
|switch|p2a: Arctozolt|Arctozolt|69/100|[from]move: U-turn
|
|-heal|p2a: Arctozolt|76/100|[from] item: Leftovers
|-damage|p1a: Toxapex|93/100 brn|[from] brn
|upkeep
|turn|118
|
|t:|1659033318
|switch|p2a: Tornadus|Tornadus-Therian, M|100/100 brn
|switch|p1a: Gastrodon|Gastrodon, M|61/100
|
|-heal|p1a: Gastrodon|67/100|[from] item: Leftovers
|-damage|p2a: Tornadus|94/100 brn|[from] brn
|upkeep
|turn|119
|
|t:|1659033322
|move|p2a: Tornadus|U-turn|p1a: Gastrodon
|-damage|p1a: Gastrodon|59/100
|
|t:|1659033327
|switch|p2a: Corviknight|Corviknight, F|69/100 brn|[from]move: U-turn
|-ability|p2a: Corviknight|Pressure
|move|p1a: Gastrodon|Recover|p1a: Gastrodon
|-heal|p1a: Gastrodon|100/100
|
|-damage|p2a: Corviknight|63/100 brn|[from] brn
|-sideend|p1: Ferromolybdenum|move: Light Screen
|upkeep
|turn|120
|
|t:|1659033331
|switch|p1a: Mew|Mew|44/100
|move|p2a: Corviknight|U-turn|p1a: Mew
|-supereffective|p1a: Mew
|-damage|p1a: Mew|33/100
|j| Teen problems
|
|t:|1659033334
|switch|p2a: Tornadus|Tornadus-Therian, M|100/100 brn|[from]move: U-turn
|
|-heal|p1a: Mew|39/100|[from] item: Leftovers
|-damage|p2a: Tornadus|94/100 brn|[from] brn
|upkeep
|turn|121
|
|t:|1659033341
|switch|p1a: Blissey|Blissey, F|100/100
|move|p2a: Tornadus|U-turn|p1a: Blissey
|-damage|p1a: Blissey|94/100
|
|t:|1659033343
|switch|p2a: Arctozolt|Arctozolt|76/100|[from]move: U-turn
|
|-heal|p2a: Arctozolt|82/100|[from] item: Leftovers
|upkeep
|turn|122
|j| LT91BB Tace
|j| saki X toki
|
|t:|1659033347
|switch|p2a: Corviknight|Corviknight, F|63/100 brn
|-ability|p2a: Corviknight|Pressure
|move|p1a: Blissey|Toxic||[still]
|-fail|p1a: Blissey
|
|-damage|p2a: Corviknight|57/100 brn|[from] brn
|upkeep
|turn|123
|
|t:|1659033350
|move|p1a: Blissey|Stealth Rock|p2a: Corviknight
|-sidestart|p2: LT91BB luna|move: Stealth Rock
|move|p2a: Corviknight|Roost|p2a: Corviknight
|-heal|p2a: Corviknight|100/100 brn
|-singleturn|p2a: Corviknight|move: Roost
|
|-damage|p2a: Corviknight|94/100 brn|[from] brn
|upkeep
|turn|124
|
|t:|1659033353
|switch|p1a: Corviknight|Corviknight, M|100/100
|-ability|p1a: Corviknight|Pressure
|move|p2a: Corviknight|Defog|p1a: Corviknight
|-unboost|p1a: Corviknight|evasion|1
|-sideend|p2: LT91BB luna|Stealth Rock|[from] move: Defog|[of] p2a: Corviknight
|
|-damage|p2a: Corviknight|88/100 brn|[from] brn
|upkeep
|turn|125
|
|t:|1659033358
|switch|p1a: Blissey|Blissey, F|94/100
|move|p2a: Corviknight|U-turn|p1a: Blissey
|-damage|p1a: Blissey|88/100
|
|t:|1659033363
|switch|p2a: Arctozolt|Arctozolt|82/100|[from]move: U-turn
|
|-heal|p2a: Arctozolt|88/100|[from] item: Leftovers
|upkeep
|turn|126
|
|t:|1659033365
|switch|p2a: Corviknight|Corviknight, F|88/100 brn
|-ability|p2a: Corviknight|Pressure
|switch|p1a: Gastrodon|Gastrodon, M|100/100
|
|-damage|p2a: Corviknight|82/100 brn|[from] brn
|upkeep
|turn|127
|l| LT91BB Tace
|j| Camon Baby!!
|
|t:|1659033374
|switch|p1a: Corviknight|Corviknight, M|100/100
|-ability|p1a: Corviknight|Pressure
|move|p2a: Corviknight|U-turn|p1a: Corviknight
|-resisted|p1a: Corviknight
|-damage|p1a: Corviknight|99/100
|
|t:|1659033381
|switch|p2a: Arctozolt|Arctozolt|88/100|[from]move: U-turn
|
|-heal|p2a: Arctozolt|94/100|[from] item: Leftovers
|-heal|p1a: Corviknight|100/100|[from] item: Leftovers
|upkeep
|turn|128
|
|t:|1659033386
|switch|p2a: Tornadus|Tornadus-Therian, M|100/100 brn
|switch|p1a: Gastrodon|Gastrodon, M|100/100
|
|-damage|p2a: Tornadus|94/100 brn|[from] brn
|upkeep
|turn|129
|
|t:|1659033389
|switch|p1a: Toxapex|Toxapex, M|100/100 brn
|move|p2a: Tornadus|U-turn|p1a: Toxapex
|-resisted|p1a: Toxapex
|-crit|p1a: Toxapex
|-damage|p1a: Toxapex|98/100 brn
|
|t:|1659033393
|switch|p2a: Landorus|Landorus-Therian, M|79/100|[from]move: U-turn
|-ability|p2a: Landorus|Intimidate|boost
|-unboost|p1a: Toxapex|atk|1
|
|-damage|p1a: Toxapex|92/100 brn|[from] brn
|upkeep
|turn|130
|
|t:|1659033397
|switch|p1a: Corviknight|Corviknight, M|100/100
|-ability|p1a: Corviknight|Pressure
|move|p2a: Landorus|U-turn|p1a: Corviknight
|-resisted|p1a: Corviknight
|-damage|p1a: Corviknight|97/100
|
|t:|1659033400
|switch|p2a: Volcanion|Volcanion|49/100|[from]move: U-turn
|
|-heal|p1a: Corviknight|100/100|[from] item: Leftovers
|upkeep
|turn|131
|l| LT91BB TheLight
|l| Camon Baby!!
|
|t:|1659033403
|switch|p2a: Ninetales|Ninetales-Alola, M|30/100 brn
|-weather|Hail|[from] ability: Snow Warning|[of] p2a: Ninetales
|switch|p1a: Blissey|Blissey, F|88/100
|
|-weather|Hail|[upkeep]
|-damage|p1a: Blissey|82/100|[from] Hail
|-damage|p2a: Ninetales|24/100 brn|[from] brn
|upkeep
|turn|132
|
|t:|1659033409
|move|p2a: Ninetales|Pain Split|p1a: Blissey
|-sethp|p1a: Blissey|47/100|[from] move: Pain Split|[silent]
|-sethp|p2a: Ninetales|95/100 brn|[from] move: Pain Split
|move|p1a: Blissey|Stealth Rock|p2a: Ninetales
|-sidestart|p2: LT91BB luna|move: Stealth Rock
|
|-weather|Hail|[upkeep]
|-damage|p1a: Blissey|41/100|[from] Hail
|-damage|p2a: Ninetales|89/100 brn|[from] brn
|upkeep
|turn|133
|
|t:|1659033416
|switch|p1a: Mew|Mew|39/100
|move|p2a: Ninetales|Encore||[still]
|-fail|p2a: Ninetales
|
|-weather|Hail|[upkeep]
|-damage|p1a: Mew|33/100|[from] Hail
|-heal|p1a: Mew|39/100|[from] item: Leftovers
|-damage|p2a: Ninetales|83/100 brn|[from] brn
|upkeep
|turn|134
|
|t:|1659033421
|switch|p2a: Tornadus|Tornadus-Therian, M|100/100 brn
|-damage|p2a: Tornadus|76/100 brn|[from] Stealth Rock
|move|p1a: Mew|Soft-Boiled|p1a: Mew
|-heal|p1a: Mew|89/100
|
|-weather|Hail|[upkeep]
|-damage|p2a: Tornadus|69/100 brn|[from] Hail
|-damage|p1a: Mew|83/100|[from] Hail
|-heal|p1a: Mew|89/100|[from] item: Leftovers
|-damage|p2a: Tornadus|63/100 brn|[from] brn
|upkeep
|turn|135
|
|t:|1659033425
|switch|p1a: Toxapex|Toxapex, M|100/100 brn
|move|p2a: Tornadus|U-turn|p1a: Toxapex
|-resisted|p1a: Toxapex
|-damage|p1a: Toxapex|98/100 brn
|j| MPEKAS
|
|t:|1659033431
|switch|p2a: Landorus|Landorus-Therian, M|79/100|[from]move: U-turn
|-damage|p2a: Landorus|67/100|[from] Stealth Rock
|-ability|p2a: Landorus|Intimidate|boost
|-unboost|p1a: Toxapex|atk|1
|
|-weather|Hail|[upkeep]
|-damage|p2a: Landorus|61/100|[from] Hail
|-damage|p1a: Toxapex|92/100 brn|[from] Hail
|-damage|p1a: Toxapex|86/100 brn|[from] brn
|upkeep
|turn|136
|
|t:|1659033435
|switch|p1a: Corviknight|Corviknight, M|100/100
|-ability|p1a: Corviknight|Pressure
|move|p2a: Landorus|Defog|p1a: Corviknight
|-unboost|p1a: Corviknight|evasion|1
|-sideend|p2: LT91BB luna|Stealth Rock|[from] move: Defog|[of] p2a: Landorus
|
|-weather|Hail|[upkeep]
|-damage|p2a: Landorus|55/100|[from] Hail
|-damage|p1a: Corviknight|94/100|[from] Hail
|-heal|p1a: Corviknight|100/100|[from] item: Leftovers
|upkeep
|turn|137
|
|t:|1659033441
|move|p2a: Landorus|U-turn|p1a: Corviknight
|-resisted|p1a: Corviknight
|-damage|p1a: Corviknight|97/100
|j| Trainer Aggron
|
|t:|1659033446
|switch|p2a: Corviknight|Corviknight, F|82/100 brn|[from]move: U-turn
|-ability|p2a: Corviknight|Pressure
|move|p1a: Corviknight|Iron Defense|p1a: Corviknight
|-boost|p1a: Corviknight|def|2
|
|-weather|Hail|[upkeep]
|-damage|p1a: Corviknight|91/100|[from] Hail
|-damage|p2a: Corviknight|75/100 brn|[from] Hail
|-heal|p1a: Corviknight|97/100|[from] item: Leftovers
|-damage|p2a: Corviknight|69/100 brn|[from] brn
|upkeep
|turn|138
|
|t:|1659033450
|move|p1a: Corviknight|Body Press|p2a: Corviknight
|-damage|p2a: Corviknight|39/100 brn
|-damage|p1a: Corviknight|80/100|[from] item: Rocky Helmet|[of] p2a: Corviknight
|move|p2a: Corviknight|Roost|p2a: Corviknight
|-heal|p2a: Corviknight|89/100 brn
|-singleturn|p2a: Corviknight|move: Roost
|
|-weather|none
|-heal|p1a: Corviknight|87/100|[from] item: Leftovers
|-damage|p2a: Corviknight|83/100 brn|[from] brn
|upkeep
|turn|139
|
|t:|1659033453
|move|p1a: Corviknight|Body Press|p2a: Corviknight
|-damage|p2a: Corviknight|52/100 brn
|-damage|p1a: Corviknight|70/100|[from] item: Rocky Helmet|[of] p2a: Corviknight
|move|p2a: Corviknight|U-turn|p1a: Corviknight
|-resisted|p1a: Corviknight
|-damage|p1a: Corviknight|70/100
|
|t:|1659033456
|switch|p2a: Volcanion|Volcanion|49/100|[from]move: U-turn
|
|-heal|p1a: Corviknight|76/100|[from] item: Leftovers
|upkeep
|turn|140
|l| Trainer Aggron
|j| LT91BB BBats
|
|t:|1659033461
|switch|p1a: Toxapex|Toxapex, M|100/100 brn
|move|p2a: Volcanion|Earth Power|p1a: Toxapex
|-supereffective|p1a: Toxapex
|-damage|p1a: Toxapex|16/100 brn
|
|-damage|p1a: Toxapex|10/100 brn|[from] brn
|upkeep
|turn|141
|
|t:|1659033467
|switch|p2a: Arctozolt|Arctozolt|94/100
|switch|p1a: Mew|Mew|89/100
|
|-heal|p1a: Mew|95/100|[from] item: Leftovers
|-heal|p2a: Arctozolt|100/100|[from] item: Leftovers
|upkeep
|turn|142
|
|t:|1659033471
|switch|p2a: Tornadus|Tornadus-Therian, M|97/100 brn
|move|p1a: Mew|Night Shade|p2a: Tornadus
|-damage|p2a: Tornadus|69/100 brn
|
|-heal|p1a: Mew|100/100|[from] item: Leftovers
|-damage|p2a: Tornadus|63/100 brn|[from] brn
|upkeep
|turn|143
|
|t:|1659033476
|switch|p1a: Toxapex|Toxapex, M|43/100 brn
|move|p2a: Tornadus|U-turn|p1a: Toxapex
|-resisted|p1a: Toxapex
|-damage|p1a: Toxapex|41/100 brn
|
|t:|1659033479
|switch|p2a: Volcanion|Volcanion|49/100|[from]move: U-turn
|
|-damage|p1a: Toxapex|35/100 brn|[from] brn
|upkeep
|turn|144
|
|t:|1659033483
|switch|p1a: Mew|Mew|100/100
|move|p2a: Volcanion|Steam Eruption|p1a: Mew
|-damage|p1a: Mew|44/100
|
|-heal|p1a: Mew|51/100|[from] item: Leftovers
|upkeep
|turn|145
|
|t:|1659033492
|switch|p2a: Arctozolt|Arctozolt|100/100
|switch|p1a: Toxapex|Toxapex, M|69/100 brn
|
|-damage|p1a: Toxapex|63/100 brn|[from] brn
|upkeep
|turn|146
|
|t:|1659033497
|switch|p2a: Ninetales|Ninetales-Alola, M|83/100 brn
|-weather|Hail|[from] ability: Snow Warning|[of] p2a: Ninetales
|switch|p1a: Gastrodon|Gastrodon, M|100/100
|
|-weather|Hail|[upkeep]
|-damage|p1a: Gastrodon|94/100|[from] Hail
|-heal|p1a: Gastrodon|100/100|[from] item: Leftovers
|-damage|p2a: Ninetales|77/100 brn|[from] brn
|upkeep
|turn|147
|
|t:|1659033509
|switch|p2a: Tornadus|Tornadus-Therian, M|96/100 brn
|switch|p1a: Blissey|Blissey, F|41/100
|
|-weather|Hail|[upkeep]
|-damage|p2a: Tornadus|90/100 brn|[from] Hail
|-damage|p1a: Blissey|35/100|[from] Hail
|-damage|p2a: Tornadus|84/100 brn|[from] brn
|upkeep
|turn|148
|
|t:|1659033511
|move|p2a: Tornadus|U-turn|p1a: Blissey
|-damage|p1a: Blissey|28/100
|
|t:|1659033515
|switch|p2a: Arctozolt|Arctozolt|100/100|[from]move: U-turn
|move|p1a: Blissey|Soft-Boiled|p1a: Blissey
|-heal|p1a: Blissey|78/100
|
|-weather|Hail|[upkeep]
|-damage|p1a: Blissey|72/100|[from] Hail
|upkeep
|turn|149
|
|t:|1659033518
|switch|p1a: Gastrodon|Gastrodon, M|100/100
|move|p2a: Arctozolt|Bolt Beak|p1a: Gastrodon
|-immune|p1a: Gastrodon
|
|-weather|Hail|[upkeep]
|-damage|p1a: Gastrodon|94/100|[from] Hail
|-heal|p1a: Gastrodon|100/100|[from] item: Leftovers
|upkeep
|turn|150
|
|t:|1659033523
|move|p2a: Arctozolt|Substitute|p2a: Arctozolt
|-start|p2a: Arctozolt|Substitute
|-damage|p2a: Arctozolt|76/100
|move|p1a: Gastrodon|Earth Power|p2a: Arctozolt
|-supereffective|p2a: Arctozolt
|-end|p2a: Arctozolt|Substitute
|
|-weather|Hail|[upkeep]
|-damage|p1a: Gastrodon|94/100|[from] Hail
|-heal|p2a: Arctozolt|82/100|[from] item: Leftovers
|-heal|p1a: Gastrodon|100/100|[from] item: Leftovers
|upkeep
|turn|151
|
|t:|1659033526
|switch|p2a: Tornadus|Tornadus-Therian, M|100/100 brn
|move|p1a: Gastrodon|Earth Power|p2a: Tornadus
|-immune|p2a: Tornadus
|
|-weather|Hail|[upkeep]
|-damage|p2a: Tornadus|94/100 brn|[from] Hail
|-damage|p1a: Gastrodon|94/100|[from] Hail
|-heal|p1a: Gastrodon|100/100|[from] item: Leftovers
|-damage|p2a: Tornadus|88/100 brn|[from] brn
|upkeep
|turn|152
|
|t:|1659033531
|switch|p1a: Toxapex|Toxapex, M|96/100 brn
|move|p2a: Tornadus|U-turn|p1a: Toxapex
|-resisted|p1a: Toxapex
|-damage|p1a: Toxapex|94/100 brn
|
|t:|1659033534
|switch|p2a: Arctozolt|Arctozolt|82/100|[from]move: U-turn
|
|-weather|Hail|[upkeep]
|-damage|p1a: Toxapex|88/100 brn|[from] Hail
|-heal|p2a: Arctozolt|88/100|[from] item: Leftovers
|-damage|p1a: Toxapex|82/100 brn|[from] brn
|upkeep
|turn|153
|j| Savoyevatel
|
|t:|1659033537
|switch|p1a: Gastrodon|Gastrodon, M|100/100
|move|p2a: Arctozolt|Substitute|p2a: Arctozolt
|-start|p2a: Arctozolt|Substitute
|-damage|p2a: Arctozolt|63/100
|
|-weather|none
|-heal|p2a: Arctozolt|69/100|[from] item: Leftovers
|upkeep
|turn|154
|l| Savoyevatel
|
|t:|1659033545
|move|p2a: Arctozolt|Low Kick|p1a: Gastrodon
|-damage|p1a: Gastrodon|82/100
|move|p1a: Gastrodon|Scald|p2a: Arctozolt
|-end|p2a: Arctozolt|Substitute
|
|-heal|p2a: Arctozolt|76/100|[from] item: Leftovers
|-heal|p1a: Gastrodon|88/100|[from] item: Leftovers
|upkeep
|turn|155
|
|t:|1659033549
|move|p1a: Gastrodon|Protect|p1a: Gastrodon
|-singleturn|p1a: Gastrodon|Protect
|move|p2a: Arctozolt|Substitute|p2a: Arctozolt
|-start|p2a: Arctozolt|Substitute
|-damage|p2a: Arctozolt|51/100
|
|-heal|p2a: Arctozolt|57/100|[from] item: Leftovers
|-heal|p1a: Gastrodon|94/100|[from] item: Leftovers
|upkeep
|turn|156
|
|t:|1659033551
|move|p2a: Arctozolt|Low Kick|p1a: Gastrodon
|-damage|p1a: Gastrodon|75/100
|move|p1a: Gastrodon|Scald|p2a: Arctozolt
|-end|p2a: Arctozolt|Substitute
|
|-heal|p2a: Arctozolt|63/100|[from] item: Leftovers
|-heal|p1a: Gastrodon|81/100|[from] item: Leftovers
|upkeep
|turn|157
|
|t:|1659033553
|switch|p2a: Tornadus|Tornadus-Therian, M|100/100 brn
|move|p1a: Gastrodon|Protect||[still]
|-fail|p1a: Gastrodon
|
|-heal|p1a: Gastrodon|87/100|[from] item: Leftovers
|-damage|p2a: Tornadus|94/100 brn|[from] brn
|upkeep
|turn|158
|
|t:|1659033556
|switch|p1a: Toxapex|Toxapex, M|100/100 brn
|move|p2a: Tornadus|U-turn|p1a: Toxapex
|-resisted|p1a: Toxapex
|-damage|p1a: Toxapex|99/100 brn
|
|t:|1659033559
|switch|p2a: Arctozolt|Arctozolt|63/100|[from]move: U-turn
|
|-heal|p2a: Arctozolt|69/100|[from] item: Leftovers
|-damage|p1a: Toxapex|93/100 brn|[from] brn
|upkeep
|turn|159
|
|t:|1659033563
|switch|p2a: Tornadus|Tornadus-Therian, M|100/100 brn
|switch|p1a: Gastrodon|Gastrodon, M|87/100
|
|-heal|p1a: Gastrodon|93/100|[from] item: Leftovers
|-damage|p2a: Tornadus|94/100 brn|[from] brn
|upkeep
|turn|160
|
|t:|1659033566
|switch|p1a: Toxapex|Toxapex, M|100/100 brn
|move|p2a: Tornadus|U-turn|p1a: Toxapex
|-resisted|p1a: Toxapex
|-damage|p1a: Toxapex|98/100 brn
|
|t:|1659033569
|switch|p2a: Arctozolt|Arctozolt|69/100|[from]move: U-turn
|
|-heal|p2a: Arctozolt|76/100|[from] item: Leftovers
|-damage|p1a: Toxapex|92/100 brn|[from] brn
|upkeep
|turn|161
|
|t:|1659033571
|switch|p2a: Tornadus|Tornadus-Therian, M|100/100 brn
|switch|p1a: Gastrodon|Gastrodon, M|93/100
|
|-heal|p1a: Gastrodon|99/100|[from] item: Leftovers
|-damage|p2a: Tornadus|94/100 brn|[from] brn
|upkeep
|turn|162
|
|t:|1659033584
|switch|p1a: Toxapex|Toxapex, M|100/100 brn
|move|p2a: Tornadus|U-turn|p1a: Toxapex
|-resisted|p1a: Toxapex
|-damage|p1a: Toxapex|99/100 brn
|
|t:|1659033586
|switch|p2a: Arctozolt|Arctozolt|76/100|[from]move: U-turn
|
|-heal|p2a: Arctozolt|82/100|[from] item: Leftovers
|-damage|p1a: Toxapex|93/100 brn|[from] brn
|upkeep
|turn|163
|l| Wonderite
|
|t:|1659033604
|switch|p2a: Tornadus|Tornadus-Therian, M|100/100 brn
|switch|p1a: Gastrodon|Gastrodon, M|99/100
|
|-heal|p1a: Gastrodon|100/100|[from] item: Leftovers
|-damage|p2a: Tornadus|94/100 brn|[from] brn
|upkeep
|turn|164
|
|t:|1659033607
|switch|p1a: Toxapex|Toxapex, M|100/100 brn
|move|p2a: Tornadus|U-turn|p1a: Toxapex
|-resisted|p1a: Toxapex
|-damage|p1a: Toxapex|99/100 brn
|
|t:|1659033610
|switch|p2a: Arctozolt|Arctozolt|82/100|[from]move: U-turn
|
|-heal|p2a: Arctozolt|88/100|[from] item: Leftovers
|-damage|p1a: Toxapex|93/100 brn|[from] brn
|upkeep
|turn|165
|
|t:|1659033613
|switch|p1a: Gastrodon|Gastrodon, M|100/100
|move|p2a: Arctozolt|Substitute|p2a: Arctozolt
|-start|p2a: Arctozolt|Substitute
|-damage|p2a: Arctozolt|63/100
|
|-heal|p2a: Arctozolt|69/100|[from] item: Leftovers
|upkeep
|turn|166
|l| LT91BB BBats
|
|t:|1659033617
|move|p2a: Arctozolt|Low Kick|p1a: Gastrodon
|-damage|p1a: Gastrodon|81/100
|move|p1a: Gastrodon|Scald|p2a: Arctozolt
|-end|p2a: Arctozolt|Substitute
|
|-heal|p2a: Arctozolt|76/100|[from] item: Leftovers
|-heal|p1a: Gastrodon|87/100|[from] item: Leftovers
|upkeep
|turn|167
|
|t:|1659033619
|move|p1a: Gastrodon|Protect|p1a: Gastrodon
|-singleturn|p1a: Gastrodon|Protect
|move|p2a: Arctozolt|Substitute|p2a: Arctozolt
|-start|p2a: Arctozolt|Substitute
|-damage|p2a: Arctozolt|51/100
|
|-heal|p2a: Arctozolt|57/100|[from] item: Leftovers
|-heal|p1a: Gastrodon|93/100|[from] item: Leftovers
|upkeep
|turn|168
|j| osonnenuntergango
|
|t:|1659033622
|move|p2a: Arctozolt|Low Kick|p1a: Gastrodon
|-damage|p1a: Gastrodon|74/100
|move|p1a: Gastrodon|Earth Power|p2a: Arctozolt
|-supereffective|p2a: Arctozolt
|-end|p2a: Arctozolt|Substitute
|
|-heal|p2a: Arctozolt|63/100|[from] item: Leftovers
|-heal|p1a: Gastrodon|80/100|[from] item: Leftovers
|upkeep
|turn|169
|
|t:|1659033626
|switch|p2a: Tornadus|Tornadus-Therian, M|100/100 brn
|move|p1a: Gastrodon|Protect||[still]
|-fail|p1a: Gastrodon
|
|-heal|p1a: Gastrodon|86/100|[from] item: Leftovers
|-damage|p2a: Tornadus|94/100 brn|[from] brn
|upkeep
|turn|170
|
|t:|1659033629
|switch|p2a: Landorus|Landorus-Therian, M|55/100
|-ability|p2a: Landorus|Intimidate|boost
|-unboost|p1a: Gastrodon|atk|1
|switch|p1a: Toxapex|Toxapex, M|100/100 brn
|
|-damage|p1a: Toxapex|95/100 brn|[from] brn
|upkeep
|turn|171
|l| saki X toki
|
|t:|1659033634
|switch|p1a: Corviknight|Corviknight, M|76/100
|-ability|p1a: Corviknight|Pressure
|move|p2a: Landorus|Earthquake|p1a: Corviknight
|-immune|p1a: Corviknight
|
|-heal|p1a: Corviknight|82/100|[from] item: Leftovers
|upkeep
|turn|172
|
|t:|1659033637
|move|p2a: Landorus|U-turn|p1a: Corviknight
|-resisted|p1a: Corviknight
|-damage|p1a: Corviknight|79/100
|
|t:|1659033639
|switch|p2a: Corviknight|Corviknight, F|52/100 brn|[from]move: U-turn
|-ability|p2a: Corviknight|Pressure
|move|p1a: Corviknight|Iron Defense|p1a: Corviknight
|-boost|p1a: Corviknight|def|2
|
|-heal|p1a: Corviknight|85/100|[from] item: Leftovers
|-damage|p2a: Corviknight|45/100 brn|[from] brn
|upkeep
|turn|173
|
|t:|1659033642
|move|p1a: Corviknight|Body Press|p2a: Corviknight
|-damage|p2a: Corviknight|11/100 brn
|-damage|p1a: Corviknight|69/100|[from] item: Rocky Helmet|[of] p2a: Corviknight
|move|p2a: Corviknight|Roost|p2a: Corviknight
|-heal|p2a: Corviknight|61/100 brn
|-singleturn|p2a: Corviknight|move: Roost
|
|-heal|p1a: Corviknight|75/100|[from] item: Leftovers
|-damage|p2a: Corviknight|55/100 brn|[from] brn
|upkeep
|turn|174
|
|t:|1659033646
|move|p1a: Corviknight|Body Press|p2a: Corviknight
|-damage|p2a: Corviknight|26/100 brn
|-damage|p1a: Corviknight|58/100|[from] item: Rocky Helmet|[of] p2a: Corviknight
|move|p2a: Corviknight|Roost|p2a: Corviknight
|-heal|p2a: Corviknight|76/100 brn
|-singleturn|p2a: Corviknight|move: Roost
|
|-heal|p1a: Corviknight|65/100|[from] item: Leftovers
|-damage|p2a: Corviknight|69/100 brn|[from] brn
|upkeep
|turn|175
|
|t:|1659033650
|move|p1a: Corviknight|Roost|p1a: Corviknight
|-heal|p1a: Corviknight|100/100
|-singleturn|p1a: Corviknight|move: Roost
|move|p2a: Corviknight|U-turn|p1a: Corviknight
|-resisted|p1a: Corviknight
|-damage|p1a: Corviknight|99/100
|
|t:|1659033653
|switch|p2a: Volcanion|Volcanion|49/100|[from]move: U-turn
|
|-heal|p1a: Corviknight|100/100|[from] item: Leftovers
|upkeep
|turn|176
|
|t:|1659033657
|switch|p1a: Blissey|Blissey, F|72/100
|move|p2a: Volcanion|Flamethrower|p1a: Blissey
|-damage|p1a: Blissey|46/100
|
|upkeep
|turn|177
|l| osonnenuntergango
|
|t:|1659033665
|switch|p2a: Landorus|Landorus-Therian, M|55/100
|-ability|p2a: Landorus|Intimidate|boost
|-unboost|p1a: Blissey|atk|1
|move|p1a: Blissey|Soft-Boiled|p1a: Blissey
|-heal|p1a: Blissey|96/100
|
|upkeep
|turn|178
|
|t:|1659033668
|switch|p1a: Corviknight|Corviknight, M|100/100
|-ability|p1a: Corviknight|Pressure
|move|p2a: Landorus|U-turn|p1a: Corviknight
|-resisted|p1a: Corviknight
|-damage|p1a: Corviknight|97/100
|
|t:|1659033672
|switch|p2a: Ninetales|Ninetales-Alola, M|77/100 brn|[from]move: U-turn
|-weather|Hail|[from] ability: Snow Warning|[of] p2a: Ninetales
|
|-weather|Hail|[upkeep]
|-damage|p1a: Corviknight|91/100|[from] Hail
|-heal|p1a: Corviknight|97/100|[from] item: Leftovers
|-damage|p2a: Ninetales|71/100 brn|[from] brn
|upkeep
|turn|179
|l| ClumsyClefable
|
|t:|1659033678
|switch|p2a: Tornadus|Tornadus-Therian, M|100/100 brn
|switch|p1a: Mew|Mew|51/100
|
|-weather|Hail|[upkeep]
|-damage|p2a: Tornadus|94/100 brn|[from] Hail
|-damage|p1a: Mew|44/100|[from] Hail
|-heal|p1a: Mew|51/100|[from] item: Leftovers
|-damage|p2a: Tornadus|88/100 brn|[from] brn
|upkeep
|turn|180
|
|t:|1659033682
|switch|p1a: Toxapex|Toxapex, M|100/100 brn
|move|p2a: Tornadus|Knock Off|p1a: Toxapex
|-damage|p1a: Toxapex|97/100 brn
|
|-weather|Hail|[upkeep]
|-damage|p2a: Tornadus|82/100 brn|[from] Hail
|-damage|p1a: Toxapex|91/100 brn|[from] Hail
|-damage|p2a: Tornadus|76/100 brn|[from] brn
|-damage|p1a: Toxapex|85/100 brn|[from] brn
|upkeep
|turn|181
|
|t:|1659033687
|move|p2a: Tornadus|Knock Off|p1a: Toxapex
|-damage|p1a: Toxapex|80/100 brn
|move|p1a: Toxapex|Light Screen|p1a: Toxapex
|-sidestart|p1: Ferromolybdenum|move: Light Screen
|
|-weather|Hail|[upkeep]
|-damage|p2a: Tornadus|70/100 brn|[from] Hail
|-damage|p1a: Toxapex|74/100 brn|[from] Hail
|-damage|p2a: Tornadus|64/100 brn|[from] brn
|-damage|p1a: Toxapex|68/100 brn|[from] brn
|upkeep
|turn|182
|
|t:|1659033690
|move|p2a: Tornadus|Knock Off|p1a: Toxapex
|-damage|p1a: Toxapex|64/100 brn
|move|p1a: Toxapex|Knock Off|p2a: Tornadus
|-damage|p2a: Tornadus|58/100 brn
|
|-weather|Hail|[upkeep]
|-damage|p2a: Tornadus|52/100 brn|[from] Hail
|-damage|p1a: Toxapex|58/100 brn|[from] Hail
|-damage|p2a: Tornadus|46/100 brn|[from] brn
|-damage|p1a: Toxapex|52/100 brn|[from] brn
|upkeep
|turn|183
|
|t:|1659033694
|move|p2a: Tornadus|U-turn|p1a: Toxapex
|-resisted|p1a: Toxapex
|-damage|p1a: Toxapex|50/100 brn
|
|t:|1659033695
|switch|p2a: Landorus|Landorus-Therian, M|55/100|[from]move: U-turn
|-ability|p2a: Landorus|Intimidate|boost
|-unboost|p1a: Toxapex|atk|1
|move|p1a: Toxapex|Knock Off|p2a: Landorus
|-damage|p2a: Landorus|52/100
|
|-weather|Hail|[upkeep]
|-damage|p2a: Landorus|46/100|[from] Hail
|-damage|p1a: Toxapex|44/100 brn|[from] Hail
|-damage|p1a: Toxapex|38/100 brn|[from] brn
|upkeep
|turn|184
|
|t:|1659033698
|switch|p1a: Corviknight|Corviknight, M|97/100
|-ability|p1a: Corviknight|Pressure
|move|p2a: Landorus|U-turn|p1a: Corviknight
|-resisted|p1a: Corviknight
|-damage|p1a: Corviknight|94/100
|
|t:|1659033701
|switch|p2a: Tornadus|Tornadus-Therian, M|79/100 brn|[from]move: U-turn
|
|-weather|Hail|[upkeep]
|-damage|p2a: Tornadus|73/100 brn|[from] Hail
|-damage|p1a: Corviknight|87/100|[from] Hail
|-heal|p1a: Corviknight|94/100|[from] item: Leftovers
|-damage|p2a: Tornadus|67/100 brn|[from] brn
|upkeep
|turn|185
|
|t:|1659033705
|switch|p2a: Arctozolt|Arctozolt|63/100
|switch|p1a: Toxapex|Toxapex, M|72/100 brn
|
|-weather|none
|-heal|p2a: Arctozolt|69/100|[from] item: Leftovers
|-damage|p1a: Toxapex|66/100 brn|[from] brn
|-sideend|p1: Ferromolybdenum|move: Light Screen
|upkeep
|turn|186
|
|t:|1659033708
|switch|p1a: Gastrodon|Gastrodon, M|86/100
|move|p2a: Arctozolt|Bolt Beak|p1a: Gastrodon
|-immune|p1a: Gastrodon
|
|-heal|p2a: Arctozolt|76/100|[from] item: Leftovers
|-heal|p1a: Gastrodon|93/100|[from] item: Leftovers
|upkeep
|turn|187
|
|t:|1659033712
|switch|p2a: Tornadus|Tornadus-Therian, M|100/100 brn
|move|p1a: Gastrodon|Protect||[still]
|-fail|p1a: Gastrodon
|
|-heal|p1a: Gastrodon|99/100|[from] item: Leftovers
|-damage|p2a: Tornadus|94/100 brn|[from] brn
|upkeep
|turn|188
|
|t:|1659033716
|switch|p2a: Landorus|Landorus-Therian, M|46/100
|-ability|p2a: Landorus|Intimidate|boost
|-unboost|p1a: Gastrodon|atk|1
|switch|p1a: Toxapex|Toxapex, M|99/100 brn
|
|-damage|p1a: Toxapex|93/100 brn|[from] brn
|upkeep
|turn|189
|
|t:|1659033719
|switch|p1a: Corviknight|Corviknight, M|94/100
|-ability|p1a: Corviknight|Pressure
|move|p2a: Landorus|Earthquake|p1a: Corviknight
|-immune|p1a: Corviknight
|
|-heal|p1a: Corviknight|99/100|[from] item: Leftovers
|upkeep
|turn|190
|
|t:|1659033723
|move|p2a: Landorus|U-turn|p1a: Corviknight
|-resisted|p1a: Corviknight
|-damage|p1a: Corviknight|97/100
|
|t:|1659033724
|switch|p2a: Tornadus|Tornadus-Therian, M|100/100 brn|[from]move: U-turn
|move|p1a: Corviknight|Iron Defense|p1a: Corviknight
|-boost|p1a: Corviknight|def|2
|
|-heal|p1a: Corviknight|100/100|[from] item: Leftovers
|-damage|p2a: Tornadus|94/100 brn|[from] brn
|upkeep
|turn|191
|
|t:|1659033728
|switch|p1a: Toxapex|Toxapex, M|100/100 brn
|move|p2a: Tornadus|Knock Off|p1a: Toxapex
|-damage|p1a: Toxapex|96/100 brn
|
|-damage|p2a: Tornadus|88/100 brn|[from] brn
|-damage|p1a: Toxapex|90/100 brn|[from] brn
|upkeep
|turn|192
|
|t:|1659033733
|switch|p2a: Landorus|Landorus-Therian, M|46/100
|-ability|p2a: Landorus|Intimidate|boost
|-unboost|p1a: Toxapex|atk|1
|move|p1a: Toxapex|Light Screen|p1a: Toxapex
|-sidestart|p1: Ferromolybdenum|move: Light Screen
|
|-damage|p1a: Toxapex|84/100 brn|[from] brn
|upkeep
|turn|193
|
|t:|1659033736
|switch|p1a: Corviknight|Corviknight, M|100/100
|-ability|p1a: Corviknight|Pressure
|move|p2a: Landorus|Earthquake|p1a: Corviknight
|-immune|p1a: Corviknight
|
|upkeep
|turn|194
|j| SnorlaxKing420
|
|t:|1659033742
|move|p2a: Landorus|U-turn|p1a: Corviknight
|-resisted|p1a: Corviknight
|-damage|p1a: Corviknight|97/100
|
|t:|1659033745
|switch|p2a: Tornadus|Tornadus-Therian, M|100/100 brn|[from]move: U-turn
|move|p1a: Corviknight|Iron Defense|p1a: Corviknight
|-boost|p1a: Corviknight|def|2
|
|-heal|p1a: Corviknight|100/100|[from] item: Leftovers
|-damage|p2a: Tornadus|94/100 brn|[from] brn
|upkeep
|turn|195
|
|t:|1659033749
|switch|p1a: Toxapex|Toxapex, M|100/100 brn
|move|p2a: Tornadus|Knock Off|p1a: Toxapex
|-damage|p1a: Toxapex|97/100 brn
|
|-damage|p2a: Tornadus|88/100 brn|[from] brn
|-damage|p1a: Toxapex|91/100 brn|[from] brn
|upkeep
|turn|196
|j| gameeese
|
|t:|1659033759
|switch|p1a: Gastrodon|Gastrodon, M|99/100
|move|p2a: Tornadus|Knock Off|p1a: Gastrodon
|-damage|p1a: Gastrodon|88/100
|-activate|p1a: Gastrodon|ability: Sticky Hold
|
|-heal|p1a: Gastrodon|94/100|[from] item: Leftovers
|-damage|p2a: Tornadus|82/100 brn|[from] brn
|-sideend|p1: Ferromolybdenum|move: Light Screen
|upkeep
|turn|197
|
|t:|1659033764
|switch|p1a: Toxapex|Toxapex, M|100/100 brn
|move|p2a: Tornadus|U-turn|p1a: Toxapex
|-resisted|p1a: Toxapex
|-damage|p1a: Toxapex|98/100 brn
|
|t:|1659033766
|switch|p2a: Arctozolt|Arctozolt|76/100|[from]move: U-turn
|
|-heal|p2a: Arctozolt|82/100|[from] item: Leftovers
|-damage|p1a: Toxapex|92/100 brn|[from] brn
|upkeep
|turn|198
|
|t:|1659033769
|switch|p1a: Gastrodon|Gastrodon, M|94/100
|move|p2a: Arctozolt|Low Kick|p1a: Gastrodon
|-damage|p1a: Gastrodon|76/100
|
|-heal|p2a: Arctozolt|88/100|[from] item: Leftovers
|-heal|p1a: Gastrodon|82/100|[from] item: Leftovers
|upkeep
|turn|199
|
|t:|1659033774
|switch|p1a: Clefable|Clefable, M|84/100
|move|p2a: Arctozolt|Substitute|p2a: Arctozolt
|-start|p2a: Arctozolt|Substitute
|-damage|p2a: Arctozolt|63/100
|
|-heal|p2a: Arctozolt|69/100|[from] item: Leftovers
|-heal|p1a: Clefable|90/100|[from] item: Leftovers
|upkeep
|turn|200
|
|t:|1659033778
|switch|p1a: Gastrodon|Gastrodon, M|82/100
|move|p2a: Arctozolt|Low Kick|p1a: Gastrodon
|-damage|p1a: Gastrodon|62/100
|
|-heal|p2a: Arctozolt|76/100|[from] item: Leftovers
|-heal|p1a: Gastrodon|68/100|[from] item: Leftovers
|upkeep
|turn|201
|
|t:|1659033783
|move|p2a: Arctozolt|Low Kick|p1a: Gastrodon
|-damage|p1a: Gastrodon|50/100
|move|p1a: Gastrodon|Scald|p2a: Arctozolt
|-end|p2a: Arctozolt|Substitute
|
|-heal|p2a: Arctozolt|82/100|[from] item: Leftovers
|-heal|p1a: Gastrodon|56/100|[from] item: Leftovers
|upkeep
|turn|202
|
|t:|1659033791
|switch|p2a: Tornadus|Tornadus-Therian, M|100/100 brn
|move|p1a: Gastrodon|Recover|p1a: Gastrodon
|-heal|p1a: Gastrodon|100/100
|
|-damage|p2a: Tornadus|94/100 brn|[from] brn
|upkeep
|turn|203
|
|t:|1659033795
|switch|p2a: Volcanion|Volcanion|49/100
|switch|p1a: Toxapex|Toxapex, M|100/100 brn
|
|-damage|p1a: Toxapex|95/100 brn|[from] brn
|upkeep
|turn|204
|
|t:|1659033798
|move|p2a: Volcanion|Earth Power|p1a: Toxapex
|-supereffective|p1a: Toxapex
|-damage|p1a: Toxapex|14/100 brn
|-unboost|p1a: Toxapex|spd|1
|move|p1a: Toxapex|Knock Off|p2a: Volcanion
|-damage|p2a: Volcanion|42/100
|-enditem|p2a: Volcanion|Choice Specs|[from] move: Knock Off|[of] p1a: Toxapex
|
|-damage|p1a: Toxapex|8/100 brn|[from] brn
|upkeep
|turn|205
|inactive|LT91BB luna has 120 seconds left.
|
|t:|1659033829
|switch|p2a: Ninetales|Ninetales-Alola, M|71/100 brn
|-weather|Hail|[from] ability: Snow Warning|[of] p2a: Ninetales
|switch|p1a: Blissey|Blissey, F|96/100
|
|-weather|Hail|[upkeep]
|-damage|p1a: Blissey|89/100|[from] Hail
|-damage|p2a: Ninetales|65/100 brn|[from] brn
|upkeep
|turn|206
|
|t:|1659033832
|switch|p1a: Mew|Mew|51/100
|move|p2a: Ninetales|Pain Split|p1a: Mew
|-sethp|p1a: Mew|54/100|[from] move: Pain Split|[silent]
|-sethp|p2a: Ninetales|62/100 brn|[from] move: Pain Split
|
|-weather|Hail|[upkeep]
|-damage|p1a: Mew|47/100|[from] Hail
|-heal|p1a: Mew|54/100|[from] item: Leftovers
|-damage|p2a: Ninetales|56/100 brn|[from] brn
|upkeep
|turn|207
|inactive|LT91BB luna has 120 seconds left.
|
|t:|1659033837
|move|p2a: Ninetales|Aurora Veil|p2a: Ninetales
|-sidestart|p2: LT91BB luna|move: Aurora Veil
|move|p1a: Mew|Soft-Boiled|p1a: Mew
|-heal|p1a: Mew|100/100
|
|-weather|Hail|[upkeep]
|-damage|p1a: Mew|94/100|[from] Hail
|-heal|p1a: Mew|100/100|[from] item: Leftovers
|-damage|p2a: Ninetales|50/100 brn|[from] brn
|upkeep
|turn|208
|
|t:|1659033843
|switch|p1a: Clefable|Clefable, M|90/100
|move|p2a: Ninetales|Pain Split|p1a: Clefable
|-sethp|p1a: Clefable|67/100|[from] move: Pain Split|[silent]
|-sethp|p2a: Ninetales|75/100 brn|[from] move: Pain Split
|
|-weather|Hail|[upkeep]
|-damage|p1a: Clefable|61/100|[from] Hail
|-heal|p1a: Clefable|67/100|[from] item: Leftovers
|-damage|p2a: Ninetales|69/100 brn|[from] brn
|upkeep
|turn|209
|inactive|LT91BB luna has 120 seconds left.
|
|t:|1659033853
|switch|p2a: Tornadus|Tornadus-Therian, M|100/100 brn
|move|p1a: Clefable|Soft-Boiled|p1a: Clefable
|-heal|p1a: Clefable|100/100
|
|-weather|Hail|[upkeep]
|-damage|p2a: Tornadus|94/100 brn|[from] Hail
|-damage|p1a: Clefable|94/100|[from] Hail
|-heal|p1a: Clefable|100/100|[from] item: Leftovers
|-damage|p2a: Tornadus|88/100 brn|[from] brn
|upkeep
|turn|210
|
|t:|1659033859
|switch|p1a: Toxapex|Toxapex, M|41/100 brn
|move|p2a: Tornadus|Knock Off|p1a: Toxapex
|-damage|p1a: Toxapex|37/100 brn
|
|-weather|Hail|[upkeep]
|-damage|p2a: Tornadus|82/100 brn|[from] Hail
|-damage|p1a: Toxapex|31/100 brn|[from] Hail
|-damage|p2a: Tornadus|76/100 brn|[from] brn
|-damage|p1a: Toxapex|25/100 brn|[from] brn
|upkeep
|turn|211
|
|t:|1659033865
|move|p2a: Tornadus|U-turn|p1a: Toxapex
|-resisted|p1a: Toxapex
|-damage|p1a: Toxapex|23/100 brn
|
|t:|1659033868
|switch|p2a: Arctozolt|Arctozolt|82/100|[from]move: U-turn
|move|p1a: Toxapex|Recover|p1a: Toxapex
|-heal|p1a: Toxapex|73/100 brn
|
|-weather|Hail|[upkeep]
|-damage|p1a: Toxapex|67/100 brn|[from] Hail
|-heal|p2a: Arctozolt|88/100|[from] item: Leftovers
|-damage|p1a: Toxapex|61/100 brn|[from] brn
|-sideend|p2: LT91BB luna|move: Aurora Veil
|upkeep
|turn|212
|j| Lance's Time
|
|t:|1659033871
|switch|p1a: Gastrodon|Gastrodon, M|100/100
|move|p2a: Arctozolt|Blizzard|p1a: Gastrodon
|-damage|p1a: Gastrodon|77/100
|-status|p1a: Gastrodon|frz
|
|-weather|none
|-heal|p2a: Arctozolt|94/100|[from] item: Leftovers
|-heal|p1a: Gastrodon|83/100 frz|[from] item: Leftovers
|upkeep
|turn|213
|
|t:|1659033877
|move|p2a: Arctozolt|Substitute|p2a: Arctozolt
|-start|p2a: Arctozolt|Substitute
|-damage|p2a: Arctozolt|69/100
|-curestatus|p1a: Gastrodon|frz|[from] move: Scald
|move|p1a: Gastrodon|Scald|p2a: Arctozolt
|-end|p2a: Arctozolt|Substitute
|
|-heal|p2a: Arctozolt|76/100|[from] item: Leftovers
|-heal|p1a: Gastrodon|89/100|[from] item: Leftovers
|upkeep
|turn|214
|
|t:|1659033883
|switch|p2a: Tornadus|Tornadus-Therian, M|100/100 brn
|move|p1a: Gastrodon|Protect||[still]
|-fail|p1a: Gastrodon
|
|-heal|p1a: Gastrodon|96/100|[from] item: Leftovers
|-damage|p2a: Tornadus|94/100 brn|[from] brn
|upkeep
|turn|215
|
|t:|1659033888
|switch|p2a: Volcanion|Volcanion|42/100
|switch|p1a: Toxapex|Toxapex, M|95/100 brn
|
|-damage|p1a: Toxapex|89/100 brn|[from] brn
|upkeep
|turn|216
|
|t:|1659033897
|switch|p2a: Corviknight|Corviknight, F|69/100 brn
|-ability|p2a: Corviknight|Pressure
|switch|p1a: Blissey|Blissey, F|89/100
|
|-damage|p2a: Corviknight|63/100 brn|[from] brn
|upkeep
|turn|217
|
|t:|1659033901
|switch|p1a: Corviknight|Corviknight, M|100/100
|-ability|p1a: Corviknight|Pressure
|move|p2a: Corviknight|Roost|p2a: Corviknight
|-heal|p2a: Corviknight|100/100 brn
|-singleturn|p2a: Corviknight|move: Roost
|
|-damage|p2a: Corviknight|94/100 brn|[from] brn
|upkeep
|turn|218
|
|t:|1659033904
|move|p1a: Corviknight|Iron Defense|p1a: Corviknight
|-boost|p1a: Corviknight|def|2
|move|p2a: Corviknight|U-turn|p1a: Corviknight
|-resisted|p1a: Corviknight
|-damage|p1a: Corviknight|99/100
|
|t:|1659033906
|switch|p2a: Volcanion|Volcanion|42/100|[from]move: U-turn
|
|-heal|p1a: Corviknight|100/100|[from] item: Leftovers
|upkeep
|turn|219
|
|t:|1659033909
|switch|p1a: Mew|Mew|100/100
|move|p2a: Volcanion|Flamethrower|p1a: Mew
|-damage|p1a: Mew|68/100
|
|-heal|p1a: Mew|74/100|[from] item: Leftovers
|upkeep
|turn|220
|
|t:|1659033917
|switch|p2a: Ninetales|Ninetales-Alola, M|69/100 brn
|-weather|Hail|[from] ability: Snow Warning|[of] p2a: Ninetales
|move|p1a: Mew|Soft-Boiled|p1a: Mew
|-heal|p1a: Mew|100/100
|
|-weather|Hail|[upkeep]
|-damage|p1a: Mew|94/100|[from] Hail
|-heal|p1a: Mew|100/100|[from] item: Leftovers
|-damage|p2a: Ninetales|63/100 brn|[from] brn
|upkeep
|turn|221
|l|+Raiza
|
|t:|1659033928
|switch|p1a: Clefable|Clefable, M|100/100
|move|p2a: Ninetales|Aurora Veil|p2a: Ninetales
|-sidestart|p2: LT91BB luna|move: Aurora Veil
|
|-weather|Hail|[upkeep]
|-damage|p1a: Clefable|94/100|[from] Hail
|-heal|p1a: Clefable|100/100|[from] item: Leftovers
|-damage|p2a: Ninetales|57/100 brn|[from] brn
|upkeep
|turn|222
|
|t:|1659033932
|switch|p2a: Arctozolt|Arctozolt|76/100
|switch|p1a: Mew|Mew|100/100
|
|-weather|Hail|[upkeep]
|-damage|p1a: Mew|94/100|[from] Hail
|-heal|p2a: Arctozolt|82/100|[from] item: Leftovers
|-heal|p1a: Mew|100/100|[from] item: Leftovers
|upkeep
|turn|223
|j| LT91BB crying
|l| ACII
|
|t:|1659033936
|switch|p2a: Ninetales|Ninetales-Alola, M|57/100 brn
|move|p1a: Mew|Night Shade|p2a: Ninetales
|-damage|p2a: Ninetales|29/100 brn
|
|-weather|Hail|[upkeep]
|-damage|p1a: Mew|94/100|[from] Hail
|-heal|p1a: Mew|100/100|[from] item: Leftovers
|-damage|p2a: Ninetales|23/100 brn|[from] brn
|upkeep
|turn|224
|
|t:|1659033938
|move|p2a: Ninetales|Pain Split|p1a: Mew
|-sethp|p1a: Mew|60/100|[from] move: Pain Split|[silent]
|-sethp|p2a: Ninetales|69/100 brn|[from] move: Pain Split
|move|p1a: Mew|Night Shade|p2a: Ninetales
|-damage|p2a: Ninetales|40/100 brn
|
|-weather|Hail|[upkeep]
|-damage|p1a: Mew|54/100|[from] Hail
|-heal|p1a: Mew|60/100|[from] item: Leftovers
|-damage|p2a: Ninetales|34/100 brn|[from] brn
|upkeep
|turn|225
|
|t:|1659033940
|move|p2a: Ninetales|Pain Split|p1a: Mew
|-sethp|p1a: Mew|45/100|[from] move: Pain Split|[silent]
|-sethp|p2a: Ninetales|52/100 brn|[from] move: Pain Split
|move|p1a: Mew|Night Shade|p2a: Ninetales
|-damage|p2a: Ninetales|23/100 brn
|
|-weather|Hail|[upkeep]
|-damage|p1a: Mew|39/100|[from] Hail
|-heal|p1a: Mew|45/100|[from] item: Leftovers
|-damage|p2a: Ninetales|17/100 brn|[from] brn
|-sideend|p2: LT91BB luna|move: Aurora Veil
|upkeep
|turn|226
|l| LT91BB crying
|
|t:|1659033946
|switch|p2a: Corviknight|Corviknight, F|94/100 brn
|-ability|p2a: Corviknight|Pressure
|move|p1a: Mew|Night Shade|p2a: Corviknight
|-damage|p2a: Corviknight|69/100 brn
|
|-weather|Hail|[upkeep]
|-damage|p1a: Mew|39/100|[from] Hail
|-damage|p2a: Corviknight|63/100 brn|[from] Hail
|-heal|p1a: Mew|45/100|[from] item: Leftovers
|-damage|p2a: Corviknight|57/100 brn|[from] brn
|upkeep
|turn|227
|
|t:|1659033950
|move|p1a: Mew|Night Shade|p2a: Corviknight
|-damage|p2a: Corviknight|32/100 brn
|move|p2a: Corviknight|U-turn|p1a: Mew
|-supereffective|p1a: Mew
|-damage|p1a: Mew|32/100
|
|t:|1659033956
|switch|p2a: Tornadus|Tornadus-Therian, M|100/100 brn|[from]move: U-turn
|
|-weather|none
|-heal|p1a: Mew|38/100|[from] item: Leftovers
|-damage|p2a: Tornadus|94/100 brn|[from] brn
|upkeep
|turn|228
|
|t:|1659033960
|switch|p1a: Toxapex|Toxapex, M|100/100 brn
|move|p2a: Tornadus|U-turn|p1a: Toxapex
|-resisted|p1a: Toxapex
|-damage|p1a: Toxapex|98/100 brn
|
|t:|1659033962
|switch|p2a: Arctozolt|Arctozolt|82/100|[from]move: U-turn
|
|-heal|p2a: Arctozolt|88/100|[from] item: Leftovers
|-damage|p1a: Toxapex|92/100 brn|[from] brn
|upkeep
|turn|229
|
|t:|1659033967
|switch|p2a: Ninetales|Ninetales-Alola, M|17/100 brn
|-weather|Hail|[from] ability: Snow Warning|[of] p2a: Ninetales
|switch|p1a: Gastrodon|Gastrodon, M|96/100
|
|-weather|Hail|[upkeep]
|-damage|p1a: Gastrodon|89/100|[from] Hail
|-heal|p1a: Gastrodon|96/100|[from] item: Leftovers
|-damage|p2a: Ninetales|11/100 brn|[from] brn
|upkeep
|turn|230
|j| tigers jaw
|
|t:|1659033971
|move|p1a: Gastrodon|Protect|p1a: Gastrodon
|-singleturn|p1a: Gastrodon|Protect
|move|p2a: Ninetales|Pain Split|p1a: Gastrodon
|-activate|p1a: Gastrodon|move: Protect
|
|-weather|Hail|[upkeep]
|-damage|p1a: Gastrodon|89/100|[from] Hail
|-heal|p1a: Gastrodon|96/100|[from] item: Leftovers
|-damage|p2a: Ninetales|5/100 brn|[from] brn
|upkeep
|turn|231
|
|t:|1659033979
|switch|p1a: Mew|Mew|38/100
|move|p2a: Ninetales|Pain Split|p1a: Mew
|-sethp|p1a: Mew|21/100|[from] move: Pain Split|[silent]
|-sethp|p2a: Ninetales|24/100 brn|[from] move: Pain Split
|
|-weather|Hail|[upkeep]
|-damage|p1a: Mew|15/100|[from] Hail
|-heal|p1a: Mew|21/100|[from] item: Leftovers
|-damage|p2a: Ninetales|18/100 brn|[from] brn
|upkeep
|turn|232
|
|t:|1659033990
|move|p2a: Ninetales|Freeze-Dry|p1a: Mew
|-damage|p1a: Mew|8/100
|move|p1a: Mew|Soft-Boiled|p1a: Mew
|-heal|p1a: Mew|59/100
|
|-weather|Hail|[upkeep]
|-damage|p1a: Mew|52/100|[from] Hail
|-heal|p1a: Mew|59/100|[from] item: Leftovers
|-damage|p2a: Ninetales|12/100 brn|[from] brn
|upkeep
|turn|233
|
|t:|1659033996
|move|p2a: Ninetales|Pain Split|p1a: Mew
|-sethp|p1a: Mew|34/100|[from] move: Pain Split|[silent]
|-sethp|p2a: Ninetales|40/100 brn|[from] move: Pain Split
|move|p1a: Mew|Will-O-Wisp|p2a: Ninetales
|-fail|p2a: Ninetales|brn
|
|-weather|Hail|[upkeep]
|-damage|p1a: Mew|28/100|[from] Hail
|-heal|p1a: Mew|34/100|[from] item: Leftovers
|-damage|p2a: Ninetales|34/100 brn|[from] brn
|upkeep
|turn|234
|l| SnorlaxKing420
|
|t:|1659034003
|move|p2a: Ninetales|Encore|p1a: Mew
|-start|p1a: Mew|Encore
|move|p1a: Mew|Will-O-Wisp|p2a: Ninetales|[miss]
|-miss|p1a: Mew|p2a: Ninetales
|
|-weather|Hail|[upkeep]
|-damage|p1a: Mew|28/100|[from] Hail
|-heal|p1a: Mew|34/100|[from] item: Leftovers
|-damage|p2a: Ninetales|28/100 brn|[from] brn
|upkeep
|turn|235
|l| tigers jaw
|
|t:|1659034008
|switch|p1a: Clefable|Clefable, M|100/100
|move|p2a: Ninetales|Pain Split|p1a: Clefable
|-sethp|p1a: Clefable|62/100|[from] move: Pain Split|[silent]
|-sethp|p2a: Ninetales|70/100 brn|[from] move: Pain Split
|
|-weather|Hail|[upkeep]
|-damage|p1a: Clefable|56/100|[from] Hail
|-heal|p1a: Clefable|62/100|[from] item: Leftovers
|-damage|p2a: Ninetales|64/100 brn|[from] brn
|upkeep
|turn|236
|j| tigers jaw
|
|t:|1659034013
|move|p2a: Ninetales|Aurora Veil|p2a: Ninetales
|-sidestart|p2: LT91BB luna|move: Aurora Veil
|move|p1a: Clefable|Soft-Boiled|p1a: Clefable
|-heal|p1a: Clefable|100/100
|
|-weather|none
|-damage|p2a: Ninetales|58/100 brn|[from] brn
|upkeep
|turn|237
|
|t:|1659034017
|switch|p2a: Arctozolt|Arctozolt|88/100
|switch|p1a: Mew|Mew|34/100
|
|-heal|p1a: Mew|41/100|[from] item: Leftovers
|-heal|p2a: Arctozolt|94/100|[from] item: Leftovers
|upkeep
|turn|238
|
|t:|1659034022
|switch|p1a: Gastrodon|Gastrodon, M|96/100
|switch|p2a: Tornadus|Tornadus-Therian, M|100/100 brn
|
|-heal|p1a: Gastrodon|100/100|[from] item: Leftovers
|-damage|p2a: Tornadus|94/100 brn|[from] brn
|upkeep
|turn|239
|l| gameeese
|
|t:|1659034028
|switch|p2a: Volcanion|Volcanion|42/100
|switch|p1a: Toxapex|Toxapex, M|100/100 brn
|
|-damage|p1a: Toxapex|95/100 brn|[from] brn
|upkeep
|turn|240
|j| gameeese
|
|t:|1659034034
|switch|p2a: Corviknight|Corviknight, F|32/100 brn
|-ability|p2a: Corviknight|Pressure
|move|p1a: Toxapex|Poison Jab|p2a: Corviknight
|-immune|p2a: Corviknight
|
|-damage|p2a: Corviknight|25/100 brn|[from] brn
|-damage|p1a: Toxapex|89/100 brn|[from] brn
|-sideend|p2: LT91BB luna|move: Aurora Veil
|upkeep
|turn|241
|
|t:|1659034036
|move|p2a: Corviknight|Roost|p2a: Corviknight
|-heal|p2a: Corviknight|75/100 brn
|-singleturn|p2a: Corviknight|move: Roost
|move|p1a: Toxapex|Knock Off|p2a: Corviknight
|-damage|p2a: Corviknight|71/100 brn
|-damage|p1a: Toxapex|72/100 brn|[from] item: Rocky Helmet|[of] p2a: Corviknight
|-enditem|p2a: Corviknight|Rocky Helmet|[from] move: Knock Off|[of] p1a: Toxapex
|
|-damage|p2a: Corviknight|65/100 brn|[from] brn
|-damage|p1a: Toxapex|66/100 brn|[from] brn
|upkeep
|turn|242
|
|t:|1659034040
|switch|p1a: Mew|Mew|41/100
|move|p2a: Corviknight|U-turn|p1a: Mew
|-supereffective|p1a: Mew
|-damage|p1a: Mew|28/100
|
|t:|1659034043
|switch|p2a: Tornadus|Tornadus-Therian, M|100/100 brn|[from]move: U-turn
|
|-heal|p1a: Mew|34/100|[from] item: Leftovers
|-damage|p2a: Tornadus|94/100 brn|[from] brn
|upkeep
|turn|243
|
|t:|1659034066
|switch|p2a: Ninetales|Ninetales-Alola, M|58/100 brn
|-weather|Hail|[from] ability: Snow Warning|[of] p2a: Ninetales
|switch|p1a: Toxapex|Toxapex, M|99/100 brn
|
|-weather|Hail|[upkeep]
|-damage|p1a: Toxapex|94/100 brn|[from] Hail
|-damage|p2a: Ninetales|52/100 brn|[from] brn
|-damage|p1a: Toxapex|88/100 brn|[from] brn
|upkeep
|turn|244
|j| BasedWhat?! ♪
|
|t:|1659034074
|switch|p1a: Mew|Mew|34/100
|move|p2a: Ninetales|Aurora Veil|p2a: Ninetales
|-sidestart|p2: LT91BB luna|move: Aurora Veil
|
|-weather|Hail|[upkeep]
|-damage|p1a: Mew|28/100|[from] Hail
|-heal|p1a: Mew|34/100|[from] item: Leftovers
|-damage|p2a: Ninetales|46/100 brn|[from] brn
|upkeep
|turn|245
|
|t:|1659034078
|move|p2a: Ninetales|Freeze-Dry|p1a: Mew
|-damage|p1a: Mew|21/100
|move|p1a: Mew|Soft-Boiled|p1a: Mew
|-heal|p1a: Mew|71/100
|
|-weather|Hail|[upkeep]
|-damage|p1a: Mew|65/100|[from] Hail
|-heal|p1a: Mew|71/100|[from] item: Leftovers
|-damage|p2a: Ninetales|40/100 brn|[from] brn
|upkeep
|turn|246
|
|t:|1659034084
|move|p2a: Ninetales|Pain Split|p1a: Mew
|-sethp|p1a: Mew|53/100|[from] move: Pain Split|[silent]
|-sethp|p2a: Ninetales|61/100 brn|[from] move: Pain Split
|move|p1a: Mew|Night Shade|p2a: Ninetales
|-damage|p2a: Ninetales|32/100 brn
|
|-weather|Hail|[upkeep]
|-damage|p1a: Mew|47/100|[from] Hail
|-heal|p1a: Mew|53/100|[from] item: Leftovers
|-damage|p2a: Ninetales|26/100 brn|[from] brn
|upkeep
|turn|247
|
|t:|1659034089
|move|p2a: Ninetales|Pain Split|p1a: Mew
|-sethp|p1a: Mew|38/100|[from] move: Pain Split|[silent]
|-sethp|p2a: Ninetales|43/100 brn|[from] move: Pain Split
|move|p1a: Mew|Night Shade|p2a: Ninetales
|-damage|p2a: Ninetales|15/100 brn
|
|-weather|Hail|[upkeep]
|-damage|p1a: Mew|32/100|[from] Hail
|-heal|p1a: Mew|38/100|[from] item: Leftovers
|-damage|p2a: Ninetales|9/100 brn|[from] brn
|upkeep
|turn|248
|
|t:|1659034094
|switch|p2a: Tornadus|Tornadus-Therian, M|100/100 brn
|move|p1a: Mew|Soft-Boiled|p1a: Mew
|-heal|p1a: Mew|88/100
|
|-weather|Hail|[upkeep]
|-damage|p2a: Tornadus|94/100 brn|[from] Hail
|-damage|p1a: Mew|82/100|[from] Hail
|-heal|p1a: Mew|88/100|[from] item: Leftovers
|-damage|p2a: Tornadus|88/100 brn|[from] brn
|-sideend|p2: LT91BB luna|move: Aurora Veil
|upkeep
|turn|249
|
|t:|1659034098
|switch|p1a: Toxapex|Toxapex, M|100/100 brn
|move|p2a: Tornadus|Knock Off|p1a: Toxapex
|-damage|p1a: Toxapex|96/100 brn
|
|-weather|Hail|[upkeep]
|-damage|p2a: Tornadus|82/100 brn|[from] Hail
|-damage|p1a: Toxapex|90/100 brn|[from] Hail
|-damage|p2a: Tornadus|76/100 brn|[from] brn
|-damage|p1a: Toxapex|84/100 brn|[from] brn
|upkeep
|turn|250
|
|t:|1659034110
|switch|p2a: Landorus|Landorus-Therian, M|46/100
|-ability|p2a: Landorus|Intimidate|boost
|-unboost|p1a: Toxapex|atk|1
|move|p1a: Toxapex|Light Screen|p1a: Toxapex
|-sidestart|p1: Ferromolybdenum|move: Light Screen
|
|-weather|none
|-damage|p1a: Toxapex|78/100 brn|[from] brn
|upkeep
|turn|251
|
|t:|1659034114
|switch|p1a: Corviknight|Corviknight, M|100/100
|-ability|p1a: Corviknight|Pressure
|move|p2a: Landorus|U-turn|p1a: Corviknight
|-resisted|p1a: Corviknight
|-damage|p1a: Corviknight|97/100
|
|t:|1659034117
|switch|p2a: Ninetales|Ninetales-Alola, M|9/100 brn|[from]move: U-turn
|-weather|Hail|[from] ability: Snow Warning|[of] p2a: Ninetales
|
|-weather|Hail|[upkeep]
|-damage|p1a: Corviknight|91/100|[from] Hail
|-heal|p1a: Corviknight|97/100|[from] item: Leftovers
|-damage|p2a: Ninetales|3/100 brn|[from] brn
|upkeep
|turn|252
|
|t:|1659034123
|switch|p1a: Toxapex|Toxapex, M|100/100 brn
|move|p2a: Ninetales|Pain Split|p1a: Toxapex
|-sethp|p1a: Toxapex|52/100 brn|[from] move: Pain Split|[silent]
|-sethp|p2a: Ninetales|45/100 brn|[from] move: Pain Split
|
|-weather|Hail|[upkeep]
|-damage|p1a: Toxapex|46/100 brn|[from] Hail
|-damage|p2a: Ninetales|39/100 brn|[from] brn
|-damage|p1a: Toxapex|40/100 brn|[from] brn
|upkeep
|turn|253
|
|t:|1659034130
|switch|p2a: Corviknight|Corviknight, F|65/100 brn
|-ability|p2a: Corviknight|Pressure
|switch|p1a: Mew|Mew|88/100
|
|-weather|Hail|[upkeep]
|-damage|p1a: Mew|82/100|[from] Hail
|-damage|p2a: Corviknight|58/100 brn|[from] Hail
|-heal|p1a: Mew|88/100|[from] item: Leftovers
|-damage|p2a: Corviknight|52/100 brn|[from] brn
|upkeep
|turn|254
|
|t:|1659034134
|switch|p2a: Tornadus|Tornadus-Therian, M|100/100 brn
|move|p1a: Mew|Night Shade|p2a: Tornadus
|-damage|p2a: Tornadus|73/100 brn
|
|-weather|Hail|[upkeep]
|-damage|p2a: Tornadus|67/100 brn|[from] Hail
|-damage|p1a: Mew|82/100|[from] Hail
|-heal|p1a: Mew|88/100|[from] item: Leftovers
|-damage|p2a: Tornadus|61/100 brn|[from] brn
|-sideend|p1: Ferromolybdenum|move: Light Screen
|upkeep
|turn|255
|
|t:|1659034143
|switch|p2a: Ninetales|Ninetales-Alola, M|39/100 brn
|switch|p1a: Blissey|Blissey, F|89/100
|
|-weather|Hail|[upkeep]
|-damage|p1a: Blissey|83/100|[from] Hail
|-damage|p2a: Ninetales|33/100 brn|[from] brn
|upkeep
|turn|256
|
|t:|1659034148
|switch|p1a: Mew|Mew|88/100
|move|p2a: Ninetales|Pain Split|p1a: Mew
|-sethp|p1a: Mew|58/100|[from] move: Pain Split|[silent]
|-sethp|p2a: Ninetales|67/100 brn|[from] move: Pain Split
|
|-weather|Hail|[upkeep]
|-damage|p1a: Mew|52/100|[from] Hail
|-heal|p1a: Mew|58/100|[from] item: Leftovers
|-damage|p2a: Ninetales|61/100 brn|[from] brn
|upkeep
|turn|257
|l| Prinz
|inactive|Ferromolybdenum has 120 seconds left.
|
|t:|1659034165
|switch|p2a: Tornadus|Tornadus-Therian, M|94/100 brn
|move|p1a: Mew|Soft-Boiled|p1a: Mew
|-heal|p1a: Mew|100/100
|
|-weather|Hail|[upkeep]
|-damage|p2a: Tornadus|88/100 brn|[from] Hail
|-damage|p1a: Mew|94/100|[from] Hail
|-heal|p1a: Mew|100/100|[from] item: Leftovers
|-damage|p2a: Tornadus|82/100 brn|[from] brn
|upkeep
|turn|258
|
|t:|1659034169
|switch|p1a: Toxapex|Toxapex, M|73/100 brn
|move|p2a: Tornadus|Knock Off|p1a: Toxapex
|-damage|p1a: Toxapex|69/100 brn
|
|-weather|none
|-damage|p2a: Tornadus|76/100 brn|[from] brn
|-damage|p1a: Toxapex|63/100 brn|[from] brn
|upkeep
|turn|259
|inactive|Ferromolybdenum has 120 seconds left.
|
|t:|1659034175
|switch|p2a: Corviknight|Corviknight, F|52/100 brn
|-ability|p2a: Corviknight|Pressure
|move|p1a: Toxapex|Light Screen|p1a: Toxapex
|-sidestart|p1: Ferromolybdenum|move: Light Screen
|
|-damage|p2a: Corviknight|46/100 brn|[from] brn
|-damage|p1a: Toxapex|57/100 brn|[from] brn
|upkeep
|turn|260
|inactive|Ferromolybdenum has 120 seconds left.
|
|t:|1659034181
|move|p2a: Corviknight|U-turn|p1a: Toxapex
|-resisted|p1a: Toxapex
|-damage|p1a: Toxapex|55/100 brn
|
|t:|1659034184
|switch|p2a: Landorus|Landorus-Therian, M|46/100|[from]move: U-turn
|-ability|p2a: Landorus|Intimidate|boost
|-unboost|p1a: Toxapex|atk|1
|move|p1a: Toxapex|Poison Jab|p2a: Landorus
|-resisted|p2a: Landorus
|-damage|p2a: Landorus|43/100
|-status|p2a: Landorus|psn
|
|-damage|p2a: Landorus|31/100 psn|[from] psn
|-damage|p1a: Toxapex|49/100 brn|[from] brn
|upkeep
|turn|261
|
|t:|1659034188
|switch|p1a: Corviknight|Corviknight, M|97/100
|-ability|p1a: Corviknight|Pressure
|move|p2a: Landorus|U-turn|p1a: Corviknight
|-resisted|p1a: Corviknight
|-crit|p1a: Corviknight
|-damage|p1a: Corviknight|92/100
|j| saki X toki
|
|t:|1659034191
|switch|p2a: Ninetales|Ninetales-Alola, M|61/100 brn|[from]move: U-turn
|-weather|Hail|[from] ability: Snow Warning|[of] p2a: Ninetales
|
|-weather|Hail|[upkeep]
|-damage|p1a: Corviknight|86/100|[from] Hail
|-heal|p1a: Corviknight|92/100|[from] item: Leftovers
|-damage|p2a: Ninetales|55/100 brn|[from] brn
|upkeep
|turn|262
|
|t:|1659034196
|switch|p1a: Mew|Mew|100/100
|move|p2a: Ninetales|Pain Split|p1a: Mew
|-sethp|p1a: Mew|74/100|[from] move: Pain Split|[silent]
|-sethp|p2a: Ninetales|85/100 brn|[from] move: Pain Split
|
|-weather|Hail|[upkeep]
|-damage|p1a: Mew|68/100|[from] Hail
|-heal|p1a: Mew|74/100|[from] item: Leftovers
|-damage|p2a: Ninetales|79/100 brn|[from] brn
|upkeep
|turn|263
|inactive|Ferromolybdenum has 120 seconds left.
|
|t:|1659034202
|move|p2a: Ninetales|Freeze-Dry|p1a: Mew
|-damage|p1a: Mew|67/100
|move|p1a: Mew|Taunt|p2a: Ninetales
|-start|p2a: Ninetales|move: Taunt
|
|-weather|Hail|[upkeep]
|-damage|p1a: Mew|61/100|[from] Hail
|-heal|p1a: Mew|67/100|[from] item: Leftovers
|-damage|p2a: Ninetales|73/100 brn|[from] brn
|-sideend|p1: Ferromolybdenum|move: Light Screen
|upkeep
|turn|264
|
|t:|1659034206
|switch|p2a: Tornadus|Tornadus-Therian, M|100/100 brn
|move|p1a: Mew|Soft-Boiled|p1a: Mew
|-heal|p1a: Mew|100/100
|
|-weather|Hail|[upkeep]
|-damage|p2a: Tornadus|94/100 brn|[from] Hail
|-damage|p1a: Mew|94/100|[from] Hail
|-heal|p1a: Mew|100/100|[from] item: Leftovers
|-damage|p2a: Tornadus|88/100 brn|[from] brn
|upkeep
|turn|265
|
|t:|1659034209
|switch|p2a: Ninetales|Ninetales-Alola, M|73/100 brn
|switch|p1a: Toxapex|Toxapex, M|83/100 brn
|
|-weather|Hail|[upkeep]
|-damage|p1a: Toxapex|77/100 brn|[from] Hail
|-damage|p2a: Ninetales|67/100 brn|[from] brn
|-damage|p1a: Toxapex|71/100 brn|[from] brn
|upkeep
|turn|266
|
|t:|1659034213
|switch|p1a: Mew|Mew|100/100
|move|p2a: Ninetales|Aurora Veil|p2a: Ninetales
|-sidestart|p2: LT91BB luna|move: Aurora Veil
|
|-weather|Hail|[upkeep]
|-damage|p1a: Mew|94/100|[from] Hail
|-heal|p1a: Mew|100/100|[from] item: Leftovers
|-damage|p2a: Ninetales|61/100 brn|[from] brn
|upkeep
|turn|267
|
|t:|1659034217
|move|p2a: Ninetales|Freeze-Dry|p1a: Mew
|-damage|p1a: Mew|88/100
|move|p1a: Mew|Taunt|p2a: Ninetales
|-start|p2a: Ninetales|move: Taunt
|
|-weather|Hail|[upkeep]
|-damage|p1a: Mew|81/100|[from] Hail
|-heal|p1a: Mew|88/100|[from] item: Leftovers
|-damage|p2a: Ninetales|55/100 brn|[from] brn
|upkeep
|turn|268
|
|t:|1659034222
|switch|p2a: Tornadus|Tornadus-Therian, M|100/100 brn
|move|p1a: Mew|Night Shade|p2a: Tornadus
|-damage|p2a: Tornadus|73/100 brn
|
|-weather|none
|-heal|p1a: Mew|94/100|[from] item: Leftovers
|-damage|p2a: Tornadus|67/100 brn|[from] brn
|upkeep
|turn|269
|
|t:|1659034225
|switch|p2a: Ninetales|Ninetales-Alola, M|55/100 brn
|-weather|Hail|[from] ability: Snow Warning|[of] p2a: Ninetales
|switch|p1a: Toxapex|Toxapex, M|100/100 brn
|
|-weather|Hail|[upkeep]
|-damage|p1a: Toxapex|95/100 brn|[from] Hail
|-damage|p2a: Ninetales|49/100 brn|[from] brn
|-damage|p1a: Toxapex|89/100 brn|[from] brn
|upkeep
|turn|270
|
|t:|1659034228
|switch|p1a: Mew|Mew|94/100
|move|p2a: Ninetales|Pain Split|p1a: Mew
|-sethp|p1a: Mew|68/100|[from] move: Pain Split|[silent]
|-sethp|p2a: Ninetales|78/100 brn|[from] move: Pain Split
|
|-weather|Hail|[upkeep]
|-damage|p1a: Mew|62/100|[from] Hail
|-heal|p1a: Mew|68/100|[from] item: Leftovers
|-damage|p2a: Ninetales|72/100 brn|[from] brn
|-sideend|p2: LT91BB luna|move: Aurora Veil
|upkeep
|turn|271
|l| D Great Dane
|
|t:|1659034230
|move|p2a: Ninetales|Freeze-Dry|p1a: Mew
|-damage|p1a: Mew|56/100
|move|p1a: Mew|Taunt|p2a: Ninetales
|-start|p2a: Ninetales|move: Taunt
|
|-weather|Hail|[upkeep]
|-damage|p1a: Mew|50/100|[from] Hail
|-heal|p1a: Mew|56/100|[from] item: Leftovers
|-damage|p2a: Ninetales|66/100 brn|[from] brn
|upkeep
|turn|272
|
|t:|1659034238
|switch|p2a: Tornadus|Tornadus-Therian, M|99/100 brn
|move|p1a: Mew|Soft-Boiled|p1a: Mew
|-heal|p1a: Mew|100/100
|
|-weather|Hail|[upkeep]
|-damage|p2a: Tornadus|94/100 brn|[from] Hail
|-damage|p1a: Mew|94/100|[from] Hail
|-heal|p1a: Mew|100/100|[from] item: Leftovers
|-damage|p2a: Tornadus|88/100 brn|[from] brn
|upkeep
|turn|273
|
|t:|1659034241
|switch|p2a: Ninetales|Ninetales-Alola, M|66/100 brn
|switch|p1a: Toxapex|Toxapex, M|100/100 brn
|
|-weather|Hail|[upkeep]
|-damage|p1a: Toxapex|95/100 brn|[from] Hail
|-damage|p2a: Ninetales|60/100 brn|[from] brn
|-damage|p1a: Toxapex|89/100 brn|[from] brn
|upkeep
|turn|274
|
|t:|1659034245
|switch|p1a: Clefable|Clefable, M|100/100
|move|p2a: Ninetales|Aurora Veil|p2a: Ninetales
|-sidestart|p2: LT91BB luna|move: Aurora Veil
|
|-weather|Hail|[upkeep]
|-damage|p1a: Clefable|94/100|[from] Hail
|-heal|p1a: Clefable|100/100|[from] item: Leftovers
|-damage|p2a: Ninetales|54/100 brn|[from] brn
|upkeep
|turn|275
|
|t:|1659034250
|move|p2a: Ninetales|Pain Split|p1a: Clefable
|-sethp|p1a: Clefable|74/100|[from] move: Pain Split|[silent]
|-sethp|p2a: Ninetales|84/100 brn|[from] move: Pain Split
|move|p1a: Clefable|Moonblast|p2a: Ninetales
|-damage|p2a: Ninetales|68/100 brn
|
|-weather|Hail|[upkeep]
|-damage|p1a: Clefable|68/100|[from] Hail
|-heal|p1a: Clefable|74/100|[from] item: Leftovers
|-damage|p2a: Ninetales|62/100 brn|[from] brn
|upkeep
|turn|276
|
|t:|1659034255
|switch|p2a: Tornadus|Tornadus-Therian, M|100/100 brn
|move|p1a: Clefable|Moonblast|p2a: Tornadus
|-damage|p2a: Tornadus|86/100 brn
|
|-weather|none
|-heal|p1a: Clefable|80/100|[from] item: Leftovers
|-damage|p2a: Tornadus|79/100 brn|[from] brn
|upkeep
|turn|277
|
|t:|1659034259
|switch|p2a: Ninetales|Ninetales-Alola, M|62/100 brn
|-weather|Hail|[from] ability: Snow Warning|[of] p2a: Ninetales
|switch|p1a: Toxapex|Toxapex, M|100/100 brn
|
|-weather|Hail|[upkeep]
|-damage|p1a: Toxapex|95/100 brn|[from] Hail
|-damage|p2a: Ninetales|56/100 brn|[from] brn
|-damage|p1a: Toxapex|89/100 brn|[from] brn
|upkeep
|turn|278
|
|t:|1659034261
|switch|p1a: Clefable|Clefable, M|80/100
|move|p2a: Ninetales|Pain Split|p1a: Clefable
|-sethp|p1a: Clefable|65/100|[from] move: Pain Split|[silent]
|-sethp|p2a: Ninetales|73/100 brn|[from] move: Pain Split
|
|-weather|Hail|[upkeep]
|-damage|p1a: Clefable|59/100|[from] Hail
|-heal|p1a: Clefable|65/100|[from] item: Leftovers
|-damage|p2a: Ninetales|67/100 brn|[from] brn
|-sideend|p2: LT91BB luna|move: Aurora Veil
|upkeep
|turn|279
|
|t:|1659034272
|switch|p2a: Arctozolt|Arctozolt|94/100
|move|p1a: Clefable|Aromatherapy|p1a: Clefable
|-activate|p1a: Clefable|move: Aromatherapy
|-curestatus|p1: Toxapex|brn|[msg]
|
|-weather|Hail|[upkeep]
|-damage|p1a: Clefable|59/100|[from] Hail
|-heal|p2a: Arctozolt|100/100|[from] item: Leftovers
|-heal|p1a: Clefable|65/100|[from] item: Leftovers
|upkeep
|turn|280
|j| BeastyJ157
|
|t:|1659034284
|switch|p1a: Gastrodon|Gastrodon, M|100/100
|move|p2a: Arctozolt|Bolt Beak|p1a: Gastrodon
|-immune|p1a: Gastrodon
|
|-weather|Hail|[upkeep]
|-damage|p1a: Gastrodon|94/100|[from] Hail
|-heal|p1a: Gastrodon|100/100|[from] item: Leftovers
|upkeep
|turn|281
|
|t:|1659034293
|move|p1a: Gastrodon|Protect|p1a: Gastrodon
|-singleturn|p1a: Gastrodon|Protect
|move|p2a: Arctozolt|Bolt Beak|p1a: Gastrodon
|-activate|p1a: Gastrodon|move: Protect
|
|-weather|Hail|[upkeep]
|-damage|p1a: Gastrodon|94/100|[from] Hail
|-heal|p1a: Gastrodon|100/100|[from] item: Leftovers
|upkeep
|turn|282
|
|t:|1659034296
|switch|p2a: Tornadus|Tornadus-Therian, M|100/100 brn
|move|p1a: Gastrodon|Earth Power|p2a: Tornadus
|-immune|p2a: Tornadus
|
|-weather|Hail|[upkeep]
|-damage|p2a: Tornadus|94/100 brn|[from] Hail
|-damage|p1a: Gastrodon|94/100|[from] Hail
|-heal|p1a: Gastrodon|100/100|[from] item: Leftovers
|-damage|p2a: Tornadus|88/100 brn|[from] brn
|upkeep
|turn|283
|
|t:|1659034300
|switch|p2a: Landorus|Landorus-Therian, M|31/100 psn
|-ability|p2a: Landorus|Intimidate|boost
|-unboost|p1a: Gastrodon|atk|1
|switch|p1a: Toxapex|Toxapex, M|100/100
|
|-weather|Hail|[upkeep]
|-damage|p2a: Landorus|25/100 psn|[from] Hail
|-damage|p1a: Toxapex|95/100|[from] Hail
|-damage|p2a: Landorus|12/100 psn|[from] psn
|upkeep
|turn|284
|
|t:|1659034303
|switch|p1a: Corviknight|Corviknight, M|92/100
|-ability|p1a: Corviknight|Pressure
|move|p2a: Landorus|U-turn|p1a: Corviknight
|-resisted|p1a: Corviknight
|-damage|p1a: Corviknight|89/100
|
|t:|1659034306
|switch|p2a: Volcanion|Volcanion|42/100|[from]move: U-turn
|
|-weather|none
|-heal|p1a: Corviknight|95/100|[from] item: Leftovers
|upkeep
|turn|285
|
|t:|1659034309
|switch|p2a: Ninetales|Ninetales-Alola, M|67/100 brn
|-weather|Hail|[from] ability: Snow Warning|[of] p2a: Ninetales
|switch|p1a: Blissey|Blissey, F|83/100
|
|-weather|Hail|[upkeep]
|-damage|p1a: Blissey|77/100|[from] Hail
|-damage|p2a: Ninetales|61/100 brn|[from] brn
|upkeep
|turn|286
|
|t:|1659034313
|switch|p1a: Toxapex|Toxapex, M|100/100
|move|p2a: Ninetales|Pain Split|p1a: Toxapex
|-sethp|p1a: Toxapex|86/100|[from] move: Pain Split|[silent]
|-sethp|p2a: Ninetales|74/100 brn|[from] move: Pain Split
|
|-weather|Hail|[upkeep]
|-damage|p1a: Toxapex|80/100|[from] Hail
|-damage|p2a: Ninetales|68/100 brn|[from] brn
|upkeep
|turn|287
|
|t:|1659034317
|move|p2a: Ninetales|Aurora Veil|p2a: Ninetales
|-sidestart|p2: LT91BB luna|move: Aurora Veil
|move|p1a: Toxapex|Knock Off|p2a: Ninetales
|-resisted|p2a: Ninetales
|-damage|p2a: Ninetales|64/100 brn
|-enditem|p2a: Ninetales|Icy Rock|[from] move: Knock Off|[of] p1a: Toxapex
|
|-weather|Hail|[upkeep]
|-damage|p1a: Toxapex|74/100|[from] Hail
|-damage|p2a: Ninetales|58/100 brn|[from] brn
|upkeep
|turn|288
|l| BeastyJ157
|
|t:|1659034324
|move|p2a: Ninetales|Freeze-Dry|p1a: Toxapex
|-supereffective|p1a: Toxapex
|-damage|p1a: Toxapex|38/100
|move|p1a: Toxapex|Poison Jab|p2a: Ninetales
|-supereffective|p2a: Ninetales
|-damage|p2a: Ninetales|34/100 brn
|
|-weather|Hail|[upkeep]
|-damage|p1a: Toxapex|32/100|[from] Hail
|-damage|p2a: Ninetales|29/100 brn|[from] brn
|upkeep
|turn|289
|
|t:|1659034332
|switch|p1a: Mew|Mew|100/100
|move|p2a: Ninetales|Freeze-Dry|p1a: Mew
|-damage|p1a: Mew|88/100
|
|-weather|Hail|[upkeep]
|-damage|p1a: Mew|82/100|[from] Hail
|-heal|p1a: Mew|88/100|[from] item: Leftovers
|-damage|p2a: Ninetales|22/100 brn|[from] brn
|upkeep
|turn|290
|j| BeastyJ157
|
|t:|1659034341
|move|p2a: Ninetales|Pain Split|p1a: Mew
|-sethp|p1a: Mew|54/100|[from] move: Pain Split|[silent]
|-sethp|p2a: Ninetales|62/100 brn|[from] move: Pain Split
|move|p1a: Mew|Taunt|p2a: Ninetales
|-start|p2a: Ninetales|move: Taunt
|
|-weather|Hail|[upkeep]
|-damage|p1a: Mew|48/100|[from] Hail
|-heal|p1a: Mew|54/100|[from] item: Leftovers
|-damage|p2a: Ninetales|56/100 brn|[from] brn
|upkeep
|turn|291
|
|t:|1659034348
|move|p2a: Ninetales|Freeze-Dry|p1a: Mew
|-damage|p1a: Mew|40/100
|move|p1a: Mew|Soft-Boiled|p1a: Mew
|-heal|p1a: Mew|91/100
|
|-weather|Hail|[upkeep]
|-damage|p1a: Mew|84/100|[from] Hail
|-heal|p1a: Mew|91/100|[from] item: Leftovers
|-damage|p2a: Ninetales|50/100 brn|[from] brn
|-sideend|p2: LT91BB luna|move: Aurora Veil
|upkeep
|turn|292
|
|t:|1659034351
|switch|p2a: Tornadus|Tornadus-Therian, M|100/100 brn
|move|p1a: Mew|Night Shade|p2a: Tornadus
|-damage|p2a: Tornadus|73/100 brn
|
|-weather|none
|-heal|p1a: Mew|97/100|[from] item: Leftovers
|-damage|p2a: Tornadus|67/100 brn|[from] brn
|upkeep
|turn|293
|
|t:|1659034355
|switch|p2a: Ninetales|Ninetales-Alola, M|50/100 brn
|-weather|Hail|[from] ability: Snow Warning|[of] p2a: Ninetales
|switch|p1a: Blissey|Blissey, F|77/100
|
|-weather|Hail|[upkeep]
|-damage|p1a: Blissey|71/100|[from] Hail
|-damage|p2a: Ninetales|44/100 brn|[from] brn
|upkeep
|turn|294
|
|t:|1659034359
|switch|p1a: Toxapex|Toxapex, M|66/100
|move|p2a: Ninetales|Pain Split|p1a: Toxapex
|-sethp|p1a: Toxapex|58/100|[from] move: Pain Split|[silent]
|-sethp|p2a: Ninetales|50/100 brn|[from] move: Pain Split
|
|-weather|Hail|[upkeep]
|-damage|p1a: Toxapex|52/100|[from] Hail
|-damage|p2a: Ninetales|44/100 brn|[from] brn
|upkeep
|turn|295
|
|t:|1659034363
|switch|p1a: Mew|Mew|97/100
|move|p2a: Ninetales|Aurora Veil|p2a: Ninetales
|-sidestart|p2: LT91BB luna|move: Aurora Veil
|
|-weather|Hail|[upkeep]
|-damage|p1a: Mew|91/100|[from] Hail
|-heal|p1a: Mew|97/100|[from] item: Leftovers
|-damage|p2a: Ninetales|38/100 brn|[from] brn
|upkeep
|turn|296
|
|t:|1659034371
|move|p2a: Ninetales|Freeze-Dry|p1a: Mew
|-damage|p1a: Mew|85/100
|-status|p1a: Mew|frz
|-curestatus|p1a: Mew|frz|[msg]
|move|p1a: Mew|Taunt|p2a: Ninetales
|-start|p2a: Ninetales|move: Taunt
|
|-weather|Hail|[upkeep]
|-damage|p1a: Mew|78/100|[from] Hail
|-heal|p1a: Mew|85/100|[from] item: Leftovers
|-damage|p2a: Ninetales|32/100 brn|[from] brn
|upkeep
|turn|297
|l| BeastyJ157
|
|t:|1659034380
|switch|p2a: Tornadus|Tornadus-Therian, M|99/100 brn
|move|p1a: Mew|Night Shade|p2a: Tornadus
|-damage|p2a: Tornadus|72/100 brn
|
|-weather|none
|-heal|p1a: Mew|91/100|[from] item: Leftovers
|-damage|p2a: Tornadus|66/100 brn|[from] brn
|upkeep
|turn|298
|
|t:|1659034384
|switch|p2a: Ninetales|Ninetales-Alola, M|32/100 brn
|-weather|Hail|[from] ability: Snow Warning|[of] p2a: Ninetales
|switch|p1a: Blissey|Blissey, F|71/100
|
|-weather|Hail|[upkeep]
|-damage|p1a: Blissey|65/100|[from] Hail
|-damage|p2a: Ninetales|26/100 brn|[from] brn
|upkeep
|turn|299
|
|t:|1659034387
|switch|p1a: Corviknight|Corviknight, M|95/100
|-ability|p1a: Corviknight|Pressure
|move|p2a: Ninetales|Pain Split|p1a: Corviknight
|-sethp|p1a: Corviknight|59/100|[from] move: Pain Split|[silent]
|-sethp|p2a: Ninetales|67/100 brn|[from] move: Pain Split
|
|-weather|Hail|[upkeep]
|-damage|p1a: Corviknight|53/100|[from] Hail
|-heal|p1a: Corviknight|59/100|[from] item: Leftovers
|-damage|p2a: Ninetales|61/100 brn|[from] brn
|-sideend|p2: LT91BB luna|move: Aurora Veil
|upkeep
|turn|300
|
|t:|1659034396
|move|p2a: Ninetales|Aurora Veil|p2a: Ninetales
|-sidestart|p2: LT91BB luna|move: Aurora Veil
|move|p1a: Corviknight|Roost|p1a: Corviknight
|-heal|p1a: Corviknight|100/100
|-singleturn|p1a: Corviknight|move: Roost
|
|-weather|Hail|[upkeep]
|-damage|p1a: Corviknight|94/100|[from] Hail
|-heal|p1a: Corviknight|100/100|[from] item: Leftovers
|-damage|p2a: Ninetales|55/100 brn|[from] brn
|upkeep
|turn|301
|
|t:|1659034400
|switch|p2a: Arctozolt|Arctozolt|100/100
|move|p1a: Corviknight|Iron Defense|p1a: Corviknight
|-boost|p1a: Corviknight|def|2
|
|-weather|Hail|[upkeep]
|-damage|p1a: Corviknight|94/100|[from] Hail
|-heal|p1a: Corviknight|100/100|[from] item: Leftovers
|upkeep
|turn|302
|
|t:|1659034404
|switch|p2a: Tornadus|Tornadus-Therian, M|99/100 brn
|move|p1a: Corviknight|Body Press|p2a: Tornadus
|-resisted|p2a: Tornadus
|-damage|p2a: Tornadus|86/100 brn
|
|-weather|none
|-damage|p2a: Tornadus|79/100 brn|[from] brn
|upkeep
|turn|303
|j| BeastyJ157
|j| galacman
|
|t:|1659034408
|switch|p1a: Toxapex|Toxapex, M|85/100
|move|p2a: Tornadus|Knock Off|p1a: Toxapex
|-damage|p1a: Toxapex|81/100
|
|-damage|p2a: Tornadus|73/100 brn|[from] brn
|upkeep
|turn|304
|l| galacman
|
|t:|1659034415
|switch|p2a: Ninetales|Ninetales-Alola, M|55/100 brn
|-weather|Hail|[from] ability: Snow Warning|[of] p2a: Ninetales
|switch|p1a: Blissey|Blissey, F|65/100
|
|-weather|Hail|[upkeep]
|-damage|p1a: Blissey|59/100|[from] Hail
|-damage|p2a: Ninetales|49/100 brn|[from] brn
|-sideend|p2: LT91BB luna|move: Aurora Veil
|upkeep
|turn|305
|
|t:|1659034418
|move|p2a: Ninetales|Aurora Veil|p2a: Ninetales
|-sidestart|p2: LT91BB luna|move: Aurora Veil
|move|p1a: Blissey|Soft-Boiled|p1a: Blissey
|-heal|p1a: Blissey|100/100
|
|-weather|Hail|[upkeep]
|-damage|p1a: Blissey|94/100|[from] Hail
|-damage|p2a: Ninetales|43/100 brn|[from] brn
|upkeep
|turn|306
|
|t:|1659034422
|switch|p2a: Corviknight|Corviknight, F|46/100 brn
|-ability|p2a: Corviknight|Pressure
|switch|p1a: Corviknight|Corviknight, M|100/100
|-ability|p1a: Corviknight|Pressure
|
|-weather|Hail|[upkeep]
|-damage|p1a: Corviknight|94/100|[from] Hail
|-damage|p2a: Corviknight|40/100 brn|[from] Hail
|-heal|p1a: Corviknight|100/100|[from] item: Leftovers
|-damage|p2a: Corviknight|33/100 brn|[from] brn
|upkeep
|turn|307
|
|t:|1659034427
|switch|p1a: Toxapex|Toxapex, M|100/100
|move|p2a: Corviknight|Roost|p2a: Corviknight
|-heal|p2a: Corviknight|83/100 brn
|-singleturn|p2a: Corviknight|move: Roost
|
|-weather|Hail|[upkeep]
|-damage|p2a: Corviknight|77/100 brn|[from] Hail
|-damage|p1a: Toxapex|95/100|[from] Hail
|-damage|p2a: Corviknight|71/100 brn|[from] brn
|upkeep
|turn|308
|
|t:|1659034430
|move|p2a: Corviknight|U-turn|p1a: Toxapex
|-resisted|p1a: Toxapex
|-damage|p1a: Toxapex|93/100
|
|t:|1659034432
|switch|p2a: Tornadus|Tornadus-Therian, M|100/100 brn|[from]move: U-turn
|move|p1a: Toxapex|Knock Off|p2a: Tornadus
|-damage|p2a: Tornadus|95/100 brn
|
|-weather|none
|-damage|p2a: Tornadus|89/100 brn|[from] brn
|upkeep
|turn|309
|
|t:|1659034436
|move|p2a: Tornadus|Knock Off|p1a: Toxapex
|-damage|p1a: Toxapex|88/100
|move|p1a: Toxapex|Light Screen|p1a: Toxapex
|-sidestart|p1: Ferromolybdenum|move: Light Screen
|
|-damage|p2a: Tornadus|83/100 brn|[from] brn
|-sideend|p2: LT91BB luna|move: Aurora Veil
|upkeep
|turn|310
|
|t:|1659034439
|switch|p1a: Blissey|Blissey, F|94/100
|move|p2a: Tornadus|U-turn|p1a: Blissey
|-damage|p1a: Blissey|88/100
|
|t:|1659034443
|switch|p2a: Ninetales|Ninetales-Alola, M|43/100 brn|[from]move: U-turn
|-weather|Hail|[from] ability: Snow Warning|[of] p2a: Ninetales
|
|-weather|Hail|[upkeep]
|-damage|p1a: Blissey|82/100|[from] Hail
|-damage|p2a: Ninetales|37/100 brn|[from] brn
|upkeep
|turn|311
|
|t:|1659034446
|switch|p1a: Toxapex|Toxapex, M|100/100
|move|p2a: Ninetales|Aurora Veil|p2a: Ninetales
|-sidestart|p2: LT91BB luna|move: Aurora Veil
|
|-weather|Hail|[upkeep]
|-damage|p1a: Toxapex|95/100|[from] Hail
|-damage|p2a: Ninetales|31/100 brn|[from] brn
|upkeep
|turn|312
|
|t:|1659034453
|move|p2a: Ninetales|Pain Split|p1a: Toxapex
|-sethp|p1a: Toxapex|65/100|[from] move: Pain Split|[silent]
|-sethp|p2a: Ninetales|57/100 brn|[from] move: Pain Split
|move|p1a: Toxapex|Poison Jab|p2a: Ninetales
|-supereffective|p2a: Ninetales
|-damage|p2a: Ninetales|31/100 brn
|
|-weather|Hail|[upkeep]
|-damage|p1a: Toxapex|59/100|[from] Hail
|-damage|p2a: Ninetales|25/100 brn|[from] brn
|upkeep
|turn|313
|l| BeastyJ157
|
|t:|1659034458
|switch|p2a: Corviknight|Corviknight, F|71/100 brn
|-ability|p2a: Corviknight|Pressure
|switch|p1a: Corviknight|Corviknight, M|100/100
|-ability|p1a: Corviknight|Pressure
|
|-weather|Hail|[upkeep]
|-damage|p1a: Corviknight|94/100|[from] Hail
|-damage|p2a: Corviknight|65/100 brn|[from] Hail
|-heal|p1a: Corviknight|100/100|[from] item: Leftovers
|-damage|p2a: Corviknight|58/100 brn|[from] brn
|-sideend|p1: Ferromolybdenum|move: Light Screen
|upkeep
|turn|314
|
|t:|1659034462
|move|p1a: Corviknight|Iron Defense|p1a: Corviknight
|-boost|p1a: Corviknight|def|2
|move|p2a: Corviknight|U-turn|p1a: Corviknight
|-resisted|p1a: Corviknight
|-damage|p1a: Corviknight|99/100
|
|t:|1659034464
|switch|p2a: Volcanion|Volcanion|42/100|[from]move: U-turn
|
|-weather|none
|-heal|p1a: Corviknight|100/100|[from] item: Leftovers
|upkeep
|turn|315
|
|t:|1659034468
|switch|p2a: Arctozolt|Arctozolt|100/100
|switch|p1a: Blissey|Blissey, F|82/100
|
|-sideend|p2: LT91BB luna|move: Aurora Veil
|upkeep
|turn|316
|
|t:|1659034470
|switch|p1a: Gastrodon|Gastrodon, M|100/100
|move|p2a: Arctozolt|Low Kick|p1a: Gastrodon
|-damage|p1a: Gastrodon|81/100
|
|-heal|p1a: Gastrodon|87/100|[from] item: Leftovers
|upkeep
|turn|317
|
|t:|1659034477
|switch|p2a: Tornadus|Tornadus-Therian, M|100/100 brn
|move|p1a: Gastrodon|Earth Power|p2a: Tornadus
|-immune|p2a: Tornadus
|
|-heal|p1a: Gastrodon|93/100|[from] item: Leftovers
|-damage|p2a: Tornadus|94/100 brn|[from] brn
|upkeep
|turn|318
|c| gameeese|300+ turns still 6v6 who has fun playing this shi
|
|t:|1659034484
|switch|p2a: Arctozolt|Arctozolt|100/100
|move|p1a: Gastrodon|Protect||[still]
|-fail|p1a: Gastrodon
|
|-heal|p1a: Gastrodon|99/100|[from] item: Leftovers
|upkeep
|turn|319
|
|t:|1659034495
|switch|p2a: Tornadus|Tornadus-Therian, M|100/100 brn
|move|p1a: Gastrodon|Earth Power|p2a: Tornadus
|-immune|p2a: Tornadus
|
|-heal|p1a: Gastrodon|100/100|[from] item: Leftovers
|-damage|p2a: Tornadus|94/100 brn|[from] brn
|upkeep
|turn|320
|
|t:|1659034500
|switch|p2a: Volcanion|Volcanion|42/100
|switch|p1a: Clefable|Clefable, M|65/100
|
|-heal|p1a: Clefable|71/100|[from] item: Leftovers
|upkeep
|turn|321
|
|t:|1659034503
|switch|p1a: Blissey|Blissey, F|82/100
|move|p2a: Volcanion|Sludge Wave|p1a: Blissey
|-damage|p1a: Blissey|69/100
|
|upkeep
|turn|322
|
|t:|1659034505
|switch|p2a: Corviknight|Corviknight, F|58/100 brn
|-ability|p2a: Corviknight|Pressure
|move|p1a: Blissey|Stealth Rock|p2a: Corviknight
|-sidestart|p2: LT91BB luna|move: Stealth Rock
|
|-damage|p2a: Corviknight|52/100 brn|[from] brn
|upkeep
|turn|323
|
|t:|1659034511
|move|p1a: Blissey|Seismic Toss|p2a: Corviknight
|-damage|p2a: Corviknight|27/100 brn
|move|p2a: Corviknight|Defog|p1a: Blissey
|-unboost|p1a: Blissey|evasion|1
|-sideend|p2: LT91BB luna|Stealth Rock|[from] move: Defog|[of] p2a: Corviknight
|
|-damage|p2a: Corviknight|21/100 brn|[from] brn
|upkeep
|turn|324
|
|t:|1659034514
|move|p1a: Blissey|Stealth Rock|p2a: Corviknight
|-sidestart|p2: LT91BB luna|move: Stealth Rock
|move|p2a: Corviknight|Roost|p2a: Corviknight
|-heal|p2a: Corviknight|71/100 brn
|-singleturn|p2a: Corviknight|move: Roost
|
|-damage|p2a: Corviknight|65/100 brn|[from] brn
|upkeep
|turn|325
|
|t:|1659034517
|move|p1a: Blissey|Seismic Toss|p2a: Corviknight
|-damage|p2a: Corviknight|40/100 brn
|move|p2a: Corviknight|Defog|p1a: Blissey
|-unboost|p1a: Blissey|evasion|1
|-sideend|p2: LT91BB luna|Stealth Rock|[from] move: Defog|[of] p2a: Corviknight
|
|-damage|p2a: Corviknight|33/100 brn|[from] brn
|upkeep
|turn|326
|j| Congwuyu
|-message|LT91BB luna forfeited.
|
|win|Ferromolybdenum
|raw|Ferromolybdenum's rating: 1827 &rarr; <strong>1852</strong><br />(+25 for winning)
|raw|LT91BB luna's rating: 1916 &rarr; <strong>1891</strong><br />(-25 for losing)
|c|☆Ferromolybdenum|gg
