|j|☆Kwaga
|j|☆Steez Ibanez
|t:|1667628966
|gametype|singles
|player|p1|Kwaga|brock-gen1rb|1760
|player|p2|Steez Ibanez|acetrainer-gen7|1849
|teamsize|p1|6
|teamsize|p2|6
|gen|8
|tier|[Gen 8] OU
|rated|
|rule|Sleep Clause Mod: Limit one foe put to sleep
|rule|Species Clause: Limit one of each Pokémon
|rule|OHKO Clause: OHKO moves are banned
|rule|Evasion Items Clause: Evasion items are banned
|rule|Evasion Moves Clause: Evasion moves are banned
|rule|Endless Battle Clause: Forcing endless battles is banned
|rule|HP Percentage Mod: HP is shown in percentages
|rule|Dynamax Clause: You cannot dynamax
|clearpoke
|poke|p1|Weavile, M|
|poke|p1|Dragapult, M|
|poke|p1|Volcanion|
|poke|p1|Melmetal|
|poke|p1|Kartana|
|poke|p1|Landorus-Therian, M|
|poke|p2|Weezing-Galar, M|
|poke|p2|Hydreigon, M|
|poke|p2|Ferrothorn, M|
|poke|p2|Zapdos|
|poke|p2|Primarina, F|
|poke|p2|Heatran, M|
|teampreview
|inactive|Battle timer is ON: inactive players will automatically lose when time's up. (requested by Steez Ibanez)
|j| Lonely grandpa
|
|t:|1667628979
|start
|switch|p1a: Volcanion|Volcanion|100/100
|switch|p2a: Hades|Hydreigon, M|100/100
|turn|1
|
|t:|1667628998
|switch|p1a: Melmetal|Melmetal|100/100
|move|p2a: Hades|Substitute|p2a: Hades
|-start|p2a: Hades|Substitute
|-damage|p2a: Hades|76/100
|
|-heal|p2a: Hades|82/100|[from] item: Leftovers
|upkeep
|turn|2
|
|t:|1667629000
|switch|p2a: Abomination|Ferrothorn, M|100/100
|move|p1a: Melmetal|Double Iron Bash|p2a: Abomination
|-resisted|p2a: Abomination
|-crit|p2a: Abomination
|-damage|p2a: Abomination|82/100
|-damage|p1a: Melmetal|88/100|[from] ability: Iron Barbs|[of] p2a: Abomination
|-damage|p1a: Melmetal|72/100|[from] item: Rocky Helmet|[of] p2a: Abomination
|-resisted|p2a: Abomination
|-crit|p2a: Abomination
|-damage|p2a: Abomination|61/100
|-damage|p1a: Melmetal|59/100|[from] ability: Iron Barbs|[of] p2a: Abomination
|-damage|p1a: Melmetal|43/100|[from] item: Rocky Helmet|[of] p2a: Abomination
|-hitcount|p2a: Abomination|2
|
|-heal|p1a: Melmetal|49/100|[from] item: Leftovers
|upkeep
|turn|3
|
|t:|1667629003
|move|p1a: Melmetal|Superpower|p2a: Abomination
|-supereffective|p2a: Abomination
|-damage|p2a: Abomination|0 fnt
|-unboost|p1a: Melmetal|atk|1
|-unboost|p1a: Melmetal|def|1
|-damage|p1a: Melmetal|36/100|[from] ability: Iron Barbs|[of] p2a: Abomination
|-damage|p1a: Melmetal|20/100|[from] item: Rocky Helmet|[of] p2a: Abomination
|faint|p2a: Abomination
|
|-heal|p1a: Melmetal|26/100|[from] item: Leftovers
|upkeep
|j| Ctannn
|
|t:|1667629008
|switch|p2a: Hades|Hydreigon, M|82/100
|turn|4
|
|t:|1667629012
|switch|p1a: Landorus|Landorus-Therian, M|100/100
|-ability|p1a: Landorus|Intimidate|boost
|-unboost|p2a: Hades|atk|1
|move|p2a: Hades|Dark Pulse|p1a: Landorus
|-damage|p1a: Landorus|71/100
|
|-heal|p2a: Hades|88/100|[from] item: Leftovers
|-heal|p1a: Landorus|77/100|[from] item: Leftovers
|upkeep
|turn|5
|
|t:|1667629015
|switch|p2a: Speedwagon|Weezing-Galar, M|100/100
|move|p1a: Landorus|U-turn|p2a: Speedwagon
|-resisted|p2a: Speedwagon
|-damage|p2a: Speedwagon|97/100
|
|t:|1667629024
|switch|p1a: Melmetal|Melmetal|26/100|[from]move: U-turn
|
|-heal|p2a: Speedwagon|100/100|[from] item: Black Sludge
|-heal|p1a: Melmetal|32/100|[from] item: Leftovers
|upkeep
|turn|6
|
|t:|1667629026
|switch|p2a: Hephaestus|Heatran, M|100/100
|-item|p2a: Hephaestus|Air Balloon
|move|p1a: Melmetal|Double Iron Bash|p2a: Hephaestus
|-resisted|p2a: Hephaestus
|-crit|p2a: Hephaestus
|-damage|p2a: Hephaestus|84/100
|-enditem|p2a: Hephaestus|Air Balloon
|-resisted|p2a: Hephaestus
|-damage|p2a: Hephaestus|73/100
|-hitcount|p2a: Hephaestus|2
|
|-heal|p1a: Melmetal|38/100|[from] item: Leftovers
|upkeep
|turn|7
|
|t:|1667629030
|switch|p1a: Volcanion|Volcanion|100/100
|move|p2a: Hephaestus|Magma Storm|p1a: Volcanion|[miss]
|-miss|p2a: Hephaestus|p1a: Volcanion
|
|upkeep
|turn|8
|
|t:|1667629034
|move|p2a: Hephaestus|Stealth Rock|p1a: Volcanion
|-sidestart|p1: Kwaga|move: Stealth Rock
|move|p1a: Volcanion|Steam Eruption|p2a: Hephaestus
|-supereffective|p2a: Hephaestus
|-damage|p2a: Hephaestus|0 fnt
|faint|p2a: Hephaestus
|
|upkeep
|
|t:|1667629036
|switch|p2a: Hades|Hydreigon, M|88/100
|turn|9
|
|t:|1667629046
|switch|p1a: Landorus|Landorus-Therian, M|77/100
|-damage|p1a: Landorus|65/100|[from] Stealth Rock
|-ability|p1a: Landorus|Intimidate|boost
|-unboost|p2a: Hades|atk|1
|move|p2a: Hades|Dark Pulse|p1a: Landorus
|-damage|p1a: Landorus|35/100
|
|-heal|p2a: Hades|94/100|[from] item: Leftovers
|-heal|p1a: Landorus|41/100|[from] item: Leftovers
|upkeep
|turn|10
|
|t:|1667629050
|move|p2a: Hades|Dark Pulse|p1a: Landorus
|-damage|p1a: Landorus|9/100
|move|p1a: Landorus|U-turn|p2a: Hades
|-supereffective|p2a: Hades
|-damage|p2a: Hades|42/100
|j| gold bottle
|
|t:|1667629068
|switch|p1a: Weavile|Weavile, M|100/100|[from]move: U-turn
|-damage|p1a: Weavile|76/100|[from] Stealth Rock
|-ability|p1a: Weavile|Pressure
|
|-heal|p2a: Hades|48/100|[from] item: Leftovers
|upkeep
|turn|11
|
|t:|1667629095
|switch|p2a: Siren|Primarina, F|100/100
|move|p1a: Weavile|Triple Axel|p2a: Siren
|-resisted|p2a: Siren
|-damage|p2a: Siren|94/100
|-resisted|p2a: Siren
|-damage|p2a: Siren|81/100
|-resisted|p2a: Siren
|-damage|p2a: Siren|62/100
|-hitcount|p2a: Siren|3
|
|-heal|p2a: Siren|68/100|[from] item: Leftovers
|upkeep
|turn|12
|
|t:|1667629107
|move|p1a: Weavile|Triple Axel|p2a: Siren
|-resisted|p2a: Siren
|-damage|p2a: Siren|61/100
|-resisted|p2a: Siren
|-damage|p2a: Siren|47/100
|-resisted|p2a: Siren
|-damage|p2a: Siren|26/100
|-hitcount|p2a: Siren|3
|move|p2a: Siren|Calm Mind|p2a: Siren
|-boost|p2a: Siren|spa|1
|-boost|p2a: Siren|spd|1
|
|-heal|p2a: Siren|32/100|[from] item: Leftovers
|upkeep
|turn|13
|
|t:|1667629113
|move|p1a: Weavile|Triple Axel|p2a: Siren
|-resisted|p2a: Siren
|-damage|p2a: Siren|24/100
|-resisted|p2a: Siren
|-damage|p2a: Siren|12/100
|-resisted|p2a: Siren
|-damage|p2a: Siren|0 fnt
|faint|p2a: Siren
|-hitcount|p2: Siren|3
|
|upkeep
|
|t:|1667629122
|switch|p2a: Speedwagon|Weezing-Galar, M|100/100
|turn|14
|
|t:|1667629126
|switch|p1a: Volcanion|Volcanion|100/100
|move|p2a: Speedwagon|Strange Steam|p1a: Volcanion
|-resisted|p1a: Volcanion
|-damage|p1a: Volcanion|84/100
|
|upkeep
|turn|15
|
|t:|1667629129
|move|p1a: Volcanion|Defog|p2a: Speedwagon
|-unboost|p2a: Speedwagon|evasion|1
|-sideend|p1: Kwaga|Stealth Rock|[from] move: Defog|[of] p1a: Volcanion
|move|p2a: Speedwagon|Sludge Bomb|p1a: Volcanion
|-damage|p1a: Volcanion|48/100
|
|upkeep
|turn|16
|
|t:|1667629131
|move|p1a: Volcanion|Steam Eruption|p2a: Speedwagon
|-damage|p2a: Speedwagon|20/100
|move|p2a: Speedwagon|Toxic Spikes|p1a: Volcanion
|-sidestart|p1: Kwaga|move: Toxic Spikes
|
|-heal|p2a: Speedwagon|26/100|[from] item: Black Sludge
|upkeep
|turn|17
|
|t:|1667629137
|move|p1a: Volcanion|Defog|p2a: Speedwagon
|-unboost|p2a: Speedwagon|evasion|1
|-sideend|p1: Kwaga|Toxic Spikes|[from] move: Defog|[of] p1a: Volcanion
|move|p2a: Speedwagon|Toxic Spikes|p1a: Volcanion
|-sidestart|p1: Kwaga|move: Toxic Spikes
|
|-heal|p2a: Speedwagon|32/100|[from] item: Black Sludge
|upkeep
|turn|18
|
|t:|1667629140
|move|p1a: Volcanion|Defog|p2a: Speedwagon
|-unboost|p2a: Speedwagon|evasion|1
|-sideend|p1: Kwaga|Toxic Spikes|[from] move: Defog|[of] p1a: Volcanion
|move|p2a: Speedwagon|Toxic Spikes|p1a: Volcanion
|-sidestart|p1: Kwaga|move: Toxic Spikes
|
|-heal|p2a: Speedwagon|38/100|[from] item: Black Sludge
|upkeep
|turn|19
|
|t:|1667629142
|move|p1a: Volcanion|Defog|p2a: Speedwagon
|-unboost|p2a: Speedwagon|evasion|1
|-sideend|p1: Kwaga|Toxic Spikes|[from] move: Defog|[of] p1a: Volcanion
|move|p2a: Speedwagon|Toxic Spikes|p1a: Volcanion
|-sidestart|p1: Kwaga|move: Toxic Spikes
|
|-heal|p2a: Speedwagon|44/100|[from] item: Black Sludge
|upkeep
|turn|20
|
|t:|1667629144
|move|p1a: Volcanion|Steam Eruption|p2a: Speedwagon
|-damage|p2a: Speedwagon|0 fnt
|faint|p2a: Speedwagon
|
|upkeep
|
|t:|1667629146
|switch|p2a: Hades|Hydreigon, M|48/100
|turn|21
|j| tapu moxo
|
|t:|1667629158
|move|p2a: Hades|Dark Pulse|p1a: Volcanion
|-damage|p1a: Volcanion|0 fnt
|faint|p1a: Volcanion
|
|-heal|p2a: Hades|54/100|[from] item: Leftovers
|upkeep
|
|t:|1667629161
|switch|p1a: Weavile|Weavile, M|76/100
|-status|p1a: Weavile|psn
|-ability|p1a: Weavile|Pressure
|turn|22
|
|t:|1667629165
|move|p1a: Weavile|Triple Axel|p2a: Hades
|-supereffective|p2a: Hades
|-damage|p2a: Hades|19/100
|-supereffective|p2a: Hades
|-damage|p2a: Hades|0 fnt
|faint|p2a: Hades
|-hitcount|p2: Hades|2
|
|-damage|p1a: Weavile|63/100 psn|[from] psn
|upkeep
|
|t:|1667629166
|switch|p2a: Bolt|Zapdos|100/100
|turn|23
|
|t:|1667629168
|move|p1a: Weavile|Triple Axel|p2a: Bolt
|-supereffective|p2a: Bolt
|-damage|p2a: Bolt|75/100
|-supereffective|p2a: Bolt
|-damage|p2a: Bolt|31/100
|-supereffective|p2a: Bolt
|-damage|p2a: Bolt|0 fnt
|faint|p2a: Bolt
|-hitcount|p2: Bolt|3
|
|win|Kwaga
|raw|Kwaga's rating: 1760 &rarr; <strong>1785</strong><br />(+25 for winning)
|raw|Steez Ibanez's rating: 1849 &rarr; <strong>1824</strong><br />(-25 for losing)
