|j|‽not mb
|j|☆OU make me yawn
|t:|1623689535
|gametype|singles
|player|p1|not mb|170|1875
|player|p2|OU make me yawn|dawn|1874
|teamsize|p1|6
|teamsize|p2|6
|gen|8
|tier|[Gen 8] OU
|rated|
|rule|Sleep Clause Mod: Limit one foe put to sleep
|rule|Species Clause: Limit one of each Pokémon
|rule|OHKO Clause: OHKO moves are banned
|rule|Evasion Moves Clause: Evasion moves are banned
|rule|Endless Battle Clause: Forcing endless battles is banned
|rule|HP Percentage Mod: HP is shown in percentages
|rule|Dynamax Clause: You cannot dynamax
|clearpoke
|poke|p1|Kyurem|
|poke|p1|Urshifu-*, M|
|poke|p1|Nidoking, M|
|poke|p1|Clefable, F|
|poke|p1|Corviknight, M|
|poke|p1|Tapu Fini|
|poke|p2|Xatu, F|
|poke|p2|Buzzwole|
|poke|p2|Heatran, M|
|poke|p2|Umbreon, M|
|poke|p2|Gastrodon, M|
|poke|p2|Tapu Fini|
|teampreview
|inactive|Battle timer is ON: inactive players will automatically lose when time's up. (requested by not mb)
|inactive|OU make me yawn has 120 seconds left.
|j| Luigi over mario
|
|t:|1623689631
|start
|switch|p1a: Kyurem|Kyurem|100/100
|switch|p2a: Umbreon|Umbreon, M|100/100
|-ability|p1a: Kyurem|Pressure
|turn|1
|j| plushiez
|inactive|not mb has 120 seconds left.
|inactive|OU make me yawn has 120 seconds left.
|j| Razayforce
|j| 0zorcNecropHADES
|
|t:|1623689683
|switch|p1a: Clefable|Clefable, F|100/100
|move|p2a: Umbreon|Wish|p2a: Umbreon
|
|upkeep
|turn|2
|c| 0zorcNecropHADES|hey yawn
|
|t:|1623689696
|switch|p2a: Tapu Fini|Tapu Fini|100/100
|-fieldstart|move: Misty Terrain|[from] ability: Misty Surge|[of] p2a: Tapu Fini
|switch|p1a: Kyurem|Kyurem|100/100
|-ability|p1a: Kyurem|Pressure
|
|upkeep
|turn|3
|c|☆OU make me yawn|heyo
|
|t:|1623689702
|move|p1a: Kyurem|Freeze-Dry|p2a: Tapu Fini
|-supereffective|p2a: Tapu Fini
|-damage|p2a: Tapu Fini|30/100
|move|p2a: Tapu Fini|Knock Off|p1a: Kyurem
|-damage|p1a: Kyurem|85/100
|-enditem|p1a: Kyurem|Never-Melt Ice|[from] move: Knock Off|[of] p2a: Tapu Fini
|
|-heal|p2a: Tapu Fini|36/100|[from] item: Leftovers
|upkeep
|turn|4
|inactive|OU make me yawn has 120 seconds left.
|
|t:|1623689709
|switch|p1a: Urshifu|Urshifu-Rapid-Strike, M|100/100
|switch|p2a: Umbreon|Umbreon, M|100/100
|
|upkeep
|turn|5
|inactive|OU make me yawn has 120 seconds left.
|
|t:|1623689721
|switch|p2a: Buzzwole|Buzzwole|100/100
|move|p1a: Urshifu|U-turn|p2a: Buzzwole
|-resisted|p2a: Buzzwole
|-damage|p2a: Buzzwole|92/100
|-damage|p1a: Urshifu|84/100|[from] item: Rocky Helmet|[of] p2a: Buzzwole
|
|t:|1623689733
|switch|p1a: Tapu Fini|Tapu Fini|100/100|[from]move: U-turn
|
|upkeep
|turn|6
|inactive|OU make me yawn has 120 seconds left.
|
|t:|1623689776
|switch|p2a: Heatran|Heatran, M|100/100
|move|p1a: Tapu Fini|Trick|p2a: Heatran
|-activate|p1a: Tapu Fini|move: Trick|[of] p2a: Heatran
|-item|p2a: Heatran|Choice Scarf|[from] move: Trick
|-item|p1a: Tapu Fini|Leftovers|[from] move: Trick
|
|-fieldend|Misty Terrain
|upkeep
|turn|7
|
|t:|1623689790
|move|p1a: Tapu Fini|Surf|p2a: Heatran
|-supereffective|p2a: Heatran
|-damage|p2a: Heatran|56/100
|move|p2a: Heatran|Toxic|p1a: Tapu Fini
|-status|p1a: Tapu Fini|tox
|
|-damage|p1a: Tapu Fini|94/100 tox|[from] psn
|upkeep
|turn|8
|
|t:|1623689803
|switch|p1a: Clefable|Clefable, F|100/100
|switch|p2a: Gastrodon|Gastrodon, M|100/100
|
|upkeep
|turn|9
|
|t:|1623689826
|switch|p2a: Xatu|Xatu, F|100/100
|move|p1a: Clefable|Moonblast|p2a: Xatu
|-damage|p2a: Xatu|71/100
|
|-heal|p2a: Xatu|77/100|[from] item: Leftovers
|upkeep
|turn|10
|inactive|OU make me yawn has 120 seconds left.
|
|t:|1623689842
|switch|p1a: Nidoking|Nidoking, M|100/100
|move|p2a: Xatu|Night Shade|p1a: Nidoking
|-damage|p1a: Nidoking|67/100
|
|-heal|p2a: Xatu|83/100|[from] item: Leftovers
|upkeep
|turn|11
|inactive|OU make me yawn has 120 seconds left.
|
|t:|1623689859
|-singleturn|p1a: Nidoking|move: Focus Punch
|move|p2a: Xatu|Night Shade|p1a: Nidoking
|-damage|p1a: Nidoking|34/100
|cant|p1a: Nidoking|Focus Punch|Focus Punch
|
|-heal|p2a: Xatu|89/100|[from] item: Leftovers
|upkeep
|turn|12
|
|t:|1623689871
|move|p1a: Nidoking|Thunder|p2a: Xatu|[miss]
|-miss|p1a: Nidoking|p2a: Xatu
|move|p2a: Xatu|Night Shade|p1a: Nidoking
|-damage|p1a: Nidoking|1/100
|
|-heal|p2a: Xatu|95/100|[from] item: Leftovers
|upkeep
|turn|13
|
|t:|1623689880
|move|p1a: Nidoking|Earth Power|p2a: Xatu
|-immune|p2a: Xatu
|move|p2a: Xatu|Night Shade|p1a: Nidoking
|-damage|p1a: Nidoking|0 fnt
|faint|p1a: Nidoking
|
|-heal|p2a: Xatu|100/100|[from] item: Leftovers
|upkeep
|
|t:|1623689909
|switch|p1a: Kyurem|Kyurem|85/100
|-ability|p1a: Kyurem|Pressure
|turn|14
|c|☆OU make me yawn|not mb
|
|t:|1623689923
|switch|p2a: Heatran|Heatran, M|56/100
|move|p1a: Kyurem|Ice Beam|p2a: Heatran
|-resisted|p2a: Heatran
|-damage|p2a: Heatran|48/100
|
|upkeep
|turn|15
|inactive|OU make me yawn has 120 seconds left.
|
|t:|1623689948
|move|p1a: Kyurem|Earth Power|p2a: Heatran
|-supereffective|p2a: Heatran
|-damage|p2a: Heatran|0 fnt
|faint|p2a: Heatran
|
|upkeep
|j| Jiakgs
|
|t:|1623689952
|switch|p2a: Umbreon|Umbreon, M|100/100
|turn|16
|
|t:|1623689960
|move|p1a: Kyurem|Ice Beam|p2a: Umbreon
|-damage|p2a: Umbreon|67/100
|move|p2a: Umbreon|Foul Play|p1a: Kyurem
|-damage|p1a: Kyurem|56/100
|
|-heal|p2a: Umbreon|73/100|[from] item: Leftovers
|upkeep
|turn|17
|
|t:|1623689966
|move|p2a: Umbreon|Protect|p2a: Umbreon
|-singleturn|p2a: Umbreon|Protect
|move|p1a: Kyurem|Roost|p1a: Kyurem
|-heal|p1a: Kyurem|100/100
|-singleturn|p1a: Kyurem|move: Roost
|
|-heal|p2a: Umbreon|79/100|[from] item: Leftovers
|upkeep
|turn|18
|j| fresh mind
|inactive|OU make me yawn also wants the timer to be on.
|
|t:|1623689987
|move|p1a: Kyurem|Ice Beam|p2a: Umbreon
|-damage|p2a: Umbreon|41/100
|move|p2a: Umbreon|Wish|p2a: Umbreon
|
|-heal|p2a: Umbreon|47/100|[from] item: Leftovers
|upkeep
|turn|19
|j| MilkyTwilight
|j| pliang838
|c|☆OU make me yawn|Hi star
|c|☆OU make me yawn|Hi yawn
|j| OnixBlade
|inactive|not mb has 120 seconds left.
|j| Bunny girl mai
|
|t:|1623690032
|move|p2a: Umbreon|Protect|p2a: Umbreon
|-singleturn|p2a: Umbreon|Protect
|move|p1a: Kyurem|Freeze-Dry|p2a: Umbreon
|-activate|p2a: Umbreon|move: Protect
|
|-heal|p2a: Umbreon|97/100|[from] move: Wish|[wisher] Umbreon
|-heal|p2a: Umbreon|100/100|[from] item: Leftovers
|upkeep
|turn|20
|
|t:|1623690046
|move|p1a: Kyurem|Freeze-Dry|p2a: Umbreon
|-damage|p2a: Umbreon|72/100
|move|p2a: Umbreon|Wish|p2a: Umbreon
|
|-heal|p2a: Umbreon|78/100|[from] item: Leftovers
|upkeep
|turn|21
|
|t:|1623690050
|switch|p1a: Corviknight|Corviknight, M|100/100
|-ability|p1a: Corviknight|Pressure
|switch|p2a: Buzzwole|Buzzwole|92/100
|
|-heal|p2a: Buzzwole|100/100|[from] move: Wish|[wisher] Umbreon
|upkeep
|turn|22
|c|☆OU make me yawn|What is never melt ice
|inactive|not mb has 120 seconds left.
|c|☆OU make me yawn|1.2 ice moves
|c|☆OU make me yawn|Oh
|
|t:|1623690081
|move|p2a: Buzzwole|Ice Punch|p1a: Corviknight
|-damage|p1a: Corviknight|83/100
|move|p1a: Corviknight|Substitute|p1a: Corviknight
|-start|p1a: Corviknight|Substitute
|-damage|p1a: Corviknight|58/100
|
|-heal|p1a: Corviknight|64/100|[from] item: Leftovers
|upkeep
|turn|23
|
|t:|1623690090
|move|p2a: Buzzwole|Taunt|p1a: Corviknight
|-start|p1a: Corviknight|move: Taunt
|cant|p1a: Corviknight|move: Taunt|Substitute
|
|-heal|p1a: Corviknight|70/100|[from] item: Leftovers
|upkeep
|turn|24
|
|t:|1623690107
|switch|p1a: Clefable|Clefable, F|100/100
|move|p2a: Buzzwole|Drain Punch|p1a: Clefable
|-resisted|p1a: Clefable
|-damage|p1a: Clefable|82/100
|
|upkeep
|turn|25
|
|t:|1623690115
|switch|p2a: Xatu|Xatu, F|100/100
|move|p1a: Clefable|Moonblast|p2a: Xatu
|-damage|p2a: Xatu|71/100
|-unboost|p2a: Xatu|spa|1
|
|-heal|p2a: Xatu|77/100|[from] item: Leftovers
|upkeep
|turn|26
|
|t:|1623690119
|switch|p1a: Corviknight|Corviknight, M|70/100
|-ability|p1a: Corviknight|Pressure
|move|p2a: Xatu|Teleport|p2a: Xatu
|
|t:|1623690126
|switch|p2a: Tapu Fini|Tapu Fini|36/100|[from]move: Teleport
|-fieldstart|move: Misty Terrain|[from] ability: Misty Surge|[of] p2a: Tapu Fini
|
|-heal|p2a: Tapu Fini|42/100|[from] item: Leftovers
|-heal|p1a: Corviknight|76/100|[from] item: Leftovers
|upkeep
|turn|27
|
|t:|1623690151
|move|p2a: Tapu Fini|Knock Off|p1a: Corviknight
|-damage|p1a: Corviknight|64/100
|-enditem|p1a: Corviknight|Leftovers|[from] move: Knock Off|[of] p2a: Tapu Fini
|move|p1a: Corviknight|Brave Bird|p2a: Tapu Fini
|-damage|p2a: Tapu Fini|17/100
|-damage|p1a: Corviknight|57/100|[from] Recoil
|
|-heal|p2a: Tapu Fini|23/100|[from] item: Leftovers
|upkeep
|turn|28
|inactive|not mb has 120 seconds left.
|inactive|OU make me yawn has 120 seconds left.
|
|t:|1623690172
|switch|p2a: Xatu|Xatu, F|77/100
|move|p1a: Corviknight|Brave Bird|p2a: Xatu
|-crit|p2a: Xatu
|-damage|p2a: Xatu|0 fnt
|faint|p2a: Xatu
|-damage|p1a: Corviknight|36/100|[from] Recoil
|
|upkeep
|
|t:|1623690176
|switch|p2a: Buzzwole|Buzzwole|100/100
|turn|29
|j| Sauromon
|inactive|OU make me yawn has 120 seconds left.
|l| MilkyTwilight
|
|t:|1623690197
|switch|p1a: Tapu Fini|Tapu Fini|94/100 tox
|move|p2a: Buzzwole|Ice Punch|p1a: Tapu Fini
|-resisted|p1a: Tapu Fini
|-damage|p1a: Tapu Fini|82/100 tox
|
|-heal|p1a: Tapu Fini|88/100 tox|[from] item: Leftovers
|-damage|p1a: Tapu Fini|82/100 tox|[from] psn
|upkeep
|turn|30
|inactive|OU make me yawn has 120 seconds left.
|
|t:|1623690206
|switch|p2a: Gastrodon|Gastrodon, M|100/100
|move|p1a: Tapu Fini|Moonblast|p2a: Gastrodon
|-damage|p2a: Gastrodon|69/100
|
|-heal|p1a: Tapu Fini|88/100 tox|[from] item: Leftovers
|-heal|p2a: Gastrodon|75/100|[from] item: Leftovers
|-damage|p1a: Tapu Fini|76/100 tox|[from] psn
|-fieldend|Misty Terrain
|upkeep
|turn|31
|
|t:|1623690210
|switch|p1a: Clefable|Clefable, F|82/100
|move|p2a: Gastrodon|Scald|p1a: Clefable
|-damage|p1a: Clefable|62/100
|-status|p1a: Clefable|brn
|
|-heal|p2a: Gastrodon|81/100|[from] item: Leftovers
|-damage|p1a: Clefable|56/100 brn|[from] brn
|upkeep
|turn|32
|
|t:|1623690218
|move|p1a: Clefable|Stealth Rock|p2a: Gastrodon
|-sidestart|p2: OU make me yawn|move: Stealth Rock
|move|p2a: Gastrodon|Scald|p1a: Clefable
|-damage|p1a: Clefable|37/100 brn
|
|-heal|p2a: Gastrodon|88/100|[from] item: Leftovers
|-damage|p1a: Clefable|30/100 brn|[from] brn
|upkeep
|turn|33
|
|t:|1623690225
|switch|p2a: Umbreon|Umbreon, M|78/100
|-damage|p2a: Umbreon|65/100|[from] Stealth Rock
|move|p1a: Clefable|Soft-Boiled|p1a: Clefable
|-heal|p1a: Clefable|80/100 brn
|
|-heal|p2a: Umbreon|71/100|[from] item: Leftovers
|-damage|p1a: Clefable|74/100 brn|[from] brn
|upkeep
|turn|34
|j| Kokokoki
|
|t:|1623690233
|switch|p1a: Kyurem|Kyurem|100/100
|-ability|p1a: Kyurem|Pressure
|move|p2a: Umbreon|Wish|p2a: Umbreon
|
|-heal|p2a: Umbreon|77/100|[from] item: Leftovers
|upkeep
|turn|35
|
|t:|1623690239
|switch|p2a: Buzzwole|Buzzwole|100/100
|-damage|p2a: Buzzwole|88/100|[from] Stealth Rock
|move|p1a: Kyurem|Ice Beam|p2a: Buzzwole
|-damage|p2a: Buzzwole|14/100
|
|-heal|p2a: Buzzwole|61/100|[from] move: Wish|[wisher] Umbreon
|upkeep
|turn|36
|
|t:|1623690253
|move|p1a: Kyurem|Ice Beam|p2a: Buzzwole
|-crit|p2a: Buzzwole
|-damage|p2a: Buzzwole|0 fnt
|faint|p2a: Buzzwole
|
|upkeep
|l| OnixBlade
|inactive|OU make me yawn has 120 seconds left.
|c|☆OU make me yawn|we need a better kyurem answer question mark?
|j| blueneighborhood
|inactive|OU make me yawn has 90 seconds left.
|c|☆OU make me yawn|Yea
|l| blueneighborhood
|j| blueneighborhood
|c|☆OU make me yawn|Tran isnt cutting it
|c| pliang838|we do need  better kyurem answer
|inactive|OU make me yawn has 60 seconds left.
|c| pliang838|tran gets worn down, blissey gets 2HKOed by focus blast
|c|☆OU make me yawn|I say we use volc
|inactive|OU make me yawn has 30 seconds left.
|inactive|OU make me yawn has 20 seconds left.
|
|t:|1623690382
|switch|p2a: Umbreon|Umbreon, M|77/100
|-damage|p2a: Umbreon|65/100|[from] Stealth Rock
|turn|37
|inactive|OU make me yawn has 30 seconds left this turn.
|c| pliang838|but then random draco is going to OHKO
|l| Kokokoki
|c|☆OU make me yawn|Shed
|j| hypervortexreturns
|
|t:|1623690397
|switch|p1a: Urshifu|Urshifu-Rapid-Strike, M|84/100
|move|p2a: Umbreon|Wish|p2a: Umbreon
|
|-heal|p2a: Umbreon|71/100|[from] item: Leftovers
|upkeep
|turn|38
|c|☆OU make me yawn|no
|c|☆OU make me yawn|Jk
|
|t:|1623690403
|switch|p2a: Gastrodon|Gastrodon, M|88/100
|-damage|p2a: Gastrodon|81/100|[from] Stealth Rock
|move|p1a: Urshifu|Close Combat|p2a: Gastrodon
|-damage|p2a: Gastrodon|1/100
|-unboost|p1a: Urshifu|def|1
|-unboost|p1a: Urshifu|spd|1
|
|-heal|p2a: Gastrodon|47/100|[from] move: Wish|[wisher] Umbreon
|-heal|p2a: Gastrodon|54/100|[from] item: Leftovers
|upkeep
|turn|39
|
|t:|1623690410
|move|p1a: Urshifu|Close Combat|p2a: Gastrodon
|-damage|p2a: Gastrodon|0 fnt
|-unboost|p1a: Urshifu|def|1
|-unboost|p1a: Urshifu|spd|1
|faint|p2a: Gastrodon
|
|upkeep
|
|t:|1623690412
|switch|p2a: Tapu Fini|Tapu Fini|23/100
|-damage|p2a: Tapu Fini|10/100|[from] Stealth Rock
|-fieldstart|move: Misty Terrain|[from] ability: Misty Surge|[of] p2a: Tapu Fini
|turn|40
|
|t:|1623690416
|move|p1a: Urshifu|Close Combat|p2a: Tapu Fini
|-resisted|p2a: Tapu Fini
|-crit|p2a: Tapu Fini
|-damage|p2a: Tapu Fini|0 fnt
|-unboost|p1a: Urshifu|def|1
|-unboost|p1a: Urshifu|spd|1
|faint|p2a: Tapu Fini
|
|upkeep
|c| pliang838|dual wing beat will KO shed
|c|☆OU make me yawn|Star check discord i sent team
|
|t:|1623690438
|switch|p2a: Umbreon|Umbreon, M|71/100
|-damage|p2a: Umbreon|59/100|[from] Stealth Rock
|turn|41
|
|t:|1623690442
|switch|p1a: Tapu Fini|Tapu Fini|76/100 tox
|move|p2a: Umbreon|Foul Play|p1a: Tapu Fini
|-resisted|p1a: Tapu Fini
|-damage|p1a: Tapu Fini|66/100 tox
|
|-heal|p1a: Tapu Fini|72/100 tox|[from] item: Leftovers
|-heal|p2a: Umbreon|65/100|[from] item: Leftovers
|-damage|p1a: Tapu Fini|66/100 tox|[from] psn
|upkeep
|turn|42
|
|t:|1623690446
|move|p1a: Tapu Fini|Defog|p2a: Umbreon
|-unboost|p2a: Umbreon|evasion|1
|-sideend|p2: OU make me yawn|Stealth Rock|[from] move: Defog|[of] p1a: Tapu Fini
|-fieldend|Misty Terrain
|move|p2a: Umbreon|Wish|p2a: Umbreon
|
|-heal|p1a: Tapu Fini|72/100 tox|[from] item: Leftovers
|-heal|p2a: Umbreon|71/100|[from] item: Leftovers
|-damage|p1a: Tapu Fini|60/100 tox|[from] psn
|upkeep
|turn|43
|inactive|OU make me yawn has 60 seconds left.
|inactive|OU make me yawn has 30 seconds left.
|inactive|OU make me yawn has 20 seconds left.
|j| forestcave
|inactive|OU make me yawn has 15 seconds left.
|inactive|OU make me yawn has 10 seconds left.
|l| forestcave
|inactive|OU make me yawn has 5 seconds left.
|-message|OU make me yawn lost due to inactivity.
|
|win|not mb
|raw|not mb's rating: 1875 &rarr; <strong>1895</strong><br />(+20 for winning)
|raw|OU make me yawn's rating: 1874 &rarr; <strong>1854</strong><br />(-20 for losing)
|l| pliang838
|l| Jiakgs
|l| Sauromon
|l| Luigi over mario
|l| blueneighborhood
||Ladder isn't responding, score probably updated but might not have (Request timeout).
|j| Luigi over mario
|c|☆OU make me yawn|gg
|l| Luigi over mario
|c|☆OU make me yawn|literally unwinnable mu
|l| fresh mind
