|j|☆black thunderbolt
|j|☆Goinflex
|t:|1664128199
|gametype|singles
|player|p1|black thunderbolt|lucas|
|player|p2|Goinflex|sycamore|
|teamsize|p1|6
|teamsize|p2|6
|gen|8
|tier|[Gen 8] OU
|rule|Sleep Clause Mod: Limit one foe put to sleep
|rule|Species Clause: Limit one of each Pokémon
|rule|OHKO Clause: OHKO moves are banned
|rule|Evasion Items Clause: Evasion items are banned
|rule|Evasion Moves Clause: Evasion moves are banned
|rule|Endless Battle Clause: Forcing endless battles is banned
|rule|HP Percentage Mod: HP is shown in percentages
|rule|Dynamax Clause: You cannot dynamax
|clearpoke
|poke|p1|Urshifu-*, M|
|poke|p1|Tyranitar, M|
|poke|p1|Excadrill, M|
|poke|p1|Zapdos|
|poke|p1|Ferrothorn, M|
|poke|p1|Tapu Lele|
|poke|p2|Pelipper, M|
|poke|p2|Zapdos-Galar|
|poke|p2|Tapu Koko|
|poke|p2|Tapu Lele|
|poke|p2|Landorus-Therian, M|
|poke|p2|Ferrothorn, F|
|teampreview
|inactive|Battle timer is ON: inactive players will automatically lose when time's up. (requested by Goinflex)
|c|☆Goinflex|hf!
|c|☆black thunderbolt|/log black thunderbolt made this room public.
|inactive|black thunderbolt has 270 seconds left.
|inactive|Goinflex has 270 seconds left.
|j| Jeza.p
|j| Portos2Seconds
|inactive|black thunderbolt has 240 seconds left.
|j| ApOcalpse17
|j| PyProd.
|j| Vieux Aigri
|inactive|black thunderbolt has 210 seconds left.
|
|t:|1664128290
|start
|switch|p1a: Tapu Lele|Tapu Lele, shiny|100/100
|switch|p2a: AQUA VITAE|Pelipper, M|100/100
|-fieldstart|move: Psychic Terrain|[from] ability: Psychic Surge|[of] p1a: Tapu Lele
|-weather|RainDance|[from] ability: Drizzle|[of] p2a: AQUA VITAE
|turn|1
|inactive|black thunderbolt has 270 seconds left.
|
|t:|1664128311
|switch|p2a: PRIME MINISTER|Ferrothorn, F|100/100
|move|p1a: Tapu Lele|Thunderbolt|p2a: PRIME MINISTER
|-resisted|p2a: PRIME MINISTER
|-damage|p2a: PRIME MINISTER|91/100
|
|-weather|RainDance|[upkeep]
|-heal|p2a: PRIME MINISTER|97/100|[from] item: Leftovers
|upkeep
|turn|2
|
|t:|1664128318
|switch|p1a: Ferrothorn|Ferrothorn, M|100/100
|move|p2a: PRIME MINISTER|Stealth Rock|p1a: Ferrothorn
|-sidestart|p1: black thunderbolt|move: Stealth Rock
|
|-weather|RainDance|[upkeep]
|-heal|p2a: PRIME MINISTER|100/100|[from] item: Leftovers
|upkeep
|turn|3
|
|t:|1664128328
|switch|p2a: TOOLS OF WAR|Zapdos-Galar|100/100
|move|p1a: Ferrothorn|Stealth Rock|p2a: TOOLS OF WAR
|-sidestart|p2: Goinflex|move: Stealth Rock
|
|-weather|RainDance|[upkeep]
|upkeep
|turn|4
|
|t:|1664128333
|switch|p2a: CARGO OF FINERIES|Tapu Koko|100/100
|-damage|p2a: CARGO OF FINERIES|88/100|[from] Stealth Rock
|-fieldstart|move: Electric Terrain|[from] ability: Electric Surge|[of] p2a: CARGO OF FINERIES
|switch|p1a: Zapdos|Zapdos|100/100
|
|-weather|RainDance|[upkeep]
|upkeep
|turn|5
|
|t:|1664128345
|switch|p1a: Ferrothorn|Ferrothorn, M|100/100
|-damage|p1a: Ferrothorn|95/100|[from] Stealth Rock
|move|p2a: CARGO OF FINERIES|Thunderbolt|p1a: Ferrothorn
|-resisted|p1a: Ferrothorn
|-damage|p1a: Ferrothorn|68/100
|
|-weather|none
|-heal|p1a: Ferrothorn|74/100|[from] item: Leftovers
|upkeep
|turn|6
|
|t:|1664128355
|move|p2a: CARGO OF FINERIES|Thunderbolt|p1a: Ferrothorn
|-resisted|p1a: Ferrothorn
|-damage|p1a: Ferrothorn|48/100
|move|p1a: Ferrothorn|Knock Off|p2a: CARGO OF FINERIES
|-resisted|p2a: CARGO OF FINERIES
|-damage|p2a: CARGO OF FINERIES|73/100
|-enditem|p2a: CARGO OF FINERIES|Choice Specs|[from] move: Knock Off|[of] p1a: Ferrothorn
|
|-heal|p1a: Ferrothorn|54/100|[from] item: Leftovers
|upkeep
|turn|7
|
|t:|1664128375
|move|p2a: CARGO OF FINERIES|Volt Switch|p1a: Ferrothorn
|-resisted|p1a: Ferrothorn
|-damage|p1a: Ferrothorn|40/100
|
|t:|1664128380
|switch|p2a: AQUA VITAE|Pelipper, M|100/100|[from]move: Volt Switch
|-damage|p2a: AQUA VITAE|76/100|[from] Stealth Rock
|-weather|RainDance|[from] ability: Drizzle|[of] p2a: AQUA VITAE
|move|p1a: Ferrothorn|Knock Off|p2a: AQUA VITAE
|-damage|p2a: AQUA VITAE|46/100
|-enditem|p2a: AQUA VITAE|Choice Specs|[from] move: Knock Off|[of] p1a: Ferrothorn
|
|-weather|RainDance|[upkeep]
|-heal|p1a: Ferrothorn|46/100|[from] item: Leftovers
|upkeep
|turn|8
|inactive|black thunderbolt has 270 seconds left.
|inactive|black thunderbolt has 240 seconds left.
|
|t:|1664128441
|switch|p1a: Zapdos|Zapdos|100/100
|move|p2a: AQUA VITAE|Hurricane|p1a: Zapdos
|-resisted|p1a: Zapdos
|-damage|p1a: Zapdos|78/100
|
|-weather|RainDance|[upkeep]
|-fieldend|move: Electric Terrain
|upkeep
|turn|9
|inactive|black thunderbolt has 240 seconds left.
|
|t:|1664128452
|switch|p2a: CARGO OF FINERIES|Tapu Koko|73/100
|-damage|p2a: CARGO OF FINERIES|61/100|[from] Stealth Rock
|-fieldstart|move: Electric Terrain|[from] ability: Electric Surge|[of] p2a: CARGO OF FINERIES
|move|p1a: Zapdos|Hurricane|p2a: CARGO OF FINERIES
|-resisted|p2a: CARGO OF FINERIES
|-damage|p2a: CARGO OF FINERIES|26/100
|
|-weather|RainDance|[upkeep]
|upkeep
|turn|10
|inactive|black thunderbolt has 240 seconds left.
|
|t:|1664128484
|switch|p1a: Excadrill|Excadrill, M|100/100
|-damage|p1a: Excadrill|97/100|[from] Stealth Rock
|move|p2a: CARGO OF FINERIES|Volt Switch|p1a: Excadrill
|-immune|p1a: Excadrill
|
|-weather|RainDance|[upkeep]
|upkeep
|turn|11
|inactive|black thunderbolt has 210 seconds left.
|
|t:|1664128505
|move|p2a: CARGO OF FINERIES|Volt Switch|p1a: Excadrill
|-immune|p1a: Excadrill
|move|p1a: Excadrill|Rapid Spin|p2a: CARGO OF FINERIES
|-damage|p2a: CARGO OF FINERIES|0 fnt
|-boost|p1a: Excadrill|spe|1
|-sideend|p1: black thunderbolt|Stealth Rock|[from] move: Rapid Spin|[of] p1a: Excadrill
|faint|p2a: CARGO OF FINERIES
|
|-weather|none
|upkeep
|
|t:|1664128508
|switch|p2a: BIRMINGHAM CLIMAX|Landorus-Therian, M|100/100
|-damage|p2a: BIRMINGHAM CLIMAX|88/100|[from] Stealth Rock
|-ability|p2a: BIRMINGHAM CLIMAX|Intimidate|boost
|-unboost|p1a: Excadrill|atk|1
|turn|12
|inactive|black thunderbolt has 210 seconds left.
|
|t:|1664128547
|switch|p1a: Urshifu|Urshifu-Rapid-Strike, M|100/100
|move|p2a: BIRMINGHAM CLIMAX|Defog|p1a: Urshifu
|-unboost|p1a: Urshifu|evasion|1
|-sideend|p2: Goinflex|Stealth Rock|[from] move: Defog|[of] p2a: BIRMINGHAM CLIMAX
|-fieldend|move: Electric Terrain
|
|-heal|p2a: BIRMINGHAM CLIMAX|94/100|[from] item: Leftovers
|upkeep
|turn|13
|
|t:|1664128555
|switch|p2a: PRIME MINISTER|Ferrothorn, F|100/100
|move|p1a: Urshifu|Surging Strikes|p2a: PRIME MINISTER
|-resisted|p2a: PRIME MINISTER
|-crit|p2a: PRIME MINISTER
|-damage|p2a: PRIME MINISTER|93/100
|-activate|p2a: PRIME MINISTER|ability: Iron Barbs
|-activate|p1a: Urshifu|item: Protective Pads
|-resisted|p2a: PRIME MINISTER
|-crit|p2a: PRIME MINISTER
|-damage|p2a: PRIME MINISTER|85/100
|-activate|p2a: PRIME MINISTER|ability: Iron Barbs
|-activate|p1a: Urshifu|item: Protective Pads
|-resisted|p2a: PRIME MINISTER
|-crit|p2a: PRIME MINISTER
|-damage|p2a: PRIME MINISTER|78/100
|-activate|p2a: PRIME MINISTER|ability: Iron Barbs
|-activate|p1a: Urshifu|item: Protective Pads
|-hitcount|p2a: PRIME MINISTER|3
|
|-heal|p2a: PRIME MINISTER|84/100|[from] item: Leftovers
|upkeep
|turn|14
|
|t:|1664128562
|switch|p2a: ELECTRA HEART|Tapu Lele|100/100
|-fieldstart|move: Psychic Terrain|[from] ability: Psychic Surge|[of] p2a: ELECTRA HEART
|move|p1a: Urshifu|Close Combat|p2a: ELECTRA HEART
|-resisted|p2a: ELECTRA HEART
|-crit|p2a: ELECTRA HEART
|-damage|p2a: ELECTRA HEART|67/100
|-unboost|p1a: Urshifu|def|1
|-unboost|p1a: Urshifu|spd|1
|
|upkeep
|turn|15
|inactive|black thunderbolt has 180 seconds left.
|
|t:|1664128589
|switch|p2a: TOOLS OF WAR|Zapdos-Galar|100/100
|switch|p1a: Ferrothorn|Ferrothorn, M|46/100
|
|-heal|p1a: Ferrothorn|52/100|[from] item: Leftovers
|upkeep
|turn|16
|
|t:|1664128593
|switch|p1a: Zapdos|Zapdos|78/100
|move|p2a: TOOLS OF WAR|Close Combat|p1a: Zapdos
|-resisted|p1a: Zapdos
|-damage|p1a: Zapdos|42/100
|-unboost|p2a: TOOLS OF WAR|def|1
|-unboost|p2a: TOOLS OF WAR|spd|1
|
|upkeep
|turn|17
|
|t:|1664128602
|move|p2a: TOOLS OF WAR|Close Combat|p1a: Zapdos
|-resisted|p1a: Zapdos
|-damage|p1a: Zapdos|7/100
|-unboost|p2a: TOOLS OF WAR|def|1
|-unboost|p2a: TOOLS OF WAR|spd|1
|move|p1a: Zapdos|Roost|p1a: Zapdos
|-heal|p1a: Zapdos|57/100
|-singleturn|p1a: Zapdos|move: Roost
|
|upkeep
|turn|18
|
|t:|1664128612
|switch|p2a: BIRMINGHAM CLIMAX|Landorus-Therian, M|94/100
|-ability|p2a: BIRMINGHAM CLIMAX|Intimidate|boost
|-unboost|p1a: Zapdos|atk|1
|move|p1a: Zapdos|Roost|p1a: Zapdos
|-heal|p1a: Zapdos|100/100
|-singleturn|p1a: Zapdos|move: Roost
|
|-heal|p2a: BIRMINGHAM CLIMAX|99/100|[from] item: Leftovers
|-fieldend|move: Psychic Terrain
|upkeep
|turn|19
|
|t:|1664128618
|switch|p1a: Urshifu|Urshifu-Rapid-Strike, M|100/100
|move|p2a: BIRMINGHAM CLIMAX|Knock Off|p1a: Urshifu
|-resisted|p1a: Urshifu
|-damage|p1a: Urshifu|86/100
|-enditem|p1a: Urshifu|Protective Pads|[from] move: Knock Off|[of] p2a: BIRMINGHAM CLIMAX
|
|-heal|p2a: BIRMINGHAM CLIMAX|100/100|[from] item: Leftovers
|upkeep
|turn|20
|inactive|black thunderbolt has 210 seconds left.
|
|t:|1664128637
|switch|p2a: PRIME MINISTER|Ferrothorn, F|84/100
|-singleturn|p1a: Urshifu|move: Focus Punch
|move|p1a: Urshifu|Focus Punch|p2a: PRIME MINISTER
|-supereffective|p2a: PRIME MINISTER
|-damage|p2a: PRIME MINISTER|0 fnt
|-damage|p1a: Urshifu|74/100|[from] ability: Iron Barbs|[of] p2a: PRIME MINISTER
|faint|p2a: PRIME MINISTER
|
|upkeep
|c|☆Goinflex|ah
|
|t:|1664128644
|switch|p2a: ELECTRA HEART|Tapu Lele|67/100
|-fieldstart|move: Psychic Terrain|[from] ability: Psychic Surge|[of] p2a: ELECTRA HEART
|turn|21
|inactive|black thunderbolt has 210 seconds left.
|
|t:|1664128674
|switch|p1a: Ferrothorn|Ferrothorn, M|52/100
|move|p2a: ELECTRA HEART|Psychic|p1a: Ferrothorn
|-resisted|p1a: Ferrothorn
|-damage|p1a: Ferrothorn|30/100
|
|-heal|p1a: Ferrothorn|36/100|[from] item: Leftovers
|upkeep
|turn|22
|
|t:|1664128681
|move|p2a: ELECTRA HEART|Psychic|p1a: Ferrothorn
|-resisted|p1a: Ferrothorn
|-damage|p1a: Ferrothorn|11/100
|move|p1a: Ferrothorn|Stealth Rock|p2a: ELECTRA HEART
|-sidestart|p2: Goinflex|move: Stealth Rock
|
|-heal|p1a: Ferrothorn|17/100|[from] item: Leftovers
|upkeep
|turn|23
|
|t:|1664128688
|switch|p2a: TOOLS OF WAR|Zapdos-Galar|100/100
|-damage|p2a: TOOLS OF WAR|88/100|[from] Stealth Rock
|move|p1a: Ferrothorn|Stealth Rock||[still]
|-fail|p1a: Ferrothorn
|
|-heal|p1a: Ferrothorn|23/100|[from] item: Leftovers
|upkeep
|turn|24
|
|t:|1664128704
|switch|p2a: ELECTRA HEART|Tapu Lele|67/100
|-damage|p2a: ELECTRA HEART|55/100|[from] Stealth Rock
|switch|p1a: Zapdos|Zapdos|100/100
|
|upkeep
|turn|25
|
|t:|1664128708
|switch|p1a: Ferrothorn|Ferrothorn, M|23/100
|move|p2a: ELECTRA HEART|Moonblast|p1a: Ferrothorn
|-resisted|p1a: Ferrothorn
|-damage|p1a: Ferrothorn|2/100
|
|-heal|p1a: Ferrothorn|8/100|[from] item: Leftovers
|-fieldend|move: Psychic Terrain
|upkeep
|turn|26
|inactive|black thunderbolt has 210 seconds left.
|
|t:|1664128721
|move|p2a: ELECTRA HEART|Moonblast|p1a: Ferrothorn
|-resisted|p1a: Ferrothorn
|-damage|p1a: Ferrothorn|0 fnt
|faint|p1a: Ferrothorn
|
|upkeep
|
|t:|1664128724
|switch|p1a: Excadrill|Excadrill, M|97/100
|turn|27
|
|t:|1664128727
|switch|p2a: BIRMINGHAM CLIMAX|Landorus-Therian, M|100/100
|-damage|p2a: BIRMINGHAM CLIMAX|88/100|[from] Stealth Rock
|-ability|p2a: BIRMINGHAM CLIMAX|Intimidate|boost
|-unboost|p1a: Excadrill|atk|1
|move|p1a: Excadrill|Iron Head|p2a: BIRMINGHAM CLIMAX
|-damage|p2a: BIRMINGHAM CLIMAX|43/100
|
|-heal|p2a: BIRMINGHAM CLIMAX|49/100|[from] item: Leftovers
|upkeep
|turn|28
|
|t:|1664128744
|switch|p1a: Zapdos|Zapdos|100/100
|move|p2a: BIRMINGHAM CLIMAX|Defog|p1a: Zapdos
|-unboost|p1a: Zapdos|evasion|1
|-sideend|p2: Goinflex|Stealth Rock|[from] move: Defog|[of] p2a: BIRMINGHAM CLIMAX
|
|-heal|p2a: BIRMINGHAM CLIMAX|55/100|[from] item: Leftovers
|upkeep
|turn|29
|
|t:|1664128750
|move|p1a: Zapdos|Hurricane|p2a: BIRMINGHAM CLIMAX|[miss]
|-miss|p1a: Zapdos|p2a: BIRMINGHAM CLIMAX
|move|p2a: BIRMINGHAM CLIMAX|U-turn|p1a: Zapdos
|-resisted|p1a: Zapdos
|-damage|p1a: Zapdos|92/100
|
|t:|1664128753
|switch|p2a: ELECTRA HEART|Tapu Lele|55/100|[from]move: U-turn
|-fieldstart|move: Psychic Terrain|[from] ability: Psychic Surge|[of] p2a: ELECTRA HEART
|
|upkeep
|turn|30
|
|t:|1664128774
|switch|p1a: Tapu Lele|Tapu Lele, shiny|100/100
|move|p2a: ELECTRA HEART|Moonblast|p1a: Tapu Lele
|-damage|p1a: Tapu Lele|44/100
|
|upkeep
|turn|31
|inactive|black thunderbolt has 210 seconds left.
|
|t:|1664128803
|switch|p1a: Excadrill|Excadrill, M|97/100
|move|p2a: ELECTRA HEART|Moonblast|p1a: Excadrill
|-resisted|p1a: Excadrill
|-damage|p1a: Excadrill|59/100
|
|upkeep
|turn|32
|
|t:|1664128810
|switch|p2a: AQUA VITAE|Pelipper, M|46/100
|-weather|RainDance|[from] ability: Drizzle|[of] p2a: AQUA VITAE
|move|p1a: Excadrill|Iron Head|p2a: AQUA VITAE
|-resisted|p2a: AQUA VITAE
|-damage|p2a: AQUA VITAE|2/100
|
|-weather|RainDance|[upkeep]
|upkeep
|turn|33
|
|t:|1664128816
|move|p1a: Excadrill|Iron Head|p2a: AQUA VITAE
|-resisted|p2a: AQUA VITAE
|-damage|p2a: AQUA VITAE|0 fnt
|faint|p2a: AQUA VITAE
|
|-weather|RainDance|[upkeep]
|-fieldend|move: Psychic Terrain
|upkeep
|
|t:|1664128818
|switch|p2a: TOOLS OF WAR|Zapdos-Galar|88/100
|turn|34
|
|t:|1664128825
|switch|p2a: ELECTRA HEART|Tapu Lele|55/100
|-fieldstart|move: Psychic Terrain|[from] ability: Psychic Surge|[of] p2a: ELECTRA HEART
|switch|p1a: Zapdos|Zapdos|92/100
|
|-weather|RainDance|[upkeep]
|upkeep
|turn|35
|inactive|black thunderbolt has 210 seconds left.
|inactive|black thunderbolt has 180 seconds left.
|
|t:|1664128901
|switch|p1a: Urshifu|Urshifu-Rapid-Strike, M|74/100
|move|p2a: ELECTRA HEART|Moonblast|p1a: Urshifu
|-supereffective|p1a: Urshifu
|-damage|p1a: Urshifu|0 fnt
|faint|p1a: Urshifu
|
|-weather|RainDance|[upkeep]
|upkeep
|
|t:|1664128921
|switch|p1a: Excadrill|Excadrill, M|59/100
|turn|36
|
|t:|1664128924
|switch|p2a: BIRMINGHAM CLIMAX|Landorus-Therian, M|55/100
|-ability|p2a: BIRMINGHAM CLIMAX|Intimidate|boost
|-unboost|p1a: Excadrill|atk|1
|move|p1a: Excadrill|Iron Head|p2a: BIRMINGHAM CLIMAX
|-damage|p2a: BIRMINGHAM CLIMAX|10/100
|
|-weather|none
|-heal|p2a: BIRMINGHAM CLIMAX|16/100|[from] item: Leftovers
|upkeep
|turn|37
|inactive|black thunderbolt has 150 seconds left.
|
|t:|1664128961
|move|p1a: Excadrill|Iron Head|p2a: BIRMINGHAM CLIMAX
|-crit|p2a: BIRMINGHAM CLIMAX
|-damage|p2a: BIRMINGHAM CLIMAX|0 fnt
|faint|p2a: BIRMINGHAM CLIMAX
|
|upkeep
|
|t:|1664128968
|switch|p2a: TOOLS OF WAR|Zapdos-Galar|88/100
|turn|38
|inactive|black thunderbolt has 150 seconds left.
|
|t:|1664128976
|switch|p2a: ELECTRA HEART|Tapu Lele|55/100
|switch|p1a: Tyranitar|Tyranitar, M|100/100
|-weather|Sandstorm|[from] ability: Sand Stream|[of] p1a: Tyranitar
|
|-weather|Sandstorm|[upkeep]
|-damage|p2a: ELECTRA HEART|49/100|[from] Sandstorm
|-fieldend|move: Psychic Terrain
|upkeep
|turn|39
|
|t:|1664128985
|move|p2a: ELECTRA HEART|Moonblast|p1a: Tyranitar
|-supereffective|p1a: Tyranitar
|-damage|p1a: Tyranitar|26/100
|move|p1a: Tyranitar|Ice Punch|p2a: ELECTRA HEART
|-damage|p2a: ELECTRA HEART|0 fnt
|faint|p2a: ELECTRA HEART
|
|-weather|Sandstorm|[upkeep]
|upkeep
|c|☆Goinflex|gg
|-message|Goinflex forfeited.
|
|win|black thunderbolt
|l|☆Goinflex
|c|☆black thunderbolt|gg
|l| Vieux Aigri
|l| PyProd.
