|html|<div class="broadcast-blue"><strong>[Gen 8] OU is currently suspecting Melmetal! For information on how to participate check out the <a href="https://www.smogon.com/forums/threads/np-ss-ou-suspect-process-round-12-monster-mash.3709234/">suspect thread</a>.</strong></div>
|j|☆ez
|j|‽BLOODCLAT
|t:|1665934641
|gametype|singles
|player|p1|ez|#scl2platoon|
|player|p2|BLOODCLAT|hoopster|
|teamsize|p1|6
|teamsize|p2|6
|gen|8
|tier|[Gen 8] OU
|rule|Sleep Clause Mod: Limit one foe put to sleep
|rule|Species Clause: Limit one of each Pokémon
|rule|OHKO Clause: OHKO moves are banned
|rule|Evasion Items Clause: Evasion items are banned
|rule|Evasion Moves Clause: Evasion moves are banned
|rule|Endless Battle Clause: Forcing endless battles is banned
|rule|HP Percentage Mod: HP is shown in percentages
|rule|Dynamax Clause: You cannot dynamax
|clearpoke
|poke|p1|Tornadus-Therian, M|
|poke|p1|Garchomp, F|
|poke|p1|Weavile, M|
|poke|p1|Rotom-Wash|
|poke|p1|Ferrothorn, M|
|poke|p1|Clefable, M|
|poke|p2|Mamoswine, M|
|poke|p2|Urshifu-*, F|
|poke|p2|Kartana|
|poke|p2|Dragonite, F|
|poke|p2|Heatran, F|
|poke|p2|Moltres-Galar|
|teampreview
|c|☆ez|hf
|inactive|Battle timer is ON: inactive players will automatically lose when time's up. (requested by ez)
|j| Prof.Maxou
|inactive|ez has 270 seconds left.
|inactive|BLOODCLAT has 270 seconds left.
|inactive|ez has 240 seconds left.
|inactive|BLOODCLAT has 240 seconds left.
|j| Lucians Call
|inactive|BLOODCLAT has 210 seconds left.
|inactive|ez has 210 seconds left.
|j| pokeproStall
|inactive|BLOODCLAT has 180 seconds left.
|
|t:|1665934788
|start
|switch|p1a: Tornadus|Tornadus-Therian, M|100/100
|switch|p2a: Heatran|Heatran, F|100/100
|turn|1
|
|t:|1665934793
|move|p1a: Tornadus|Taunt|p2a: Heatran
|-start|p2a: Heatran|move: Taunt
|cant|p2a: Heatran|move: Taunt|Toxic
|
|upkeep
|turn|2
|
|t:|1665934797
|move|p1a: Tornadus|Knock Off|p2a: Heatran
|-damage|p2a: Heatran|83/100
|-enditem|p2a: Heatran|Leftovers|[from] move: Knock Off|[of] p1a: Tornadus
|move|p2a: Heatran|Magma Storm|p1a: Tornadus
|-damage|p1a: Tornadus|60/100
|-activate|p1a: Tornadus|move: Magma Storm|[of] p2a: Heatran
|
|-damage|p1a: Tornadus|47/100|[from] move: Magma Storm|[partiallytrapped]
|upkeep
|turn|3
|
|t:|1665934801
|move|p1a: Tornadus|U-turn|p2a: Heatran
|-resisted|p2a: Heatran
|-damage|p2a: Heatran|81/100
|
|t:|1665934804
|switch|p1a: Garchomp|Garchomp, F|100/100|[from]move: U-turn
|move|p2a: Heatran|Magma Storm|p1a: Garchomp|[miss]
|-miss|p2a: Heatran|p1a: Garchomp
|
|-end|p2a: Heatran|move: Taunt
|upkeep
|turn|4
|l| pokeproStall
|inactive|BLOODCLAT has 270 seconds left.
|inactive|ez has 270 seconds left.
|inactive|BLOODCLAT has 240 seconds left.
|inactive|ez has 240 seconds left.
|inactive|BLOODCLAT has 210 seconds left.
|
|t:|1665934884
|switch|p2a: Mamoswine|Mamoswine, M|100/100
|move|p1a: Garchomp|Toxic|p2a: Mamoswine
|-status|p2a: Mamoswine|tox
|
|-damage|p2a: Mamoswine|94/100 tox|[from] psn
|upkeep
|turn|5
|
|t:|1665934890
|move|p1a: Garchomp|Protect|p1a: Garchomp
|-singleturn|p1a: Garchomp|Protect
|move|p2a: Mamoswine|Icicle Crash|p1a: Garchomp
|-activate|p1a: Garchomp|move: Protect
|
|-damage|p2a: Mamoswine|82/100 tox|[from] psn
|upkeep
|turn|6
|inactive|BLOODCLAT has 210 seconds left.
|
|t:|1665934918
|switch|p2a: Heatran|Heatran, F|81/100
|switch|p1a: Rotom|Rotom-Wash|100/100
|
|upkeep
|turn|7
|
|t:|1665934925
|move|p1a: Rotom|Hydro Pump|p2a: Heatran
|-supereffective|p2a: Heatran
|-damage|p2a: Heatran|17/100
|move|p2a: Heatran|Toxic|p1a: Rotom
|-status|p1a: Rotom|tox
|
|-damage|p1a: Rotom|94/100 tox|[from] psn
|upkeep
|turn|8
|inactive|ez has 240 seconds left.
|inactive|BLOODCLAT has 210 seconds left.
|
|t:|1665934932
|switch|p2a: Mamoswine|Mamoswine, M|82/100 tox
|move|p1a: Rotom|Discharge|p2a: Mamoswine
|-immune|p2a: Mamoswine
|
|-heal|p1a: Rotom|100/100 tox|[from] item: Leftovers
|-damage|p2a: Mamoswine|76/100 tox|[from] psn
|-damage|p1a: Rotom|88/100 tox|[from] psn
|upkeep
|turn|9
|j| pokeproStall
|inactive|ez has 240 seconds left.
|inactive|BLOODCLAT has 210 seconds left.
|
|t:|1665934957
|switch|p2a: Dragonite|Dragonite, F|100/100
|switch|p1a: Clefable|Clefable, M|100/100
|
|upkeep
|turn|10
|
|t:|1665934973
|switch|p2a: Heatran|Heatran, F|17/100
|switch|p1a: Garchomp|Garchomp, F|100/100
|
|upkeep
|turn|11
|
|t:|1665934987
|switch|p2a: Urshifu|Urshifu-Rapid-Strike, F|100/100
|move|p1a: Garchomp|Stealth Rock|p2a: Urshifu
|-sidestart|p2: BLOODCLAT|move: Stealth Rock
|
|upkeep
|turn|12
|inactive|ez has 240 seconds left.
|
|t:|1665935003
|switch|p1a: Clefable|Clefable, M|100/100
|move|p2a: Urshifu|Ice Punch|p1a: Clefable
|-damage|p1a: Clefable|78/100
|
|-heal|p1a: Clefable|84/100|[from] item: Leftovers
|upkeep
|turn|13
|inactive|ez has 240 seconds left.
|inactive|BLOODCLAT has 180 seconds left.
|
|t:|1665935043
|move|p2a: Urshifu|U-turn|p1a: Clefable
|-resisted|p1a: Clefable
|-damage|p1a: Clefable|73/100
|inactive|BLOODCLAT has 150 seconds left.
|
|t:|1665935069
|switch|p2a: Heatran|Heatran, F|17/100|[from]move: U-turn
|-damage|p2a: Heatran|4/100|[from] Stealth Rock
|move|p1a: Clefable|Moonblast|p2a: Heatran
|-resisted|p2a: Heatran
|-crit|p2a: Heatran
|-damage|p2a: Heatran|0 fnt
|faint|p2a: Heatran
|
|-heal|p1a: Clefable|79/100|[from] item: Leftovers
|upkeep
|inactive|BLOODCLAT has 150 seconds left.
|
|t:|1665935084
|switch|p2a: Moltres|Moltres-Galar|100/100
|turn|14
|
|t:|1665935091
|switch|p1a: Weavile|Weavile, M|100/100
|-ability|p1a: Weavile|Pressure
|move|p2a: Moltres|Hurricane|p1a: Weavile
|-damage|p1a: Weavile|21/100
|
|upkeep
|turn|15
|
|t:|1665935098
|switch|p2a: Urshifu|Urshifu-Rapid-Strike, F|100/100
|-damage|p2a: Urshifu|94/100|[from] Stealth Rock
|move|p1a: Weavile|Triple Axel|p2a: Urshifu|[miss]
|-miss|p1a: Weavile|p2a: Urshifu
|
|upkeep
|turn|16
|
|t:|1665935108
|switch|p1a: Rotom|Rotom-Wash|88/100 tox
|move|p2a: Urshifu|Surging Strikes|p1a: Rotom
|-resisted|p1a: Rotom
|-crit|p1a: Rotom
|-damage|p1a: Rotom|75/100 tox
|-resisted|p1a: Rotom
|-crit|p1a: Rotom
|-damage|p1a: Rotom|64/100 tox
|-resisted|p1a: Rotom
|-crit|p1a: Rotom
|-damage|p1a: Rotom|52/100 tox
|-hitcount|p1a: Rotom|3
|
|-heal|p1a: Rotom|59/100 tox|[from] item: Leftovers
|-damage|p1a: Rotom|52/100 tox|[from] psn
|upkeep
|turn|17
|
|t:|1665935114
|switch|p1a: Tornadus|Tornadus-Therian, M|81/100
|move|p2a: Urshifu|Close Combat|p1a: Tornadus
|-resisted|p1a: Tornadus
|-damage|p1a: Tornadus|47/100
|-unboost|p2a: Urshifu|def|1
|-unboost|p2a: Urshifu|spd|1
|
|upkeep
|turn|18
|
|t:|1665935142
|switch|p2a: Mamoswine|Mamoswine, M|76/100 tox
|-damage|p2a: Mamoswine|64/100 tox|[from] Stealth Rock
|move|p1a: Tornadus|U-turn|p2a: Mamoswine
|-damage|p2a: Mamoswine|46/100 tox
|inactive|ez has 270 seconds left.
|inactive|ez has 240 seconds left.
|
|t:|1665935204
|switch|p1a: Weavile|Weavile, M|21/100|[from]move: U-turn
|-ability|p1a: Weavile|Pressure
|
|-damage|p2a: Mamoswine|40/100 tox|[from] psn
|upkeep
|turn|19
|
|t:|1665935211
|switch|p2a: Urshifu|Urshifu-Rapid-Strike, F|94/100
|-damage|p2a: Urshifu|88/100|[from] Stealth Rock
|move|p1a: Weavile|Knock Off|p2a: Urshifu
|-resisted|p2a: Urshifu
|-damage|p2a: Urshifu|63/100
|-enditem|p2a: Urshifu|Protective Pads|[from] move: Knock Off|[of] p1a: Weavile
|
|upkeep
|turn|20
|
|t:|1665935227
|switch|p1a: Rotom|Rotom-Wash|52/100 tox
|move|p2a: Urshifu|Close Combat|p1a: Rotom
|-damage|p1a: Rotom|0 fnt
|-unboost|p2a: Urshifu|def|1
|-unboost|p2a: Urshifu|spd|1
|faint|p1a: Rotom
|
|upkeep
|
|t:|1665935245
|switch|p1a: Clefable|Clefable, M|79/100
|turn|21
|
|t:|1665935266
|move|p2a: Urshifu|U-turn|p1a: Clefable
|-resisted|p1a: Clefable
|-damage|p1a: Clefable|68/100
|
|t:|1665935267
|switch|p2a: Mamoswine|Mamoswine, M|40/100 tox|[from]move: U-turn
|-damage|p2a: Mamoswine|28/100 tox|[from] Stealth Rock
|move|p1a: Clefable|Moonblast|p2a: Mamoswine
|-damage|p2a: Mamoswine|0 fnt
|faint|p2a: Mamoswine
|
|-heal|p1a: Clefable|74/100|[from] item: Leftovers
|upkeep
|
|t:|1665935271
|switch|p2a: Moltres|Moltres-Galar|100/100
|turn|22
|
|t:|1665935278
|switch|p1a: Garchomp|Garchomp, F|100/100
|move|p2a: Moltres|Nasty Plot|p2a: Moltres
|-boost|p2a: Moltres|spa|2
|
|upkeep
|turn|23
|inactive|BLOODCLAT has 150 seconds left.
|
|t:|1665935310
|move|p1a: Garchomp|Toxic|p2a: Moltres
|-status|p2a: Moltres|tox
|move|p2a: Moltres|Hurricane|p1a: Garchomp
|-damage|p1a: Garchomp|29/100
|-start|p1a: Garchomp|confusion
|
|-heal|p1a: Garchomp|35/100|[from] item: Leftovers
|-damage|p2a: Moltres|94/100 tox|[from] psn
|upkeep
|turn|24
|inactive|BLOODCLAT has 150 seconds left.
|
|t:|1665935328
|-activate|p1a: Garchomp|confusion
|move|p1a: Garchomp|Earthquake|p2a: Moltres
|-immune|p2a: Moltres
|move|p2a: Moltres|Agility|p2a: Moltres
|-boost|p2a: Moltres|spe|2
|
|-heal|p1a: Garchomp|41/100|[from] item: Leftovers
|-damage|p2a: Moltres|82/100 tox|[from] psn
|upkeep
|turn|25
|inactive|BLOODCLAT has 150 seconds left.
|
|t:|1665935334
|-activate|p1a: Garchomp|confusion
|move|p1a: Garchomp|Protect|p1a: Garchomp
|-singleturn|p1a: Garchomp|Protect
|move|p2a: Moltres|Nasty Plot|p2a: Moltres
|-boost|p2a: Moltres|spa|2
|
|-heal|p1a: Garchomp|47/100|[from] item: Leftovers
|-damage|p2a: Moltres|64/100 tox|[from] psn
|upkeep
|turn|26
|inactive|ez has 270 seconds left.
|
|t:|1665935351
|move|p2a: Moltres|Fiery Wrath|p1a: Garchomp
|-damage|p1a: Garchomp|0 fnt
|faint|p1a: Garchomp
|
|-damage|p2a: Moltres|39/100 tox|[from] psn
|upkeep
|
|t:|1665935355
|switch|p1a: Weavile|Weavile, M|21/100
|-ability|p1a: Weavile|Pressure
|turn|27
|
|t:|1665935378
|switch|p2a: Urshifu|Urshifu-Rapid-Strike, F|63/100
|-damage|p2a: Urshifu|57/100|[from] Stealth Rock
|move|p1a: Weavile|Ice Shard|p2a: Urshifu
|-resisted|p2a: Urshifu
|-damage|p2a: Urshifu|46/100
|
|upkeep
|turn|28
|inactive|BLOODCLAT has 150 seconds left.
|
|t:|1665935399
|switch|p1a: Tornadus|Tornadus-Therian, M|80/100
|move|p2a: Urshifu|Close Combat|p1a: Tornadus
|-resisted|p1a: Tornadus
|-damage|p1a: Tornadus|45/100
|-unboost|p2a: Urshifu|def|1
|-unboost|p2a: Urshifu|spd|1
|
|upkeep
|turn|29
|
|t:|1665935409
|move|p1a: Tornadus|U-turn|p2a: Urshifu
|-resisted|p2a: Urshifu
|-damage|p2a: Urshifu|36/100
|
|t:|1665935410
|switch|p1a: Ferrothorn|Ferrothorn, M|100/100|[from]move: U-turn
|move|p2a: Urshifu|Close Combat|p1a: Ferrothorn
|-supereffective|p1a: Ferrothorn
|-crit|p1a: Ferrothorn
|-damage|p1a: Ferrothorn|0 fnt
|-unboost|p2a: Urshifu|def|1
|-unboost|p2a: Urshifu|spd|1
|-damage|p2a: Urshifu|24/100|[from] ability: Iron Barbs|[of] p1a: Ferrothorn
|-damage|p2a: Urshifu|7/100|[from] item: Rocky Helmet|[of] p1a: Ferrothorn
|faint|p1a: Ferrothorn
|
|upkeep
|
|t:|1665935419
|switch|p1a: Tornadus|Tornadus-Therian, M|78/100
|turn|30
|
|t:|1665935445
|switch|p2a: Moltres|Moltres-Galar|39/100 tox
|move|p1a: Tornadus|U-turn|p2a: Moltres
|-crit|p2a: Moltres
|-damage|p2a: Moltres|15/100 tox
|inactive|ez has 270 seconds left.
|
|t:|1665935456
|switch|p1a: Clefable|Clefable, M|74/100|[from]move: U-turn
|
|-heal|p1a: Clefable|80/100|[from] item: Leftovers
|-damage|p2a: Moltres|9/100 tox|[from] psn
|upkeep
|turn|31
|
|t:|1665935479
|switch|p2a: Urshifu|Urshifu-Rapid-Strike, F|7/100
|-damage|p2a: Urshifu|1/100|[from] Stealth Rock
|move|p1a: Clefable|Soft-Boiled|p1a: Clefable
|-heal|p1a: Clefable|100/100
|
|upkeep
|turn|32
|
|t:|1665935482
|switch|p1a: Tornadus|Tornadus-Therian, M|100/100
|move|p2a: Urshifu|Surging Strikes|p1a: Tornadus
|-crit|p1a: Tornadus
|-damage|p1a: Tornadus|76/100
|-crit|p1a: Tornadus
|-damage|p1a: Tornadus|51/100
|-crit|p1a: Tornadus
|-damage|p1a: Tornadus|28/100
|-hitcount|p1a: Tornadus|3
|
|upkeep
|turn|33
|
|t:|1665935495
|move|p1a: Tornadus|U-turn|p2a: Urshifu
|-resisted|p2a: Urshifu
|-damage|p2a: Urshifu|0 fnt
|faint|p2a: Urshifu
|
|t:|1665935497
|switch|p1a: Clefable|Clefable, M|100/100|[from]move: U-turn
|
|upkeep
|inactive|BLOODCLAT has 180 seconds left.
|
|t:|1665935509
|switch|p2a: Dragonite|Dragonite, F|100/100
|turn|34
|
|t:|1665935514
|move|p2a: Dragonite|Dragon Dance|p2a: Dragonite
|-boost|p2a: Dragonite|atk|1
|-boost|p2a: Dragonite|spe|1
|move|p1a: Clefable|Moonblast|p2a: Dragonite
|-supereffective|p2a: Dragonite
|-damage|p2a: Dragonite|69/100
|
|upkeep
|turn|35
|
|t:|1665935527
|move|p2a: Dragonite|Dual Wingbeat|p1a: Clefable|[miss]
|-miss|p2a: Dragonite|p1a: Clefable
|move|p1a: Clefable|Moonblast|p2a: Dragonite
|-supereffective|p2a: Dragonite
|-damage|p2a: Dragonite|2/100
|
|upkeep
|turn|36
|inactive|ez has 270 seconds left.
|
|t:|1665935560
|move|p2a: Dragonite|Dual Wingbeat|p1a: Clefable
|-damage|p1a: Clefable|72/100
|-damage|p1a: Clefable|44/100
|-hitcount|p1a: Clefable|2
|move|p1a: Clefable|Moonblast|p2a: Dragonite
|-supereffective|p2a: Dragonite
|-damage|p2a: Dragonite|0 fnt
|faint|p2a: Dragonite
|
|-heal|p1a: Clefable|50/100|[from] item: Leftovers
|upkeep
|inactive|BLOODCLAT has 210 seconds left.
|
|t:|1665935567
|switch|p2a: Kartana|Kartana|100/100
|-damage|p2a: Kartana|94/100|[from] Stealth Rock
|turn|37
|c| Lucians Call|packwatch
|inactive|ez has 270 seconds left.
|
|t:|1665935591
|move|p2a: Kartana|Smart Strike|p1a: Clefable
|-supereffective|p1a: Clefable
|-damage|p1a: Clefable|0 fnt
|faint|p1a: Clefable
|-ability|p2a: Kartana|Beast Boost|boost
|-boost|p2a: Kartana|atk|1
|
|upkeep
|
|t:|1665935593
|switch|p1a: Tornadus|Tornadus-Therian, M|61/100
|turn|38
|
|t:|1665935596
|switch|p1a: Weavile|Weavile, M|21/100
|-ability|p1a: Weavile|Pressure
|move|p2a: Kartana|Smart Strike|p1a: Weavile
|-supereffective|p1a: Weavile
|-damage|p1a: Weavile|0 fnt
|faint|p1a: Weavile
|-ability|p2a: Kartana|Beast Boost|boost
|-boost|p2a: Kartana|atk|1
|
|upkeep
|
|t:|1665935598
|switch|p1a: Tornadus|Tornadus-Therian, M|94/100
|turn|39
|
|t:|1665935599
|move|p2a: Kartana|Smart Strike|p1a: Tornadus
|-damage|p1a: Tornadus|0 fnt
|faint|p1a: Tornadus
|
|win|BLOODCLAT
|c|☆ez|gg
