|html|<div class="broadcast-blue"><strong>[Gen 8] OU is currently suspecting Kyurem! For information on how to participate check out the <a href="https://www.smogon.com/forums/threads/np-ss-ou-suspect-process-round-11-break-the-ice.3694129/">suspect thread</a>.</strong></div>
|j|☆LudwigFrog
|j|☆woodey
|t:|1638225760
|gametype|singles
|player|p1|LudwigFrog|hilbert-wonderlauncher|1552
|player|p2|woodey|marshal|1478
|teamsize|p1|6
|teamsize|p2|6
|gen|8
|tier|[Gen 8] OU
|rated|
|rule|Sleep Clause Mod: Limit one foe put to sleep
|rule|Species Clause: Limit one of each Pokémon
|rule|OHKO Clause: OHKO moves are banned
|rule|Evasion Moves Clause: Evasion moves are banned
|rule|Endless Battle Clause: Forcing endless battles is banned
|rule|HP Percentage Mod: HP is shown in percentages
|rule|Dynamax Clause: You cannot dynamax
|clearpoke
|poke|p1|Dragonite, M|
|poke|p1|Magnezone|
|poke|p1|Corviknight, M|
|poke|p1|Tapu Fini|
|poke|p1|Kartana|
|poke|p1|Garchomp, F|
|poke|p2|Tapu Koko|
|poke|p2|Ferrothorn, F|
|poke|p2|Slowbro, F|
|poke|p2|Tapu Lele|
|poke|p2|Magnezone|
|poke|p2|Garchomp, M|
|teampreview
|inactive|Battle timer is ON: inactive players will automatically lose when time's up. (requested by LudwigFrog)
|
|t:|1638225780
|start
|switch|p1a: Dragonite|Dragonite, M|100/100
|switch|p2a: Tapu Koko|Tapu Koko|100/100
|-fieldstart|move: Electric Terrain|[from] ability: Electric Surge|[of] p2a: Tapu Koko
|turn|1
|
|t:|1638225783
|move|p2a: Tapu Koko|Dazzling Gleam|p1a: Dragonite
|-supereffective|p1a: Dragonite
|-damage|p1a: Dragonite|50/100
|move|p1a: Dragonite|Earthquake|p2a: Tapu Koko
|-supereffective|p2a: Tapu Koko
|-damage|p2a: Tapu Koko|0 fnt
|faint|p2a: Tapu Koko
|
|upkeep
|
|t:|1638225791
|switch|p2a: Garchomp|Garchomp, M|100/100
|turn|2
|
|t:|1638225794
|switch|p1a: Tapu Fini|Tapu Fini|100/100
|-fieldstart|move: Misty Terrain|[from] ability: Misty Surge|[of] p1a: Tapu Fini
|move|p2a: Garchomp|Swords Dance|p2a: Garchomp
|-boost|p2a: Garchomp|atk|2
|
|upkeep
|turn|3
|
|t:|1638225798
|move|p2a: Garchomp|Earthquake|p1a: Tapu Fini
|-damage|p1a: Tapu Fini|28/100
|move|p1a: Tapu Fini|Draining Kiss|p2a: Garchomp
|-supereffective|p2a: Garchomp
|-damage|p2a: Garchomp|63/100
|-heal|p1a: Tapu Fini|57/100|[from] drain|[of] p2a: Garchomp
|-damage|p1a: Tapu Fini|45/100|[from] ability: Rough Skin|[of] p2a: Garchomp
|
|-heal|p1a: Tapu Fini|51/100|[from] item: Leftovers
|upkeep
|turn|4
|
|t:|1638225802
|switch|p1a: Corviknight|Corviknight, M|100/100
|-ability|p1a: Corviknight|Pressure
|move|p2a: Garchomp|Earthquake|p1a: Corviknight
|-immune|p1a: Corviknight
|
|upkeep
|turn|5
|
|t:|1638225807
|move|p2a: Garchomp|Swords Dance|p2a: Garchomp
|-boost|p2a: Garchomp|atk|2
|move|p1a: Corviknight|U-turn|p2a: Garchomp
|-damage|p2a: Garchomp|49/100
|-damage|p1a: Corviknight|88/100|[from] ability: Rough Skin|[of] p2a: Garchomp
|
|t:|1638225810
|switch|p1a: Kartana|Kartana|100/100|[from]move: U-turn
|
|upkeep
|turn|6
|
|t:|1638225816
|switch|p2a: Magnezone|Magnezone|100/100
|move|p1a: Kartana|Leaf Blade|p2a: Magnezone
|-resisted|p2a: Magnezone
|-damage|p2a: Magnezone|67/100
|
|-fieldend|Misty Terrain
|upkeep
|turn|7
|
|t:|1638225822
|move|p1a: Kartana|Leaf Blade|p2a: Magnezone
|-resisted|p2a: Magnezone
|-crit|p2a: Magnezone
|-damage|p2a: Magnezone|14/100
|move|p2a: Magnezone|Thunderbolt|p1a: Kartana
|-resisted|p1a: Kartana
|-damage|p1a: Kartana|22/100
|
|upkeep
|turn|8
|
|t:|1638225829
|switch|p2a: Ferrothorn|Ferrothorn, F|100/100
|move|p1a: Kartana|Leaf Blade|p2a: Ferrothorn
|-resisted|p2a: Ferrothorn
|-damage|p2a: Ferrothorn|89/100
|-damage|p1a: Kartana|9/100|[from] ability: Iron Barbs|[of] p2a: Ferrothorn
|
|-heal|p2a: Ferrothorn|95/100|[from] item: Leftovers
|upkeep
|turn|9
|
|t:|1638225833
|switch|p1a: Magnezone|Magnezone|100/100
|move|p2a: Ferrothorn|Spikes|p1a: Magnezone
|-sidestart|p1: LudwigFrog|Spikes
|
|-heal|p2a: Ferrothorn|100/100|[from] item: Leftovers
|upkeep
|turn|10
|
|t:|1638225839
|move|p1a: Magnezone|Iron Defense|p1a: Magnezone
|-boost|p1a: Magnezone|def|2
|move|p2a: Ferrothorn|Spikes|p1a: Magnezone
|-sidestart|p1: LudwigFrog|Spikes
|
|upkeep
|turn|11
|
|t:|1638225842
|move|p1a: Magnezone|Iron Defense|p1a: Magnezone
|-boost|p1a: Magnezone|def|2
|move|p2a: Ferrothorn|Spikes|p1a: Magnezone
|-sidestart|p1: LudwigFrog|Spikes
|
|upkeep
|turn|12
|
|t:|1638225844
|move|p1a: Magnezone|Body Press|p2a: Ferrothorn
|-supereffective|p2a: Ferrothorn
|-damage|p2a: Ferrothorn|0 fnt
|-damage|p1a: Magnezone|88/100|[from] ability: Iron Barbs|[of] p2a: Ferrothorn
|faint|p2a: Ferrothorn
|
|upkeep
|
|t:|1638225845
|switch|p2a: Garchomp|Garchomp, M|49/100
|turn|13
|
|t:|1638225851
|move|p2a: Garchomp|Earthquake|p1a: Magnezone
|-supereffective|p1a: Magnezone
|-damage|p1a: Magnezone|33/100
|move|p1a: Magnezone|Body Press|p2a: Garchomp
|-damage|p2a: Garchomp|0 fnt
|-damage|p1a: Magnezone|20/100|[from] ability: Rough Skin|[of] p2a: Garchomp
|faint|p2a: Garchomp
|
|upkeep
|
|t:|1638225861
|switch|p2a: Tapu Lele|Tapu Lele|100/100
|-fieldstart|move: Psychic Terrain|[from] ability: Psychic Surge|[of] p2a: Tapu Lele
|turn|14
|
|t:|1638225864
|move|p2a: Tapu Lele|Moonblast|p1a: Magnezone
|-resisted|p1a: Magnezone
|-damage|p1a: Magnezone|0 fnt
|faint|p1a: Magnezone
|
|upkeep
|
|t:|1638225867
|switch|p1a: Corviknight|Corviknight, M|88/100
|-ability|p1a: Corviknight|Pressure
|turn|15
|
|t:|1638225870
|switch|p2a: Magnezone|Magnezone|14/100
|move|p1a: Corviknight|Defog|p2a: Magnezone
|-unboost|p2a: Magnezone|evasion|1
|-sideend|p1: LudwigFrog|Spikes|[from] move: Defog|[of] p1a: Corviknight
|-fieldend|move: Psychic Terrain
|
|-heal|p1a: Corviknight|94/100|[from] item: Leftovers
|upkeep
|turn|16
|
|t:|1638225875
|move|p2a: Magnezone|Thunderbolt|p1a: Corviknight
|-supereffective|p1a: Corviknight
|-damage|p1a: Corviknight|30/100
|move|p1a: Corviknight|U-turn|p2a: Magnezone
|-resisted|p2a: Magnezone
|-damage|p2a: Magnezone|6/100
|
|t:|1638225879
|switch|p1a: Garchomp|Garchomp, F|100/100|[from]move: U-turn
|
|upkeep
|turn|17
|
|t:|1638225883
|switch|p2a: Slowbro|Slowbro, F|100/100
|move|p1a: Garchomp|Earthquake|p2a: Slowbro
|-damage|p2a: Slowbro|74/100
|
|upkeep
|turn|18
|
|t:|1638225887
|move|p1a: Garchomp|Toxic|p2a: Slowbro
|-status|p2a: Slowbro|tox
|move|p2a: Slowbro|Ice Beam|p1a: Garchomp
|-supereffective|p1a: Garchomp
|-damage|p1a: Garchomp|40/100
|
|-heal|p1a: Garchomp|47/100|[from] item: Leftovers
|-damage|p2a: Slowbro|68/100 tox|[from] psn
|upkeep
|turn|19
|
|t:|1638225895
|move|p1a: Garchomp|Stealth Rock|p2a: Slowbro
|-sidestart|p2: woodey|move: Stealth Rock
|move|p2a: Slowbro|Ice Beam|p1a: Garchomp
|-supereffective|p1a: Garchomp
|-damage|p1a: Garchomp|0 fnt
|faint|p1a: Garchomp
|
|-damage|p2a: Slowbro|55/100 tox|[from] psn
|upkeep
|
|t:|1638225899
|switch|p1a: Tapu Fini|Tapu Fini|51/100
|-fieldstart|move: Misty Terrain|[from] ability: Misty Surge|[of] p1a: Tapu Fini
|turn|20
|
|t:|1638225903
|switch|p2a: Tapu Lele|Tapu Lele|100/100
|-damage|p2a: Tapu Lele|88/100|[from] Stealth Rock
|-fieldstart|move: Psychic Terrain|[from] ability: Psychic Surge|[of] p2a: Tapu Lele
|move|p1a: Tapu Fini|Draining Kiss|p2a: Tapu Lele
|-damage|p2a: Tapu Lele|70/100
|-heal|p1a: Tapu Fini|62/100|[from] drain|[of] p2a: Tapu Lele
|
|-heal|p1a: Tapu Fini|68/100|[from] item: Leftovers
|upkeep
|turn|21
|
|t:|1638225907
|move|p2a: Tapu Lele|Thunderbolt|p1a: Tapu Fini
|-supereffective|p1a: Tapu Fini
|-damage|p1a: Tapu Fini|19/100
|-status|p1a: Tapu Fini|par
|cant|p1a: Tapu Fini|par
|
|-heal|p1a: Tapu Fini|25/100 par|[from] item: Leftovers
|upkeep
|turn|22
|
|t:|1638225910
|move|p2a: Tapu Lele|Thunderbolt|p1a: Tapu Fini
|-supereffective|p1a: Tapu Fini
|-damage|p1a: Tapu Fini|0 fnt
|faint|p1a: Tapu Fini
|
|upkeep
|
|t:|1638225912
|switch|p1a: Kartana|Kartana|9/100
|turn|23
|
|t:|1638225915
|switch|p2a: Slowbro|Slowbro, F|89/100 tox
|-damage|p2a: Slowbro|76/100 tox|[from] Stealth Rock
|move|p1a: Kartana|Leaf Blade|p2a: Slowbro
|-supereffective|p2a: Slowbro
|-damage|p2a: Slowbro|2/100 tox
|-damage|p1a: Kartana|0 fnt|[from] item: Rocky Helmet|[of] p2a: Slowbro
|faint|p1a: Kartana
|
|-damage|p2a: Slowbro|0 fnt|[from] psn
|faint|p2a: Slowbro
|upkeep
|
|t:|1638225928
|switch|p1a: Corviknight|Corviknight, M|30/100
|switch|p2a: Tapu Lele|Tapu Lele|70/100
|-damage|p2a: Tapu Lele|57/100|[from] Stealth Rock
|-ability|p1a: Corviknight|Pressure
|turn|24
|
|t:|1638225931
|move|p2a: Tapu Lele|Thunderbolt|p1a: Corviknight
|-supereffective|p1a: Corviknight
|-damage|p1a: Corviknight|0 fnt
|faint|p1a: Corviknight
|
|-fieldend|move: Psychic Terrain
|upkeep
|
|t:|1638225933
|switch|p1a: Dragonite|Dragonite, M|50/100
|turn|25
|
|t:|1638225935
|switch|p2a: Magnezone|Magnezone|6/100
|-damage|p2a: Magnezone|0 fnt|[from] Stealth Rock
|faint|p2a: Magnezone
|move|p1a: Dragonite|Extreme Speed|p2: Magnezone|[notarget]
|-fail|p1a: Dragonite
|
|upkeep
|
|t:|1638225936
|switch|p2a: Tapu Lele|Tapu Lele|57/100
|-damage|p2a: Tapu Lele|45/100|[from] Stealth Rock
|-fieldstart|move: Psychic Terrain|[from] ability: Psychic Surge|[of] p2a: Tapu Lele
|turn|26
|
|t:|1638225938
|move|p1a: Dragonite|Extreme Speed|p2a: Tapu Lele
|-activate|p2a: Tapu Lele|move: Psychic Terrain
|move|p2a: Tapu Lele|Moonblast|p1a: Dragonite
|-supereffective|p1a: Dragonite
|-damage|p1a: Dragonite|0 fnt
|faint|p1a: Dragonite
|
|win|woodey
|raw|LudwigFrog's rating: 1552 &rarr; <strong>1528</strong><br />(-24 for losing)
|raw|woodey's rating: 1478 &rarr; <strong>1502</strong><br />(+24 for winning)
|l|☆LudwigFrog
