|j|☆Partynparadise
|j|☆gaenisalbino
|t:|1631280848
|gametype|singles
|player|p1|Partynparadise|266|1391
|player|p2|gaenisalbino|169|1461
|teamsize|p1|6
|teamsize|p2|6
|gen|8
|tier|[Gen 8] OU
|rated|
|rule|Sleep Clause Mod: Limit one foe put to sleep
|rule|Species Clause: Limit one of each Pokémon
|rule|OHKO Clause: OHKO moves are banned
|rule|Evasion Moves Clause: Evasion moves are banned
|rule|Endless Battle Clause: Forcing endless battles is banned
|rule|HP Percentage Mod: HP is shown in percentages
|rule|Dynamax Clause: You cannot dynamax
|clearpoke
|poke|p1|Dragapult, M|
|poke|p1|Ferrothorn, F|
|poke|p1|Buzzwole|
|poke|p1|Blissey, F|
|poke|p1|Zoroark, F|
|poke|p1|Slowking, M|
|poke|p2|Landorus-Therian, M|
|poke|p2|Magnezone|
|poke|p2|Dragonite, M|
|poke|p2|Slowking, M|
|poke|p2|Buzzwole|
|poke|p2|Garchomp, M|
|teampreview
|inactive|Battle timer is ON: inactive players will automatically lose when time's up. (requested by Partynparadise)
|
|t:|1631280880
|start
|switch|p1a: Buzzwole|Buzzwole|100/100
|switch|p2a: Bane|Landorus-Therian, M, shiny|100/100
|-ability|p2a: Bane|Intimidate|boost
|-unboost|p1a: Buzzwole|atk|1
|turn|1
|
|t:|1631280888
|switch|p2a: Hyperion|Buzzwole, shiny|100/100
|move|p1a: Buzzwole|Trick|p2a: Hyperion
|-activate|p1a: Buzzwole|move: Trick|[of] p2a: Hyperion
|-item|p2a: Hyperion|Choice Specs|[from] move: Trick
|-item|p1a: Buzzwole|Rocky Helmet|[from] move: Trick
|
|upkeep
|turn|2
|
|t:|1631280903
|switch|p1a: Slowking|Slowking, M|100/100
|move|p2a: Hyperion|Close Combat|p1a: Slowking
|-resisted|p1a: Slowking
|-damage|p1a: Slowking|71/100
|-unboost|p2a: Hyperion|def|1
|-unboost|p2a: Hyperion|spd|1
|-damage|p2a: Hyperion|84/100|[from] item: Rocky Helmet|[of] p1a: Slowking
|
|upkeep
|turn|3
|c|☆gaenisalbino|Helm slowking WHAT
|
|t:|1631280921
|switch|p2a: Blue|Slowking, M|100/100
|move|p1a: Slowking|Future Sight|p2a: Blue
|-start|p1a: Slowking|move: Future Sight
|
|upkeep
|turn|4
|
|t:|1631280930
|switch|p1a: Ferrothorn|Ferrothorn, F|100/100
|move|p2a: Blue|Future Sight|p1a: Ferrothorn
|-start|p2a: Blue|move: Future Sight
|
|upkeep
|turn|5
|
|t:|1631280937
|move|p1a: Ferrothorn|Knock Off|p2a: Blue
|-supereffective|p2a: Blue
|-damage|p2a: Blue|54/100
|-enditem|p2a: Blue|Heavy-Duty Boots|[from] move: Knock Off|[of] p1a: Ferrothorn
|move|p2a: Blue|Teleport|p2a: Blue
|
|t:|1631280940
|switch|p2a: Doom|Magnezone, shiny|100/100|[from]move: Teleport
|-item|p2a: Doom|Air Balloon
|
|-end|p2a: Doom|move: Future Sight
|-resisted|p2a: Doom
|-damage|p2a: Doom|61/100
|-enditem|p2a: Doom|Air Balloon
|upkeep
|turn|6
|
|t:|1631280951
|move|p2a: Doom|Substitute|p2a: Doom
|-start|p2a: Doom|Substitute
|-damage|p2a: Doom|36/100
|move|p1a: Ferrothorn|Body Press|p2a: Doom
|-supereffective|p2a: Doom
|-end|p2a: Doom|Substitute
|
|-end|p1a: Ferrothorn|move: Future Sight
|-resisted|p1a: Ferrothorn
|-damage|p1a: Ferrothorn|82/100
|-heal|p1a: Ferrothorn|89/100|[from] item: Leftovers
|upkeep
|turn|7
|
|t:|1631280966
|move|p2a: Doom|Iron Defense|p2a: Doom
|-boost|p2a: Doom|def|2
|move|p1a: Ferrothorn|Knock Off|p2a: Doom
|-damage|p2a: Doom|30/100
|
|-heal|p1a: Ferrothorn|95/100|[from] item: Leftovers
|upkeep
|turn|8
|
|t:|1631280974
|move|p2a: Doom|Iron Defense|p2a: Doom
|-boost|p2a: Doom|def|2
|move|p1a: Ferrothorn|Body Press|p2a: Doom
|-supereffective|p2a: Doom
|-damage|p2a: Doom|15/100
|
|-heal|p1a: Ferrothorn|100/100|[from] item: Leftovers
|upkeep
|turn|9
|
|t:|1631280983
|move|p2a: Doom|Body Press|p1a: Ferrothorn
|-supereffective|p1a: Ferrothorn
|-damage|p1a: Ferrothorn|0 fnt
|-damage|p2a: Doom|2/100|[from] ability: Iron Barbs|[of] p1a: Ferrothorn
|faint|p1a: Ferrothorn
|
|upkeep
|
|t:|1631280993
|switch|p1a: Buzzwole|Buzzwole|100/100
|turn|10
|
|t:|1631280999
|move|p1a: Buzzwole|Ice Punch|p2a: Doom
|-resisted|p2a: Doom
|-damage|p2a: Doom|0 fnt
|faint|p2a: Doom
|-ability|p1a: Buzzwole|Beast Boost|boost
|-boost|p1a: Buzzwole|atk|1
|
|upkeep
|
|t:|1631281005
|switch|p2a: Hyperion|Buzzwole, shiny|84/100
|turn|11
|
|t:|1631281013
|move|p2a: Hyperion|Dual Wingbeat|p1a: Buzzwole
|-supereffective|p1a: Buzzwole
|-damage|p1a: Buzzwole|67/100
|-damage|p2a: Hyperion|67/100|[from] item: Rocky Helmet|[of] p1a: Buzzwole
|-supereffective|p1a: Buzzwole
|-damage|p1a: Buzzwole|35/100
|-damage|p2a: Hyperion|51/100|[from] item: Rocky Helmet|[of] p1a: Buzzwole
|-hitcount|p1a: Buzzwole|2
|move|p1a: Buzzwole|Toxic|p2a: Hyperion
|-status|p2a: Hyperion|tox
|
|-damage|p2a: Hyperion|45/100 tox|[from] psn
|upkeep
|turn|12
|c|☆gaenisalbino|Two rocky helmets?
|
|t:|1631281035
|switch|p2a: Blue|Slowking, M|87/100
|move|p1a: Buzzwole|Protect||[still]
|-fail|p1a: Buzzwole
|
|upkeep
|turn|13
|c|☆gaenisalbino|Tf are those sets LOL
|
|t:|1631281049
|move|p1a: Buzzwole|Toxic|p2a: Blue
|-status|p2a: Blue|tox
|move|p2a: Blue|Future Sight|p1a: Buzzwole
|-start|p2a: Blue|move: Future Sight
|
|-damage|p2a: Blue|81/100 tox|[from] psn
|upkeep
|turn|14
|
|t:|1631281058
|switch|p1a: Blissey|Blissey, F|100/100
|move|p2a: Blue|Teleport|p2a: Blue
|
|t:|1631281066
|switch|p2a: Bane|Landorus-Therian, M, shiny|100/100|[from]move: Teleport
|-ability|p2a: Bane|Intimidate|boost
|-unboost|p1a: Blissey|atk|1
|
|upkeep
|turn|15
|
|t:|1631281074
|move|p2a: Bane|Rock Polish|p2a: Bane
|-boost|p2a: Bane|spe|2
|move|p1a: Blissey|Toxic|p2a: Bane
|-status|p2a: Bane|tox
|
|-end|p1a: Blissey|move: Future Sight
|-damage|p1a: Blissey|83/100
|-heal|p1a: Blissey|89/100|[from] item: Leftovers
|-damage|p2a: Bane|95/100 tox|[from] psn
|upkeep
|turn|16
|
|t:|1631281085
|move|p2a: Bane|Swords Dance|p2a: Bane
|-boost|p2a: Bane|atk|2
|move|p1a: Blissey|Stealth Rock|p2a: Bane
|-sidestart|p2: gaenisalbino|move: Stealth Rock
|
|-heal|p1a: Blissey|95/100|[from] item: Leftovers
|-damage|p2a: Bane|83/100 tox|[from] psn
|upkeep
|turn|17
|inactive|Partynparadise has 120 seconds left.
|l|☆Partynparadise
|inactive|Partynparadise disconnected and has a minute to reconnect!
|player|p1|
|j|☆Partynparadise
|inactive|Partynparadise reconnected and has 100 seconds left.
|player|p1|Partynparadise|266
|inactive|Partynparadise has 90 seconds left.
|
|t:|1631281147
|switch|p1a: Slowking|Slowking, M|100/100
|move|p2a: Bane|Earthquake|p1a: Slowking
|-damage|p1a: Slowking|0 fnt
|faint|p1a: Slowking
|-damage|p2a: Bane|73/100 tox|[from] item: Life Orb
|
|-damage|p2a: Bane|55/100 tox|[from] psn
|upkeep
|inactive|Partynparadise has 90 seconds left.
|
|t:|1631281157
|switch|p1a: Buzzwole|Buzzwole|35/100
|turn|18
|
|t:|1631281162
|move|p1a: Buzzwole|Protect|p1a: Buzzwole
|-singleturn|p1a: Buzzwole|Protect
|move|p2a: Bane|Earthquake|p1a: Buzzwole
|-activate|p1a: Buzzwole|move: Protect
|
|-damage|p2a: Bane|31/100 tox|[from] psn
|upkeep
|turn|19
|inactive|Partynparadise has 90 seconds left.
|c|☆gaenisalbino|That's the wierdest buzzwole I have seen
|
|t:|1631281179
|move|p1a: Buzzwole|Protect|p1a: Buzzwole
|-singleturn|p1a: Buzzwole|Protect
|move|p2a: Bane|Earthquake|p1a: Buzzwole
|-activate|p1a: Buzzwole|move: Protect
|
|-damage|p2a: Bane|1/100 tox|[from] psn
|upkeep
|turn|20
|c|☆gaenisalbino|Rocky helm protect
|c|☆gaenisalbino|Double protect?
|inactive|Partynparadise has 90 seconds left.
|c|☆gaenisalbino|FU
|
|t:|1631281193
|move|p1a: Buzzwole|Protect||[still]
|-fail|p1a: Buzzwole
|move|p2a: Bane|Earthquake|p1a: Buzzwole
|-resisted|p1a: Buzzwole
|-damage|p1a: Buzzwole|0 fnt
|faint|p1a: Buzzwole
|-damage|p2a: Bane|0 fnt|[from] item: Life Orb
|faint|p2a: Bane
|
|upkeep
|inactive|Partynparadise has 90 seconds left.
|c|☆gaenisalbino|Lame ass mf
|
|t:|1631281210
|switch|p2a: Blue|Slowking, M|100/100 tox
|switch|p1a: Dragapult|Dragapult, M|100/100
|-damage|p2a: Blue|88/100 tox|[from] Stealth Rock
|turn|21
|
|t:|1631281217
|move|p1a: Dragapult|Substitute|p1a: Dragapult
|-start|p1a: Dragapult|Substitute
|-damage|p1a: Dragapult|76/100
|move|p2a: Blue|Future Sight|p1a: Dragapult
|-start|p2a: Blue|move: Future Sight
|
|-damage|p2a: Blue|82/100 tox|[from] psn
|upkeep
|turn|22
|c|☆gaenisalbino|Fkin double protecter
|n|!gaenisalbino|gaenisalbino
|
|t:|1631281238
|move|p1a: Dragapult|Dragon Dance|p1a: Dragapult
|-boost|p1a: Dragapult|atk|1
|-boost|p1a: Dragapult|spe|1
|move|p2a: Blue|Scald|p1a: Dragapult
|-resisted|p1a: Dragapult
|-activate|p1a: Dragapult|move: Substitute|[damage]
|
|-damage|p2a: Blue|70/100 tox|[from] psn
|upkeep
|turn|23
|
|t:|1631281248
|move|p1a: Dragapult|Phantom Force||[still]
|-prepare|p1a: Dragapult|Phantom Force
|move|p2a: Blue|Scald|p1a: Dragapult|[miss]|[miss]
|-miss|p2a: Blue|p1a: Dragapult
|
|-end|p1a: Dragapult|move: Future Sight
|-miss|p2a: Blue|p1a: Dragapult
|-damage|p2a: Blue|52/100 tox|[from] psn
|upkeep
|turn|24
|inactive|gaenisalbino has 120 seconds left.
|inactive|gaenisalbino has 90 seconds left.
|inactive|gaenisalbino has 60 seconds left.
|inactive|gaenisalbino has 30 seconds left.
|inactive|gaenisalbino has 20 seconds left.
|inactive|gaenisalbino has 15 seconds left.
|inactive|gaenisalbino has 10 seconds left.
|inactive|gaenisalbino has 5 seconds left.
|-message|gaenisalbino lost due to inactivity.
|
|win|Partynparadise
|raw|Partynparadise's rating: 1391 &rarr; <strong>1415</strong><br />(+24 for winning)
|raw|gaenisalbino's rating: 1461 &rarr; <strong>1437</strong><br />(-24 for losing)
||Ladder isn't responding, score probably updated but might not have (Request timeout).
