|j|☆PocoLeCancer
|j|☆Allelaja
|t:|1641245737
|gametype|singles
|player|p1|PocoLeCancer|gladion-stance|1506
|player|p2|Allelaja|richboy-gen4|1535
|teamsize|p1|6
|teamsize|p2|6
|gen|8
|tier|[Gen 8] OU
|rated|
|rule|Sleep Clause Mod: Limit one foe put to sleep
|rule|Species Clause: Limit one of each Pokémon
|rule|OHKO Clause: OHKO moves are banned
|rule|Evasion Moves Clause: Evasion moves are banned
|rule|Endless Battle Clause: Forcing endless battles is banned
|rule|HP Percentage Mod: HP is shown in percentages
|rule|Dynamax Clause: You cannot dynamax
|clearpoke
|poke|p1|Aerodactyl, M|
|poke|p1|Alakazam, M|
|poke|p1|Scizor, M|
|poke|p1|Blastoise, M|
|poke|p1|Garchomp, M|
|poke|p1|Gyarados, F|
|poke|p2|Urshifu-*, M|
|poke|p2|Bisharp, F|
|poke|p2|Zapdos|
|poke|p2|Nidoking, M|
|poke|p2|Tapu Lele|
|poke|p2|Blissey, F|
|teampreview
|inactive|Battle timer is ON: inactive players will automatically lose when time's up. (requested by Allelaja)
|
|t:|1641245744
|start
|switch|p1a: Gelem|Aerodactyl, M|100/100
|switch|p2a: Eric Cantona|Urshifu-Rapid-Strike, M|100/100
|-ability|p1a: Gelem|Unnerve
|turn|1
|
|t:|1641245765
|move|p1a: Gelem|Stealth Rock|p2a: Eric Cantona
|-sidestart|p2: Allelaja|move: Stealth Rock
|move|p2a: Eric Cantona|Surging Strikes|p1a: Gelem
|-supereffective|p1a: Gelem
|-crit|p1a: Gelem
|-damage|p1a: Gelem|3/100
|-supereffective|p1a: Gelem
|-crit|p1a: Gelem
|-damage|p1a: Gelem|0 fnt
|faint|p1a: Gelem
|-hitcount|p1: Gelem|2
|
|upkeep
|
|t:|1641245775
|switch|p1a: Dusk from AK|Gyarados, F|100/100
|turn|2
|
|t:|1641245778
|move|p2a: Eric Cantona|Surging Strikes|p1a: Dusk from AK
|-resisted|p1a: Dusk from AK
|-crit|p1a: Dusk from AK
|-damage|p1a: Dusk from AK|82/100
|-resisted|p1a: Dusk from AK
|-crit|p1a: Dusk from AK
|-damage|p1a: Dusk from AK|63/100
|-resisted|p1a: Dusk from AK
|-crit|p1a: Dusk from AK
|-damage|p1a: Dusk from AK|42/100
|-hitcount|p1a: Dusk from AK|3
|move|p1a: Dusk from AK|Dragon Dance|p1a: Dusk from AK
|-boost|p1a: Dusk from AK|atk|1
|-boost|p1a: Dusk from AK|spe|1
|
|upkeep
|turn|3
|
|t:|1641245786
|move|p1a: Dusk from AK|Earthquake|p2a: Eric Cantona
|-damage|p2a: Eric Cantona|52/100
|move|p2a: Eric Cantona|Surging Strikes|p1a: Dusk from AK
|-resisted|p1a: Dusk from AK
|-crit|p1a: Dusk from AK
|-damage|p1a: Dusk from AK|24/100
|-resisted|p1a: Dusk from AK
|-crit|p1a: Dusk from AK
|-damage|p1a: Dusk from AK|4/100
|-resisted|p1a: Dusk from AK
|-crit|p1a: Dusk from AK
|-damage|p1a: Dusk from AK|0 fnt
|faint|p1a: Dusk from AK
|-hitcount|p1: Dusk from AK|3
|
|upkeep
|
|t:|1641245789
|switch|p1a: LeGoy|Alakazam, M|100/100
|turn|4
|
|t:|1641245793
|switch|p2a: Stéphane Grichting|Bisharp, F|100/100
|-damage|p2a: Stéphane Grichting|95/100|[from] Stealth Rock
|move|p1a: LeGoy|Psyshock|p2a: Stéphane Grichting
|-immune|p2a: Stéphane Grichting
|
|upkeep
|turn|5
|
|t:|1641245798
|move|p2a: Stéphane Grichting|Sucker Punch|p1a: LeGoy
|-supereffective|p1a: LeGoy
|-enditem|p1a: LeGoy|Focus Sash
|-damage|p1a: LeGoy|1/100
|move|p1a: LeGoy|Focus Blast|p2a: Stéphane Grichting
|-supereffective|p2a: Stéphane Grichting
|-damage|p2a: Stéphane Grichting|0 fnt
|faint|p2a: Stéphane Grichting
|
|upkeep
|
|t:|1641245806
|switch|p2a: Yaya Sanogo|Tapu Lele|100/100
|-damage|p2a: Yaya Sanogo|88/100|[from] Stealth Rock
|-fieldstart|move: Psychic Terrain|[from] ability: Psychic Surge|[of] p2a: Yaya Sanogo
|turn|6
|c|☆PocoLeCancer|Houlà la ref bien joué
|c|☆PocoLeCancer|tu supportes quel club ?
|inactive|PocoLeCancer has 120 seconds left.
|c|☆Allelaja|c'est écrit dans mon nom
|c|☆PocoLeCancer|Auxerre
|c|☆Allelaja|et tous mes mons sont de ce grand club mythique
|
|t:|1641245853
|move|p2a: Yaya Sanogo|Psychic|p1a: LeGoy
|-resisted|p1a: LeGoy
|-damage|p1a: LeGoy|0 fnt
|faint|p1a: LeGoy
|
|upkeep
|
|t:|1641245862
|switch|p1a: UMP9 from GFL|Blastoise, M|100/100
|turn|7
|
|t:|1641245865
|move|p2a: Yaya Sanogo|Psychic|p1a: UMP9 from GFL
|-damage|p1a: UMP9 from GFL|39/100
|move|p1a: UMP9 from GFL|Shell Smash|p1a: UMP9 from GFL
|-unboost|p1a: UMP9 from GFL|def|1
|-unboost|p1a: UMP9 from GFL|spd|1
|-boost|p1a: UMP9 from GFL|atk|2
|-boost|p1a: UMP9 from GFL|spa|2
|-boost|p1a: UMP9 from GFL|spe|2
|-enditem|p1a: UMP9 from GFL|White Herb
|-clearnegativeboost|p1a: UMP9 from GFL|[silent]
|
|upkeep
|turn|8
|c|☆PocoLeCancer|Oh pas mal
|
|t:|1641245879
|switch|p2a: Eric Cantona|Urshifu-Rapid-Strike, M|52/100
|-damage|p2a: Eric Cantona|46/100|[from] Stealth Rock
|move|p1a: UMP9 from GFL|Surf|p2a: Eric Cantona
|-resisted|p2a: Eric Cantona
|-damage|p2a: Eric Cantona|0 fnt
|faint|p2a: Eric Cantona
|
|upkeep
|
|t:|1641245884
|switch|p2a: Stéphane Guivarc'h|Blissey, F|100/100
|turn|9
|
|t:|1641245897
|switch|p1a: Alfortville|Garchomp, M|100/100
|move|p2a: Stéphane Guivarc'h|Toxic|p1a: Alfortville
|-status|p1a: Alfortville|tox
|
|-damage|p1a: Alfortville|94/100 tox|[from] psn
|upkeep
|turn|10
|
|t:|1641245907
|switch|p1a: Saskia|Scizor, M|100/100
|switch|p2a: Yaya Sanogo|Tapu Lele|88/100
|-damage|p2a: Yaya Sanogo|76/100|[from] Stealth Rock
|
|-fieldend|move: Psychic Terrain
|upkeep
|turn|11
|
|t:|1641245913
|switch|p2a: Benoît Pedretti|Zapdos|100/100
|move|p1a: Saskia|Swords Dance|p1a: Saskia
|-boost|p1a: Saskia|atk|2
|
|upkeep
|turn|12
|
|t:|1641245926
|switch|p1a: Alfortville|Garchomp, M|94/100 tox
|move|p2a: Benoît Pedretti|Defog|p1a: Alfortville
|-unboost|p1a: Alfortville|evasion|1
|-sideend|p2: Allelaja|Stealth Rock|[from] move: Defog|[of] p2a: Benoît Pedretti
|
|-heal|p1a: Alfortville|100/100 tox|[from] item: Leftovers
|-damage|p1a: Alfortville|94/100 tox|[from] psn
|upkeep
|turn|13
|
|t:|1641245934
|switch|p2a: Stéphane Guivarc'h|Blissey, F|100/100
|move|p1a: Alfortville|Swords Dance|p1a: Alfortville
|-boost|p1a: Alfortville|atk|2
|
|-heal|p1a: Alfortville|100/100 tox|[from] item: Leftovers
|-damage|p1a: Alfortville|88/100 tox|[from] psn
|upkeep
|turn|14
|
|t:|1641245938
|switch|p2a: Yaya Sanogo|Tapu Lele|76/100
|-fieldstart|move: Psychic Terrain|[from] ability: Psychic Surge|[of] p2a: Yaya Sanogo
|move|p1a: Alfortville|Earthquake|p2a: Yaya Sanogo
|-damage|p2a: Yaya Sanogo|0 fnt
|faint|p2a: Yaya Sanogo
|
|-heal|p1a: Alfortville|94/100 tox|[from] item: Leftovers
|-damage|p1a: Alfortville|76/100 tox|[from] psn
|upkeep
|
|t:|1641245949
|switch|p2a: Benoît Pedretti|Zapdos|100/100
|turn|15
|
|t:|1641245955
|move|p1a: Alfortville|Scale Shot|p2a: Benoît Pedretti
|-damage|p2a: Benoît Pedretti|81/100
|-damage|p2a: Benoît Pedretti|61/100
|-damage|p2a: Benoît Pedretti|43/100
|-hitcount|p2a: Benoît Pedretti|3
|-unboost|p1a: Alfortville|def|1
|-boost|p1a: Alfortville|spe|1
|move|p2a: Benoît Pedretti|Roost|p2a: Benoît Pedretti
|-heal|p2a: Benoît Pedretti|93/100
|-singleturn|p2a: Benoît Pedretti|move: Roost
|
|-heal|p1a: Alfortville|82/100 tox|[from] item: Leftovers
|-damage|p1a: Alfortville|57/100 tox|[from] psn
|upkeep
|turn|16
|
|t:|1641245963
|move|p1a: Alfortville|Scale Shot|p2a: Benoît Pedretti
|-damage|p2a: Benoît Pedretti|73/100
|-damage|p2a: Benoît Pedretti|54/100
|-damage|p2a: Benoît Pedretti|34/100
|-damage|p2a: Benoît Pedretti|14/100
|-damage|p2a: Benoît Pedretti|0 fnt
|faint|p2a: Benoît Pedretti
|-hitcount|p2: Benoît Pedretti|5
|-unboost|p1a: Alfortville|def|1
|-boost|p1a: Alfortville|spe|1
|
|-heal|p1a: Alfortville|64/100 tox|[from] item: Leftovers
|-damage|p1a: Alfortville|33/100 tox|[from] psn
|upkeep
|
|t:|1641245969
|switch|p2a: Stéphane Guivarc'h|Blissey, F|100/100
|turn|17
|
|t:|1641245974
|move|p1a: Alfortville|Earthquake|p2a: Stéphane Guivarc'h
|-damage|p2a: Stéphane Guivarc'h|13/100
|move|p2a: Stéphane Guivarc'h|Seismic Toss|p1a: Alfortville
|-damage|p1a: Alfortville|5/100 tox
|-damage|p2a: Stéphane Guivarc'h|0 fnt|[from] ability: Rough Skin|[of] p1a: Alfortville
|faint|p2a: Stéphane Guivarc'h
|
|-heal|p1a: Alfortville|11/100 tox|[from] item: Leftovers
|-damage|p1a: Alfortville|0 fnt|[from] psn
|faint|p1a: Alfortville
|upkeep
|
|t:|1641245977
|switch|p1a: Saskia|Scizor, M|100/100
|switch|p2a: Djibril Cissé|Nidoking, M|100/100
|turn|18
|
|t:|1641245981
|move|p2a: Djibril Cissé|Flamethrower|p1a: Saskia
|-supereffective|p1a: Saskia
|-damage|p1a: Saskia|0 fnt
|faint|p1a: Saskia
|
|-fieldend|move: Psychic Terrain
|upkeep
|
|t:|1641245984
|switch|p1a: UMP9 from GFL|Blastoise, M|39/100
|turn|19
|
|t:|1641245987
|move|p2a: Djibril Cissé|Sludge Wave|p1a: UMP9 from GFL
|-damage|p1a: UMP9 from GFL|0 fnt
|faint|p1a: UMP9 from GFL
|
|win|Allelaja
|raw|PocoLeCancer's rating: 1506 &rarr; <strong>1488</strong><br />(-18 for losing)
|raw|Allelaja's rating: 1535 &rarr; <strong>1553</strong><br />(+18 for winning)
|c|☆Allelaja|gg
|c|☆PocoLeCancer|gg
