|j|☆LT83AQ Fox
|j|☆not mb
|t:|1626723931
|gametype|singles
|player|p1|LT83AQ Fox|wallace-gen6|1870
|player|p2|not mb|265|1901
|teamsize|p1|6
|teamsize|p2|6
|gen|8
|tier|[Gen 8] OU
|rated|
|rule|Sleep Clause Mod: Limit one foe put to sleep
|rule|Species Clause: Limit one of each Pokémon
|rule|OHKO Clause: OHKO moves are banned
|rule|Evasion Moves Clause: Evasion moves are banned
|rule|Endless Battle Clause: Forcing endless battles is banned
|rule|HP Percentage Mod: HP is shown in percentages
|rule|Dynamax Clause: You cannot dynamax
|clearpoke
|poke|p1|Slowking-Galar, F|
|poke|p1|Weavile, F|
|poke|p1|Magnezone|
|poke|p1|Garchomp, F|
|poke|p1|Corviknight, M|
|poke|p1|Urshifu-*, F|
|poke|p2|Landorus-Therian, M|
|poke|p2|Corviknight, F|
|poke|p2|Heatran, M|
|poke|p2|Slowbro, M|
|poke|p2|Urshifu-*, F|
|poke|p2|Weavile, M|
|teampreview
|inactive|Battle timer is ON: inactive players will automatically lose when time's up. (requested by LT83AQ Fox)
|j| tigers jaw
|j| a1012
|j| lt83aq leo
|l| a1012
|j| yakomaster
|j| randyalters
|j| Redeem it
|j| StonerSomeone
|
|t:|1626723958
|start
|switch|p1a: Urshifu|Urshifu-Rapid-Strike, F|100/100
|switch|p2a: Weavile|Weavile, M|100/100
|-ability|p2a: Weavile|Pressure
|turn|1
|j| Mikirae
|j| LT83AQ spooky
|
|t:|1626723966
|switch|p2a: Corviknight|Corviknight, F|100/100
|-ability|p2a: Corviknight|Pressure
|move|p1a: Urshifu|U-turn|p2a: Corviknight
|-resisted|p2a: Corviknight
|-damage|p2a: Corviknight|95/100
|-damage|p1a: Urshifu|84/100|[from] item: Rocky Helmet|[of] p2a: Corviknight
|
|t:|1626723968
|switch|p1a: Magnezone|Magnezone|100/100|[from]move: U-turn
|
|upkeep
|turn|2
|
|t:|1626723972
|move|p1a: Magnezone|Volt Switch|p2a: Corviknight
|-supereffective|p2a: Corviknight
|-damage|p2a: Corviknight|0 fnt
|faint|p2a: Corviknight
|
|t:|1626723975
|switch|p1a: Garchomp|Garchomp, F, shiny|100/100|[from]move: Volt Switch
|
|upkeep
|j| RayneJay
|
|t:|1626723982
|switch|p2a: Weavile|Weavile, M|100/100
|-ability|p2a: Weavile|Pressure
|turn|3
|
|t:|1626723986
|switch|p1a: Corviknight|Corviknight, M, shiny|100/100
|-ability|p1a: Corviknight|Pressure
|move|p2a: Weavile|Triple Axel|p1a: Corviknight
|-damage|p1a: Corviknight|94/100
|-damage|p2a: Weavile|84/100|[from] item: Rocky Helmet|[of] p1a: Corviknight
|-damage|p1a: Corviknight|82/100
|-damage|p2a: Weavile|68/100|[from] item: Rocky Helmet|[of] p1a: Corviknight
|-damage|p1a: Corviknight|64/100
|-damage|p2a: Weavile|51/100|[from] item: Rocky Helmet|[of] p1a: Corviknight
|-hitcount|p1a: Corviknight|3
|
|upkeep
|turn|4
|
|t:|1626723992
|switch|p2a: Heatran|Heatran, M|100/100
|move|p1a: Corviknight|Roost|p1a: Corviknight
|-heal|p1a: Corviknight|100/100
|-singleturn|p1a: Corviknight|move: Roost
|
|upkeep
|turn|5
|
|t:|1626723994
|switch|p1a: Garchomp|Garchomp, F, shiny|100/100
|move|p2a: Heatran|Stealth Rock|p1a: Garchomp
|-sidestart|p1: LT83AQ Fox|move: Stealth Rock
|
|upkeep
|turn|6
|
|t:|1626723997
|switch|p2a: Slowbro|Slowbro, M|100/100
|move|p1a: Garchomp|Stealth Rock|p2a: Slowbro
|-sidestart|p2: not mb|move: Stealth Rock
|
|upkeep
|turn|7
|
|t:|1626723999
|move|p1a: Garchomp|Toxic|p2a: Slowbro
|-status|p2a: Slowbro|tox
|move|p2a: Slowbro|Future Sight|p1a: Garchomp
|-start|p2a: Slowbro|move: Future Sight
|
|-damage|p2a: Slowbro|94/100 tox|[from] psn
|upkeep
|turn|8
|j| LT83AQ EclipseY
|j| Dust into gold
|j| ShadowKilljoy
|
|t:|1626724006
|switch|p1a: Corviknight|Corviknight, M, shiny|100/100
|-damage|p1a: Corviknight|88/100|[from] Stealth Rock
|-ability|p1a: Corviknight|Pressure
|move|p2a: Slowbro|Teleport|p2a: Slowbro
|j| Guctctxt
|
|t:|1626724010
|switch|p2a: Heatran|Heatran, M|100/100|[from]move: Teleport
|-damage|p2a: Heatran|88/100|[from] Stealth Rock
|
|-heal|p2a: Heatran|94/100|[from] item: Leftovers
|upkeep
|turn|9
|j| Heracrossed Up
|
|t:|1626724014
|switch|p1a: Garchomp|Garchomp, F, shiny|100/100
|-damage|p1a: Garchomp|94/100|[from] Stealth Rock
|move|p2a: Heatran|Magma Storm|p1a: Garchomp
|-resisted|p1a: Garchomp
|-damage|p1a: Garchomp|74/100
|-activate|p1a: Garchomp|move: Magma Storm|[of] p2a: Heatran
|
|-end|p1a: Garchomp|move: Future Sight
|-damage|p1a: Garchomp|34/100
|-heal|p1a: Garchomp|40/100|[from] item: Leftovers
|-heal|p2a: Heatran|100/100|[from] item: Leftovers
|-damage|p1a: Garchomp|28/100|[from] move: Magma Storm|[partiallytrapped]
|upkeep
|turn|10
|j| OU make me yawn
|l| ShadowKilljoy
|
|t:|1626724028
|switch|p2a: Landorus|Landorus-Therian, M|100/100
|-damage|p2a: Landorus|88/100|[from] Stealth Rock
|-ability|p2a: Landorus|Intimidate|boost
|-unboost|p1a: Garchomp|atk|1
|move|p1a: Garchomp|Earthquake|p2a: Landorus
|-immune|p2a: Landorus
|
|-heal|p1a: Garchomp|34/100|[from] item: Leftovers
|-heal|p2a: Landorus|94/100|[from] item: Leftovers
|-end|p1a: Garchomp|Magma Storm|[partiallytrapped]|[silent]
|upkeep
|turn|11
|j| LT83AQ Randy
|
|t:|1626724032
|move|p1a: Garchomp|Protect|p1a: Garchomp
|-singleturn|p1a: Garchomp|Protect
|move|p2a: Landorus|Earthquake|p1a: Garchomp
|-activate|p1a: Garchomp|move: Protect
|
|-heal|p1a: Garchomp|40/100|[from] item: Leftovers
|-heal|p2a: Landorus|99/100|[from] item: Leftovers
|upkeep
|turn|12
|j| pH Ryan
|
|t:|1626724036
|move|p1a: Garchomp|Toxic|p2a: Landorus
|-status|p2a: Landorus|tox
|move|p2a: Landorus|Earthquake|p1a: Garchomp
|-damage|p1a: Garchomp|3/100
|
|-heal|p1a: Garchomp|10/100|[from] item: Leftovers
|-heal|p2a: Landorus|100/100 tox|[from] item: Leftovers
|-damage|p2a: Landorus|94/100 tox|[from] psn
|upkeep
|turn|13
|
|t:|1626724041
|move|p1a: Garchomp|Protect|p1a: Garchomp
|-singleturn|p1a: Garchomp|Protect
|move|p2a: Landorus|Knock Off|p1a: Garchomp
|-activate|p1a: Garchomp|move: Protect
|
|-heal|p1a: Garchomp|16/100|[from] item: Leftovers
|-heal|p2a: Landorus|100/100 tox|[from] item: Leftovers
|-damage|p2a: Landorus|88/100 tox|[from] psn
|upkeep
|turn|14
|
|t:|1626724045
|switch|p1a: Urshifu|Urshifu-Rapid-Strike, F|84/100
|-damage|p1a: Urshifu|78/100|[from] Stealth Rock
|move|p2a: Landorus|U-turn|p1a: Urshifu
|-resisted|p1a: Urshifu
|-damage|p1a: Urshifu|66/100
|
|t:|1626724051
|switch|p2a: Urshifu|Urshifu-Rapid-Strike, F|100/100|[from]move: U-turn
|-damage|p2a: Urshifu|94/100|[from] Stealth Rock
|
|upkeep
|turn|15
|
|t:|1626724054
|switch|p1a: Slowking|Slowking-Galar, F, shiny|100/100
|-damage|p1a: Slowking|88/100|[from] Stealth Rock
|move|p2a: Urshifu|Close Combat|p1a: Slowking
|-resisted|p1a: Slowking
|-damage|p1a: Slowking|64/100
|-unboost|p2a: Urshifu|def|1
|-unboost|p2a: Urshifu|spd|1
|
|upkeep
|turn|16
|j| LT83AQ M
|j| LT83AQ Shuckle
|
|t:|1626724071
|switch|p2a: Heatran|Heatran, M|100/100
|-damage|p2a: Heatran|88/100|[from] Stealth Rock
|move|p1a: Slowking|Future Sight|p2a: Heatran
|-start|p1a: Slowking|move: Future Sight
|
|-heal|p2a: Heatran|94/100|[from] item: Leftovers
|upkeep
|turn|17
|j|+Dag◟Dan◝
|l| LT83AQ Shuckle
|
|t:|1626724080
|switch|p2a: Landorus|Landorus-Therian, M|88/100 tox
|-damage|p2a: Landorus|76/100 tox|[from] Stealth Rock
|-ability|p2a: Landorus|Intimidate|boost
|-unboost|p1a: Slowking|atk|1
|switch|p1a: Urshifu|Urshifu-Rapid-Strike, F|66/100
|-damage|p1a: Urshifu|60/100|[from] Stealth Rock
|
|-heal|p2a: Landorus|82/100 tox|[from] item: Leftovers
|-damage|p2a: Landorus|76/100 tox|[from] psn
|upkeep
|turn|18
|l| LT83AQ EclipseY
|
|t:|1626724088
|switch|p2a: Slowbro|Slowbro, M|100/100 tox
|-damage|p2a: Slowbro|88/100 tox|[from] Stealth Rock
|move|p1a: Urshifu|U-turn|p2a: Slowbro
|-supereffective|p2a: Slowbro
|-damage|p2a: Slowbro|45/100 tox
|
|t:|1626724107
|switch|p1a: Weavile|Weavile, F|100/100|[from]move: U-turn
|-ability|p1a: Weavile|Pressure
|
|-end|p2a: Slowbro|move: Future Sight
|-resisted|p2a: Slowbro
|-damage|p2a: Slowbro|12/100 tox
|-damage|p2a: Slowbro|6/100 tox|[from] psn
|upkeep
|turn|19
|
|t:|1626724115
|switch|p2a: Urshifu|Urshifu-Rapid-Strike, F|94/100
|-damage|p2a: Urshifu|88/100|[from] Stealth Rock
|move|p1a: Weavile|Knock Off|p2a: Urshifu
|-resisted|p2a: Urshifu
|-damage|p2a: Urshifu|62/100
|-enditem|p2a: Urshifu|Choice Band|[from] move: Knock Off|[of] p1a: Weavile
|
|upkeep
|turn|20
|
|t:|1626724123
|switch|p1a: Slowking|Slowking-Galar, F, shiny|97/100
|-damage|p1a: Slowking|85/100|[from] Stealth Rock
|move|p2a: Urshifu|Close Combat|p1a: Slowking
|-resisted|p1a: Slowking
|-damage|p1a: Slowking|69/100
|-unboost|p2a: Urshifu|def|1
|-unboost|p2a: Urshifu|spd|1
|
|upkeep
|turn|21
|l| yakomaster
|
|t:|1626724134
|switch|p1a: Corviknight|Corviknight, M, shiny|88/100
|-damage|p1a: Corviknight|75/100|[from] Stealth Rock
|-ability|p1a: Corviknight|Pressure
|move|p2a: Urshifu|U-turn|p1a: Corviknight
|-resisted|p1a: Corviknight
|-damage|p1a: Corviknight|72/100
|-damage|p2a: Urshifu|46/100|[from] item: Rocky Helmet|[of] p1a: Corviknight
|j| ayevon
|
|t:|1626724139
|switch|p2a: Heatran|Heatran, M|94/100|[from]move: U-turn
|-damage|p2a: Heatran|82/100|[from] Stealth Rock
|
|-heal|p2a: Heatran|88/100|[from] item: Leftovers
|upkeep
|turn|22
|
|t:|1626724158
|switch|p1a: Slowking|Slowking-Galar, F, shiny|100/100
|-damage|p1a: Slowking|88/100|[from] Stealth Rock
|move|p2a: Heatran|Earth Power|p1a: Slowking
|-supereffective|p1a: Slowking
|-damage|p1a: Slowking|63/100
|
|-heal|p2a: Heatran|94/100|[from] item: Leftovers
|upkeep
|turn|23
|
|t:|1626724164
|move|p2a: Heatran|Magma Storm|p1a: Slowking
|-damage|p1a: Slowking|39/100
|-activate|p1a: Slowking|move: Magma Storm|[of] p2a: Heatran
|move|p1a: Slowking|Ice Beam|p2a: Heatran
|-resisted|p2a: Heatran
|-damage|p2a: Heatran|90/100
|
|-heal|p2a: Heatran|96/100|[from] item: Leftovers
|-damage|p1a: Slowking|26/100|[from] move: Magma Storm|[partiallytrapped]
|upkeep
|turn|24
|
|t:|1626724167
|move|p2a: Heatran|Earth Power|p1a: Slowking
|-supereffective|p1a: Slowking
|-damage|p1a: Slowking|0 fnt
|faint|p1a: Slowking
|
|-heal|p2a: Heatran|100/100|[from] item: Leftovers
|upkeep
|
|t:|1626724170
|switch|p1a: Urshifu|Urshifu-Rapid-Strike, F|60/100
|-damage|p1a: Urshifu|54/100|[from] Stealth Rock
|turn|25
|
|t:|1626724186
|switch|p2a: Slowbro|Slowbro, M|39/100 tox
|-damage|p2a: Slowbro|27/100 tox|[from] Stealth Rock
|move|p1a: Urshifu|Surging Strikes|p2a: Slowbro
|-resisted|p2a: Slowbro
|-crit|p2a: Slowbro
|-damage|p2a: Slowbro|18/100 tox
|-resisted|p2a: Slowbro
|-crit|p2a: Slowbro
|-damage|p2a: Slowbro|9/100 tox
|-resisted|p2a: Slowbro
|-crit|p2a: Slowbro
|-damage|p2a: Slowbro|1/100 tox
|-hitcount|p2a: Slowbro|3
|
|-damage|p2a: Slowbro|0 fnt|[from] psn
|faint|p2a: Slowbro
|upkeep
|
|t:|1626724190
|switch|p2a: Urshifu|Urshifu-Rapid-Strike, F|46/100
|-damage|p2a: Urshifu|40/100|[from] Stealth Rock
|turn|26
|
|t:|1626724206
|switch|p1a: Garchomp|Garchomp, F, shiny|16/100
|-damage|p1a: Garchomp|10/100|[from] Stealth Rock
|move|p2a: Urshifu|Close Combat|p1a: Garchomp
|-damage|p1a: Garchomp|0 fnt
|-unboost|p2a: Urshifu|def|1
|-unboost|p2a: Urshifu|spd|1
|-damage|p2a: Urshifu|27/100|[from] ability: Rough Skin|[of] p1a: Garchomp
|faint|p1a: Garchomp
|
|upkeep
|
|t:|1626724209
|switch|p1a: Corviknight|Corviknight, M, shiny|72/100
|-damage|p1a: Corviknight|59/100|[from] Stealth Rock
|-ability|p1a: Corviknight|Pressure
|turn|27
|j| PYT Schroeds
|l| PYT Schroeds
|
|t:|1626724228
|move|p2a: Urshifu|Close Combat|p1a: Corviknight
|-damage|p1a: Corviknight|17/100
|-unboost|p2a: Urshifu|def|1
|-unboost|p2a: Urshifu|spd|1
|-damage|p2a: Urshifu|11/100|[from] item: Rocky Helmet|[of] p1a: Corviknight
|move|p1a: Corviknight|Roost|p1a: Corviknight
|-heal|p1a: Corviknight|67/100
|-singleturn|p1a: Corviknight|move: Roost
|
|upkeep
|turn|28
|
|t:|1626724235
|switch|p2a: Heatran|Heatran, M|100/100
|-damage|p2a: Heatran|88/100|[from] Stealth Rock
|move|p1a: Corviknight|U-turn|p2a: Heatran
|-resisted|p2a: Heatran
|-damage|p2a: Heatran|85/100
|
|t:|1626724236
|switch|p1a: Urshifu|Urshifu-Rapid-Strike, F|54/100|[from]move: U-turn
|-damage|p1a: Urshifu|47/100|[from] Stealth Rock
|
|-heal|p2a: Heatran|91/100|[from] item: Leftovers
|upkeep
|turn|29
|
|t:|1626724242
|switch|p2a: Landorus|Landorus-Therian, M|76/100 tox
|-damage|p2a: Landorus|64/100 tox|[from] Stealth Rock
|-ability|p2a: Landorus|Intimidate|boost
|-unboost|p1a: Urshifu|atk|1
|move|p1a: Urshifu|Surging Strikes|p2a: Landorus
|-supereffective|p2a: Landorus
|-crit|p2a: Landorus
|-damage|p2a: Landorus|7/100 tox
|-supereffective|p2a: Landorus
|-crit|p2a: Landorus
|-damage|p2a: Landorus|0 fnt
|faint|p2a: Landorus
|-hitcount|p2: Landorus|2
|
|upkeep
|
|t:|1626724246
|switch|p2a: Weavile|Weavile, M|51/100
|-damage|p2a: Weavile|26/100|[from] Stealth Rock
|-ability|p2a: Weavile|Pressure
|turn|30
|
|t:|1626724256
|switch|p1a: Corviknight|Corviknight, M, shiny|67/100
|-damage|p1a: Corviknight|55/100|[from] Stealth Rock
|-ability|p1a: Corviknight|Pressure
|move|p2a: Weavile|Swords Dance|p2a: Weavile
|-boost|p2a: Weavile|atk|2
|
|upkeep
|turn|31
|
|t:|1626724261
|move|p2a: Weavile|Knock Off|p1a: Corviknight
|-damage|p1a: Corviknight|0 fnt
|-damage|p2a: Weavile|10/100|[from] item: Rocky Helmet|[of] p1a: Corviknight
|-enditem|p1a: Corviknight|Rocky Helmet|[from] move: Knock Off|[of] p2a: Weavile
|faint|p1a: Corviknight
|
|upkeep
|
|t:|1626724265
|switch|p1a: Weavile|Weavile, F|100/100
|-ability|p1a: Weavile|Pressure
|turn|32
|
|t:|1626724268
|move|p1a: Weavile|Ice Shard|p2a: Weavile
|-resisted|p2a: Weavile
|-damage|p2a: Weavile|0 fnt
|faint|p2a: Weavile
|
|upkeep
|-message|not mb forfeited.
|
|win|LT83AQ Fox
|l|☆not mb
|raw|LT83AQ Fox's rating: 1851 &rarr; <strong>1874</strong><br />(+23 for winning)
|raw|not mb's rating: 1901 &rarr; <strong>1878</strong><br />(-23 for losing)
|l| randyalters
|l|+Dag◟Dan◝
|l| LT83AQ Randy
|l| Guctctxt
|j|+Dag◟Dan◝
|l|+Dag◟Dan◝
||Ladder isn't responding, score probably updated but might not have (Request timeout).
