|html|<div class="broadcast-blue"><strong>[Gen 8] OU is currently suspecting Melmetal! For information on how to participate check out the <a href="https://www.smogon.com/forums/threads/np-ss-ou-suspect-process-round-12-monster-mash.3709234/">suspect thread</a>.</strong></div>
|j|☆Highv0ltag3
|j|‽minimax_ai
|t:|1665702177
|gametype|singles
|player|p1|Highv0ltag3|volo|1733
|player|p2|minimax_ai|101|1679
|teamsize|p1|6
|teamsize|p2|6
|gen|8
|tier|[Gen 8] OU
|rated|
|rule|Sleep Clause Mod: Limit one foe put to sleep
|rule|Species Clause: Limit one of each Pokémon
|rule|OHKO Clause: OHKO moves are banned
|rule|Evasion Items Clause: Evasion items are banned
|rule|Evasion Moves Clause: Evasion moves are banned
|rule|Endless Battle Clause: Forcing endless battles is banned
|rule|HP Percentage Mod: HP is shown in percentages
|rule|Dynamax Clause: You cannot dynamax
|clearpoke
|poke|p1|Tornadus-Therian, M|
|poke|p1|Chansey, F|
|poke|p1|Hippowdon, M|
|poke|p1|Corviknight, F|
|poke|p1|Toxapex, F|
|poke|p1|Clefable, F|
|poke|p2|Rotom-Wash|
|poke|p2|Weavile, M|
|poke|p2|Landorus-Therian, M|
|poke|p2|Heatran, M|
|poke|p2|Tangrowth, M|
|poke|p2|Melmetal|
|teampreview
|inactive|Battle timer is ON: inactive players will automatically lose when time's up. (requested by minimax_ai)
|
|t:|1665702184
|start
|switch|p1a: Tornadus|Tornadus-Therian, M|100/100
|switch|p2a: Melmetal|Melmetal|100/100
|turn|1
|
|t:|1665702187
|move|p1a: Tornadus|Knock Off|p2a: Melmetal
|-damage|p2a: Melmetal|89/100
|-enditem|p2a: Melmetal|Assault Vest|[from] move: Knock Off|[of] p1a: Tornadus
|move|p2a: Melmetal|Thunder Punch|p1a: Tornadus
|-supereffective|p1a: Tornadus
|-damage|p1a: Tornadus|26/100
|
|upkeep
|turn|2
|
|t:|1665702198
|switch|p1a: Corviknight|Corviknight, F|100/100
|-ability|p1a: Corviknight|Pressure
|move|p2a: Melmetal|Thunder Punch|p1a: Corviknight
|-supereffective|p1a: Corviknight
|-damage|p1a: Corviknight|54/100
|
|upkeep
|turn|3
|
|t:|1665702201
|move|p1a: Corviknight|Roost|p1a: Corviknight
|-heal|p1a: Corviknight|100/100
|-singleturn|p1a: Corviknight|move: Roost
|move|p2a: Melmetal|Thunder Punch|p1a: Corviknight
|-damage|p1a: Corviknight|78/100
|
|upkeep
|turn|4
|
|t:|1665702203
|move|p1a: Corviknight|Iron Defense|p1a: Corviknight
|-boost|p1a: Corviknight|def|2
|move|p2a: Melmetal|Thunder Punch|p1a: Corviknight
|-supereffective|p1a: Corviknight
|-damage|p1a: Corviknight|55/100
|
|upkeep
|turn|5
|
|t:|1665702205
|switch|p2a: Rotom|Rotom-Wash|100/100
|move|p1a: Corviknight|Roost|p1a: Corviknight
|-heal|p1a: Corviknight|100/100
|-singleturn|p1a: Corviknight|move: Roost
|
|upkeep
|turn|6
|
|t:|1665702217
|switch|p1a: Clefable|Clefable, F|100/100
|move|p2a: Rotom|Nasty Plot|p2a: Rotom
|-boost|p2a: Rotom|spa|2
|
|upkeep
|turn|7
|
|t:|1665702219
|move|p2a: Rotom|Thunderbolt|p1a: Clefable
|-damage|p1a: Clefable|70/100
|move|p1a: Clefable|Calm Mind|p1a: Clefable
|-boost|p1a: Clefable|spa|1
|-boost|p1a: Clefable|spd|1
|
|upkeep
|turn|8
|
|t:|1665702223
|move|p2a: Rotom|Thunderbolt|p1a: Clefable
|-damage|p1a: Clefable|48/100
|move|p1a: Clefable|Soft-Boiled|p1a: Clefable
|-heal|p1a: Clefable|98/100
|
|upkeep
|turn|9
|
|t:|1665702225
|move|p2a: Rotom|Thunderbolt|p1a: Clefable
|-damage|p1a: Clefable|77/100
|move|p1a: Clefable|Moonblast|p2a: Rotom
|-damage|p2a: Rotom|50/100
|
|-heal|p2a: Rotom|56/100|[from] item: Leftovers
|upkeep
|turn|10
|
|t:|1665702228
|move|p2a: Rotom|Hydro Pump|p1a: Clefable
|-damage|p1a: Clefable|52/100
|move|p1a: Clefable|Moonblast|p2a: Rotom
|-damage|p2a: Rotom|5/100
|-unboost|p2a: Rotom|spa|1
|
|-heal|p2a: Rotom|11/100|[from] item: Leftovers
|upkeep
|turn|11
|
|t:|1665702233
|switch|p2a: Melmetal|Melmetal|89/100
|move|p1a: Clefable|Moonblast|p2a: Melmetal
|-resisted|p2a: Melmetal
|-damage|p2a: Melmetal|70/100
|-unboost|p2a: Melmetal|spa|1
|
|upkeep
|turn|12
|
|t:|1665702243
|switch|p1a: Toxapex|Toxapex, F|100/100
|move|p2a: Melmetal|Ice Punch|p1a: Toxapex
|-resisted|p1a: Toxapex
|-damage|p1a: Toxapex|90/100
|
|upkeep
|turn|13
|
|t:|1665702248
|switch|p2a: Heatran|Heatran, M|100/100
|-item|p2a: Heatran|Air Balloon
|switch|p1a: Hippowdon|Hippowdon, M|100/100
|-weather|Sandstorm|[from] ability: Sand Stream|[of] p1a: Hippowdon
|
|-weather|Sandstorm|[upkeep]
|upkeep
|turn|14
|
|t:|1665702255
|switch|p1a: Toxapex|Toxapex, F|100/100
|move|p2a: Heatran|Magma Storm|p1a: Toxapex
|-resisted|p1a: Toxapex
|-damage|p1a: Toxapex|80/100
|-activate|p1a: Toxapex|move: Magma Storm|[of] p2a: Heatran
|
|-weather|Sandstorm|[upkeep]
|-damage|p1a: Toxapex|74/100|[from] Sandstorm
|-damage|p1a: Toxapex|62/100|[from] move: Magma Storm|[partiallytrapped]
|upkeep
|turn|15
|
|t:|1665702258
|move|p2a: Heatran|Magma Storm|p1a: Toxapex
|-resisted|p1a: Toxapex
|-damage|p1a: Toxapex|39/100
|move|p1a: Toxapex|Knock Off|p2a: Heatran
|-damage|p2a: Heatran|86/100
|-enditem|p2a: Heatran|Air Balloon
|
|-weather|Sandstorm|[upkeep]
|-damage|p1a: Toxapex|33/100|[from] Sandstorm
|-damage|p1a: Toxapex|20/100|[from] move: Magma Storm|[partiallytrapped]
|upkeep
|turn|16
|
|t:|1665702261
|switch|p1a: Hippowdon|Hippowdon, M|100/100
|move|p2a: Heatran|Stealth Rock|p1a: Hippowdon
|-sidestart|p1: Highv0ltag3|move: Stealth Rock
|
|-weather|Sandstorm|[upkeep]
|upkeep
|turn|17
|
|t:|1665702263
|switch|p2a: Rotom|Rotom-Wash|11/100
|move|p1a: Hippowdon|Stealth Rock|p2a: Rotom
|-sidestart|p2: minimax_ai|move: Stealth Rock
|
|-weather|none
|-heal|p2a: Rotom|17/100|[from] item: Leftovers
|upkeep
|turn|18
|
|t:|1665702265
|move|p2a: Rotom|Hydro Pump|p1a: Hippowdon|[miss]
|-miss|p2a: Rotom|p1a: Hippowdon
|move|p1a: Hippowdon|Toxic|p2a: Rotom
|-status|p2a: Rotom|tox
|
|-heal|p2a: Rotom|24/100 tox|[from] item: Leftovers
|-damage|p2a: Rotom|17/100 tox|[from] psn
|upkeep
|turn|19
|
|t:|1665702271
|move|p2a: Rotom|Thunderbolt|p1a: Hippowdon
|-immune|p1a: Hippowdon
|move|p1a: Hippowdon|Slack Off||[still]
|-fail|p1a: Hippowdon|heal
|
|-heal|p2a: Rotom|24/100 tox|[from] item: Leftovers
|-damage|p2a: Rotom|11/100 tox|[from] psn
|upkeep
|turn|20
|
|t:|1665702279
|switch|p1a: Clefable|Clefable, F|52/100
|move|p2a: Rotom|Pain Split|p1a: Clefable
|-sethp|p1a: Clefable|30/100|[from] move: Pain Split|[silent]
|-sethp|p2a: Rotom|39/100 tox|[from] move: Pain Split
|
|-heal|p2a: Rotom|45/100 tox|[from] item: Leftovers
|-damage|p2a: Rotom|26/100 tox|[from] psn
|upkeep
|turn|21
|
|t:|1665702285
|switch|p2a: Melmetal|Melmetal|70/100
|-damage|p2a: Melmetal|64/100|[from] Stealth Rock
|switch|p1a: Chansey|Chansey, F|100/100
|-damage|p1a: Chansey|88/100|[from] Stealth Rock
|
|upkeep
|turn|22
|
|t:|1665702288
|move|p1a: Chansey|Thunder Wave|p2a: Melmetal
|-status|p2a: Melmetal|par
|move|p2a: Melmetal|Ice Punch|p1a: Chansey
|-damage|p1a: Chansey|66/100
|
|upkeep
|turn|23
|
|t:|1665702290
|move|p1a: Chansey|Soft-Boiled|p1a: Chansey
|-heal|p1a: Chansey|100/100
|move|p2a: Melmetal|Double Iron Bash|p1a: Chansey
|-damage|p1a: Chansey|76/100
|-damage|p1a: Chansey|51/100
|-hitcount|p1a: Chansey|2
|
|upkeep
|turn|24
|
|t:|1665702292
|move|p1a: Chansey|Soft-Boiled|p1a: Chansey
|-heal|p1a: Chansey|100/100
|move|p2a: Melmetal|Double Iron Bash|p1a: Chansey
|-damage|p1a: Chansey|74/100
|-damage|p1a: Chansey|49/100
|-hitcount|p1a: Chansey|2
|
|upkeep
|turn|25
|
|t:|1665702294
|move|p1a: Chansey|Soft-Boiled|p1a: Chansey
|-heal|p1a: Chansey|99/100
|move|p2a: Melmetal|Double Iron Bash|p1a: Chansey
|-damage|p1a: Chansey|73/100
|-damage|p1a: Chansey|47/100
|-hitcount|p1a: Chansey|2
|
|upkeep
|turn|26
|
|t:|1665702295
|move|p1a: Chansey|Soft-Boiled|p1a: Chansey
|-heal|p1a: Chansey|97/100
|move|p2a: Melmetal|Double Iron Bash|p1a: Chansey
|-damage|p1a: Chansey|73/100
|-damage|p1a: Chansey|46/100
|-hitcount|p1a: Chansey|2
|
|upkeep
|turn|27
|
|t:|1665702297
|move|p1a: Chansey|Soft-Boiled|p1a: Chansey
|-heal|p1a: Chansey|96/100
|move|p2a: Melmetal|Double Iron Bash|p1a: Chansey
|-damage|p1a: Chansey|70/100
|-damage|p1a: Chansey|43/100
|-hitcount|p1a: Chansey|2
|
|upkeep
|turn|28
|
|t:|1665702299
|move|p1a: Chansey|Soft-Boiled|p1a: Chansey
|-heal|p1a: Chansey|93/100
|cant|p2a: Melmetal|par
|
|upkeep
|turn|29
|
|t:|1665702306
|switch|p1a: Hippowdon|Hippowdon, M|100/100
|-damage|p1a: Hippowdon|94/100|[from] Stealth Rock
|-weather|Sandstorm|[from] ability: Sand Stream|[of] p1a: Hippowdon
|move|p2a: Melmetal|Ice Punch|p1a: Hippowdon
|-supereffective|p1a: Hippowdon
|-damage|p1a: Hippowdon|50/100
|
|-weather|Sandstorm|[upkeep]
|-heal|p1a: Hippowdon|57/100|[from] item: Leftovers
|upkeep
|turn|30
|
|t:|1665702309
|move|p1a: Hippowdon|Slack Off|p1a: Hippowdon
|-heal|p1a: Hippowdon|100/100
|move|p2a: Melmetal|Double Iron Bash|p1a: Hippowdon
|-damage|p1a: Hippowdon|72/100
|-damage|p1a: Hippowdon|42/100
|-hitcount|p1a: Hippowdon|2
|
|-weather|Sandstorm|[upkeep]
|-heal|p1a: Hippowdon|49/100|[from] item: Leftovers
|upkeep
|turn|31
|
|t:|1665702311
|move|p1a: Hippowdon|Slack Off|p1a: Hippowdon
|-heal|p1a: Hippowdon|99/100
|move|p2a: Melmetal|Double Iron Bash|p1a: Hippowdon
|-damage|p1a: Hippowdon|70/100
|-damage|p1a: Hippowdon|41/100
|-hitcount|p1a: Hippowdon|2
|
|-weather|Sandstorm|[upkeep]
|-heal|p1a: Hippowdon|48/100|[from] item: Leftovers
|upkeep
|turn|32
|
|t:|1665702313
|move|p1a: Hippowdon|Slack Off|p1a: Hippowdon
|-heal|p1a: Hippowdon|98/100
|move|p2a: Melmetal|Double Iron Bash|p1a: Hippowdon
|-damage|p1a: Hippowdon|68/100
|-damage|p1a: Hippowdon|40/100
|-hitcount|p1a: Hippowdon|2
|
|-weather|Sandstorm|[upkeep]
|-heal|p1a: Hippowdon|46/100|[from] item: Leftovers
|upkeep
|turn|33
|
|t:|1665702315
|move|p1a: Hippowdon|Slack Off|p1a: Hippowdon
|-heal|p1a: Hippowdon|96/100
|move|p2a: Melmetal|Ice Punch|p1a: Hippowdon
|-supereffective|p1a: Hippowdon
|-damage|p1a: Hippowdon|46/100
|
|-weather|none
|-heal|p1a: Hippowdon|52/100|[from] item: Leftovers
|upkeep
|turn|34
|
|t:|1665702317
|switch|p2a: Landorus|Landorus-Therian, M|100/100
|-damage|p2a: Landorus|88/100|[from] Stealth Rock
|-ability|p2a: Landorus|Intimidate|boost
|-unboost|p1a: Hippowdon|atk|1
|move|p1a: Hippowdon|Slack Off|p1a: Hippowdon
|-heal|p1a: Hippowdon|100/100
|
|-heal|p2a: Landorus|94/100|[from] item: Leftovers
|upkeep
|turn|35
|
|t:|1665702320
|move|p2a: Landorus|Toxic|p1a: Hippowdon|[miss]
|-miss|p2a: Landorus|p1a: Hippowdon
|move|p1a: Hippowdon|Toxic|p2a: Landorus
|-status|p2a: Landorus|tox
|
|-heal|p2a: Landorus|99/100 tox|[from] item: Leftovers
|-damage|p2a: Landorus|94/100 tox|[from] psn
|upkeep
|turn|36
|
|t:|1665702323
|switch|p1a: Corviknight|Corviknight, F|100/100
|-damage|p1a: Corviknight|88/100|[from] Stealth Rock
|-ability|p1a: Corviknight|Pressure
|move|p2a: Landorus|U-turn|p1a: Corviknight
|-resisted|p1a: Corviknight
|-damage|p1a: Corviknight|84/100
|
|t:|1665702323
|switch|p2a: Heatran|Heatran, M|86/100|[from]move: U-turn
|-damage|p2a: Heatran|73/100|[from] Stealth Rock
|
|upkeep
|turn|37
|
|t:|1665702327
|switch|p1a: Hippowdon|Hippowdon, M|100/100
|-damage|p1a: Hippowdon|94/100|[from] Stealth Rock
|-weather|Sandstorm|[from] ability: Sand Stream|[of] p1a: Hippowdon
|move|p2a: Heatran|Magma Storm|p1a: Hippowdon
|-damage|p1a: Hippowdon|55/100
|-activate|p1a: Hippowdon|move: Magma Storm|[of] p2a: Heatran
|
|-weather|Sandstorm|[upkeep]
|-heal|p1a: Hippowdon|61/100|[from] item: Leftovers
|-damage|p1a: Hippowdon|49/100|[from] move: Magma Storm|[partiallytrapped]
|upkeep
|turn|38
|
|t:|1665702331
|switch|p2a: Rotom|Rotom-Wash|26/100 tox
|-damage|p2a: Rotom|14/100 tox|[from] Stealth Rock
|move|p1a: Hippowdon|Earthquake|p2a: Rotom
|-immune|p2a: Rotom|[from] ability: Levitate
|
|-weather|Sandstorm|[upkeep]
|-damage|p2a: Rotom|8/100 tox|[from] Sandstorm
|-heal|p2a: Rotom|14/100 tox|[from] item: Leftovers
|-heal|p1a: Hippowdon|55/100|[from] item: Leftovers
|-damage|p2a: Rotom|8/100 tox|[from] psn
|-end|p1a: Hippowdon|Magma Storm|[partiallytrapped]|[silent]
|upkeep
|turn|39
|
|t:|1665702335
|switch|p1a: Clefable|Clefable, F|30/100
|move|p2a: Rotom|Hydro Pump|p1a: Clefable
|-damage|p1a: Clefable|0 fnt
|faint|p1a: Clefable
|
|-weather|Sandstorm|[upkeep]
|-damage|p2a: Rotom|1/100 tox|[from] Sandstorm
|-heal|p2a: Rotom|8/100 tox|[from] item: Leftovers
|-damage|p2a: Rotom|0 fnt|[from] psn
|faint|p2a: Rotom
|upkeep
|
|t:|1665702341
|switch|p2a: Melmetal|Melmetal|64/100 par
|switch|p1a: Toxapex|Toxapex, F|53/100
|-damage|p1a: Toxapex|41/100|[from] Stealth Rock
|-damage|p2a: Melmetal|58/100 par|[from] Stealth Rock
|turn|40
|
|t:|1665702344
|switch|p1a: Corviknight|Corviknight, F|84/100
|-damage|p1a: Corviknight|72/100|[from] Stealth Rock
|-ability|p1a: Corviknight|Pressure
|cant|p2a: Melmetal|par
|
|-weather|Sandstorm|[upkeep]
|upkeep
|turn|41
|
|t:|1665702346
|switch|p2a: Heatran|Heatran, M|73/100
|-damage|p2a: Heatran|61/100|[from] Stealth Rock
|move|p1a: Corviknight|Body Press|p2a: Heatran
|-supereffective|p2a: Heatran
|-damage|p2a: Heatran|11/100
|
|-weather|none
|upkeep
|turn|42
|
|t:|1665702349
|switch|p1a: Chansey|Chansey, F|93/100
|-damage|p1a: Chansey|81/100|[from] Stealth Rock
|move|p2a: Heatran|Magma Storm|p1a: Chansey
|-damage|p1a: Chansey|65/100
|-activate|p1a: Chansey|move: Magma Storm|[of] p2a: Heatran
|
|-damage|p1a: Chansey|53/100|[from] move: Magma Storm|[partiallytrapped]
|upkeep
|turn|43
|
|t:|1665702351
|switch|p2a: Melmetal|Melmetal|58/100 par
|-damage|p2a: Melmetal|52/100 par|[from] Stealth Rock
|move|p1a: Chansey|Seismic Toss|p2a: Melmetal
|-damage|p2a: Melmetal|29/100 par
|
|-end|p1a: Chansey|Magma Storm|[partiallytrapped]|[silent]
|upkeep
|turn|44
|
|t:|1665702355
|move|p1a: Chansey|Soft-Boiled|p1a: Chansey
|-heal|p1a: Chansey|100/100
|cant|p2a: Melmetal|par
|
|upkeep
|turn|45
|
|t:|1665702357
|move|p1a: Chansey|Seismic Toss|p2a: Melmetal
|-damage|p2a: Melmetal|6/100 par
|move|p2a: Melmetal|Ice Punch|p1a: Chansey
|-damage|p1a: Chansey|77/100
|
|upkeep
|turn|46
|
|t:|1665702358
|move|p1a: Chansey|Seismic Toss|p2a: Melmetal
|-damage|p2a: Melmetal|0 fnt
|faint|p2a: Melmetal
|
|upkeep
|
|t:|1665702359
|switch|p2a: Landorus|Landorus-Therian, M|94/100 tox
|-damage|p2a: Landorus|82/100 tox|[from] Stealth Rock
|-ability|p2a: Landorus|Intimidate|boost
|-unboost|p1a: Chansey|atk|1
|turn|47
|
|t:|1665702362
|switch|p2a: Tangrowth|Tangrowth, M|100/100
|-damage|p2a: Tangrowth|88/100|[from] Stealth Rock
|move|p1a: Chansey|Soft-Boiled|p1a: Chansey
|-heal|p1a: Chansey|100/100
|
|upkeep
|turn|48
|
|t:|1665702369
|switch|p1a: Corviknight|Corviknight, F|72/100
|-damage|p1a: Corviknight|59/100|[from] Stealth Rock
|-ability|p1a: Corviknight|Pressure
|move|p2a: Tangrowth|Knock Off|p1a: Corviknight
|-damage|p1a: Corviknight|45/100
|-enditem|p1a: Corviknight|Shed Shell|[from] move: Knock Off|[of] p2a: Tangrowth
|
|upkeep
|turn|49
|
|t:|1665702371
|move|p1a: Corviknight|Roost|p1a: Corviknight
|-heal|p1a: Corviknight|95/100
|-singleturn|p1a: Corviknight|move: Roost
|move|p2a: Tangrowth|Sleep Powder|p1a: Corviknight|[miss]
|-miss|p2a: Tangrowth|p1a: Corviknight
|
|upkeep
|turn|50
|
|t:|1665702373
|move|p1a: Corviknight|Iron Defense|p1a: Corviknight
|-boost|p1a: Corviknight|def|2
|move|p2a: Tangrowth|Sleep Powder|p1a: Corviknight
|-status|p1a: Corviknight|slp|[from] move: Sleep Powder
|
|upkeep
|turn|51
|
|t:|1665702376
|cant|p1a: Corviknight|slp
|move|p2a: Tangrowth|Focus Blast|p1a: Corviknight|[miss]
|-miss|p2a: Tangrowth|p1a: Corviknight
|
|upkeep
|turn|52
|
|t:|1665702378
|-curestatus|p1a: Corviknight|slp|[msg]
|move|p1a: Corviknight|Iron Defense|p1a: Corviknight
|-boost|p1a: Corviknight|def|2
|move|p2a: Tangrowth|Focus Blast|p1a: Corviknight|[miss]
|-miss|p2a: Tangrowth|p1a: Corviknight
|
|upkeep
|turn|53
|
|t:|1665702379
|move|p1a: Corviknight|Iron Defense|p1a: Corviknight
|-boost|p1a: Corviknight|def|2
|move|p2a: Tangrowth|Sleep Powder|p1a: Corviknight|[miss]
|-miss|p2a: Tangrowth|p1a: Corviknight
|
|upkeep
|turn|54
|
|t:|1665702382
|move|p1a: Corviknight|Body Press|p2a: Tangrowth
|-damage|p2a: Tangrowth|35/100
|-damage|p1a: Corviknight|79/100|[from] item: Rocky Helmet|[of] p2a: Tangrowth
|move|p2a: Tangrowth|Sleep Powder|p1a: Corviknight
|-status|p1a: Corviknight|slp|[from] move: Sleep Powder
|
|upkeep
|turn|55
|
|t:|1665702383
|cant|p1a: Corviknight|slp
|move|p2a: Tangrowth|Focus Blast|p1a: Corviknight
|-damage|p1a: Corviknight|54/100 slp
|-unboost|p1a: Corviknight|spd|1
|
|upkeep
|turn|56
|
|t:|1665702385
|cant|p1a: Corviknight|slp
|move|p2a: Tangrowth|Focus Blast|p1a: Corviknight
|-damage|p1a: Corviknight|12/100 slp
|
|upkeep
|turn|57
|
|t:|1665702391
|cant|p1a: Corviknight|slp
|move|p2a: Tangrowth|Giga Drain|p1a: Corviknight
|-resisted|p1a: Corviknight
|-damage|p1a: Corviknight|3/100 slp
|-heal|p2a: Tangrowth|40/100|[from] drain|[of] p1a: Corviknight
|
|upkeep
|turn|58
|
|t:|1665702393
|-curestatus|p1a: Corviknight|slp|[msg]
|move|p1a: Corviknight|Roost|p1a: Corviknight
|-heal|p1a: Corviknight|53/100
|-singleturn|p1a: Corviknight|move: Roost
|move|p2a: Tangrowth|Giga Drain|p1a: Corviknight
|-resisted|p1a: Corviknight
|-damage|p1a: Corviknight|36/100
|-heal|p2a: Tangrowth|49/100|[from] drain|[of] p1a: Corviknight
|
|upkeep
|turn|59
|
|t:|1665702395
|switch|p2a: Landorus|Landorus-Therian, M|82/100 tox
|-damage|p2a: Landorus|70/100 tox|[from] Stealth Rock
|-ability|p2a: Landorus|Intimidate|boost
|-unboost|p1a: Corviknight|atk|1
|move|p1a: Corviknight|Roost|p1a: Corviknight
|-heal|p1a: Corviknight|86/100
|-singleturn|p1a: Corviknight|move: Roost
|
|-heal|p2a: Landorus|76/100 tox|[from] item: Leftovers
|-damage|p2a: Landorus|70/100 tox|[from] psn
|upkeep
|turn|60
|
|t:|1665702397
|move|p2a: Landorus|U-turn|p1a: Corviknight
|-resisted|p1a: Corviknight
|-damage|p1a: Corviknight|85/100
|
|t:|1665702397
|switch|p2a: Tangrowth|Tangrowth, M|82/100|[from]move: U-turn
|-damage|p2a: Tangrowth|69/100|[from] Stealth Rock
|move|p1a: Corviknight|Body Press|p2a: Tangrowth
|-damage|p2a: Tangrowth|18/100
|-damage|p1a: Corviknight|68/100|[from] item: Rocky Helmet|[of] p2a: Tangrowth
|
|upkeep
|turn|61
|
|t:|1665702399
|move|p1a: Corviknight|Body Press|p2a: Tangrowth
|-damage|p2a: Tangrowth|0 fnt
|-damage|p1a: Corviknight|52/100|[from] item: Rocky Helmet|[of] p2a: Tangrowth
|faint|p2a: Tangrowth
|
|upkeep
|
|t:|1665702399
|switch|p2a: Landorus|Landorus-Therian, M|70/100 tox
|-damage|p2a: Landorus|57/100 tox|[from] Stealth Rock
|-ability|p2a: Landorus|Intimidate|boost
|-unboost|p1a: Corviknight|atk|1
|turn|62
|
|t:|1665702400
|move|p2a: Landorus|Earthquake|p1a: Corviknight
|-immune|p1a: Corviknight
|move|p1a: Corviknight|Body Press|p2a: Landorus
|-resisted|p2a: Landorus
|-damage|p2a: Landorus|9/100 tox
|
|-heal|p2a: Landorus|15/100 tox|[from] item: Leftovers
|-damage|p2a: Landorus|9/100 tox|[from] psn
|upkeep
|turn|63
|
|t:|1665702402
|move|p2a: Landorus|Defog|p1a: Corviknight
|-unboost|p1a: Corviknight|evasion|1
|-sideend|p1: Highv0ltag3|Stealth Rock|[from] move: Defog|[of] p2a: Landorus
|-sideend|p2: minimax_ai|Stealth Rock|[from] move: Defog|[of] p2a: Landorus
|move|p1a: Corviknight|Body Press|p2a: Landorus
|-resisted|p2a: Landorus
|-damage|p2a: Landorus|0 fnt
|faint|p2a: Landorus
|
|upkeep
|
|t:|1665702402
|switch|p2a: Heatran|Heatran, M|11/100
|turn|64
|
|t:|1665702413
|move|p2a: Heatran|Magma Storm|p1a: Corviknight
|-supereffective|p1a: Corviknight
|-damage|p1a: Corviknight|0 fnt
|faint|p1a: Corviknight
|
|upkeep
|
|t:|1665702421
|switch|p1a: Toxapex|Toxapex, F|74/100
|turn|65
|
|t:|1665702427
|switch|p1a: Hippowdon|Hippowdon, M|55/100
|-weather|Sandstorm|[from] ability: Sand Stream|[of] p1a: Hippowdon
|move|p2a: Heatran|Magma Storm|p1a: Hippowdon
|-damage|p1a: Hippowdon|19/100
|-activate|p1a: Hippowdon|move: Magma Storm|[of] p2a: Heatran
|
|-weather|Sandstorm|[upkeep]
|-heal|p1a: Hippowdon|25/100|[from] item: Leftovers
|-damage|p1a: Hippowdon|12/100|[from] move: Magma Storm|[partiallytrapped]
|upkeep
|turn|66
|
|t:|1665702429
|move|p2a: Heatran|Magma Storm|p1a: Hippowdon
|-damage|p1a: Hippowdon|0 fnt
|faint|p1a: Hippowdon
|
|-weather|Sandstorm|[upkeep]
|upkeep
|
|t:|1665702431
|switch|p1a: Toxapex|Toxapex, F|100/100
|turn|67
|
|t:|1665702434
|move|p2a: Heatran|Stealth Rock|p1a: Toxapex
|-sidestart|p1: Highv0ltag3|move: Stealth Rock
|move|p1a: Toxapex|Knock Off|p2a: Heatran
|-damage|p2a: Heatran|2/100
|
|-weather|Sandstorm|[upkeep]
|-damage|p1a: Toxapex|94/100|[from] Sandstorm
|upkeep
|turn|68
|
|t:|1665702437
|move|p2a: Heatran|Earth Power|p1a: Toxapex
|-supereffective|p1a: Toxapex
|-damage|p1a: Toxapex|39/100
|-unboost|p1a: Toxapex|spd|1
|move|p1a: Toxapex|Knock Off|p2a: Heatran
|-damage|p2a: Heatran|0 fnt
|faint|p2a: Heatran
|
|-weather|Sandstorm|[upkeep]
|-damage|p1a: Toxapex|33/100|[from] Sandstorm
|upkeep
|
|t:|1665702437
|switch|p2a: Weavile|Weavile, M|100/100
|-ability|p2a: Weavile|Pressure
|turn|69
|
|t:|1665702460
|move|p2a: Weavile|Knock Off|p1a: Toxapex
|-damage|p1a: Toxapex|0 fnt
|-enditem|p1a: Toxapex|Shed Shell|[from] move: Knock Off|[of] p2a: Weavile
|faint|p1a: Toxapex
|
|-weather|none
|upkeep
|
|t:|1665702463
|switch|p1a: Tornadus|Tornadus-Therian, M|60/100
|turn|70
|
|t:|1665702465
|move|p2a: Weavile|Knock Off|p1a: Tornadus
|-damage|p1a: Tornadus|0 fnt
|-enditem|p1a: Tornadus|Heavy-Duty Boots|[from] move: Knock Off|[of] p2a: Weavile
|faint|p1a: Tornadus
|
|upkeep
|j| cypherstest
|
|t:|1665702468
|switch|p1a: Chansey|Chansey, F|100/100
|-damage|p1a: Chansey|88/100|[from] Stealth Rock
|turn|71
|
|t:|1665702471
|move|p2a: Weavile|Knock Off|p1a: Chansey
|-damage|p1a: Chansey|39/100
|-enditem|p1a: Chansey|Eviolite|[from] move: Knock Off|[of] p2a: Weavile
|move|p1a: Chansey|Soft-Boiled|p1a: Chansey
|-heal|p1a: Chansey|89/100
|
|upkeep
|turn|72
|
|t:|1665702475
|move|p2a: Weavile|Knock Off|p1a: Chansey
|-damage|p1a: Chansey|40/100
|move|p1a: Chansey|Soft-Boiled|p1a: Chansey
|-heal|p1a: Chansey|90/100
|
|upkeep
|turn|73
|
|t:|1665702477
|move|p2a: Weavile|Knock Off|p1a: Chansey
|-damage|p1a: Chansey|40/100
|move|p1a: Chansey|Soft-Boiled|p1a: Chansey
|-heal|p1a: Chansey|90/100
|
|upkeep
|turn|74
|
|t:|1665702488
|move|p2a: Weavile|Knock Off|p1a: Chansey
|-damage|p1a: Chansey|46/100
|move|p1a: Chansey|Thunder Wave|p2a: Weavile
|-status|p2a: Weavile|par
|
|upkeep
|turn|75
|
|t:|1665702490
|cant|p2a: Weavile|par
|move|p1a: Chansey|Soft-Boiled|p1a: Chansey
|-heal|p1a: Chansey|96/100
|
|upkeep
|turn|76
|
|t:|1665702494
|cant|p2a: Weavile|par
|move|p1a: Chansey|Soft-Boiled|p1a: Chansey
|-heal|p1a: Chansey|100/100
|
|upkeep
|turn|77
|
|t:|1665702496
|cant|p2a: Weavile|par
|move|p1a: Chansey|Seismic Toss|p2a: Weavile
|-damage|p2a: Weavile|65/100 par
|
|upkeep
|turn|78
|
|t:|1665702497
|move|p2a: Weavile|Knock Off|p1a: Chansey
|-damage|p1a: Chansey|56/100
|move|p1a: Chansey|Seismic Toss|p2a: Weavile
|-damage|p2a: Weavile|29/100 par
|
|upkeep
|turn|79
|
|t:|1665702500
|move|p2a: Weavile|Knock Off|p1a: Chansey
|-crit|p1a: Chansey
|-damage|p1a: Chansey|0 fnt
|faint|p1a: Chansey
|
|win|minimax_ai
|raw|Highv0ltag3's rating: 1733 &rarr; <strong>1710</strong><br />(-23 for losing)
|raw|minimax_ai's rating: 1679 &rarr; <strong>1702</strong><br />(+23 for winning)
