|j|☆Mutako Z
|j|☆Gaylarian
|t:|1652063236
|gametype|singles
|player|p1|Mutako Z|cynthia-gen4|1628
|player|p2|Gaylarian|swimmer-gen4|1553
|teamsize|p1|6
|teamsize|p2|6
|gen|8
|tier|[Gen 8] OU
|rated|
|rule|Sleep Clause Mod: Limit one foe put to sleep
|rule|Species Clause: Limit one of each Pokémon
|rule|OHKO Clause: OHKO moves are banned
|rule|Evasion Moves Clause: Evasion moves are banned
|rule|Endless Battle Clause: Forcing endless battles is banned
|rule|HP Percentage Mod: HP is shown in percentages
|rule|Dynamax Clause: You cannot dynamax
|clearpoke
|poke|p1|Hippowdon, F|
|poke|p1|Tyranitar, M|
|poke|p1|Excadrill, M|
|poke|p1|Dracozolt|
|poke|p1|Zapdos|
|poke|p1|Scizor, M|
|poke|p2|Crawdaunt, M|
|poke|p2|Zapdos|
|poke|p2|Ferrothorn, M|
|poke|p2|Slowbro, M|
|poke|p2|Landorus-Therian, M|
|poke|p2|Heatran, M|
|teampreview
|
|t:|1652063245
|start
|switch|p1a: Tyranitar|Tyranitar, M|100/100
|switch|p2a: Crawdaunt|Crawdaunt, M|100/100
|-weather|Sandstorm|[from] ability: Sand Stream|[of] p1a: Tyranitar
|turn|1
|j| Lightchanseyy
|
|t:|1652063262
|switch|p1a: Scizor|Scizor, M|100/100
|move|p2a: Crawdaunt|Crabhammer|p1a: Scizor
|-damage|p1a: Scizor|12/100
|-damage|p2a: Crawdaunt|84/100|[from] item: Rocky Helmet|[of] p1a: Scizor
|
|-weather|Sandstorm|[upkeep]
|-damage|p2a: Crawdaunt|78/100|[from] Sandstorm
|upkeep
|turn|2
|l| Lightchanseyy
|
|t:|1652063274
|switch|p1a: Zapdos|Zapdos|100/100
|move|p2a: Crawdaunt|Crabhammer|p1a: Zapdos
|-damage|p1a: Zapdos|0 fnt
|-status|p2a: Crawdaunt|par|[from] ability: Static|[of] p1a: Zapdos
|faint|p1a: Zapdos
|
|-weather|Sandstorm|[upkeep]
|-damage|p2a: Crawdaunt|72/100 par|[from] Sandstorm
|upkeep
|
|t:|1652063286
|switch|p1a: Dracozolt|Dracozolt|100/100
|turn|3
|
|t:|1652063292
|switch|p2a: Ferrothorn|Ferrothorn, M|100/100
|move|p1a: Dracozolt|Draco Meteor|p2a: Ferrothorn
|-resisted|p2a: Ferrothorn
|-damage|p2a: Ferrothorn|77/100
|-unboost|p1a: Dracozolt|spa|2
|-damage|p1a: Dracozolt|91/100|[from] item: Life Orb
|
|-weather|Sandstorm|[upkeep]
|-heal|p2a: Ferrothorn|83/100|[from] item: Leftovers
|upkeep
|turn|4
|
|t:|1652063307
|switch|p1a: Scizor|Scizor, M|12/100
|switch|p2a: Landorus|Landorus-Therian, M|100/100
|-ability|p2a: Landorus|Intimidate|boost
|-unboost|p1a: Scizor|atk|1
|
|-weather|Sandstorm|[upkeep]
|upkeep
|turn|5
|
|t:|1652063315
|move|p2a: Landorus|Earthquake|p1a: Scizor
|-damage|p1a: Scizor|0 fnt
|faint|p1a: Scizor
|
|-weather|none
|upkeep
|
|t:|1652063319
|switch|p1a: Tyranitar|Tyranitar, M|100/100
|-weather|Sandstorm|[from] ability: Sand Stream|[of] p1a: Tyranitar
|turn|6
|
|t:|1652063326
|switch|p2a: Slowbro|Slowbro, M|100/100
|move|p1a: Tyranitar|Dragon Dance|p1a: Tyranitar
|-boost|p1a: Tyranitar|atk|1
|-boost|p1a: Tyranitar|spe|1
|
|-weather|Sandstorm|[upkeep]
|-damage|p2a: Slowbro|94/100|[from] Sandstorm
|upkeep
|turn|7
|
|t:|1652063342
|switch|p1a: Dracozolt|Dracozolt|91/100
|move|p2a: Slowbro|Body Press|p1a: Dracozolt
|-damage|p1a: Dracozolt|58/100
|
|-weather|Sandstorm|[upkeep]
|-damage|p2a: Slowbro|88/100|[from] Sandstorm
|upkeep
|turn|8
|
|t:|1652063351
|switch|p2a: Heatran|Heatran, M|100/100
|move|p1a: Dracozolt|Bolt Beak|p2a: Heatran
|-damage|p2a: Heatran|26/100
|-damage|p1a: Dracozolt|48/100|[from] item: Life Orb
|
|-weather|Sandstorm|[upkeep]
|-heal|p2a: Heatran|32/100|[from] item: Leftovers
|upkeep
|turn|9
|
|t:|1652063362
|switch|p2a: Ferrothorn|Ferrothorn, M|83/100
|move|p1a: Dracozolt|Bolt Beak|p2a: Ferrothorn
|-resisted|p2a: Ferrothorn
|-damage|p2a: Ferrothorn|58/100
|-damage|p1a: Dracozolt|35/100|[from] ability: Iron Barbs|[of] p2a: Ferrothorn
|-damage|p1a: Dracozolt|25/100|[from] item: Life Orb
|
|-weather|Sandstorm|[upkeep]
|-heal|p2a: Ferrothorn|64/100|[from] item: Leftovers
|upkeep
|turn|10
|
|t:|1652063373
|switch|p2a: Landorus|Landorus-Therian, M|100/100
|-ability|p2a: Landorus|Intimidate|boost
|-unboost|p1a: Dracozolt|atk|1
|move|p1a: Dracozolt|Fire Blast|p2a: Landorus|[miss]
|-miss|p1a: Dracozolt|p2a: Landorus
|
|-weather|none
|upkeep
|turn|11
|
|t:|1652063383
|switch|p1a: Hippowdon|Hippowdon, F|100/100
|-weather|Sandstorm|[from] ability: Sand Stream|[of] p1a: Hippowdon
|move|p2a: Landorus|Swords Dance|p2a: Landorus
|-boost|p2a: Landorus|atk|2
|
|-weather|Sandstorm|[upkeep]
|upkeep
|turn|12
|
|t:|1652063390
|move|p2a: Landorus|Substitute|p2a: Landorus
|-start|p2a: Landorus|Substitute
|-damage|p2a: Landorus|76/100
|move|p1a: Hippowdon|Ice Fang|p2a: Landorus
|-supereffective|p2a: Landorus
|-end|p2a: Landorus|Substitute
|
|-weather|Sandstorm|[upkeep]
|-heal|p2a: Landorus|82/100|[from] item: Leftovers
|upkeep
|turn|13
|
|t:|1652063399
|move|p2a: Landorus|Earthquake|p1a: Hippowdon
|-damage|p1a: Hippowdon|55/100
|move|p1a: Hippowdon|Ice Fang|p2a: Landorus|[miss]
|-miss|p1a: Hippowdon|p2a: Landorus
|
|-weather|Sandstorm|[upkeep]
|-heal|p2a: Landorus|88/100|[from] item: Leftovers
|upkeep
|turn|14
|
|t:|1652063408
|move|p2a: Landorus|Earthquake|p1a: Hippowdon
|-damage|p1a: Hippowdon|3/100
|move|p1a: Hippowdon|Ice Fang|p2a: Landorus
|-supereffective|p2a: Landorus
|-damage|p2a: Landorus|23/100
|
|-weather|Sandstorm|[upkeep]
|-heal|p2a: Landorus|29/100|[from] item: Leftovers
|upkeep
|turn|15
|
|t:|1652063416
|move|p2a: Landorus|Earthquake|p1a: Hippowdon
|-damage|p1a: Hippowdon|0 fnt
|faint|p1a: Hippowdon
|
|-weather|Sandstorm|[upkeep]
|-heal|p2a: Landorus|35/100|[from] item: Leftovers
|upkeep
|
|t:|1652063427
|switch|p1a: Excadrill|Excadrill, M|100/100
|turn|16
|
|t:|1652063431
|switch|p2a: Slowbro|Slowbro, M|100/100
|move|p1a: Excadrill|Iron Head|p2a: Slowbro
|-resisted|p2a: Slowbro
|-damage|p2a: Slowbro|82/100
|-damage|p1a: Excadrill|84/100|[from] item: Rocky Helmet|[of] p2a: Slowbro
|-damage|p1a: Excadrill|74/100|[from] item: Life Orb
|
|-weather|Sandstorm|[upkeep]
|-damage|p2a: Slowbro|76/100|[from] Sandstorm
|upkeep
|turn|17
|
|t:|1652063441
|switch|p1a: Dracozolt|Dracozolt|25/100
|move|p2a: Slowbro|Teleport|p2a: Slowbro
|
|t:|1652063447
|switch|p2a: Zapdos|Zapdos, shiny|100/100|[from]move: Teleport
|
|-weather|Sandstorm|[upkeep]
|-damage|p2a: Zapdos|94/100|[from] Sandstorm
|upkeep
|turn|18
|
|t:|1652063456
|move|p1a: Dracozolt|Bolt Beak|p2a: Zapdos
|-damage|p2a: Zapdos|11/100
|-damage|p1a: Dracozolt|15/100|[from] item: Life Orb
|move|p2a: Zapdos|Roost|p2a: Zapdos
|-heal|p2a: Zapdos|61/100
|-singleturn|p2a: Zapdos|move: Roost
|
|-weather|none
|upkeep
|turn|19
|
|t:|1652063464
|move|p2a: Zapdos|Volt Switch|p1a: Dracozolt
|-resisted|p1a: Dracozolt
|-damage|p1a: Dracozolt|5/100
|
|t:|1652063468
|switch|p2a: Ferrothorn|Ferrothorn, M|64/100|[from]move: Volt Switch
|move|p1a: Dracozolt|Bolt Beak|p2a: Ferrothorn
|-resisted|p2a: Ferrothorn
|-damage|p2a: Ferrothorn|37/100
|-damage|p1a: Dracozolt|0 fnt|[from] ability: Iron Barbs|[of] p2a: Ferrothorn
|faint|p1a: Dracozolt
|
|-heal|p2a: Ferrothorn|44/100|[from] item: Leftovers
|upkeep
|
|t:|1652063478
|switch|p1a: Tyranitar|Tyranitar, M|100/100
|-weather|Sandstorm|[from] ability: Sand Stream|[of] p1a: Tyranitar
|turn|20
|
|t:|1652063484
|move|p1a: Tyranitar|Dragon Dance|p1a: Tyranitar
|-boost|p1a: Tyranitar|atk|1
|-boost|p1a: Tyranitar|spe|1
|move|p2a: Ferrothorn|Body Press|p1a: Tyranitar
|-supereffective|p1a: Tyranitar
|-damage|p1a: Tyranitar|0 fnt
|faint|p1a: Tyranitar
|
|-weather|Sandstorm|[upkeep]
|-heal|p2a: Ferrothorn|50/100|[from] item: Leftovers
|upkeep
|
|t:|1652063492
|switch|p1a: Excadrill|Excadrill, M|74/100
|turn|21
|
|t:|1652063496
|move|p1a: Excadrill|Earthquake|p2a: Ferrothorn
|-damage|p2a: Ferrothorn|8/100
|-damage|p1a: Excadrill|64/100|[from] item: Life Orb
|move|p2a: Ferrothorn|Body Press|p1a: Excadrill
|-supereffective|p1a: Excadrill
|-damage|p1a: Excadrill|0 fnt
|faint|p1a: Excadrill
|
|win|Gaylarian
|raw|Mutako Z's rating: 1628 &rarr; <strong>1604</strong><br />(-24 for losing)
|raw|Gaylarian's rating: 1553 &rarr; <strong>1577</strong><br />(+24 for winning)
|l|☆Mutako Z
