|j|☆Adel19
|j|☆Titout
|t:|1653891483
|gametype|singles
|player|p1|Adel19|101|1825
|player|p2|Titout|170|1794
|teamsize|p1|6
|teamsize|p2|6
|gen|8
|tier|[Gen 8] OU
|rated|
|rule|Sleep Clause Mod: Limit one foe put to sleep
|rule|Species Clause: Limit one of each Pokémon
|rule|OHKO Clause: OHKO moves are banned
|rule|Evasion Moves Clause: Evasion moves are banned
|rule|Endless Battle Clause: Forcing endless battles is banned
|rule|HP Percentage Mod: HP is shown in percentages
|rule|Dynamax Clause: You cannot dynamax
|clearpoke
|poke|p1|Landorus-Therian, M|
|poke|p1|Zeraora|
|poke|p1|Kartana|
|poke|p1|Tapu Fini|
|poke|p1|Blissey, F|
|poke|p1|Tapu Lele|
|poke|p2|Pelipper, F|
|poke|p2|Barraskewda, F|
|poke|p2|Ludicolo, F|
|poke|p2|Zapdos|
|poke|p2|Ferrothorn, M|
|poke|p2|Drednaw, M|
|teampreview
|inactive|Battle timer is ON: inactive players will automatically lose when time's up. (requested by Adel19)
|
|t:|1653891512
|start
|switch|p1a: Tapu Lele|Tapu Lele|100/100
|switch|p2a: Pelipper|Pelipper, F|100/100
|-fieldstart|move: Psychic Terrain|[from] ability: Psychic Surge|[of] p1a: Tapu Lele
|-weather|RainDance|[from] ability: Drizzle|[of] p2a: Pelipper
|turn|1
|
|t:|1653891514
|switch|p2a: Ferrothorn|Ferrothorn, M|100/100
|move|p1a: Tapu Lele|Psychic|p2a: Ferrothorn
|-resisted|p2a: Ferrothorn
|-damage|p2a: Ferrothorn|72/100
|
|-weather|RainDance|[upkeep]
|-heal|p2a: Ferrothorn|79/100|[from] item: Leftovers
|upkeep
|turn|2
|
|t:|1653891520
|switch|p1a: Kartana|Kartana|100/100
|switch|p2a: Ludicolo|Ludicolo, F|100/100
|
|-weather|RainDance|[upkeep]
|upkeep
|turn|3
|
|t:|1653891524
|switch|p1a: Blissey|Blissey, F|100/100
|move|p2a: Ludicolo|Surf|p1a: Blissey
|-damage|p1a: Blissey|70/100
|-damage|p2a: Ludicolo|91/100|[from] item: Life Orb
|
|-weather|RainDance|[upkeep]
|upkeep
|turn|4
|
|t:|1653891529
|switch|p2a: Barraskewda|Barraskewda, F|100/100
|move|p1a: Blissey|Stealth Rock|p2a: Barraskewda
|-sidestart|p2: Titout|move: Stealth Rock
|
|-weather|RainDance|[upkeep]
|upkeep
|turn|5
|
|t:|1653891532
|switch|p1a: Tapu Fini|Tapu Fini|100/100
|-fieldstart|move: Misty Terrain|[from] ability: Misty Surge|[of] p1a: Tapu Fini
|move|p2a: Barraskewda|Flip Turn|p1a: Tapu Fini
|-resisted|p1a: Tapu Fini
|-damage|p1a: Tapu Fini|73/100
|
|t:|1653891537
|switch|p2a: Zapdos|Zapdos|100/100|[from]move: Flip Turn
|
|-weather|RainDance|[upkeep]
|-heal|p1a: Tapu Fini|80/100|[from] item: Leftovers
|upkeep
|turn|6
|
|t:|1653891540
|switch|p1a: Blissey|Blissey, F|70/100
|move|p2a: Zapdos|Volt Switch|p1a: Blissey
|-damage|p1a: Blissey|57/100
|
|t:|1653891542
|switch|p2a: Barraskewda|Barraskewda, F|100/100|[from]move: Volt Switch
|-damage|p2a: Barraskewda|88/100|[from] Stealth Rock
|
|-weather|RainDance|[upkeep]
|upkeep
|turn|7
|
|t:|1653891547
|switch|p1a: Tapu Fini|Tapu Fini|80/100
|move|p2a: Barraskewda|Flip Turn|p1a: Tapu Fini
|-resisted|p1a: Tapu Fini
|-damage|p1a: Tapu Fini|52/100
|
|t:|1653891550
|switch|p2a: Zapdos|Zapdos|100/100|[from]move: Flip Turn
|
|-weather|RainDance|[upkeep]
|-heal|p1a: Tapu Fini|58/100|[from] item: Leftovers
|upkeep
|turn|8
|
|t:|1653891555
|switch|p1a: Blissey|Blissey, F|57/100
|move|p2a: Zapdos|Hurricane|p1a: Blissey
|-damage|p1a: Blissey|38/100
|
|-weather|none
|upkeep
|turn|9
|j| Current Clown
|
|t:|1653891564
|move|p2a: Zapdos|Volt Switch|p1a: Blissey
|-damage|p1a: Blissey|25/100
|
|t:|1653891567
|switch|p2a: Drednaw|Drednaw, M|100/100|[from]move: Volt Switch
|-damage|p2a: Drednaw|88/100|[from] Stealth Rock
|move|p1a: Blissey|Soft-Boiled|p1a: Blissey
|-heal|p1a: Blissey|75/100
|
|-fieldend|Misty Terrain
|upkeep
|turn|10
|
|t:|1653891573
|switch|p1a: Kartana|Kartana|100/100
|move|p2a: Drednaw|Swords Dance|p2a: Drednaw
|-boost|p2a: Drednaw|atk|2
|
|upkeep
|turn|11
|
|t:|1653891582
|switch|p2a: Zapdos|Zapdos|100/100
|move|p1a: Kartana|Leaf Blade|p2a: Zapdos
|-resisted|p2a: Zapdos
|-damage|p2a: Zapdos|74/100
|
|upkeep
|turn|12
|
|t:|1653891588
|switch|p1a: Blissey|Blissey, F|75/100
|move|p2a: Zapdos|Volt Switch|p1a: Blissey
|-damage|p1a: Blissey|61/100
|
|t:|1653891591
|switch|p2a: Pelipper|Pelipper, F|100/100|[from]move: Volt Switch
|-damage|p2a: Pelipper|75/100|[from] Stealth Rock
|-weather|RainDance|[from] ability: Drizzle|[of] p2a: Pelipper
|
|-weather|RainDance|[upkeep]
|upkeep
|turn|13
|
|t:|1653891598
|switch|p1a: Tapu Fini|Tapu Fini|58/100
|-fieldstart|move: Misty Terrain|[from] ability: Misty Surge|[of] p1a: Tapu Fini
|move|p2a: Pelipper|Defog|p1a: Tapu Fini
|-unboost|p1a: Tapu Fini|evasion|1
|-sideend|p2: Titout|Stealth Rock|[from] move: Defog|[of] p2a: Pelipper
|-fieldend|Misty Terrain
|
|-weather|RainDance|[upkeep]
|-heal|p1a: Tapu Fini|64/100|[from] item: Leftovers
|upkeep
|turn|14
|
|t:|1653891605
|switch|p2a: Ferrothorn|Ferrothorn, M|79/100
|move|p1a: Tapu Fini|Moonblast|p2a: Ferrothorn
|-resisted|p2a: Ferrothorn
|-damage|p2a: Ferrothorn|68/100
|
|-weather|RainDance|[upkeep]
|-heal|p1a: Tapu Fini|70/100|[from] item: Leftovers
|-heal|p2a: Ferrothorn|74/100|[from] item: Leftovers
|upkeep
|turn|15
|
|t:|1653891617
|move|p1a: Tapu Fini|Taunt|p2a: Ferrothorn
|-start|p2a: Ferrothorn|move: Taunt
|cant|p2a: Ferrothorn|move: Taunt|Stealth Rock
|
|-weather|RainDance|[upkeep]
|-heal|p1a: Tapu Fini|76/100|[from] item: Leftovers
|-heal|p2a: Ferrothorn|80/100|[from] item: Leftovers
|upkeep
|turn|16
|
|t:|1653891621
|switch|p1a: Kartana|Kartana|100/100
|switch|p2a: Ludicolo|Ludicolo, F|91/100
|
|-weather|RainDance|[upkeep]
|upkeep
|turn|17
|
|t:|1653891626
|switch|p1a: Blissey|Blissey, F|61/100
|move|p2a: Ludicolo|Surf|p1a: Blissey
|-damage|p1a: Blissey|32/100
|-damage|p2a: Ludicolo|81/100|[from] item: Life Orb
|
|-weather|RainDance|[upkeep]
|upkeep
|turn|18
|
|t:|1653891648
|switch|p2a: Barraskewda|Barraskewda, F|88/100
|move|p1a: Blissey|Soft-Boiled|p1a: Blissey
|-heal|p1a: Blissey|82/100
|
|-weather|RainDance|[upkeep]
|upkeep
|turn|19
|
|t:|1653891651
|switch|p1a: Tapu Fini|Tapu Fini|76/100
|-fieldstart|move: Misty Terrain|[from] ability: Misty Surge|[of] p1a: Tapu Fini
|move|p2a: Barraskewda|Flip Turn|p1a: Tapu Fini
|-resisted|p1a: Tapu Fini
|-damage|p1a: Tapu Fini|52/100
|
|t:|1653891654
|switch|p2a: Zapdos|Zapdos|74/100|[from]move: Flip Turn
|
|-weather|none
|-heal|p1a: Tapu Fini|58/100|[from] item: Leftovers
|upkeep
|turn|20
|
|t:|1653891662
|switch|p2a: Pelipper|Pelipper, F|75/100
|-weather|RainDance|[from] ability: Drizzle|[of] p2a: Pelipper
|switch|p1a: Landorus|Landorus-Therian, M|100/100
|-ability|p1a: Landorus|Intimidate|boost
|-unboost|p2a: Pelipper|atk|1
|
|-weather|RainDance|[upkeep]
|upkeep
|turn|21
|
|t:|1653891665
|move|p1a: Landorus|Stone Edge|p2a: Pelipper
|-supereffective|p2a: Pelipper
|-damage|p2a: Pelipper|17/100
|move|p2a: Pelipper|U-turn|p1a: Landorus
|-resisted|p1a: Landorus
|-damage|p1a: Landorus|97/100
|
|t:|1653891670
|switch|p2a: Barraskewda|Barraskewda, F|88/100|[from]move: U-turn
|
|-weather|RainDance|[upkeep]
|upkeep
|turn|22
|
|t:|1653891677
|switch|p1a: Tapu Fini|Tapu Fini|58/100
|move|p2a: Barraskewda|Flip Turn|p1a: Tapu Fini
|-resisted|p1a: Tapu Fini
|-damage|p1a: Tapu Fini|32/100
|
|t:|1653891679
|switch|p2a: Drednaw|Drednaw, M|88/100|[from]move: Flip Turn
|
|-weather|RainDance|[upkeep]
|-heal|p1a: Tapu Fini|38/100|[from] item: Leftovers
|upkeep
|turn|23
|
|t:|1653891684
|move|p2a: Drednaw|Swords Dance|p2a: Drednaw
|-boost|p2a: Drednaw|atk|2
|move|p1a: Tapu Fini|Surf|p2a: Drednaw
|-damage|p2a: Drednaw|10/100
|
|-weather|RainDance|[upkeep]
|-heal|p1a: Tapu Fini|44/100|[from] item: Leftovers
|-fieldend|Misty Terrain
|upkeep
|turn|24
|
|t:|1653891688
|move|p2a: Drednaw|Liquidation|p1a: Tapu Fini
|-resisted|p1a: Tapu Fini
|-crit|p1a: Tapu Fini
|-damage|p1a: Tapu Fini|0 fnt
|faint|p1a: Tapu Fini
|-damage|p2a: Drednaw|0 fnt|[from] item: Life Orb
|faint|p2a: Drednaw
|
|-weather|RainDance|[upkeep]
|upkeep
|j| uasdhybfjhsbf
|l| uasdhybfjhsbf
|inactive|Adel19 has 120 seconds left.
|
|t:|1653891721
|switch|p2a: Barraskewda|Barraskewda, F|88/100
|switch|p1a: Landorus|Landorus-Therian, M|97/100
|-ability|p1a: Landorus|Intimidate|boost
|-unboost|p2a: Barraskewda|atk|1
|turn|25
|
|t:|1653891724
|switch|p1a: Kartana|Kartana|100/100
|move|p2a: Barraskewda|Liquidation|p1a: Kartana
|-resisted|p1a: Kartana
|-damage|p1a: Kartana|69/100
|
|-weather|RainDance|[upkeep]
|upkeep
|turn|26
|
|t:|1653891729
|switch|p2a: Zapdos|Zapdos|74/100
|move|p1a: Kartana|Knock Off|p2a: Zapdos
|-damage|p2a: Zapdos|33/100
|-enditem|p2a: Zapdos|Heavy-Duty Boots|[from] move: Knock Off|[of] p1a: Kartana
|
|-weather|RainDance|[upkeep]
|upkeep
|turn|27
|j| hxxx185h
|
|t:|1653891734
|switch|p1a: Landorus|Landorus-Therian, M|97/100
|-ability|p1a: Landorus|Intimidate|boost
|-unboost|p2a: Zapdos|atk|1
|move|p2a: Zapdos|Roost|p2a: Zapdos
|-heal|p2a: Zapdos|83/100
|-singleturn|p2a: Zapdos|move: Roost
|
|-weather|none
|upkeep
|turn|28
|
|t:|1653891749
|switch|p1a: Blissey|Blissey, F|82/100
|move|p2a: Zapdos|Hurricane|p1a: Blissey|[miss]
|-miss|p2a: Zapdos|p1a: Blissey
|
|upkeep
|turn|29
|
|t:|1653891753
|switch|p2a: Pelipper|Pelipper, F|17/100
|-weather|RainDance|[from] ability: Drizzle|[of] p2a: Pelipper
|move|p1a: Blissey|Stealth Rock|p2a: Pelipper
|-sidestart|p2: Titout|move: Stealth Rock
|
|-weather|RainDance|[upkeep]
|upkeep
|turn|30
|
|t:|1653891755
|move|p2a: Pelipper|Defog|p1a: Blissey
|-unboost|p1a: Blissey|evasion|1
|-sideend|p2: Titout|Stealth Rock|[from] move: Defog|[of] p2a: Pelipper
|move|p1a: Blissey|Seismic Toss|p2a: Pelipper
|-damage|p2a: Pelipper|0 fnt
|faint|p2a: Pelipper
|
|-weather|RainDance|[upkeep]
|upkeep
|
|t:|1653891758
|switch|p2a: Barraskewda|Barraskewda, F|88/100
|turn|31
|
|t:|1653891770
|switch|p1a: Landorus|Landorus-Therian, M|97/100
|-ability|p1a: Landorus|Intimidate|boost
|-unboost|p2a: Barraskewda|atk|1
|move|p2a: Barraskewda|Liquidation|p1a: Landorus
|-supereffective|p1a: Landorus
|-damage|p1a: Landorus|0 fnt
|faint|p1a: Landorus
|
|-weather|RainDance|[upkeep]
|upkeep
|inactive|Adel19 has 120 seconds left.
|
|t:|1653891803
|switch|p1a: Kartana|Kartana|69/100
|turn|32
|
|t:|1653891807
|switch|p2a: Zapdos|Zapdos|83/100
|move|p1a: Kartana|Leaf Blade|p2a: Zapdos
|-resisted|p2a: Zapdos
|-damage|p2a: Zapdos|54/100
|
|-weather|RainDance|[upkeep]
|upkeep
|turn|33
|
|t:|1653891818
|move|p1a: Kartana|Swords Dance|p1a: Kartana
|-boost|p1a: Kartana|atk|2
|move|p2a: Zapdos|Volt Switch|p1a: Kartana
|-resisted|p1a: Kartana
|-damage|p1a: Kartana|25/100
|
|t:|1653891820
|switch|p2a: Barraskewda|Barraskewda, F|88/100|[from]move: Volt Switch
|
|-weather|RainDance|[upkeep]
|upkeep
|turn|34
|
|t:|1653891829
|move|p2a: Barraskewda|Liquidation|p1a: Kartana
|-resisted|p1a: Kartana
|-damage|p1a: Kartana|0 fnt
|faint|p1a: Kartana
|
|-weather|RainDance|[upkeep]
|upkeep
|
|t:|1653891837
|switch|p1a: Blissey|Blissey, F|82/100
|turn|35
|
|t:|1653891839
|move|p2a: Barraskewda|Liquidation|p1a: Blissey
|-damage|p1a: Blissey|0 fnt
|faint|p1a: Blissey
|
|-weather|RainDance|[upkeep]
|upkeep
|
|t:|1653891841
|switch|p1a: Tapu Lele|Tapu Lele|100/100
|-fieldstart|move: Psychic Terrain|[from] ability: Psychic Surge|[of] p1a: Tapu Lele
|turn|36
|
|t:|1653891843
|move|p2a: Barraskewda|Liquidation|p1a: Tapu Lele
|-damage|p1a: Tapu Lele|0 fnt
|faint|p1a: Tapu Lele
|
|-weather|none
|upkeep
|
|t:|1653891844
|switch|p1a: Zeraora|Zeraora|100/100
|turn|37
|
|t:|1653891851
|move|p1a: Zeraora|Bulk Up|p1a: Zeraora
|-boost|p1a: Zeraora|atk|1
|-boost|p1a: Zeraora|def|1
|move|p2a: Barraskewda|Liquidation|p1a: Zeraora
|-damage|p1a: Zeraora|34/100
|
|upkeep
|turn|38
|
|t:|1653891858
|switch|p2a: Ferrothorn|Ferrothorn, M|80/100
|move|p1a: Zeraora|Plasma Fists|p2a: Ferrothorn
|-resisted|p2a: Ferrothorn
|-damage|p2a: Ferrothorn|52/100
|-fieldactivate|move: Ion Deluge
|-hint|Normal-type moves become Electric-type after using Plasma Fists.
|-damage|p1a: Zeraora|22/100|[from] ability: Iron Barbs|[of] p2a: Ferrothorn
|
|-heal|p2a: Ferrothorn|58/100|[from] item: Leftovers
|upkeep
|turn|39
|
|t:|1653891866
|switch|p2a: Zapdos|Zapdos|54/100
|move|p1a: Zeraora|Drain Punch|p2a: Zapdos
|-resisted|p2a: Zapdos
|-damage|p2a: Zapdos|33/100
|-heal|p1a: Zeraora|33/100|[from] drain|[of] p2a: Zapdos
|
|upkeep
|turn|40
|
|t:|1653891877
|move|p1a: Zeraora|Plasma Fists|p2a: Zapdos
|-damage|p2a: Zapdos|0 fnt
|-fieldactivate|move: Ion Deluge
|-hint|Normal-type moves become Electric-type after using Plasma Fists.
|faint|p2a: Zapdos
|
|-fieldend|move: Psychic Terrain
|upkeep
|
|t:|1653891882
|switch|p2a: Ludicolo|Ludicolo, F|81/100
|turn|41
|
|t:|1653891885
|move|p1a: Zeraora|Plasma Fists|p2a: Ludicolo
|-damage|p2a: Ludicolo|0 fnt
|-fieldactivate|move: Ion Deluge
|-hint|Normal-type moves become Electric-type after using Plasma Fists.
|faint|p2a: Ludicolo
|
|upkeep
|
|t:|1653891890
|switch|p2a: Ferrothorn|Ferrothorn, M|58/100
|turn|42
|
|t:|1653891895
|move|p1a: Zeraora|Drain Punch|p2a: Ferrothorn
|-supereffective|p2a: Ferrothorn
|-damage|p2a: Ferrothorn|0 fnt
|-heal|p1a: Zeraora|65/100|[from] drain|[of] p2a: Ferrothorn
|-damage|p1a: Zeraora|53/100|[from] ability: Iron Barbs|[of] p2a: Ferrothorn
|faint|p2a: Ferrothorn
|
|upkeep
|
|t:|1653891897
|switch|p2a: Barraskewda|Barraskewda, F|88/100
|turn|43
|
|t:|1653891899
|move|p1a: Zeraora|Plasma Fists|p2a: Barraskewda
|-supereffective|p2a: Barraskewda
|-damage|p2a: Barraskewda|0 fnt
|-fieldactivate|move: Ion Deluge
|-hint|Normal-type moves become Electric-type after using Plasma Fists.
|faint|p2a: Barraskewda
|
|win|Adel19
|raw|Adel19's rating: 1825 &rarr; <strong>1843</strong><br />(+18 for winning)
|raw|Titout's rating: 1794 &rarr; <strong>1776</strong><br />(-18 for losing)
|l|☆Titout
