|j|☆GuardArc
|j|☆CrazyFox
|t:|1608690268
|player|p1|GuardArc|alder|
|player|p2|CrazyFox|1|
|teamsize|p1|6
|teamsize|p2|6
|gametype|singles
|gen|8
|tier|[Gen 8] OU
|clearpoke
|poke|p1|Spectrier|
|poke|p1|Urshifu-*, F|
|poke|p1|Slowbro, F|
|poke|p1|Tapu Koko|
|poke|p1|Moltres|
|poke|p1|Ferrothorn, M|
|poke|p2|Heatran, F|
|poke|p2|Slowking-Galar, M|
|poke|p2|Rillaboom, F|
|poke|p2|Clefable, M|
|poke|p2|Moltres|
|poke|p2|Urshifu-*, F|
|rule|Sleep Clause Mod: Limit one foe put to sleep
|rule|Species Clause: Limit one of each Pokémon
|rule|OHKO Clause: OHKO moves are banned
|rule|Evasion Moves Clause: Evasion moves are banned
|rule|Endless Battle Clause: Forcing endless battles is banned
|rule|HP Percentage Mod: HP is shown in percentages
|rule|Dynamax Clause: You cannot dynamax
|teampreview
|c|☆CrazyFox|Gl hf again =)
|l|☆GuardArc
|player|p1|
|j|☆GuardArc
|player|p1|GuardArc|alder
|c|☆GuardArc|sorry back now lol gl hf
|j| Larry GT
|j| Pelucas
|j| Venom94
|c|☆CrazyFox|Yeah no biggie haha
|l| Venom94
|j| fuck christmas
|
|t:|1608690376
|start
|switch|p1a: Tapu Koko|Tapu Koko|100/100
|switch|p2a: Rillaboom|Rillaboom, F|100/100
|-fieldstart|move: Electric Terrain|[from] ability: Electric Surge|[of] p1a: Tapu Koko
|-fieldstart|move: Grassy Terrain|[from] ability: Grassy Surge|[of] p2a: Rillaboom
|turn|1
|l| Pelucas
|
|t:|1608690404
|switch|p1a: Moltres|Moltres|100/100
|move|p2a: Rillaboom|Knock Off|p1a: Moltres
|-damage|p1a: Moltres|65/100
|-enditem|p1a: Moltres|Heavy-Duty Boots|[from] move: Knock Off|[of] p2a: Rillaboom
|
|upkeep
|turn|2
|
|t:|1608690443
|switch|p2a: Moltres|Moltres|100/100
|move|p1a: Moltres|Roost|p1a: Moltres
|-heal|p1a: Moltres|100/100
|-singleturn|p1a: Moltres|move: Roost
|
|upkeep
|turn|3
|
|t:|1608690454
|switch|p1a: Tapu Koko|Tapu Koko|100/100
|-fieldstart|move: Electric Terrain|[from] ability: Electric Surge|[of] p1a: Tapu Koko
|move|p2a: Moltres|U-turn|p1a: Tapu Koko
|-resisted|p1a: Tapu Koko
|-damage|p1a: Tapu Koko|91/100
|j| Pelucas
|
|t:|1608690477
|switch|p2a: Slowking|Slowking-Galar, M|100/100|[from]move: U-turn
|
|upkeep
|turn|4
|
|t:|1608690493
|move|p1a: Tapu Koko|Volt Switch|p2a: Slowking
|-damage|p2a: Slowking|67/100
|
|t:|1608690498
|switch|p1a: Urshifu|Urshifu, F|100/100|[from]move: Volt Switch
|move|p2a: Slowking|Future Sight|p1a: Urshifu
|-start|p2a: Slowking|move: Future Sight
|
|upkeep
|turn|5
|
|t:|1608690524
|switch|p1a: Tapu Koko|Tapu Koko|91/100
|switch|p2a: Clefable|Clefable, M|100/100
|
|upkeep
|turn|6
|j| TheHitBoyRay
|
|t:|1608690563
|move|p1a: Tapu Koko|Volt Switch|p2a: Clefable
|-damage|p2a: Clefable|51/100
|j| Yung Mus
|
|t:|1608690640
|switch|p1a: Ferrothorn|Ferrothorn, M|100/100|[from]move: Volt Switch
|move|p2a: Clefable|Moonblast|p1a: Ferrothorn
|-resisted|p1a: Ferrothorn
|-damage|p1a: Ferrothorn|90/100
|-unboost|p1a: Ferrothorn|spa|1
|
|-end|p1a: Ferrothorn|move: Future Sight
|-resisted|p1a: Ferrothorn
|-damage|p1a: Ferrothorn|69/100
|-heal|p2a: Clefable|57/100|[from] item: Leftovers
|-heal|p1a: Ferrothorn|75/100|[from] item: Leftovers
|upkeep
|turn|7
|
|t:|1608690672
|switch|p2a: Heatran|Heatran, F|100/100
|move|p1a: Ferrothorn|Stealth Rock|p2a: Heatran
|-sidestart|p2: CrazyFox|move: Stealth Rock
|
|-heal|p1a: Ferrothorn|81/100|[from] item: Leftovers
|-fieldend|move: Electric Terrain
|upkeep
|turn|8
|
|t:|1608690689
|switch|p1a: Moltres|Moltres|100/100
|move|p2a: Heatran|Toxic|p1a: Moltres
|-status|p1a: Moltres|tox
|
|-damage|p1a: Moltres|94/100 tox|[from] psn
|upkeep
|turn|9
|
|t:|1608690702
|switch|p2a: Moltres|Moltres|100/100
|move|p1a: Moltres|Scorching Sands|p2a: Moltres
|-immune|p2a: Moltres
|
|-damage|p1a: Moltres|82/100 tox|[from] psn
|upkeep
|turn|10
|
|t:|1608690741
|switch|p1a: Slowbro|Slowbro, F|100/100
|move|p2a: Moltres|U-turn|p1a: Slowbro
|-supereffective|p1a: Slowbro
|-damage|p1a: Slowbro|83/100
|-damage|p2a: Moltres|84/100|[from] item: Rocky Helmet|[of] p1a: Slowbro
|
|t:|1608690766
|switch|p2a: Urshifu|Urshifu, F|100/100|[from]move: U-turn
|-damage|p2a: Urshifu|94/100|[from] Stealth Rock
|
|upkeep
|turn|11
|
|t:|1608690779
|switch|p1a: Tapu Koko|Tapu Koko|91/100
|-fieldstart|move: Electric Terrain|[from] ability: Electric Surge|[of] p1a: Tapu Koko
|move|p2a: Urshifu|Wicked Blow|p1a: Tapu Koko
|-resisted|p1a: Tapu Koko
|-crit|p1a: Tapu Koko
|-damage|p1a: Tapu Koko|45/100
|
|upkeep
|turn|12
|l| Pelucas
|
|t:|1608690790
|switch|p2a: Rillaboom|Rillaboom, F|100/100
|-damage|p2a: Rillaboom|88/100|[from] Stealth Rock
|-fieldstart|move: Grassy Terrain|[from] ability: Grassy Surge|[of] p2a: Rillaboom
|move|p1a: Tapu Koko|Roost|p1a: Tapu Koko
|-heal|p1a: Tapu Koko|95/100
|-singleturn|p1a: Tapu Koko|move: Roost
|
|-heal|p1a: Tapu Koko|100/100|[from] Grassy Terrain
|-heal|p2a: Rillaboom|94/100|[from] Grassy Terrain
|upkeep
|turn|13
|
|t:|1608690799
|switch|p1a: Moltres|Moltres|82/100 tox
|move|p2a: Rillaboom|U-turn|p1a: Moltres
|-resisted|p1a: Moltres
|-damage|p1a: Moltres|76/100 tox
|
|t:|1608690818
|switch|p2a: Moltres|Moltres|84/100|[from]move: U-turn
|
|-damage|p1a: Moltres|70/100 tox|[from] psn
|upkeep
|turn|14
|
|t:|1608690825
|switch|p1a: Tapu Koko|Tapu Koko|100/100
|-fieldstart|move: Electric Terrain|[from] ability: Electric Surge|[of] p1a: Tapu Koko
|move|p2a: Moltres|Defog|p1a: Tapu Koko
|-unboost|p1a: Tapu Koko|evasion|1
|-sideend|p2: CrazyFox|Stealth Rock|[from] move: Defog|[of] p2a: Moltres
|-fieldend|move: Electric Terrain
|
|upkeep
|turn|15
|
|t:|1608690843
|switch|p2a: Slowking|Slowking-Galar, M|99/100
|move|p1a: Tapu Koko|Volt Switch|p2a: Slowking
|-damage|p2a: Slowking|73/100
|
|t:|1608690858
|switch|p1a: Urshifu|Urshifu, F|100/100|[from]move: Volt Switch
|
|upkeep
|turn|16
|l|☆GuardArc
|player|p1|
|j| Pelucas
|j|☆GuardArc
|player|p1|GuardArc|alder
|
|t:|1608690917
|switch|p2a: Moltres|Moltres|84/100
|move|p1a: Urshifu|Wicked Blow|p2a: Moltres
|-crit|p2a: Moltres
|-damage|p2a: Moltres|20/100
|-status|p1a: Urshifu|brn|[from] ability: Flame Body|[of] p2a: Moltres
|
|-damage|p1a: Urshifu|94/100 brn|[from] brn
|upkeep
|turn|17
|
|t:|1608690933
|switch|p2a: Clefable|Clefable, M|57/100
|move|p1a: Urshifu|Wicked Blow|p2a: Clefable
|-resisted|p2a: Clefable
|-crit|p2a: Clefable
|-damage|p2a: Clefable|38/100
|
|-heal|p2a: Clefable|44/100|[from] item: Leftovers
|-damage|p1a: Urshifu|88/100 brn|[from] brn
|upkeep
|turn|18
|
|t:|1608690939
|switch|p1a: Ferrothorn|Ferrothorn, M|81/100
|move|p2a: Clefable|Wish|p2a: Clefable
|
|-heal|p2a: Clefable|50/100|[from] item: Leftovers
|-heal|p1a: Ferrothorn|88/100|[from] item: Leftovers
|upkeep
|turn|19
|
|t:|1608690951
|switch|p2a: Moltres|Moltres|20/100
|move|p1a: Ferrothorn|Knock Off|p2a: Moltres
|-damage|p2a: Moltres|6/100
|-enditem|p2a: Moltres|Heavy-Duty Boots|[from] move: Knock Off|[of] p1a: Ferrothorn
|
|-heal|p2a: Moltres|57/100|[from] move: Wish|[wisher] Clefable
|-heal|p1a: Ferrothorn|94/100|[from] item: Leftovers
|upkeep
|turn|20
|
|t:|1608690970
|switch|p1a: Tapu Koko|Tapu Koko|100/100
|-fieldstart|move: Electric Terrain|[from] ability: Electric Surge|[of] p1a: Tapu Koko
|move|p2a: Moltres|Roost|p2a: Moltres
|-heal|p2a: Moltres|100/100
|-singleturn|p2a: Moltres|move: Roost
|
|upkeep
|turn|21
|
|t:|1608691034
|switch|p2a: Slowking|Slowking-Galar, M|100/100
|move|p1a: Tapu Koko|Volt Switch|p2a: Slowking
|-damage|p2a: Slowking|68/100
|l| Pelucas
|
|t:|1608691083
|switch|p1a: Spectrier|Spectrier|100/100|[from]move: Volt Switch
|
|upkeep
|turn|22
|j| Pelucas
|
|t:|1608691125
|move|p1a: Spectrier|Substitute|p1a: Spectrier
|-start|p1a: Spectrier|Substitute
|-damage|p1a: Spectrier|76/100
|move|p2a: Slowking|Future Sight|p1a: Spectrier
|-start|p2a: Slowking|move: Future Sight
|
|-heal|p1a: Spectrier|82/100|[from] item: Leftovers
|upkeep
|turn|23
|
|t:|1608691151
|move|p1a: Spectrier|Calm Mind|p1a: Spectrier
|-boost|p1a: Spectrier|spa|1
|-boost|p1a: Spectrier|spd|1
|move|p2a: Slowking|Scald|p1a: Spectrier
|-activate|p1a: Spectrier|move: Substitute|[damage]
|
|-heal|p1a: Spectrier|88/100|[from] item: Leftovers
|upkeep
|turn|24
|
|t:|1608691163
|move|p1a: Spectrier|Calm Mind|p1a: Spectrier
|-boost|p1a: Spectrier|spa|1
|-boost|p1a: Spectrier|spd|1
|move|p2a: Slowking|Scald|p1a: Spectrier
|-end|p1a: Spectrier|Substitute
|
|-end|p1a: Spectrier|move: Future Sight
|-damage|p1a: Spectrier|54/100
|-heal|p1a: Spectrier|60/100|[from] item: Leftovers
|-fieldend|move: Electric Terrain
|upkeep
|turn|25
|
|t:|1608691182
|switch|p2a: Rillaboom|Rillaboom, F|94/100
|-fieldstart|move: Grassy Terrain|[from] ability: Grassy Surge|[of] p2a: Rillaboom
|move|p1a: Spectrier|Substitute|p1a: Spectrier
|-start|p1a: Spectrier|Substitute
|-damage|p1a: Spectrier|35/100
|
|-heal|p1a: Spectrier|42/100|[from] item: Leftovers
|-heal|p1a: Spectrier|48/100|[from] Grassy Terrain
|-heal|p2a: Rillaboom|100/100|[from] Grassy Terrain
|upkeep
|turn|26
|
|t:|1608691248
|move|p2a: Rillaboom|Grassy Glide|p1a: Spectrier
|-end|p1a: Spectrier|Substitute
|move|p1a: Spectrier|Will-O-Wisp|p2a: Rillaboom
|-status|p2a: Rillaboom|brn
|
|-heal|p1a: Spectrier|54/100|[from] item: Leftovers
|-heal|p1a: Spectrier|60/100|[from] Grassy Terrain
|-damage|p2a: Rillaboom|94/100 brn|[from] brn
|upkeep
|turn|27
|
|t:|1608691316
|switch|p2a: Clefable|Clefable, M|50/100
|move|p1a: Spectrier|Hex|p2a: Clefable
|-damage|p2a: Clefable|23/100
|
|-heal|p1a: Spectrier|66/100|[from] item: Leftovers
|-heal|p1a: Spectrier|72/100|[from] Grassy Terrain
|-heal|p2a: Clefable|29/100|[from] item: Leftovers
|-heal|p2a: Clefable|35/100|[from] Grassy Terrain
|upkeep
|turn|28
|
|t:|1608691342
|move|p1a: Spectrier|Substitute|p1a: Spectrier
|-start|p1a: Spectrier|Substitute
|-damage|p1a: Spectrier|47/100
|move|p2a: Clefable|Wish|p2a: Clefable
|
|-heal|p1a: Spectrier|54/100|[from] item: Leftovers
|-heal|p1a: Spectrier|60/100|[from] Grassy Terrain
|-heal|p2a: Clefable|41/100|[from] item: Leftovers
|-heal|p2a: Clefable|47/100|[from] Grassy Terrain
|upkeep
|turn|29
|
|t:|1608691346
|move|p1a: Spectrier|Hex|p2a: Clefable
|-damage|p2a: Clefable|19/100
|move|p2a: Clefable|Moonblast|p1a: Spectrier
|-end|p1a: Spectrier|Substitute
|
|-heal|p2a: Clefable|69/100|[from] move: Wish|[wisher] Clefable
|-heal|p1a: Spectrier|66/100|[from] item: Leftovers
|-heal|p1a: Spectrier|72/100|[from] Grassy Terrain
|-heal|p2a: Clefable|75/100|[from] item: Leftovers
|-heal|p2a: Clefable|81/100|[from] Grassy Terrain
|-fieldend|move: Grassy Terrain
|upkeep
|turn|30
|
|t:|1608691357
|move|p1a: Spectrier|Substitute|p1a: Spectrier
|-start|p1a: Spectrier|Substitute
|-damage|p1a: Spectrier|47/100
|move|p2a: Clefable|Aromatherapy|p2a: Clefable
|-activate|p2a: Clefable|move: Aromatherapy
|-curestatus|p2: Rillaboom|brn|[msg]
|
|-heal|p1a: Spectrier|53/100|[from] item: Leftovers
|-heal|p2a: Clefable|87/100|[from] item: Leftovers
|upkeep
|turn|31
|
|t:|1608691361
|move|p1a: Spectrier|Will-O-Wisp|p2a: Clefable
|-status|p2a: Clefable|brn
|move|p2a: Clefable|Wish|p2a: Clefable
|
|-heal|p1a: Spectrier|59/100|[from] item: Leftovers
|-heal|p2a: Clefable|93/100 brn|[from] item: Leftovers
|-damage|p2a: Clefable|87/100 brn|[from] brn
|upkeep
|turn|32
|
|t:|1608691368
|move|p1a: Spectrier|Hex|p2a: Clefable
|-damage|p2a: Clefable|27/100 brn
|move|p2a: Clefable|Moonblast|p1a: Spectrier
|-end|p1a: Spectrier|Substitute
|
|-heal|p2a: Clefable|77/100 brn|[from] move: Wish|[wisher] Clefable
|-heal|p1a: Spectrier|66/100|[from] item: Leftovers
|-heal|p2a: Clefable|83/100 brn|[from] item: Leftovers
|-damage|p2a: Clefable|77/100 brn|[from] brn
|upkeep
|turn|33
|l| Pelucas
|
|t:|1608691436
|move|p1a: Spectrier|Substitute|p1a: Spectrier
|-start|p1a: Spectrier|Substitute
|-damage|p1a: Spectrier|41/100
|move|p2a: Clefable|Toxic||[still]
|-fail|p2a: Clefable
|
|-heal|p1a: Spectrier|47/100|[from] item: Leftovers
|-heal|p2a: Clefable|83/100 brn|[from] item: Leftovers
|-damage|p2a: Clefable|77/100 brn|[from] brn
|upkeep
|turn|34
|
|t:|1608691443
|move|p1a: Spectrier|Hex|p2a: Clefable
|-damage|p2a: Clefable|19/100 brn
|move|p2a: Clefable|Wish|p2a: Clefable
|
|-heal|p1a: Spectrier|53/100|[from] item: Leftovers
|-heal|p2a: Clefable|25/100 brn|[from] item: Leftovers
|-damage|p2a: Clefable|19/100 brn|[from] brn
|upkeep
|turn|35
|
|t:|1608691457
|switch|p2a: Urshifu|Urshifu, F|94/100
|move|p1a: Spectrier|Hex|p2a: Urshifu
|-resisted|p2a: Urshifu
|-damage|p2a: Urshifu|50/100
|
|-heal|p2a: Urshifu|100/100|[from] move: Wish|[wisher] Clefable
|-heal|p1a: Spectrier|59/100|[from] item: Leftovers
|upkeep
|turn|36
|j| Pelucas
|
|t:|1608691470
|move|p1a: Spectrier|Will-O-Wisp|p2a: Urshifu
|-status|p2a: Urshifu|brn
|move|p2a: Urshifu|Wicked Blow|p1a: Spectrier
|-supereffective|p1a: Spectrier
|-crit|p1a: Spectrier
|-end|p1a: Spectrier|Substitute
|
|-heal|p1a: Spectrier|65/100|[from] item: Leftovers
|-damage|p2a: Urshifu|94/100 brn|[from] brn
|upkeep
|turn|37
|l| Pelucas
|
|t:|1608691528
|move|p1a: Spectrier|Substitute|p1a: Spectrier
|-start|p1a: Spectrier|Substitute
|-damage|p1a: Spectrier|40/100
|move|p2a: Urshifu|Wicked Blow|p1a: Spectrier
|-supereffective|p1a: Spectrier
|-crit|p1a: Spectrier
|-end|p1a: Spectrier|Substitute
|
|-heal|p1a: Spectrier|47/100|[from] item: Leftovers
|-damage|p2a: Urshifu|88/100 brn|[from] brn
|upkeep
|turn|38
|l| TheHitBoyRay
|
|t:|1608691569
|move|p1a: Spectrier|Substitute|p1a: Spectrier
|-start|p1a: Spectrier|Substitute
|-damage|p1a: Spectrier|22/100
|move|p2a: Urshifu|Wicked Blow|p1a: Spectrier
|-supereffective|p1a: Spectrier
|-crit|p1a: Spectrier
|-end|p1a: Spectrier|Substitute
|
|-heal|p1a: Spectrier|28/100|[from] item: Leftovers
|-damage|p2a: Urshifu|82/100 brn|[from] brn
|upkeep
|turn|39
|j| Pelucas
|
|t:|1608691584
|move|p1a: Spectrier|Hex|p2a: Urshifu
|-resisted|p2a: Urshifu
|-damage|p2a: Urshifu|0 fnt
|faint|p2a: Urshifu
|-ability|p1a: Spectrier|Grim Neigh|boost
|-boost|p1a: Spectrier|spa|1
|
|-heal|p1a: Spectrier|34/100|[from] item: Leftovers
|upkeep
|
|t:|1608691587
|switch|p2a: Rillaboom|Rillaboom, F|94/100
|-fieldstart|move: Grassy Terrain|[from] ability: Grassy Surge|[of] p2a: Rillaboom
|turn|40
|
|t:|1608691609
|switch|p1a: Moltres|Moltres|70/100 tox
|move|p2a: Rillaboom|Grassy Glide|p1a: Moltres
|-resisted|p1a: Moltres
|-damage|p1a: Moltres|55/100 tox
|
|-heal|p2a: Rillaboom|100/100|[from] Grassy Terrain
|-damage|p1a: Moltres|49/100 tox|[from] psn
|upkeep
|turn|41
|
|t:|1608691621
|switch|p2a: Slowking|Slowking-Galar, M|100/100
|move|p1a: Moltres|Roost|p1a: Moltres
|-heal|p1a: Moltres|99/100 tox
|-singleturn|p1a: Moltres|move: Roost
|
|-heal|p1a: Moltres|100/100 tox|[from] Grassy Terrain
|-damage|p1a: Moltres|88/100 tox|[from] psn
|upkeep
|turn|42
|j| Poketechnician
|l| Pelucas
|
|t:|1608691736
|switch|p1a: Slowbro|Slowbro, F|100/100
|move|p2a: Slowking|Future Sight|p1a: Slowbro
|-start|p2a: Slowking|move: Future Sight
|
|upkeep
|turn|43
|
|t:|1608691753
|switch|p2a: Rillaboom|Rillaboom, F|100/100
|move|p1a: Slowbro|Teleport|p1a: Slowbro
|l| Poketechnician
|
|t:|1608691800
|switch|p1a: Tapu Koko|Tapu Koko|100/100|[from]move: Teleport
|-fieldstart|move: Electric Terrain|[from] ability: Electric Surge|[of] p1a: Tapu Koko
|
|upkeep
|turn|44
|j| Pelucas
|
|t:|1608691814
|switch|p1a: Moltres|Moltres|88/100 tox
|move|p2a: Rillaboom|Superpower|p1a: Moltres
|-resisted|p1a: Moltres
|-damage|p1a: Moltres|65/100 tox
|-unboost|p2a: Rillaboom|atk|1
|-unboost|p2a: Rillaboom|def|1
|-status|p2a: Rillaboom|brn|[from] ability: Flame Body|[of] p1a: Moltres
|
|-end|p1a: Moltres|move: Future Sight
|-damage|p1a: Moltres|13/100 tox
|-damage|p2a: Rillaboom|94/100 brn|[from] brn
|-damage|p1a: Moltres|7/100 tox|[from] psn
|upkeep
|turn|45
|l| Pelucas
|l|☆GuardArc
|player|p1|
|j|☆GuardArc
|player|p1|GuardArc|alder
|j| TheHitBoyRay
|j| Venom94
|
|t:|1608692017
|switch|p2a: Slowking|Slowking-Galar, M|100/100
|switch|p1a: Spectrier|Spectrier|34/100
|
|-heal|p1a: Spectrier|40/100|[from] item: Leftovers
|upkeep
|turn|46
|l| Venom94
|
|t:|1608692183
|switch|p1a: Slowbro|Slowbro, F|100/100
|switch|p2a: Heatran|Heatran, F|100/100
|
|upkeep
|turn|47
|
|t:|1608692214
|move|p2a: Heatran|Taunt|p1a: Slowbro
|-start|p1a: Slowbro|move: Taunt
|move|p1a: Slowbro|Scald|p2a: Heatran
|-supereffective|p2a: Heatran
|-damage|p2a: Heatran|60/100
|
|-heal|p2a: Heatran|66/100|[from] item: Leftovers
|-fieldend|move: Electric Terrain
|upkeep
|turn|48
|l|☆GuardArc
|player|p1|
|j|☆GuardArc
|player|p1|GuardArc|alder
|
|t:|1608692237
|move|p2a: Heatran|Stealth Rock|p1a: Slowbro
|-sidestart|p1: GuardArc|move: Stealth Rock
|move|p1a: Slowbro|Scald|p2a: Heatran
|-supereffective|p2a: Heatran
|-damage|p2a: Heatran|29/100
|
|-heal|p2a: Heatran|35/100|[from] item: Leftovers
|upkeep
|turn|49
|
|t:|1608692270
|switch|p2a: Rillaboom|Rillaboom, F|94/100 brn
|-fieldstart|move: Grassy Terrain|[from] ability: Grassy Surge|[of] p2a: Rillaboom
|move|p1a: Slowbro|Scald|p2a: Rillaboom
|-resisted|p2a: Rillaboom
|-damage|p2a: Rillaboom|75/100 brn
|
|-heal|p2a: Rillaboom|81/100 brn|[from] Grassy Terrain
|-damage|p2a: Rillaboom|75/100 brn|[from] brn
|-end|p1a: Slowbro|move: Taunt
|upkeep
|turn|50
|
|t:|1608692390
|move|p2a: Rillaboom|U-turn|p1a: Slowbro
|-supereffective|p1a: Slowbro
|-damage|p1a: Slowbro|79/100
|-damage|p2a: Rillaboom|58/100 brn|[from] item: Rocky Helmet|[of] p1a: Slowbro
|l|☆GuardArc
|player|p1|
|j|☆GuardArc
|player|p1|GuardArc|alder
|
|t:|1608692403
|switch|p2a: Moltres|Moltres|100/100|[from]move: U-turn
|move|p1a: Slowbro|Teleport|p1a: Slowbro
|
|t:|1608692407
|switch|p1a: Tapu Koko|Tapu Koko|100/100|[from]move: Teleport
|-damage|p1a: Tapu Koko|88/100|[from] Stealth Rock
|-fieldstart|move: Electric Terrain|[from] ability: Electric Surge|[of] p1a: Tapu Koko
|
|upkeep
|turn|51
|
|t:|1608692427
|switch|p2a: Slowking|Slowking-Galar, M|100/100
|move|p1a: Tapu Koko|Volt Switch|p2a: Slowking
|-damage|p2a: Slowking|69/100
|n| Yung Mus|yungmus
|n| Larry GT|larrygt
|
|t:|1608692506
|switch|p1a: Urshifu|Urshifu, F|88/100 brn|[from]move: Volt Switch
|-damage|p1a: Urshifu|82/100 brn|[from] Stealth Rock
|
|-damage|p1a: Urshifu|76/100 brn|[from] brn
|upkeep
|turn|52
|
|t:|1608692523
|switch|p2a: Moltres|Moltres|100/100
|move|p1a: Urshifu|Wicked Blow|p2a: Moltres
|-crit|p2a: Moltres
|-damage|p2a: Moltres|68/100
|
|-damage|p1a: Urshifu|70/100 brn|[from] brn
|upkeep
|turn|53
|
|t:|1608692577
|move|p1a: Urshifu|Wicked Blow|p2a: Moltres
|-crit|p2a: Moltres
|-damage|p2a: Moltres|38/100
|move|p2a: Moltres|Flamethrower|p1a: Urshifu
|-damage|p1a: Urshifu|15/100 brn
|
|-damage|p1a: Urshifu|9/100 brn|[from] brn
|upkeep
|turn|54
|
|t:|1608692582
|move|p1a: Urshifu|Wicked Blow|p2a: Moltres
|-crit|p2a: Moltres
|-damage|p2a: Moltres|5/100
|move|p2a: Moltres|Roost|p2a: Moltres
|-heal|p2a: Moltres|55/100
|-singleturn|p2a: Moltres|move: Roost
|
|-damage|p1a: Urshifu|3/100 brn|[from] brn
|-fieldend|move: Electric Terrain
|upkeep
|turn|55
|
|t:|1608692589
|move|p1a: Urshifu|Wicked Blow|p2a: Moltres
|-crit|p2a: Moltres
|-damage|p2a: Moltres|21/100
|move|p2a: Moltres|Roost|p2a: Moltres
|-heal|p2a: Moltres|71/100
|-singleturn|p2a: Moltres|move: Roost
|
|-damage|p1a: Urshifu|0 fnt|[from] brn
|faint|p1a: Urshifu
|upkeep
|
|t:|1608692592
|switch|p1a: Tapu Koko|Tapu Koko|88/100
|-damage|p1a: Tapu Koko|76/100|[from] Stealth Rock
|-fieldstart|move: Electric Terrain|[from] ability: Electric Surge|[of] p1a: Tapu Koko
|turn|56
|
|t:|1608692596
|switch|p2a: Slowking|Slowking-Galar, M|100/100
|move|p1a: Tapu Koko|Thunderbolt|p2a: Slowking
|-damage|p2a: Slowking|58/100
|
|upkeep
|turn|57
|
|t:|1608692603
|switch|p1a: Slowbro|Slowbro, F|100/100
|-damage|p1a: Slowbro|88/100|[from] Stealth Rock
|move|p2a: Slowking|Future Sight|p1a: Slowbro
|-start|p2a: Slowking|move: Future Sight
|
|upkeep
|turn|58
|
|t:|1608692636
|move|p2a: Slowking|Sludge Wave|p1a: Slowbro
|-damage|p1a: Slowbro|37/100
|move|p1a: Slowbro|Teleport|p1a: Slowbro
|l|☆GuardArc
|player|p1|
|c|☆CrazyFox|Funny how both our Urshifu are the first one to dies haha
|c|☆CrazyFox|Die*
|j|☆GuardArc
|player|p1|GuardArc|alder
|c|☆GuardArc|lol
|
|t:|1608692744
|switch|p1a: Ferrothorn|Ferrothorn, M|94/100|[from]move: Teleport
|-damage|p1a: Ferrothorn|88/100|[from] Stealth Rock
|
|-heal|p1a: Ferrothorn|94/100|[from] item: Leftovers
|upkeep
|turn|59
|
|t:|1608692747
|move|p2a: Slowking|Flamethrower|p1a: Ferrothorn
|-supereffective|p1a: Ferrothorn
|-damage|p1a: Ferrothorn|6/100
|move|p1a: Ferrothorn|Knock Off|p2a: Slowking
|-supereffective|p2a: Slowking
|-damage|p2a: Slowking|16/100
|-enditem|p2a: Slowking|Assault Vest|[from] move: Knock Off|[of] p1a: Ferrothorn
|
|-end|p1a: Ferrothorn|move: Future Sight
|-resisted|p1a: Ferrothorn
|-damage|p1a: Ferrothorn|0 fnt
|faint|p1a: Ferrothorn
|upkeep
|l| TheHitBoyRay
|
|t:|1608692761
|switch|p1a: Tapu Koko|Tapu Koko|76/100
|-damage|p1a: Tapu Koko|63/100|[from] Stealth Rock
|turn|60
|
|t:|1608692768
|switch|p2a: Rillaboom|Rillaboom, F|58/100 brn
|-fieldstart|move: Grassy Terrain|[from] ability: Grassy Surge|[of] p2a: Rillaboom
|move|p1a: Tapu Koko|Volt Switch|p2a: Rillaboom
|-resisted|p2a: Rillaboom
|-damage|p2a: Rillaboom|30/100 brn
|
|t:|1608692772
|switch|p1a: Slowbro|Slowbro, F|70/100|[from]move: Volt Switch
|-damage|p1a: Slowbro|58/100|[from] Stealth Rock
|
|-heal|p2a: Rillaboom|37/100 brn|[from] Grassy Terrain
|-heal|p1a: Slowbro|64/100|[from] Grassy Terrain
|-damage|p2a: Rillaboom|30/100 brn|[from] brn
|upkeep
|turn|61
|
|t:|1608692781
|switch|p1a: Moltres|Moltres|7/100 tox
|-damage|p1a: Moltres|0 fnt|[from] Stealth Rock
|faint|p1a: Moltres
|move|p2a: Rillaboom|Grassy Glide|p1: Moltres|[notarget]
|-fail|p2a: Rillaboom
|
|-heal|p2a: Rillaboom|37/100 brn|[from] Grassy Terrain
|-damage|p2a: Rillaboom|30/100 brn|[from] brn
|upkeep
|
|t:|1608692788
|switch|p1a: Tapu Koko|Tapu Koko|63/100
|-damage|p1a: Tapu Koko|51/100|[from] Stealth Rock
|-fieldstart|move: Electric Terrain|[from] ability: Electric Surge|[of] p1a: Tapu Koko
|turn|62
|
|t:|1608692796
|switch|p2a: Slowking|Slowking-Galar, M|49/100
|move|p1a: Tapu Koko|Thunderbolt|p2a: Slowking
|-damage|p2a: Slowking|0 fnt
|faint|p2a: Slowking
|
|upkeep
|
|t:|1608692804
|switch|p2a: Rillaboom|Rillaboom, F|30/100 brn
|-fieldstart|move: Grassy Terrain|[from] ability: Grassy Surge|[of] p2a: Rillaboom
|turn|63
|
|t:|1608692840
|switch|p1a: Slowbro|Slowbro, F|97/100
|-damage|p1a: Slowbro|85/100|[from] Stealth Rock
|move|p2a: Rillaboom|Grassy Glide|p1a: Slowbro
|-supereffective|p1a: Slowbro
|-damage|p1a: Slowbro|44/100
|-damage|p2a: Rillaboom|14/100 brn|[from] item: Rocky Helmet|[of] p1a: Slowbro
|
|-heal|p2a: Rillaboom|20/100 brn|[from] Grassy Terrain
|-heal|p1a: Slowbro|50/100|[from] Grassy Terrain
|-damage|p2a: Rillaboom|14/100 brn|[from] brn
|upkeep
|turn|64
|
|t:|1608692855
|move|p2a: Rillaboom|Grassy Glide|p1a: Slowbro
|-supereffective|p1a: Slowbro
|-damage|p1a: Slowbro|8/100
|-damage|p2a: Rillaboom|0 fnt|[from] item: Rocky Helmet|[of] p1a: Slowbro
|faint|p2a: Rillaboom
|move|p1a: Slowbro|Teleport|p1a: Slowbro
|
|t:|1608692861
|switch|p1a: Tapu Koko|Tapu Koko|51/100|[from]move: Teleport
|-damage|p1a: Tapu Koko|38/100|[from] Stealth Rock
|-fieldstart|move: Electric Terrain|[from] ability: Electric Surge|[of] p1a: Tapu Koko
|
|upkeep
|
|t:|1608692869
|switch|p2a: Heatran|Heatran, F|35/100
|turn|65
|
|t:|1608692872
|move|p1a: Tapu Koko|Thunderbolt|p2a: Heatran
|-damage|p2a: Heatran|0 fnt
|faint|p2a: Heatran
|
|upkeep
|c|☆CrazyFox|Yikes gg
|c|☆GuardArc|gg
|
|t:|1608692877
|switch|p2a: Moltres|Moltres|71/100
|turn|66
|
|t:|1608692879
|move|p1a: Tapu Koko|Thunderbolt|p2a: Moltres
|-supereffective|p2a: Moltres
|-damage|p2a: Moltres|0 fnt
|faint|p2a: Moltres
|
|upkeep
|
|t:|1608692882
|switch|p2a: Clefable|Clefable, M|19/100 brn
|turn|67
|
|t:|1608692884
|move|p1a: Tapu Koko|Thunderbolt|p2a: Clefable
|-damage|p2a: Clefable|0 fnt
|faint|p2a: Clefable
|
|win|GuardArc
