|raw|<div class="broadcast-blue"><strong>This battle is required to be public due to a player having a name starting with 'lt81yl'.</div>
|j|☆Orangesss
|j|☆LT81Y Liced
|t:|1625421980
|gametype|singles
|player|p1|Orangesss|silver|1676
|player|p2|LT81Y Liced|fantina|1773
|teamsize|p1|6
|teamsize|p2|6
|gen|8
|tier|[Gen 8] OU
|rated|
|rule|Sleep Clause Mod: Limit one foe put to sleep
|rule|Species Clause: Limit one of each Pokémon
|rule|OHKO Clause: OHKO moves are banned
|rule|Evasion Moves Clause: Evasion moves are banned
|rule|Endless Battle Clause: Forcing endless battles is banned
|rule|HP Percentage Mod: HP is shown in percentages
|rule|Dynamax Clause: You cannot dynamax
|clearpoke
|poke|p1|Pelipper, M|
|poke|p1|Barraskewda, F|
|poke|p1|Ferrothorn, M|
|poke|p1|Seismitoad, F|
|poke|p1|Tapu Koko|
|poke|p1|Tornadus-Therian, M|
|poke|p2|Tapu Koko|
|poke|p2|Weavile, F|
|poke|p2|Ferrothorn, M|
|poke|p2|Landorus-Therian, M|
|poke|p2|Slowking, F|
|poke|p2|Clefable, M|
|teampreview
|inactive|Battle timer is ON: inactive players will automatically lose when time's up. (requested by Orangesss)
|
|t:|1625421992
|start
|switch|p1a: Speed Overdose|Tapu Koko|100/100
|switch|p2a: Slowking|Slowking, F|100/100
|-fieldstart|move: Electric Terrain|[from] ability: Electric Surge|[of] p1a: Speed Overdose
|turn|1
|
|t:|1625422000
|move|p1a: Speed Overdose|Dazzling Gleam|p2a: Slowking
|-damage|p2a: Slowking|68/100
|move|p2a: Slowking|Teleport|p2a: Slowking
|
|t:|1625422003
|switch|p2a: Ferrothorn|Ferrothorn, M|100/100|[from]move: Teleport
|
|upkeep
|turn|2
|
|t:|1625422006
|switch|p1a: Hates rain|Ferrothorn, M|100/100
|move|p2a: Ferrothorn|Knock Off|p1a: Hates rain
|-damage|p1a: Hates rain|88/100
|-damage|p2a: Ferrothorn|88/100|[from] ability: Iron Barbs|[of] p1a: Hates rain
|-enditem|p1a: Hates rain|Leftovers|[from] move: Knock Off|[of] p2a: Ferrothorn
|
|-heal|p2a: Ferrothorn|94/100|[from] item: Leftovers
|upkeep
|turn|3
|
|t:|1625422016
|switch|p2a: Landorus|Landorus-Therian, M|100/100
|-ability|p2a: Landorus|Intimidate|boost
|-unboost|p1a: Hates rain|atk|1
|move|p1a: Hates rain|Knock Off|p2a: Landorus
|-damage|p2a: Landorus|88/100
|-enditem|p2a: Landorus|Leftovers|[from] move: Knock Off|[of] p1a: Hates rain
|
|upkeep
|turn|4
|
|t:|1625422020
|move|p2a: Landorus|Earthquake|p1a: Hates rain
|-damage|p1a: Hates rain|62/100
|move|p1a: Hates rain|Leech Seed|p2a: Landorus
|-start|p2a: Landorus|move: Leech Seed
|
|-damage|p2a: Landorus|76/100|[from] Leech Seed|[of] p1a: Hates rain
|-heal|p1a: Hates rain|76/100|[silent]
|upkeep
|turn|5
|
|t:|1625422024
|move|p2a: Landorus|Stealth Rock|p1a: Hates rain
|-sidestart|p1: Orangesss|move: Stealth Rock
|move|p1a: Hates rain|Spikes|p2a: Landorus
|-sidestart|p2: LT81Y Liced|Spikes
|
|-damage|p2a: Landorus|63/100|[from] Leech Seed|[of] p1a: Hates rain
|-heal|p1a: Hates rain|89/100|[silent]
|-fieldend|move: Electric Terrain
|upkeep
|turn|6
|
|t:|1625422033
|switch|p2a: Tapu Koko|Tapu Koko|100/100
|-fieldstart|move: Electric Terrain|[from] ability: Electric Surge|[of] p2a: Tapu Koko
|move|p1a: Hates rain|Gyro Ball|p2a: Tapu Koko
|-damage|p2a: Tapu Koko|58/100
|
|upkeep
|turn|7
|
|t:|1625422038
|move|p2a: Tapu Koko|Roost|p2a: Tapu Koko
|-heal|p2a: Tapu Koko|100/100
|-singleturn|p2a: Tapu Koko|move: Roost
|move|p1a: Hates rain|Leech Seed|p2a: Tapu Koko
|-start|p2a: Tapu Koko|move: Leech Seed
|
|-damage|p2a: Tapu Koko|88/100|[from] Leech Seed|[of] p1a: Hates rain
|-heal|p1a: Hates rain|99/100|[silent]
|upkeep
|turn|8
|
|t:|1625422046
|switch|p2a: Slowking|Slowking, F|100/100
|move|p1a: Hates rain|Knock Off|p2a: Slowking
|-supereffective|p2a: Slowking
|-damage|p2a: Slowking|78/100
|-enditem|p2a: Slowking|Heavy-Duty Boots|[from] move: Knock Off|[of] p1a: Hates rain
|
|upkeep
|turn|9
|
|t:|1625422054
|move|p2a: Slowking|Scald|p1a: Hates rain
|-resisted|p1a: Hates rain
|-damage|p1a: Hates rain|87/100
|move|p1a: Hates rain|Leech Seed|p2a: Slowking
|-start|p2a: Slowking|move: Leech Seed
|
|-damage|p2a: Slowking|65/100|[from] Leech Seed|[of] p1a: Hates rain
|-heal|p1a: Hates rain|100/100|[silent]
|upkeep
|turn|10
|
|t:|1625422057
|move|p2a: Slowking|Scald|p1a: Hates rain
|-resisted|p1a: Hates rain
|-damage|p1a: Hates rain|89/100
|-status|p1a: Hates rain|brn
|move|p1a: Hates rain|Spikes|p2a: Slowking
|-sidestart|p2: LT81Y Liced|Spikes
|
|-damage|p2a: Slowking|53/100|[from] Leech Seed|[of] p1a: Hates rain
|-heal|p1a: Hates rain|100/100 brn|[silent]
|-damage|p1a: Hates rain|94/100 brn|[from] brn
|-fieldend|move: Electric Terrain
|upkeep
|turn|11
|
|t:|1625422061
|move|p2a: Slowking|Future Sight|p1a: Hates rain
|-start|p2a: Slowking|move: Future Sight
|move|p1a: Hates rain|Spikes|p2a: Slowking
|-sidestart|p2: LT81Y Liced|Spikes
|
|-damage|p2a: Slowking|40/100|[from] Leech Seed|[of] p1a: Hates rain
|-heal|p1a: Hates rain|100/100 brn|[silent]
|-damage|p1a: Hates rain|94/100 brn|[from] brn
|upkeep
|turn|12
|
|t:|1625422066
|move|p1a: Hates rain|Knock Off|p2a: Slowking
|-supereffective|p2a: Slowking
|-crit|p2a: Slowking
|-damage|p2a: Slowking|20/100
|move|p2a: Slowking|Teleport|p2a: Slowking
|
|t:|1625422072
|switch|p2a: Tapu Koko|Tapu Koko|88/100|[from]move: Teleport
|-fieldstart|move: Electric Terrain|[from] ability: Electric Surge|[of] p2a: Tapu Koko
|
|-damage|p1a: Hates rain|88/100 brn|[from] brn
|upkeep
|turn|13
|
|t:|1625422077
|move|p2a: Tapu Koko|Calm Mind|p2a: Tapu Koko
|-boost|p2a: Tapu Koko|spa|1
|-boost|p2a: Tapu Koko|spd|1
|move|p1a: Hates rain|Knock Off|p2a: Tapu Koko
|-resisted|p2a: Tapu Koko
|-crit|p2a: Tapu Koko
|-damage|p2a: Tapu Koko|78/100
|-enditem|p2a: Tapu Koko|Heavy-Duty Boots|[from] move: Knock Off|[of] p1a: Hates rain
|
|-end|p1a: Hates rain|move: Future Sight
|-resisted|p1a: Hates rain
|-damage|p1a: Hates rain|69/100 brn
|-damage|p1a: Hates rain|63/100 brn|[from] brn
|upkeep
|turn|14
|
|t:|1625422083
|move|p2a: Tapu Koko|Calm Mind|p2a: Tapu Koko
|-boost|p2a: Tapu Koko|spa|1
|-boost|p2a: Tapu Koko|spd|1
|move|p1a: Hates rain|Leech Seed|p2a: Tapu Koko
|-start|p2a: Tapu Koko|move: Leech Seed
|
|-damage|p2a: Tapu Koko|65/100|[from] Leech Seed|[of] p1a: Hates rain
|-heal|p1a: Hates rain|73/100 brn|[silent]
|-damage|p1a: Hates rain|66/100 brn|[from] brn
|upkeep
|turn|15
|
|t:|1625422087
|move|p2a: Tapu Koko|Dazzling Gleam|p1a: Hates rain
|-resisted|p1a: Hates rain
|-damage|p1a: Hates rain|37/100 brn
|move|p1a: Hates rain|Gyro Ball|p2a: Tapu Koko
|-damage|p2a: Tapu Koko|44/100
|
|-damage|p2a: Tapu Koko|32/100|[from] Leech Seed|[of] p1a: Hates rain
|-heal|p1a: Hates rain|47/100 brn|[silent]
|-damage|p1a: Hates rain|41/100 brn|[from] brn
|upkeep
|turn|16
|
|t:|1625422097
|move|p2a: Tapu Koko|Roost|p2a: Tapu Koko
|-heal|p2a: Tapu Koko|82/100
|-singleturn|p2a: Tapu Koko|move: Roost
|move|p1a: Hates rain|Gyro Ball|p2a: Tapu Koko
|-crit|p2a: Tapu Koko
|-damage|p2a: Tapu Koko|29/100
|
|-damage|p2a: Tapu Koko|16/100|[from] Leech Seed|[of] p1a: Hates rain
|-heal|p1a: Hates rain|51/100 brn|[silent]
|-damage|p1a: Hates rain|45/100 brn|[from] brn
|-fieldend|move: Electric Terrain
|upkeep
|turn|17
|
|t:|1625422101
|move|p2a: Tapu Koko|Roost|p2a: Tapu Koko
|-heal|p2a: Tapu Koko|66/100
|-singleturn|p2a: Tapu Koko|move: Roost
|move|p1a: Hates rain|Gyro Ball|p2a: Tapu Koko
|-damage|p2a: Tapu Koko|45/100
|
|-damage|p2a: Tapu Koko|33/100|[from] Leech Seed|[of] p1a: Hates rain
|-heal|p1a: Hates rain|55/100 brn|[silent]
|-damage|p1a: Hates rain|49/100 brn|[from] brn
|upkeep
|turn|18
|
|t:|1625422107
|move|p2a: Tapu Koko|Roost|p2a: Tapu Koko
|-heal|p2a: Tapu Koko|83/100
|-singleturn|p2a: Tapu Koko|move: Roost
|move|p1a: Hates rain|Gyro Ball|p2a: Tapu Koko
|-damage|p2a: Tapu Koko|60/100
|
|-damage|p2a: Tapu Koko|48/100|[from] Leech Seed|[of] p1a: Hates rain
|-heal|p1a: Hates rain|58/100 brn|[silent]
|-damage|p1a: Hates rain|52/100 brn|[from] brn
|upkeep
|turn|19
|
|t:|1625422111
|move|p2a: Tapu Koko|Roost|p2a: Tapu Koko
|-heal|p2a: Tapu Koko|98/100
|-singleturn|p2a: Tapu Koko|move: Roost
|move|p1a: Hates rain|Knock Off|p2a: Tapu Koko
|-resisted|p2a: Tapu Koko
|-damage|p2a: Tapu Koko|95/100
|
|-damage|p2a: Tapu Koko|82/100|[from] Leech Seed|[of] p1a: Hates rain
|-heal|p1a: Hates rain|62/100 brn|[silent]
|-damage|p1a: Hates rain|56/100 brn|[from] brn
|upkeep
|turn|20
|
|t:|1625422123
|move|p2a: Tapu Koko|Calm Mind|p2a: Tapu Koko
|-boost|p2a: Tapu Koko|spa|1
|-boost|p2a: Tapu Koko|spd|1
|move|p1a: Hates rain|Knock Off|p2a: Tapu Koko
|-resisted|p2a: Tapu Koko
|-damage|p2a: Tapu Koko|79/100
|
|-damage|p2a: Tapu Koko|66/100|[from] Leech Seed|[of] p1a: Hates rain
|-heal|p1a: Hates rain|66/100 brn|[silent]
|-damage|p1a: Hates rain|60/100 brn|[from] brn
|upkeep
|turn|21
|
|t:|1625422125
|move|p2a: Tapu Koko|Dazzling Gleam|p1a: Hates rain
|-resisted|p1a: Hates rain
|-damage|p1a: Hates rain|26/100 brn
|move|p1a: Hates rain|Gyro Ball|p2a: Tapu Koko
|-damage|p2a: Tapu Koko|45/100
|
|-damage|p2a: Tapu Koko|32/100|[from] Leech Seed|[of] p1a: Hates rain
|-heal|p1a: Hates rain|36/100 brn|[silent]
|-damage|p1a: Hates rain|30/100 brn|[from] brn
|upkeep
|turn|22
|
|t:|1625422137
|switch|p1a: Big Gulp sponsor|Pelipper, M|100/100
|-damage|p1a: Big Gulp sponsor|76/100|[from] Stealth Rock
|-weather|RainDance|[from] ability: Drizzle|[of] p1a: Big Gulp sponsor
|move|p2a: Tapu Koko|Roost|p2a: Tapu Koko
|-heal|p2a: Tapu Koko|82/100
|-singleturn|p2a: Tapu Koko|move: Roost
|
|-weather|RainDance|[upkeep]
|-damage|p2a: Tapu Koko|70/100|[from] Leech Seed|[of] p1a: Big Gulp sponsor
|-heal|p1a: Big Gulp sponsor|87/100|[silent]
|upkeep
|turn|23
|
|t:|1625422142
|switch|p1a: Hates rain|Ferrothorn, M|30/100 brn
|-damage|p1a: Hates rain|24/100 brn|[from] Stealth Rock
|move|p2a: Tapu Koko|Dazzling Gleam|p1a: Hates rain
|-resisted|p1a: Hates rain
|-damage|p1a: Hates rain|0 fnt
|faint|p1a: Hates rain
|
|-weather|RainDance|[upkeep]
|upkeep
|
|t:|1625422148
|switch|p1a: One fish two fish|Barraskewda, F|100/100
|-damage|p1a: One fish two fish|88/100|[from] Stealth Rock
|turn|24
|
|t:|1625422156
|switch|p2a: Slowking|Slowking, F|53/100
|-damage|p2a: Slowking|28/100|[from] Spikes
|move|p1a: One fish two fish|Liquidation|p2a: Slowking
|-resisted|p2a: Slowking
|-damage|p2a: Slowking|0 fnt
|faint|p2a: Slowking
|
|-weather|RainDance|[upkeep]
|upkeep
|
|t:|1625422163
|switch|p2a: Ferrothorn|Ferrothorn, M|94/100
|-damage|p2a: Ferrothorn|69/100|[from] Spikes
|turn|25
|
|t:|1625422168
|switch|p1a: Tornadus|Tornadus-Therian, M|100/100
|move|p2a: Ferrothorn|Leech Seed|p1a: Tornadus
|-start|p1a: Tornadus|move: Leech Seed
|
|-weather|RainDance|[upkeep]
|-heal|p2a: Ferrothorn|75/100|[from] item: Leftovers
|-damage|p1a: Tornadus|88/100|[from] Leech Seed|[of] p2a: Ferrothorn
|-heal|p2a: Ferrothorn|87/100|[silent]
|upkeep
|turn|26
|
|t:|1625422175
|switch|p2a: Clefable|Clefable, M|100/100
|move|p1a: Tornadus|Hurricane|p2a: Clefable
|-damage|p2a: Clefable|63/100
|
|-weather|RainDance|[upkeep]
|-damage|p1a: Tornadus|76/100|[from] Leech Seed|[of] p2a: Clefable
|-heal|p2a: Clefable|73/100|[silent]
|upkeep
|turn|27
|
|t:|1625422181
|move|p1a: Tornadus|Defog|p2a: Clefable
|-unboost|p2a: Clefable|evasion|1
|-sideend|p2: LT81Y Liced|Spikes|[from] move: Defog|[of] p1a: Tornadus
|-sideend|p1: Orangesss|Stealth Rock|[from] move: Defog|[of] p1a: Tornadus
|move|p2a: Clefable|Moonblast|p1a: Tornadus
|-crit|p1a: Tornadus
|-damage|p1a: Tornadus|27/100
|
|-weather|RainDance|[upkeep]
|-damage|p1a: Tornadus|15/100|[from] Leech Seed|[of] p2a: Clefable
|-heal|p2a: Clefable|84/100|[silent]
|upkeep
|turn|28
|
|t:|1625422186
|move|p1a: Tornadus|U-turn|p2a: Clefable
|-resisted|p2a: Clefable
|-damage|p2a: Clefable|78/100
|
|t:|1625422189
|switch|p1a: Agent ¥|Seismitoad, F|100/100|[from]move: U-turn
|move|p2a: Clefable|Moonblast|p1a: Agent ¥
|-damage|p1a: Agent ¥|61/100
|
|-weather|RainDance|[upkeep]
|upkeep
|turn|29
|
|t:|1625422194
|move|p1a: Agent ¥|Surf|p2a: Clefable
|-damage|p2a: Clefable|9/100
|-damage|p1a: Agent ¥|51/100|[from] item: Life Orb
|move|p2a: Clefable|Moonblast|p1a: Agent ¥
|-damage|p1a: Agent ¥|15/100
|
|-weather|none
|upkeep
|turn|30
|
|t:|1625422200
|move|p1a: Agent ¥|Surf|p2a: Clefable
|-damage|p2a: Clefable|0 fnt
|faint|p2a: Clefable
|-damage|p1a: Agent ¥|5/100|[from] item: Life Orb
|
|upkeep
|
|t:|1625422210
|switch|p2a: Tapu Koko|Tapu Koko|70/100
|-fieldstart|move: Electric Terrain|[from] ability: Electric Surge|[of] p2a: Tapu Koko
|turn|31
|
|t:|1625422217
|switch|p1a: Big Gulp sponsor|Pelipper, M|87/100
|-weather|RainDance|[from] ability: Drizzle|[of] p1a: Big Gulp sponsor
|move|p2a: Tapu Koko|Dazzling Gleam|p1a: Big Gulp sponsor
|-crit|p1a: Big Gulp sponsor
|-damage|p1a: Big Gulp sponsor|15/100
|
|-weather|RainDance|[upkeep]
|upkeep
|turn|32
|
|t:|1625422228
|switch|p1a: Agent ¥|Seismitoad, F|5/100
|move|p2a: Tapu Koko|Dazzling Gleam|p1a: Agent ¥
|-damage|p1a: Agent ¥|0 fnt
|faint|p1a: Agent ¥
|
|-weather|RainDance|[upkeep]
|upkeep
|
|t:|1625422230
|switch|p1a: One fish two fish|Barraskewda, F|88/100
|turn|33
|
|t:|1625422236
|switch|p2a: Ferrothorn|Ferrothorn, M|87/100
|move|p1a: One fish two fish|Close Combat|p2a: Ferrothorn
|-supereffective|p2a: Ferrothorn
|-damage|p2a: Ferrothorn|0 fnt
|-unboost|p1a: One fish two fish|def|1
|-unboost|p1a: One fish two fish|spd|1
|-damage|p1a: One fish two fish|76/100|[from] ability: Iron Barbs|[of] p2a: Ferrothorn
|faint|p2a: Ferrothorn
|
|-weather|RainDance|[upkeep]
|upkeep
|
|t:|1625422244
|switch|p2a: Tapu Koko|Tapu Koko|70/100
|turn|34
|
|t:|1625422248
|switch|p1a: Tornadus|Tornadus-Therian, M|48/100
|move|p2a: Tapu Koko|Calm Mind|p2a: Tapu Koko
|-boost|p2a: Tapu Koko|spa|1
|-boost|p2a: Tapu Koko|spd|1
|
|-weather|RainDance|[upkeep]
|upkeep
|turn|35
|
|t:|1625422252
|move|p2a: Tapu Koko|Thunderbolt|p1a: Tornadus
|-supereffective|p1a: Tornadus
|-damage|p1a: Tornadus|0 fnt
|faint|p1a: Tornadus
|
|-weather|RainDance|[upkeep]
|-fieldend|move: Electric Terrain
|upkeep
|
|t:|1625422255
|switch|p1a: One fish two fish|Barraskewda, F|76/100
|turn|36
|
|t:|1625422257
|move|p1a: One fish two fish|Liquidation|p2a: Tapu Koko
|-damage|p2a: Tapu Koko|0 fnt
|faint|p2a: Tapu Koko
|
|-weather|RainDance|[upkeep]
|upkeep
|
|t:|1625422260
|switch|p2a: Landorus|Landorus-Therian, M|63/100
|-ability|p2a: Landorus|Intimidate|boost
|-unboost|p1a: One fish two fish|atk|1
|turn|37
|
|t:|1625422266
|move|p1a: One fish two fish|Liquidation|p2a: Landorus
|-supereffective|p2a: Landorus
|-damage|p2a: Landorus|0 fnt
|faint|p2a: Landorus
|
|-weather|RainDance|[upkeep]
|upkeep
|-message|LT81Y Liced forfeited.
|
|win|Orangesss
|raw|Orangesss's rating: 1676 &rarr; <strong>1701</strong><br />(+25 for winning)
|raw|LT81Y Liced's rating: 1773 &rarr; <strong>1748</strong><br />(-25 for losing)
|l|☆LT81Y Liced
