|html|<div class="broadcast-blue"><strong>[Gen 8] OU is currently suspecting Kyurem! For information on how to participate check out the <a href="https://www.smogon.com/forums/threads/np-ss-ou-suspect-process-round-11-break-the-ice.3694129/">suspect thread</a>.</strong></div>
|j|☆ldailey19
|j|☆OUTH Barde
|t:|1638928773
|gametype|singles
|player|p1|ldailey19|lance|1391
|player|p2|OUTH Barde|dragontamer|1363
|teamsize|p1|6
|teamsize|p2|6
|gen|8
|tier|[Gen 8] OU
|rated|
|rule|Sleep Clause Mod: Limit one foe put to sleep
|rule|Species Clause: Limit one of each Pokémon
|rule|OHKO Clause: OHKO moves are banned
|rule|Evasion Moves Clause: Evasion moves are banned
|rule|Endless Battle Clause: Forcing endless battles is banned
|rule|HP Percentage Mod: HP is shown in percentages
|rule|Dynamax Clause: You cannot dynamax
|clearpoke
|poke|p1|Garchomp, F|
|poke|p1|Magnezone|
|poke|p1|Weavile, M|
|poke|p1|Urshifu-*, M|
|poke|p1|Heatran, F|
|poke|p1|Landorus-Therian, M|
|poke|p2|Kyurem|
|poke|p2|Tapu Koko|
|poke|p2|Corviknight, M|
|poke|p2|Landorus-Therian, M|
|poke|p2|Heatran, M|
|poke|p2|Tapu Fini|
|teampreview
|inactive|Battle timer is ON: inactive players will automatically lose when time's up. (requested by ldailey19)
|
|t:|1638928783
|start
|switch|p1a: Urshifu|Urshifu-Rapid-Strike, M|100/100
|switch|p2a: Landorus|Landorus-Therian, M|100/100
|-ability|p2a: Landorus|Intimidate|boost
|-unboost|p1a: Urshifu|atk|1
|turn|1
|
|t:|1638928804
|switch|p2a: Tapu Fini|Tapu Fini|100/100
|-fieldstart|move: Misty Terrain|[from] ability: Misty Surge|[of] p2a: Tapu Fini
|move|p1a: Urshifu|Surging Strikes|p2a: Tapu Fini
|-resisted|p2a: Tapu Fini
|-crit|p2a: Tapu Fini
|-damage|p2a: Tapu Fini|94/100
|-resisted|p2a: Tapu Fini
|-crit|p2a: Tapu Fini
|-damage|p2a: Tapu Fini|86/100
|-resisted|p2a: Tapu Fini
|-crit|p2a: Tapu Fini
|-damage|p2a: Tapu Fini|79/100
|-hitcount|p2a: Tapu Fini|3
|
|-heal|p2a: Tapu Fini|85/100|[from] item: Leftovers
|upkeep
|turn|2
|
|t:|1638928821
|switch|p1a: Magnezone|Magnezone|100/100
|move|p2a: Tapu Fini|Moonblast|p1a: Magnezone
|-resisted|p1a: Magnezone
|-damage|p1a: Magnezone|90/100
|
|-heal|p2a: Tapu Fini|91/100|[from] item: Leftovers
|upkeep
|turn|3
|
|t:|1638928829
|switch|p2a: Landorus|Landorus-Therian, M|100/100
|-ability|p2a: Landorus|Intimidate|boost
|-unboost|p1a: Magnezone|atk|1
|move|p1a: Magnezone|Flash Cannon|p2a: Landorus
|-damage|p2a: Landorus|57/100
|
|-heal|p2a: Landorus|63/100|[from] item: Leftovers
|upkeep
|turn|4
|
|t:|1638928843
|switch|p1a: Landorus|Landorus-Therian, M|100/100
|-ability|p1a: Landorus|Intimidate|boost
|-unboost|p2a: Landorus|atk|1
|move|p2a: Landorus|Stealth Rock|p1a: Landorus
|-sidestart|p1: ldailey19|move: Stealth Rock
|
|-heal|p2a: Landorus|69/100|[from] item: Leftovers
|upkeep
|turn|5
|
|t:|1638928856
|move|p1a: Landorus|Stealth Rock|p2a: Landorus
|-sidestart|p2: OUTH Barde|move: Stealth Rock
|move|p2a: Landorus|Toxic|p1a: Landorus
|-status|p1a: Landorus|tox
|
|-heal|p2a: Landorus|75/100|[from] item: Leftovers
|-damage|p1a: Landorus|94/100 tox|[from] psn
|-fieldend|Misty Terrain
|upkeep
|turn|6
|
|t:|1638928867
|move|p1a: Landorus|Knock Off|p2a: Landorus
|-damage|p2a: Landorus|44/100
|-enditem|p2a: Landorus|Leftovers|[from] move: Knock Off|[of] p1a: Landorus
|move|p2a: Landorus|U-turn|p1a: Landorus
|-resisted|p1a: Landorus
|-damage|p1a: Landorus|89/100 tox
|-damage|p2a: Landorus|28/100|[from] item: Rocky Helmet|[of] p1a: Landorus
|
|t:|1638928882
|switch|p2a: Kyurem|Kyurem|100/100|[from]move: U-turn
|-damage|p2a: Kyurem|76/100|[from] Stealth Rock
|-ability|p2a: Kyurem|Pressure
|
|-damage|p1a: Landorus|77/100 tox|[from] psn
|upkeep
|turn|7
|inactive|ldailey19 has 120 seconds left.
|
|t:|1638928926
|switch|p1a: Weavile|Weavile, M|100/100
|-damage|p1a: Weavile|76/100|[from] Stealth Rock
|-ability|p1a: Weavile|Pressure
|move|p2a: Kyurem|Ice Beam|p1a: Weavile
|-resisted|p1a: Weavile
|-damage|p1a: Weavile|24/100
|
|upkeep
|turn|8
|
|t:|1638928935
|switch|p2a: Corviknight|Corviknight, M|100/100
|-damage|p2a: Corviknight|88/100|[from] Stealth Rock
|-ability|p2a: Corviknight|Pressure
|move|p1a: Weavile|Brick Break|p2a: Corviknight
|-damage|p2a: Corviknight|62/100
|
|-heal|p2a: Corviknight|68/100|[from] item: Leftovers
|upkeep
|turn|9
|inactive|ldailey19 has 120 seconds left.
|
|t:|1638928949
|move|p1a: Weavile|Brick Break|p2a: Corviknight
|-damage|p2a: Corviknight|45/100
|move|p2a: Corviknight|U-turn|p1a: Weavile
|-supereffective|p1a: Weavile
|-damage|p1a: Weavile|0 fnt
|faint|p1a: Weavile
|
|t:|1638928955
|switch|p2a: Tapu Koko|Tapu Koko|100/100|[from]move: U-turn
|-fieldstart|move: Electric Terrain|[from] ability: Electric Surge|[of] p2a: Tapu Koko
|
|upkeep
|inactive|ldailey19 has 120 seconds left.
|
|t:|1638928973
|switch|p1a: Magnezone|Magnezone|90/100
|-damage|p1a: Magnezone|84/100|[from] Stealth Rock
|turn|10
|
|t:|1638928980
|move|p2a: Tapu Koko|U-turn|p1a: Magnezone
|-resisted|p1a: Magnezone
|-damage|p1a: Magnezone|77/100
|
|t:|1638928983
|switch|p2a: Heatran|Heatran, M|100/100|[from]move: U-turn
|-damage|p2a: Heatran|88/100|[from] Stealth Rock
|move|p1a: Magnezone|Flash Cannon|p2a: Heatran
|-resisted|p2a: Heatran
|-damage|p2a: Heatran|77/100
|
|-heal|p2a: Heatran|83/100|[from] item: Leftovers
|upkeep
|turn|11
|inactive|ldailey19 has 120 seconds left.
|
|t:|1638928998
|switch|p1a: Heatran|Heatran, F|100/100
|-damage|p1a: Heatran|88/100|[from] Stealth Rock
|-item|p1a: Heatran|Air Balloon
|move|p2a: Heatran|Earth Power|p1a: Heatran
|-immune|p1a: Heatran
|
|-heal|p2a: Heatran|90/100|[from] item: Leftovers
|upkeep
|turn|12
|inactive|ldailey19 has 120 seconds left.
|
|t:|1638929015
|switch|p2a: Tapu Fini|Tapu Fini|91/100
|-damage|p2a: Tapu Fini|79/100|[from] Stealth Rock
|-fieldstart|move: Misty Terrain|[from] ability: Misty Surge|[of] p2a: Tapu Fini
|move|p1a: Heatran|Flamethrower|p2a: Tapu Fini
|-resisted|p2a: Tapu Fini
|-damage|p2a: Tapu Fini|64/100
|
|-heal|p2a: Tapu Fini|70/100|[from] item: Leftovers
|upkeep
|turn|13
|
|t:|1638929034
|switch|p1a: Magnezone|Magnezone|77/100
|-damage|p1a: Magnezone|71/100|[from] Stealth Rock
|move|p2a: Tapu Fini|Knock Off|p1a: Magnezone
|-damage|p1a: Magnezone|56/100
|-enditem|p1a: Magnezone|Assault Vest|[from] move: Knock Off|[of] p2a: Tapu Fini
|
|-heal|p2a: Tapu Fini|76/100|[from] item: Leftovers
|upkeep
|turn|14
|
|t:|1638929042
|switch|p2a: Landorus|Landorus-Therian, M|28/100
|-damage|p2a: Landorus|16/100|[from] Stealth Rock
|-ability|p2a: Landorus|Intimidate|boost
|-unboost|p1a: Magnezone|atk|1
|move|p1a: Magnezone|Thunderbolt|p2a: Landorus
|-immune|p2a: Landorus
|
|upkeep
|turn|15
|
|t:|1638929067
|switch|p1a: Landorus|Landorus-Therian, M|77/100 tox
|-damage|p1a: Landorus|65/100 tox|[from] Stealth Rock
|-ability|p1a: Landorus|Intimidate|boost
|-unboost|p2a: Landorus|atk|1
|move|p2a: Landorus|U-turn|p1a: Landorus
|-resisted|p1a: Landorus
|-damage|p1a: Landorus|60/100 tox
|-damage|p2a: Landorus|0 fnt|[from] item: Rocky Helmet|[of] p1a: Landorus
|faint|p2a: Landorus
|
|-damage|p1a: Landorus|54/100 tox|[from] psn
|upkeep
|
|t:|1638929084
|switch|p2a: Kyurem|Kyurem|76/100
|-damage|p2a: Kyurem|51/100|[from] Stealth Rock
|-ability|p2a: Kyurem|Pressure
|turn|16
|
|t:|1638929094
|move|p2a: Kyurem|Ice Beam|p1a: Landorus
|-supereffective|p1a: Landorus
|-damage|p1a: Landorus|0 fnt
|faint|p1a: Landorus
|
|-fieldend|Misty Terrain
|upkeep
|inactive|ldailey19 has 90 seconds left.
|
|t:|1638929116
|switch|p1a: Urshifu|Urshifu-Rapid-Strike, M|100/100
|-damage|p1a: Urshifu|94/100|[from] Stealth Rock
|turn|17
|
|t:|1638929121
|switch|p2a: Tapu Fini|Tapu Fini|76/100
|-damage|p2a: Tapu Fini|64/100|[from] Stealth Rock
|-fieldstart|move: Misty Terrain|[from] ability: Misty Surge|[of] p2a: Tapu Fini
|move|p1a: Urshifu|Close Combat|p2a: Tapu Fini
|-resisted|p2a: Tapu Fini
|-damage|p2a: Tapu Fini|42/100
|-unboost|p1a: Urshifu|def|1
|-unboost|p1a: Urshifu|spd|1
|
|-heal|p2a: Tapu Fini|48/100|[from] item: Leftovers
|upkeep
|turn|18
|inactive|ldailey19 has 90 seconds left.
|
|t:|1638929157
|switch|p1a: Magnezone|Magnezone|56/100
|-damage|p1a: Magnezone|50/100|[from] Stealth Rock
|move|p2a: Tapu Fini|Scald|p1a: Magnezone
|-damage|p1a: Magnezone|24/100
|
|-heal|p2a: Tapu Fini|54/100|[from] item: Leftovers
|upkeep
|turn|19
|
|t:|1638929167
|move|p2a: Tapu Fini|Scald|p1a: Magnezone
|-crit|p1a: Magnezone
|-damage|p1a: Magnezone|0 fnt
|faint|p1a: Magnezone
|
|-heal|p2a: Tapu Fini|60/100|[from] item: Leftovers
|upkeep
|
|t:|1638929179
|switch|p1a: Urshifu|Urshifu-Rapid-Strike, M|94/100
|-damage|p1a: Urshifu|88/100|[from] Stealth Rock
|turn|20
|
|t:|1638929187
|switch|p2a: Kyurem|Kyurem|51/100
|-damage|p2a: Kyurem|26/100|[from] Stealth Rock
|-ability|p2a: Kyurem|Pressure
|move|p1a: Urshifu|Thunder Punch|p2a: Kyurem
|-resisted|p2a: Kyurem
|-damage|p2a: Kyurem|15/100
|
|upkeep
|turn|21
|
|t:|1638929206
|move|p1a: Urshifu|Surging Strikes|p2a: Kyurem
|-resisted|p2a: Kyurem
|-crit|p2a: Kyurem
|-damage|p2a: Kyurem|5/100
|-resisted|p2a: Kyurem
|-crit|p2a: Kyurem
|-damage|p2a: Kyurem|0 fnt
|faint|p2a: Kyurem
|-hitcount|p2: Kyurem|2
|
|-fieldend|Misty Terrain
|upkeep
|
|t:|1638929214
|switch|p2a: Tapu Koko|Tapu Koko|100/100
|-fieldstart|move: Electric Terrain|[from] ability: Electric Surge|[of] p2a: Tapu Koko
|turn|22
|
|t:|1638929228
|switch|p1a: Heatran|Heatran, F|88/100
|-damage|p1a: Heatran|75/100|[from] Stealth Rock
|-item|p1a: Heatran|Air Balloon
|move|p2a: Tapu Koko|Dazzling Gleam|p1a: Heatran
|-resisted|p1a: Heatran
|-damage|p1a: Heatran|70/100
|-enditem|p1a: Heatran|Air Balloon
|
|upkeep
|turn|23
|
|t:|1638929244
|move|p2a: Tapu Koko|U-turn|p1a: Heatran
|-resisted|p1a: Heatran
|-damage|p1a: Heatran|66/100
|
|t:|1638929247
|switch|p2a: Tapu Fini|Tapu Fini|60/100|[from]move: U-turn
|-damage|p2a: Tapu Fini|48/100|[from] Stealth Rock
|-fieldstart|move: Misty Terrain|[from] ability: Misty Surge|[of] p2a: Tapu Fini
|move|p1a: Heatran|Toxic|p2a: Tapu Fini
|-activate|p2a: Tapu Fini|move: Misty Terrain
|
|-heal|p2a: Tapu Fini|54/100|[from] item: Leftovers
|upkeep
|turn|24
|
|t:|1638929269
|move|p1a: Heatran|Earth Power|p2a: Tapu Fini
|-damage|p2a: Tapu Fini|35/100
|move|p2a: Tapu Fini|Scald|p1a: Heatran
|-supereffective|p1a: Heatran
|-damage|p1a: Heatran|28/100
|
|-heal|p2a: Tapu Fini|41/100|[from] item: Leftovers
|upkeep
|turn|25
|
|t:|1638929278
|move|p1a: Heatran|Earth Power|p2a: Tapu Fini
|-damage|p2a: Tapu Fini|23/100
|move|p2a: Tapu Fini|Scald|p1a: Heatran
|-supereffective|p1a: Heatran
|-damage|p1a: Heatran|0 fnt
|faint|p1a: Heatran
|
|-heal|p2a: Tapu Fini|29/100|[from] item: Leftovers
|upkeep
|
|t:|1638929298
|switch|p1a: Urshifu|Urshifu-Rapid-Strike, M|88/100
|-damage|p1a: Urshifu|82/100|[from] Stealth Rock
|turn|26
|
|t:|1638929302
|move|p1a: Urshifu|Thunder Punch|p2a: Tapu Fini
|-supereffective|p2a: Tapu Fini
|-damage|p2a: Tapu Fini|0 fnt
|faint|p2a: Tapu Fini
|
|upkeep
|
|t:|1638929308
|switch|p2a: Tapu Koko|Tapu Koko|100/100
|-fieldstart|move: Electric Terrain|[from] ability: Electric Surge|[of] p2a: Tapu Koko
|turn|27
|
|t:|1638929322
|move|p2a: Tapu Koko|Dazzling Gleam|p1a: Urshifu
|-supereffective|p1a: Urshifu
|-damage|p1a: Urshifu|0 fnt
|faint|p1a: Urshifu
|
|upkeep
|
|t:|1638929326
|switch|p1a: Garchomp|Garchomp, F|100/100
|-damage|p1a: Garchomp|94/100|[from] Stealth Rock
|turn|28
|
|t:|1638929330
|move|p2a: Tapu Koko|Dazzling Gleam|p1a: Garchomp
|-supereffective|p1a: Garchomp
|-damage|p1a: Garchomp|18/100
|move|p1a: Garchomp|Earthquake|p2a: Tapu Koko
|-supereffective|p2a: Tapu Koko
|-damage|p2a: Tapu Koko|0 fnt
|faint|p2a: Tapu Koko
|
|upkeep
|
|t:|1638929337
|switch|p2a: Corviknight|Corviknight, M|45/100
|-damage|p2a: Corviknight|32/100|[from] Stealth Rock
|-ability|p2a: Corviknight|Pressure
|turn|29
|
|t:|1638929342
|move|p1a: Garchomp|Fire Fang|p2a: Corviknight
|-supereffective|p2a: Corviknight
|-damage|p2a: Corviknight|2/100
|move|p2a: Corviknight|Body Press|p1a: Garchomp
|-damage|p1a: Garchomp|0 fnt
|-damage|p2a: Corviknight|0 fnt|[from] ability: Rough Skin|[of] p1a: Garchomp
|faint|p1a: Garchomp
|faint|p2a: Corviknight
|
|win|OUTH Barde
|raw|ldailey19's rating: 1391 &rarr; <strong>1369</strong><br />(-22 for losing)
|raw|OUTH Barde's rating: 1363 &rarr; <strong>1385</strong><br />(+22 for winning)
|l|☆ldailey19
