|j|☆Plasmeek
|j|☆d18l
|t:|1629429705
|gametype|singles
|player|p1|Plasmeek|youngster-gen4dp|1773
|player|p2|d18l|backpacker|1750
|teamsize|p1|6
|teamsize|p2|6
|gen|8
|tier|[Gen 8] OU
|rated|
|rule|Sleep Clause Mod: Limit one foe put to sleep
|rule|Species Clause: Limit one of each Pokémon
|rule|OHKO Clause: OHKO moves are banned
|rule|Evasion Moves Clause: Evasion moves are banned
|rule|Endless Battle Clause: Forcing endless battles is banned
|rule|HP Percentage Mod: HP is shown in percentages
|rule|Dynamax Clause: You cannot dynamax
|clearpoke
|poke|p1|Melmetal|
|poke|p1|Pelipper, M|
|poke|p1|Volcanion|
|poke|p1|Seismitoad, M|
|poke|p1|Dragonite, M|
|poke|p1|Barraskewda, M|
|poke|p2|Slowking-Galar, F|
|poke|p2|Corviknight, F|
|poke|p2|Landorus-Therian, M|
|poke|p2|Tapu Fini|
|poke|p2|Urshifu-*, F|
|poke|p2|Weavile, M|
|teampreview
|j| p74
|j|+Disorient
|j| Thats quite unfor
|j| pastagirl
|j| GGeorgie
|j| kazt 5
|
|t:|1629429771
|start
|switch|p1a: Predator|Barraskewda, M, shiny|100/100
|switch|p2a: Weavile|Weavile, M|100/100
|-ability|p2a: Weavile|Pressure
|turn|1
|
|t:|1629429781
|switch|p2a: Urshifu|Urshifu-Rapid-Strike, F|100/100
|move|p1a: Predator|Flip Turn|p2a: Urshifu
|-resisted|p2a: Urshifu
|-damage|p2a: Urshifu|76/100
|j| Ehte
|
|t:|1629429786
|switch|p1a: Messenger|Pelipper, M, shiny|100/100|[from]move: Flip Turn
|-weather|RainDance|[from] ability: Drizzle|[of] p1a: Messenger
|
|-weather|RainDance|[upkeep]
|upkeep
|turn|2
|
|t:|1629429795
|move|p2a: Urshifu|U-turn|p1a: Messenger
|-resisted|p1a: Messenger
|-damage|p1a: Messenger|86/100
|
|t:|1629429802
|switch|p2a: Tapu Fini|Tapu Fini|100/100|[from]move: U-turn
|-fieldstart|move: Misty Terrain|[from] ability: Misty Surge|[of] p2a: Tapu Fini
|move|p1a: Messenger|U-turn|p2a: Tapu Fini
|-resisted|p2a: Tapu Fini
|-damage|p2a: Tapu Fini|97/100
|
|t:|1629429806
|switch|p1a: King VIG|Volcanion|100/100|[from]move: U-turn
|
|-weather|RainDance|[upkeep]
|-heal|p2a: Tapu Fini|100/100|[from] item: Leftovers
|upkeep
|turn|3
|j| OU make me yawn♤
|j| Mimikyu Stardust
|
|t:|1629429840
|move|p1a: King VIG|Steam Eruption|p2a: Tapu Fini
|-resisted|p2a: Tapu Fini
|-crit|p2a: Tapu Fini
|-damage|p2a: Tapu Fini|20/100
|move|p2a: Tapu Fini|Nature's Madness|p1a: King VIG
|-damage|p1a: King VIG|51/100
|
|-weather|RainDance|[upkeep]
|-heal|p2a: Tapu Fini|26/100|[from] item: Leftovers
|upkeep
|turn|4
|l| OU make me yawn♤
|j| h moment
|
|t:|1629429871
|move|p1a: King VIG|Steam Eruption|p2a: Tapu Fini
|-resisted|p2a: Tapu Fini
|-damage|p2a: Tapu Fini|0 fnt
|faint|p2a: Tapu Fini
|
|-weather|RainDance|[upkeep]
|upkeep
|
|t:|1629429876
|switch|p2a: Urshifu|Urshifu-Rapid-Strike, F|76/100
|turn|5
|
|t:|1629429886
|switch|p1a: Leviathan|Dragonite, M, shiny|100/100
|move|p2a: Urshifu|Close Combat|p1a: Leviathan
|-resisted|p1a: Leviathan
|-damage|p1a: Leviathan|75/100
|-unboost|p2a: Urshifu|def|1
|-unboost|p2a: Urshifu|spd|1
|
|-weather|RainDance|[upkeep]
|upkeep
|turn|6
|
|t:|1629429898
|switch|p2a: Corviknight|Corviknight, F|100/100
|-ability|p2a: Corviknight|Pressure
|move|p1a: Leviathan|Roost|p1a: Leviathan
|-heal|p1a: Leviathan|100/100
|-singleturn|p1a: Leviathan|move: Roost
|
|-weather|RainDance|[upkeep]
|-fieldend|Misty Terrain
|upkeep
|turn|7
|j| cutie23432423
|
|t:|1629429909
|switch|p1a: Predator|Barraskewda, M, shiny|100/100
|move|p2a: Corviknight|U-turn|p1a: Predator
|-damage|p1a: Predator|72/100
|j| baloor
|j| Noob 0_o
|
|t:|1629429913
|switch|p2a: Urshifu|Urshifu-Rapid-Strike, F|76/100|[from]move: U-turn
|
|-weather|RainDance|[upkeep]
|upkeep
|turn|8
|
|t:|1629429943
|move|p1a: Predator|Flip Turn|p2a: Urshifu
|-resisted|p2a: Urshifu
|-damage|p2a: Urshifu|39/100
|
|t:|1629429952
|switch|p1a: Leviathan|Dragonite, M, shiny|100/100|[from]move: Flip Turn
|move|p2a: Urshifu|U-turn|p1a: Leviathan
|-resisted|p1a: Leviathan
|-damage|p1a: Leviathan|90/100
|
|t:|1629429956
|switch|p2a: Weavile|Weavile, M|100/100|[from]move: U-turn
|-ability|p2a: Weavile|Pressure
|
|-weather|none
|upkeep
|turn|9
|
|t:|1629429960
|switch|p1a: Fate|Melmetal, shiny|100/100
|move|p2a: Weavile|Knock Off|p1a: Fate
|-damage|p1a: Fate|74/100
|-enditem|p1a: Fate|Assault Vest|[from] move: Knock Off|[of] p2a: Weavile
|
|upkeep
|turn|10
|j| Frk77
|
|t:|1629429964
|switch|p2a: Corviknight|Corviknight, F|100/100
|-ability|p2a: Corviknight|Pressure
|switch|p1a: Messenger|Pelipper, M, shiny|86/100
|-weather|RainDance|[from] ability: Drizzle|[of] p1a: Messenger
|
|-weather|RainDance|[upkeep]
|upkeep
|turn|11
|
|t:|1629429971
|switch|p1a: Globox|Seismitoad, M, shiny|100/100
|move|p2a: Corviknight|U-turn|p1a: Globox
|-damage|p1a: Globox|82/100
|
|t:|1629429976
|switch|p2a: Slowking|Slowking-Galar, F|100/100|[from]move: U-turn
|
|-weather|RainDance|[upkeep]
|upkeep
|turn|12
|
|t:|1629429984
|move|p1a: Globox|Stealth Rock|p2a: Slowking
|-sidestart|p2: d18l|move: Stealth Rock
|move|p2a: Slowking|Ice Beam|p1a: Globox
|-damage|p1a: Globox|49/100
|
|-weather|RainDance|[upkeep]
|upkeep
|turn|13
|
|t:|1629429991
|switch|p1a: Fate|Melmetal, shiny|74/100
|move|p2a: Slowking|Ice Beam|p1a: Fate
|-resisted|p1a: Fate
|-damage|p1a: Fate|62/100
|
|-weather|RainDance|[upkeep]
|upkeep
|turn|14
|
|t:|1629429995
|switch|p2a: Corviknight|Corviknight, F|100/100
|-damage|p2a: Corviknight|88/100|[from] Stealth Rock
|-ability|p2a: Corviknight|Pressure
|move|p1a: Fate|Ice Punch|p2a: Corviknight
|-damage|p2a: Corviknight|67/100
|-damage|p1a: Fate|45/100|[from] item: Rocky Helmet|[of] p2a: Corviknight
|
|-weather|RainDance|[upkeep]
|upkeep
|turn|15
|inactive|Battle timer is ON: inactive players will automatically lose when time's up. (requested by Plasmeek)
|l| Frk77
|
|t:|1629430034
|switch|p1a: King VIG|Volcanion|51/100
|move|p2a: Corviknight|U-turn|p1a: King VIG
|-resisted|p1a: King VIG
|-damage|p1a: King VIG|43/100
|j| RBYe
|l| RBYe
|
|t:|1629430058
|switch|p2a: Urshifu|Urshifu-Rapid-Strike, F|39/100|[from]move: U-turn
|-damage|p2a: Urshifu|33/100|[from] Stealth Rock
|
|-weather|RainDance|[upkeep]
|upkeep
|turn|16
|
|t:|1629430062
|move|p2a: Urshifu|Close Combat|p1a: King VIG
|-damage|p1a: King VIG|0 fnt
|-unboost|p2a: Urshifu|def|1
|-unboost|p2a: Urshifu|spd|1
|faint|p1a: King VIG
|
|-weather|RainDance|[upkeep]
|upkeep
|
|t:|1629430066
|switch|p1a: Predator|Barraskewda, M, shiny|72/100
|turn|17
|
|t:|1629430077
|switch|p2a: Corviknight|Corviknight, F|67/100
|-damage|p2a: Corviknight|55/100|[from] Stealth Rock
|-ability|p2a: Corviknight|Pressure
|move|p1a: Predator|Liquidation|p2a: Corviknight
|-damage|p2a: Corviknight|0 fnt
|-damage|p1a: Predator|56/100|[from] item: Rocky Helmet|[of] p2a: Corviknight
|faint|p2a: Corviknight
|
|-weather|none
|upkeep
|inactive|d18l has 120 seconds left.
|-message|d18l forfeited.
|
|win|Plasmeek
|raw|Plasmeek's rating: 1773 &rarr; <strong>1792</strong><br />(+19 for winning)
|raw|d18l's rating: 1750 &rarr; <strong>1731</strong><br />(-19 for losing)
|l| Mimikyu Stardust
|l|☆Plasmeek
|j| Mimikyu Stardust
|l|+Disorient
|l| Thats quite unfor
|l| kazt 5
|j| Thats quite unfor
|j| laughokenisis
|l| Thats quite unfor
|l| laughokenisis
|l| Noob 0_o
|j| Vampirism
|l| baloor
|l| h moment
|l| Mimikyu Stardust
|j| azn1
|l| Ehte
|j| laughokenisis
|l| laughokenisis
|l| Vampirism
|j| THATS QUITE UNFOR
|j| yaboiAshK.
|l| THATS QUITE UNFOR
|l| yaboiAshK.
|j| Sunsteel Stroke
|l| Sunsteel Stroke
|j| Puffy423
|l| Puffy423
|player|p2|d18l|backpacker
