|j|☆Frostyrade
|j|☆Highv0ltag3
|t:|1657500062
|gametype|singles
|player|p1|Frostyrade|266|1676
|player|p2|Highv0ltag3|volo|1867
|teamsize|p1|6
|teamsize|p2|6
|gen|8
|tier|[Gen 8] OU
|rated|
|rule|Sleep Clause Mod: Limit one foe put to sleep
|rule|Species Clause: Limit one of each Pokémon
|rule|OHKO Clause: OHKO moves are banned
|rule|Evasion Moves Clause: Evasion moves are banned
|rule|Endless Battle Clause: Forcing endless battles is banned
|rule|HP Percentage Mod: HP is shown in percentages
|rule|Dynamax Clause: You cannot dynamax
|clearpoke
|poke|p1|Torkoal, M|
|poke|p1|Venusaur, M|
|poke|p1|Hatterene, F|
|poke|p1|Marowak-Alola, M|
|poke|p1|Porygon2|
|poke|p1|Heatran, M|
|poke|p2|Tangrowth, M|
|poke|p2|Toxapex, M|
|poke|p2|Corviknight, F|
|poke|p2|Gastrodon, M|
|poke|p2|Blissey, F|
|poke|p2|Jirachi|
|teampreview
|c|☆Highv0ltag3|Uh oh
|c|☆Highv0ltag3|This is bad
|c|☆Highv0ltag3|Very bad
|
|t:|1657500099
|start
|switch|p1a: Torkoal|Torkoal, M|100/100
|switch|p2a: I'm also pink blob|Gastrodon, M|100/100
|-weather|SunnyDay|[from] ability: Drought|[of] p1a: Torkoal
|turn|1
|j| HateCauseUAint
|
|t:|1657500112
|switch|p1a: Hatterene|Hatterene, F|100/100
|move|p2a: I'm also pink blob|Earth Power|p1a: Hatterene
|-damage|p1a: Hatterene|78/100
|
|-weather|SunnyDay|[upkeep]
|-heal|p1a: Hatterene|84/100|[from] item: Leftovers
|upkeep
|turn|2
|inactive|Battle timer is ON: inactive players will automatically lose when time's up. (requested by Highv0ltag3)
|j| cascadetrio
|
|t:|1657500146
|move|p2a: I'm also pink blob|Scald|p1a: Hatterene
|-damage|p1a: Hatterene|75/100
|move|p1a: Hatterene|Draining Kiss|p2a: I'm also pink blob
|-damage|p2a: I'm also pink blob|85/100
|-heal|p1a: Hatterene|90/100|[from] drain|[of] p2a: I'm also pink blob
|
|-weather|SunnyDay|[upkeep]
|-heal|p2a: I'm also pink blob|92/100|[from] item: Leftovers
|-heal|p1a: Hatterene|96/100|[from] item: Leftovers
|upkeep
|turn|3
|
|t:|1657500152
|switch|p1a: Venusaur|Venusaur, M|100/100
|move|p2a: I'm also pink blob|Scald|p1a: Venusaur
|-resisted|p1a: Venusaur
|-damage|p1a: Venusaur|93/100
|
|-weather|SunnyDay|[upkeep]
|-heal|p2a: I'm also pink blob|98/100|[from] item: Leftovers
|upkeep
|turn|4
|
|t:|1657500164
|switch|p1a: Marowak|Marowak-Alola, M|100/100
|switch|p2a: Fuck taunt|Blissey, F|100/100
|
|-weather|SunnyDay|[upkeep]
|upkeep
|turn|5
|
|t:|1657500174
|switch|p2a: Fuck tran|Toxapex, M|100/100
|move|p1a: Marowak|Earthquake|p2a: Fuck tran
|-supereffective|p2a: Fuck tran
|-damage|p2a: Fuck tran|35/100
|
|-weather|SunnyDay|[upkeep]
|upkeep
|turn|6
|
|t:|1657500189
|move|p2a: Fuck tran|Toxic|p1a: Marowak
|-status|p1a: Marowak|tox
|move|p1a: Marowak|Poltergeist|p2a: Fuck tran
|-activate|p2a: Fuck tran|move: Poltergeist|Rocky Helmet
|-damage|p2a: Fuck tran|0 fnt
|faint|p2a: Fuck tran
|
|-weather|SunnyDay|[upkeep]
|-damage|p1a: Marowak|94/100 tox|[from] psn
|upkeep
|
|t:|1657500207
|switch|p2a: Dark resist|Tangrowth, M|100/100
|turn|7
|
|t:|1657500216
|move|p2a: Dark resist|Knock Off|p1a: Marowak
|-supereffective|p1a: Marowak
|-crit|p1a: Marowak
|-damage|p1a: Marowak|27/100 tox
|-enditem|p1a: Marowak|Thick Club|[from] move: Knock Off|[of] p2a: Dark resist
|move|p1a: Marowak|Flare Blitz|p2a: Dark resist
|-supereffective|p2a: Dark resist
|-damage|p2a: Dark resist|28/100
|-damage|p1a: Marowak|0 fnt|[from] Recoil
|faint|p1a: Marowak
|
|-weather|SunnyDay|[upkeep]
|upkeep
|
|t:|1657500240
|switch|p1a: Heatran|Heatran, M|100/100
|turn|8
|
|t:|1657500243
|switch|p2a: I'm also pink blob|Gastrodon, M|98/100
|move|p1a: Heatran|Eruption|p2a: I'm also pink blob
|-resisted|p2a: I'm also pink blob
|-damage|p2a: I'm also pink blob|39/100
|
|-weather|none
|-heal|p2a: I'm also pink blob|45/100|[from] item: Leftovers
|upkeep
|turn|9
|
|t:|1657500265
|switch|p1a: Hatterene|Hatterene, F|96/100
|move|p2a: I'm also pink blob|Recover|p2a: I'm also pink blob
|-heal|p2a: I'm also pink blob|95/100
|
|-heal|p2a: I'm also pink blob|100/100|[from] item: Leftovers
|-heal|p1a: Hatterene|100/100|[from] item: Leftovers
|upkeep
|turn|10
|j| coeur de ciel
|
|t:|1657500275
|move|p2a: I'm also pink blob|Scald|p1a: Hatterene
|-damage|p1a: Hatterene|82/100
|move|p1a: Hatterene|Draining Kiss|p2a: I'm also pink blob
|-damage|p2a: I'm also pink blob|84/100
|-heal|p1a: Hatterene|99/100|[from] drain|[of] p2a: I'm also pink blob
|
|-heal|p2a: I'm also pink blob|90/100|[from] item: Leftovers
|-heal|p1a: Hatterene|100/100|[from] item: Leftovers
|upkeep
|turn|11
|
|t:|1657500286
|switch|p1a: Porygon2|Porygon2|100/100
|-ability|p1a: Porygon2|Storm Drain|[from] ability: Trace|[of] p2a: I'm also pink blob
|move|p2a: I'm also pink blob|Scald|p1a: Porygon2
|-ability|p1a: Porygon2|Storm Drain|boost
|-boost|p1a: Porygon2|spa|1
|
|-heal|p2a: I'm also pink blob|97/100|[from] item: Leftovers
|upkeep
|turn|12
|
|t:|1657500290
|switch|p2a: Fuck taunt|Blissey, F|100/100
|move|p1a: Porygon2|Tri Attack|p2a: Fuck taunt
|-damage|p2a: Fuck taunt|85/100
|
|upkeep
|turn|13
|
|t:|1657500298
|switch|p2a: I'm also pink blob|Gastrodon, M|97/100
|move|p1a: Porygon2|Teleport|p1a: Porygon2
|
|t:|1657500302
|switch|p1a: Torkoal|Torkoal, M|100/100|[from]move: Teleport
|-weather|SunnyDay|[from] ability: Drought|[of] p1a: Torkoal
|
|-weather|SunnyDay|[upkeep]
|-heal|p2a: I'm also pink blob|100/100|[from] item: Leftovers
|upkeep
|turn|14
|
|t:|1657500304
|move|p2a: I'm also pink blob|Earth Power|p1a: Torkoal
|-supereffective|p1a: Torkoal
|-damage|p1a: Torkoal|30/100
|move|p1a: Torkoal|Stealth Rock|p2a: I'm also pink blob
|-sidestart|p2: Highv0ltag3|move: Stealth Rock
|
|-weather|SunnyDay|[upkeep]
|upkeep
|turn|15
|
|t:|1657500310
|switch|p1a: Porygon2|Porygon2|100/100
|-ability|p1a: Porygon2|Storm Drain|[from] ability: Trace|[of] p2a: I'm also pink blob
|move|p2a: I'm also pink blob|Scald|p1a: Porygon2
|-ability|p1a: Porygon2|Storm Drain|boost
|-boost|p1a: Porygon2|spa|1
|
|-weather|SunnyDay|[upkeep]
|upkeep
|turn|16
|
|t:|1657500320
|switch|p2a: Fuck taunt|Blissey, F|85/100
|move|p1a: Porygon2|Teleport|p1a: Porygon2
|
|t:|1657500324
|switch|p1a: Heatran|Heatran, M|100/100|[from]move: Teleport
|
|-weather|SunnyDay|[upkeep]
|upkeep
|turn|17
|
|t:|1657500326
|move|p2a: Fuck taunt|Soft-Boiled|p2a: Fuck taunt
|-heal|p2a: Fuck taunt|100/100
|move|p1a: Heatran|Eruption|p2a: Fuck taunt
|-damage|p2a: Fuck taunt|24/100
|
|-weather|SunnyDay|[upkeep]
|upkeep
|turn|18
|
|t:|1657500351
|switch|p2a: Dark resist|Tangrowth, M|61/100
|-damage|p2a: Dark resist|49/100|[from] Stealth Rock
|move|p1a: Heatran|Eruption|p2a: Dark resist
|-supereffective|p2a: Dark resist
|-damage|p2a: Dark resist|0 fnt
|faint|p2a: Dark resist
|
|-weather|SunnyDay|[upkeep]
|upkeep
|
|t:|1657500354
|switch|p2a: I'm also pink blob|Gastrodon, M|100/100
|-damage|p2a: I'm also pink blob|94/100|[from] Stealth Rock
|turn|19
|
|t:|1657500365
|switch|p1a: Porygon2|Porygon2|100/100
|-ability|p1a: Porygon2|Storm Drain|[from] ability: Trace|[of] p2a: I'm also pink blob
|switch|p2a: Fuck taunt|Blissey, F|24/100
|
|-weather|SunnyDay|[upkeep]
|upkeep
|turn|20
|j| CB Bhris Breezy
|
|t:|1657500386
|move|p2a: Fuck taunt|Stealth Rock|p1a: Porygon2
|-sidestart|p1: Frostyrade|move: Stealth Rock
|move|p1a: Porygon2|Tri Attack|p2a: Fuck taunt
|-damage|p2a: Fuck taunt|14/100
|
|-weather|none
|upkeep
|turn|21
|
|t:|1657500400
|move|p2a: Fuck taunt|Soft-Boiled|p2a: Fuck taunt
|-heal|p2a: Fuck taunt|64/100
|move|p1a: Porygon2|Trick Room|p1a: Porygon2
|-fieldstart|move: Trick Room|[of] p1a: Porygon2
|
|upkeep
|turn|22
|
|t:|1657500407
|move|p2a: Fuck taunt|Soft-Boiled|p2a: Fuck taunt
|-heal|p2a: Fuck taunt|100/100
|move|p1a: Porygon2|Teleport|p1a: Porygon2
|
|t:|1657500418
|switch|p1a: Torkoal|Torkoal, M|30/100|[from]move: Teleport
|-damage|p1a: Torkoal|5/100|[from] Stealth Rock
|-weather|SunnyDay|[from] ability: Drought|[of] p1a: Torkoal
|
|-weather|SunnyDay|[upkeep]
|upkeep
|turn|23
|
|t:|1657500424
|move|p1a: Torkoal|Rapid Spin|p2a: Fuck taunt
|-damage|p2a: Fuck taunt|92/100
|-boost|p1a: Torkoal|spe|1
|-sideend|p1: Frostyrade|Stealth Rock|[from] move: Rapid Spin|[of] p1a: Torkoal
|move|p2a: Fuck taunt|Toxic|p1a: Torkoal
|-status|p1a: Torkoal|tox
|
|-weather|SunnyDay|[upkeep]
|-damage|p1a: Torkoal|0 fnt|[from] psn
|faint|p1a: Torkoal
|upkeep
|
|t:|1657500439
|switch|p1a: Heatran|Heatran, M|100/100
|turn|24
|
|t:|1657500448
|switch|p2a: I'm also pink blob|Gastrodon, M|94/100
|-damage|p2a: I'm also pink blob|88/100|[from] Stealth Rock
|move|p1a: Heatran|Eruption|p2a: I'm also pink blob
|-resisted|p2a: I'm also pink blob
|-damage|p2a: I'm also pink blob|28/100
|
|-weather|SunnyDay|[upkeep]
|-heal|p2a: I'm also pink blob|35/100|[from] item: Leftovers
|upkeep
|turn|25
|
|t:|1657500462
|switch|p1a: Venusaur|Venusaur, M|93/100
|move|p2a: I'm also pink blob|Earth Power|p1a: Venusaur
|-damage|p1a: Venusaur|57/100
|
|-weather|SunnyDay|[upkeep]
|-heal|p2a: I'm also pink blob|41/100|[from] item: Leftovers
|-fieldend|move: Trick Room
|upkeep
|turn|26
|
|t:|1657500470
|switch|p2a: Fuck taunt|Blissey, F|92/100
|move|p1a: Venusaur|Growth|p1a: Venusaur
|-boost|p1a: Venusaur|atk|2
|-boost|p1a: Venusaur|spa|2
|
|-weather|SunnyDay|[upkeep]
|upkeep
|turn|27
|
|t:|1657500476
|move|p1a: Venusaur|Growth|p1a: Venusaur
|-boost|p1a: Venusaur|atk|2
|-boost|p1a: Venusaur|spa|2
|move|p2a: Fuck taunt|Stealth Rock|p1a: Venusaur
|-sidestart|p1: Frostyrade|move: Stealth Rock
|
|-weather|SunnyDay|[upkeep]
|upkeep
|turn|28
|
|t:|1657500480
|move|p1a: Venusaur|Giga Drain|p2a: Fuck taunt
|-damage|p2a: Fuck taunt|36/100
|-heal|p1a: Venusaur|100/100|[from] drain|[of] p2a: Fuck taunt
|-damage|p1a: Venusaur|91/100|[from] item: Life Orb
|move|p2a: Fuck taunt|Soft-Boiled|p2a: Fuck taunt
|-heal|p2a: Fuck taunt|86/100
|
|-weather|SunnyDay|[upkeep]
|upkeep
|turn|29
|
|t:|1657500487
|move|p1a: Venusaur|Weather Ball|p2a: Fuck taunt
|-damage|p2a: Fuck taunt|19/100
|-damage|p1a: Venusaur|81/100|[from] item: Life Orb
|move|p2a: Fuck taunt|Soft-Boiled|p2a: Fuck taunt
|-heal|p2a: Fuck taunt|69/100
|
|-weather|none
|upkeep
|turn|30
|
|t:|1657500493
|move|p1a: Venusaur|Giga Drain|p2a: Fuck taunt
|-damage|p2a: Fuck taunt|19/100
|-heal|p1a: Venusaur|100/100|[from] drain|[of] p2a: Fuck taunt
|-damage|p1a: Venusaur|91/100|[from] item: Life Orb
|move|p2a: Fuck taunt|Soft-Boiled|p2a: Fuck taunt
|-heal|p2a: Fuck taunt|69/100
|
|upkeep
|turn|31
|
|t:|1657500504
|switch|p2a: Shed shell7%?|Corviknight, F|100/100
|-damage|p2a: Shed shell7%?|88/100|[from] Stealth Rock
|-ability|p2a: Shed shell7%?|Pressure
|move|p1a: Venusaur|Earth Power|p2a: Shed shell7%?
|-immune|p2a: Shed shell7%?
|
|upkeep
|turn|32
|
|t:|1657500527
|switch|p1a: Porygon2|Porygon2|100/100
|-damage|p1a: Porygon2|88/100|[from] Stealth Rock
|-ability|p1a: Porygon2|Pressure|[from] ability: Trace|[of] p2a: Shed shell7%?
|-ability|p1a: Porygon2|Pressure
|move|p2a: Shed shell7%?|Iron Defense|p2a: Shed shell7%?
|-boost|p2a: Shed shell7%?|def|2
|
|upkeep
|turn|33
|
|t:|1657500536
|move|p2a: Shed shell7%?|Body Press|p1a: Porygon2
|-supereffective|p1a: Porygon2
|-damage|p1a: Porygon2|43/100
|move|p1a: Porygon2|Teleport|p1a: Porygon2
|
|t:|1657500541
|switch|p1a: Hatterene|Hatterene, F|100/100|[from]move: Teleport
|-damage|p1a: Hatterene|88/100|[from] Stealth Rock
|
|-heal|p1a: Hatterene|94/100|[from] item: Leftovers
|upkeep
|turn|34
|
|t:|1657500549
|switch|p2a: Lele broken man|Jirachi|100/100
|-damage|p2a: Lele broken man|94/100|[from] Stealth Rock
|move|p1a: Hatterene|Trick Room|p1a: Hatterene
|-fieldstart|move: Trick Room|[of] p1a: Hatterene
|
|-heal|p1a: Hatterene|99/100|[from] item: Leftovers
|-heal|p2a: Lele broken man|100/100|[from] item: Leftovers
|upkeep
|turn|35
|l| coeur de ciel
|j| coeur de ciel
|l| coeur de ciel
|
|t:|1657500576
|move|p1a: Hatterene|Nuzzle|p2a: Lele broken man
|-damage|p2a: Lele broken man|97/100
|-status|p2a: Lele broken man|par
|cant|p2a: Lele broken man|par
|
|-heal|p1a: Hatterene|100/100|[from] item: Leftovers
|-heal|p2a: Lele broken man|100/100 par|[from] item: Leftovers
|upkeep
|turn|36
|j| crazy rizz
|
|t:|1657500583
|switch|p1a: Heatran|Heatran, M|100/100
|-damage|p1a: Heatran|88/100|[from] Stealth Rock
|cant|p2a: Lele broken man|par
|
|upkeep
|turn|37
|
|t:|1657500602
|move|p2a: Lele broken man|Protect|p2a: Lele broken man
|-singleturn|p2a: Lele broken man|Protect
|move|p1a: Heatran|Eruption|p2a: Lele broken man
|-activate|p2a: Lele broken man|move: Protect
|
|upkeep
|turn|38
|j| ThisIsntHilarious
|
|t:|1657500606
|switch|p2a: Fuck taunt|Blissey, F|69/100
|move|p1a: Heatran|Eruption|p2a: Fuck taunt
|-damage|p2a: Fuck taunt|27/100
|
|-fieldend|move: Trick Room
|upkeep
|turn|39
|l| crazy rizz
|
|t:|1657500618
|switch|p1a: Venusaur|Venusaur, M|91/100
|-damage|p1a: Venusaur|78/100|[from] Stealth Rock
|move|p2a: Fuck taunt|Soft-Boiled|p2a: Fuck taunt
|-heal|p2a: Fuck taunt|77/100
|
|upkeep
|turn|40
|j| crazy rizz
|
|t:|1657500625
|switch|p2a: Shed shell7%?|Corviknight, F|88/100
|-damage|p2a: Shed shell7%?|75/100|[from] Stealth Rock
|-ability|p2a: Shed shell7%?|Pressure
|move|p1a: Venusaur|Growth|p1a: Venusaur
|-boost|p1a: Venusaur|atk|1
|-boost|p1a: Venusaur|spa|1
|
|upkeep
|turn|41
|
|t:|1657500627
|move|p1a: Venusaur|Growth|p1a: Venusaur
|-boost|p1a: Venusaur|atk|1
|-boost|p1a: Venusaur|spa|1
|move|p2a: Shed shell7%?|Roost|p2a: Shed shell7%?
|-heal|p2a: Shed shell7%?|100/100
|-singleturn|p2a: Shed shell7%?|move: Roost
|
|upkeep
|turn|42
|
|t:|1657500631
|move|p1a: Venusaur|Growth|p1a: Venusaur
|-boost|p1a: Venusaur|atk|1
|-boost|p1a: Venusaur|spa|1
|move|p2a: Shed shell7%?|Defog|p1a: Venusaur
|-unboost|p1a: Venusaur|evasion|1
|-sideend|p1: Frostyrade|Stealth Rock|[from] move: Defog|[of] p2a: Shed shell7%?
|-sideend|p2: Highv0ltag3|Stealth Rock|[from] move: Defog|[of] p2a: Shed shell7%?
|
|upkeep
|turn|43
|
|t:|1657500638
|move|p1a: Venusaur|Growth|p1a: Venusaur
|-boost|p1a: Venusaur|atk|1
|-boost|p1a: Venusaur|spa|1
|move|p2a: Shed shell7%?|Iron Defense|p2a: Shed shell7%?
|-boost|p2a: Shed shell7%?|def|2
|
|upkeep
|turn|44
|
|t:|1657500652
|move|p1a: Venusaur|Giga Drain|p2a: Shed shell7%?
|-resisted|p2a: Shed shell7%?
|-damage|p2a: Shed shell7%?|68/100
|-heal|p1a: Venusaur|99/100|[from] drain|[of] p2a: Shed shell7%?
|-damage|p1a: Venusaur|90/100|[from] item: Life Orb
|move|p2a: Shed shell7%?|Iron Defense|p2a: Shed shell7%?
|-boost|p2a: Shed shell7%?|def|2
|
|upkeep
|turn|45
|j| ekt0m0rf
|
|t:|1657500658
|move|p1a: Venusaur|Giga Drain|p2a: Shed shell7%?
|-resisted|p2a: Shed shell7%?
|-damage|p2a: Shed shell7%?|36/100
|-heal|p1a: Venusaur|100/100|[from] drain|[of] p2a: Shed shell7%?
|-damage|p1a: Venusaur|91/100|[from] item: Life Orb
|move|p2a: Shed shell7%?|Roost|p2a: Shed shell7%?
|-heal|p2a: Shed shell7%?|86/100
|-singleturn|p2a: Shed shell7%?|move: Roost
|
|upkeep
|turn|46
|
|t:|1657500665
|move|p1a: Venusaur|Growth|p1a: Venusaur
|-boost|p1a: Venusaur|atk|1
|-boost|p1a: Venusaur|spa|1
|move|p2a: Shed shell7%?|Roost|p2a: Shed shell7%?
|-heal|p2a: Shed shell7%?|100/100
|-singleturn|p2a: Shed shell7%?|move: Roost
|
|upkeep
|turn|47
|
|t:|1657500668
|move|p1a: Venusaur|Growth|p1a: Venusaur
|-boost|p1a: Venusaur|atk|1
|-boost|p1a: Venusaur|spa|1
|move|p2a: Shed shell7%?|Body Press|p1a: Venusaur
|-resisted|p1a: Venusaur
|-damage|p1a: Venusaur|41/100
|
|upkeep
|turn|48
|
|t:|1657500673
|move|p1a: Venusaur|Giga Drain|p2a: Shed shell7%?
|-resisted|p2a: Shed shell7%?
|-damage|p2a: Shed shell7%?|52/100
|-heal|p1a: Venusaur|73/100|[from] drain|[of] p2a: Shed shell7%?
|-damage|p1a: Venusaur|63/100|[from] item: Life Orb
|move|p2a: Shed shell7%?|Body Press|p1a: Venusaur
|-resisted|p1a: Venusaur
|-damage|p1a: Venusaur|8/100
|
|upkeep
|turn|49
|
|t:|1657500686
|move|p1a: Venusaur|Giga Drain|p2a: Shed shell7%?
|-resisted|p2a: Shed shell7%?
|-damage|p2a: Shed shell7%?|10/100
|-heal|p1a: Venusaur|36/100|[from] drain|[of] p2a: Shed shell7%?
|-damage|p1a: Venusaur|26/100|[from] item: Life Orb
|move|p2a: Shed shell7%?|Body Press|p1a: Venusaur
|-resisted|p1a: Venusaur
|-damage|p1a: Venusaur|0 fnt
|faint|p1a: Venusaur
|
|upkeep
|
|t:|1657500696
|switch|p1a: Heatran|Heatran, M|88/100
|turn|50
|
|t:|1657500703
|move|p2a: Shed shell7%?|Body Press|p1a: Heatran
|-supereffective|p1a: Heatran
|-damage|p1a: Heatran|0 fnt
|faint|p1a: Heatran
|
|upkeep
|-message|Frostyrade forfeited.
|
|win|Highv0ltag3
|raw|Frostyrade's rating: 1676 &rarr; <strong>1666</strong><br />(-10 for losing)
|raw|Highv0ltag3's rating: 1867 &rarr; <strong>1877</strong><br />(+10 for winning)
|l|☆Frostyrade
|c|☆Highv0ltag3|Gg
|l| ThisIsntHilarious
|l| HateCauseUAint
|c|☆Highv0ltag3|Stall vs Sun 101
