|j|☆Cowsrule247
|j|☆Mutako Z
|t:|1668039702
|gametype|singles
|player|p1|Cowsrule247|skyla|1717
|player|p2|Mutako Z|koga|1858
|teamsize|p1|6
|teamsize|p2|6
|gen|8
|tier|[Gen 8] OU
|rated|
|rule|Sleep Clause Mod: Limit one foe put to sleep
|rule|Species Clause: Limit one of each Pokémon
|rule|OHKO Clause: OHKO moves are banned
|rule|Evasion Items Clause: Evasion items are banned
|rule|Evasion Moves Clause: Evasion moves are banned
|rule|Endless Battle Clause: Forcing endless battles is banned
|rule|HP Percentage Mod: HP is shown in percentages
|rule|Dynamax Clause: You cannot dynamax
|clearpoke
|poke|p1|Corviknight, F|
|poke|p1|Gastrodon-East, M|
|poke|p1|Toxapex, F|
|poke|p1|Buzzwole|
|poke|p1|Clefable, F|
|poke|p1|Blissey, F|
|poke|p2|Hippowdon, F|
|poke|p2|Tyranitar, M|
|poke|p2|Excadrill, M|
|poke|p2|Dracozolt|
|poke|p2|Zapdos|
|poke|p2|Slowbro, F|
|teampreview
|inactive|Battle timer is ON: inactive players will automatically lose when time's up. (requested by Mutako Z)
|
|t:|1668039720
|start
|switch|p1a: Caw Bitch|Corviknight, F|100/100
|switch|p2a: Bernard Tapie|Hippowdon, F|100/100
|-ability|p1a: Caw Bitch|Pressure
|-weather|Sandstorm|[from] ability: Sand Stream|[of] p2a: Bernard Tapie
|turn|1
|
|t:|1668039726
|move|p1a: Caw Bitch|Body Press|p2a: Bernard Tapie
|-damage|p2a: Bernard Tapie|88/100
|move|p2a: Bernard Tapie|Stealth Rock|p1a: Caw Bitch
|-sidestart|p1: Cowsrule247|move: Stealth Rock
|
|-weather|Sandstorm|[upkeep]
|upkeep
|turn|2
|j| BabyPigsAreLaughin
|
|t:|1668039733
|switch|p2a: Achilles|Zapdos|100/100
|move|p1a: Caw Bitch|Defog|p2a: Achilles
|-unboost|p2a: Achilles|evasion|1
|-sideend|p1: Cowsrule247|Stealth Rock|[from] move: Defog|[of] p1a: Caw Bitch
|
|-weather|Sandstorm|[upkeep]
|-damage|p2a: Achilles|94/100|[from] Sandstorm
|upkeep
|turn|3
|
|t:|1668039746
|switch|p1a: HitEmFromTheEast|Gastrodon-East, M|100/100
|move|p2a: Achilles|Hurricane|p1a: HitEmFromTheEast
|-damage|p1a: HitEmFromTheEast|70/100
|-start|p1a: HitEmFromTheEast|confusion
|
|-weather|Sandstorm|[upkeep]
|-damage|p2a: Achilles|88/100|[from] Sandstorm
|-heal|p1a: HitEmFromTheEast|76/100|[from] item: Leftovers
|upkeep
|turn|4
|
|t:|1668039757
|switch|p2a: Foncecar|Slowbro, F|100/100
|switch|p1a: thicc|Blissey, F|100/100
|
|-weather|Sandstorm|[upkeep]
|-damage|p1a: thicc|94/100|[from] Sandstorm
|-damage|p2a: Foncecar|94/100|[from] Sandstorm
|upkeep
|turn|5
|
|t:|1668039766
|switch|p2a: drill|Excadrill, M|100/100
|move|p1a: thicc|Stealth Rock|p2a: drill
|-sidestart|p2: Mutako Z|move: Stealth Rock
|
|-weather|Sandstorm|[upkeep]
|-damage|p1a: thicc|88/100|[from] Sandstorm
|upkeep
|turn|6
|
|t:|1668039772
|switch|p2a: Swagzaer|Dracozolt|100/100
|-damage|p2a: Swagzaer|88/100|[from] Stealth Rock
|switch|p1a: Caw Bitch|Corviknight, F|100/100
|-ability|p1a: Caw Bitch|Pressure
|
|-weather|Sandstorm|[upkeep]
|upkeep
|turn|7
|
|t:|1668039784
|switch|p1a: SWOLE|Buzzwole, shiny|100/100
|move|p2a: Swagzaer|Earthquake|p1a: SWOLE
|-resisted|p1a: SWOLE
|-damage|p1a: SWOLE|93/100
|-damage|p2a: Swagzaer|78/100|[from] item: Life Orb
|
|-weather|Sandstorm|[upkeep]
|-damage|p1a: SWOLE|87/100|[from] Sandstorm
|upkeep
|turn|8
|j| Golem Rising
|j| bakjk
|
|t:|1668039809
|switch|p1a: Treble|Clefable, F|100/100
|move|p2a: Swagzaer|Earthquake|p1a: Treble
|-damage|p1a: Treble|71/100
|-damage|p2a: Swagzaer|68/100|[from] item: Life Orb
|
|-weather|none
|-heal|p1a: Treble|77/100|[from] item: Leftovers
|upkeep
|turn|9
|
|t:|1668039817
|move|p2a: Swagzaer|Bolt Beak|p1a: Treble
|-crit|p1a: Treble
|-damage|p1a: Treble|0 fnt
|faint|p1a: Treble
|-damage|p2a: Swagzaer|58/100|[from] item: Life Orb
|
|upkeep
|
|t:|1668039831
|switch|p1a: HitEmFromTheEast|Gastrodon-East, M|76/100
|turn|10
|
|t:|1668039846
|move|p2a: Swagzaer|Draco Meteor|p1a: HitEmFromTheEast
|-crit|p1a: HitEmFromTheEast
|-damage|p1a: HitEmFromTheEast|11/100
|-unboost|p2a: Swagzaer|spa|2
|-damage|p2a: Swagzaer|48/100|[from] item: Life Orb
|move|p1a: HitEmFromTheEast|Toxic|p2a: Swagzaer
|-status|p2a: Swagzaer|tox
|
|-heal|p1a: HitEmFromTheEast|17/100|[from] item: Leftovers
|-damage|p2a: Swagzaer|42/100 tox|[from] psn
|upkeep
|turn|11
|inactive|Mutako Z has 120 seconds left.
|
|t:|1668039866
|move|p2a: Swagzaer|Draco Meteor|p1a: HitEmFromTheEast
|-damage|p1a: HitEmFromTheEast|0 fnt
|-unboost|p2a: Swagzaer|spa|2
|faint|p1a: HitEmFromTheEast
|-damage|p2a: Swagzaer|32/100 tox|[from] item: Life Orb
|
|-damage|p2a: Swagzaer|20/100 tox|[from] psn
|upkeep
|
|t:|1668039875
|switch|p1a: SWOLE|Buzzwole, shiny|87/100
|turn|12
|
|t:|1668039881
|switch|p2a: Bernard Tapie|Hippowdon, F|88/100
|-damage|p2a: Bernard Tapie|82/100|[from] Stealth Rock
|-weather|Sandstorm|[from] ability: Sand Stream|[of] p2a: Bernard Tapie
|move|p1a: SWOLE|Roost|p1a: SWOLE
|-heal|p1a: SWOLE|100/100
|-singleturn|p1a: SWOLE|move: Roost
|
|-weather|Sandstorm|[upkeep]
|-damage|p1a: SWOLE|94/100|[from] Sandstorm
|upkeep
|turn|13
|
|t:|1668039901
|switch|p1a: Caw Bitch|Corviknight, F|100/100
|-ability|p1a: Caw Bitch|Pressure
|move|p2a: Bernard Tapie|Toxic|p1a: Caw Bitch
|-immune|p1a: Caw Bitch
|
|-weather|Sandstorm|[upkeep]
|upkeep
|turn|14
|
|t:|1668039910
|switch|p2a: Achilles|Zapdos|88/100
|move|p1a: Caw Bitch|Iron Defense|p1a: Caw Bitch
|-boost|p1a: Caw Bitch|def|2
|
|-weather|Sandstorm|[upkeep]
|-damage|p2a: Achilles|82/100|[from] Sandstorm
|upkeep
|turn|15
|
|t:|1668039917
|switch|p1a: thicc|Blissey, F|88/100
|move|p2a: Achilles|Defog|p1a: thicc
|-unboost|p1a: thicc|evasion|1
|-sideend|p2: Mutako Z|Stealth Rock|[from] move: Defog|[of] p2a: Achilles
|
|-weather|Sandstorm|[upkeep]
|-damage|p2a: Achilles|75/100|[from] Sandstorm
|-damage|p1a: thicc|82/100|[from] Sandstorm
|upkeep
|turn|16
|j| darkcloud1986
|
|t:|1668039925
|move|p2a: Achilles|Hurricane|p1a: thicc
|-damage|p1a: thicc|65/100
|-start|p1a: thicc|confusion
|-activate|p1a: thicc|confusion
|-damage|p1a: thicc|64/100|[from] confusion
|
|-weather|Sandstorm|[upkeep]
|-damage|p2a: Achilles|69/100|[from] Sandstorm
|-damage|p1a: thicc|58/100|[from] Sandstorm
|upkeep
|turn|17
|
|t:|1668039933
|move|p2a: Achilles|Volt Switch|p1a: thicc
|-damage|p1a: thicc|47/100
|j| oRinNeGa7V1
|
|t:|1668039943
|switch|p2a: Foncecar|Slowbro, F|100/100|[from]move: Volt Switch
|-end|p1a: thicc|confusion
|move|p1a: thicc|Soft-Boiled|p1a: thicc
|-heal|p1a: thicc|97/100
|
|-weather|Sandstorm|[upkeep]
|-damage|p1a: thicc|91/100|[from] Sandstorm
|-damage|p2a: Foncecar|94/100|[from] Sandstorm
|upkeep
|turn|18
|
|t:|1668039952
|move|p1a: thicc|Stealth Rock|p2a: Foncecar
|-sidestart|p2: Mutako Z|move: Stealth Rock
|move|p2a: Foncecar|Future Sight|p1a: thicc
|-start|p2a: Foncecar|move: Future Sight
|
|-weather|Sandstorm|[upkeep]
|-damage|p1a: thicc|85/100|[from] Sandstorm
|-damage|p2a: Foncecar|88/100|[from] Sandstorm
|upkeep
|turn|19
|
|t:|1668039958
|move|p1a: thicc|Toxic|p2a: Foncecar
|-status|p2a: Foncecar|tox
|move|p2a: Foncecar|Teleport|p2a: Foncecar
|
|t:|1668039965
|switch|p2a: drill|Excadrill, M|100/100|[from]move: Teleport
|-damage|p2a: drill|97/100|[from] Stealth Rock
|
|-weather|none
|upkeep
|turn|20
|j| thomas shelby 1
|
|t:|1668039971
|switch|p1a: Caw Bitch|Corviknight, F|100/100
|-ability|p1a: Caw Bitch|Pressure
|move|p2a: drill|Swords Dance|p2a: drill
|-boost|p2a: drill|atk|2
|
|-end|p1a: Caw Bitch|move: Future Sight
|-resisted|p1a: Caw Bitch
|-damage|p1a: Caw Bitch|79/100
|-heal|p1a: Caw Bitch|85/100|[from] item: Leftovers
|upkeep
|turn|21
|
|t:|1668039983
|switch|p2a: Achilles|Zapdos|69/100
|move|p1a: Caw Bitch|Iron Defense|p1a: Caw Bitch
|-boost|p1a: Caw Bitch|def|2
|
|-heal|p1a: Caw Bitch|91/100|[from] item: Leftovers
|upkeep
|turn|22
|
|t:|1668039989
|switch|p1a: thicc|Blissey, F|85/100
|move|p2a: Achilles|Volt Switch|p1a: thicc
|-damage|p1a: thicc|74/100
|l| bakjk
|
|t:|1668040000
|switch|p2a: Mao|Tyranitar, M|100/100|[from]move: Volt Switch
|-damage|p2a: Mao|88/100|[from] Stealth Rock
|-weather|Sandstorm|[from] ability: Sand Stream|[of] p2a: Mao
|
|-weather|Sandstorm|[upkeep]
|-damage|p1a: thicc|68/100|[from] Sandstorm
|upkeep
|turn|23
|
|t:|1668040008
|switch|p1a: SWOLE|Buzzwole, shiny|94/100
|move|p2a: Mao|Thunder Wave|p1a: SWOLE
|-status|p1a: SWOLE|par
|
|-weather|Sandstorm|[upkeep]
|-damage|p1a: SWOLE|88/100 par|[from] Sandstorm
|upkeep
|turn|24
|
|t:|1668040020
|switch|p2a: Foncecar|Slowbro, F|100/100 tox
|-damage|p2a: Foncecar|88/100 tox|[from] Stealth Rock
|move|p1a: SWOLE|Close Combat|p2a: Foncecar
|-resisted|p2a: Foncecar
|-damage|p2a: Foncecar|65/100 tox
|-unboost|p1a: SWOLE|def|1
|-unboost|p1a: SWOLE|spd|1
|-damage|p1a: SWOLE|72/100 par|[from] item: Rocky Helmet|[of] p2a: Foncecar
|
|-weather|Sandstorm|[upkeep]
|-damage|p1a: SWOLE|65/100 par|[from] Sandstorm
|-damage|p2a: Foncecar|59/100 tox|[from] Sandstorm
|-damage|p2a: Foncecar|53/100 tox|[from] psn
|upkeep
|turn|25
|
|t:|1668040032
|cant|p1a: SWOLE|par
|move|p2a: Foncecar|Future Sight|p1a: SWOLE
|-start|p2a: Foncecar|move: Future Sight
|
|-weather|Sandstorm|[upkeep]
|-damage|p1a: SWOLE|59/100 par|[from] Sandstorm
|-damage|p2a: Foncecar|47/100 tox|[from] Sandstorm
|-damage|p2a: Foncecar|35/100 tox|[from] psn
|upkeep
|turn|26
|
|t:|1668040039
|switch|p1a: Caw Bitch|Corviknight, F|91/100
|-ability|p1a: Caw Bitch|Pressure
|move|p2a: Foncecar|Fire Blast|p1a: Caw Bitch
|-supereffective|p1a: Caw Bitch
|-damage|p1a: Caw Bitch|31/100
|
|-weather|none
|-heal|p1a: Caw Bitch|37/100|[from] item: Leftovers
|-damage|p2a: Foncecar|16/100 tox|[from] psn
|upkeep
|turn|27
|j| Her Loss SZN
|inactive|Mutako Z has 120 seconds left.
|
|t:|1668040069
|move|p1a: Caw Bitch|Roost|p1a: Caw Bitch
|-heal|p1a: Caw Bitch|87/100
|-singleturn|p1a: Caw Bitch|move: Roost
|move|p2a: Foncecar|Teleport|p2a: Foncecar
|inactive|Mutako Z has 120 seconds left.
|
|t:|1668040075
|switch|p2a: Achilles|Zapdos|69/100|[from]move: Teleport
|
|-end|p1a: Caw Bitch|move: Future Sight
|-resisted|p1a: Caw Bitch
|-damage|p1a: Caw Bitch|66/100
|-heal|p1a: Caw Bitch|72/100|[from] item: Leftovers
|upkeep
|turn|28
|c| BabyPigsAreLaughin|Fire Blast on Slowbro, though.
|
|t:|1668040085
|move|p2a: Achilles|Volt Switch|p1a: Caw Bitch
|-supereffective|p1a: Caw Bitch
|-damage|p1a: Caw Bitch|20/100
|inactive|Mutako Z has 120 seconds left.
|
|t:|1668040097
|switch|p2a: Foncecar|Slowbro, F|50/100 tox|[from]move: Volt Switch
|-damage|p2a: Foncecar|37/100 tox|[from] Stealth Rock
|move|p1a: Caw Bitch|Roost|p1a: Caw Bitch
|-heal|p1a: Caw Bitch|70/100
|-singleturn|p1a: Caw Bitch|move: Roost
|
|-heal|p1a: Caw Bitch|77/100|[from] item: Leftovers
|-damage|p2a: Foncecar|31/100 tox|[from] psn
|upkeep
|turn|29
|
|t:|1668040107
|move|p1a: Caw Bitch|Body Press|p2a: Foncecar
|-resisted|p2a: Foncecar
|-damage|p2a: Foncecar|23/100 tox
|-damage|p1a: Caw Bitch|60/100|[from] item: Rocky Helmet|[of] p2a: Foncecar
|move|p2a: Foncecar|Teleport|p2a: Foncecar
|c| thomas shelby 1|porque zapdos es aquiles
|
|t:|1668040113
|switch|p2a: Achilles|Zapdos|69/100|[from]move: Teleport
|
|-heal|p1a: Caw Bitch|66/100|[from] item: Leftovers
|upkeep
|turn|30
|
|t:|1668040121
|switch|p1a: ;)|Toxapex, F|100/100
|move|p2a: Achilles|Volt Switch|p1a: ;)
|-supereffective|p1a: ;)
|-damage|p1a: ;)|53/100
|
|t:|1668040132
|switch|p2a: drill|Excadrill, M|97/100|[from]move: Volt Switch
|-damage|p2a: drill|94/100|[from] Stealth Rock
|
|upkeep
|turn|31
|
|t:|1668040137
|switch|p1a: Caw Bitch|Corviknight, F|66/100
|-ability|p1a: Caw Bitch|Pressure
|move|p2a: drill|Swords Dance|p2a: drill
|-boost|p2a: drill|atk|2
|
|-heal|p1a: Caw Bitch|73/100|[from] item: Leftovers
|upkeep
|turn|32
|
|t:|1668040145
|switch|p2a: Achilles|Zapdos|69/100
|move|p1a: Caw Bitch|Body Press|p2a: Achilles
|-resisted|p2a: Achilles
|-damage|p2a: Achilles|60/100
|
|-heal|p1a: Caw Bitch|79/100|[from] item: Leftovers
|upkeep
|turn|33
|j| GoatExpress
|
|t:|1668040152
|move|p2a: Achilles|Volt Switch|p1a: Caw Bitch
|-supereffective|p1a: Caw Bitch
|-damage|p1a: Caw Bitch|28/100
|
|t:|1668040158
|switch|p2a: Foncecar|Slowbro, F|56/100 tox|[from]move: Volt Switch
|-damage|p2a: Foncecar|43/100 tox|[from] Stealth Rock
|move|p1a: Caw Bitch|Roost|p1a: Caw Bitch
|-heal|p1a: Caw Bitch|78/100
|-singleturn|p1a: Caw Bitch|move: Roost
|
|-heal|p1a: Caw Bitch|84/100|[from] item: Leftovers
|-damage|p2a: Foncecar|37/100 tox|[from] psn
|upkeep
|turn|34
|j| HexAmnesia
|
|t:|1668040169
|switch|p1a: thicc|Blissey, F|68/100
|switch|p2a: Achilles|Zapdos|60/100
|
|upkeep
|turn|35
|
|t:|1668040177
|move|p2a: Achilles|Volt Switch|p1a: thicc
|-damage|p1a: thicc|58/100
|
|t:|1668040182
|switch|p2a: drill|Excadrill, M|94/100|[from]move: Volt Switch
|-damage|p2a: drill|91/100|[from] Stealth Rock
|move|p1a: thicc|Seismic Toss|p2a: drill
|-damage|p2a: drill|64/100
|
|upkeep
|turn|36
|
|t:|1668040192
|switch|p2a: Achilles|Zapdos|60/100
|switch|p1a: Caw Bitch|Corviknight, F|84/100
|-ability|p1a: Caw Bitch|Pressure
|
|-heal|p1a: Caw Bitch|90/100|[from] item: Leftovers
|upkeep
|turn|37
|
|t:|1668040200
|move|p2a: Achilles|Roost|p2a: Achilles
|-heal|p2a: Achilles|100/100
|-singleturn|p2a: Achilles|move: Roost
|move|p1a: Caw Bitch|Roost|p1a: Caw Bitch
|-heal|p1a: Caw Bitch|100/100
|-singleturn|p1a: Caw Bitch|move: Roost
|
|upkeep
|turn|38
|
|t:|1668040208
|switch|p1a: ;)|Toxapex, F|86/100
|move|p2a: Achilles|Defog|p1a: ;)
|-unboost|p1a: ;)|evasion|1
|-sideend|p2: Mutako Z|Stealth Rock|[from] move: Defog|[of] p2a: Achilles
|
|upkeep
|turn|39
|
|t:|1668040214
|move|p2a: Achilles|Hurricane|p1a: ;)
|-damage|p1a: ;)|51/100
|-start|p1a: ;)|confusion
|-activate|p1a: ;)|confusion
|move|p1a: ;)|Knock Off|p2a: Achilles
|-damage|p2a: Achilles|89/100
|-status|p1a: ;)|par|[from] ability: Static|[of] p2a: Achilles
|-enditem|p2a: Achilles|Heavy-Duty Boots|[from] move: Knock Off|[of] p1a: ;)
|
|upkeep
|turn|40
|
|t:|1668040225
|switch|p1a: thicc|Blissey, F|58/100
|move|p2a: Achilles|Volt Switch|p1a: thicc
|-crit|p1a: thicc
|-damage|p1a: thicc|41/100
|
|t:|1668040233
|switch|p2a: Swagzaer|Dracozolt|20/100 tox|[from]move: Volt Switch
|
|-damage|p2a: Swagzaer|13/100 tox|[from] psn
|upkeep
|turn|41
|
|t:|1668040239
|switch|p1a: SWOLE|Buzzwole, shiny|59/100 par
|move|p2a: Swagzaer|Draco Meteor|p1a: SWOLE
|-damage|p1a: SWOLE|0 fnt
|-unboost|p2a: Swagzaer|spa|2
|faint|p1a: SWOLE
|-damage|p2a: Swagzaer|3/100 tox|[from] item: Life Orb
|
|-damage|p2a: Swagzaer|0 fnt|[from] psn
|faint|p2a: Swagzaer
|upkeep
|
|t:|1668040262
|switch|p2a: Mao|Tyranitar, M|88/100
|switch|p1a: thicc|Blissey, F|41/100
|-weather|Sandstorm|[from] ability: Sand Stream|[of] p2a: Mao
|turn|42
|
|t:|1668040270
|switch|p1a: Caw Bitch|Corviknight, F|100/100
|-ability|p1a: Caw Bitch|Pressure
|move|p2a: Mao|Thunder Wave|p1a: Caw Bitch
|-status|p1a: Caw Bitch|par
|
|-weather|Sandstorm|[upkeep]
|upkeep
|turn|43
|
|t:|1668040279
|switch|p2a: Achilles|Zapdos|89/100
|switch|p1a: thicc|Blissey, F|41/100
|
|-weather|Sandstorm|[upkeep]
|-damage|p2a: Achilles|83/100|[from] Sandstorm
|-damage|p1a: thicc|34/100|[from] Sandstorm
|upkeep
|turn|44
|l| oRinNeGa7V1
|
|t:|1668040287
|move|p2a: Achilles|Volt Switch|p1a: thicc
|-damage|p1a: thicc|24/100
|
|t:|1668040293
|switch|p2a: Mao|Tyranitar, M|88/100|[from]move: Volt Switch
|move|p1a: thicc|Soft-Boiled|p1a: thicc
|-heal|p1a: thicc|74/100
|
|-weather|Sandstorm|[upkeep]
|-damage|p1a: thicc|68/100|[from] Sandstorm
|upkeep
|turn|45
|
|t:|1668040301
|switch|p1a: Caw Bitch|Corviknight, F|100/100 par
|-ability|p1a: Caw Bitch|Pressure
|move|p2a: Mao|Stone Edge|p1a: Caw Bitch
|-damage|p1a: Caw Bitch|63/100 par
|
|-weather|Sandstorm|[upkeep]
|-heal|p1a: Caw Bitch|69/100 par|[from] item: Leftovers
|upkeep
|turn|46
|
|t:|1668040318
|move|p2a: Mao|Stone Edge|p1a: Caw Bitch
|-damage|p1a: Caw Bitch|32/100 par
|move|p1a: Caw Bitch|Roost|p1a: Caw Bitch
|-heal|p1a: Caw Bitch|82/100 par
|-singleturn|p1a: Caw Bitch|move: Roost
|
|-weather|none
|-heal|p1a: Caw Bitch|89/100 par|[from] item: Leftovers
|upkeep
|turn|47
|
|t:|1668040340
|switch|p2a: Foncecar|Slowbro, F|71/100 tox
|switch|p1a: ;)|Toxapex, F|84/100 par
|
|-damage|p2a: Foncecar|64/100 tox|[from] psn
|upkeep
|turn|48
|
|t:|1668040346
|move|p2a: Foncecar|Future Sight|p1a: ;)
|-start|p2a: Foncecar|move: Future Sight
|move|p1a: ;)|Knock Off|p2a: Foncecar
|-supereffective|p2a: Foncecar
|-damage|p2a: Foncecar|43/100 tox
|-damage|p1a: ;)|68/100 par|[from] item: Rocky Helmet|[of] p2a: Foncecar
|-enditem|p2a: Foncecar|Rocky Helmet|[from] move: Knock Off|[of] p1a: ;)
|
|-damage|p2a: Foncecar|30/100 tox|[from] psn
|upkeep
|turn|49
|
|t:|1668040369
|move|p1a: ;)|Recover|p1a: ;)
|-heal|p1a: ;)|100/100 par
|move|p2a: Foncecar|Teleport|p2a: Foncecar
|
|t:|1668040377
|switch|p2a: Achilles|Zapdos|83/100|[from]move: Teleport
|
|upkeep
|turn|50
|l| HexAmnesia
|l| GoatExpress
|
|t:|1668040385
|switch|p1a: thicc|Blissey, F|68/100
|move|p2a: Achilles|Volt Switch|p1a: thicc
|-damage|p1a: thicc|56/100
|
|t:|1668040393
|switch|p2a: drill|Excadrill, M|64/100|[from]move: Volt Switch
|
|-end|p1a: thicc|move: Future Sight
|-damage|p1a: thicc|36/100
|upkeep
|turn|51
|
|t:|1668040398
|switch|p1a: Caw Bitch|Corviknight, F|89/100 par
|-ability|p1a: Caw Bitch|Pressure
|move|p2a: drill|Swords Dance|p2a: drill
|-boost|p2a: drill|atk|2
|
|-heal|p1a: Caw Bitch|95/100 par|[from] item: Leftovers
|upkeep
|turn|52
|
|t:|1668040406
|switch|p1a: thicc|Blissey, F|36/100
|move|p2a: drill|Rock Slide|p1a: thicc
|-damage|p1a: thicc|0 fnt
|faint|p1a: thicc
|-damage|p2a: drill|54/100|[from] item: Life Orb
|
|upkeep
|
|t:|1668040412
|switch|p1a: ;)|Toxapex, F|100/100 par
|turn|53
|l| thomas shelby 1
|
|t:|1668040415
|switch|p1a: Caw Bitch|Corviknight, F|95/100 par
|-ability|p1a: Caw Bitch|Pressure
|move|p2a: drill|Earthquake|p1a: Caw Bitch
|-immune|p1a: Caw Bitch
|
|-heal|p1a: Caw Bitch|100/100 par|[from] item: Leftovers
|upkeep
|turn|54
|j| down it
|
|t:|1668040424
|switch|p2a: Achilles|Zapdos|83/100
|cant|p1a: Caw Bitch|par
|
|upkeep
|turn|55
|
|t:|1668040429
|switch|p1a: ;)|Toxapex, F|100/100 par
|move|p2a: Achilles|Hurricane|p1a: ;)
|-damage|p1a: ;)|63/100 par
|
|upkeep
|turn|56
|
|t:|1668040435
|move|p2a: Achilles|Volt Switch|p1a: ;)
|-supereffective|p1a: ;)
|-damage|p1a: ;)|13/100 par
|
|t:|1668040444
|switch|p2a: Foncecar|Slowbro, F|64/100 tox|[from]move: Volt Switch
|move|p1a: ;)|Scald|p2a: Foncecar
|-resisted|p2a: Foncecar
|-damage|p2a: Foncecar|55/100 tox
|
|-damage|p2a: Foncecar|48/100 tox|[from] psn
|upkeep
|turn|57
|
|t:|1668040452
|move|p2a: Foncecar|Future Sight|p1a: ;)
|-start|p2a: Foncecar|move: Future Sight
|cant|p1a: ;)|par
|
|-damage|p2a: Foncecar|36/100 tox|[from] psn
|upkeep
|turn|58
|
|t:|1668040457
|move|p1a: ;)|Recover|p1a: ;)
|-heal|p1a: ;)|63/100 par
|move|p2a: Foncecar|Teleport|p2a: Foncecar
|j| iutguio
|
|t:|1668040467
|switch|p2a: Achilles|Zapdos|83/100|[from]move: Teleport
|
|upkeep
|turn|59
|
|t:|1668040471
|move|p2a: Achilles|Volt Switch|p1a: ;)
|-supereffective|p1a: ;)
|-damage|p1a: ;)|19/100 par
|j| bluect
|
|t:|1668040480
|switch|p2a: Foncecar|Slowbro, F|70/100 tox|[from]move: Volt Switch
|move|p1a: ;)|Recover|p1a: ;)
|-heal|p1a: ;)|69/100 par
|
|-end|p1a: ;)|move: Future Sight
|-supereffective|p1a: ;)
|-damage|p1a: ;)|0 fnt
|faint|p1a: ;)
|-damage|p2a: Foncecar|63/100 tox|[from] psn
|upkeep
|
|t:|1668040487
|switch|p1a: Caw Bitch|Corviknight, F|100/100 par
|-ability|p1a: Caw Bitch|Pressure
|turn|60
|
|t:|1668040492
|move|p2a: Foncecar|Fire Blast|p1a: Caw Bitch
|-supereffective|p1a: Caw Bitch
|-damage|p1a: Caw Bitch|45/100 par
|move|p1a: Caw Bitch|Iron Defense|p1a: Caw Bitch
|-boost|p1a: Caw Bitch|def|2
|
|-heal|p1a: Caw Bitch|51/100 par|[from] item: Leftovers
|-damage|p2a: Foncecar|51/100 tox|[from] psn
|upkeep
|turn|61
|
|t:|1668040500
|move|p2a: Foncecar|Fire Blast|p1a: Caw Bitch
|-supereffective|p1a: Caw Bitch
|-damage|p1a: Caw Bitch|0 fnt
|faint|p1a: Caw Bitch
|
|win|Mutako Z
|raw|Cowsrule247's rating: 1717 &rarr; <strong>1705</strong><br />(-12 for losing)
|raw|Mutako Z's rating: 1858 &rarr; <strong>1870</strong><br />(+12 for winning)
|l|☆Cowsrule247
|l| Golem Rising
|l| darkcloud1986
||Ladder isn't responding, score probably updated but might not have (Request timeout).
