|j|☆kazt 5
|j|☆Ox the Fox (
|inactive|Battle timer is ON: inactive players will automatically lose when time's up.
|t:|1619915345
|gametype|singles
|player|p1|kazt 5|dawn|
|player|p2|Ox the Fox (|wallace-gen6|
|teamsize|p1|6
|teamsize|p2|6
|gen|8
|tier|[Gen 8] OU
|rated|Tournament battle
|clearpoke
|poke|p1|Volcarona, M|
|poke|p1|Slowking, F|
|poke|p1|Garchomp, F|
|poke|p1|Clefable, M|
|poke|p1|Skarmory, M|
|poke|p1|Zeraora|
|poke|p2|Landorus-Therian, M|
|poke|p2|Magnezone|
|poke|p2|Clefable, M|
|poke|p2|Weavile, M|
|poke|p2|Mantine, M|
|poke|p2|Melmetal|
|rule|Sleep Clause Mod: Limit one foe put to sleep
|rule|Species Clause: Limit one of each Pokémon
|rule|OHKO Clause: OHKO moves are banned
|rule|Evasion Moves Clause: Evasion moves are banned
|rule|Endless Battle Clause: Forcing endless battles is banned
|rule|HP Percentage Mod: HP is shown in percentages
|rule|Dynamax Clause: You cannot dynamax
|teampreview
|j| bodki
|j| awoooooooooga
|c|☆Ox the Fox (|hf
|c|☆kazt 5|hf
|j| TTarion
|c|☆kazt 5|tough match up
|j| Trozian feel
|c|☆Ox the Fox (|for who
|inactive|kazt 5 has 120 seconds left.
|c|☆kazt 5|im kinda weak to weavile
|c|☆Ox the Fox (|ahhh
|j| RaynningOutside
|c|☆kazt 5|and you have zone
|c|☆Ox the Fox (|my set sucks lol
|c|☆Ox the Fox (|u'll see
|
|t:|1619915404
|start
|switch|p1a: Aki|Slowking, F|100/100
|switch|p2a: Clefable|Clefable, M|100/100
|turn|1
|j| Cade of Hoenn
|
|t:|1619915407
|move|p2a: Clefable|Trick|p1a: Aki
|-activate|p2a: Clefable|move: Trick|[of] p1a: Aki
|-item|p1a: Aki|Choice Scarf|[from] move: Trick
|-item|p2a: Clefable|Heavy-Duty Boots|[from] move: Trick
|move|p1a: Aki|Future Sight|p2a: Clefable
|-start|p1a: Aki|move: Future Sight
|
|upkeep
|turn|2
|
|t:|1619915414
|switch|p1a: Reze|Clefable, M|100/100
|move|p2a: Clefable|Stealth Rock|p1a: Reze
|-sidestart|p1: kazt 5|move: Stealth Rock
|
|upkeep
|turn|3
|j| DrippleReptide
|
|t:|1619915419
|switch|p2a: Melmetal|Melmetal|100/100
|switch|p1a: Aki|Slowking, F|100/100
|-damage|p1a: Aki|88/100|[from] Stealth Rock
|
|-end|p2a: Melmetal|move: Future Sight
|-resisted|p2a: Melmetal
|-damage|p2a: Melmetal|85/100
|-heal|p2a: Melmetal|91/100|[from] item: Leftovers
|upkeep
|turn|4
|
|t:|1619915425
|move|p2a: Melmetal|Toxic|p1a: Aki
|-status|p1a: Aki|tox
|move|p1a: Aki|Teleport|p1a: Aki
|
|t:|1619915427
|switch|p1a: Power|Volcarona, M|100/100|[from]move: Teleport
|
|-heal|p2a: Melmetal|97/100|[from] item: Leftovers
|upkeep
|turn|5
|
|t:|1619915430
|switch|p2a: Mantine|Mantine, M, shiny|100/100
|move|p1a: Power|Fiery Dance|p2a: Mantine
|-resisted|p2a: Mantine
|-crit|p2a: Mantine
|-damage|p2a: Mantine|83/100
|
|upkeep
|turn|6
|
|t:|1619915437
|switch|p1a: Reze|Clefable, M|100/100
|switch|p2a: Melmetal|Melmetal|97/100
|
|-heal|p2a: Melmetal|100/100|[from] item: Leftovers
|upkeep
|turn|7
|j| BluBirD
|
|t:|1619915441
|switch|p1a: Power|Volcarona, M|100/100
|move|p2a: Melmetal|Toxic|p1a: Power
|-status|p1a: Power|tox
|
|-damage|p1a: Power|94/100 tox|[from] psn
|upkeep
|turn|8
|
|t:|1619915447
|switch|p1a: Reze|Clefable, M|100/100
|move|p2a: Melmetal|Protect||[still]
|-fail|p2a: Melmetal
|
|upkeep
|turn|9
|
|t:|1619915450
|switch|p1a: Power|Volcarona, M|94/100 tox
|move|p2a: Melmetal|Earthquake|p1a: Power
|-damage|p1a: Power|47/100 tox
|
|-damage|p1a: Power|41/100 tox|[from] psn
|upkeep
|turn|10
|
|t:|1619915456
|move|p1a: Power|Roost|p1a: Power
|-heal|p1a: Power|91/100 tox
|-singleturn|p1a: Power|move: Roost
|move|p2a: Melmetal|Earthquake|p1a: Power
|-damage|p1a: Power|46/100 tox
|
|-damage|p1a: Power|34/100 tox|[from] psn
|upkeep
|turn|11
|
|t:|1619915458
|switch|p2a: Mantine|Mantine, M, shiny|83/100
|move|p1a: Power|Fiery Dance|p2a: Mantine
|-resisted|p2a: Mantine
|-damage|p2a: Mantine|72/100
|-boost|p1a: Power|spa|1
|
|-damage|p1a: Power|16/100 tox|[from] psn
|upkeep
|turn|12
|
|t:|1619915463
|move|p1a: Power|Roost|p1a: Power
|-heal|p1a: Power|66/100 tox
|-singleturn|p1a: Power|move: Roost
|move|p2a: Mantine|Scald|p1a: Power
|-supereffective|p1a: Power
|-damage|p1a: Power|22/100 tox
|
|-damage|p1a: Power|0 fnt|[from] psn
|faint|p1a: Power
|upkeep
|
|t:|1619915469
|switch|p1a: Quanxi|Zeraora|100/100
|turn|13
|
|t:|1619915471
|switch|p2a: Landorus|Landorus-Therian, M|100/100
|-ability|p2a: Landorus|Intimidate|boost
|-unboost|p1a: Quanxi|atk|1
|move|p1a: Quanxi|Knock Off|p2a: Landorus
|-damage|p2a: Landorus|78/100
|-enditem|p2a: Landorus|Leftovers|[from] move: Knock Off|[of] p1a: Quanxi
|
|upkeep
|turn|14
|
|t:|1619915474
|switch|p1a: Aki|Slowking, F|100/100 tox
|-damage|p1a: Aki|88/100 tox|[from] Stealth Rock
|move|p2a: Landorus|U-turn|p1a: Aki
|-supereffective|p1a: Aki
|-damage|p1a: Aki|28/100 tox
|
|t:|1619915476
|switch|p2a: Weavile|Weavile, M|100/100|[from]move: U-turn
|-ability|p2a: Weavile|Pressure
|
|-damage|p1a: Aki|22/100 tox|[from] psn
|upkeep
|turn|15
|
|t:|1619915479
|switch|p1a: Kobeni's Car|Skarmory, M|100/100
|-damage|p1a: Kobeni's Car|88/100|[from] Stealth Rock
|move|p2a: Weavile|Knock Off|p1a: Kobeni's Car
|-damage|p1a: Kobeni's Car|59/100
|-damage|p2a: Weavile|84/100|[from] item: Rocky Helmet|[of] p1a: Kobeni's Car
|-enditem|p1a: Kobeni's Car|Rocky Helmet|[from] move: Knock Off|[of] p2a: Weavile
|
|upkeep
|turn|16
|
|t:|1619915484
|switch|p2a: Magnezone|Magnezone|100/100
|move|p1a: Kobeni's Car|Body Press|p2a: Magnezone
|-supereffective|p2a: Magnezone
|-damage|p2a: Magnezone|58/100
|
|-heal|p2a: Magnezone|64/100|[from] item: Leftovers
|upkeep
|turn|17
|
|t:|1619915486
|move|p2a: Magnezone|Thunderbolt|p1a: Kobeni's Car
|-supereffective|p1a: Kobeni's Car
|-damage|p1a: Kobeni's Car|0 fnt
|faint|p1a: Kobeni's Car
|
|-heal|p2a: Magnezone|71/100|[from] item: Leftovers
|upkeep
|
|t:|1619915488
|switch|p1a: Denji|Garchomp, F|100/100
|-damage|p1a: Denji|94/100|[from] Stealth Rock
|turn|18
|j| SuperToo
|
|t:|1619915491
|move|p1a: Denji|Swords Dance|p1a: Denji
|-boost|p1a: Denji|atk|2
|move|p2a: Magnezone|Toxic|p1a: Denji
|-status|p1a: Denji|tox
|
|-heal|p1a: Denji|100/100 tox|[from] item: Leftovers
|-heal|p2a: Magnezone|77/100|[from] item: Leftovers
|-damage|p1a: Denji|94/100 tox|[from] psn
|upkeep
|turn|19
|
|t:|1619915494
|switch|p2a: Landorus|Landorus-Therian, M|78/100
|-ability|p2a: Landorus|Intimidate|boost
|-unboost|p1a: Denji|atk|1
|move|p1a: Denji|Swords Dance|p1a: Denji
|-boost|p1a: Denji|atk|2
|
|-heal|p1a: Denji|100/100 tox|[from] item: Leftovers
|-damage|p1a: Denji|88/100 tox|[from] psn
|upkeep
|turn|20
|
|t:|1619915499
|switch|p2a: Clefable|Clefable, M|100/100
|move|p1a: Denji|Stone Edge|p2a: Clefable
|-damage|p2a: Clefable|28/100
|
|-heal|p1a: Denji|94/100 tox|[from] item: Leftovers
|-damage|p1a: Denji|76/100 tox|[from] psn
|upkeep
|turn|21
|
|t:|1619915505
|switch|p2a: Magnezone|Magnezone|77/100
|move|p1a: Denji|Stone Edge|p2a: Magnezone
|-resisted|p2a: Magnezone
|-damage|p2a: Magnezone|45/100
|
|-heal|p1a: Denji|82/100 tox|[from] item: Leftovers
|-heal|p2a: Magnezone|52/100|[from] item: Leftovers
|-damage|p1a: Denji|57/100 tox|[from] psn
|upkeep
|turn|22
|j| Luckpup
|j| DrakeyTT
|j| Kraymar
|
|t:|1619915511
|switch|p1a: Aki|Slowking, F|55/100 tox
|-damage|p1a: Aki|42/100 tox|[from] Stealth Rock
|switch|p2a: Clefable|Clefable, M|28/100
|
|-damage|p1a: Aki|36/100 tox|[from] psn
|upkeep
|turn|23
|
|t:|1619915514
|move|p2a: Clefable|Soft-Boiled|p2a: Clefable
|-heal|p2a: Clefable|78/100
|move|p1a: Aki|Teleport|p1a: Aki
|
|t:|1619915517
|switch|p1a: Reze|Clefable, M|100/100|[from]move: Teleport
|
|upkeep
|turn|24
|
|t:|1619915521
|move|p2a: Clefable|Moonblast|p1a: Reze
|-damage|p1a: Reze|81/100
|move|p1a: Reze|Stealth Rock|p2a: Clefable
|-sidestart|p2: Ox the Fox (|move: Stealth Rock
|
|upkeep
|turn|25
|
|t:|1619915527
|move|p2a: Clefable|Moonblast|p1a: Reze
|-damage|p1a: Reze|60/100
|move|p1a: Reze|Trick|p2a: Clefable
|-activate|p1a: Reze|move: Trick|[of] p2a: Clefable
|-item|p2a: Clefable|Sticky Barb|[from] move: Trick
|-item|p1a: Reze|Heavy-Duty Boots|[from] move: Trick
|
|upkeep
|turn|26
|
|t:|1619915530
|move|p2a: Clefable|Moonblast|p1a: Reze
|-damage|p1a: Reze|40/100
|-unboost|p1a: Reze|spa|1
|move|p1a: Reze|Soft-Boiled|p1a: Reze
|-heal|p1a: Reze|90/100
|
|upkeep
|turn|27
|
|t:|1619915533
|switch|p1a: Aki|Slowking, F|70/100 tox
|-damage|p1a: Aki|57/100 tox|[from] Stealth Rock
|move|p2a: Clefable|Moonblast|p1a: Aki
|-damage|p1a: Aki|39/100 tox
|
|-damage|p1a: Aki|33/100 tox|[from] psn
|upkeep
|turn|28
|
|t:|1619915536
|move|p2a: Clefable|Moonblast|p1a: Aki
|-damage|p1a: Aki|14/100 tox
|move|p1a: Aki|Slack Off|p1a: Aki
|-heal|p1a: Aki|64/100 tox
|
|-damage|p1a: Aki|52/100 tox|[from] psn
|upkeep
|turn|29
|
|t:|1619915539
|switch|p2a: Weavile|Weavile, M|84/100
|-ability|p2a: Weavile|Pressure
|switch|p1a: Reze|Clefable, M|90/100
|
|upkeep
|turn|30
|c|☆Ox the Fox (|gg
|j| CartiWins
|
|t:|1619915550
|switch|p2a: Melmetal|Melmetal|100/100
|-damage|p2a: Melmetal|94/100|[from] Stealth Rock
|move|p1a: Reze|Trick|p2a: Melmetal
|-activate|p1a: Reze|move: Trick|[of] p2a: Melmetal
|-item|p2a: Melmetal|Heavy-Duty Boots|[from] move: Trick
|-item|p1a: Reze|Leftovers|[from] move: Trick
|
|-heal|p1a: Reze|96/100|[from] item: Leftovers
|upkeep
|turn|31
|
|t:|1619915555
|switch|p1a: Aki|Slowking, F|86/100 tox
|-damage|p1a: Aki|73/100 tox|[from] Stealth Rock
|move|p2a: Melmetal|Double Iron Bash|p1a: Aki
|-resisted|p1a: Aki
|-damage|p1a: Aki|51/100 tox
|-resisted|p1a: Aki
|-damage|p1a: Aki|32/100 tox
|-hitcount|p1a: Aki|2
|
|-damage|p1a: Aki|26/100 tox|[from] psn
|upkeep
|turn|32
|
|t:|1619915558
|move|p2a: Melmetal|Earthquake|p1a: Aki
|-damage|p1a: Aki|0 fnt
|faint|p1a: Aki
|
|upkeep
|
|t:|1619915560
|switch|p1a: Denji|Garchomp, F|57/100 tox
|-damage|p1a: Denji|51/100 tox|[from] Stealth Rock
|turn|33
|
|t:|1619915562
|move|p2a: Melmetal|Protect|p2a: Melmetal
|-singleturn|p2a: Melmetal|Protect
|move|p1a: Denji|Swords Dance|p1a: Denji
|-boost|p1a: Denji|atk|2
|
|-heal|p1a: Denji|57/100 tox|[from] item: Leftovers
|-damage|p1a: Denji|51/100 tox|[from] psn
|upkeep
|turn|34
|
|t:|1619915564
|switch|p2a: Magnezone|Magnezone|52/100
|-damage|p2a: Magnezone|45/100|[from] Stealth Rock
|move|p1a: Denji|Earthquake|p2a: Magnezone
|-supereffective|p2a: Magnezone
|-damage|p2a: Magnezone|0 fnt
|faint|p2a: Magnezone
|
|-heal|p1a: Denji|57/100 tox|[from] item: Leftovers
|-damage|p1a: Denji|45/100 tox|[from] psn
|upkeep
|
|t:|1619915566
|switch|p2a: Weavile|Weavile, M|84/100
|-ability|p2a: Weavile|Pressure
|turn|35
|
|t:|1619915569
|switch|p1a: Reze|Clefable, M|96/100
|move|p2a: Weavile|Icicle Crash|p1a: Reze
|-damage|p1a: Reze|49/100
|
|-heal|p1a: Reze|55/100|[from] item: Leftovers
|upkeep
|turn|36
|
|t:|1619915575
|switch|p2a: Melmetal|Melmetal|94/100
|move|p1a: Reze|Soft-Boiled|p1a: Reze
|-heal|p1a: Reze|100/100
|
|upkeep
|turn|37
|
|t:|1619915581
|move|p1a: Reze|Moonblast|p2a: Melmetal
|-resisted|p2a: Melmetal
|-damage|p2a: Melmetal|82/100
|move|p2a: Melmetal|Earthquake|p1a: Reze
|-damage|p1a: Reze|61/100
|
|-heal|p1a: Reze|68/100|[from] item: Leftovers
|upkeep
|turn|38
|
|t:|1619915584
|switch|p1a: Denji|Garchomp, F|45/100 tox
|-damage|p1a: Denji|39/100 tox|[from] Stealth Rock
|move|p2a: Melmetal|Double Iron Bash|p1a: Denji
|-damage|p1a: Denji|0 fnt
|-damage|p2a: Melmetal|70/100|[from] ability: Rough Skin|[of] p1a: Denji
|-hitcount|p1a: Denji|1
|faint|p1a: Denji
|
|upkeep
|
|t:|1619915586
|switch|p1a: Quanxi|Zeraora|100/100
|turn|39
|
|t:|1619915590
|switch|p1a: Reze|Clefable, M|68/100
|switch|p2a: Mantine|Mantine, M, shiny|72/100
|
|-heal|p1a: Reze|74/100|[from] item: Leftovers
|upkeep
|turn|40
|
|t:|1619915596
|switch|p2a: Clefable|Clefable, M|78/100
|switch|p1a: Quanxi|Zeraora|100/100
|
|upkeep
|turn|41
|
|t:|1619915601
|switch|p1a: Reze|Clefable, M|74/100
|move|p2a: Clefable|Moonblast|p1a: Reze
|-damage|p1a: Reze|52/100
|-unboost|p1a: Reze|spa|1
|
|-heal|p1a: Reze|58/100|[from] item: Leftovers
|upkeep
|turn|42
|
|t:|1619915604
|switch|p2a: Melmetal|Melmetal|70/100
|move|p1a: Reze|Soft-Boiled|p1a: Reze
|-heal|p1a: Reze|100/100
|
|upkeep
|turn|43
|
|t:|1619915607
|move|p1a: Reze|Moonblast|p2a: Melmetal
|-resisted|p2a: Melmetal
|-damage|p2a: Melmetal|61/100
|move|p2a: Melmetal|Double Iron Bash|p1a: Reze
|-supereffective|p1a: Reze
|-damage|p1a: Reze|16/100
|-supereffective|p1a: Reze
|-damage|p1a: Reze|0 fnt
|-hitcount|p1a: Reze|2
|faint|p1a: Reze
|
|upkeep
|
|t:|1619915610
|switch|p1a: Quanxi|Zeraora|100/100
|turn|44
|
|t:|1619915612
|move|p1a: Quanxi|Knock Off|p2a: Melmetal
|-damage|p2a: Melmetal|44/100
|-enditem|p2a: Melmetal|Heavy-Duty Boots|[from] move: Knock Off|[of] p1a: Quanxi
|move|p2a: Melmetal|Earthquake|p1a: Quanxi
|-supereffective|p1a: Quanxi
|-damage|p1a: Quanxi|7/100
|
|upkeep
|turn|45
|c|☆kazt 5|welp now, you see the tough match up
|
|t:|1619915624
|move|p1a: Quanxi|Plasma Fists|p2a: Melmetal
|-damage|p2a: Melmetal|16/100
|move|p2a: Melmetal|Double Iron Bash|p1a: Quanxi
|-resisted|p1a: Quanxi
|-damage|p1a: Quanxi|0 fnt
|-hitcount|p1a: Quanxi|1
|faint|p1a: Quanxi
|
|win|Ox the Fox (
|n|☆kazt 5|kazt5
|n|☆Ox the Fox (|oxthefox
|n| bodki|bodki
|n| awoooooooooga|awoooooooooga
|n| TTarion|ttarion
|n| Trozian feel|trozianfeel
|n| RaynningOutside|raynningoutside
|n| Cade of Hoenn|cadeofhoenn
|n| DrippleReptide|dripplereptide
|n| BluBirD|blubird
|n| SuperToo|supertoo
|n| Luckpup|luckpup
|n| DrakeyTT|drakeytt
|n| Kraymar|kraymar
|n| CartiWins|cartiwins
