|raw|<div class="broadcast-blue"><strong>This battle is required to be public due to a player having a name prefixed by 'LT73IU'.</div>
|j|☆relic stone
|j|☆LT73IU regnite
|t:|1598084338
|player|p1|relic stone|lusamine-nihilego|1864
|player|p2|LT73IU regnite|blue-gen2|1679
|teamsize|p1|6
|teamsize|p2|6
|gametype|singles
|gen|8
|tier|[Gen 8] OU
|rated|
|clearpoke
|poke|p1|Alakazam, M|
|poke|p1|Gastrodon, M|
|poke|p1|Corviknight, M|
|poke|p1|Tyranitar, M|
|poke|p1|Magnezone|
|poke|p1|Amoonguss, M|
|poke|p2|Dragapult, M|
|poke|p2|Clefable, F|
|poke|p2|Slowbro-Galar, M|
|poke|p2|Blissey, F|
|poke|p2|Toxapex, F|
|poke|p2|Rillaboom, F|
|rule|Sleep Clause Mod: Limit one foe put to sleep
|rule|Species Clause: Limit one of each Pokémon
|rule|OHKO Clause: OHKO moves are banned
|rule|Evasion Moves Clause: Evasion moves are banned
|rule|Endless Battle Clause: Forcing endless battles is banned
|rule|HP Percentage Mod: HP is shown in percentages
|rule|Dynamax Clause: You cannot dynamax
|teampreview
|c|☆relic stone|hf
|j| lartedipissog
|c|☆LT73IU regnite|same
|
|t:|1598084345
|start
|switch|p1a: Rex|Tyranitar, M|100/100
|switch|p2a: Dragapult|Dragapult, M|100/100
|-weather|Sandstorm|[from] ability: Sand Stream|[of] p1a: Rex
|turn|1
|inactive|Battle timer is ON: inactive players will automatically lose when time's up. (requested by LT73IU regnite)
|
|t:|1598084353
|move|p2a: Dragapult|U-turn|p1a: Rex
|-supereffective|p1a: Rex
|-damage|p1a: Rex|73/100
|
|t:|1598084356
|switch|p2a: Clefable|Clefable, F|100/100|[from]move: U-turn
|move|p1a: Rex|Toxic|p2a: Clefable
|-status|p2a: Clefable|tox
|
|-weather|Sandstorm|[upkeep]
|-heal|p1a: Rex|79/100|[from] item: Leftovers
|upkeep
|turn|2
|
|t:|1598084362
|move|p2a: Clefable|Trick|p1a: Rex
|-activate|p2a: Clefable|move: Trick|[of] p1a: Rex
|-item|p1a: Rex|Sticky Barb|[from] move: Trick
|-item|p2a: Clefable|Leftovers|[from] move: Trick
|move|p1a: Rex|Stealth Rock|p2a: Clefable
|-sidestart|p2: LT73IU regnite|move: Stealth Rock
|
|-weather|Sandstorm|[upkeep]
|-damage|p1a: Rex|67/100|[from] item: Sticky Barb
|upkeep
|turn|3
|j| Vaboh
|
|t:|1598084370
|switch|p1a: Grimlock|Magnezone, shiny|100/100
|move|p2a: Clefable|Stealth Rock|p1a: Grimlock
|-sidestart|p1: relic stone|move: Stealth Rock
|
|-weather|Sandstorm|[upkeep]
|upkeep
|turn|4
|l| Vaboh
|
|t:|1598084376
|switch|p2a: Blissey|Blissey, F|100/100
|move|p1a: Grimlock|Thunderbolt|p2a: Blissey
|-damage|p2a: Blissey|85/100
|
|-weather|Sandstorm|[upkeep]
|-damage|p2a: Blissey|79/100|[from] Sandstorm
|upkeep
|turn|5
|
|t:|1598084381
|move|p2a: Blissey|Seismic Toss|p1a: Grimlock
|-damage|p1a: Grimlock|71/100
|move|p1a: Grimlock|Body Press|p2a: Blissey
|-supereffective|p2a: Blissey
|-damage|p2a: Blissey|29/100
|
|-weather|none
|-heal|p1a: Grimlock|78/100|[from] item: Leftovers
|upkeep
|turn|6
|
|t:|1598084385
|move|p2a: Blissey|Soft-Boiled|p2a: Blissey
|-heal|p2a: Blissey|79/100
|move|p1a: Grimlock|Body Press|p2a: Blissey
|-supereffective|p2a: Blissey
|-damage|p2a: Blissey|31/100
|
|-heal|p1a: Grimlock|84/100|[from] item: Leftovers
|upkeep
|turn|7
|
|t:|1598084390
|switch|p2a: Slowbro|Slowbro-Galar, M|100/100
|-damage|p2a: Slowbro|88/100|[from] Stealth Rock
|move|p1a: Grimlock|Body Press|p2a: Slowbro
|-resisted|p2a: Slowbro
|-damage|p2a: Slowbro|82/100
|
|-heal|p1a: Grimlock|90/100|[from] item: Leftovers
|upkeep
|turn|8
|
|t:|1598084394
|move|p1a: Grimlock|Thunderbolt|p2a: Slowbro
|-damage|p2a: Slowbro|33/100
|move|p2a: Slowbro|Flamethrower|p1a: Grimlock
|-supereffective|p1a: Grimlock
|-damage|p1a: Grimlock|28/100
|
|-heal|p1a: Grimlock|34/100|[from] item: Leftovers
|upkeep
|turn|9
|
|t:|1598084399
|switch|p2a: Rillaboom|Rillaboom, F|100/100
|-damage|p2a: Rillaboom|88/100|[from] Stealth Rock
|-fieldstart|move: Grassy Terrain|[from] ability: Grassy Surge|[of] p2a: Rillaboom
|move|p1a: Grimlock|Thunderbolt|p2a: Rillaboom
|-resisted|p2a: Rillaboom
|-damage|p2a: Rillaboom|62/100
|
|-heal|p2a: Rillaboom|68/100|[from] Grassy Terrain
|-heal|p1a: Grimlock|40/100|[from] item: Leftovers
|-heal|p1a: Grimlock|46/100|[from] Grassy Terrain
|upkeep
|turn|10
|
|t:|1598084401
|move|p2a: Rillaboom|Knock Off|p1a: Grimlock
|-crit|p1a: Grimlock
|-damage|p1a: Grimlock|0 fnt
|-enditem|p1a: Grimlock|Leftovers|[from] move: Knock Off|[of] p2a: Rillaboom
|faint|p1a: Grimlock
|
|-heal|p2a: Rillaboom|74/100|[from] Grassy Terrain
|upkeep
|j| brouha
|
|t:|1598084406
|switch|p1a: Yami|Corviknight, M, shiny|100/100
|-damage|p1a: Yami|88/100|[from] Stealth Rock
|-ability|p1a: Yami|Pressure
|turn|11
|
|t:|1598084410
|move|p2a: Rillaboom|Knock Off|p1a: Yami
|-damage|p1a: Yami|56/100
|-damage|p2a: Rillaboom|58/100|[from] item: Rocky Helmet|[of] p1a: Yami
|-enditem|p1a: Yami|Rocky Helmet|[from] move: Knock Off|[of] p2a: Rillaboom
|move|p1a: Yami|U-turn|p2a: Rillaboom
|-supereffective|p2a: Rillaboom
|-damage|p2a: Rillaboom|25/100
|
|t:|1598084414
|switch|p1a: Prophet|Alakazam, M|100/100|[from]move: U-turn
|
|-heal|p2a: Rillaboom|31/100|[from] Grassy Terrain
|upkeep
|turn|12
|
|t:|1598084425
|switch|p2a: Slowbro|Slowbro-Galar, M|67/100
|-damage|p2a: Slowbro|54/100|[from] Stealth Rock
|move|p1a: Prophet|Psyshock|p2a: Slowbro
|-crit|p2a: Slowbro
|-damage|p2a: Slowbro|0 fnt
|faint|p2a: Slowbro
|
|upkeep
|
|t:|1598084430
|switch|p2a: Dragapult|Dragapult, M|100/100
|turn|13
|
|t:|1598084438
|switch|p1a: Fungus|Amoonguss, M, shiny|100/100
|-damage|p1a: Fungus|88/100|[from] Stealth Rock
|move|p2a: Dragapult|Thunder Wave|p1a: Fungus
|-status|p1a: Fungus|par
|
|-heal|p1a: Fungus|94/100 par|[from] Grassy Terrain
|-fieldend|move: Grassy Terrain
|upkeep
|turn|14
|
|t:|1598084441
|move|p2a: Dragapult|U-turn|p1a: Fungus
|-damage|p1a: Fungus|82/100 par
|-damage|p2a: Dragapult|84/100|[from] item: Rocky Helmet|[of] p1a: Fungus
|
|t:|1598084443
|switch|p2a: Clefable|Clefable, F|100/100 tox|[from]move: U-turn
|cant|p1a: Fungus|par
|
|upkeep
|turn|15
|
|t:|1598084449
|move|p2a: Clefable|Moonblast|p1a: Fungus
|-resisted|p1a: Fungus
|-damage|p1a: Fungus|68/100 par
|cant|p1a: Fungus|par
|
|upkeep
|turn|16
|inactive|relic stone has 120 seconds left.
|
|t:|1598084482
|switch|p2a: Dragapult|Dragapult, M|84/100
|move|p1a: Fungus|Sludge Bomb|p2a: Dragapult
|-resisted|p2a: Dragapult
|-damage|p2a: Dragapult|67/100
|
|upkeep
|turn|17
|
|t:|1598084488
|move|p2a: Dragapult|Hex|p1a: Fungus
|-damage|p1a: Fungus|4/100 par
|move|p1a: Fungus|Foul Play|p2a: Dragapult
|-supereffective|p2a: Dragapult
|-damage|p2a: Dragapult|2/100
|
|upkeep
|turn|18
|
|t:|1598084503
|switch|p1a: Rex|Tyranitar, M|67/100
|-damage|p1a: Rex|55/100|[from] Stealth Rock
|-weather|Sandstorm|[from] ability: Sand Stream|[of] p1a: Rex
|move|p2a: Dragapult|U-turn|p1a: Rex
|-supereffective|p1a: Rex
|-damage|p1a: Rex|30/100
|
|t:|1598084513
|switch|p2a: Clefable|Clefable, F|100/100 tox|[from]move: U-turn
|
|-weather|Sandstorm|[upkeep]
|-damage|p1a: Rex|18/100|[from] item: Sticky Barb
|upkeep
|turn|19
|
|t:|1598084522
|switch|p1a: Yami|Corviknight, M, shiny|56/100
|-damage|p1a: Yami|44/100|[from] Stealth Rock
|-ability|p1a: Yami|Pressure
|move|p2a: Clefable|Moonblast|p1a: Yami
|-resisted|p1a: Yami
|-damage|p1a: Yami|29/100
|
|-weather|Sandstorm|[upkeep]
|upkeep
|turn|20
|
|t:|1598084526
|switch|p2a: Toxapex|Toxapex, F|100/100
|-damage|p2a: Toxapex|88/100|[from] Stealth Rock
|move|p1a: Yami|Roost|p1a: Yami
|-heal|p1a: Yami|79/100
|-singleturn|p1a: Yami|move: Roost
|
|-weather|Sandstorm|[upkeep]
|-damage|p2a: Toxapex|82/100|[from] Sandstorm
|upkeep
|turn|21
|j| H.M.N.I.P
|
|t:|1598084538
|move|p1a: Yami|U-turn|p2a: Toxapex
|-resisted|p2a: Toxapex
|-damage|p2a: Toxapex|77/100
|-damage|p1a: Yami|62/100|[from] item: Rocky Helmet|[of] p2a: Toxapex
|
|t:|1598084541
|switch|p1a: Fungus|Amoonguss, M, shiny|38/100 par|[from]move: U-turn
|-damage|p1a: Fungus|25/100 par|[from] Stealth Rock
|move|p2a: Toxapex|Scald|p1a: Fungus
|-resisted|p1a: Fungus
|-damage|p1a: Fungus|17/100 par
|
|-weather|Sandstorm|[upkeep]
|-damage|p2a: Toxapex|71/100|[from] Sandstorm
|-damage|p1a: Fungus|11/100 par|[from] Sandstorm
|upkeep
|turn|22
|
|t:|1598084550
|switch|p2a: Dragapult|Dragapult, M|2/100
|switch|p1a: Yami|Corviknight, M, shiny|62/100
|-damage|p1a: Yami|50/100|[from] Stealth Rock
|-ability|p1a: Yami|Pressure
|
|-weather|none
|upkeep
|turn|23
|
|t:|1598084559
|move|p2a: Dragapult|Will-O-Wisp|p1a: Yami|[miss]
|-miss|p2a: Dragapult|p1a: Yami
|move|p1a: Yami|U-turn|p2a: Dragapult
|-resisted|p2a: Dragapult
|-damage|p2a: Dragapult|0 fnt
|faint|p2a: Dragapult
|
|t:|1598084563
|switch|p1a: Prophet|Alakazam, M|100/100|[from]move: U-turn
|
|upkeep
|c|☆LT73IU regnite|welp
|l| brouha
|c|☆relic stone|it still killed but ye that sucks
|c|☆relic stone|mb bro
|c|☆LT73IU regnite|that was game for me lol
|j| lt73iu leo
|inactive|LT73IU regnite has 120 seconds left.
|c|☆relic stone|tbh u win with rilla still
|c|☆LT73IU regnite|idts
|c|☆relic stone|this is sash
|c|☆relic stone|but u can break it
|inactive|LT73IU regnite has 90 seconds left.
|
|t:|1598084643
|switch|p2a: Clefable|Clefable, F|100/100 tox
|turn|24
|
|t:|1598084648
|move|p1a: Prophet|Nasty Plot|p1a: Prophet
|-boost|p1a: Prophet|spa|2
|move|p2a: Clefable|Moonblast|p1a: Prophet
|-damage|p1a: Prophet|57/100
|-unboost|p1a: Prophet|spa|1
|
|upkeep
|turn|25
|j| jefo
|
|t:|1598084656
|move|p1a: Prophet|Nasty Plot|p1a: Prophet
|-boost|p1a: Prophet|spa|2
|move|p2a: Clefable|Moonblast|p1a: Prophet
|-damage|p1a: Prophet|13/100
|
|upkeep
|turn|26
|inactive|LT73IU regnite has 90 seconds left.
|
|t:|1598084686
|move|p1a: Prophet|Recover|p1a: Prophet
|-heal|p1a: Prophet|63/100
|move|p2a: Clefable|Moonblast|p1a: Prophet
|-damage|p1a: Prophet|19/100
|-unboost|p1a: Prophet|spa|1
|
|upkeep
|turn|27
|
|t:|1598084695
|switch|p2a: Rillaboom|Rillaboom, F|31/100
|-damage|p2a: Rillaboom|19/100|[from] Stealth Rock
|-fieldstart|move: Grassy Terrain|[from] ability: Grassy Surge|[of] p2a: Rillaboom
|move|p1a: Prophet|Recover|p1a: Prophet
|-heal|p1a: Prophet|69/100
|
|-heal|p1a: Prophet|75/100|[from] Grassy Terrain
|-heal|p2a: Rillaboom|25/100|[from] Grassy Terrain
|upkeep
|turn|28
|
|t:|1598084707
|switch|p1a: Fungus|Amoonguss, M, shiny|44/100 par
|-damage|p1a: Fungus|32/100 par|[from] Stealth Rock
|move|p2a: Rillaboom|Knock Off|p1a: Fungus
|-damage|p1a: Fungus|0 fnt
|-damage|p2a: Rillaboom|9/100|[from] item: Rocky Helmet|[of] p1a: Fungus
|-enditem|p1a: Fungus|Rocky Helmet|[from] move: Knock Off|[of] p2a: Rillaboom
|faint|p1a: Fungus
|
|-heal|p2a: Rillaboom|15/100|[from] Grassy Terrain
|upkeep
|
|t:|1598084713
|switch|p1a: Prophet|Alakazam, M|75/100
|turn|29
|
|t:|1598084719
|switch|p2a: Clefable|Clefable, F|100/100 tox
|move|p1a: Prophet|Psyshock|p2a: Clefable
|-damage|p2a: Clefable|65/100 tox
|
|-heal|p1a: Prophet|81/100|[from] Grassy Terrain
|-heal|p2a: Clefable|71/100 tox|[from] item: Leftovers
|-heal|p2a: Clefable|77/100 tox|[from] Grassy Terrain
|upkeep
|turn|30
|j| whyad
|inactive|LT73IU regnite has 90 seconds left.
|
|t:|1598084724
|move|p1a: Prophet|Nasty Plot|p1a: Prophet
|-boost|p1a: Prophet|spa|2
|move|p2a: Clefable|Moonblast|p1a: Prophet
|-damage|p1a: Prophet|41/100
|-unboost|p1a: Prophet|spa|1
|
|-heal|p1a: Prophet|47/100|[from] Grassy Terrain
|-heal|p2a: Clefable|83/100 tox|[from] item: Leftovers
|-heal|p2a: Clefable|90/100 tox|[from] Grassy Terrain
|upkeep
|turn|31
|c| jefo|OOF
|
|t:|1598084730
|move|p1a: Prophet|Recover|p1a: Prophet
|-heal|p1a: Prophet|97/100
|move|p2a: Clefable|Moonblast|p1a: Prophet
|-damage|p1a: Prophet|52/100
|
|-heal|p1a: Prophet|58/100|[from] Grassy Terrain
|-heal|p2a: Clefable|96/100 tox|[from] item: Leftovers
|-heal|p2a: Clefable|100/100 tox|[from] Grassy Terrain
|-fieldend|move: Grassy Terrain
|upkeep
|turn|32
|
|t:|1598084737
|move|p1a: Prophet|Psyshock|p2a: Clefable
|-damage|p2a: Clefable|50/100 tox
|move|p2a: Clefable|Moonblast|p1a: Prophet
|-damage|p1a: Prophet|12/100
|-unboost|p1a: Prophet|spa|1
|
|-heal|p2a: Clefable|56/100 tox|[from] item: Leftovers
|upkeep
|turn|33
|
|t:|1598084748
|move|p1a: Prophet|Recover|p1a: Prophet
|-heal|p1a: Prophet|62/100
|move|p2a: Clefable|Moonblast|p1a: Prophet
|-damage|p1a: Prophet|20/100
|
|-heal|p2a: Clefable|62/100 tox|[from] item: Leftovers
|upkeep
|turn|34
|l| lartedipissog
|
|t:|1598084756
|move|p1a: Prophet|Recover|p1a: Prophet
|-heal|p1a: Prophet|70/100
|move|p2a: Clefable|Moonblast|p1a: Prophet
|-damage|p1a: Prophet|24/100
|
|-heal|p2a: Clefable|68/100 tox|[from] item: Leftovers
|upkeep
|turn|35
|inactive|LT73IU regnite has 120 seconds left.
|
|t:|1598084763
|switch|p1a: Yami|Corviknight, M, shiny|50/100
|-damage|p1a: Yami|38/100|[from] Stealth Rock
|-ability|p1a: Yami|Pressure
|move|p2a: Clefable|Moonblast|p1a: Yami
|-resisted|p1a: Yami
|-damage|p1a: Yami|24/100
|
|-heal|p2a: Clefable|74/100 tox|[from] item: Leftovers
|upkeep
|turn|36
|
|t:|1598084769
|switch|p2a: Toxapex|Toxapex, F|100/100
|-damage|p2a: Toxapex|88/100|[from] Stealth Rock
|move|p1a: Yami|U-turn|p2a: Toxapex
|-resisted|p2a: Toxapex
|-damage|p2a: Toxapex|84/100
|-damage|p1a: Yami|7/100|[from] item: Rocky Helmet|[of] p2a: Toxapex
|j| laevin ㋛
|
|t:|1598084780
|switch|p1a: Prophet|Alakazam, M|24/100|[from]move: U-turn
|
|upkeep
|turn|37
|
|t:|1598084785
|switch|p2a: Blissey|Blissey, F|31/100
|move|p1a: Prophet|Psyshock|p2a: Blissey
|-damage|p2a: Blissey|0 fnt
|faint|p2a: Blissey
|
|upkeep
|
|t:|1598084787
|switch|p2a: Rillaboom|Rillaboom, F|15/100
|-damage|p2a: Rillaboom|3/100|[from] Stealth Rock
|-fieldstart|move: Grassy Terrain|[from] ability: Grassy Surge|[of] p2a: Rillaboom
|turn|38
|
|t:|1598084791
|switch|p1a: Rex|Tyranitar, M|18/100
|-damage|p1a: Rex|6/100|[from] Stealth Rock
|-weather|Sandstorm|[from] ability: Sand Stream|[of] p1a: Rex
|move|p2a: Rillaboom|Grassy Glide|p1a: Rex
|-supereffective|p1a: Rex
|-damage|p1a: Rex|0 fnt
|faint|p1a: Rex
|
|-weather|Sandstorm|[upkeep]
|-damage|p2a: Rillaboom|0 fnt|[from] Sandstorm
|faint|p2a: Rillaboom
|upkeep
|
|t:|1598084798
|switch|p2a: Clefable|Clefable, F|74/100 tox
|switch|p1a: Prophet|Alakazam, M|24/100
|turn|39
|
|t:|1598084802
|move|p1a: Prophet|Recover|p1a: Prophet
|-heal|p1a: Prophet|75/100
|move|p2a: Clefable|Moonblast|p1a: Prophet
|-damage|p1a: Prophet|28/100
|-unboost|p1a: Prophet|spa|1
|
|-weather|Sandstorm|[upkeep]
|-heal|p1a: Prophet|34/100|[from] Grassy Terrain
|-heal|p2a: Clefable|80/100 tox|[from] item: Leftovers
|-heal|p2a: Clefable|87/100 tox|[from] Grassy Terrain
|upkeep
|turn|40
|
|t:|1598084807
|move|p1a: Prophet|Recover|p1a: Prophet
|-heal|p1a: Prophet|84/100
|move|p2a: Clefable|Moonblast|p1a: Prophet
|-crit|p1a: Prophet
|-damage|p1a: Prophet|14/100
|
|-weather|Sandstorm|[upkeep]
|-heal|p1a: Prophet|20/100|[from] Grassy Terrain
|-heal|p2a: Clefable|93/100 tox|[from] item: Leftovers
|-heal|p2a: Clefable|99/100 tox|[from] Grassy Terrain
|upkeep
|turn|41
|
|t:|1598084813
|move|p1a: Prophet|Recover|p1a: Prophet
|-heal|p1a: Prophet|71/100
|move|p2a: Clefable|Moonblast|p1a: Prophet
|-damage|p1a: Prophet|30/100
|-unboost|p1a: Prophet|spa|1
|
|-weather|Sandstorm|[upkeep]
|-heal|p1a: Prophet|36/100|[from] Grassy Terrain
|-heal|p2a: Clefable|100/100 tox|[from] item: Leftovers
|upkeep
|turn|42
|j| Frogtaco
|
|t:|1598084818
|move|p1a: Prophet|Recover|p1a: Prophet
|-heal|p1a: Prophet|86/100
|move|p2a: Clefable|Moonblast|p1a: Prophet
|-damage|p1a: Prophet|40/100
|
|-weather|none
|-heal|p1a: Prophet|46/100|[from] Grassy Terrain
|-fieldend|move: Grassy Terrain
|upkeep
|turn|43
|
|t:|1598084824
|move|p1a: Prophet|Recover|p1a: Prophet
|-heal|p1a: Prophet|97/100
|move|p2a: Clefable|Moonblast|p1a: Prophet
|-damage|p1a: Prophet|56/100
|
|upkeep
|turn|44
|
|t:|1598084827
|switch|p1a: Poseidon|Gastrodon, M, shiny|100/100
|-damage|p1a: Poseidon|94/100|[from] Stealth Rock
|move|p2a: Clefable|Moonblast|p1a: Poseidon
|-damage|p1a: Poseidon|75/100
|
|-heal|p1a: Poseidon|81/100|[from] item: Leftovers
|upkeep
|turn|45
|
|t:|1598084832
|switch|p2a: Toxapex|Toxapex, F|100/100
|-damage|p2a: Toxapex|88/100|[from] Stealth Rock
|switch|p1a: Yami|Corviknight, M, shiny|7/100
|-damage|p1a: Yami|0 fnt|[from] Stealth Rock
|faint|p1a: Yami
|
|upkeep
|l| laevin ㋛
|
|t:|1598084834
|switch|p1a: Prophet|Alakazam, M|56/100
|turn|46
|
|t:|1598084837
|move|p1a: Prophet|Recover|p1a: Prophet
|-heal|p1a: Prophet|100/100
|move|p2a: Toxapex|Scald|p1a: Prophet
|-damage|p1a: Prophet|79/100
|
|upkeep
|turn|47
|
|t:|1598084841
|move|p1a: Prophet|Nasty Plot|p1a: Prophet
|-boost|p1a: Prophet|spa|2
|move|p2a: Toxapex|Haze|p2a: Toxapex
|-clearallboost
|
|upkeep
|turn|48
|
|t:|1598084847
|move|p1a: Prophet|Nasty Plot|p1a: Prophet
|-boost|p1a: Prophet|spa|2
|move|p2a: Toxapex|Haze|p2a: Toxapex
|-clearallboost
|
|upkeep
|turn|49
|
|t:|1598084849
|move|p1a: Prophet|Nasty Plot|p1a: Prophet
|-boost|p1a: Prophet|spa|2
|move|p2a: Toxapex|Haze|p2a: Toxapex
|-clearallboost
|
|upkeep
|turn|50
|
|t:|1598084852
|move|p1a: Prophet|Psyshock|p2a: Toxapex
|-supereffective|p2a: Toxapex
|-damage|p2a: Toxapex|34/100
|move|p2a: Toxapex|Haze|p2a: Toxapex
|-clearallboost
|
|upkeep
|turn|51
|
|t:|1598084856
|switch|p2a: Clefable|Clefable, F|100/100 tox
|move|p1a: Prophet|Psyshock|p2a: Clefable
|-damage|p2a: Clefable|68/100 tox
|
|-heal|p2a: Clefable|74/100 tox|[from] item: Leftovers
|upkeep
|turn|52
|
|t:|1598084859
|move|p1a: Prophet|Nasty Plot|p1a: Prophet
|-boost|p1a: Prophet|spa|2
|move|p2a: Clefable|Moonblast|p1a: Prophet
|-damage|p1a: Prophet|32/100
|
|-heal|p2a: Clefable|80/100 tox|[from] item: Leftovers
|upkeep
|turn|53
|
|t:|1598084864
|move|p1a: Prophet|Recover|p1a: Prophet
|-heal|p1a: Prophet|82/100
|move|p2a: Clefable|Moonblast|p1a: Prophet
|-damage|p1a: Prophet|36/100
|
|-heal|p2a: Clefable|87/100 tox|[from] item: Leftovers
|upkeep
|turn|54
|
|t:|1598084869
|move|p1a: Prophet|Recover|p1a: Prophet
|-heal|p1a: Prophet|87/100
|move|p2a: Clefable|Moonblast|p1a: Prophet
|-damage|p1a: Prophet|43/100
|-unboost|p1a: Prophet|spa|1
|
|-heal|p2a: Clefable|93/100 tox|[from] item: Leftovers
|upkeep
|turn|55
|
|t:|1598084874
|move|p1a: Prophet|Recover|p1a: Prophet
|-heal|p1a: Prophet|93/100
|move|p2a: Clefable|Moonblast|p1a: Prophet
|-damage|p1a: Prophet|51/100
|
|-heal|p2a: Clefable|99/100 tox|[from] item: Leftovers
|upkeep
|turn|56
|
|t:|1598084878
|move|p1a: Prophet|Recover|p1a: Prophet
|-heal|p1a: Prophet|100/100
|move|p2a: Clefable|Moonblast|p1a: Prophet
|-damage|p1a: Prophet|53/100
|
|-heal|p2a: Clefable|100/100 tox|[from] item: Leftovers
|upkeep
|turn|57
|
|t:|1598084884
|switch|p2a: Toxapex|Toxapex, F|67/100
|-damage|p2a: Toxapex|55/100|[from] Stealth Rock
|move|p1a: Prophet|Nasty Plot|p1a: Prophet
|-boost|p1a: Prophet|spa|2
|
|upkeep
|turn|58
|
|t:|1598084888
|move|p1a: Prophet|Psyshock|p2a: Toxapex
|-supereffective|p2a: Toxapex
|-damage|p2a: Toxapex|0 fnt
|faint|p2a: Toxapex
|
|upkeep
|c|☆relic stone|gg
|-message|LT73IU regnite forfeited.
|
|win|relic stone
|l|☆LT73IU regnite
|raw|relic stone's rating: 1880 &rarr; <strong>1889</strong><br />(+9 for winning)
|raw|LT73IU regnite's rating: 1679 &rarr; <strong>1669</strong><br />(-10 for losing)
|l|☆relic stone
|l| H.M.N.I.P
|j|+playerW17
|j| LT73IU NTAIZAI
|l|+playerW17
|j| LT73IU D4
|l| LT73IU D4
|l| LT73IU NTAIZAI
|l| whyad
|l| Frogtaco
