|j|☆Storm Zone
|j|☆big boss 447
|player|p1|Storm Zone|zinnia|1758
|player|p2|big boss 447|n|1732
|teamsize|p1|6
|teamsize|p2|6
|gametype|singles
|gen|8
|tier|[Gen 8] OU
|rated|
|clearpoke
|poke|p1|Mew|
|poke|p1|Braviary, M|
|poke|p1|Jellicent, F|
|poke|p1|Ferrothorn, M|
|poke|p1|Zeraora|
|poke|p1|Mandibuzz, F|
|poke|p2|Runerigus, M|
|poke|p2|Cloyster, F|
|poke|p2|Aegislash, M|
|poke|p2|Toxtricity, F|
|poke|p2|Bisharp, F|
|poke|p2|Togekiss, M|
|rule|Sleep Clause Mod: Limit one foe put to sleep
|rule|Species Clause: Limit one of each Pokémon
|rule|OHKO Clause: OHKO moves are banned
|rule|Evasion Moves Clause: Evasion moves are banned
|rule|Endless Battle Clause: Forcing endless battles is banned
|rule|HP Percentage Mod: HP is shown in percentages
|rule|Dynamax Clause: You cannot dynamax
|teampreview
|inactive|Battle timer is ON: inactive players will automatically lose when time's up. (requested by big boss 447)
|j| ArcticBreezeX
|inactive|Storm Zone has 120 seconds left.
|
|start
|switch|p1a: Zephyr|Zeraora|100/100
|switch|p2a: Toxtricity|Toxtricity, F|100/100
|turn|1
|
|switch|p1a: Chaos|Mew, shiny|100/100
|move|p2a: Toxtricity|Boomburst|p1a: Chaos
|-damage|p1a: Chaos|8/100
|
|upkeep
|turn|2
|
|switch|p2a: Aegislash|Aegislash, M|100/100
|move|p1a: Chaos|Flare Blitz|p2a: Aegislash
|-supereffective|p2a: Aegislash
|-damage|p2a: Aegislash|14/100
|-damage|p1a: Chaos|0 fnt|[from] Recoil
|faint|p1a: Chaos
|
|upkeep
|
|switch|p1a: Temple|Ferrothorn, M|100/100
|turn|3
|
|-formechange|p2a: Aegislash|Aegislash-Blade||[from] ability: Stance Change
|move|p2a: Aegislash|Close Combat|p1a: Temple
|-supereffective|p1a: Temple
|-damage|p1a: Temple|40/100
|-unboost|p2a: Aegislash|def|1
|-unboost|p2a: Aegislash|spd|1
|-damage|p2a: Aegislash|2/100|[from] ability: Iron Barbs|[of] p1a: Temple
|-damage|p2a: Aegislash|0 fnt|[from] item: Rocky Helmet|[of] p1a: Temple
|faint|p2a: Aegislash
|move|p1a: Temple|Stealth Rock|p2: Aegislash
|-sidestart|p2: big boss 447|move: Stealth Rock
|
|upkeep
|
|switch|p2a: Runerigus|Runerigus, M|100/100
|-damage|p2a: Runerigus|94/100|[from] Stealth Rock
|turn|4
|
|move|p2a: Runerigus|Stealth Rock|p1a: Temple
|-sidestart|p1: Storm Zone|move: Stealth Rock
|move|p1a: Temple|Knock Off|p2a: Runerigus
|-supereffective|p2a: Runerigus
|-enditem|p2a: Runerigus|Colbur Berry|[eat]
|-enditem|p2a: Runerigus|Colbur Berry|[weaken]
|-damage|p2a: Runerigus|81/100
|-activate|p2a: Runerigus|ability: Wandering Spirit|Iron Barbs|Wandering Spirit|[of] p1a: Temple
|
|upkeep
|turn|5
|
|switch|p1a: Ashura|Jellicent, F|100/100
|-damage|p1a: Ashura|88/100|[from] Stealth Rock
|move|p2a: Runerigus|Will-O-Wisp|p1a: Ashura
|-status|p1a: Ashura|brn
|
|-heal|p1a: Ashura|94/100 brn|[from] item: Leftovers
|-damage|p1a: Ashura|88/100 brn|[from] brn
|upkeep
|turn|6
|
|switch|p2a: Toxtricity|Toxtricity, F|100/100
|-damage|p2a: Toxtricity|88/100|[from] Stealth Rock
|move|p1a: Ashura|Will-O-Wisp|p2a: Toxtricity
|-status|p2a: Toxtricity|brn
|
|-heal|p1a: Ashura|94/100 brn|[from] item: Leftovers
|-damage|p2a: Toxtricity|82/100 brn|[from] brn
|-damage|p1a: Ashura|88/100 brn|[from] brn
|upkeep
|turn|7
|
|move|p2a: Toxtricity|Boomburst|p1a: Ashura
|-immune|p1a: Ashura
|move|p1a: Ashura|Hex|p2a: Toxtricity
|-damage|p2a: Toxtricity|20/100 brn
|
|-heal|p1a: Ashura|94/100 brn|[from] item: Leftovers
|-damage|p2a: Toxtricity|14/100 brn|[from] brn
|-damage|p1a: Ashura|88/100 brn|[from] brn
|upkeep
|turn|8
|
|switch|p2a: Togekiss|Togekiss, M|100/100
|-damage|p2a: Togekiss|76/100|[from] Stealth Rock
|move|p1a: Ashura|Will-O-Wisp|p2a: Togekiss
|-status|p2a: Togekiss|brn
|
|-heal|p1a: Ashura|94/100 brn|[from] item: Leftovers
|-damage|p2a: Togekiss|70/100 brn|[from] brn
|-damage|p1a: Ashura|88/100 brn|[from] brn
|upkeep
|turn|9
|
|switch|p1a: Zephyr|Zeraora|100/100
|-damage|p1a: Zephyr|88/100|[from] Stealth Rock
|move|p2a: Togekiss|Air Slash|p1a: Zephyr
|-resisted|p1a: Zephyr
|-damage|p1a: Zephyr|62/100
|
|-heal|p1a: Zephyr|68/100|[from] item: Leftovers
|-damage|p2a: Togekiss|64/100 brn|[from] brn
|upkeep
|turn|10
|
|switch|p2a: Runerigus|Runerigus, M|81/100
|-damage|p2a: Runerigus|75/100|[from] Stealth Rock
|move|p1a: Zephyr|Calm Mind|p1a: Zephyr
|-boost|p1a: Zephyr|spa|1
|-boost|p1a: Zephyr|spd|1
|
|-heal|p1a: Zephyr|74/100|[from] item: Leftovers
|upkeep
|turn|11
|
|move|p1a: Zephyr|Grass Knot|p2a: Runerigus
|-supereffective|p2a: Runerigus
|-damage|p2a: Runerigus|7/100
|-activate|p2a: Runerigus|ability: Wandering Spirit|Volt Absorb|Wandering Spirit|[of] p1a: Zephyr
|move|p2a: Runerigus|Earthquake|p1a: Zephyr
|-supereffective|p1a: Zephyr
|-damage|p1a: Zephyr|0 fnt
|faint|p1a: Zephyr
|
|upkeep
|
|switch|p1a: Bloodwing|Braviary, M|100/100
|turn|12
|
|move|p1a: Bloodwing|Brave Bird|p2a: Runerigus
|-damage|p2a: Runerigus|0 fnt
|-damage|p1a: Bloodwing|98/100|[from] Recoil
|faint|p2a: Runerigus
|
|upkeep
|
|switch|p2a: Cloyster|Cloyster, F|100/100
|-damage|p2a: Cloyster|76/100|[from] Stealth Rock
|turn|13
|
|switch|p1a: Ashura|Jellicent, F|88/100 brn
|-damage|p1a: Ashura|76/100 brn|[from] Stealth Rock
|move|p2a: Cloyster|Shell Smash|p2a: Cloyster
|-unboost|p2a: Cloyster|def|1
|-unboost|p2a: Cloyster|spd|1
|-boost|p2a: Cloyster|atk|2
|-boost|p2a: Cloyster|spa|2
|-boost|p2a: Cloyster|spe|2
|
|-heal|p1a: Ashura|82/100 brn|[from] item: Leftovers
|-damage|p1a: Ashura|76/100 brn|[from] brn
|upkeep
|turn|14
|
|move|p2a: Cloyster|Rock Blast|p1a: Ashura
|-damage|p1a: Ashura|64/100 brn
|-damage|p1a: Ashura|52/100 brn
|-damage|p1a: Ashura|40/100 brn
|-damage|p1a: Ashura|28/100 brn
|-damage|p1a: Ashura|16/100 brn
|-hitcount|p1a: Ashura|5
|move|p1a: Ashura|Strength Sap|p2a: Cloyster
|-unboost|p2a: Cloyster|atk|1
|-heal|p1a: Ashura|100/100 brn
|
|-damage|p1a: Ashura|94/100 brn|[from] brn
|upkeep
|turn|15
|
|move|p2a: Cloyster|Rock Blast|p1a: Ashura
|-damage|p1a: Ashura|85/100 brn
|-damage|p1a: Ashura|77/100 brn
|-damage|p1a: Ashura|69/100 brn
|-damage|p1a: Ashura|59/100 brn
|-damage|p1a: Ashura|49/100 brn
|-hitcount|p1a: Ashura|5
|cant|p1a: Ashura|flinch
|
|-heal|p1a: Ashura|55/100 brn|[from] item: Leftovers
|-damage|p1a: Ashura|49/100 brn|[from] brn
|upkeep
|turn|16
|
|move|p2a: Cloyster|Rock Blast|p1a: Ashura
|-damage|p1a: Ashura|40/100 brn
|-damage|p1a: Ashura|32/100 brn
|-damage|p1a: Ashura|23/100 brn
|-damage|p1a: Ashura|14/100 brn
|-damage|p1a: Ashura|5/100 brn
|-hitcount|p1a: Ashura|5
|move|p1a: Ashura|Will-O-Wisp|p2a: Cloyster
|-status|p2a: Cloyster|brn
|
|-heal|p1a: Ashura|11/100 brn|[from] item: Leftovers
|-damage|p2a: Cloyster|69/100 brn|[from] brn
|-damage|p1a: Ashura|5/100 brn|[from] brn
|upkeep
|turn|17
|
|move|p2a: Cloyster|Icicle Spear|p1a: Ashura
|-resisted|p1a: Ashura
|-damage|p1a: Ashura|2/100 brn
|-resisted|p1a: Ashura
|-damage|p1a: Ashura|0 fnt
|-hitcount|p1a: Ashura|2
|faint|p1a: Ashura
|
|-damage|p2a: Cloyster|63/100 brn|[from] brn
|upkeep
|
|switch|p1a: Temple|Ferrothorn, M|40/100
|-damage|p1a: Temple|33/100|[from] Stealth Rock
|turn|18
|
|move|p2a: Cloyster|Icicle Spear|p1a: Temple
|-crit|p1a: Temple
|-damage|p1a: Temple|26/100
|-damage|p1a: Temple|21/100
|-damage|p1a: Temple|16/100
|-damage|p1a: Temple|11/100
|-damage|p1a: Temple|6/100
|-hitcount|p1a: Temple|5
|move|p1a: Temple|Body Press|p2a: Cloyster
|-supereffective|p2a: Cloyster
|-damage|p2a: Cloyster|0 fnt
|faint|p2a: Cloyster
|
|upkeep
|
|switch|p2a: Togekiss|Togekiss, M|64/100 brn
|-damage|p2a: Togekiss|39/100 brn|[from] Stealth Rock
|turn|19
|
|move|p2a: Togekiss|Air Slash|p1a: Temple
|-damage|p1a: Temple|0 fnt
|faint|p1a: Temple
|
|-damage|p2a: Togekiss|33/100 brn|[from] brn
|upkeep
|
|switch|p1a: Bloodwing|Braviary, M|98/100
|turn|20
|
|move|p2a: Togekiss|Air Slash|p1a: Bloodwing
|-damage|p1a: Bloodwing|49/100
|cant|p1a: Bloodwing|flinch
|
|-damage|p2a: Togekiss|27/100 brn|[from] brn
|upkeep
|turn|21
|
|move|p2a: Togekiss|Air Slash|p1a: Bloodwing
|-damage|p1a: Bloodwing|2/100
|cant|p1a: Bloodwing|flinch
|
|-damage|p2a: Togekiss|20/100 brn|[from] brn
|upkeep
|turn|22
|
|move|p2a: Togekiss|Air Slash|p1a: Bloodwing|[miss]
|-miss|p2a: Togekiss|p1a: Bloodwing
|move|p1a: Bloodwing|Brave Bird|p2a: Togekiss
|-damage|p2a: Togekiss|0 fnt
|-damage|p1a: Bloodwing|0 fnt|[from] Recoil
|faint|p2a: Togekiss
|faint|p1a: Bloodwing
|
|upkeep
|
|switch|p1a: Yami|Mandibuzz, F, shiny|100/100
|switch|p2a: Toxtricity|Toxtricity, F|14/100 brn
|-damage|p2a: Toxtricity|1/100 brn|[from] Stealth Rock
|turn|23
|
|move|p1a: Yami|Foul Play|p2a: Toxtricity
|-damage|p2a: Toxtricity|0 fnt
|faint|p2a: Toxtricity
|
|upkeep
|
|switch|p2a: Bisharp|Bisharp, F|100/100
|-damage|p2a: Bisharp|95/100|[from] Stealth Rock
|turn|24
|
|move|p1a: Yami|Taunt|p2a: Bisharp
|-start|p2a: Bisharp|move: Taunt
|move|p2a: Bisharp|Iron Head|p1a: Yami
|-damage|p1a: Yami|56/100
|-damage|p2a: Bisharp|85/100|[from] item: Life Orb
|
|upkeep
|turn|25
|
|move|p1a: Yami|Foul Play|p2a: Bisharp
|-resisted|p2a: Bisharp
|-damage|p2a: Bisharp|54/100
|move|p2a: Bisharp|Iron Head|p1a: Yami
|-damage|p1a: Yami|14/100
|-damage|p2a: Bisharp|44/100|[from] item: Life Orb
|
|upkeep
|turn|26
|
|move|p1a: Yami|Roost|p1a: Yami
|-heal|p1a: Yami|64/100
|-singleturn|p1a: Yami|move: Roost
|move|p2a: Bisharp|Iron Head|p1a: Yami
|-damage|p1a: Yami|22/100
|-damage|p2a: Bisharp|34/100|[from] item: Life Orb
|
|-end|p2a: Bisharp|move: Taunt
|upkeep
|turn|27
|
|move|p1a: Yami|Roost|p1a: Yami
|-heal|p1a: Yami|72/100
|-singleturn|p1a: Yami|move: Roost
|move|p2a: Bisharp|Iron Head|p1a: Yami
|-damage|p1a: Yami|29/100
|-damage|p2a: Bisharp|24/100|[from] item: Life Orb
|
|upkeep
|turn|28
|j| storm zones
|
|move|p1a: Yami|Foul Play|p2a: Bisharp
|-resisted|p2a: Bisharp
|-damage|p2a: Bisharp|0 fnt
|faint|p2a: Bisharp
|
|win|Storm Zone
|l|☆big boss 447
|l| storm zones
|l|☆Storm Zone
|l| ArcticBreezeX
||Ladder (probably) updated, but score could not be retrieved (Request timeout).
