|j|☆minimax_ai
|j|☆BugCatcherWeevil
|t:|1667861321
|gametype|singles
|player|p1|minimax_ai|169|1690
|player|p2|BugCatcherWeevil|266|1799
|teamsize|p1|6
|teamsize|p2|6
|gen|8
|tier|[Gen 8] OU
|rated|
|rule|Sleep Clause Mod: Limit one foe put to sleep
|rule|Species Clause: Limit one of each Pokémon
|rule|OHKO Clause: OHKO moves are banned
|rule|Evasion Items Clause: Evasion items are banned
|rule|Evasion Moves Clause: Evasion moves are banned
|rule|Endless Battle Clause: Forcing endless battles is banned
|rule|HP Percentage Mod: HP is shown in percentages
|rule|Dynamax Clause: You cannot dynamax
|clearpoke
|poke|p1|Rotom-Wash|
|poke|p1|Weavile, M|
|poke|p1|Landorus-Therian, M|
|poke|p1|Heatran, M|
|poke|p1|Tangrowth, F|
|poke|p1|Melmetal|
|poke|p2|Arctozolt|
|poke|p2|Tornadus-Therian, M|
|poke|p2|Heatran, M|
|poke|p2|Landorus-Therian, M|
|poke|p2|Hatterene, F|
|poke|p2|Vanilluxe, M|
|teampreview
|c|☆minimax_ai|hf
|inactive|Battle timer is ON: inactive players will automatically lose when time's up. (requested by minimax_ai)
|j| Jongruenwald
|inactive|BugCatcherWeevil has 120 seconds left.
|
|t:|1667861374
|start
|switch|p1a: Melmetal|Melmetal|100/100
|switch|p2a: Hatterene|Hatterene, F|100/100
|turn|1
|
|t:|1667861382
|switch|p2a: Heatran|Heatran, M|100/100
|move|p1a: Melmetal|Double Iron Bash|p2a: Heatran
|-resisted|p2a: Heatran
|-damage|p2a: Heatran|93/100
|-resisted|p2a: Heatran
|-crit|p2a: Heatran
|-damage|p2a: Heatran|82/100
|-hitcount|p2a: Heatran|2
|
|-heal|p2a: Heatran|89/100|[from] item: Leftovers
|upkeep
|turn|2
|
|t:|1667861384
|switch|p2a: Landorus|Landorus-Therian, M|100/100
|-ability|p2a: Landorus|Intimidate|boost
|-unboost|p1a: Melmetal|atk|1
|move|p1a: Melmetal|Earthquake|p2a: Landorus
|-immune|p2a: Landorus
|
|upkeep
|turn|3
|
|t:|1667861387
|move|p2a: Landorus|Toxic|p1a: Melmetal|[miss]
|-miss|p2a: Landorus|p1a: Melmetal
|move|p1a: Melmetal|Ice Punch|p2a: Landorus
|-supereffective|p2a: Landorus
|-damage|p2a: Landorus|10/100
|
|-heal|p2a: Landorus|16/100|[from] item: Leftovers
|upkeep
|turn|4
|
|t:|1667861393
|move|p2a: Landorus|U-turn|p1a: Melmetal
|-resisted|p1a: Melmetal
|-damage|p1a: Melmetal|94/100
|
|t:|1667861395
|switch|p2a: Heatran|Heatran, M|89/100|[from]move: U-turn
|move|p1a: Melmetal|Double Iron Bash|p2a: Heatran
|-resisted|p2a: Heatran
|-damage|p2a: Heatran|84/100
|-resisted|p2a: Heatran
|-damage|p2a: Heatran|79/100
|-hitcount|p2a: Heatran|2
|
|-heal|p2a: Heatran|85/100|[from] item: Leftovers
|upkeep
|turn|5
|
|t:|1667861400
|move|p2a: Heatran|Stealth Rock|p1a: Melmetal
|-sidestart|p1: minimax_ai|move: Stealth Rock
|move|p1a: Melmetal|Earthquake|p2a: Heatran
|-supereffective|p2a: Heatran
|-damage|p2a: Heatran|16/100
|
|-heal|p2a: Heatran|22/100|[from] item: Leftovers
|upkeep
|turn|6
|
|t:|1667861404
|switch|p1a: Heatran|Heatran, M|100/100
|-damage|p1a: Heatran|88/100|[from] Stealth Rock
|-item|p1a: Heatran|Air Balloon
|move|p2a: Heatran|Protect||[still]
|-fail|p2a: Heatran
|
|-heal|p2a: Heatran|28/100|[from] item: Leftovers
|upkeep
|turn|7
|
|t:|1667861413
|switch|p2a: Landorus|Landorus-Therian, M|16/100
|-ability|p2a: Landorus|Intimidate|boost
|-unboost|p1a: Heatran|atk|1
|move|p1a: Heatran|Magma Storm|p2a: Landorus
|-crit|p2a: Landorus
|-damage|p2a: Landorus|0 fnt
|faint|p2a: Landorus
|
|upkeep
|
|t:|1667861424
|switch|p2a: Vanilluxe|Vanilluxe, M|100/100
|-weather|Hail|[from] ability: Snow Warning|[of] p2a: Vanilluxe
|turn|8
|
|t:|1667861426
|switch|p2a: Tornadus|Tornadus-Therian, M|100/100
|move|p1a: Heatran|Eruption|p2a: Tornadus
|-damage|p2a: Tornadus|55/100
|
|-weather|Hail|[upkeep]
|-damage|p2a: Tornadus|49/100|[from] Hail
|-damage|p1a: Heatran|82/100|[from] Hail
|upkeep
|turn|9
|
|t:|1667861434
|move|p2a: Tornadus|Knock Off|p1a: Heatran
|-damage|p1a: Heatran|61/100
|-enditem|p1a: Heatran|Air Balloon
|move|p1a: Heatran|Earth Power|p2a: Tornadus
|-immune|p2a: Tornadus
|
|-weather|Hail|[upkeep]
|-damage|p2a: Tornadus|43/100|[from] Hail
|-damage|p1a: Heatran|54/100|[from] Hail
|upkeep
|turn|10
|
|t:|1667861439
|move|p2a: Tornadus|U-turn|p1a: Heatran
|-resisted|p1a: Heatran
|-damage|p1a: Heatran|51/100
|
|t:|1667861442
|switch|p2a: Heatran|Heatran, M|28/100|[from]move: U-turn
|move|p1a: Heatran|Earth Power|p2a: Heatran
|-supereffective|p2a: Heatran
|-damage|p2a: Heatran|0 fnt
|faint|p2a: Heatran
|
|-weather|Hail|[upkeep]
|-damage|p1a: Heatran|45/100|[from] Hail
|upkeep
|
|t:|1667861447
|switch|p2a: Arctozolt|Arctozolt|100/100
|turn|11
|
|t:|1667861451
|move|p2a: Arctozolt|Bolt Beak|p1a: Heatran
|-damage|p1a: Heatran|0 fnt
|faint|p1a: Heatran
|
|-weather|Hail|[upkeep]
|upkeep
|
|t:|1667861451
|switch|p1a: Melmetal|Melmetal|94/100
|-damage|p1a: Melmetal|88/100|[from] Stealth Rock
|turn|12
|
|t:|1667861466
|switch|p2a: Hatterene|Hatterene, F|100/100
|move|p1a: Melmetal|Double Iron Bash|p2a: Hatterene
|-supereffective|p2a: Hatterene
|-damage|p2a: Hatterene|34/100
|-supereffective|p2a: Hatterene
|-damage|p2a: Hatterene|0 fnt
|faint|p2a: Hatterene
|-hitcount|p2: Hatterene|2
|
|-weather|none
|upkeep
|
|t:|1667861477
|switch|p2a: Vanilluxe|Vanilluxe, M|100/100
|-weather|Hail|[from] ability: Snow Warning|[of] p2a: Vanilluxe
|turn|13
|
|t:|1667861480
|move|p2a: Vanilluxe|Blizzard|p1a: Melmetal
|-resisted|p1a: Melmetal
|-damage|p1a: Melmetal|71/100
|move|p1a: Melmetal|Double Iron Bash|p2a: Vanilluxe
|-supereffective|p2a: Vanilluxe
|-damage|p2a: Vanilluxe|0 fnt
|faint|p2a: Vanilluxe
|-hitcount|p2: Vanilluxe|1
|
|-weather|Hail|[upkeep]
|-damage|p1a: Melmetal|65/100|[from] Hail
|upkeep
|
|t:|1667861486
|switch|p2a: Arctozolt|Arctozolt|100/100
|turn|14
|
|t:|1667861487
|move|p2a: Arctozolt|Bolt Beak|p1a: Melmetal
|-crit|p1a: Melmetal
|-damage|p1a: Melmetal|1/100
|move|p1a: Melmetal|Double Iron Bash|p2a: Arctozolt
|-damage|p2a: Arctozolt|52/100
|-damage|p2a: Arctozolt|8/100
|-hitcount|p2a: Arctozolt|2
|
|-weather|Hail|[upkeep]
|-damage|p1a: Melmetal|0 fnt|[from] Hail
|faint|p1a: Melmetal
|upkeep
|
|t:|1667861487
|switch|p1a: Weavile|Weavile, M|100/100
|-damage|p1a: Weavile|76/100|[from] Stealth Rock
|-ability|p1a: Weavile|Pressure
|turn|15
|
|t:|1667861492
|move|p1a: Weavile|Ice Shard|p2a: Arctozolt
|-resisted|p2a: Arctozolt
|-damage|p2a: Arctozolt|0 fnt
|faint|p2a: Arctozolt
|
|-weather|Hail|[upkeep]
|upkeep
|
|t:|1667861494
|switch|p2a: Tornadus|Tornadus-Therian, M|76/100
|turn|16
|
|t:|1667861495
|move|p1a: Weavile|Ice Shard|p2a: Tornadus
|-supereffective|p2a: Tornadus
|-damage|p2a: Tornadus|20/100
|move|p2a: Tornadus|Heat Wave|p1a: Weavile
|-supereffective|p1a: Weavile
|-damage|p1a: Weavile|9/100
|
|-weather|Hail|[upkeep]
|-damage|p2a: Tornadus|14/100|[from] Hail
|upkeep
|turn|17
|-message|BugCatcherWeevil forfeited.
|
|win|minimax_ai
|raw|minimax_ai's rating: 1690 &rarr; <strong>1716</strong><br />(+26 for winning)
|raw|BugCatcherWeevil's rating: 1799 &rarr; <strong>1773</strong><br />(-26 for losing)
|c|☆minimax_ai|gg
|l|☆BugCatcherWeevil
