|raw|<div class="broadcast-blue"><strong>This battle is required to be public due to a player having a name starting with 'lt94je'.</div>
|j|☆LT94JE Minerva
|j|☆Barracades
|t:|1661663937
|gametype|singles
|player|p1|LT94JE Minerva|cynthia-gen7|1836
|player|p2|Barracades|bruno-gen2|1825
|teamsize|p1|6
|teamsize|p2|6
|gen|8
|tier|[Gen 8] OU
|rated|
|rule|Sleep Clause Mod: Limit one foe put to sleep
|rule|Species Clause: Limit one of each Pokémon
|rule|OHKO Clause: OHKO moves are banned
|rule|Evasion Items Clause: Evasion items are banned
|rule|Evasion Moves Clause: Evasion moves are banned
|rule|Endless Battle Clause: Forcing endless battles is banned
|rule|HP Percentage Mod: HP is shown in percentages
|rule|Dynamax Clause: You cannot dynamax
|clearpoke
|poke|p1|Garchomp, M|
|poke|p1|Aegislash, M|
|poke|p1|Urshifu-*, M|
|poke|p1|Dragapult, F|
|poke|p1|Rillaboom, M|
|poke|p1|Bisharp, M|
|poke|p2|Dragapult, M|
|poke|p2|Obstagoon, M|
|poke|p2|Melmetal|
|poke|p2|Volcanion|
|poke|p2|Mamoswine, M|
|poke|p2|Buzzwole|
|teampreview
|
|t:|1661663966
|start
|switch|p1a: Urshifu|Urshifu-Rapid-Strike, M|100/100
|switch|p2a: Behemoth|Mamoswine, M, shiny|100/100
|turn|1
|j| DevilishGreg
|
|t:|1661663975
|switch|p2a: Leviathan|Dragapult, M, shiny|100/100
|move|p1a: Urshifu|Surging Strikes|p2a: Leviathan
|-resisted|p2a: Leviathan
|-crit|p2a: Leviathan
|-damage|p2a: Leviathan|86/100
|-resisted|p2a: Leviathan
|-crit|p2a: Leviathan
|-damage|p2a: Leviathan|72/100
|-resisted|p2a: Leviathan
|-crit|p2a: Leviathan
|-damage|p2a: Leviathan|58/100
|-hitcount|p2a: Leviathan|3
|
|upkeep
|turn|2
|
|t:|1661663982
|switch|p1a: Aegislash|Aegislash, M|100/100
|move|p2a: Leviathan|Draco Meteor|p1a: Aegislash
|-resisted|p1a: Aegislash
|-damage|p1a: Aegislash|59/100
|-unboost|p2a: Leviathan|spa|2
|
|upkeep
|turn|3
|j| Rubiaa
|
|t:|1661663989
|switch|p2a: Missingno|Obstagoon, M, shiny|100/100
|switch|p1a: Urshifu|Urshifu-Rapid-Strike, M|100/100
|
|-status|p2a: Missingno|brn|[from] item: Flame Orb
|upkeep
|turn|4
|
|t:|1661663994
|switch|p2a: Leviathan|Dragapult, M, shiny|58/100
|move|p1a: Urshifu|Close Combat|p2a: Leviathan
|-immune|p2a: Leviathan
|
|upkeep
|turn|5
|
|t:|1661664000
|switch|p1a: Bisharp|Bisharp, M|100/100
|move|p2a: Leviathan|Draco Meteor|p1a: Bisharp
|-resisted|p1a: Bisharp
|-damage|p1a: Bisharp|19/100
|-unboost|p2a: Leviathan|spa|2
|
|upkeep
|turn|6
|
|t:|1661664013
|switch|p2a: Vilgax|Buzzwole, shiny|100/100
|switch|p1a: Garchomp|Garchomp, M|100/100
|
|upkeep
|turn|7
|
|t:|1661664022
|move|p2a: Vilgax|Ice Punch|p1a: Garchomp
|-supereffective|p1a: Garchomp
|-damage|p1a: Garchomp|13/100
|-damage|p2a: Vilgax|88/100|[from] ability: Rough Skin|[of] p1a: Garchomp
|-damage|p2a: Vilgax|71/100|[from] item: Rocky Helmet|[of] p1a: Garchomp
|move|p1a: Garchomp|Flamethrower|p2a: Vilgax
|-supereffective|p2a: Vilgax
|-damage|p2a: Vilgax|21/100
|
|upkeep
|turn|8
|
|t:|1661664034
|switch|p1a: Urshifu|Urshifu-Rapid-Strike, M|100/100
|move|p2a: Vilgax|Ice Punch|p1a: Urshifu
|-resisted|p1a: Urshifu
|-damage|p1a: Urshifu|86/100
|
|upkeep
|turn|9
|
|t:|1661664039
|move|p2a: Vilgax|Ice Punch|p1a: Urshifu
|-resisted|p1a: Urshifu
|-damage|p1a: Urshifu|72/100
|move|p1a: Urshifu|U-turn|p2a: Vilgax
|-resisted|p2a: Vilgax
|-damage|p2a: Vilgax|12/100
|
|t:|1661664042
|switch|p1a: Aegislash|Aegislash, M|59/100|[from]move: U-turn
|
|upkeep
|turn|10
|
|t:|1661664046
|move|p2a: Vilgax|Ice Punch|p1a: Aegislash
|-resisted|p1a: Aegislash
|-damage|p1a: Aegislash|43/100
|-formechange|p1a: Aegislash|Aegislash-Blade||[from] ability: Stance Change
|move|p1a: Aegislash|Close Combat|p2a: Vilgax
|-resisted|p2a: Vilgax
|-damage|p2a: Vilgax|0 fnt
|-unboost|p1a: Aegislash|def|1
|-unboost|p1a: Aegislash|spd|1
|faint|p2a: Vilgax
|
|upkeep
|j| PSaddict123
|
|t:|1661664059
|switch|p2a: Leviathan|Dragapult, M, shiny|58/100
|turn|11
|
|t:|1661664074
|move|p2a: Leviathan|Shadow Ball|p1a: Aegislash
|-supereffective|p1a: Aegislash
|-damage|p1a: Aegislash|0 fnt
|faint|p1a: Aegislash
|
|upkeep
|
|t:|1661664077
|switch|p1a: Dragapult|Dragapult, F|100/100
|turn|12
|
|t:|1661664084
|switch|p2a: Fate|Melmetal, shiny|100/100
|move|p1a: Dragapult|U-turn|p2a: Fate
|-resisted|p2a: Fate
|-damage|p2a: Fate|96/100
|
|t:|1661664087
|switch|p1a: Garchomp|Garchomp, M|13/100|[from]move: U-turn
|
|-heal|p2a: Fate|100/100|[from] item: Leftovers
|upkeep
|turn|13
|
|t:|1661664094
|move|p1a: Garchomp|Stealth Rock|p2a: Fate
|-sidestart|p2: Barracades|move: Stealth Rock
|move|p2a: Fate|Earthquake|p1a: Garchomp
|-damage|p1a: Garchomp|0 fnt
|faint|p1a: Garchomp
|
|upkeep
|
|t:|1661664101
|switch|p1a: Bisharp|Bisharp, M|19/100
|turn|14
|
|t:|1661664104
|move|p1a: Bisharp|Knock Off|p2a: Fate
|-damage|p2a: Fate|67/100
|-enditem|p2a: Fate|Leftovers|[from] move: Knock Off|[of] p1a: Bisharp
|-damage|p1a: Bisharp|9/100|[from] item: Life Orb
|move|p2a: Fate|Double Iron Bash|p1a: Bisharp
|-resisted|p1a: Bisharp
|-damage|p1a: Bisharp|0 fnt
|faint|p1a: Bisharp
|-hitcount|p1: Bisharp|1
|
|upkeep
|
|t:|1661664106
|switch|p1a: Urshifu|Urshifu-Rapid-Strike, M|72/100
|turn|15
|
|t:|1661664134
|switch|p2a: Missingno|Obstagoon, M, shiny|100/100 brn
|-damage|p2a: Missingno|88/100 brn|[from] Stealth Rock
|move|p1a: Urshifu|Surging Strikes|p2a: Missingno
|-crit|p2a: Missingno
|-damage|p2a: Missingno|67/100 brn
|-crit|p2a: Missingno
|-damage|p2a: Missingno|47/100 brn
|-crit|p2a: Missingno
|-damage|p2a: Missingno|27/100 brn
|-hitcount|p2a: Missingno|3
|
|-damage|p2a: Missingno|21/100 brn|[from] brn
|upkeep
|turn|16
|
|t:|1661664136
|move|p1a: Urshifu|Surging Strikes|p2a: Missingno
|-crit|p2a: Missingno
|-damage|p2a: Missingno|0 fnt
|faint|p2a: Missingno
|-hitcount|p2: Missingno|1
|
|upkeep
|
|t:|1661664140
|switch|p2a: Leviathan|Dragapult, M, shiny|58/100
|-damage|p2a: Leviathan|46/100|[from] Stealth Rock
|turn|17
|
|t:|1661664145
|move|p2a: Leviathan|Shadow Ball|p1a: Urshifu
|-damage|p1a: Urshifu|0 fnt
|faint|p1a: Urshifu
|
|upkeep
|
|t:|1661664155
|switch|p1a: Rillaboom|Rillaboom, M|100/100
|-fieldstart|move: Grassy Terrain|[from] ability: Grassy Surge|[of] p1a: Rillaboom
|turn|18
|
|t:|1661664197
|move|p2a: Leviathan|Shadow Ball|p1a: Rillaboom
|-damage|p1a: Rillaboom|24/100
|move|p1a: Rillaboom|Knock Off|p2a: Leviathan
|-supereffective|p2a: Leviathan
|-damage|p2a: Leviathan|0 fnt
|-enditem|p2a: Leviathan|Choice Specs|[from] move: Knock Off|[of] p1a: Rillaboom
|faint|p2a: Leviathan
|-damage|p1a: Rillaboom|14/100|[from] item: Life Orb
|
|-heal|p1a: Rillaboom|20/100|[from] Grassy Terrain
|upkeep
|
|t:|1661664207
|switch|p2a: Magatama|Volcanion|100/100
|turn|19
|
|t:|1661664215
|move|p1a: Rillaboom|Grassy Glide|p2a: Magatama
|-damage|p2a: Magatama|46/100
|-damage|p1a: Rillaboom|10/100|[from] item: Life Orb
|move|p2a: Magatama|Defog|p1a: Rillaboom
|-unboost|p1a: Rillaboom|evasion|1
|-sideend|p2: Barracades|Stealth Rock|[from] move: Defog|[of] p2a: Magatama
|-fieldend|move: Grassy Terrain
|
|upkeep
|turn|20
|
|t:|1661664229
|move|p1a: Rillaboom|Superpower|p2a: Magatama
|-damage|p2a: Magatama|0 fnt
|-unboost|p1a: Rillaboom|atk|1
|-unboost|p1a: Rillaboom|def|1
|faint|p2a: Magatama
|-damage|p1a: Rillaboom|0 fnt|[from] item: Life Orb
|faint|p1a: Rillaboom
|
|upkeep
|
|t:|1661664237
|switch|p1a: Dragapult|Dragapult, F|100/100
|switch|p2a: Fate|Melmetal, shiny|67/100
|turn|21
|
|t:|1661664239
|move|p1a: Dragapult|Flamethrower|p2a: Fate
|-supereffective|p2a: Fate
|-damage|p2a: Fate|10/100
|move|p2a: Fate|Double Iron Bash|p1a: Dragapult
|-crit|p1a: Dragapult
|-damage|p1a: Dragapult|35/100
|-damage|p1a: Dragapult|0 fnt
|faint|p1a: Dragapult
|-hitcount|p1: Dragapult|2
|
|win|Barracades
|raw|LT94JE Minerva's rating: 1836 &rarr; <strong>1815</strong><br />(-21 for losing)
|raw|Barracades's rating: 1825 &rarr; <strong>1846</strong><br />(+21 for winning)
|j| gerald.jones061
