|j|☆minimax_ai
|j|☆iopkj09
|t:|1662904104
|gametype|singles
|player|p1|minimax_ai|lusamine-nihilego|1499
|player|p2|iopkj09|nate|1521
|teamsize|p1|6
|teamsize|p2|6
|gen|8
|tier|[Gen 8] OU
|rated|
|rule|Sleep Clause Mod: Limit one foe put to sleep
|rule|Species Clause: Limit one of each Pokémon
|rule|OHKO Clause: OHKO moves are banned
|rule|Evasion Items Clause: Evasion items are banned
|rule|Evasion Moves Clause: Evasion moves are banned
|rule|Endless Battle Clause: Forcing endless battles is banned
|rule|HP Percentage Mod: HP is shown in percentages
|rule|Dynamax Clause: You cannot dynamax
|clearpoke
|poke|p1|Rotom-Wash|
|poke|p1|Weavile, F|
|poke|p1|Landorus-Therian, M|
|poke|p1|Heatran, M|
|poke|p1|Tangrowth, M|
|poke|p1|Melmetal|
|poke|p2|Garchomp, M|
|poke|p2|Mamoswine, M|
|poke|p2|Zapdos|
|poke|p2|Rillaboom, M|
|poke|p2|Tapu Lele|
|poke|p2|Kartana|
|teampreview
|inactive|Battle timer is ON: inactive players will automatically lose when time's up. (requested by iopkj09)
|c|☆minimax_ai|hf
|inactive|minimax_ai also wants the timer to be on.
|
|t:|1662904115
|start
|switch|p1a: Melmetal|Melmetal|100/100
|switch|p2a: Kartana|Kartana, shiny|100/100
|turn|1
|
|t:|1662904117
|switch|p1a: Tangrowth|Tangrowth, M|100/100
|move|p2a: Kartana|Knock Off|p1a: Tangrowth
|-damage|p1a: Tangrowth|79/100
|-damage|p2a: Kartana|84/100|[from] item: Rocky Helmet|[of] p1a: Tangrowth
|-enditem|p1a: Tangrowth|Rocky Helmet|[from] move: Knock Off|[of] p2a: Kartana
|
|upkeep
|turn|2
|
|t:|1662904120
|switch|p2a: Tapu Lele|Tapu Lele|100/100
|-fieldstart|move: Psychic Terrain|[from] ability: Psychic Surge|[of] p2a: Tapu Lele
|switch|p1a: Melmetal|Melmetal|100/100
|
|upkeep
|turn|3
|
|t:|1662904122
|move|p2a: Tapu Lele|Psychic|p1a: Melmetal
|-resisted|p1a: Melmetal
|-damage|p1a: Melmetal|73/100
|move|p1a: Melmetal|Double Iron Bash|p2a: Tapu Lele
|-supereffective|p2a: Tapu Lele
|-damage|p2a: Tapu Lele|0 fnt
|faint|p2a: Tapu Lele
|-hitcount|p2: Tapu Lele|1
|
|upkeep
|
|t:|1662904125
|switch|p2a: Mamoswine|Mamoswine, M|100/100
|turn|4
|
|t:|1662904133
|switch|p1a: rotomwash|Rotom-Wash|100/100
|move|p2a: Mamoswine|Earthquake|p1a: rotomwash
|-immune|p1a: rotomwash|[from] ability: Levitate
|
|upkeep
|turn|5
|
|t:|1662904135
|move|p1a: rotomwash|Hydro Pump|p2a: Mamoswine
|-supereffective|p2a: Mamoswine
|-enditem|p2a: Mamoswine|Focus Sash
|-damage|p2a: Mamoswine|1/100
|move|p2a: Mamoswine|Icicle Crash|p1a: rotomwash
|-resisted|p1a: rotomwash
|-damage|p1a: rotomwash|75/100
|
|-heal|p1a: rotomwash|82/100|[from] item: Leftovers
|upkeep
|turn|6
|
|t:|1662904138
|switch|p2a: Kartana|Kartana, shiny|84/100
|move|p1a: rotomwash|Hydro Pump|p2a: Kartana
|-resisted|p2a: Kartana
|-damage|p2a: Kartana|18/100
|
|-heal|p1a: rotomwash|88/100|[from] item: Leftovers
|-fieldend|move: Psychic Terrain
|upkeep
|turn|7
|
|t:|1662904140
|switch|p1a: Tangrowth|Tangrowth, M|100/100
|move|p2a: Kartana|Leaf Blade|p1a: Tangrowth
|-resisted|p1a: Tangrowth
|-damage|p1a: Tangrowth|86/100
|
|upkeep
|turn|8
|
|t:|1662904144
|switch|p2a: Zapdos|Zapdos, shiny|100/100
|move|p1a: Tangrowth|Giga Drain|p2a: Zapdos
|-resisted|p2a: Zapdos
|-damage|p2a: Zapdos|85/100
|-heal|p1a: Tangrowth|92/100|[from] drain|[of] p2a: Zapdos
|
|upkeep
|turn|9
|
|t:|1662904148
|switch|p1a: landorustherian|Landorus-Therian, M|100/100
|-ability|p1a: landorustherian|Intimidate|boost
|-unboost|p2a: Zapdos|atk|1
|move|p2a: Zapdos|Hurricane|p1a: landorustherian
|-damage|p1a: landorustherian|59/100
|-start|p1a: landorustherian|confusion
|
|-heal|p1a: landorustherian|65/100|[from] item: Leftovers
|upkeep
|turn|10
|
|t:|1662904150
|move|p2a: Zapdos|Hurricane|p1a: landorustherian
|-damage|p1a: landorustherian|20/100
|-activate|p1a: landorustherian|confusion
|move|p1a: landorustherian|U-turn|p2a: Zapdos
|-resisted|p2a: Zapdos
|-damage|p2a: Zapdos|72/100
|-status|p1a: landorustherian|par|[from] ability: Static|[of] p2a: Zapdos
|
|t:|1662904150
|switch|p1a: Weavile|Weavile, F|100/100|[from]move: U-turn
|-ability|p1a: Weavile|Pressure
|
|upkeep
|turn|11
|
|t:|1662904154
|switch|p2a: Mamoswine|Mamoswine, M|1/100
|move|p1a: Weavile|Ice Shard|p2a: Mamoswine
|-damage|p2a: Mamoswine|0 fnt
|faint|p2a: Mamoswine
|
|upkeep
|
|t:|1662904156
|switch|p2a: Kartana|Kartana, shiny|18/100
|turn|12
|
|t:|1662904160
|move|p1a: Weavile|Ice Shard|p2a: Kartana
|-damage|p2a: Kartana|0 fnt
|faint|p2a: Kartana
|
|upkeep
|
|t:|1662904165
|switch|p2a: Rillaboom|Rillaboom, M|100/100
|-fieldstart|move: Grassy Terrain|[from] ability: Grassy Surge|[of] p2a: Rillaboom
|turn|13
|
|t:|1662904166
|switch|p1a: Tangrowth|Tangrowth, M|100/100
|move|p2a: Rillaboom|Superpower|p1a: Tangrowth
|-damage|p1a: Tangrowth|70/100
|-unboost|p2a: Rillaboom|atk|1
|-unboost|p2a: Rillaboom|def|1
|-damage|p2a: Rillaboom|91/100|[from] item: Life Orb
|
|-heal|p2a: Rillaboom|97/100|[from] Grassy Terrain
|-heal|p1a: Tangrowth|76/100|[from] Grassy Terrain
|upkeep
|turn|14
|
|t:|1662904169
|switch|p2a: Zapdos|Zapdos, shiny|72/100
|move|p1a: Tangrowth|Sleep Powder|p2a: Zapdos|[miss]
|-miss|p1a: Tangrowth|p2a: Zapdos
|
|-heal|p1a: Tangrowth|82/100|[from] Grassy Terrain
|upkeep
|turn|15
|
|t:|1662904170
|switch|p1a: Melmetal|Melmetal|73/100
|move|p2a: Zapdos|Hurricane|p1a: Melmetal
|-resisted|p1a: Melmetal
|-damage|p1a: Melmetal|59/100
|-start|p1a: Melmetal|confusion
|
|-heal|p1a: Melmetal|65/100|[from] Grassy Terrain
|upkeep
|turn|16
|
|t:|1662904172
|move|p2a: Zapdos|Heat Wave|p1a: Melmetal
|-supereffective|p1a: Melmetal
|-damage|p1a: Melmetal|32/100
|-activate|p1a: Melmetal|confusion
|move|p1a: Melmetal|Ice Punch|p2a: Zapdos
|-supereffective|p2a: Zapdos
|-damage|p2a: Zapdos|0 fnt
|faint|p2a: Zapdos
|
|-heal|p1a: Melmetal|38/100|[from] Grassy Terrain
|upkeep
|
|t:|1662904175
|switch|p2a: Rillaboom|Rillaboom, M|97/100
|turn|17
|
|t:|1662904176
|switch|p1a: Tangrowth|Tangrowth, M|100/100
|move|p2a: Rillaboom|Swords Dance|p2a: Rillaboom
|-boost|p2a: Rillaboom|atk|2
|
|-heal|p2a: Rillaboom|100/100|[from] Grassy Terrain
|-fieldend|move: Grassy Terrain
|upkeep
|turn|18
|
|t:|1662904178
|move|p2a: Rillaboom|Superpower|p1a: Tangrowth
|-damage|p1a: Tangrowth|39/100
|-unboost|p2a: Rillaboom|atk|1
|-unboost|p2a: Rillaboom|def|1
|-damage|p2a: Rillaboom|91/100|[from] item: Life Orb
|move|p1a: Tangrowth|Knock Off|p2a: Rillaboom
|-damage|p2a: Rillaboom|57/100
|-enditem|p2a: Rillaboom|Life Orb|[from] move: Knock Off|[of] p1a: Tangrowth
|
|upkeep
|turn|19
|
|t:|1662904181
|switch|p1a: landorustherian|Landorus-Therian, M|20/100 par
|-ability|p1a: landorustherian|Intimidate|boost
|-unboost|p2a: Rillaboom|atk|1
|move|p2a: Rillaboom|Superpower|p1a: landorustherian
|-resisted|p1a: landorustherian
|-damage|p1a: landorustherian|0 fnt
|-unboost|p2a: Rillaboom|atk|1
|-unboost|p2a: Rillaboom|def|1
|faint|p1a: landorustherian
|
|upkeep
|
|t:|1662904181
|switch|p1a: Weavile|Weavile, F|100/100
|-ability|p1a: Weavile|Pressure
|turn|20
|
|t:|1662904185
|move|p1a: Weavile|Ice Shard|p2a: Rillaboom
|-supereffective|p2a: Rillaboom
|-damage|p2a: Rillaboom|0 fnt
|faint|p2a: Rillaboom
|
|upkeep
|
|t:|1662904186
|switch|p2a: Garchomp|Garchomp, M, shiny|100/100
|turn|21
|
|t:|1662904188
|move|p1a: Weavile|Ice Shard|p2a: Garchomp
|-supereffective|p2a: Garchomp
|-damage|p2a: Garchomp|0 fnt
|faint|p2a: Garchomp
|
|win|minimax_ai
|raw|minimax_ai's rating: 1499 &rarr; <strong>1520</strong><br />(+21 for winning)
|raw|iopkj09's rating: 1521 &rarr; <strong>1500</strong><br />(-21 for losing)
|c|☆minimax_ai|gg
