|j|‽Sword Jammed
|j|☆user1_ou
|player|p1|Sword Jammed|265|1726
|player|p2|user1_ou|eusine|1702
|teamsize|p1|6
|teamsize|p2|6
|gametype|singles
|gen|8
|tier|[Gen 8] OU
|rated|
|clearpoke
|poke|p1|Excadrill, M|
|poke|p1|Ninetales-Alola, M|
|poke|p1|Volcarona, F|
|poke|p1|Alakazam, M|
|poke|p1|Bisharp, M|
|poke|p1|Dragapult, M|
|poke|p2|Slowbro, M|
|poke|p2|Marowak-Alola, F|
|poke|p2|Mandibuzz, F|
|poke|p2|Amoonguss, M|
|poke|p2|Magearna|
|poke|p2|Zeraora|
|rule|Sleep Clause Mod: Limit one foe put to sleep
|rule|Species Clause: Limit one of each Pokémon
|rule|OHKO Clause: OHKO moves are banned
|rule|Evasion Moves Clause: Evasion moves are banned
|rule|Endless Battle Clause: Forcing endless battles is banned
|rule|HP Percentage Mod: HP is shown in percentages
|rule|Dynamax Clause: You cannot dynamax
|teampreview
|inactive|Battle timer is ON: inactive players will automatically lose when time's up. (requested by user1_ou)
|j| ITHB
|inactive|Sword Jammed has 120 seconds left.
|j| mekane
|j| hhhh11
|j| spontaneity d
|j| Blop_Le_Slime
|inactive|Sword Jammed has 90 seconds left.
|j| Culamen
|
|start
|switch|p1a: Excadrill|Excadrill, M|100/100
|switch|p2a: Slowbro|Slowbro, M|100/100
|-ability|p1a: Excadrill|Mold Breaker
|turn|1
|
|switch|p1a: Ninetales|Ninetales-Alola, M|100/100
|-weather|Hail|[from] ability: Snow Warning|[of] p1a: Ninetales
|move|p2a: Slowbro|Scald|p1a: Ninetales
|-damage|p1a: Ninetales|71/100
|-status|p1a: Ninetales|brn
|
|-weather|Hail|[upkeep]
|-damage|p2a: Slowbro|94/100|[from] Hail
|-damage|p1a: Ninetales|65/100 brn|[from] brn
|upkeep
|turn|2
|
|switch|p2a: Marowak|Marowak-Alola, F|100/100
|move|p1a: Ninetales|Aurora Veil|p1a: Ninetales
|-sidestart|p1: Sword Jammed|move: Aurora Veil
|
|-weather|Hail|[upkeep]
|-damage|p2a: Marowak|94/100|[from] Hail
|-damage|p1a: Ninetales|59/100 brn|[from] brn
|upkeep
|turn|3
|
|move|p1a: Ninetales|Hypnosis|p2a: Marowak|[miss]
|-miss|p1a: Ninetales|p2a: Marowak
|move|p2a: Marowak|Fire Punch|p1a: Ninetales
|-supereffective|p1a: Ninetales
|-damage|p1a: Ninetales|0 fnt
|faint|p1a: Ninetales
|
|-weather|Hail|[upkeep]
|-damage|p2a: Marowak|88/100|[from] Hail
|upkeep
|
|switch|p1a: Bisharp|Bisharp, M|100/100
|turn|4
|
|switch|p2a: Magearna|Magearna|100/100
|move|p1a: Bisharp|Knock Off|p2a: Magearna
|-resisted|p2a: Magearna
|-damage|p2a: Magearna|74/100
|-enditem|p2a: Magearna|Leftovers|[from] move: Knock Off|[of] p1a: Bisharp
|
|-weather|Hail|[upkeep]
|-damage|p1a: Bisharp|95/100|[from] Hail
|-damage|p2a: Magearna|68/100|[from] Hail
|upkeep
|turn|5
|l| Culamen
|
|switch|p1a: Excadrill|Excadrill, M|100/100
|-ability|p1a: Excadrill|Mold Breaker
|move|p2a: Magearna|Fleur Cannon|p1a: Excadrill
|-resisted|p1a: Excadrill
|-damage|p1a: Excadrill|76/100
|-unboost|p2a: Magearna|spa|2
|
|-weather|none
|upkeep
|turn|6
|
|switch|p2a: Slowbro|Slowbro, M|100/100
|move|p1a: Excadrill|Stealth Rock|p2a: Slowbro
|-sidestart|p2: user1_ou|move: Stealth Rock
|
|upkeep
|turn|7
|j| Culamen
|l| Culamen
|inactive|Sword Jammed has 120 seconds left.
|inactive|Sword Jammed has 90 seconds left.
|
|move|p1a: Excadrill|Toxic|p2a: Slowbro
|-status|p2a: Slowbro|tox
|move|p2a: Slowbro|Scald|p1a: Excadrill
|-supereffective|p1a: Excadrill
|-damage|p1a: Excadrill|42/100
|
|-damage|p2a: Slowbro|94/100 tox|[from] psn
|upkeep
|turn|8
|inactive|Sword Jammed has 90 seconds left.
|
|move|p1a: Excadrill|Earthquake|p2a: Slowbro
|-damage|p2a: Slowbro|64/100 tox
|move|p2a: Slowbro|Scald|p1a: Excadrill
|-supereffective|p1a: Excadrill
|-damage|p1a: Excadrill|6/100
|
|-damage|p2a: Slowbro|52/100 tox|[from] psn
|upkeep
|turn|9
|
|move|p1a: Excadrill|Earthquake|p2a: Slowbro
|-crit|p2a: Slowbro
|-damage|p2a: Slowbro|7/100 tox
|move|p2a: Slowbro|Scald|p1a: Excadrill
|-supereffective|p1a: Excadrill
|-damage|p1a: Excadrill|0 fnt
|faint|p1a: Excadrill
|
|-damage|p2a: Slowbro|0 fnt|[from] psn
|faint|p2a: Slowbro
|-sideend|p1: Sword Jammed|move: Aurora Veil
|upkeep
|inactive|Sword Jammed has 90 seconds left.
|
|switch|p1a: Volcarona|Volcarona, F|100/100
|switch|p2a: Zeraora|Zeraora|100/100
|-damage|p2a: Zeraora|88/100|[from] Stealth Rock
|turn|10
|inactive|Sword Jammed has 60 seconds left.
|inactive|user1_ou has 120 seconds left.
|
|switch|p1a: Bisharp|Bisharp, M|95/100
|move|p2a: Zeraora|Plasma Fists|p1a: Bisharp
|-damage|p1a: Bisharp|36/100
|-fieldactivate|move: Ion Deluge
|
|-heal|p2a: Zeraora|94/100|[from] item: Leftovers
|upkeep
|turn|11
|
|move|p2a: Zeraora|Bulk Up|p2a: Zeraora
|-boost|p2a: Zeraora|atk|1
|-boost|p2a: Zeraora|def|1
|move|p1a: Bisharp|Knock Off|p2a: Zeraora
|-damage|p2a: Zeraora|33/100
|-enditem|p2a: Zeraora|Leftovers|[from] move: Knock Off|[of] p1a: Bisharp
|
|upkeep
|turn|12
|inactive|user1_ou has 120 seconds left.
|
|move|p1a: Bisharp|Sucker Punch|p2a: Zeraora
|-damage|p2a: Zeraora|0 fnt
|faint|p2a: Zeraora
|
|upkeep
|inactive|user1_ou has 120 seconds left.
|
|switch|p2a: Magearna|Magearna|68/100
|-damage|p2a: Magearna|62/100|[from] Stealth Rock
|turn|13
|
|move|p1a: Bisharp|Sucker Punch|p2a: Magearna
|-resisted|p2a: Magearna
|-damage|p2a: Magearna|43/100
|move|p2a: Magearna|Thunderbolt|p1a: Bisharp
|-damage|p1a: Bisharp|0 fnt
|faint|p1a: Bisharp
|-ability|p2a: Magearna|Soul-Heart|boost
|-boost|p2a: Magearna|spa|1
|
|upkeep
|inactive|Sword Jammed has 30 seconds left.
|
|switch|p1a: Volcarona|Volcarona, F|100/100
|turn|14
|
|switch|p2a: Mandibuzz|Mandibuzz, F|100/100
|move|p1a: Volcarona|Flamethrower|p2a: Mandibuzz
|-damage|p2a: Mandibuzz|71/100
|
|upkeep
|turn|15
|
|switch|p1a: Alakazam|Alakazam, M|100/100
|move|p2a: Mandibuzz|Defog|p1a: Alakazam
|-unboost|p1a: Alakazam|evasion|1
|-sideend|p2: user1_ou|Stealth Rock|[from] move: Defog|[of] p2a: Mandibuzz
|
|upkeep
|turn|16
|j| Majerna
|inactive|Sword Jammed has 30 seconds left.
|
|move|p1a: Alakazam|Nasty Plot|p1a: Alakazam
|-boost|p1a: Alakazam|spa|2
|move|p2a: Mandibuzz|Knock Off|p1a: Alakazam
|-supereffective|p1a: Alakazam
|-enditem|p1a: Alakazam|Focus Sash
|-damage|p1a: Alakazam|1/100
|
|upkeep
|turn|17
|
|move|p1a: Alakazam|Focus Blast|p2a: Mandibuzz|[miss]
|-miss|p1a: Alakazam|p2a: Mandibuzz
|move|p2a: Mandibuzz|Knock Off|p1a: Alakazam
|-supereffective|p1a: Alakazam
|-damage|p1a: Alakazam|0 fnt
|faint|p1a: Alakazam
|
|upkeep
|inactive|Sword Jammed has 30 seconds left.
|
|switch|p1a: Volcarona|Volcarona, F|100/100
|turn|18
|inactive|Sword Jammed has 30 seconds left.
|
|move|p1a: Volcarona|Bug Buzz|p2a: Mandibuzz
|-damage|p2a: Mandibuzz|39/100
|move|p2a: Mandibuzz|Whirlwind|p1a: Volcarona
|drag|p1a: Dragapult|Dragapult, M|100/100
|
|upkeep
|turn|19
|
|move|p1a: Dragapult|Dragon Darts|p2a: Mandibuzz
|-damage|p2a: Mandibuzz|14/100
|-anim|p1a: Dragapult|Dragon Darts|p2a: Mandibuzz
|-damage|p2a: Mandibuzz|0 fnt
|-damage|p1a: Dragapult|91/100|[from] item: Life Orb
|faint|p2a: Mandibuzz
|
|upkeep
|
|switch|p2a: Amoonguss|Amoonguss, M|100/100
|turn|20
|
|switch|p1a: Volcarona|Volcarona, F|100/100
|move|p2a: Amoonguss|Toxic|p1a: Volcarona
|-status|p1a: Volcarona|tox
|
|-damage|p1a: Volcarona|94/100 tox|[from] psn
|upkeep
|turn|21
|
|switch|p2a: Marowak|Marowak-Alola, F|88/100
|move|p1a: Volcarona|Psychic|p2a: Marowak
|-damage|p2a: Marowak|46/100
|
|-damage|p1a: Volcarona|82/100 tox|[from] psn
|upkeep
|turn|22
|
|move|p1a: Volcarona|Psychic|p2a: Marowak
|-damage|p2a: Marowak|5/100
|move|p2a: Marowak|Shadow Bone|p1a: Volcarona
|-damage|p1a: Volcarona|0 fnt
|faint|p1a: Volcarona
|
|upkeep
|
|switch|p1a: Dragapult|Dragapult, M|91/100
|turn|23
|inactive|Sword Jammed has 60 seconds left.
|
|move|p1a: Dragapult|Dragon Darts|p2a: Marowak
|-damage|p2a: Marowak|0 fnt
|-damage|p1a: Dragapult|81/100|[from] item: Life Orb
|faint|p2a: Marowak
|
|upkeep
|
|switch|p2a: Amoonguss|Amoonguss, M|100/100
|turn|24
|
|move|p1a: Dragapult|Dragon Dance|p1a: Dragapult
|-boost|p1a: Dragapult|atk|1
|-boost|p1a: Dragapult|spe|1
|move|p2a: Amoonguss|Foul Play|p1a: Dragapult
|-supereffective|p1a: Dragapult
|-damage|p1a: Dragapult|0 fnt
|faint|p1a: Dragapult
|
|win|user1_ou
|raw|Sword Jammed's rating: 1727 &rarr; <strong>1705</strong><br />(-22 for losing)
|raw|user1_ou's rating: 1702 &rarr; <strong>1723</strong><br />(+21 for winning)
|l| mekane
|l|‽Sword Jammed
|l| Blop_Le_Slime
|l|☆user1_ou
