|html|<div class="broadcast-blue"><strong>[Gen 8] OU is currently suspecting Melmetal! For information on how to participate check out the <a href="https://www.smogon.com/forums/threads/np-ss-ou-suspect-process-round-12-monster-mash.3709234/">suspect thread</a>.</strong></div>
|j|☆Delibird Heart
|j|☆qxfn143
|inactive|Battle timer is ON: inactive players will automatically lose when time's up.
|t:|1666787249
|gametype|singles
|player|p1|Delibird Heart|guitarist-gen4|
|player|p2|qxfn143|volo|
|teamsize|p1|6
|teamsize|p2|6
|gen|8
|tier|[Gen 8] OU
|rated|Tournament battle
|rule|Sleep Clause Mod: Limit one foe put to sleep
|rule|Species Clause: Limit one of each Pokémon
|rule|OHKO Clause: OHKO moves are banned
|rule|Evasion Items Clause: Evasion items are banned
|rule|Evasion Moves Clause: Evasion moves are banned
|rule|Endless Battle Clause: Forcing endless battles is banned
|rule|HP Percentage Mod: HP is shown in percentages
|rule|Dynamax Clause: You cannot dynamax
|clearpoke
|poke|p1|Regirock|
|poke|p1|Regice|
|poke|p1|Registeel|
|poke|p1|Regieleki|
|poke|p1|Regidrago|
|poke|p1|Regigigas|
|poke|p2|Slowking-Galar, M|
|poke|p2|Urshifu-*, F|
|poke|p2|Garchomp, M|
|poke|p2|Weavile, M|
|poke|p2|Corviknight, F|
|poke|p2|Rillaboom, M|
|teampreview
|inactive|Delibird Heart also wants the timer to be on.
|inactive|qxfn143 also wants the timer to be on.
|j| PkmnMasterEclipse
|j| cypherstest
|j| outdsmoolicthe3rd
|j| Evil Kpike
|c| outdsmoolicthe3rd|da heat
|j| Lemon Ginger
|c| PkmnMasterEclipse|ah
|
|t:|1666787267
|start
|switch|p1a: Registeel|Registeel|100/100
|switch|p2a: Urshifu|Urshifu-Rapid-Strike, F|100/100
|turn|1
|c| PkmnMasterEclipse|he solar heat
|c| PkmnMasterEclipse|*the
|
|t:|1666787274
|move|p2a: Urshifu|U-turn|p1a: Registeel
|-resisted|p1a: Registeel
|-damage|p1a: Registeel|91/100
|
|t:|1666787276
|switch|p2a: Corviknight|Corviknight, F|100/100|[from]move: U-turn
|-ability|p2a: Corviknight|Pressure
|move|p1a: Registeel|Counter|p2a: Corviknight
|-damage|p2a: Corviknight|84/100
|-damage|p1a: Registeel|75/100|[from] item: Rocky Helmet|[of] p2a: Corviknight
|
|-heal|p1a: Registeel|81/100|[from] item: Leftovers
|upkeep
|turn|2
|
|t:|1666787281
|move|p2a: Corviknight|U-turn|p1a: Registeel
|-resisted|p1a: Registeel
|-damage|p1a: Registeel|77/100
|
|t:|1666787283
|switch|p2a: Rillaboom|Rillaboom, M|100/100|[from]move: U-turn
|-fieldstart|move: Grassy Terrain|[from] ability: Grassy Surge|[of] p2a: Rillaboom
|move|p1a: Registeel|Stealth Rock|p2a: Rillaboom
|-sidestart|p2: qxfn143|move: Stealth Rock
|
|-heal|p1a: Registeel|83/100|[from] Grassy Terrain
|-heal|p1a: Registeel|90/100|[from] item: Leftovers
|upkeep
|turn|3
|
|t:|1666787293
|move|p2a: Rillaboom|Swords Dance|p2a: Rillaboom
|-boost|p2a: Rillaboom|atk|2
|move|p1a: Registeel|Heavy Slam|p2a: Rillaboom
|-damage|p2a: Rillaboom|85/100
|
|-heal|p2a: Rillaboom|91/100|[from] Grassy Terrain
|-heal|p2a: Rillaboom|97/100|[from] item: Leftovers
|-heal|p1a: Registeel|96/100|[from] Grassy Terrain
|-heal|p1a: Registeel|100/100|[from] item: Leftovers
|upkeep
|turn|4
|c| outdsmoolicthe3rd|most heat team  i ever saw
|
|t:|1666787298
|move|p2a: Rillaboom|Swords Dance|p2a: Rillaboom
|-boost|p2a: Rillaboom|atk|2
|move|p1a: Registeel|Counter||[still]
|-fail|p1a: Registeel
|
|-heal|p2a: Rillaboom|100/100|[from] Grassy Terrain
|upkeep
|turn|5
|
|t:|1666787302
|move|p2a: Rillaboom|Drain Punch|p1a: Registeel
|-supereffective|p1a: Registeel
|-damage|p1a: Registeel|21/100
|move|p1a: Registeel|Counter|p2a: Rillaboom
|-damage|p2a: Rillaboom|0 fnt
|faint|p2a: Rillaboom
|
|-heal|p1a: Registeel|27/100|[from] Grassy Terrain
|-heal|p1a: Registeel|33/100|[from] item: Leftovers
|upkeep
|j| Steez Ibanez
|
|t:|1666787306
|switch|p2a: Urshifu|Urshifu-Rapid-Strike, F|100/100
|-damage|p2a: Urshifu|94/100|[from] Stealth Rock
|turn|6
|
|t:|1666787310
|move|p2a: Urshifu|Close Combat|p1a: Registeel
|-supereffective|p1a: Registeel
|-damage|p1a: Registeel|0 fnt
|-unboost|p2a: Urshifu|def|1
|-unboost|p2a: Urshifu|spd|1
|faint|p1a: Registeel
|
|-heal|p2a: Urshifu|100/100|[from] Grassy Terrain
|-fieldend|move: Grassy Terrain
|upkeep
|
|t:|1666787323
|switch|p1a: Regirock|Regirock|100/100
|turn|7
|
|t:|1666787326
|switch|p2a: Corviknight|Corviknight, F|84/100
|-damage|p2a: Corviknight|72/100|[from] Stealth Rock
|-ability|p2a: Corviknight|Pressure
|move|p1a: Regirock|Earthquake|p2a: Corviknight
|-immune|p2a: Corviknight
|
|upkeep
|turn|8
|
|t:|1666787335
|move|p1a: Regirock|Rock Polish|p1a: Regirock
|-boost|p1a: Regirock|spe|2
|move|p2a: Corviknight|U-turn|p1a: Regirock
|-damage|p1a: Regirock|92/100
|
|t:|1666787341
|switch|p2a: Urshifu|Urshifu-Rapid-Strike, F|100/100|[from]move: U-turn
|-damage|p2a: Urshifu|94/100|[from] Stealth Rock
|
|upkeep
|turn|9
|
|t:|1666787346
|move|p1a: Regirock|Earthquake|p2a: Urshifu
|-damage|p2a: Urshifu|64/100
|move|p2a: Urshifu|Surging Strikes|p1a: Regirock
|-supereffective|p1a: Regirock
|-crit|p1a: Regirock
|-damage|p1a: Regirock|58/100
|-enditem|p1a: Regirock|Weakness Policy
|-boost|p1a: Regirock|atk|2|[from] item: Weakness Policy
|-boost|p1a: Regirock|spa|2|[from] item: Weakness Policy
|-supereffective|p1a: Regirock
|-crit|p1a: Regirock
|-damage|p1a: Regirock|23/100
|-supereffective|p1a: Regirock
|-crit|p1a: Regirock
|-damage|p1a: Regirock|0 fnt
|faint|p1a: Regirock
|-hitcount|p1: Regirock|3
|
|upkeep
|
|t:|1666787350
|switch|p1a: Regieleki|Regieleki|100/100
|turn|10
|
|t:|1666787356
|switch|p1a: Regice|Regice|100/100
|switch|p2a: Garchomp|Garchomp, M|100/100
|-damage|p2a: Garchomp|94/100|[from] Stealth Rock
|
|-heal|p2a: Garchomp|100/100|[from] item: Leftovers
|upkeep
|turn|11
|
|t:|1666787363
|switch|p2a: Urshifu|Urshifu-Rapid-Strike, F|64/100
|-damage|p2a: Urshifu|58/100|[from] Stealth Rock
|move|p1a: Regice|Rock Polish|p1a: Regice
|-boost|p1a: Regice|spe|2
|
|upkeep
|turn|12
|
|t:|1666787366
|move|p1a: Regice|Thunderbolt|p2a: Urshifu
|-supereffective|p2a: Urshifu
|-damage|p2a: Urshifu|0 fnt
|faint|p2a: Urshifu
|
|upkeep
|
|t:|1666787369
|switch|p2a: Garchomp|Garchomp, M|100/100
|-damage|p2a: Garchomp|94/100|[from] Stealth Rock
|turn|13
|
|t:|1666787372
|switch|p2a: Slowking|Slowking-Galar, M|100/100
|-damage|p2a: Slowking|88/100|[from] Stealth Rock
|move|p1a: Regice|Ice Beam|p2a: Slowking
|-damage|p2a: Slowking|70/100
|
|upkeep
|turn|14
|c| outdsmoolicthe3rd|its the super cold
|j| npapi
|
|t:|1666787400
|switch|p1a: Regidrago|Regidrago|100/100
|move|p2a: Slowking|Flamethrower|p1a: Regidrago
|-resisted|p1a: Regidrago
|-damage|p1a: Regidrago|88/100
|
|upkeep
|turn|15
|
|t:|1666787404
|move|p1a: Regidrago|Dragon Dance|p1a: Regidrago
|-boost|p1a: Regidrago|atk|1
|-boost|p1a: Regidrago|spe|1
|move|p2a: Slowking|Future Sight|p1a: Regidrago
|-start|p2a: Slowking|move: Future Sight
|
|upkeep
|turn|16
|j| WhiteFlares
|
|t:|1666787407
|switch|p2a: Weavile|Weavile, M|100/100
|-ability|p2a: Weavile|Pressure
|move|p1a: Regidrago|Dragon Dance|p1a: Regidrago
|-boost|p1a: Regidrago|atk|1
|-boost|p1a: Regidrago|spe|1
|
|upkeep
|turn|17
|
|t:|1666787411
|move|p2a: Weavile|Ice Shard|p1a: Regidrago
|-supereffective|p1a: Regidrago
|-damage|p1a: Regidrago|45/100
|move|p1a: Regidrago|Fire Fang|p2a: Weavile
|-supereffective|p2a: Weavile
|-damage|p2a: Weavile|0 fnt
|faint|p2a: Weavile
|-damage|p1a: Regidrago|35/100|[from] item: Life Orb
|
|-end|p1a: Regidrago|move: Future Sight
|-damage|p1a: Regidrago|0 fnt
|faint|p1a: Regidrago
|upkeep
|c| outdsmoolicthe3rd|regidraco bouta clean this game up
|c| npapi|lmao
|c| outdsmoolicthe3rd|or not
|
|t:|1666787430
|switch|p2a: Garchomp|Garchomp, M|94/100
|switch|p1a: Regigigas|Regigigas|100/100
|-start|p1a: Regigigas|ability: Slow Start
|-damage|p2a: Garchomp|88/100|[from] Stealth Rock
|turn|18
|c| outdsmoolicthe3rd|it came close
|
|t:|1666787435
|move|p2a: Garchomp|Toxic|p1a: Regigigas
|-status|p1a: Regigigas|tox
|move|p1a: Regigigas|Body Slam|p2a: Garchomp
|-damage|p2a: Garchomp|66/100
|-damage|p1a: Regigigas|88/100 tox|[from] ability: Rough Skin|[of] p2a: Garchomp
|
|-heal|p2a: Garchomp|72/100|[from] item: Leftovers
|-heal|p1a: Regigigas|94/100 tox|[from] item: Leftovers
|-damage|p1a: Regigigas|88/100 tox|[from] psn
|upkeep
|turn|19
|
|t:|1666787440
|move|p2a: Garchomp|Earthquake|p1a: Regigigas
|-damage|p1a: Regigigas|57/100 tox
|move|p1a: Regigigas|Body Slam|p2a: Garchomp
|-damage|p2a: Garchomp|51/100
|-damage|p1a: Regigigas|44/100 tox|[from] ability: Rough Skin|[of] p2a: Garchomp
|
|-heal|p2a: Garchomp|57/100|[from] item: Leftovers
|-heal|p1a: Regigigas|50/100 tox|[from] item: Leftovers
|-damage|p1a: Regigigas|38/100 tox|[from] psn
|upkeep
|turn|20
|
|t:|1666787445
|move|p2a: Garchomp|Earthquake|p1a: Regigigas
|-damage|p1a: Regigigas|3/100 tox
|move|p1a: Regigigas|Body Slam|p2a: Garchomp
|-damage|p2a: Garchomp|33/100
|-damage|p1a: Regigigas|0 fnt|[from] ability: Rough Skin|[of] p2a: Garchomp
|faint|p1a: Regigigas
|-end|p1a: Regigigas|Slow Start|[silent]
|
|-heal|p2a: Garchomp|40/100|[from] item: Leftovers
|upkeep
|
|t:|1666787448
|switch|p1a: Regice|Regice|100/100
|turn|21
|
|t:|1666787466
|switch|p2a: Slowking|Slowking-Galar, M|100/100
|-damage|p2a: Slowking|88/100|[from] Stealth Rock
|move|p1a: Regice|Ice Beam|p2a: Slowking
|-damage|p2a: Slowking|70/100
|-status|p2a: Slowking|frz
|
|upkeep
|turn|22
|
|t:|1666787473
|move|p1a: Regice|Rock Polish|p1a: Regice
|-boost|p1a: Regice|spe|2
|cant|p2a: Slowking|frz
|
|upkeep
|turn|23
|
|t:|1666787474
|move|p1a: Regice|Ice Beam|p2a: Slowking
|-damage|p2a: Slowking|52/100 frz
|cant|p2a: Slowking|frz
|
|upkeep
|turn|24
|
|t:|1666787476
|move|p1a: Regice|Ice Beam|p2a: Slowking
|-damage|p2a: Slowking|33/100 frz
|cant|p2a: Slowking|frz
|
|upkeep
|turn|25
|c| outdsmoolicthe3rd|the super heat
|
|t:|1666787478
|move|p1a: Regice|Ice Beam|p2a: Slowking
|-damage|p2a: Slowking|16/100 frz
|cant|p2a: Slowking|frz
|
|upkeep
|turn|26
|
|t:|1666787480
|move|p1a: Regice|Ice Beam|p2a: Slowking
|-damage|p2a: Slowking|0 fnt
|faint|p2a: Slowking
|
|upkeep
|c| outdsmoolicthe3rd|it will win
|
|t:|1666787483
|switch|p2a: Corviknight|Corviknight, F|72/100
|-damage|p2a: Corviknight|59/100|[from] Stealth Rock
|-ability|p2a: Corviknight|Pressure
|turn|27
|
|t:|1666787485
|move|p1a: Regice|Thunderbolt|p2a: Corviknight
|-supereffective|p2a: Corviknight
|-damage|p2a: Corviknight|9/100
|move|p2a: Corviknight|Brave Bird|p1a: Regice
|-crit|p1a: Regice
|-damage|p1a: Regice|37/100
|-damage|p2a: Corviknight|0 fnt|[from] Recoil
|faint|p2a: Corviknight
|
|upkeep
|l| Steez Ibanez
|c|☆qxfn143|Gg
|c|☆Delibird Heart|gg
|-message|qxfn143 forfeited.
|
|win|Delibird Heart
|n|☆Delibird Heart|delibirdheart
|n|☆qxfn143|qxfn143
|n| PkmnMasterEclipse|pkmnmastereclipse
|n| cypherstest|cypherstest
|n| outdsmoolicthe3rd|outdsmoolicthe3rd
|n| Evil Kpike|evilkpike
|n| Lemon Ginger|lemonginger
|n| npapi|npapi
|n| WhiteFlares|whiteflares
