|j|☆JoeyOwesMeMoney
|j|☆Tryingvvhard
|player|p1|JoeyOwesMeMoney|170|1800
|player|p2|Tryingvvhard|102|1715
|teamsize|p1|6
|teamsize|p2|6
|gametype|singles
|gen|8
|tier|[Gen 8] OU
|rated|
|html|<div class="broadcast-blue"><strong>OU is currently suspecting Dracovish! For information on how to participate check out the <a href="https://www.smogon.com/forums/threads/3664521/">suspect thread</a>.</strong></div>
|clearpoke
|poke|p1|Toxapex, F|
|poke|p1|Ferrothorn, M|
|poke|p1|Seismitoad, M|
|poke|p1|Tyranitar, M|
|poke|p1|Clefable, M|
|poke|p1|Corviknight, M|
|poke|p2|Zeraora|
|poke|p2|Toxapex, M|
|poke|p2|Mew|
|poke|p2|Kommo-o, F|
|poke|p2|Clefable, M|
|poke|p2|Corviknight, F|
|rule|Sleep Clause Mod: Limit one foe put to sleep
|rule|Species Clause: Limit one of each Pokémon
|rule|OHKO Clause: OHKO moves are banned
|rule|Evasion Moves Clause: Evasion moves are banned
|rule|Endless Battle Clause: Forcing endless battles is banned
|rule|HP Percentage Mod: HP is shown in percentages
|rule|Dynamax Clause: You cannot dynamax
|teampreview
|
|start
|switch|p1a: Seismitoad|Seismitoad, M|100/100
|switch|p2a: Kommo-o|Kommo-o, F|100/100
|turn|1
|
|move|p2a: Kommo-o|Stealth Rock|p1a: Seismitoad
|-sidestart|p1: JoeyOwesMeMoney|move: Stealth Rock
|move|p1a: Seismitoad|Toxic|p2a: Kommo-o
|-status|p2a: Kommo-o|tox
|
|-damage|p2a: Kommo-o|94/100 tox|[from] psn
|upkeep
|turn|2
|
|switch|p2a: Toxapex|Toxapex, M|100/100
|move|p1a: Seismitoad|Knock Off|p2a: Toxapex
|-damage|p2a: Toxapex|87/100
|-enditem|p2a: Toxapex|Black Sludge|[from] move: Knock Off|[of] p1a: Seismitoad
|
|upkeep
|turn|3
|j| king of spycrabs
|j| jefo
|
|switch|p1a: Toxapex|Toxapex, F|100/100
|-damage|p1a: Toxapex|88/100|[from] Stealth Rock
|move|p2a: Toxapex|Toxic|p1a: Toxapex
|-immune|p1a: Toxapex
|
|-heal|p1a: Toxapex|94/100|[from] item: Black Sludge
|upkeep
|turn|4
|j| HeavenStar
|
|move|p2a: Toxapex|Knock Off|p1a: Toxapex
|-damage|p1a: Toxapex|84/100
|-enditem|p1a: Toxapex|Black Sludge|[from] move: Knock Off|[of] p2a: Toxapex
|move|p1a: Toxapex|Toxic Spikes|p2a: Toxapex
|-sidestart|p2: Tryingvvhard|move: Toxic Spikes
|
|upkeep
|turn|5
|
|switch|p2a: Corviknight|Corviknight, F|100/100
|-ability|p2a: Corviknight|Pressure
|move|p1a: Toxapex|Scald|p2a: Corviknight
|-damage|p2a: Corviknight|83/100
|-status|p2a: Corviknight|brn
|
|-heal|p2a: Corviknight|89/100 brn|[from] item: Leftovers
|-damage|p2a: Corviknight|83/100 brn|[from] brn
|upkeep
|turn|6
|
|switch|p2a: Toxapex|Toxapex, M|100/100
|-sideend|p2: Tryingvvhard|move: Toxic Spikes|[of] p2a: Toxapex
|move|p1a: Toxapex|Knock Off|p2a: Toxapex
|-damage|p2a: Toxapex|94/100
|
|upkeep
|turn|7
|j| migy9611
|
|move|p2a: Toxapex|Scald|p1a: Toxapex
|-resisted|p1a: Toxapex
|-damage|p1a: Toxapex|78/100
|move|p1a: Toxapex|Toxic Spikes|p2a: Toxapex
|-sidestart|p2: Tryingvvhard|move: Toxic Spikes
|
|upkeep
|turn|8
|
|move|p2a: Toxapex|Scald|p1a: Toxapex
|-resisted|p1a: Toxapex
|-damage|p1a: Toxapex|71/100
|move|p1a: Toxapex|Scald|p2a: Toxapex
|-resisted|p2a: Toxapex
|-damage|p2a: Toxapex|86/100
|
|upkeep
|turn|9
|
|move|p2a: Toxapex|Scald|p1a: Toxapex
|-resisted|p1a: Toxapex
|-damage|p1a: Toxapex|65/100
|move|p1a: Toxapex|Scald|p2a: Toxapex
|-resisted|p2a: Toxapex
|-damage|p2a: Toxapex|79/100
|
|upkeep
|turn|10
|
|move|p2a: Toxapex|Scald|p1a: Toxapex
|-resisted|p1a: Toxapex
|-damage|p1a: Toxapex|60/100
|move|p1a: Toxapex|Scald|p2a: Toxapex
|-resisted|p2a: Toxapex
|-damage|p2a: Toxapex|73/100
|
|upkeep
|turn|11
|
|move|p2a: Toxapex|Scald|p1a: Toxapex
|-resisted|p1a: Toxapex
|-damage|p1a: Toxapex|54/100
|-status|p1a: Toxapex|brn
|move|p1a: Toxapex|Scald|p2a: Toxapex
|-resisted|p2a: Toxapex
|-damage|p2a: Toxapex|65/100
|
|-damage|p1a: Toxapex|48/100 brn|[from] brn
|upkeep
|turn|12
|
|switch|p2a: Corviknight|Corviknight, F|83/100 brn
|-ability|p2a: Corviknight|Pressure
|move|p1a: Toxapex|Scald|p2a: Corviknight
|-damage|p2a: Corviknight|66/100 brn
|
|-heal|p2a: Corviknight|73/100 brn|[from] item: Leftovers
|-damage|p2a: Corviknight|66/100 brn|[from] brn
|-damage|p1a: Toxapex|42/100 brn|[from] brn
|upkeep
|turn|13
|
|move|p2a: Corviknight|Roost|p2a: Corviknight
|-heal|p2a: Corviknight|100/100 brn
|-singleturn|p2a: Corviknight|move: Roost
|move|p1a: Toxapex|Knock Off|p2a: Corviknight
|-damage|p2a: Corviknight|96/100 brn
|-enditem|p2a: Corviknight|Leftovers|[from] move: Knock Off|[of] p1a: Toxapex
|
|-damage|p2a: Corviknight|90/100 brn|[from] brn
|-damage|p1a: Toxapex|36/100 brn|[from] brn
|upkeep
|turn|14
|
|switch|p2a: Toxapex|Toxapex, M|99/100
|-sideend|p2: Tryingvvhard|move: Toxic Spikes|[of] p2a: Toxapex
|switch|p1a: Seismitoad|Seismitoad, M|100/100
|-damage|p1a: Seismitoad|94/100|[from] Stealth Rock
|
|-heal|p1a: Seismitoad|100/100|[from] item: Leftovers
|upkeep
|turn|15
|
|switch|p1a: Toxapex|Toxapex, F|69/100 brn
|-damage|p1a: Toxapex|57/100 brn|[from] Stealth Rock
|switch|p2a: Mew|Mew|100/100
|
|-damage|p1a: Toxapex|51/100 brn|[from] brn
|upkeep
|turn|16
|
|switch|p1a: Tyranitar|Tyranitar, M|100/100
|-damage|p1a: Tyranitar|88/100|[from] Stealth Rock
|-weather|Sandstorm|[from] ability: Sand Stream|[of] p1a: Tyranitar
|move|p2a: Mew|Psychic|p1a: Tyranitar
|-immune|p1a: Tyranitar
|
|-weather|Sandstorm|[upkeep]
|-damage|p2a: Mew|94/100|[from] Sandstorm
|upkeep
|turn|17
|
|switch|p2a: Kommo-o|Kommo-o, F|94/100 tox
|switch|p1a: Toxapex|Toxapex, F|84/100 brn
|-damage|p1a: Toxapex|72/100 brn|[from] Stealth Rock
|
|-weather|Sandstorm|[upkeep]
|-damage|p2a: Kommo-o|88/100 tox|[from] Sandstorm
|-damage|p1a: Toxapex|66/100 brn|[from] Sandstorm
|-heal|p2a: Kommo-o|94/100 tox|[from] item: Leftovers
|-damage|p2a: Kommo-o|88/100 tox|[from] psn
|-damage|p1a: Toxapex|60/100 brn|[from] brn
|upkeep
|turn|18
|l| migy9611
|
|switch|p1a: Corviknight|Corviknight, M|100/100
|-damage|p1a: Corviknight|88/100|[from] Stealth Rock
|-ability|p1a: Corviknight|Pressure
|move|p2a: Kommo-o|Earthquake|p1a: Corviknight
|-immune|p1a: Corviknight
|
|-weather|Sandstorm|[upkeep]
|-damage|p2a: Kommo-o|82/100 tox|[from] Sandstorm
|-heal|p2a: Kommo-o|88/100 tox|[from] item: Leftovers
|-damage|p2a: Kommo-o|76/100 tox|[from] psn
|upkeep
|turn|19
|j| golisopd
|
|switch|p2a: Toxapex|Toxapex, M|100/100
|move|p1a: Corviknight|Defog|p2a: Toxapex
|-unboost|p2a: Toxapex|evasion|1
|-sideend|p1: JoeyOwesMeMoney|Stealth Rock|[from] move: Defog|[of] p1a: Corviknight
|
|-weather|Sandstorm|[upkeep]
|-damage|p2a: Toxapex|94/100|[from] Sandstorm
|upkeep
|turn|20
|
|switch|p1a: Toxapex|Toxapex, F|94/100 brn
|move|p2a: Toxapex|Knock Off|p1a: Toxapex
|-damage|p1a: Toxapex|87/100 brn
|
|-weather|none
|-damage|p1a: Toxapex|81/100 brn|[from] brn
|upkeep
|turn|21
|c| golisopd|WOW
|
|switch|p2a: Clefable|Clefable, M|100/100
|move|p1a: Toxapex|Toxic Spikes|p2a: Clefable
|-sidestart|p2: Tryingvvhard|move: Toxic Spikes
|
|-damage|p1a: Toxapex|75/100 brn|[from] brn
|upkeep
|turn|22
|
|move|p2a: Clefable|Aromatherapy|p2a: Clefable
|-activate|p2a: Clefable|move: Aromatherapy
|-curestatus|p2: Kommo-o|tox|[msg]
|-curestatus|p2: Corviknight|brn|[msg]
|move|p1a: Toxapex|Knock Off|p2a: Clefable
|-resisted|p2a: Clefable
|-damage|p2a: Clefable|96/100
|-enditem|p2a: Clefable|Leftovers|[from] move: Knock Off|[of] p1a: Toxapex
|
|-damage|p1a: Toxapex|69/100 brn|[from] brn
|upkeep
|turn|23
|
|switch|p2a: Toxapex|Toxapex, M|100/100
|-sideend|p2: Tryingvvhard|move: Toxic Spikes|[of] p2a: Toxapex
|move|p1a: Toxapex|Toxic Spikes|p2a: Toxapex
|-sidestart|p2: Tryingvvhard|move: Toxic Spikes
|
|-damage|p1a: Toxapex|63/100 brn|[from] brn
|upkeep
|turn|24
|c| golisopd|CLEF AND PEX ON THE SAME TEAM AGAIN
|
|switch|p2a: Corviknight|Corviknight, F|90/100
|-ability|p2a: Corviknight|Pressure
|move|p1a: Toxapex|Scald|p2a: Corviknight
|-damage|p2a: Corviknight|73/100
|
|-damage|p1a: Toxapex|57/100 brn|[from] brn
|upkeep
|turn|25
|c| golisopd|THE 2 MOST USED MONS THAT STALL
|
|switch|p2a: Toxapex|Toxapex, M|100/100
|-sideend|p2: Tryingvvhard|move: Toxic Spikes|[of] p2a: Toxapex
|switch|p1a: Corviknight|Corviknight, M|88/100
|-ability|p1a: Corviknight|Pressure
|
|upkeep
|turn|26
|
|switch|p1a: Toxapex|Toxapex, F|90/100 brn
|move|p2a: Toxapex|Scald|p1a: Toxapex
|-resisted|p1a: Toxapex
|-damage|p1a: Toxapex|84/100 brn
|
|-damage|p1a: Toxapex|78/100 brn|[from] brn
|upkeep
|turn|27
|
|switch|p2a: Kommo-o|Kommo-o, F|76/100
|move|p1a: Toxapex|Toxic Spikes|p2a: Kommo-o
|-sidestart|p2: Tryingvvhard|move: Toxic Spikes
|
|-heal|p2a: Kommo-o|82/100|[from] item: Leftovers
|-damage|p1a: Toxapex|72/100 brn|[from] brn
|upkeep
|turn|28
|c| golisopd|BUT WILL NEVER GET BANNED
|
|move|p2a: Kommo-o|Stealth Rock|p1a: Toxapex
|-sidestart|p1: JoeyOwesMeMoney|move: Stealth Rock
|move|p1a: Toxapex|Knock Off|p2a: Kommo-o
|-resisted|p2a: Kommo-o
|-damage|p2a: Kommo-o|80/100
|-enditem|p2a: Kommo-o|Leftovers|[from] move: Knock Off|[of] p1a: Toxapex
|
|-damage|p1a: Toxapex|67/100 brn|[from] brn
|upkeep
|turn|29
|
|switch|p2a: Toxapex|Toxapex, M|100/100
|-sideend|p2: Tryingvvhard|move: Toxic Spikes|[of] p2a: Toxapex
|switch|p1a: Corviknight|Corviknight, M|88/100
|-damage|p1a: Corviknight|76/100|[from] Stealth Rock
|-ability|p1a: Corviknight|Pressure
|
|upkeep
|turn|30
|j| OUTZ don2
|
|move|p1a: Corviknight|Defog|p2a: Toxapex
|-unboost|p2a: Toxapex|evasion|1
|-sideend|p1: JoeyOwesMeMoney|Stealth Rock|[from] move: Defog|[of] p1a: Corviknight
|move|p2a: Toxapex|Scald|p1a: Corviknight
|-damage|p1a: Corviknight|61/100
|
|upkeep
|turn|31
|j| Arnaud senju vgc
|
|switch|p1a: Toxapex|Toxapex, F|99/100 brn
|switch|p2a: Kommo-o|Kommo-o, F|80/100
|
|-damage|p1a: Toxapex|94/100 brn|[from] brn
|upkeep
|turn|32
|c| golisopd|SO MUCH SKILL CLICKING WISH/PROTECT
|
|switch|p1a: Corviknight|Corviknight, M|61/100
|-ability|p1a: Corviknight|Pressure
|move|p2a: Kommo-o|Stealth Rock|p1a: Corviknight
|-sidestart|p1: JoeyOwesMeMoney|move: Stealth Rock
|
|upkeep
|turn|33
|c| golisopd|REGENERATOR
|c| golisopd|ROOST
|
|switch|p2a: Zeraora|Zeraora|100/100
|move|p1a: Corviknight|Defog|p2a: Zeraora
|-unboost|p2a: Zeraora|evasion|1
|-sideend|p1: JoeyOwesMeMoney|Stealth Rock|[from] move: Defog|[of] p1a: Corviknight
|
|upkeep
|turn|34
|
|switch|p1a: Toxapex|Toxapex, F|100/100 brn
|move|p2a: Zeraora|Knock Off|p1a: Toxapex
|-damage|p1a: Toxapex|88/100 brn
|
|-damage|p1a: Toxapex|82/100 brn|[from] brn
|upkeep
|turn|35
|c| golisopd|THE BEST MOVES IN THE GAME
|
|move|p2a: Zeraora|Knock Off|p1a: Toxapex
|-damage|p1a: Toxapex|71/100 brn
|move|p1a: Toxapex|Knock Off|p2a: Zeraora
|-damage|p2a: Zeraora|90/100
|-enditem|p2a: Zeraora|Leftovers|[from] move: Knock Off|[of] p1a: Toxapex
|
|-damage|p1a: Toxapex|65/100 brn|[from] brn
|upkeep
|turn|36
|c| golisopd|RECOVER HEALTH
|
|switch|p1a: Clefable|Clefable, M|100/100
|move|p2a: Zeraora|Knock Off|p1a: Clefable
|-resisted|p1a: Clefable
|-damage|p1a: Clefable|89/100
|-enditem|p1a: Clefable|Leftovers|[from] move: Knock Off|[of] p2a: Zeraora
|
|upkeep
|turn|37
|c| golisopd|THIS GAME IS A COMPLETE JOKE
|c| golisopd|TOXAPEX AND CLEFABLE
|j| DaRk Signal
|
|switch|p2a: Toxapex|Toxapex, M|100/100
|move|p1a: Clefable|Wish|p1a: Clefable
|
|upkeep
|turn|38
|l| OUTZ don2
|
|switch|p1a: Corviknight|Corviknight, M|61/100
|-ability|p1a: Corviknight|Pressure
|move|p2a: Toxapex|Knock Off|p1a: Corviknight
|-damage|p1a: Corviknight|53/100
|-damage|p2a: Toxapex|84/100|[from] item: Rocky Helmet|[of] p1a: Corviknight
|-enditem|p1a: Corviknight|Rocky Helmet|[from] move: Knock Off|[of] p2a: Toxapex
|
|-heal|p1a: Corviknight|100/100|[from] move: Wish|[wisher] Clefable
|upkeep
|turn|39
|c| golisopd|ON EVERY SINGLE HIGH RANK TEAM
|
|switch|p1a: Toxapex|Toxapex, F|98/100 brn
|move|p2a: Toxapex|Scald|p1a: Toxapex
|-resisted|p1a: Toxapex
|-damage|p1a: Toxapex|91/100 brn
|
|-damage|p1a: Toxapex|85/100 brn|[from] brn
|upkeep
|turn|40
|c| golisopd|DOING THE SAME THING OVER AND OVER
|j| sir_up
|c| golisopd|BUT DRACOVISH IS BEING SUSPECTED TESTED
|c| golisopd|SO BACKWARD
|l| Arnaud senju vgc
|c|☆Tryingvvhard|who the fuck forced this dude to watch this
|
|switch|p2a: Kommo-o|Kommo-o, F|80/100
|move|p1a: Toxapex|Toxic Spikes|p2a: Kommo-o
|-sidestart|p2: Tryingvvhard|move: Toxic Spikes
|
|-damage|p1a: Toxapex|79/100 brn|[from] brn
|upkeep
|turn|41
|c| golisopd|THE PROBLEM IS RIGHT HERE IN THIS MATCH
|
|switch|p1a: Corviknight|Corviknight, M|100/100
|-ability|p1a: Corviknight|Pressure
|move|p2a: Kommo-o|Stealth Rock|p1a: Corviknight
|-sidestart|p1: JoeyOwesMeMoney|move: Stealth Rock
|
|upkeep
|turn|42
|j| BigConns
|inactive|Battle timer is ON: inactive players will automatically lose when time's up. (requested by JoeyOwesMeMoney)
|c| golisopd|150+ TURNS OF PURE STALLING DISEASE
|j| hell yeah! HYper
|c| DaRk Signal|Leave golisopd no one stoping you
|c| golisopd|BUT STALL IS NOT BROKEN
|
|switch|p2a: Toxapex|Toxapex, M|100/100
|-sideend|p2: Tryingvvhard|move: Toxic Spikes|[of] p2a: Toxapex
|move|p1a: Corviknight|Defog|p2a: Toxapex
|-unboost|p2a: Toxapex|evasion|1
|-sideend|p1: JoeyOwesMeMoney|Stealth Rock|[from] move: Defog|[of] p1a: Corviknight
|
|upkeep
|turn|43
|
|switch|p1a: Toxapex|Toxapex, F|100/100 brn
|move|p2a: Toxapex|Scald|p1a: Toxapex
|-resisted|p1a: Toxapex
|-damage|p1a: Toxapex|94/100 brn
|
|-damage|p1a: Toxapex|88/100 brn|[from] brn
|upkeep
|turn|44
|l| jefo
|
|switch|p2a: Corviknight|Corviknight, F|73/100
|-ability|p2a: Corviknight|Pressure
|move|p1a: Toxapex|Toxic Spikes|p2a: Corviknight
|-sidestart|p2: Tryingvvhard|move: Toxic Spikes
|
|-damage|p1a: Toxapex|82/100 brn|[from] brn
|upkeep
|turn|45
|
|switch|p2a: Toxapex|Toxapex, M|100/100
|-sideend|p2: Tryingvvhard|move: Toxic Spikes|[of] p2a: Toxapex
|switch|p1a: Ferrothorn|Ferrothorn, M|100/100
|
|upkeep
|turn|46
|c| golisopd|IS A PERFECTLY FAIR PLAYSTLYE
|
|move|p2a: Toxapex|Knock Off|p1a: Ferrothorn
|-damage|p1a: Ferrothorn|89/100
|-damage|p2a: Toxapex|88/100|[from] ability: Iron Barbs|[of] p1a: Ferrothorn
|-enditem|p1a: Ferrothorn|Leftovers|[from] move: Knock Off|[of] p2a: Toxapex
|move|p1a: Ferrothorn|Spikes|p2a: Toxapex
|-sidestart|p2: Tryingvvhard|Spikes
|
|upkeep
|turn|47
|
|switch|p1a: Toxapex|Toxapex, F|100/100 brn
|move|p2a: Toxapex|Scald|p1a: Toxapex
|-resisted|p1a: Toxapex
|-damage|p1a: Toxapex|95/100 brn
|
|-damage|p1a: Toxapex|89/100 brn|[from] brn
|upkeep
|turn|48
|
|switch|p2a: Kommo-o|Kommo-o, F|80/100
|-damage|p2a: Kommo-o|67/100|[from] Spikes
|move|p1a: Toxapex|Toxic Spikes|p2a: Kommo-o
|-sidestart|p2: Tryingvvhard|move: Toxic Spikes
|
|-damage|p1a: Toxapex|83/100 brn|[from] brn
|upkeep
|turn|49
|c| golisopd|SAD NO LIFE STALLING NERDS FOR EASY WINS
|
|move|p2a: Kommo-o|Stealth Rock|p1a: Toxapex
|-sidestart|p1: JoeyOwesMeMoney|move: Stealth Rock
|move|p1a: Toxapex|Scald|p2a: Kommo-o
|-resisted|p2a: Kommo-o
|-damage|p2a: Kommo-o|60/100
|
|-damage|p1a: Toxapex|77/100 brn|[from] brn
|upkeep
|turn|50
|inactive|Tryingvvhard has 120 seconds left.
|c| golisopd|LOOK AT THIS AMTCH
|c| golisopd|TURN 50 NO MON HAS DIED
|j| AAA8833
|inactive|Tryingvvhard has 90 seconds left.
|
|switch|p2a: Toxapex|Toxapex, M|100/100
|-damage|p2a: Toxapex|88/100|[from] Spikes
|-sideend|p2: Tryingvvhard|move: Toxic Spikes|[of] p2a: Toxapex
|move|p1a: Toxapex|Scald|p2a: Toxapex
|-resisted|p2a: Toxapex
|-damage|p2a: Toxapex|81/100
|-status|p2a: Toxapex|brn
|
|-damage|p2a: Toxapex|75/100 brn|[from] brn
|-damage|p1a: Toxapex|71/100 brn|[from] brn
|upkeep
|turn|51
|
|switch|p2a: Mew|Mew|94/100
|-damage|p2a: Mew|82/100|[from] Spikes
|move|p1a: Toxapex|Scald|p2a: Mew
|-damage|p2a: Mew|65/100
|
|-damage|p1a: Toxapex|65/100 brn|[from] brn
|upkeep
|turn|52
|c| golisopd|STALL AIDS
|
|switch|p1a: Tyranitar|Tyranitar, M|88/100
|-damage|p1a: Tyranitar|76/100|[from] Stealth Rock
|-weather|Sandstorm|[from] ability: Sand Stream|[of] p1a: Tyranitar
|move|p2a: Mew|Grass Knot|p1a: Tyranitar
|-supereffective|p1a: Tyranitar
|-damage|p1a: Tyranitar|54/100
|
|-weather|Sandstorm|[upkeep]
|-damage|p2a: Mew|59/100|[from] Sandstorm
|upkeep
|turn|53
|j| 64 squares
|
|switch|p2a: Kommo-o|Kommo-o, F|60/100
|-damage|p2a: Kommo-o|47/100|[from] Spikes
|switch|p1a: Ferrothorn|Ferrothorn, M|89/100
|-damage|p1a: Ferrothorn|83/100|[from] Stealth Rock
|
|-weather|Sandstorm|[upkeep]
|-damage|p2a: Kommo-o|41/100|[from] Sandstorm
|upkeep
|turn|54
|c| golisopd|EVERY SINGE GAME IN HIGH RANK IS ALL STALL
|l| sir_up
|l| 64 squares
|c| golisopd|WHY ?
|
|move|p1a: Ferrothorn|Protect|p1a: Ferrothorn
|-singleturn|p1a: Ferrothorn|Protect
|move|p2a: Kommo-o|Iron Defense|p2a: Kommo-o
|-boost|p2a: Kommo-o|def|2
|
|-weather|Sandstorm|[upkeep]
|-damage|p2a: Kommo-o|35/100|[from] Sandstorm
|upkeep
|turn|55
|c| golisopd|COS ITS EASY TO PLAY
|c| hell yeah! HYper|PREACH !
|c| golisopd|PPL RAGE QUIT JUST BY LOOKING AT IT
|j| jefo
|
|switch|p1a: Toxapex|Toxapex, F|98/100 brn
|-damage|p1a: Toxapex|86/100 brn|[from] Stealth Rock
|move|p2a: Kommo-o|Body Press|p1a: Toxapex
|-resisted|p1a: Toxapex
|-damage|p1a: Toxapex|60/100 brn
|
|-weather|Sandstorm|[upkeep]
|-damage|p2a: Kommo-o|29/100|[from] Sandstorm
|-damage|p1a: Toxapex|54/100 brn|[from] Sandstorm
|-damage|p1a: Toxapex|48/100 brn|[from] brn
|upkeep
|turn|56
|c| golisopd|IT LAST 200+ TURNS]
|
|switch|p1a: Clefable|Clefable, M|89/100
|-damage|p1a: Clefable|76/100|[from] Stealth Rock
|move|p2a: Kommo-o|Earthquake|p1a: Clefable
|-damage|p1a: Clefable|57/100
|
|-weather|none
|upkeep
|turn|57
|
|move|p1a: Clefable|Protect|p1a: Clefable
|-singleturn|p1a: Clefable|Protect
|move|p2a: Kommo-o|Body Press|p1a: Clefable
|-activate|p1a: Clefable|move: Protect
|
|upkeep
|turn|58
|
|move|p2a: Kommo-o|Body Press|p1a: Clefable
|-resisted|p1a: Clefable
|-damage|p1a: Clefable|40/100
|move|p1a: Clefable|Wish|p1a: Clefable
|
|upkeep
|turn|59
|l| hell yeah! HYper
|c| golisopd|THEY DONT EVEN ATTACTK
|
|switch|p2a: Clefable|Clefable, M|96/100
|-damage|p2a: Clefable|84/100|[from] Spikes
|move|p1a: Clefable|Moonblast|p2a: Clefable
|-damage|p2a: Clefable|62/100
|-unboost|p2a: Clefable|spa|1
|
|-heal|p1a: Clefable|90/100|[from] move: Wish|[wisher] Clefable
|upkeep
|turn|60
|
|move|p1a: Clefable|Wish|p1a: Clefable
|move|p2a: Clefable|Wish|p2a: Clefable
|
|upkeep
|turn|61
|c| golisopd|JUST SIT THERE
|l| king of spycrabs
|
|switch|p1a: Tyranitar|Tyranitar, M|54/100
|-damage|p1a: Tyranitar|42/100|[from] Stealth Rock
|-weather|Sandstorm|[from] ability: Sand Stream|[of] p1a: Tyranitar
|move|p2a: Clefable|Moonblast|p1a: Tyranitar
|-supereffective|p1a: Tyranitar
|-damage|p1a: Tyranitar|31/100
|-unboost|p1a: Tyranitar|spa|1
|
|-weather|Sandstorm|[upkeep]
|-damage|p2a: Clefable|56/100|[from] Sandstorm
|-heal|p2a: Clefable|100/100|[from] move: Wish|[wisher] Clefable
|-heal|p1a: Tyranitar|80/100|[from] move: Wish|[wisher] Clefable
|upkeep
|turn|62
|c| golisopd|CLICK WISH/PROTECT
|c| golisopd|ROOST
|j| sugarhigh
|c| golisopd|SOFT BOILED
|
|switch|p1a: Ferrothorn|Ferrothorn, M|83/100
|-damage|p1a: Ferrothorn|77/100|[from] Stealth Rock
|move|p2a: Clefable|Wish|p2a: Clefable
|
|-weather|Sandstorm|[upkeep]
|-damage|p2a: Clefable|94/100|[from] Sandstorm
|upkeep
|turn|63
|c| sugarhigh|lmso
|l| sugarhigh
|c| golisopd|THE BEST MOVES IN THE GAME
|
|switch|p2a: Mew|Mew|59/100
|-damage|p2a: Mew|47/100|[from] Spikes
|move|p1a: Ferrothorn|Leech Seed|p2a: Mew
|-start|p2a: Mew|move: Leech Seed
|
|-weather|Sandstorm|[upkeep]
|-damage|p2a: Mew|41/100|[from] Sandstorm
|-heal|p2a: Mew|98/100|[from] move: Wish|[wisher] Clefable
|-damage|p2a: Mew|86/100|[from] Leech Seed|[of] p1a: Ferrothorn
|-heal|p1a: Ferrothorn|89/100|[silent]
|upkeep
|turn|64
|c| golisopd|ARE MOVES THAT DONT ATTACK
|
|switch|p2a: Corviknight|Corviknight, F|73/100
|-ability|p2a: Corviknight|Pressure
|move|p1a: Ferrothorn|Protect||[still]
|-fail|p1a: Ferrothorn
|
|-weather|Sandstorm|[upkeep]
|upkeep
|turn|65
|
|move|p2a: Corviknight|Body Press|p1a: Ferrothorn
|-supereffective|p1a: Ferrothorn
|-damage|p1a: Ferrothorn|48/100
|-damage|p2a: Corviknight|60/100|[from] ability: Iron Barbs|[of] p1a: Ferrothorn
|move|p1a: Ferrothorn|Leech Seed|p2a: Corviknight
|-start|p2a: Corviknight|move: Leech Seed
|
|-weather|none
|-damage|p2a: Corviknight|48/100|[from] Leech Seed|[of] p1a: Ferrothorn
|-heal|p1a: Ferrothorn|63/100|[silent]
|upkeep
|turn|66
|c| golisopd|BUT ITS A GAME WHERE UR TRYING TO KILL....
|c| golisopd|WTF
|
|switch|p2a: Mew|Mew|86/100
|-damage|p2a: Mew|74/100|[from] Spikes
|switch|p1a: Seismitoad|Seismitoad, M|100/100
|-damage|p1a: Seismitoad|94/100|[from] Stealth Rock
|
|-heal|p1a: Seismitoad|100/100|[from] item: Leftovers
|upkeep
|turn|67
|c| golisopd|LOOK AT THIS MATCH
|
|switch|p1a: Ferrothorn|Ferrothorn, M|63/100
|-damage|p1a: Ferrothorn|57/100|[from] Stealth Rock
|move|p2a: Mew|Flamethrower|p1a: Ferrothorn
|-supereffective|p1a: Ferrothorn
|-damage|p1a: Ferrothorn|0 fnt
|faint|p1a: Ferrothorn
|
|upkeep
|
|switch|p1a: Seismitoad|Seismitoad, M|100/100
|-damage|p1a: Seismitoad|94/100|[from] Stealth Rock
|turn|68
|j| hell yeah! HYper
|l| hell yeah! HYper
|
|move|p2a: Mew|Grass Knot|p1a: Seismitoad
|-supereffective|p1a: Seismitoad
|-damage|p1a: Seismitoad|0 fnt
|faint|p1a: Seismitoad
|
|upkeep
|c| golisopd|I JUST CAnt believe this allowed to exist
|c| jefo|are u srs rn
|c| jefo|stfu
|c| golisopd|it s the most broken thing in this game
|c|☆Tryingvvhard|lmao bro what you're doing is really not worth it
|c| jefo|lol
|inactive|JoeyOwesMeMoney has 120 seconds left.
|c| golisopd|clef and pec are on every team
|c| golisopd|they have the most usage
|c| golisopd|but dracovish is getting banned
|c| golisopd|for what
|inactive|JoeyOwesMeMoney has 90 seconds left.
|c| golisopd|this game makes no sense
|inactive|JoeyOwesMeMoney has 60 seconds left.
|inactive|JoeyOwesMeMoney has 30 seconds left.
|inactive|JoeyOwesMeMoney has 20 seconds left.
|c| golisopd|dravovish cant even beat stall
|inactive|JoeyOwesMeMoney has 15 seconds left.
|inactive|JoeyOwesMeMoney has 10 seconds left.
|inactive|JoeyOwesMeMoney has 5 seconds left.
|-message|JoeyOwesMeMoney lost due to inactivity.
|
|win|Tryingvvhard
|l| DaRk Signal
|raw|JoeyOwesMeMoney's rating: 1800 &rarr; <strong>1775</strong><br />(-25 for losing)
|raw|Tryingvvhard's rating: 1715 &rarr; <strong>1740</strong><br />(+25 for winning)
|c| golisopd|wat a pointless game
|c| golisopd|all that happend was RECOVER HEALTH
