|j|☆someidiot19
|j|☆frouug
|t:|1665206128
|gametype|singles
|player|p1|someidiot19|teacher-gen2|
|player|p2|frouug|spenser-gen3|
|teamsize|p1|6
|teamsize|p2|6
|gen|8
|tier|[Gen 8] OU
|rule|Sleep Clause Mod: Limit one foe put to sleep
|rule|Species Clause: Limit one of each Pokémon
|rule|OHKO Clause: OHKO moves are banned
|rule|Evasion Items Clause: Evasion items are banned
|rule|Evasion Moves Clause: Evasion moves are banned
|rule|Endless Battle Clause: Forcing endless battles is banned
|rule|HP Percentage Mod: HP is shown in percentages
|rule|Dynamax Clause: You cannot dynamax
|clearpoke
|poke|p1|Croagunk, M|
|poke|p1|Clefairy, M|
|poke|p1|Corviknight, F|
|poke|p1|Thwackey, M|
|poke|p1|Nidoking, M|
|poke|p1|Tapu Fini|
|poke|p2|Noivern, F|
|poke|p2|Garchomp, F|
|poke|p2|Tapu Fini|
|poke|p2|Buzzwole|
|poke|p2|Melmetal|
|poke|p2|Nidoking, M|
|teampreview
|inactive|Battle timer is ON: inactive players will automatically lose when time's up. (requested by someidiot19)
|
|t:|1665206146
|start
|switch|p1a: Tapu Fini|Tapu Fini|100/100
|switch|p2a: Conglomerate|Garchomp, F|100/100
|-fieldstart|move: Misty Terrain|[from] ability: Misty Surge|[of] p1a: Tapu Fini
|turn|1
|
|t:|1665206153
|switch|p2a: Suspension|Melmetal|100/100
|move|p1a: Tapu Fini|Moonblast|p2a: Suspension
|-resisted|p2a: Suspension
|-damage|p2a: Suspension|81/100
|
|-heal|p2a: Suspension|87/100|[from] item: Leftovers
|upkeep
|turn|2
|
|t:|1665206160
|switch|p1a: Corviknight|Corviknight, F|100/100
|-ability|p1a: Corviknight|Pressure
|move|p2a: Suspension|Thunder Wave|p1a: Corviknight
|-status|p1a: Corviknight|par
|
|-heal|p2a: Suspension|93/100|[from] item: Leftovers
|upkeep
|turn|3
|
|t:|1665206170
|switch|p2a: Big Toe|Nidoking, M|100/100
|move|p1a: Corviknight|U-turn|p2a: Big Toe
|-resisted|p2a: Big Toe
|-damage|p2a: Big Toe|91/100
|
|t:|1665206184
|switch|p1a: Tapu Fini|Tapu Fini|100/100|[from]move: U-turn
|
|upkeep
|turn|4
|
|t:|1665206190
|move|p1a: Tapu Fini|Scald|p2a: Big Toe
|-supereffective|p2a: Big Toe
|-crit|p2a: Big Toe
|-damage|p2a: Big Toe|0 fnt
|faint|p2a: Big Toe
|
|upkeep
|
|t:|1665206198
|switch|p2a: Suspension|Melmetal|93/100
|turn|5
|
|t:|1665206214
|switch|p1a: Corviknight|Corviknight, F|100/100 par
|-ability|p1a: Corviknight|Pressure
|switch|p2a: Conglomerate|Garchomp, F|100/100
|
|-fieldend|Misty Terrain
|upkeep
|turn|6
|
|t:|1665206220
|move|p2a: Conglomerate|Swords Dance|p2a: Conglomerate
|-boost|p2a: Conglomerate|atk|2
|move|p1a: Corviknight|U-turn|p2a: Conglomerate
|-damage|p2a: Conglomerate|85/100
|-damage|p1a: Corviknight|88/100 par|[from] ability: Rough Skin|[of] p2a: Conglomerate
|
|t:|1665206226
|switch|p1a: Tapu Fini|Tapu Fini|100/100|[from]move: U-turn
|-fieldstart|move: Misty Terrain|[from] ability: Misty Surge|[of] p1a: Tapu Fini
|
|-heal|p2a: Conglomerate|92/100|[from] item: Leftovers
|upkeep
|turn|7
|
|t:|1665206236
|move|p1a: Tapu Fini|Moonblast|p2a: Conglomerate
|-supereffective|p2a: Conglomerate
|-damage|p2a: Conglomerate|0 fnt
|faint|p2a: Conglomerate
|
|upkeep
|
|t:|1665206251
|switch|p2a: Broly|Buzzwole|100/100
|turn|8
|
|t:|1665206256
|move|p1a: Tapu Fini|Moonblast|p2a: Broly
|-supereffective|p2a: Broly
|-damage|p2a: Broly|44/100
|move|p2a: Broly|Power-Up Punch|p1a: Tapu Fini
|-resisted|p1a: Tapu Fini
|-damage|p1a: Tapu Fini|88/100
|-boost|p2a: Broly|atk|1
|
|upkeep
|turn|9
|
|t:|1665206264
|switch|p2a: Suspension|Melmetal|93/100
|move|p1a: Tapu Fini|Moonblast|p2a: Suspension
|-resisted|p2a: Suspension
|-damage|p2a: Suspension|72/100
|
|-heal|p2a: Suspension|78/100|[from] item: Leftovers
|upkeep
|turn|10
|
|t:|1665206267
|switch|p1a: Corviknight|Corviknight, F|88/100 par
|-ability|p1a: Corviknight|Pressure
|move|p2a: Suspension|Double Iron Bash|p1a: Corviknight
|-resisted|p1a: Corviknight
|-damage|p1a: Corviknight|71/100 par
|-damage|p2a: Suspension|62/100|[from] item: Rocky Helmet|[of] p1a: Corviknight
|-resisted|p1a: Corviknight
|-damage|p1a: Corviknight|52/100 par
|-damage|p2a: Suspension|45/100|[from] item: Rocky Helmet|[of] p1a: Corviknight
|-hitcount|p1a: Corviknight|2
|
|-heal|p2a: Suspension|51/100|[from] item: Leftovers
|-fieldend|Misty Terrain
|upkeep
|turn|11
|
|t:|1665206282
|switch|p2a: SJW|Noivern, F|100/100
|switch|p1a: Nidoking|Nidoking, M|100/100
|
|upkeep
|turn|12
|
|t:|1665206287
|switch|p1a: Clefairy|Clefairy, M|100/100
|move|p2a: SJW|Draco Meteor|p1a: Clefairy
|-immune|p1a: Clefairy
|
|upkeep
|turn|13
|
|t:|1665206290
|move|p2a: SJW|Taunt|p1a: Clefairy
|-start|p1a: Clefairy|move: Taunt
|cant|p1a: Clefairy|move: Taunt|Stealth Rock
|
|upkeep
|turn|14
|
|t:|1665206295
|move|p2a: SJW|Heat Wave|p1a: Clefairy
|-damage|p1a: Clefairy|81/100
|-status|p1a: Clefairy|brn
|move|p1a: Clefairy|Moonblast|p2a: SJW
|-supereffective|p2a: SJW
|-damage|p2a: SJW|40/100
|
|upkeep
|turn|15
|
|t:|1665206303
|move|p2a: SJW|Roost|p2a: SJW
|-heal|p2a: SJW|90/100
|-singleturn|p2a: SJW|move: Roost
|move|p1a: Clefairy|Moonblast|p2a: SJW
|-supereffective|p2a: SJW
|-damage|p2a: SJW|28/100
|-unboost|p2a: SJW|spa|1
|
|-end|p1a: Clefairy|move: Taunt
|upkeep
|turn|16
|
|t:|1665206309
|move|p2a: SJW|Roost|p2a: SJW
|-heal|p2a: SJW|79/100
|-singleturn|p2a: SJW|move: Roost
|move|p1a: Clefairy|Moonblast|p2a: SJW
|-supereffective|p2a: SJW
|-damage|p2a: SJW|26/100
|
|upkeep
|turn|17
|
|t:|1665206311
|move|p2a: SJW|Roost|p2a: SJW
|-heal|p2a: SJW|76/100
|-singleturn|p2a: SJW|move: Roost
|move|p1a: Clefairy|Moonblast|p2a: SJW
|-supereffective|p2a: SJW
|-damage|p2a: SJW|18/100
|-unboost|p2a: SJW|spa|1
|
|upkeep
|turn|18
|
|t:|1665206324
|switch|p2a: Max Bellend|Tapu Fini|100/100
|-fieldstart|move: Misty Terrain|[from] ability: Misty Surge|[of] p2a: Max Bellend
|move|p1a: Clefairy|Stealth Rock|p2a: Max Bellend
|-sidestart|p2: frouug|move: Stealth Rock
|
|upkeep
|turn|19
|
|t:|1665206330
|move|p2a: Max Bellend|Defog|p1a: Clefairy
|-unboost|p1a: Clefairy|evasion|1
|-sideend|p2: frouug|Stealth Rock|[from] move: Defog|[of] p2a: Max Bellend
|-fieldend|Misty Terrain
|move|p1a: Clefairy|Wish|p1a: Clefairy
|
|upkeep
|turn|20
|
|t:|1665206339
|switch|p2a: Broly|Buzzwole|44/100
|switch|p1a: Nidoking|Nidoking, M|100/100
|
|upkeep
|turn|21
|
|t:|1665206346
|move|p1a: Nidoking|Flamethrower|p2a: Broly
|-supereffective|p2a: Broly
|-damage|p2a: Broly|0 fnt
|faint|p2a: Broly
|
|upkeep
|
|t:|1665206361
|switch|p2a: Max Bellend|Tapu Fini|100/100
|-fieldstart|move: Misty Terrain|[from] ability: Misty Surge|[of] p2a: Max Bellend
|turn|22
|
|t:|1665206364
|move|p2a: Max Bellend|Surf|p1a: Nidoking
|-supereffective|p1a: Nidoking
|-damage|p1a: Nidoking|0 fnt
|faint|p1a: Nidoking
|
|upkeep
|
|t:|1665206368
|switch|p1a: Thwackey|Thwackey, M|100/100
|-fieldstart|move: Grassy Terrain|[from] ability: Grassy Surge|[of] p1a: Thwackey
|turn|23
|
|t:|1665206373
|switch|p2a: Suspension|Melmetal|51/100
|move|p1a: Thwackey|Swords Dance|p1a: Thwackey
|-boost|p1a: Thwackey|atk|2
|
|-heal|p2a: Suspension|57/100|[from] Grassy Terrain
|-heal|p2a: Suspension|63/100|[from] item: Leftovers
|upkeep
|turn|24
|
|t:|1665206380
|move|p2a: Suspension|Protect|p2a: Suspension
|-singleturn|p2a: Suspension|Protect
|move|p1a: Thwackey|Drain Punch|p2a: Suspension
|-activate|p2a: Suspension|move: Protect
|
|-heal|p2a: Suspension|69/100|[from] Grassy Terrain
|-heal|p2a: Suspension|76/100|[from] item: Leftovers
|upkeep
|turn|25
|
|t:|1665206390
|move|p1a: Thwackey|Drain Punch|p2a: Suspension
|-supereffective|p2a: Suspension
|-damage|p2a: Suspension|28/100
|move|p2a: Suspension|Double Iron Bash|p1a: Thwackey
|-damage|p1a: Thwackey|62/100
|-damage|p1a: Thwackey|25/100
|-hitcount|p1a: Thwackey|2
|
|-heal|p1a: Thwackey|31/100|[from] Grassy Terrain
|-heal|p2a: Suspension|34/100|[from] Grassy Terrain
|-heal|p2a: Suspension|40/100|[from] item: Leftovers
|upkeep
|turn|26
|
|t:|1665206407
|move|p1a: Thwackey|Drain Punch|p2a: Suspension
|-supereffective|p2a: Suspension
|-damage|p2a: Suspension|0 fnt
|-heal|p1a: Thwackey|58/100|[from] drain|[of] p2a: Suspension
|faint|p2a: Suspension
|
|-heal|p1a: Thwackey|65/100|[from] Grassy Terrain
|upkeep
|
|t:|1665206414
|switch|p2a: SJW|Noivern, F|18/100
|turn|27
|
|t:|1665206417
|move|p1a: Thwackey|Grassy Glide|p2a: SJW
|-resisted|p2a: SJW
|-damage|p2a: SJW|0 fnt
|faint|p2a: SJW
|
|-heal|p1a: Thwackey|71/100|[from] Grassy Terrain
|-fieldend|move: Grassy Terrain
|upkeep
|
|t:|1665206419
|switch|p2a: Max Bellend|Tapu Fini|100/100
|-fieldstart|move: Misty Terrain|[from] ability: Misty Surge|[of] p2a: Max Bellend
|turn|28
|
|t:|1665206426
|move|p2a: Max Bellend|Moonblast|p1a: Thwackey
|-damage|p1a: Thwackey|32/100
|move|p1a: Thwackey|Grassy Glide|p2a: Max Bellend
|-supereffective|p2a: Max Bellend
|-damage|p2a: Max Bellend|0 fnt
|faint|p2a: Max Bellend
|
|win|someidiot19
