|j|☆d18l
|j|☆top 500 mainstay
|t:|1661308467
|gametype|singles
|player|p1|d18l|backpacker|1774
|player|p2|top 500 mainstay|266|1695
|teamsize|p1|6
|teamsize|p2|6
|gen|8
|tier|[Gen 8] OU
|rated|
|rule|Sleep Clause Mod: Limit one foe put to sleep
|rule|Species Clause: Limit one of each Pokémon
|rule|OHKO Clause: OHKO moves are banned
|rule|Evasion Items Clause: Evasion items are banned
|rule|Evasion Moves Clause: Evasion moves are banned
|rule|Endless Battle Clause: Forcing endless battles is banned
|rule|HP Percentage Mod: HP is shown in percentages
|rule|Dynamax Clause: You cannot dynamax
|clearpoke
|poke|p1|Tapu Koko|
|poke|p1|Victini|
|poke|p1|Landorus-Therian, M|
|poke|p1|Tornadus-Therian, M|
|poke|p1|Rotom-Wash|
|poke|p1|Ferrothorn, M|
|poke|p2|Mew|
|poke|p2|Regieleki|
|poke|p2|Xurkitree|
|poke|p2|Weavile, M|
|poke|p2|Kartana|
|poke|p2|Dragapult, F|
|teampreview
|
|t:|1661308491
|start
|switch|p1a: Tapu Koko|Tapu Koko|100/100
|switch|p2a: Mew|Mew|100/100
|-fieldstart|move: Electric Terrain|[from] ability: Electric Surge|[of] p1a: Tapu Koko
|turn|1
|inactive|Battle timer is ON: inactive players will automatically lose when time's up. (requested by top 500 mainstay)
|
|t:|1661308495
|move|p1a: Tapu Koko|Thunderbolt|p2a: Mew
|-damage|p2a: Mew|35/100
|move|p2a: Mew|Stealth Rock|p1a: Tapu Koko
|-sidestart|p1: d18l|move: Stealth Rock
|
|upkeep
|turn|2
|
|t:|1661308510
|switch|p2a: Dragapult|Dragapult, F|100/100
|move|p1a: Tapu Koko|Thunderbolt|p2a: Dragapult
|-resisted|p2a: Dragapult
|-damage|p2a: Dragapult|50/100
|
|upkeep
|turn|3
|
|t:|1661308525
|move|p2a: Dragapult|Shadow Ball|p1a: Tapu Koko
|-damage|p1a: Tapu Koko|26/100
|move|p1a: Tapu Koko|Thunderbolt|p2a: Dragapult
|-resisted|p2a: Dragapult
|-crit|p2a: Dragapult
|-damage|p2a: Dragapult|0 fnt
|faint|p2a: Dragapult
|
|upkeep
|
|t:|1661308531
|switch|p2a: Kartana|Kartana|100/100
|turn|4
|
|t:|1661308539
|switch|p1a: Ferrothorn|Ferrothorn, M|100/100
|-damage|p1a: Ferrothorn|95/100|[from] Stealth Rock
|move|p2a: Kartana|Knock Off|p1a: Ferrothorn
|-damage|p1a: Ferrothorn|67/100
|-damage|p2a: Kartana|88/100|[from] ability: Iron Barbs|[of] p1a: Ferrothorn
|-damage|p2a: Kartana|72/100|[from] item: Rocky Helmet|[of] p1a: Ferrothorn
|-enditem|p1a: Ferrothorn|Rocky Helmet|[from] move: Knock Off|[of] p2a: Kartana
|
|upkeep
|turn|5
|
|t:|1661308566
|switch|p2a: Mew|Mew|35/100
|move|p1a: Ferrothorn|Gyro Ball|p2a: Mew
|-crit|p2a: Mew
|-damage|p2a: Mew|0 fnt
|faint|p2a: Mew
|
|-fieldend|move: Electric Terrain
|upkeep
|
|t:|1661308578
|switch|p2a: Kartana|Kartana|72/100
|turn|6
|
|t:|1661308596
|switch|p1a: Tornadus|Tornadus-Therian, M|100/100
|-damage|p1a: Tornadus|76/100|[from] Stealth Rock
|move|p2a: Kartana|Sacred Sword|p1a: Tornadus
|-resisted|p1a: Tornadus
|-damage|p1a: Tornadus|54/100
|
|upkeep
|turn|7
|
|t:|1661308602
|switch|p2a: Regieleki|Regieleki|100/100
|move|p1a: Tornadus|U-turn|p2a: Regieleki
|-damage|p2a: Regieleki|70/100
|
|t:|1661308604
|switch|p1a: Landorus|Landorus-Therian, M|100/100|[from]move: U-turn
|-damage|p1a: Landorus|88/100|[from] Stealth Rock
|-ability|p1a: Landorus|Intimidate|boost
|-unboost|p2a: Regieleki|atk|1
|
|-heal|p1a: Landorus|94/100|[from] item: Leftovers
|upkeep
|turn|8
|
|t:|1661308610
|move|p2a: Regieleki|Explosion|p1a: Landorus
|-damage|p1a: Landorus|34/100
|faint|p2a: Regieleki
|move|p1a: Landorus|Earthquake|p2: Regieleki|[notarget]
|-fail|p1a: Landorus
|
|-heal|p1a: Landorus|40/100|[from] item: Leftovers
|upkeep
|
|t:|1661308616
|switch|p2a: Weavile|Weavile, M|100/100
|-ability|p2a: Weavile|Pressure
|turn|9
|
|t:|1661308622
|switch|p1a: Ferrothorn|Ferrothorn, M|67/100
|-damage|p1a: Ferrothorn|61/100|[from] Stealth Rock
|move|p2a: Weavile|Swords Dance|p2a: Weavile
|-boost|p2a: Weavile|atk|2
|
|upkeep
|turn|10
|
|t:|1661308625
|move|p2a: Weavile|Triple Axel|p1a: Ferrothorn
|-damage|p1a: Ferrothorn|46/100
|-damage|p2a: Weavile|88/100|[from] ability: Iron Barbs|[of] p1a: Ferrothorn
|-damage|p1a: Ferrothorn|13/100
|-damage|p2a: Weavile|76/100|[from] ability: Iron Barbs|[of] p1a: Ferrothorn
|-damage|p1a: Ferrothorn|0 fnt
|-damage|p2a: Weavile|63/100|[from] ability: Iron Barbs|[of] p1a: Ferrothorn
|faint|p1a: Ferrothorn
|-hitcount|p1: Ferrothorn|3
|-damage|p2a: Weavile|53/100|[from] item: Life Orb
|
|upkeep
|
|t:|1661308639
|switch|p1a: Landorus|Landorus-Therian, M|40/100
|-damage|p1a: Landorus|28/100|[from] Stealth Rock
|-ability|p1a: Landorus|Intimidate|boost
|-unboost|p2a: Weavile|atk|1
|turn|11
|
|t:|1661308642
|switch|p1a: Tapu Koko|Tapu Koko|26/100
|-damage|p1a: Tapu Koko|13/100|[from] Stealth Rock
|-fieldstart|move: Electric Terrain|[from] ability: Electric Surge|[of] p1a: Tapu Koko
|move|p2a: Weavile|Knock Off|p1a: Tapu Koko
|-resisted|p1a: Tapu Koko
|-damage|p1a: Tapu Koko|0 fnt
|-enditem|p1a: Tapu Koko|Choice Specs|[from] move: Knock Off|[of] p2a: Weavile
|faint|p1a: Tapu Koko
|-damage|p2a: Weavile|43/100|[from] item: Life Orb
|
|upkeep
|
|t:|1661308645
|switch|p1a: Rotom|Rotom-Wash|100/100
|-damage|p1a: Rotom|88/100|[from] Stealth Rock
|turn|12
|
|t:|1661308649
|move|p2a: Weavile|Knock Off|p1a: Rotom
|-damage|p1a: Rotom|1/100
|-damage|p2a: Weavile|27/100|[from] item: Rocky Helmet|[of] p1a: Rotom
|-enditem|p1a: Rotom|Rocky Helmet|[from] move: Knock Off|[of] p2a: Weavile
|-damage|p2a: Weavile|17/100|[from] item: Life Orb
|move|p1a: Rotom|Volt Switch|p2a: Weavile
|-damage|p2a: Weavile|0 fnt
|faint|p2a: Weavile
|
|t:|1661308656
|switch|p1a: Victini|Victini|100/100|[from]move: Volt Switch
|
|upkeep
|
|t:|1661308662
|switch|p2a: Kartana|Kartana|72/100
|turn|13
|
|t:|1661308664
|switch|p1a: Rotom|Rotom-Wash|1/100
|-damage|p1a: Rotom|0 fnt|[from] Stealth Rock
|faint|p1a: Rotom
|move|p2a: Kartana|Knock Off|p1: Rotom|[notarget]
|-fail|p2a: Kartana
|
|upkeep
|
|t:|1661308668
|switch|p1a: Tornadus|Tornadus-Therian, M|87/100
|-damage|p1a: Tornadus|62/100|[from] Stealth Rock
|turn|14
|
|t:|1661308673
|move|p2a: Kartana|Knock Off|p1a: Tornadus
|-damage|p1a: Tornadus|19/100
|-enditem|p1a: Tornadus|Assault Vest|[from] move: Knock Off|[of] p2a: Kartana
|move|p1a: Tornadus|Heat Wave|p2a: Kartana
|-supereffective|p2a: Kartana
|-damage|p2a: Kartana|0 fnt
|faint|p2a: Kartana
|
|upkeep
|
|t:|1661308675
|switch|p2a: Xurkitree|Xurkitree|100/100
|turn|15
|
|t:|1661308677
|move|p1a: Tornadus|U-turn|p2a: Xurkitree
|-damage|p2a: Xurkitree|81/100
|
|t:|1661308687
|switch|p1a: Landorus|Landorus-Therian, M|28/100|[from]move: U-turn
|-damage|p1a: Landorus|16/100|[from] Stealth Rock
|-ability|p1a: Landorus|Intimidate|boost
|-unboost|p2a: Xurkitree|atk|1
|move|p2a: Xurkitree|Zap Cannon|p1a: Landorus
|-immune|p1a: Landorus
|
|-heal|p1a: Landorus|22/100|[from] item: Leftovers
|-fieldend|move: Electric Terrain
|upkeep
|turn|16
|
|t:|1661308696
|move|p2a: Xurkitree|Zap Cannon|p1a: Landorus
|-immune|p1a: Landorus
|move|p1a: Landorus|Earthquake|p2a: Xurkitree
|-supereffective|p2a: Xurkitree
|-crit|p2a: Xurkitree
|-damage|p2a: Xurkitree|0 fnt
|faint|p2a: Xurkitree
|
|win|d18l
|raw|d18l's rating: 1774 &rarr; <strong>1790</strong><br />(+16 for winning)
|raw|top 500 mainstay's rating: 1695 &rarr; <strong>1679</strong><br />(-16 for losing)
|l|☆top 500 mainstay
