|html|<div class="broadcast-blue"><strong>[Gen 8] OU is currently suspecting Melmetal! For information on how to participate check out the <a href="https://www.smogon.com/forums/threads/np-ss-ou-suspect-process-round-12-monster-mash.3709234/">suspect thread</a>.</strong></div>
|j|☆Kwaga
|j|☆ty-tyui↻
|t:|1665945947
|gametype|singles
|player|p1|Kwaga|koga-gen1|1734
|player|p2|ty-tyui↻|grace|1689
|teamsize|p1|6
|teamsize|p2|6
|gen|8
|tier|[Gen 8] OU
|rated|
|rule|Sleep Clause Mod: Limit one foe put to sleep
|rule|Species Clause: Limit one of each Pokémon
|rule|OHKO Clause: OHKO moves are banned
|rule|Evasion Items Clause: Evasion items are banned
|rule|Evasion Moves Clause: Evasion moves are banned
|rule|Endless Battle Clause: Forcing endless battles is banned
|rule|HP Percentage Mod: HP is shown in percentages
|rule|Dynamax Clause: You cannot dynamax
|clearpoke
|poke|p1|Tapu Koko|
|poke|p1|Urshifu-*, M|
|poke|p1|Victini|
|poke|p1|Mandibuzz, F|
|poke|p1|Landorus-Therian, M|
|poke|p1|Ferrothorn, M|
|poke|p2|Mienshao, F|
|poke|p2|Ninetales-Alola, M|
|poke|p2|Blacephalon|
|poke|p2|Landorus-Therian, M|
|poke|p2|Corviknight, M|
|poke|p2|Rotom-Wash|
|teampreview
|
|t:|1665945958
|start
|switch|p1a: Tapu Koko|Tapu Koko, shiny|100/100
|switch|p2a: Ninetales|Ninetales-Alola, M|100/100
|-fieldstart|move: Electric Terrain|[from] ability: Electric Surge|[of] p1a: Tapu Koko
|-weather|Hail|[from] ability: Snow Warning|[of] p2a: Ninetales
|turn|1
|
|t:|1665945961
|move|p1a: Tapu Koko|Volt Switch|p2a: Ninetales
|-damage|p2a: Ninetales|37/100
|
|t:|1665945965
|switch|p1a: Ferrothorn|Ferrothorn, M, shiny|100/100|[from]move: Volt Switch
|move|p2a: Ninetales|Blizzard|p1a: Ferrothorn
|-damage|p1a: Ferrothorn|59/100
|-status|p1a: Ferrothorn|frz
|
|-weather|Hail|[upkeep]
|-damage|p1a: Ferrothorn|53/100 frz|[from] Hail
|-heal|p1a: Ferrothorn|59/100 frz|[from] item: Leftovers
|upkeep
|turn|2
|
|t:|1665945971
|move|p2a: Ninetales|Blizzard|p1a: Ferrothorn
|-damage|p1a: Ferrothorn|21/100 frz
|cant|p1a: Ferrothorn|frz
|
|-weather|Hail|[upkeep]
|-damage|p1a: Ferrothorn|15/100 frz|[from] Hail
|-heal|p1a: Ferrothorn|21/100 frz|[from] item: Leftovers
|upkeep
|turn|3
|
|t:|1665945974
|move|p2a: Ninetales|Blizzard|p1a: Ferrothorn
|-damage|p1a: Ferrothorn|0 fnt
|faint|p1a: Ferrothorn
|
|-weather|Hail|[upkeep]
|upkeep
|
|t:|1665945976
|switch|p1a: Victini|Victini|100/100
|turn|4
|
|t:|1665945979
|switch|p2a: Rotom|Rotom-Wash|100/100
|move|p1a: Victini|V-create|p2a: Rotom
|-resisted|p2a: Rotom
|-damage|p2a: Rotom|60/100
|-unboost|p1a: Victini|spe|1
|-unboost|p1a: Victini|def|1
|-unboost|p1a: Victini|spd|1
|
|-weather|Hail|[upkeep]
|-damage|p2a: Rotom|54/100|[from] Hail
|-damage|p1a: Victini|94/100|[from] Hail
|-heal|p2a: Rotom|60/100|[from] item: Leftovers
|upkeep
|turn|5
|
|t:|1665945985
|switch|p1a: Landorus|Landorus-Therian, M, shiny|100/100
|-ability|p1a: Landorus|Intimidate|boost
|-unboost|p2a: Rotom|atk|1
|move|p2a: Rotom|Hydro Pump|p1a: Landorus
|-supereffective|p1a: Landorus
|-damage|p1a: Landorus|35/100
|
|-weather|none
|-heal|p2a: Rotom|67/100|[from] item: Leftovers
|-heal|p1a: Landorus|41/100|[from] item: Leftovers
|-fieldend|move: Electric Terrain
|upkeep
|turn|6
|
|t:|1665945990
|move|p2a: Rotom|Hydro Pump|p1a: Landorus
|-supereffective|p1a: Landorus
|-damage|p1a: Landorus|0 fnt
|faint|p1a: Landorus
|
|-heal|p2a: Rotom|73/100|[from] item: Leftovers
|upkeep
|
|t:|1665945996
|switch|p1a: Tapu Koko|Tapu Koko, shiny|100/100
|-fieldstart|move: Electric Terrain|[from] ability: Electric Surge|[of] p1a: Tapu Koko
|turn|7
|
|t:|1665945999
|move|p1a: Tapu Koko|Dazzling Gleam|p2a: Rotom
|-crit|p2a: Rotom
|-damage|p2a: Rotom|10/100
|move|p2a: Rotom|Pain Split|p1a: Tapu Koko
|-sethp|p1a: Tapu Koko|55/100|[from] move: Pain Split|[silent]
|-sethp|p2a: Rotom|51/100|[from] move: Pain Split
|
|-heal|p2a: Rotom|57/100|[from] item: Leftovers
|upkeep
|turn|8
|
|t:|1665946003
|switch|p2a: Corviknight|Corviknight, M|100/100
|-ability|p2a: Corviknight|Pressure
|move|p1a: Tapu Koko|Dazzling Gleam|p2a: Corviknight
|-resisted|p2a: Corviknight
|-damage|p2a: Corviknight|79/100
|
|upkeep
|turn|9
|
|t:|1665946005
|switch|p1a: Victini|Victini|94/100
|move|p2a: Corviknight|U-turn|p1a: Victini
|-crit|p1a: Victini
|-damage|p1a: Victini|72/100
|
|t:|1665946008
|switch|p2a: Blacephalon|Blacephalon, shiny|100/100|[from]move: U-turn
|
|upkeep
|turn|10
|
|t:|1665946011
|switch|p1a: Mandibuzz|Mandibuzz, F, shiny|100/100
|move|p2a: Blacephalon|Shadow Ball|p1a: Mandibuzz
|-resisted|p1a: Mandibuzz
|-damage|p1a: Mandibuzz|84/100
|
|upkeep
|turn|11
|
|t:|1665946014
|switch|p2a: Rotom|Rotom-Wash|57/100
|move|p1a: Mandibuzz|U-turn|p2a: Rotom
|-damage|p2a: Rotom|45/100
|
|t:|1665946017
|switch|p1a: Victini|Victini|72/100|[from]move: U-turn
|
|-heal|p2a: Rotom|51/100|[from] item: Leftovers
|-fieldend|move: Electric Terrain
|upkeep
|turn|12
|
|t:|1665946022
|move|p1a: Victini|Bolt Strike|p2a: Rotom
|-damage|p2a: Rotom|12/100
|move|p2a: Rotom|Pain Split|p1a: Victini
|-sethp|p1a: Victini|41/100|[from] move: Pain Split|[silent]
|-sethp|p2a: Rotom|46/100|[from] move: Pain Split
|
|-heal|p2a: Rotom|52/100|[from] item: Leftovers
|upkeep
|turn|13
|
|t:|1665946029
|move|p1a: Victini|Bolt Strike|p2a: Rotom
|-damage|p2a: Rotom|12/100
|move|p2a: Rotom|Volt Switch|p1a: Victini
|-damage|p1a: Victini|18/100
|
|t:|1665946033
|switch|p2a: Blacephalon|Blacephalon, shiny|100/100|[from]move: Volt Switch
|
|upkeep
|turn|14
|
|t:|1665946036
|move|p2a: Blacephalon|Flamethrower|p1a: Victini
|-resisted|p1a: Victini
|-damage|p1a: Victini|0 fnt
|faint|p1a: Victini
|-ability|p2a: Blacephalon|Beast Boost|boost
|-boost|p2a: Blacephalon|spa|1
|
|upkeep
|
|t:|1665946039
|switch|p1a: Urshifu|Urshifu-Rapid-Strike, M|100/100
|turn|15
|
|t:|1665946044
|switch|p2a: Rotom|Rotom-Wash|12/100
|move|p1a: Urshifu|Surging Strikes|p2a: Rotom
|-resisted|p2a: Rotom
|-crit|p2a: Rotom
|-damage|p2a: Rotom|0 fnt
|faint|p2a: Rotom
|-hitcount|p2: Rotom|1
|
|upkeep
|
|t:|1665946047
|switch|p2a: Ninetales|Ninetales-Alola, M|37/100
|-weather|Hail|[from] ability: Snow Warning|[of] p2a: Ninetales
|turn|16
|
|t:|1665946056
|switch|p1a: Tapu Koko|Tapu Koko, shiny|55/100
|-fieldstart|move: Electric Terrain|[from] ability: Electric Surge|[of] p1a: Tapu Koko
|move|p2a: Ninetales|Moonblast|p1a: Tapu Koko
|-damage|p1a: Tapu Koko|0 fnt
|faint|p1a: Tapu Koko
|
|-weather|Hail|[upkeep]
|upkeep
|c|☆Kwaga|just a great turn 1
|c|☆Kwaga|lost the game from there
|c|☆Kwaga|gg
|-message|Kwaga forfeited.
|
|win|ty-tyui↻
|raw|Kwaga's rating: 1734 &rarr; <strong>1711</strong><br />(-23 for losing)
|raw|ty-tyui↻'s rating: 1689 &rarr; <strong>1712</strong><br />(+23 for winning)
|l|☆Kwaga
