|j|☆Blue chen
|j|☆Metrona
|player|p1|Blue chen|karen|1641
|player|p2|Metrona|2|1696
|teamsize|p1|6
|teamsize|p2|6
|gametype|singles
|gen|8
|tier|[Gen 8] OU
|rated|
|clearpoke
|poke|p1|Shuckle, M|
|poke|p1|Togekiss, M|
|poke|p1|Cinderace, M|
|poke|p1|Kyurem|
|poke|p1|Dracozolt|
|poke|p1|Zeraora|
|poke|p2|Pelipper, F|
|poke|p2|Barraskewda, F|
|poke|p2|Frosmoth, M|
|poke|p2|Weezing-Galar, F|
|poke|p2|Ferrothorn, M|
|poke|p2|Heliolisk, F|
|rule|Sleep Clause Mod: Limit one foe put to sleep
|rule|Species Clause: Limit one of each Pokémon
|rule|OHKO Clause: OHKO moves are banned
|rule|Evasion Moves Clause: Evasion moves are banned
|rule|Endless Battle Clause: Forcing endless battles is banned
|rule|HP Percentage Mod: HP is shown in percentages
|rule|Dynamax Clause: You cannot dynamax
|teampreview
|
|start
|switch|p1a: Dracozolt|Dracozolt|100/100
|switch|p2a: Barraskewda|Barraskewda, F|100/100
|turn|1
|
|switch|p2a: Ferrothorn|Ferrothorn, M|100/100
|move|p1a: Dracozolt|Bolt Beak|p2a: Ferrothorn
|-resisted|p2a: Ferrothorn
|-damage|p2a: Ferrothorn|59/100
|-damage|p1a: Dracozolt|88/100|[from] ability: Iron Barbs|[of] p2a: Ferrothorn
|
|-heal|p2a: Ferrothorn|66/100|[from] item: Leftovers
|upkeep
|turn|2
|
|move|p1a: Dracozolt|Fire Fang|p2a: Ferrothorn|[miss]
|-miss|p1a: Dracozolt|p2a: Ferrothorn
|move|p2a: Ferrothorn|Leech Seed|p1a: Dracozolt
|-start|p1a: Dracozolt|move: Leech Seed
|
|-heal|p2a: Ferrothorn|72/100|[from] item: Leftovers
|-damage|p1a: Dracozolt|76/100|[from] Leech Seed|[of] p2a: Ferrothorn
|-heal|p2a: Ferrothorn|83/100|[silent]
|upkeep
|turn|3
|
|switch|p1a: Shuckle|Shuckle, M|100/100
|switch|p2a: Weezing|Weezing-Galar, F|100/100
|-ability|p2a: Weezing|Neutralizing Gas
|
|upkeep
|turn|4
|
|move|p2a: Weezing|Sludge Bomb|p1a: Shuckle
|-resisted|p1a: Shuckle
|-damage|p1a: Shuckle|92/100
|-enditem|p1a: Shuckle|Red Card|[of] p2a: Weezing
|drag|p2a: Barraskewda|Barraskewda, F|100/100
|move|p1a: Shuckle|Encore||[still]
|-fail|p1a: Shuckle
|
|upkeep
|turn|5
|
|move|p2a: Barraskewda|Liquidation|p1a: Shuckle
|-supereffective|p1a: Shuckle
|-damage|p1a: Shuckle|17/100
|move|p1a: Shuckle|Sticky Web|p2a: Barraskewda
|-sidestart|p2: Metrona|move: Sticky Web
|
|upkeep
|turn|6
|
|move|p2a: Barraskewda|Liquidation|p1a: Shuckle
|-supereffective|p1a: Shuckle
|-damage|p1a: Shuckle|0 fnt
|faint|p1a: Shuckle
|
|upkeep
|
|switch|p1a: Zeraora|Zeraora|100/100
|turn|7
|
|switch|p2a: Ferrothorn|Ferrothorn, M|83/100
|-activate|p2a: Ferrothorn|move: Sticky Web
|-unboost|p2a: Ferrothorn|spe|1
|move|p1a: Zeraora|Knock Off|p2a: Ferrothorn
|-damage|p2a: Ferrothorn|62/100
|-damage|p1a: Zeraora|88/100|[from] ability: Iron Barbs|[of] p2a: Ferrothorn
|-enditem|p2a: Ferrothorn|Leftovers|[from] move: Knock Off|[of] p1a: Zeraora
|
|-heal|p1a: Zeraora|94/100|[from] item: Leftovers
|upkeep
|turn|8
|
|switch|p2a: Weezing|Weezing-Galar, F|100/100
|-ability|p2a: Weezing|Neutralizing Gas
|-activate|p2a: Weezing|move: Sticky Web
|-unboost|p2a: Weezing|spe|1
|move|p1a: Zeraora|Close Combat|p2a: Weezing
|-resisted|p2a: Weezing
|-damage|p2a: Weezing|94/100
|-unboost|p1a: Zeraora|def|1
|-unboost|p1a: Zeraora|spd|1
|
|-heal|p1a: Zeraora|99/100|[from] item: Leftovers
|-heal|p2a: Weezing|100/100|[from] item: Black Sludge
|upkeep
|turn|9
|
|switch|p1a: Dracozolt|Dracozolt|76/100
|move|p2a: Weezing|Defog|p1a: Dracozolt
|-unboost|p1a: Dracozolt|evasion|1
|-sideend|p2: Metrona|Sticky Web|[from] move: Defog|[of] p2a: Weezing
|
|upkeep
|turn|10
|
|move|p1a: Dracozolt|Bolt Beak|p2a: Weezing
|-damage|p2a: Weezing|46/100
|move|p2a: Weezing|Will-O-Wisp|p1a: Dracozolt
|-status|p1a: Dracozolt|brn
|
|-heal|p2a: Weezing|52/100|[from] item: Black Sludge
|-damage|p1a: Dracozolt|69/100 brn|[from] brn
|upkeep
|turn|11
|
|move|p1a: Dracozolt|Bolt Beak|p2a: Weezing
|-damage|p2a: Weezing|27/100
|move|p2a: Weezing|Strange Steam|p1a: Dracozolt
|-supereffective|p1a: Dracozolt
|-damage|p1a: Dracozolt|0 fnt
|faint|p1a: Dracozolt
|
|-heal|p2a: Weezing|33/100|[from] item: Black Sludge
|upkeep
|
|switch|p1a: Kyurem|Kyurem|100/100
|turn|12
|
|-ability|p1a: Kyurem|Pressure
|switch|p2a: Frosmoth|Frosmoth, M|100/100
|move|p1a: Kyurem|Ice Beam|p2a: Frosmoth
|-resisted|p2a: Frosmoth
|-crit|p2a: Frosmoth
|-damage|p2a: Frosmoth|79/100
|
|upkeep
|turn|13
|
|switch|p1a: Cinderace|Cinderace, M|100/100
|switch|p2a: Pelipper|Pelipper, F|100/100
|-weather|RainDance|[from] ability: Drizzle|[of] p2a: Pelipper
|
|-weather|RainDance|[upkeep]
|upkeep
|turn|14
|
|move|p1a: Cinderace|U-turn|p2a: Pelipper
|-start|p1a: Cinderace|typechange|Bug|[from] ability: Libero
|-resisted|p2a: Pelipper
|-damage|p2a: Pelipper|89/100
|
|switch|p1a: Kyurem|Kyurem|100/100|[from]move: U-turn
|-ability|p1a: Kyurem|Pressure
|move|p2a: Pelipper|U-turn|p1a: Kyurem
|-damage|p1a: Kyurem|93/100
|
|switch|p2a: Frosmoth|Frosmoth, M|79/100|[from]move: U-turn
|
|-weather|RainDance|[upkeep]
|upkeep
|turn|15
|
|switch|p1a: Cinderace|Cinderace, M|100/100
|move|p2a: Frosmoth|Quiver Dance|p2a: Frosmoth
|-boost|p2a: Frosmoth|spa|1
|-boost|p2a: Frosmoth|spd|1
|-boost|p2a: Frosmoth|spe|1
|
|-weather|RainDance|[upkeep]
|upkeep
|turn|16
|
|move|p2a: Frosmoth|Weather Ball|p1a: Cinderace
|-supereffective|p1a: Cinderace
|-damage|p1a: Cinderace|0 fnt
|faint|p1a: Cinderace
|
|-weather|RainDance|[upkeep]
|upkeep
|-message|Blue chen forfeited.
|
|win|Metrona
|l|☆Blue chen
|raw|Blue chen's rating: 1641 &rarr; <strong>1624</strong><br />(-17 for losing)
|raw|Metrona's rating: 1696 &rarr; <strong>1713</strong><br />(+17 for winning)
