|j|☆R0tomWashedUp
|j|☆Gotmyvanson
|t:|1647157595
|gametype|singles
|player|p1|R0tomWashedUp|2|1580
|player|p2|Gotmyvanson|1|1595
|teamsize|p1|6
|teamsize|p2|6
|gen|8
|tier|[Gen 8] OU
|rated|
|rule|Sleep Clause Mod: Limit one foe put to sleep
|rule|Species Clause: Limit one of each Pokémon
|rule|OHKO Clause: OHKO moves are banned
|rule|Evasion Moves Clause: Evasion moves are banned
|rule|Endless Battle Clause: Forcing endless battles is banned
|rule|HP Percentage Mod: HP is shown in percentages
|rule|Dynamax Clause: You cannot dynamax
|clearpoke
|poke|p1|Urshifu-*, F|
|poke|p1|Ferrothorn, M|
|poke|p1|Regieleki|
|poke|p1|Tapu Lele|
|poke|p1|Landorus-Therian, M|
|poke|p1|Kommo-o, F|
|poke|p2|Swampert, M|
|poke|p2|Hawlucha, F|
|poke|p2|Tapu Koko|
|poke|p2|Blacephalon|
|poke|p2|Heatran, F|
|poke|p2|Zapdos|
|teampreview
|
|t:|1647157635
|start
|switch|p1a: Tapu Lele|Tapu Lele|100/100
|switch|p2a: Heatran|Heatran, F|100/100
|-fieldstart|move: Psychic Terrain|[from] ability: Psychic Surge|[of] p1a: Tapu Lele
|turn|1
|
|t:|1647157645
|move|p1a: Tapu Lele|Focus Blast|p2a: Heatran
|-supereffective|p2a: Heatran
|-damage|p2a: Heatran|37/100
|move|p2a: Heatran|Magma Storm|p1a: Tapu Lele
|-damage|p1a: Tapu Lele|69/100
|-activate|p1a: Tapu Lele|move: Magma Storm|[of] p2a: Heatran
|
|-heal|p2a: Heatran|43/100|[from] item: Leftovers
|-damage|p1a: Tapu Lele|57/100|[from] move: Magma Storm|[partiallytrapped]
|upkeep
|turn|2
|inactive|Battle timer is ON: inactive players will automatically lose when time's up. (requested by R0tomWashedUp)
|
|t:|1647157691
|switch|p2a: Swampert|Swampert, M|100/100
|move|p1a: Tapu Lele|Focus Blast|p2a: Swampert
|-damage|p2a: Swampert|69/100
|
|-heal|p2a: Swampert|75/100|[from] item: Leftovers
|-end|p1a: Tapu Lele|Magma Storm|[partiallytrapped]|[silent]
|upkeep
|turn|3
|
|t:|1647157707
|switch|p1a: Ferrothorn|Ferrothorn, M|100/100
|move|p2a: Swampert|Stealth Rock|p1a: Ferrothorn
|-sidestart|p1: R0tomWashedUp|move: Stealth Rock
|
|-heal|p2a: Swampert|81/100|[from] item: Leftovers
|upkeep
|turn|4
|inactive|R0tomWashedUp has 120 seconds left.
|
|t:|1647157733
|move|p2a: Swampert|Flip Turn|p1a: Ferrothorn
|-resisted|p1a: Ferrothorn
|-damage|p1a: Ferrothorn|94/100
|-damage|p2a: Swampert|69/100|[from] ability: Iron Barbs|[of] p1a: Ferrothorn
|-damage|p2a: Swampert|52/100|[from] item: Rocky Helmet|[of] p1a: Ferrothorn
|
|t:|1647157735
|switch|p2a: Heatran|Heatran, F|43/100|[from]move: Flip Turn
|move|p1a: Ferrothorn|Spikes|p2a: Heatran
|-sidestart|p2: Gotmyvanson|Spikes
|
|-heal|p2a: Heatran|49/100|[from] item: Leftovers
|upkeep
|turn|5
|inactive|R0tomWashedUp has 120 seconds left.
|
|t:|1647157754
|switch|p1a: Landorus|Landorus-Therian, M|100/100
|-damage|p1a: Landorus|88/100|[from] Stealth Rock
|-ability|p1a: Landorus|Intimidate|boost
|-unboost|p2a: Heatran|atk|1
|move|p2a: Heatran|Toxic|p1a: Landorus
|-status|p1a: Landorus|tox
|
|-heal|p1a: Landorus|94/100 tox|[from] item: Leftovers
|-heal|p2a: Heatran|55/100|[from] item: Leftovers
|-damage|p1a: Landorus|88/100 tox|[from] psn
|-fieldend|move: Psychic Terrain
|upkeep
|turn|6
|
|t:|1647157759
|switch|p2a: Zapdos|Zapdos|100/100
|move|p1a: Landorus|Earthquake|p2a: Zapdos
|-immune|p2a: Zapdos
|
|-heal|p1a: Landorus|94/100 tox|[from] item: Leftovers
|-damage|p1a: Landorus|82/100 tox|[from] psn
|upkeep
|turn|7
|
|t:|1647157766
|move|p2a: Zapdos|Hurricane|p1a: Landorus
|-damage|p1a: Landorus|38/100 tox
|move|p1a: Landorus|Knock Off|p2a: Zapdos
|-damage|p2a: Zapdos|69/100
|-enditem|p2a: Zapdos|Heavy-Duty Boots|[from] move: Knock Off|[of] p1a: Landorus
|
|-heal|p1a: Landorus|44/100 tox|[from] item: Leftovers
|-damage|p1a: Landorus|26/100 tox|[from] psn
|upkeep
|turn|8
|
|t:|1647157772
|move|p2a: Zapdos|Hurricane|p1a: Landorus
|-damage|p1a: Landorus|0 fnt
|faint|p1a: Landorus
|
|upkeep
|
|t:|1647157786
|switch|p1a: Tapu Lele|Tapu Lele|57/100
|-damage|p1a: Tapu Lele|44/100|[from] Stealth Rock
|-fieldstart|move: Psychic Terrain|[from] ability: Psychic Surge|[of] p1a: Tapu Lele
|turn|9
|
|t:|1647157790
|switch|p2a: Heatran|Heatran, F|55/100
|-damage|p2a: Heatran|43/100|[from] Spikes
|move|p1a: Tapu Lele|Psyshock|p2a: Heatran
|-resisted|p2a: Heatran
|-damage|p2a: Heatran|17/100
|
|-heal|p2a: Heatran|23/100|[from] item: Leftovers
|upkeep
|turn|10
|
|t:|1647157799
|move|p1a: Tapu Lele|Psyshock|p2a: Heatran
|-resisted|p2a: Heatran
|-damage|p2a: Heatran|0 fnt
|faint|p2a: Heatran
|
|upkeep
|
|t:|1647157822
|switch|p2a: Swampert|Swampert, M|52/100
|-damage|p2a: Swampert|40/100|[from] Spikes
|turn|11
|
|t:|1647157827
|switch|p1a: Ferrothorn|Ferrothorn, M|94/100
|-damage|p1a: Ferrothorn|88/100|[from] Stealth Rock
|move|p2a: Swampert|Earthquake|p1a: Ferrothorn
|-damage|p1a: Ferrothorn|66/100
|
|-heal|p2a: Swampert|46/100|[from] item: Leftovers
|upkeep
|turn|12
|
|t:|1647157833
|move|p2a: Swampert|Flip Turn|p1a: Ferrothorn
|-resisted|p1a: Ferrothorn
|-damage|p1a: Ferrothorn|60/100
|-damage|p2a: Swampert|34/100|[from] ability: Iron Barbs|[of] p1a: Ferrothorn
|-damage|p2a: Swampert|17/100|[from] item: Rocky Helmet|[of] p1a: Ferrothorn
|
|t:|1647157834
|switch|p2a: Zapdos|Zapdos|69/100|[from]move: Flip Turn
|move|p1a: Ferrothorn|Leech Seed|p2a: Zapdos
|-start|p2a: Zapdos|move: Leech Seed
|
|-damage|p2a: Zapdos|57/100|[from] Leech Seed|[of] p1a: Ferrothorn
|-heal|p1a: Ferrothorn|73/100|[silent]
|upkeep
|turn|13
|inactive|R0tomWashedUp has 120 seconds left.
|
|t:|1647157878
|switch|p1a: Regieleki|Regieleki|100/100
|move|p2a: Zapdos|Roost|p2a: Zapdos
|-heal|p2a: Zapdos|100/100
|-singleturn|p2a: Zapdos|move: Roost
|
|-damage|p2a: Zapdos|88/100|[from] Leech Seed|[of] p1a: Regieleki
|-fieldend|move: Psychic Terrain
|upkeep
|turn|14
|inactive|Gotmyvanson has 120 seconds left.
|
|t:|1647157917
|switch|p2a: Swampert|Swampert, M|17/100
|-damage|p2a: Swampert|5/100|[from] Spikes
|move|p1a: Regieleki|Rapid Spin|p2a: Swampert
|-damage|p2a: Swampert|0 fnt
|-boost|p1a: Regieleki|spe|1
|-sideend|p1: R0tomWashedUp|Stealth Rock|[from] move: Rapid Spin|[of] p1a: Regieleki
|faint|p2a: Swampert
|
|upkeep
|
|t:|1647157925
|switch|p2a: Tapu Koko|Tapu Koko|100/100
|-fieldstart|move: Electric Terrain|[from] ability: Electric Surge|[of] p2a: Tapu Koko
|turn|15
|inactive|R0tomWashedUp has 120 seconds left.
|
|t:|1647157945
|move|p1a: Regieleki|Ancient Power|p2a: Tapu Koko
|-damage|p2a: Tapu Koko|72/100
|move|p2a: Tapu Koko|Dazzling Gleam|p1a: Regieleki
|-crit|p1a: Regieleki
|-damage|p1a: Regieleki|15/100
|
|upkeep
|turn|16
|inactive|Gotmyvanson has 120 seconds left.
|
|t:|1647157963
|move|p1a: Regieleki|Volt Switch|p2a: Tapu Koko
|-resisted|p2a: Tapu Koko
|-damage|p2a: Tapu Koko|23/100
|
|t:|1647157968
|switch|p1a: Ferrothorn|Ferrothorn, M|73/100|[from]move: Volt Switch
|move|p2a: Tapu Koko|Dazzling Gleam|p1a: Ferrothorn
|-resisted|p1a: Ferrothorn
|-damage|p1a: Ferrothorn|59/100
|
|upkeep
|turn|17
|
|t:|1647157978
|switch|p2a: Zapdos|Zapdos|88/100
|move|p1a: Ferrothorn|Leech Seed|p2a: Zapdos
|-start|p2a: Zapdos|move: Leech Seed
|
|-damage|p2a: Zapdos|76/100|[from] Leech Seed|[of] p1a: Ferrothorn
|-heal|p1a: Ferrothorn|73/100|[silent]
|upkeep
|turn|18
|j| Grimmisnarl
|l| Grimmisnarl
|inactive|R0tomWashedUp has 120 seconds left.
|j| maurice galactica
|
|t:|1647158006
|move|p2a: Zapdos|Volt Switch|p1a: Ferrothorn
|-resisted|p1a: Ferrothorn
|-damage|p1a: Ferrothorn|55/100
|j| Syntheo
|inactive|Gotmyvanson has 120 seconds left.
|
|t:|1647158033
|switch|p2a: Blacephalon|Blacephalon|100/100|[from]move: Volt Switch
|-damage|p2a: Blacephalon|88/100|[from] Spikes
|move|p1a: Ferrothorn|Spikes|p2a: Blacephalon
|-sidestart|p2: Gotmyvanson|Spikes
|
|upkeep
|turn|19
|inactive|R0tomWashedUp has 120 seconds left.
|
|t:|1647158056
|move|p2a: Blacephalon|Flamethrower|p1a: Ferrothorn
|-supereffective|p1a: Ferrothorn
|-damage|p1a: Ferrothorn|0 fnt
|faint|p1a: Ferrothorn
|-ability|p2a: Blacephalon|Beast Boost|boost
|-boost|p2a: Blacephalon|spa|1
|
|-fieldend|move: Electric Terrain
|upkeep
|
|t:|1647158059
|switch|p1a: Urshifu|Urshifu-Rapid-Strike, F|100/100
|turn|20
|c|☆R0tomWashedUp|oof
|inactive|Gotmyvanson has 120 seconds left.
|c|☆R0tomWashedUp|mispredict lmao
|
|t:|1647158105
|switch|p2a: Zapdos|Zapdos|76/100
|move|p1a: Urshifu|Surging Strikes|p2a: Zapdos
|-crit|p2a: Zapdos
|-damage|p2a: Zapdos|57/100
|-crit|p2a: Zapdos
|-damage|p2a: Zapdos|36/100
|-crit|p2a: Zapdos
|-damage|p2a: Zapdos|17/100
|-hitcount|p2a: Zapdos|3
|
|upkeep
|turn|21
|inactive|Gotmyvanson has 90 seconds left.
|
|t:|1647158133
|move|p1a: Urshifu|Surging Strikes|p2a: Zapdos
|-crit|p2a: Zapdos
|-damage|p2a: Zapdos|0 fnt
|-status|p1a: Urshifu|par|[from] ability: Static|[of] p2a: Zapdos
|faint|p2a: Zapdos
|-hitcount|p2: Zapdos|1
|
|upkeep
|c|☆R0tomWashedUp|fuuuuck
|
|t:|1647158152
|switch|p2a: Tapu Koko|Tapu Koko|23/100
|-fieldstart|move: Electric Terrain|[from] ability: Electric Surge|[of] p2a: Tapu Koko
|turn|22
|
|t:|1647158170
|move|p2a: Tapu Koko|Thunderbolt|p1a: Urshifu
|-supereffective|p1a: Urshifu
|-damage|p1a: Urshifu|0 fnt
|faint|p1a: Urshifu
|
|upkeep
|
|t:|1647158174
|switch|p1a: Regieleki|Regieleki|15/100
|turn|23
|inactive|Gotmyvanson has 60 seconds left.
|
|t:|1647158205
|move|p1a: Regieleki|Volt Switch|p2a: Tapu Koko
|-resisted|p2a: Tapu Koko
|-damage|p2a: Tapu Koko|0 fnt
|faint|p2a: Tapu Koko
|
|t:|1647158209
|switch|p1a: Tapu Lele|Tapu Lele|44/100|[from]move: Volt Switch
|-fieldstart|move: Psychic Terrain|[from] ability: Psychic Surge|[of] p1a: Tapu Lele
|
|upkeep
|
|t:|1647158214
|switch|p2a: Blacephalon|Blacephalon|88/100
|-damage|p2a: Blacephalon|72/100|[from] Spikes
|turn|24
|
|t:|1647158220
|switch|p1a: Kommo-o|Kommo-o, F|100/100
|move|p2a: Blacephalon|Flamethrower|p1a: Kommo-o
|-resisted|p1a: Kommo-o
|-damage|p1a: Kommo-o|73/100
|
|upkeep
|turn|25
|
|t:|1647158228
|switch|p2a: Hawlucha|Hawlucha, F|100/100
|move|p1a: Kommo-o|Clanging Scales|p2a: Hawlucha
|-damage|p2a: Hawlucha|29/100
|-unboost|p1a: Kommo-o|def|1
|-enditem|p1a: Kommo-o|Throat Spray
|-boost|p1a: Kommo-o|spa|1|[from] item: Throat Spray
|
|upkeep
|turn|26
|
|t:|1647158238
|switch|p1a: Tapu Lele|Tapu Lele|44/100
|move|p2a: Hawlucha|Acrobatics|p1a: Tapu Lele
|-damage|p1a: Tapu Lele|5/100
|
|upkeep
|turn|27
|
|t:|1647158244
|move|p2a: Hawlucha|Acrobatics|p1a: Tapu Lele
|-damage|p1a: Tapu Lele|0 fnt
|faint|p1a: Tapu Lele
|
|-fieldend|move: Psychic Terrain
|upkeep
|j| qiged
|
|t:|1647158246
|switch|p1a: Regieleki|Regieleki|15/100
|turn|28
|inactive|Gotmyvanson has 90 seconds left.
|
|t:|1647158263
|switch|p2a: Blacephalon|Blacephalon|72/100
|-damage|p2a: Blacephalon|55/100|[from] Spikes
|move|p1a: Regieleki|Electro Ball|p2a: Blacephalon
|-damage|p2a: Blacephalon|0 fnt
|faint|p2a: Blacephalon
|
|upkeep
|c|☆R0tomWashedUp|gg
|
|t:|1647158265
|switch|p2a: Hawlucha|Hawlucha, F|29/100
|turn|29
|-message|Gotmyvanson forfeited.
|
|win|R0tomWashedUp
|raw|R0tomWashedUp's rating: 1580 &rarr; <strong>1601</strong><br />(+21 for winning)
|raw|Gotmyvanson's rating: 1595 &rarr; <strong>1574</strong><br />(-21 for losing)
|l|☆Gotmyvanson
