|j|☆Taco Pogrom
|j|☆BADALAKAZAM
|t:|1658957493
|gametype|singles
|player|p1|Taco Pogrom|1|1580
|player|p2|BADALAKAZAM|pokekid|1585
|teamsize|p1|6
|teamsize|p2|6
|gen|8
|tier|[Gen 8] OU
|rated|
|rule|Sleep Clause Mod: Limit one foe put to sleep
|rule|Species Clause: Limit one of each Pokémon
|rule|OHKO Clause: OHKO moves are banned
|rule|Evasion Moves Clause: Evasion moves are banned
|rule|Endless Battle Clause: Forcing endless battles is banned
|rule|HP Percentage Mod: HP is shown in percentages
|rule|Dynamax Clause: You cannot dynamax
|clearpoke
|poke|p1|Blacephalon|
|poke|p1|Kartana|
|poke|p1|Zapdos-Galar|
|poke|p1|Blissey, F|
|poke|p1|Landorus-Therian, M|
|poke|p1|Buzzwole|
|poke|p2|Gengar, F|
|poke|p2|Weavile, F|
|poke|p2|Aegislash, M|
|poke|p2|Zeraora|
|poke|p2|Mandibuzz, F|
|poke|p2|Dragapult, M|
|teampreview
|inactive|Battle timer is ON: inactive players will automatically lose when time's up. (requested by Taco Pogrom)
|
|t:|1658957511
|start
|switch|p1a: Blacephalon|Blacephalon|100/100
|switch|p2a: Gengar|Gengar, F|100/100
|turn|1
|
|t:|1658957521
|switch|p1a: Blissey|Blissey, F|100/100
|switch|p2a: Weavile|Weavile, F|100/100
|-ability|p2a: Weavile|Pressure
|
|upkeep
|turn|2
|
|t:|1658957533
|switch|p1a: Buzzwole|Buzzwole|100/100
|move|p2a: Weavile|Knock Off|p1a: Buzzwole
|-resisted|p1a: Buzzwole
|-damage|p1a: Buzzwole|89/100
|-enditem|p1a: Buzzwole|Heavy-Duty Boots|[from] move: Knock Off|[of] p2a: Weavile
|
|upkeep
|turn|3
|
|t:|1658957541
|switch|p2a: Aegislash|Aegislash, M|100/100
|switch|p1a: Landorus|Landorus-Therian, M|100/100
|-ability|p1a: Landorus|Intimidate|boost
|-unboost|p2a: Aegislash|atk|1
|
|upkeep
|turn|4
|
|t:|1658957546
|switch|p2a: Mandibuzz|Mandibuzz, F|100/100
|move|p1a: Landorus|Stealth Rock|p2a: Mandibuzz
|-sidestart|p2: BADALAKAZAM|move: Stealth Rock
|
|upkeep
|turn|5
|
|t:|1658957554
|switch|p1a: Zapdos|Zapdos-Galar|100/100
|move|p2a: Mandibuzz|Knock Off|p1a: Zapdos
|-resisted|p1a: Zapdos
|-damage|p1a: Zapdos|88/100
|-enditem|p1a: Zapdos|Choice Band|[from] move: Knock Off|[of] p2a: Mandibuzz
|
|upkeep
|turn|6
|
|t:|1658957562
|move|p1a: Zapdos|Thunderous Kick|p2a: Mandibuzz
|-damage|p2a: Mandibuzz|72/100
|-unboost|p2a: Mandibuzz|def|1
|move|p2a: Mandibuzz|U-turn|p1a: Zapdos
|-resisted|p1a: Zapdos
|-damage|p1a: Zapdos|85/100
|
|t:|1658957572
|switch|p2a: Aegislash|Aegislash, M|100/100|[from]move: U-turn
|-damage|p2a: Aegislash|94/100|[from] Stealth Rock
|
|upkeep
|turn|7
|
|t:|1658957577
|move|p1a: Zapdos|U-turn|p2a: Aegislash
|-resisted|p2a: Aegislash
|-damage|p2a: Aegislash|88/100
|
|t:|1658957579
|switch|p1a: Blissey|Blissey, F|100/100|[from]move: U-turn
|-formechange|p2a: Aegislash|Aegislash-Blade||[from] ability: Stance Change
|move|p2a: Aegislash|Flash Cannon|p1a: Blissey
|-damage|p1a: Blissey|74/100
|
|upkeep
|turn|8
|
|t:|1658957587
|move|p2a: Aegislash|Flash Cannon|p1a: Blissey
|-damage|p1a: Blissey|46/100
|move|p1a: Blissey|Teleport|p1a: Blissey
|
|t:|1658957589
|switch|p1a: Blacephalon|Blacephalon|100/100|[from]move: Teleport
|
|upkeep
|turn|9
|
|t:|1658957596
|switch|p2a: Dragapult|Dragapult, M|100/100
|-damage|p2a: Dragapult|88/100|[from] Stealth Rock
|move|p1a: Blacephalon|Flamethrower|p2a: Dragapult
|-resisted|p2a: Dragapult
|-damage|p2a: Dragapult|49/100
|
|upkeep
|turn|10
|
|t:|1658957605
|switch|p1a: Landorus|Landorus-Therian, M|100/100
|-ability|p1a: Landorus|Intimidate|boost
|-fail|p2a: Dragapult|unboost|[from] ability: Clear Body|[of] p2a: Dragapult
|move|p2a: Dragapult|Dragon Darts|p1a: Landorus
|-damage|p1a: Landorus|62/100
|-anim|p2a: Dragapult|Dragon Darts|p1a: Landorus
|-damage|p1a: Landorus|28/100
|
|-heal|p1a: Landorus|34/100|[from] item: Leftovers
|upkeep
|turn|11
|
|t:|1658957610
|switch|p1a: Buzzwole|Buzzwole|89/100
|move|p2a: Dragapult|Dragon Darts|p1a: Buzzwole
|-crit|p1a: Buzzwole
|-damage|p1a: Buzzwole|61/100
|-anim|p2a: Dragapult|Dragon Darts|p1a: Buzzwole
|-damage|p1a: Buzzwole|44/100
|
|upkeep
|turn|12
|
|t:|1658957614
|move|p2a: Dragapult|Dragon Darts|p1a: Buzzwole
|-damage|p1a: Buzzwole|26/100
|-anim|p2a: Dragapult|Dragon Darts|p1a: Buzzwole
|-damage|p1a: Buzzwole|7/100
|move|p1a: Buzzwole|Roost|p1a: Buzzwole
|-heal|p1a: Buzzwole|57/100
|-singleturn|p1a: Buzzwole|move: Roost
|
|upkeep
|turn|13
|
|t:|1658957620
|switch|p2a: Gengar|Gengar, F|100/100
|-damage|p2a: Gengar|88/100|[from] Stealth Rock
|move|p1a: Buzzwole|Roost|p1a: Buzzwole
|-heal|p1a: Buzzwole|100/100
|-singleturn|p1a: Buzzwole|move: Roost
|
|upkeep
|turn|14
|
|t:|1658957629
|move|p2a: Gengar|Sludge Wave|p1a: Buzzwole
|-damage|p1a: Buzzwole|2/100
|-status|p1a: Buzzwole|psn
|move|p1a: Buzzwole|Ice Punch|p2a: Gengar
|-damage|p2a: Gengar|42/100
|-status|p2a: Gengar|frz
|
|-damage|p1a: Buzzwole|0 fnt|[from] psn
|faint|p1a: Buzzwole
|upkeep
|
|t:|1658957633
|switch|p1a: Kartana|Kartana|100/100
|turn|15
|
|t:|1658957637
|switch|p2a: Mandibuzz|Mandibuzz, F|72/100
|move|p1a: Kartana|Knock Off|p2a: Mandibuzz
|-resisted|p2a: Mandibuzz
|-damage|p2a: Mandibuzz|57/100
|-enditem|p2a: Mandibuzz|Heavy-Duty Boots|[from] move: Knock Off|[of] p1a: Kartana
|
|upkeep
|turn|16
|
|t:|1658957645
|switch|p1a: Blissey|Blissey, F|46/100
|move|p2a: Mandibuzz|Roost|p2a: Mandibuzz
|-heal|p2a: Mandibuzz|100/100
|-singleturn|p2a: Mandibuzz|move: Roost
|
|upkeep
|turn|17
|
|t:|1658957652
|move|p2a: Mandibuzz|U-turn|p1a: Blissey
|-damage|p1a: Blissey|36/100
|
|t:|1658957655
|switch|p2a: Weavile|Weavile, F|100/100|[from]move: U-turn
|-ability|p2a: Weavile|Pressure
|move|p1a: Blissey|Soft-Boiled|p1a: Blissey
|-heal|p1a: Blissey|86/100
|
|upkeep
|turn|18
|
|t:|1658957664
|move|p2a: Weavile|Triple Axel|p1a: Blissey
|-damage|p1a: Blissey|77/100
|-damage|p1a: Blissey|58/100
|-damage|p1a: Blissey|33/100
|-hitcount|p1a: Blissey|3
|move|p1a: Blissey|Teleport|p1a: Blissey
|
|t:|1658957666
|switch|p1a: Blacephalon|Blacephalon|100/100|[from]move: Teleport
|
|upkeep
|turn|19
|
|t:|1658957682
|switch|p2a: Gengar|Gengar, F|42/100 frz
|-damage|p2a: Gengar|30/100 frz|[from] Stealth Rock
|move|p1a: Blacephalon|Flamethrower|p2a: Gengar
|-damage|p2a: Gengar|0 fnt
|-start|p1a: Blacephalon|Disable|Flamethrower|[from] ability: Cursed Body|[of] p2a: Gengar
|faint|p2a: Gengar
|-ability|p1a: Blacephalon|Beast Boost|boost
|-boost|p1a: Blacephalon|spa|1
|
|upkeep
|
|t:|1658957694
|switch|p2a: Weavile|Weavile, F|100/100
|-ability|p2a: Weavile|Pressure
|turn|20
|
|t:|1658957703
|switch|p1a: Landorus|Landorus-Therian, M|34/100
|-ability|p1a: Landorus|Intimidate|boost
|-unboost|p2a: Weavile|atk|1
|move|p2a: Weavile|Swords Dance|p2a: Weavile
|-boost|p2a: Weavile|atk|2
|
|-heal|p1a: Landorus|40/100|[from] item: Leftovers
|upkeep
|turn|21
|
|t:|1658957712
|switch|p1a: Zapdos|Zapdos-Galar|85/100
|move|p2a: Weavile|Triple Axel|p1a: Zapdos
|-supereffective|p1a: Zapdos
|-damage|p1a: Zapdos|48/100
|-hitcount|p1a: Zapdos|1
|
|upkeep
|turn|22
|
|t:|1658957716
|move|p2a: Weavile|Triple Axel|p1a: Zapdos
|-supereffective|p1a: Zapdos
|-damage|p1a: Zapdos|16/100
|-supereffective|p1a: Zapdos
|-damage|p1a: Zapdos|0 fnt
|faint|p1a: Zapdos
|-hitcount|p1: Zapdos|2
|
|upkeep
|
|t:|1658957720
|switch|p1a: Blacephalon|Blacephalon|100/100
|turn|23
|
|t:|1658957744
|switch|p2a: Mandibuzz|Mandibuzz, F|100/100
|-damage|p2a: Mandibuzz|76/100|[from] Stealth Rock
|move|p1a: Blacephalon|Flamethrower|p2a: Mandibuzz
|-damage|p2a: Mandibuzz|36/100
|
|upkeep
|turn|24
|
|t:|1658957752
|move|p1a: Blacephalon|Flamethrower|p2a: Mandibuzz
|-damage|p2a: Mandibuzz|0 fnt
|faint|p2a: Mandibuzz
|-ability|p1a: Blacephalon|Beast Boost|boost
|-boost|p1a: Blacephalon|spa|1
|
|upkeep
|inactive|BADALAKAZAM has 120 seconds left.
|
|t:|1658957787
|switch|p2a: Dragapult|Dragapult, M|49/100
|-damage|p2a: Dragapult|37/100|[from] Stealth Rock
|turn|25
|
|t:|1658957797
|switch|p1a: Blissey|Blissey, F|33/100
|move|p2a: Dragapult|Sucker Punch||[still]
|-fail|p2a: Dragapult
|
|upkeep
|turn|26
|inactive|BADALAKAZAM has 120 seconds left.
|
|t:|1658957806
|switch|p2a: Zeraora|Zeraora|100/100
|move|p1a: Blissey|Teleport|p1a: Blissey
|
|t:|1658957808
|switch|p1a: Landorus|Landorus-Therian, M|40/100|[from]move: Teleport
|-ability|p1a: Landorus|Intimidate|boost
|-unboost|p2a: Zeraora|atk|1
|
|-heal|p1a: Landorus|46/100|[from] item: Leftovers
|upkeep
|turn|27
|
|t:|1658957821
|switch|p2a: Weavile|Weavile, F|100/100
|-ability|p2a: Weavile|Pressure
|move|p1a: Landorus|U-turn|p2a: Weavile
|-supereffective|p2a: Weavile
|-damage|p2a: Weavile|26/100
|
|t:|1658957823
|switch|p1a: Blacephalon|Blacephalon|100/100|[from]move: U-turn
|
|upkeep
|turn|28
|c|☆BADALAKAZAM|GG
|-message|BADALAKAZAM forfeited.
|
|win|Taco Pogrom
|raw|Taco Pogrom's rating: 1580 &rarr; <strong>1600</strong><br />(+20 for winning)
|raw|BADALAKAZAM's rating: 1585 &rarr; <strong>1565</strong><br />(-20 for losing)
|l|☆BADALAKAZAM
|c|☆Taco Pogrom|gg
||Ladder isn't responding, score probably updated but might not have (Request timeout).
