|j|☆Redflix
|j|☆Seigneur-Fou
|t:|1667832830
|gametype|singles
|player|p1|Redflix|erika|1733
|player|p2|Seigneur-Fou|265|1800
|teamsize|p1|6
|teamsize|p2|6
|gen|8
|tier|[Gen 8] OU
|rated|
|rule|Sleep Clause Mod: Limit one foe put to sleep
|rule|Species Clause: Limit one of each Pokémon
|rule|OHKO Clause: OHKO moves are banned
|rule|Evasion Items Clause: Evasion items are banned
|rule|Evasion Moves Clause: Evasion moves are banned
|rule|Endless Battle Clause: Forcing endless battles is banned
|rule|HP Percentage Mod: HP is shown in percentages
|rule|Dynamax Clause: You cannot dynamax
|clearpoke
|poke|p1|Weavile, M|
|poke|p1|Rotom-Wash|
|poke|p1|Landorus-Therian, M|
|poke|p1|Heatran, F|
|poke|p1|Dragapult, F|
|poke|p1|Volcarona, F|
|poke|p2|Aegislash, M|
|poke|p2|Kartana|
|poke|p2|Hydreigon, M|
|poke|p2|Ferrothorn, M|
|poke|p2|Clefable, F|
|poke|p2|Landorus-Therian, M|
|teampreview
|inactive|Battle timer is ON: inactive players will automatically lose when time's up. (requested by Seigneur-Fou)
|inactive|Redflix has 120 seconds left.
|
|t:|1667832877
|start
|switch|p1a: Landorus|Landorus-Therian, M|100/100
|switch|p2a: Kartana|Kartana|100/100
|-ability|p1a: Landorus|Intimidate|boost
|-unboost|p2a: Kartana|atk|1
|turn|1
|
|t:|1667832884
|switch|p2a: Landorus|Landorus-Therian, M|100/100
|-ability|p2a: Landorus|Intimidate|boost
|-unboost|p1a: Landorus|atk|1
|move|p1a: Landorus|U-turn|p2a: Landorus
|-resisted|p2a: Landorus
|-damage|p2a: Landorus|96/100
|
|t:|1667832887
|switch|p1a: Weavile|Weavile, M|100/100|[from]move: U-turn
|-ability|p1a: Weavile|Pressure
|
|-heal|p2a: Landorus|100/100|[from] item: Leftovers
|upkeep
|turn|2
|
|t:|1667832897
|switch|p1a: Heatran|Heatran, F|100/100
|switch|p2a: Ferrothorn|Ferrothorn, M|100/100
|
|upkeep
|turn|3
|
|t:|1667832904
|switch|p2a: Hydreigon|Hydreigon, M|100/100
|move|p1a: Heatran|Stealth Rock|p2a: Hydreigon
|-sidestart|p2: Seigneur-Fou|move: Stealth Rock
|
|upkeep
|turn|4
|
|t:|1667832910
|move|p1a: Heatran|Protect|p1a: Heatran
|-singleturn|p1a: Heatran|Protect
|move|p2a: Hydreigon|Dark Pulse|p1a: Heatran
|-activate|p1a: Heatran|move: Protect
|
|upkeep
|turn|5
|
|t:|1667832919
|move|p2a: Hydreigon|Substitute|p2a: Hydreigon
|-start|p2a: Hydreigon|Substitute
|-damage|p2a: Hydreigon|76/100
|move|p1a: Heatran|Magma Storm|p2a: Hydreigon
|-resisted|p2a: Hydreigon
|-activate|p2a: Hydreigon|move: Substitute|[damage]
|
|-heal|p2a: Hydreigon|82/100|[from] item: Leftovers
|upkeep
|turn|6
|
|t:|1667832926
|switch|p1a: Weavile|Weavile, M|100/100
|-ability|p1a: Weavile|Pressure
|move|p2a: Hydreigon|Dark Pulse|p1a: Weavile
|-resisted|p1a: Weavile
|-damage|p1a: Weavile|73/100
|
|-heal|p2a: Hydreigon|88/100|[from] item: Leftovers
|upkeep
|turn|7
|
|t:|1667832951
|switch|p2a: Ferrothorn|Ferrothorn, M|100/100
|-damage|p2a: Ferrothorn|94/100|[from] Stealth Rock
|move|p1a: Weavile|Low Kick|p2a: Ferrothorn
|-supereffective|p2a: Ferrothorn
|-damage|p2a: Ferrothorn|11/100
|-damage|p1a: Weavile|60/100|[from] ability: Iron Barbs|[of] p2a: Ferrothorn
|
|-heal|p2a: Ferrothorn|18/100|[from] item: Leftovers
|upkeep
|turn|8
|
|t:|1667832963
|switch|p1a: Dragapult|Dragapult, F|100/100
|switch|p2a: Clefable|Clefable, F|100/100
|
|upkeep
|turn|9
|
|t:|1667832968
|move|p1a: Dragapult|U-turn|p2a: Clefable
|-resisted|p2a: Clefable
|-damage|p2a: Clefable|94/100
|
|t:|1667832970
|switch|p1a: Heatran|Heatran, F|100/100|[from]move: U-turn
|move|p2a: Clefable|Thunder Wave|p1a: Heatran|[miss]
|-miss|p2a: Clefable|p1a: Heatran
|
|-heal|p2a: Clefable|99/100|[from] item: Leftovers
|upkeep
|turn|10
|
|t:|1667832987
|move|p1a: Heatran|Magma Storm|p2a: Clefable
|-damage|p2a: Clefable|60/100
|-activate|p2a: Clefable|move: Magma Storm|[of] p1a: Heatran
|move|p2a: Clefable|Thunder Wave|p1a: Heatran
|-status|p1a: Heatran|par
|
|-heal|p2a: Clefable|66/100|[from] item: Leftovers
|upkeep
|turn|11
|
|t:|1667832994
|move|p2a: Clefable|Wish|p2a: Clefable
|move|p1a: Heatran|Earth Power|p2a: Clefable
|-damage|p2a: Clefable|44/100
|
|-heal|p2a: Clefable|50/100|[from] item: Leftovers
|upkeep
|turn|12
|
|t:|1667833002
|move|p2a: Clefable|Moonblast|p1a: Heatran
|-resisted|p1a: Heatran
|-damage|p1a: Heatran|96/100 par
|-unboost|p1a: Heatran|spa|1
|move|p1a: Heatran|Earth Power|p2a: Clefable
|-damage|p2a: Clefable|33/100
|
|-heal|p2a: Clefable|83/100|[from] move: Wish|[wisher] Clefable
|-heal|p2a: Clefable|89/100|[from] item: Leftovers
|-heal|p1a: Heatran|100/100 par|[from] item: Leftovers
|upkeep
|turn|13
|
|t:|1667833013
|move|p2a: Clefable|Wish|p2a: Clefable
|move|p1a: Heatran|Earth Power|p2a: Clefable
|-damage|p2a: Clefable|72/100
|
|-heal|p2a: Clefable|78/100|[from] item: Leftovers
|upkeep
|turn|14
|
|t:|1667833018
|move|p2a: Clefable|Moonblast|p1a: Heatran
|-resisted|p1a: Heatran
|-damage|p1a: Heatran|96/100 par
|move|p1a: Heatran|Earth Power|p2a: Clefable
|-damage|p2a: Clefable|63/100
|
|-heal|p2a: Clefable|100/100|[from] move: Wish|[wisher] Clefable
|-heal|p1a: Heatran|100/100 par|[from] item: Leftovers
|-end|p2a: Clefable|Magma Storm|[partiallytrapped]
|upkeep
|turn|15
|
|t:|1667833027
|switch|p1a: Landorus|Landorus-Therian, M|100/100
|-ability|p1a: Landorus|Intimidate|boost
|-unboost|p2a: Clefable|atk|1
|move|p2a: Clefable|Wish|p2a: Clefable
|
|upkeep
|turn|16
|
|t:|1667833041
|switch|p2a: Hydreigon|Hydreigon, M|88/100
|-damage|p2a: Hydreigon|76/100|[from] Stealth Rock
|move|p1a: Landorus|Earthquake|p2a: Hydreigon
|-immune|p2a: Hydreigon|[from] ability: Levitate
|
|-heal|p2a: Hydreigon|100/100|[from] move: Wish|[wisher] Clefable
|upkeep
|turn|17
|
|t:|1667833049
|move|p2a: Hydreigon|Flash Cannon|p1a: Landorus
|-damage|p1a: Landorus|71/100
|move|p1a: Landorus|U-turn|p2a: Hydreigon
|-supereffective|p2a: Hydreigon
|-damage|p2a: Hydreigon|51/100
|
|t:|1667833052
|switch|p1a: Weavile|Weavile, M|60/100|[from]move: U-turn
|-ability|p1a: Weavile|Pressure
|
|-heal|p2a: Hydreigon|57/100|[from] item: Leftovers
|upkeep
|turn|18
|
|t:|1667833063
|switch|p2a: Ferrothorn|Ferrothorn, M|18/100
|-damage|p2a: Ferrothorn|11/100|[from] Stealth Rock
|move|p1a: Weavile|Triple Axel|p2a: Ferrothorn
|-damage|p2a: Ferrothorn|0 fnt
|-damage|p1a: Weavile|48/100|[from] ability: Iron Barbs|[of] p2a: Ferrothorn
|faint|p2a: Ferrothorn
|-hitcount|p2: Ferrothorn|1
|
|upkeep
|
|t:|1667833073
|switch|p2a: Kartana|Kartana|100/100
|-damage|p2a: Kartana|94/100|[from] Stealth Rock
|turn|19
|
|t:|1667833082
|switch|p1a: Landorus|Landorus-Therian, M|71/100
|-ability|p1a: Landorus|Intimidate|boost
|-unboost|p2a: Kartana|atk|1
|move|p2a: Kartana|Knock Off|p1a: Landorus
|-damage|p1a: Landorus|49/100
|-enditem|p1a: Landorus|Leftovers|[from] move: Knock Off|[of] p2a: Kartana
|
|upkeep
|turn|20
|
|t:|1667833092
|switch|p2a: Clefable|Clefable, F|100/100
|move|p1a: Landorus|U-turn|p2a: Clefable
|-resisted|p2a: Clefable
|-damage|p2a: Clefable|92/100
|
|t:|1667833096
|switch|p1a: Weavile|Weavile, M|48/100|[from]move: U-turn
|-ability|p1a: Weavile|Pressure
|
|-heal|p2a: Clefable|98/100|[from] item: Leftovers
|upkeep
|turn|21
|
|t:|1667833102
|move|p1a: Weavile|Triple Axel|p2a: Clefable
|-damage|p2a: Clefable|85/100
|-damage|p2a: Clefable|59/100
|-damage|p2a: Clefable|19/100
|-hitcount|p2a: Clefable|3
|move|p2a: Clefable|Moonblast|p1a: Weavile
|-supereffective|p1a: Weavile
|-damage|p1a: Weavile|0 fnt
|faint|p1a: Weavile
|
|-heal|p2a: Clefable|25/100|[from] item: Leftovers
|upkeep
|
|t:|1667833105
|switch|p1a: Dragapult|Dragapult, F|100/100
|turn|22
|
|t:|1667833118
|switch|p2a: Landorus|Landorus-Therian, M|100/100
|-damage|p2a: Landorus|88/100|[from] Stealth Rock
|-ability|p2a: Landorus|Intimidate|boost
|-unboost|p1a: Dragapult|atk|1
|move|p1a: Dragapult|Shadow Ball|p2a: Landorus
|-damage|p2a: Landorus|28/100
|
|-heal|p2a: Landorus|34/100|[from] item: Leftovers
|upkeep
|turn|23
|
|t:|1667833129
|move|p1a: Dragapult|Shadow Ball|p2a: Landorus
|-damage|p2a: Landorus|0 fnt
|faint|p2a: Landorus
|
|upkeep
|
|t:|1667833137
|switch|p2a: Kartana|Kartana|94/100
|-damage|p2a: Kartana|88/100|[from] Stealth Rock
|turn|24
|
|t:|1667833142
|switch|p1a: Landorus|Landorus-Therian, M|49/100
|-ability|p1a: Landorus|Intimidate|boost
|-unboost|p2a: Kartana|atk|1
|move|p2a: Kartana|Knock Off|p1a: Landorus
|-damage|p1a: Landorus|34/100
|
|upkeep
|turn|25
|
|t:|1667833150
|move|p2a: Kartana|Knock Off|p1a: Landorus
|-damage|p1a: Landorus|19/100
|move|p1a: Landorus|U-turn|p2a: Kartana
|-damage|p2a: Kartana|65/100
|
|t:|1667833153
|switch|p1a: Volcarona|Volcarona, F|100/100|[from]move: U-turn
|
|upkeep
|turn|26
|-message|Seigneur-Fou forfeited.
|
|win|Redflix
|raw|Redflix's rating: 1733 &rarr; <strong>1757</strong><br />(+24 for winning)
|raw|Seigneur-Fou's rating: 1800 &rarr; <strong>1776</strong><br />(-24 for losing)
|l|☆Seigneur-Fou
