|html|<div class="broadcast-blue"><strong>[Gen 8] OU is currently suspecting Melmetal! For information on how to participate check out the <a href="https://www.smogon.com/forums/threads/np-ss-ou-suspect-process-round-12-monster-mash.3709234/">suspect thread</a>.</strong></div>
|j|☆Mamaw31180
|j|☆tanishq1
|t:|1666784285
|gametype|singles
|player|p1|Mamaw31180|lucas|1809
|player|p2|tanishq1|101|1740
|teamsize|p1|6
|teamsize|p2|6
|gen|8
|tier|[Gen 8] OU
|rated|
|rule|Sleep Clause Mod: Limit one foe put to sleep
|rule|Species Clause: Limit one of each Pokémon
|rule|OHKO Clause: OHKO moves are banned
|rule|Evasion Items Clause: Evasion items are banned
|rule|Evasion Moves Clause: Evasion moves are banned
|rule|Endless Battle Clause: Forcing endless battles is banned
|rule|HP Percentage Mod: HP is shown in percentages
|rule|Dynamax Clause: You cannot dynamax
|clearpoke
|poke|p1|Kartana|
|poke|p1|Blacephalon|
|poke|p1|Landorus-Therian, M|
|poke|p1|Slowbro, F|
|poke|p1|Zapdos|
|poke|p1|Tyranitar, M|
|poke|p2|Rillaboom, M|
|poke|p2|Tornadus-Therian, M|
|poke|p2|Blaziken, F|
|poke|p2|Melmetal|
|poke|p2|Garchomp, M|
|poke|p2|Slowbro, F|
|teampreview
|inactive|Battle timer is ON: inactive players will automatically lose when time's up. (requested by tanishq1)
|
|t:|1666784297
|start
|switch|p1a: Slowbro|Slowbro, F|100/100
|switch|p2a: Garchomp|Garchomp, M|100/100
|turn|1
|
|t:|1666784301
|move|p2a: Garchomp|Toxic|p1a: Slowbro
|-status|p1a: Slowbro|tox
|move|p1a: Slowbro|Ice Beam|p2a: Garchomp
|-supereffective|p2a: Garchomp
|-damage|p2a: Garchomp|51/100
|
|-heal|p2a: Garchomp|57/100|[from] item: Leftovers
|-damage|p1a: Slowbro|94/100 tox|[from] psn
|upkeep
|turn|2
|
|t:|1666784307
|move|p2a: Garchomp|Protect|p2a: Garchomp
|-singleturn|p2a: Garchomp|Protect
|move|p1a: Slowbro|Teleport|p1a: Slowbro
|
|t:|1666784309
|switch|p1a: Landorus|Landorus-Therian, M|100/100|[from]move: Teleport
|-ability|p1a: Landorus|Intimidate|boost
|-unboost|p2a: Garchomp|atk|1
|
|-heal|p2a: Garchomp|63/100|[from] item: Leftovers
|upkeep
|turn|3
|
|t:|1666784312
|move|p2a: Garchomp|Toxic|p1a: Landorus
|-status|p1a: Landorus|tox
|move|p1a: Landorus|Toxic|p2a: Garchomp
|-status|p2a: Garchomp|tox
|
|-heal|p2a: Garchomp|69/100 tox|[from] item: Leftovers
|-damage|p2a: Garchomp|63/100 tox|[from] psn
|-damage|p1a: Landorus|94/100 tox|[from] psn
|upkeep
|turn|4
|j| wadadasafsfadf
|
|t:|1666784316
|move|p2a: Garchomp|Stealth Rock|p1a: Landorus
|-sidestart|p1: Mamaw31180|move: Stealth Rock
|move|p1a: Landorus|Earthquake|p2a: Garchomp
|-damage|p2a: Garchomp|22/100 tox
|
|-heal|p2a: Garchomp|28/100 tox|[from] item: Leftovers
|-heal|p1a: Landorus|100/100 tox|[from] item: Leftovers
|-damage|p2a: Garchomp|16/100 tox|[from] psn
|-damage|p1a: Landorus|88/100 tox|[from] psn
|upkeep
|turn|5
|j| Hamsi8
|j| wdz999
|
|t:|1666784321
|move|p2a: Garchomp|Earthquake|p1a: Landorus
|-immune|p1a: Landorus
|move|p1a: Landorus|U-turn|p2a: Garchomp
|-damage|p2a: Garchomp|0 fnt
|-damage|p1a: Landorus|76/100 tox|[from] ability: Rough Skin|[of] p2a: Garchomp
|faint|p2a: Garchomp
|inactive|Mamaw31180 has 120 seconds left.
|l| Hamsi8
|inactive|Mamaw31180 has 90 seconds left.
|
|t:|1666784386
|switch|p1a: Zapdos|Zapdos|100/100|[from]move: U-turn
|
|upkeep
|
|t:|1666784390
|switch|p2a: Blaziken|Blaziken, F|100/100
|turn|6
|
|t:|1666784393
|move|p1a: Zapdos|Volt Switch|p2a: Blaziken
|-damage|p2a: Blaziken|62/100
|
|t:|1666784395
|switch|p1a: Landorus|Landorus-Therian, M|76/100 tox|[from]move: Volt Switch
|-damage|p1a: Landorus|64/100 tox|[from] Stealth Rock
|-ability|p1a: Landorus|Intimidate|boost
|-unboost|p2a: Blaziken|atk|1
|move|p2a: Blaziken|Flare Blitz|p1a: Landorus
|-damage|p1a: Landorus|21/100 tox
|-damage|p2a: Blaziken|46/100|[from] Recoil
|
|-heal|p2a: Blaziken|53/100|[from] item: Leftovers
|-heal|p1a: Landorus|27/100 tox|[from] item: Leftovers
|-damage|p1a: Landorus|21/100 tox|[from] psn
|-ability|p2a: Blaziken|Speed Boost|boost
|-boost|p2a: Blaziken|spe|1
|upkeep
|turn|7
|
|t:|1666784410
|move|p2a: Blaziken|Protect|p2a: Blaziken
|-singleturn|p2a: Blaziken|Protect
|move|p1a: Landorus|Earthquake|p2a: Blaziken
|-activate|p2a: Blaziken|move: Protect
|
|-heal|p2a: Blaziken|59/100|[from] item: Leftovers
|-heal|p1a: Landorus|27/100 tox|[from] item: Leftovers
|-damage|p1a: Landorus|15/100 tox|[from] psn
|-ability|p2a: Blaziken|Speed Boost|boost
|-boost|p2a: Blaziken|spe|1
|upkeep
|turn|8
|
|t:|1666784413
|switch|p2a: Tornadus|Tornadus-Therian, M|100/100
|move|p1a: Landorus|Earthquake|p2a: Tornadus
|-immune|p2a: Tornadus
|
|-heal|p1a: Landorus|21/100 tox|[from] item: Leftovers
|-damage|p1a: Landorus|3/100 tox|[from] psn
|upkeep
|turn|9
|
|t:|1666784419
|switch|p1a: Zapdos|Zapdos|100/100
|move|p2a: Tornadus|U-turn|p1a: Zapdos
|-resisted|p1a: Zapdos
|-damage|p1a: Zapdos|95/100
|
|t:|1666784429
|switch|p2a: Blaziken|Blaziken, F|59/100|[from]move: U-turn
|
|-heal|p2a: Blaziken|65/100|[from] item: Leftovers
|upkeep
|turn|10
|
|t:|1666784434
|move|p2a: Blaziken|Protect|p2a: Blaziken
|-singleturn|p2a: Blaziken|Protect
|move|p1a: Zapdos|Defog|p2a: Blaziken
|-activate|p2a: Blaziken|move: Protect
|
|-heal|p2a: Blaziken|71/100|[from] item: Leftovers
|-ability|p2a: Blaziken|Speed Boost|boost
|-boost|p2a: Blaziken|spe|1
|upkeep
|turn|11
|
|t:|1666784443
|move|p2a: Blaziken|Flare Blitz|p1a: Zapdos
|-damage|p1a: Zapdos|43/100
|-status|p1a: Zapdos|brn
|-status|p2a: Blaziken|par|[from] ability: Static|[of] p1a: Zapdos
|-damage|p2a: Blaziken|52/100 par|[from] Recoil
|move|p1a: Zapdos|Volt Switch|p2a: Blaziken
|-damage|p2a: Blaziken|11/100 par
|
|t:|1666784458
|switch|p1a: Kartana|Kartana|100/100|[from]move: Volt Switch
|-damage|p1a: Kartana|94/100|[from] Stealth Rock
|
|-heal|p2a: Blaziken|18/100 par|[from] item: Leftovers
|-ability|p2a: Blaziken|Speed Boost|boost
|-boost|p2a: Blaziken|spe|1
|upkeep
|turn|12
|
|t:|1666784462
|move|p2a: Blaziken|Protect|p2a: Blaziken
|-singleturn|p2a: Blaziken|Protect
|move|p1a: Kartana|Knock Off|p2a: Blaziken
|-activate|p2a: Blaziken|move: Protect
|
|-heal|p2a: Blaziken|24/100 par|[from] item: Leftovers
|-ability|p2a: Blaziken|Speed Boost|boost
|-boost|p2a: Blaziken|spe|1
|upkeep
|turn|13
|
|t:|1666784465
|move|p1a: Kartana|Knock Off|p2a: Blaziken
|-resisted|p2a: Blaziken
|-damage|p2a: Blaziken|0 fnt
|-enditem|p2a: Blaziken|Leftovers|[from] move: Knock Off|[of] p1a: Kartana
|faint|p2a: Blaziken
|-ability|p1a: Kartana|Beast Boost|boost
|-boost|p1a: Kartana|atk|1
|
|upkeep
|
|t:|1666784469
|switch|p2a: Tornadus|Tornadus-Therian, M|100/100
|turn|14
|
|t:|1666784472
|move|p1a: Kartana|Knock Off|p2a: Tornadus
|-damage|p2a: Tornadus|31/100
|-enditem|p2a: Tornadus|Heavy-Duty Boots|[from] move: Knock Off|[of] p1a: Kartana
|move|p2a: Tornadus|Heat Wave|p1a: Kartana
|-supereffective|p1a: Kartana
|-damage|p1a: Kartana|0 fnt
|faint|p1a: Kartana
|
|upkeep
|
|t:|1666784478
|switch|p1a: Tyranitar|Tyranitar, M|100/100
|-damage|p1a: Tyranitar|88/100|[from] Stealth Rock
|-weather|Sandstorm|[from] ability: Sand Stream|[of] p1a: Tyranitar
|turn|15
|
|t:|1666784484
|move|p2a: Tornadus|U-turn|p1a: Tyranitar
|-supereffective|p1a: Tyranitar
|-damage|p1a: Tyranitar|59/100
|
|t:|1666784486
|switch|p2a: Melmetal|Melmetal|100/100|[from]move: U-turn
|move|p1a: Tyranitar|Crunch|p2a: Melmetal
|-damage|p2a: Melmetal|58/100
|
|-weather|Sandstorm|[upkeep]
|-heal|p2a: Melmetal|65/100|[from] item: Leftovers
|upkeep
|turn|16
|j| kyonharuhi
|
|t:|1666784492
|switch|p1a: Landorus|Landorus-Therian, M|3/100 tox
|-damage|p1a: Landorus|0 fnt|[from] Stealth Rock
|faint|p1a: Landorus
|move|p2a: Melmetal|Double Iron Bash|p1: Landorus|[notarget]
|-fail|p2a: Melmetal
|
|-weather|Sandstorm|[upkeep]
|-heal|p2a: Melmetal|71/100|[from] item: Leftovers
|upkeep
|
|t:|1666784494
|switch|p1a: Blacephalon|Blacephalon|100/100
|-damage|p1a: Blacephalon|76/100|[from] Stealth Rock
|turn|17
|
|t:|1666784498
|move|p2a: Melmetal|Protect|p2a: Melmetal
|-singleturn|p2a: Melmetal|Protect
|move|p1a: Blacephalon|Flamethrower|p2a: Melmetal
|-activate|p2a: Melmetal|move: Protect
|
|-weather|Sandstorm|[upkeep]
|-damage|p1a: Blacephalon|70/100|[from] Sandstorm
|-heal|p2a: Melmetal|77/100|[from] item: Leftovers
|upkeep
|turn|18
|
|t:|1666784500
|switch|p2a: Slowbro|Slowbro, F|100/100
|move|p1a: Blacephalon|Flamethrower|p2a: Slowbro
|-resisted|p2a: Slowbro
|-damage|p2a: Slowbro|61/100
|
|-weather|Sandstorm|[upkeep]
|-damage|p1a: Blacephalon|64/100|[from] Sandstorm
|-damage|p2a: Slowbro|55/100|[from] Sandstorm
|upkeep
|turn|19
|
|t:|1666784506
|switch|p1a: Slowbro|Slowbro, F|100/100 tox
|-damage|p1a: Slowbro|88/100 tox|[from] Stealth Rock
|move|p2a: Slowbro|Scald|p1a: Slowbro
|-resisted|p1a: Slowbro
|-damage|p1a: Slowbro|74/100 tox
|
|-weather|none
|-damage|p1a: Slowbro|67/100 tox|[from] psn
|upkeep
|turn|20
|
|t:|1666784509
|move|p1a: Slowbro|Teleport|p1a: Slowbro
|
|t:|1666784514
|switch|p1a: Zapdos|Zapdos|43/100 brn|[from]move: Teleport
|move|p2a: Slowbro|Teleport|p2a: Slowbro
|j| XcountrY
|inactive|tanishq1 has 120 seconds left.
|
|t:|1666784547
|switch|p2a: Rillaboom|Rillaboom, M|100/100|[from]move: Teleport
|-fieldstart|move: Grassy Terrain|[from] ability: Grassy Surge|[of] p2a: Rillaboom
|
|-damage|p1a: Zapdos|37/100 brn|[from] brn
|upkeep
|turn|21
|
|t:|1666784550
|move|p1a: Zapdos|Defog|p2a: Rillaboom
|-unboost|p2a: Rillaboom|evasion|1
|-sideend|p1: Mamaw31180|Stealth Rock|[from] move: Defog|[of] p1a: Zapdos
|-fieldend|move: Grassy Terrain
|move|p2a: Rillaboom|Swords Dance|p2a: Rillaboom
|-boost|p2a: Rillaboom|atk|2
|
|-damage|p1a: Zapdos|31/100 brn|[from] brn
|upkeep
|turn|22
|
|t:|1666784554
|move|p1a: Zapdos|Heat Wave|p2a: Rillaboom
|-supereffective|p2a: Rillaboom
|-damage|p2a: Rillaboom|40/100
|move|p2a: Rillaboom|Knock Off|p1a: Zapdos
|-damage|p1a: Zapdos|0 fnt
|-enditem|p1a: Zapdos|Heavy-Duty Boots|[from] move: Knock Off|[of] p2a: Rillaboom
|faint|p1a: Zapdos
|
|-heal|p2a: Rillaboom|47/100|[from] item: Leftovers
|upkeep
|
|t:|1666784557
|switch|p1a: Blacephalon|Blacephalon|64/100
|turn|23
|
|t:|1666784559
|switch|p2a: Slowbro|Slowbro, F|88/100
|move|p1a: Blacephalon|Shadow Ball|p2a: Slowbro
|-supereffective|p2a: Slowbro
|-damage|p2a: Slowbro|0 fnt
|faint|p2a: Slowbro
|-ability|p1a: Blacephalon|Beast Boost|boost
|-boost|p1a: Blacephalon|spa|1
|
|upkeep
|
|t:|1666784562
|switch|p2a: Tornadus|Tornadus-Therian, M|64/100
|turn|24
|
|t:|1666784564
|switch|p1a: Slowbro|Slowbro, F|100/100 tox
|move|p2a: Tornadus|Knock Off|p1a: Slowbro
|-supereffective|p1a: Slowbro
|-enditem|p1a: Slowbro|Colbur Berry|[eat]
|-enditem|p1a: Slowbro|Colbur Berry|[weaken]
|-damage|p1a: Slowbro|88/100 tox
|
|-damage|p1a: Slowbro|82/100 tox|[from] psn
|upkeep
|turn|25
|j| cypherstest
|
|t:|1666784573
|move|p2a: Tornadus|Heat Wave|p1a: Slowbro
|-resisted|p1a: Slowbro
|-damage|p1a: Slowbro|71/100 tox
|move|p1a: Slowbro|Teleport|p1a: Slowbro
|j| Ran Kob
|
|t:|1666784577
|switch|p1a: Tyranitar|Tyranitar, M|59/100|[from]move: Teleport
|-weather|Sandstorm|[from] ability: Sand Stream|[of] p1a: Tyranitar
|
|-weather|Sandstorm|[upkeep]
|-damage|p2a: Tornadus|58/100|[from] Sandstorm
|upkeep
|turn|26
|inactive|tanishq1 has 120 seconds left.
|
|t:|1666784612
|move|p2a: Tornadus|U-turn|p1a: Tyranitar
|-supereffective|p1a: Tyranitar
|-damage|p1a: Tyranitar|33/100
|
|t:|1666784614
|switch|p2a: Melmetal|Melmetal|77/100|[from]move: U-turn
|move|p1a: Tyranitar|Crunch|p2a: Melmetal
|-damage|p2a: Melmetal|34/100
|
|-weather|Sandstorm|[upkeep]
|-heal|p2a: Melmetal|40/100|[from] item: Leftovers
|upkeep
|turn|27
|
|t:|1666784617
|move|p2a: Melmetal|Protect|p2a: Melmetal
|-singleturn|p2a: Melmetal|Protect
|move|p1a: Tyranitar|Crunch|p2a: Melmetal
|-activate|p2a: Melmetal|move: Protect
|
|-weather|Sandstorm|[upkeep]
|-heal|p2a: Melmetal|46/100|[from] item: Leftovers
|upkeep
|turn|28
|
|t:|1666784619
|move|p1a: Tyranitar|Crunch|p2a: Melmetal
|-damage|p2a: Melmetal|1/100
|move|p2a: Melmetal|Thunder Punch|p1a: Tyranitar
|-damage|p1a: Tyranitar|0 fnt
|faint|p1a: Tyranitar
|
|-weather|Sandstorm|[upkeep]
|-heal|p2a: Melmetal|7/100|[from] item: Leftovers
|upkeep
|
|t:|1666784622
|switch|p1a: Blacephalon|Blacephalon|64/100
|turn|29
|
|t:|1666784634
|move|p2a: Melmetal|Protect|p2a: Melmetal
|-singleturn|p2a: Melmetal|Protect
|move|p1a: Blacephalon|Flamethrower|p2a: Melmetal
|-activate|p2a: Melmetal|move: Protect
|
|-weather|none
|-heal|p2a: Melmetal|13/100|[from] item: Leftovers
|upkeep
|turn|30
|
|t:|1666784637
|move|p1a: Blacephalon|Flamethrower|p2a: Melmetal
|-supereffective|p2a: Melmetal
|-damage|p2a: Melmetal|0 fnt
|faint|p2a: Melmetal
|-ability|p1a: Blacephalon|Beast Boost|boost
|-boost|p1a: Blacephalon|spa|1
|
|upkeep
|
|t:|1666784639
|switch|p2a: Tornadus|Tornadus-Therian, M|91/100
|turn|31
|
|t:|1666784641
|switch|p1a: Slowbro|Slowbro, F|100/100 tox
|move|p2a: Tornadus|Knock Off|p1a: Slowbro
|-supereffective|p1a: Slowbro
|-damage|p1a: Slowbro|83/100 tox
|
|-damage|p1a: Slowbro|77/100 tox|[from] psn
|upkeep
|turn|32
|
|t:|1666784644
|move|p2a: Tornadus|Heat Wave|p1a: Slowbro
|-resisted|p1a: Slowbro
|-damage|p1a: Slowbro|65/100 tox
|move|p1a: Slowbro|Teleport|p1a: Slowbro
|
|t:|1666784647
|switch|p1a: Blacephalon|Blacephalon|64/100|[from]move: Teleport
|
|upkeep
|turn|33
|
|t:|1666784649
|switch|p1a: Slowbro|Slowbro, F|98/100 tox
|move|p2a: Tornadus|Knock Off|p1a: Slowbro
|-supereffective|p1a: Slowbro
|-damage|p1a: Slowbro|82/100 tox
|
|-damage|p1a: Slowbro|76/100 tox|[from] psn
|upkeep
|turn|34
|
|t:|1666784652
|move|p2a: Tornadus|Heat Wave|p1a: Slowbro
|-resisted|p1a: Slowbro
|-damage|p1a: Slowbro|63/100 tox
|move|p1a: Slowbro|Ice Beam|p2a: Tornadus
|-supereffective|p2a: Tornadus
|-damage|p2a: Tornadus|47/100
|
|-damage|p1a: Slowbro|51/100 tox|[from] psn
|upkeep
|turn|35
|
|t:|1666784658
|move|p2a: Tornadus|Heat Wave|p1a: Slowbro
|-resisted|p1a: Slowbro
|-damage|p1a: Slowbro|39/100 tox
|move|p1a: Slowbro|Teleport|p1a: Slowbro
|
|t:|1666784660
|switch|p1a: Blacephalon|Blacephalon|64/100|[from]move: Teleport
|
|upkeep
|turn|36
|j| Patatex
|
|t:|1666784662
|switch|p1a: Slowbro|Slowbro, F|72/100 tox
|move|p2a: Tornadus|Knock Off|p1a: Slowbro
|-supereffective|p1a: Slowbro
|-damage|p1a: Slowbro|57/100 tox
|
|-damage|p1a: Slowbro|51/100 tox|[from] psn
|upkeep
|turn|37
|
|t:|1666784665
|move|p2a: Tornadus|Knock Off|p1a: Slowbro
|-supereffective|p1a: Slowbro
|-damage|p1a: Slowbro|35/100 tox
|move|p1a: Slowbro|Ice Beam|p2a: Tornadus
|-supereffective|p2a: Tornadus
|-damage|p2a: Tornadus|3/100
|
|-damage|p1a: Slowbro|22/100 tox|[from] psn
|upkeep
|turn|38
|
|t:|1666784671
|move|p2a: Tornadus|Knock Off|p1a: Slowbro
|-supereffective|p1a: Slowbro
|-damage|p1a: Slowbro|5/100 tox
|move|p1a: Slowbro|Teleport|p1a: Slowbro
|
|t:|1666784674
|switch|p1a: Blacephalon|Blacephalon|64/100|[from]move: Teleport
|
|upkeep
|turn|39
|
|t:|1666784679
|switch|p1a: Slowbro|Slowbro, F|38/100 tox
|move|p2a: Tornadus|Knock Off|p1a: Slowbro
|-supereffective|p1a: Slowbro
|-crit|p1a: Slowbro
|-damage|p1a: Slowbro|16/100 tox
|
|-damage|p1a: Slowbro|9/100 tox|[from] psn
|upkeep
|turn|40
|
|t:|1666784683
|switch|p1a: Blacephalon|Blacephalon|64/100
|move|p2a: Tornadus|U-turn|p1a: Blacephalon
|-resisted|p1a: Blacephalon
|-damage|p1a: Blacephalon|55/100
|
|t:|1666784685
|switch|p2a: Rillaboom|Rillaboom, M|47/100|[from]move: U-turn
|-fieldstart|move: Grassy Terrain|[from] ability: Grassy Surge|[of] p2a: Rillaboom
|
|-heal|p1a: Blacephalon|61/100|[from] Grassy Terrain
|-heal|p2a: Rillaboom|53/100|[from] Grassy Terrain
|-heal|p2a: Rillaboom|59/100|[from] item: Leftovers
|upkeep
|turn|41
|
|t:|1666784688
|move|p2a: Rillaboom|Grassy Glide|p1a: Blacephalon
|-resisted|p1a: Blacephalon
|-damage|p1a: Blacephalon|4/100
|move|p1a: Blacephalon|Flamethrower|p2a: Rillaboom
|-supereffective|p2a: Rillaboom
|-damage|p2a: Rillaboom|0 fnt
|faint|p2a: Rillaboom
|-ability|p1a: Blacephalon|Beast Boost|boost
|-boost|p1a: Blacephalon|spa|1
|
|-heal|p1a: Blacephalon|10/100|[from] Grassy Terrain
|upkeep
|
|t:|1666784692
|switch|p2a: Tornadus|Tornadus-Therian, M|36/100
|turn|42
|
|t:|1666784694
|move|p2a: Tornadus|Knock Off|p1a: Blacephalon
|-supereffective|p1a: Blacephalon
|-crit|p1a: Blacephalon
|-damage|p1a: Blacephalon|0 fnt
|-enditem|p1a: Blacephalon|Choice Specs|[from] move: Knock Off|[of] p2a: Tornadus
|faint|p1a: Blacephalon
|
|upkeep
|
|t:|1666784696
|switch|p1a: Slowbro|Slowbro, F|43/100 tox
|turn|43
|
|t:|1666784698
|move|p2a: Tornadus|Knock Off|p1a: Slowbro
|-supereffective|p1a: Slowbro
|-damage|p1a: Slowbro|26/100 tox
|move|p1a: Slowbro|Slack Off|p1a: Slowbro
|-heal|p1a: Slowbro|76/100 tox
|
|-heal|p1a: Slowbro|82/100 tox|[from] Grassy Terrain
|-damage|p1a: Slowbro|76/100 tox|[from] psn
|upkeep
|turn|44
|
|t:|1666784704
|move|p2a: Tornadus|U-turn|p1a: Slowbro
|-supereffective|p1a: Slowbro
|-damage|p1a: Slowbro|59/100 tox
|move|p1a: Slowbro|Ice Beam|p2a: Tornadus
|-supereffective|p2a: Tornadus
|-damage|p2a: Tornadus|0 fnt
|faint|p2a: Tornadus
|
|win|Mamaw31180
|raw|Mamaw31180's rating: 1809 &rarr; <strong>1826</strong><br />(+17 for winning)
|raw|tanishq1's rating: 1756 &rarr; <strong>1739</strong><br />(-17 for losing)
|l|☆tanishq1
|l|☆Mamaw31180
|l| wadadasafsfadf
