|raw|<div class="broadcast-blue"><strong>This battle is required to be public due to a player having a name starting with 'lt84jm'.</div>
|j|☆LT84JM Axouille
|j|☆GuardArc
|t:|1627684731
|gametype|singles
|player|p1|LT84JM Axouille|skier|1697
|player|p2|GuardArc|lance-gen3|1671
|teamsize|p1|6
|teamsize|p2|6
|gen|8
|tier|[Gen 8] OU
|rated|
|rule|Sleep Clause Mod: Limit one foe put to sleep
|rule|Species Clause: Limit one of each Pokémon
|rule|OHKO Clause: OHKO moves are banned
|rule|Evasion Moves Clause: Evasion moves are banned
|rule|Endless Battle Clause: Forcing endless battles is banned
|rule|HP Percentage Mod: HP is shown in percentages
|rule|Dynamax Clause: You cannot dynamax
|clearpoke
|poke|p1|Melmetal|
|poke|p1|Scizor, M|
|poke|p1|Volcarona, F|
|poke|p1|Tapu Lele|
|poke|p1|Kartana|
|poke|p1|Landorus-Therian, M|
|poke|p2|Tapu Lele|
|poke|p2|Garchomp, F|
|poke|p2|Volcarona, M|
|poke|p2|Toxapex, F|
|poke|p2|Ferrothorn, F|
|poke|p2|Mandibuzz, F|
|teampreview
|inactive|Battle timer is ON: inactive players will automatically lose when time's up. (requested by LT84JM Axouille)
|inactive|GuardArc has 120 seconds left.
|
|t:|1627684766
|start
|switch|p1a: Melmetal|Melmetal|100/100
|switch|p2a: Mandibuzz|Mandibuzz, F|100/100
|turn|1
|
|t:|1627684779
|move|p2a: Mandibuzz|U-turn|p1a: Melmetal
|-resisted|p1a: Melmetal
|-damage|p1a: Melmetal|97/100
|
|t:|1627684782
|switch|p2a: Toxapex|Toxapex, F|100/100|[from]move: U-turn
|move|p1a: Melmetal|Thunder Punch|p2a: Toxapex
|-supereffective|p2a: Toxapex
|-damage|p2a: Toxapex|33/100
|-damage|p1a: Melmetal|80/100|[from] item: Rocky Helmet|[of] p2a: Toxapex
|
|upkeep
|turn|2
|
|t:|1627684795
|switch|p1a: Volcarona|Volcarona, F|100/100
|switch|p2a: Garchomp|Garchomp, F|100/100
|
|upkeep
|turn|3
|
|t:|1627684803
|switch|p1a: Landorus|Landorus-Therian, M|100/100
|-ability|p1a: Landorus|Intimidate|boost
|-unboost|p2a: Garchomp|atk|1
|move|p2a: Garchomp|Stone Edge|p1a: Landorus
|-damage|p1a: Landorus|81/100
|
|-heal|p1a: Landorus|87/100|[from] item: Leftovers
|upkeep
|turn|4
|inactive|GuardArc has 120 seconds left.
|c|☆LT84JM Axouille|G
|
|t:|1627684848
|switch|p2a: Mandibuzz|Mandibuzz, F|100/100
|move|p1a: Landorus|Stealth Rock|p2a: Mandibuzz
|-sidestart|p2: GuardArc|move: Stealth Rock
|
|-heal|p1a: Landorus|93/100|[from] item: Leftovers
|upkeep
|turn|5
|
|t:|1627684853
|move|p1a: Landorus|Toxic|p2a: Mandibuzz
|-status|p2a: Mandibuzz|tox
|move|p2a: Mandibuzz|Foul Play|p1a: Landorus
|-damage|p1a: Landorus|59/100
|
|-heal|p1a: Landorus|65/100|[from] item: Leftovers
|-damage|p2a: Mandibuzz|94/100 tox|[from] psn
|upkeep
|turn|6
|inactive|GuardArc has 120 seconds left.
|
|t:|1627684878
|move|p1a: Landorus|Earthquake|p2a: Mandibuzz
|-immune|p2a: Mandibuzz
|move|p2a: Mandibuzz|Defog|p1a: Landorus
|-unboost|p1a: Landorus|evasion|1
|-sideend|p2: GuardArc|Stealth Rock|[from] move: Defog|[of] p2a: Mandibuzz
|
|-heal|p1a: Landorus|71/100|[from] item: Leftovers
|-damage|p2a: Mandibuzz|82/100 tox|[from] psn
|upkeep
|turn|7
|
|t:|1627684884
|switch|p2a: Tapu Lele|Tapu Lele|100/100
|-fieldstart|move: Psychic Terrain|[from] ability: Psychic Surge|[of] p2a: Tapu Lele
|move|p1a: Landorus|Stealth Rock|p2a: Tapu Lele
|-sidestart|p2: GuardArc|move: Stealth Rock
|
|-heal|p1a: Landorus|77/100|[from] item: Leftovers
|upkeep
|turn|8
|
|t:|1627684890
|move|p2a: Tapu Lele|Psychic|p1a: Landorus
|-damage|p1a: Landorus|0 fnt
|faint|p1a: Landorus
|
|upkeep
|
|t:|1627684896
|switch|p1a: Scizor|Scizor, M|100/100
|turn|9
|inactive|GuardArc has 120 seconds left.
|
|t:|1627684904
|switch|p2a: Volcarona|Volcarona, M|100/100
|move|p1a: Scizor|Swords Dance|p1a: Scizor
|-boost|p1a: Scizor|atk|2
|
|upkeep
|turn|10
|
|t:|1627684911
|switch|p1a: dark tapu|Tapu Lele, shiny|100/100
|move|p2a: Volcarona|Flamethrower|p1a: dark tapu
|-damage|p1a: dark tapu|72/100
|
|upkeep
|turn|11
|
|t:|1627684917
|switch|p2a: Ferrothorn|Ferrothorn, F|100/100
|-damage|p2a: Ferrothorn|94/100|[from] Stealth Rock
|move|p1a: dark tapu|Future Sight|p2a: Ferrothorn
|-start|p1a: dark tapu|move: Future Sight
|
|-heal|p2a: Ferrothorn|100/100|[from] item: Leftovers
|-fieldend|move: Psychic Terrain
|upkeep
|turn|12
|
|t:|1627684933
|switch|p1a: Volcarona|Volcarona, F|100/100
|move|p2a: Ferrothorn|Leech Seed|p1a: Volcarona
|-start|p1a: Volcarona|move: Leech Seed
|
|-damage|p1a: Volcarona|88/100|[from] Leech Seed|[of] p2a: Ferrothorn
|upkeep
|turn|13
|
|t:|1627684945
|switch|p2a: Mandibuzz|Mandibuzz, F|82/100 tox
|move|p1a: Volcarona|Quiver Dance|p1a: Volcarona
|-boost|p1a: Volcarona|spa|1
|-boost|p1a: Volcarona|spd|1
|-boost|p1a: Volcarona|spe|1
|
|-end|p2a: Mandibuzz|move: Future Sight
|-immune|p2a: Mandibuzz
|-damage|p1a: Volcarona|76/100|[from] Leech Seed|[of] p2a: Mandibuzz
|-heal|p2a: Mandibuzz|91/100 tox|[silent]
|-damage|p2a: Mandibuzz|85/100 tox|[from] psn
|upkeep
|turn|14
|
|t:|1627684949
|move|p1a: Volcarona|Quiver Dance|p1a: Volcarona
|-boost|p1a: Volcarona|spa|1
|-boost|p1a: Volcarona|spd|1
|-boost|p1a: Volcarona|spe|1
|move|p2a: Mandibuzz|U-turn|p1a: Volcarona
|-resisted|p1a: Volcarona
|-damage|p1a: Volcarona|67/100
|
|t:|1627684951
|switch|p2a: Garchomp|Garchomp, F|100/100|[from]move: U-turn
|-damage|p2a: Garchomp|94/100|[from] Stealth Rock
|
|-heal|p2a: Garchomp|100/100|[from] item: Leftovers
|-damage|p1a: Volcarona|55/100|[from] Leech Seed|[of] p2a: Garchomp
|upkeep
|turn|15
|
|t:|1627684966
|move|p1a: Volcarona|Psychic|p2a: Garchomp
|-damage|p2a: Garchomp|25/100
|move|p2a: Garchomp|Earthquake|p1a: Volcarona
|-damage|p1a: Volcarona|0 fnt
|faint|p1a: Volcarona
|
|-heal|p2a: Garchomp|31/100|[from] item: Leftovers
|upkeep
|
|t:|1627684973
|switch|p1a: dark tapu|Tapu Lele, shiny|72/100
|-fieldstart|move: Psychic Terrain|[from] ability: Psychic Surge|[of] p1a: dark tapu
|turn|16
|
|t:|1627685003
|move|p2a: Garchomp|Earthquake|p1a: dark tapu
|-damage|p1a: dark tapu|0 fnt
|faint|p1a: dark tapu
|
|-heal|p2a: Garchomp|37/100|[from] item: Leftovers
|upkeep
|
|t:|1627685010
|switch|p1a: Kartana|Kartana|100/100
|turn|17
|
|t:|1627685014
|switch|p2a: Mandibuzz|Mandibuzz, F|85/100 tox
|move|p1a: Kartana|Knock Off|p2a: Mandibuzz
|-resisted|p2a: Mandibuzz
|-damage|p2a: Mandibuzz|71/100 tox
|-enditem|p2a: Mandibuzz|Heavy-Duty Boots|[from] move: Knock Off|[of] p1a: Kartana
|
|-damage|p2a: Mandibuzz|65/100 tox|[from] psn
|upkeep
|turn|18
|
|t:|1627685043
|switch|p1a: Melmetal|Melmetal|80/100
|move|p2a: Mandibuzz|Defog|p1a: Melmetal
|-unboost|p1a: Melmetal|evasion|1
|-sideend|p2: GuardArc|Stealth Rock|[from] move: Defog|[of] p2a: Mandibuzz
|-fieldend|move: Psychic Terrain
|
|-damage|p2a: Mandibuzz|52/100 tox|[from] psn
|upkeep
|turn|19
|
|t:|1627685050
|move|p2a: Mandibuzz|Foul Play|p1a: Melmetal
|-damage|p1a: Melmetal|44/100
|move|p1a: Melmetal|Superpower|p2a: Mandibuzz
|-damage|p2a: Mandibuzz|3/100 tox
|-unboost|p1a: Melmetal|atk|1
|-unboost|p1a: Melmetal|def|1
|
|-damage|p2a: Mandibuzz|0 fnt|[from] psn
|faint|p2a: Mandibuzz
|upkeep
|
|t:|1627685056
|switch|p2a: Volcarona|Volcarona, M|100/100
|turn|20
|-message|LT84JM Axouille forfeited.
|
|win|GuardArc
|raw|LT84JM Axouille's rating: 1697 &rarr; <strong>1676</strong><br />(-21 for losing)
|raw|GuardArc's rating: 1671 &rarr; <strong>1692</strong><br />(+21 for winning)
|l|☆LT84JM Axouille
