|raw|<div class="broadcast-blue"><strong>This battle is required to be public due to a player having a name starting with 'lt93oq'.</div>
|j|☆LT93OQ Huargensy
|j|☆Coach Jones 6fifth
|t:|1660668004
|gametype|singles
|player|p1|LT93OQ Huargensy|lucas|1728
|player|p2|Coach Jones 6fifth|lusamine-nihilego|1895
|teamsize|p1|6
|teamsize|p2|6
|gen|8
|tier|[Gen 8] OU
|rated|
|rule|Sleep Clause Mod: Limit one foe put to sleep
|rule|Species Clause: Limit one of each Pokémon
|rule|OHKO Clause: OHKO moves are banned
|rule|Evasion Items Clause: Evasion items are banned
|rule|Evasion Moves Clause: Evasion moves are banned
|rule|Endless Battle Clause: Forcing endless battles is banned
|rule|HP Percentage Mod: HP is shown in percentages
|rule|Dynamax Clause: You cannot dynamax
|clearpoke
|poke|p1|Urshifu-*, F|
|poke|p1|Kartana|
|poke|p1|Landorus-Therian, M|
|poke|p1|Tyranitar, F|
|poke|p1|Slowbro, M|
|poke|p1|Tapu Lele|
|poke|p2|Heatran, F|
|poke|p2|Zapdos|
|poke|p2|Rillaboom, F|
|poke|p2|Tapu Fini|
|poke|p2|Landorus-Therian, M|
|poke|p2|Ferrothorn, F|
|teampreview
|inactive|Battle timer is ON: inactive players will automatically lose when time's up. (requested by LT93OQ Huargensy)
|j| Chiwis Del Norte
|inactive|Coach Jones 6fifth has 120 seconds left.
|j| LT93OQ Bee
|j| LT93OQ Empo
|j| brentford 4-0
|
|t:|1660668052
|start
|switch|p1a: Urshifu|Urshifu-Rapid-Strike, F|100/100
|switch|p2a: Zapdos|Zapdos|100/100
|turn|1
|
|t:|1660668060
|switch|p1a: Tyranitar|Tyranitar, F|100/100
|-weather|Sandstorm|[from] ability: Sand Stream|[of] p1a: Tyranitar
|move|p2a: Zapdos|Volt Switch|p1a: Tyranitar
|-damage|p1a: Tyranitar|85/100
|
|t:|1660668062
|switch|p2a: Rillaboom|Rillaboom, F|100/100|[from]move: Volt Switch
|-fieldstart|move: Grassy Terrain|[from] ability: Grassy Surge|[of] p2a: Rillaboom
|
|-weather|Sandstorm|[upkeep]
|-damage|p2a: Rillaboom|94/100|[from] Sandstorm
|-heal|p2a: Rillaboom|100/100|[from] Grassy Terrain
|-heal|p1a: Tyranitar|92/100|[from] Grassy Terrain
|-heal|p1a: Tyranitar|98/100|[from] item: Leftovers
|upkeep
|turn|2
|j|+Rencube
|
|t:|1660668065
|switch|p1a: Landorus|Landorus-Therian, M|100/100
|-ability|p1a: Landorus|Intimidate|boost
|-unboost|p2a: Rillaboom|atk|1
|move|p2a: Rillaboom|Grassy Glide|p1a: Landorus
|-damage|p1a: Landorus|67/100
|-damage|p2a: Rillaboom|91/100|[from] item: Life Orb
|
|-weather|Sandstorm|[upkeep]
|-damage|p2a: Rillaboom|84/100|[from] Sandstorm
|-heal|p2a: Rillaboom|91/100|[from] Grassy Terrain
|-heal|p1a: Landorus|73/100|[from] item: Leftovers
|upkeep
|turn|3
|
|t:|1660668069
|switch|p2a: Ferrothorn|Ferrothorn, F|100/100
|move|p1a: Landorus|U-turn|p2a: Ferrothorn
|-damage|p2a: Ferrothorn|87/100
|-damage|p1a: Landorus|60/100|[from] ability: Iron Barbs|[of] p2a: Ferrothorn
|
|t:|1660668073
|switch|p1a: Urshifu|Urshifu-Rapid-Strike, F|100/100|[from]move: U-turn
|
|-weather|Sandstorm|[upkeep]
|-damage|p1a: Urshifu|94/100|[from] Sandstorm
|-heal|p1a: Urshifu|100/100|[from] Grassy Terrain
|-heal|p2a: Ferrothorn|93/100|[from] Grassy Terrain
|-heal|p2a: Ferrothorn|99/100|[from] item: Leftovers
|upkeep
|turn|4
|
|t:|1660668075
|switch|p2a: Zapdos|Zapdos|100/100
|move|p1a: Urshifu|U-turn|p2a: Zapdos
|-resisted|p2a: Zapdos
|-damage|p2a: Zapdos|81/100
|
|t:|1660668077
|switch|p1a: Tyranitar|Tyranitar, F|98/100|[from]move: U-turn
|
|-weather|Sandstorm|[upkeep]
|-damage|p2a: Zapdos|75/100|[from] Sandstorm
|-heal|p1a: Tyranitar|100/100|[from] Grassy Terrain
|upkeep
|turn|5
|j| LT93OQ JP_PN
|
|t:|1660668083
|move|p2a: Zapdos|Volt Switch|p1a: Tyranitar
|-damage|p1a: Tyranitar|85/100
|j| lt93oq EclipseY
|
|t:|1660668086
|switch|p2a: Ferrothorn|Ferrothorn, F|99/100|[from]move: Volt Switch
|move|p1a: Tyranitar|Stealth Rock|p2a: Ferrothorn
|-sidestart|p2: Coach Jones 6fifth|move: Stealth Rock
|
|-weather|none
|-heal|p1a: Tyranitar|92/100|[from] Grassy Terrain
|-heal|p1a: Tyranitar|98/100|[from] item: Leftovers
|-heal|p2a: Ferrothorn|100/100|[from] Grassy Terrain
|-fieldend|move: Grassy Terrain
|upkeep
|turn|6
|
|t:|1660668087
|move|p1a: Tyranitar|Flamethrower|p2a: Ferrothorn
|-supereffective|p2a: Ferrothorn
|-damage|p2a: Ferrothorn|40/100
|-status|p2a: Ferrothorn|brn
|move|p2a: Ferrothorn|Stealth Rock|p1a: Tyranitar
|-sidestart|p1: LT93OQ Huargensy|move: Stealth Rock
|
|-heal|p1a: Tyranitar|100/100|[from] item: Leftovers
|-heal|p2a: Ferrothorn|47/100 brn|[from] item: Leftovers
|-damage|p2a: Ferrothorn|40/100 brn|[from] brn
|upkeep
|turn|7
|l| lt93oq EclipseY
|inactive|Coach Jones 6fifth has 120 seconds left.
|j| LT930Q Pirula
|l| LT930Q Pirula
|inactive|Coach Jones 6fifth has 90 seconds left.
|
|t:|1660668148
|switch|p1a: Urshifu|Urshifu-Rapid-Strike, F|100/100
|-damage|p1a: Urshifu|94/100|[from] Stealth Rock
|switch|p2a: Landorus|Landorus-Therian, M|100/100
|-damage|p2a: Landorus|88/100|[from] Stealth Rock
|-ability|p2a: Landorus|Intimidate|boost
|-unboost|p1a: Urshifu|atk|1
|
|upkeep
|turn|8
|
|t:|1660668155
|switch|p2a: Ferrothorn|Ferrothorn, F|40/100 brn
|-damage|p2a: Ferrothorn|34/100 brn|[from] Stealth Rock
|move|p1a: Urshifu|Surging Strikes|p2a: Ferrothorn
|-resisted|p2a: Ferrothorn
|-crit|p2a: Ferrothorn
|-damage|p2a: Ferrothorn|25/100 brn
|-damage|p1a: Urshifu|82/100|[from] ability: Iron Barbs|[of] p2a: Ferrothorn
|-resisted|p2a: Ferrothorn
|-crit|p2a: Ferrothorn
|-damage|p2a: Ferrothorn|17/100 brn
|-damage|p1a: Urshifu|70/100|[from] ability: Iron Barbs|[of] p2a: Ferrothorn
|-resisted|p2a: Ferrothorn
|-crit|p2a: Ferrothorn
|-damage|p2a: Ferrothorn|7/100 brn
|-damage|p1a: Urshifu|57/100|[from] ability: Iron Barbs|[of] p2a: Ferrothorn
|-hitcount|p2a: Ferrothorn|3
|
|-heal|p2a: Ferrothorn|14/100 brn|[from] item: Leftovers
|-damage|p2a: Ferrothorn|7/100 brn|[from] brn
|upkeep
|turn|9
|j| Cono de la Correze
|j| Dzhugashvili
|
|t:|1660668160
|move|p1a: Urshifu|Surging Strikes|p2a: Ferrothorn
|-resisted|p2a: Ferrothorn
|-crit|p2a: Ferrothorn
|-damage|p2a: Ferrothorn|0 fnt
|-damage|p1a: Urshifu|45/100|[from] ability: Iron Barbs|[of] p2a: Ferrothorn
|faint|p2a: Ferrothorn
|-hitcount|p2: Ferrothorn|1
|
|upkeep
|
|t:|1660668162
|switch|p2a: Rillaboom|Rillaboom, F|91/100
|-damage|p2a: Rillaboom|78/100|[from] Stealth Rock
|-fieldstart|move: Grassy Terrain|[from] ability: Grassy Surge|[of] p2a: Rillaboom
|turn|10
|
|t:|1660668165
|switch|p1a: Landorus|Landorus-Therian, M|60/100
|-damage|p1a: Landorus|48/100|[from] Stealth Rock
|-ability|p1a: Landorus|Intimidate|boost
|-unboost|p2a: Rillaboom|atk|1
|move|p2a: Rillaboom|Swords Dance|p2a: Rillaboom
|-boost|p2a: Rillaboom|atk|2
|
|-heal|p2a: Rillaboom|84/100|[from] Grassy Terrain
|-heal|p1a: Landorus|54/100|[from] item: Leftovers
|upkeep
|turn|11
|
|t:|1660668168
|move|p2a: Rillaboom|Grassy Glide|p1a: Landorus
|-damage|p1a: Landorus|0 fnt
|faint|p1a: Landorus
|-damage|p2a: Rillaboom|74/100|[from] item: Life Orb
|
|-heal|p2a: Rillaboom|81/100|[from] Grassy Terrain
|upkeep
|
|t:|1660668171
|switch|p1a: Tapu Lele|Tapu Lele|100/100
|-damage|p1a: Tapu Lele|88/100|[from] Stealth Rock
|-fieldstart|move: Psychic Terrain|[from] ability: Psychic Surge|[of] p1a: Tapu Lele
|turn|12
|
|t:|1660668173
|switch|p2a: Heatran|Heatran, F, shiny|100/100
|-damage|p2a: Heatran|88/100|[from] Stealth Rock
|move|p1a: Tapu Lele|Psychic|p2a: Heatran
|-resisted|p2a: Heatran
|-damage|p2a: Heatran|42/100
|
|upkeep
|turn|13
|
|t:|1660668179
|move|p1a: Tapu Lele|Psychic|p2a: Heatran
|-resisted|p2a: Heatran
|-damage|p2a: Heatran|0 fnt
|faint|p2a: Heatran
|
|upkeep
|
|t:|1660668182
|switch|p2a: Landorus|Landorus-Therian, M|88/100
|-damage|p2a: Landorus|76/100|[from] Stealth Rock
|-ability|p2a: Landorus|Intimidate|boost
|-unboost|p1a: Tapu Lele|atk|1
|turn|14
|
|t:|1660668189
|switch|p1a: Slowbro|Slowbro, M|100/100
|-damage|p1a: Slowbro|88/100|[from] Stealth Rock
|move|p2a: Landorus|Earthquake|p1a: Slowbro
|-damage|p1a: Slowbro|53/100
|
|upkeep
|turn|15
|
|t:|1660668192
|move|p2a: Landorus|Knock Off|p1a: Slowbro
|-supereffective|p1a: Slowbro
|-damage|p1a: Slowbro|9/100
|-damage|p2a: Landorus|59/100|[from] item: Rocky Helmet|[of] p1a: Slowbro
|-enditem|p1a: Slowbro|Rocky Helmet|[from] move: Knock Off|[of] p2a: Landorus
|move|p1a: Slowbro|Teleport|p1a: Slowbro
|
|t:|1660668203
|switch|p1a: Kartana|Kartana|100/100|[from]move: Teleport
|-damage|p1a: Kartana|94/100|[from] Stealth Rock
|
|upkeep
|turn|16
|j| pikameeisgod
|j| Keblar
|
|t:|1660668224
|switch|p2a: Zapdos|Zapdos|75/100
|move|p1a: Kartana|Knock Off|p2a: Zapdos
|-damage|p2a: Zapdos|29/100
|-status|p1a: Kartana|par|[from] ability: Static|[of] p2a: Zapdos
|-enditem|p2a: Zapdos|Heavy-Duty Boots|[from] move: Knock Off|[of] p1a: Kartana
|
|-fieldend|move: Psychic Terrain
|upkeep
|turn|17
|
|t:|1660668228
|switch|p1a: Tyranitar|Tyranitar, F|100/100
|-damage|p1a: Tyranitar|88/100|[from] Stealth Rock
|-weather|Sandstorm|[from] ability: Sand Stream|[of] p1a: Tyranitar
|move|p2a: Zapdos|Volt Switch|p1a: Tyranitar
|-damage|p1a: Tyranitar|73/100
|
|t:|1660668231
|switch|p2a: Landorus|Landorus-Therian, M|59/100|[from]move: Volt Switch
|-damage|p2a: Landorus|47/100|[from] Stealth Rock
|-ability|p2a: Landorus|Intimidate|boost
|-unboost|p1a: Tyranitar|atk|1
|
|-weather|Sandstorm|[upkeep]
|-heal|p1a: Tyranitar|79/100|[from] item: Leftovers
|upkeep
|turn|18
|j| verfeb111
|
|t:|1660668241
|switch|p1a: Slowbro|Slowbro, M|42/100
|-damage|p1a: Slowbro|30/100|[from] Stealth Rock
|move|p2a: Landorus|Earthquake|p1a: Slowbro
|-damage|p1a: Slowbro|0 fnt
|faint|p1a: Slowbro
|
|-weather|Sandstorm|[upkeep]
|upkeep
|
|t:|1660668243
|switch|p1a: Kartana|Kartana|94/100 par
|-damage|p1a: Kartana|88/100 par|[from] Stealth Rock
|turn|19
|
|t:|1660668249
|move|p1a: Kartana|Leaf Blade|p2a: Landorus
|-crit|p2a: Landorus
|-damage|p2a: Landorus|0 fnt
|faint|p2a: Landorus
|-ability|p1a: Kartana|Beast Boost|boost
|-boost|p1a: Kartana|atk|1
|
|-weather|Sandstorm|[upkeep]
|upkeep
|
|t:|1660668254
|switch|p2a: Zapdos|Zapdos|29/100
|-damage|p2a: Zapdos|4/100|[from] Stealth Rock
|turn|20
|
|t:|1660668260
|move|p2a: Zapdos|Roost|p2a: Zapdos
|-heal|p2a: Zapdos|54/100
|-singleturn|p2a: Zapdos|move: Roost
|move|p1a: Kartana|Leaf Blade|p2a: Zapdos
|-damage|p2a: Zapdos|0 fnt
|faint|p2a: Zapdos
|-ability|p1a: Kartana|Beast Boost|boost
|-boost|p1a: Kartana|atk|1
|
|-weather|Sandstorm|[upkeep]
|upkeep
|j| climatechange=hoax
|
|t:|1660668266
|switch|p2a: Rillaboom|Rillaboom, F|81/100
|-damage|p2a: Rillaboom|68/100|[from] Stealth Rock
|-fieldstart|move: Grassy Terrain|[from] ability: Grassy Surge|[of] p2a: Rillaboom
|turn|21
|
|t:|1660668273
|switch|p1a: Tyranitar|Tyranitar, F|79/100
|-damage|p1a: Tyranitar|67/100|[from] Stealth Rock
|move|p2a: Rillaboom|Superpower|p1a: Tyranitar
|-supereffective|p1a: Tyranitar
|-damage|p1a: Tyranitar|0 fnt
|-unboost|p2a: Rillaboom|atk|1
|-unboost|p2a: Rillaboom|def|1
|faint|p1a: Tyranitar
|-damage|p2a: Rillaboom|58/100|[from] item: Life Orb
|
|-weather|none
|-heal|p2a: Rillaboom|64/100|[from] Grassy Terrain
|upkeep
|j| Mewtwo88
|
|t:|1660668274
|switch|p1a: Tapu Lele|Tapu Lele|88/100
|-damage|p1a: Tapu Lele|76/100|[from] Stealth Rock
|-fieldstart|move: Psychic Terrain|[from] ability: Psychic Surge|[of] p1a: Tapu Lele
|turn|22
|
|t:|1660668276
|switch|p2a: Tapu Fini|Tapu Fini|100/100
|-damage|p2a: Tapu Fini|88/100|[from] Stealth Rock
|-fieldstart|move: Misty Terrain|[from] ability: Misty Surge|[of] p2a: Tapu Fini
|move|p1a: Tapu Lele|Psychic|p2a: Tapu Fini
|-damage|p2a: Tapu Fini|18/100
|
|upkeep
|turn|23
|l| Chiwis Del Norte
|
|t:|1660668282
|move|p2a: Tapu Fini|Defog|p1a: Tapu Lele
|-unboost|p1a: Tapu Lele|evasion|1
|-sideend|p1: LT93OQ Huargensy|Stealth Rock|[from] move: Defog|[of] p2a: Tapu Fini
|-sideend|p2: Coach Jones 6fifth|Stealth Rock|[from] move: Defog|[of] p2a: Tapu Fini
|-fieldend|Misty Terrain
|move|p1a: Tapu Lele|Psychic|p2a: Tapu Fini
|-damage|p2a: Tapu Fini|0 fnt
|faint|p2a: Tapu Fini
|
|upkeep
|
|t:|1660668284
|switch|p2a: Rillaboom|Rillaboom, F|64/100
|-fieldstart|move: Grassy Terrain|[from] ability: Grassy Surge|[of] p2a: Rillaboom
|turn|24
|
|t:|1660668288
|switch|p1a: Urshifu|Urshifu-Rapid-Strike, F|45/100
|move|p2a: Rillaboom|Swords Dance|p2a: Rillaboom
|-boost|p2a: Rillaboom|atk|2
|
|-heal|p1a: Urshifu|51/100|[from] Grassy Terrain
|-heal|p2a: Rillaboom|71/100|[from] Grassy Terrain
|upkeep
|turn|25
|
|t:|1660668295
|switch|p1a: Kartana|Kartana|88/100 par
|move|p2a: Rillaboom|Grassy Glide|p1a: Kartana
|-resisted|p1a: Kartana
|-damage|p1a: Kartana|53/100 par
|-damage|p2a: Rillaboom|61/100|[from] item: Life Orb
|
|-heal|p2a: Rillaboom|67/100|[from] Grassy Terrain
|-heal|p1a: Kartana|60/100 par|[from] Grassy Terrain
|upkeep
|turn|26
|
|t:|1660668298
|move|p2a: Rillaboom|Knock Off|p1a: Kartana
|-damage|p1a: Kartana|0 fnt
|-enditem|p1a: Kartana|Choice Scarf|[from] move: Knock Off|[of] p2a: Rillaboom
|faint|p1a: Kartana
|-damage|p2a: Rillaboom|57/100|[from] item: Life Orb
|
|-heal|p2a: Rillaboom|63/100|[from] Grassy Terrain
|upkeep
|
|t:|1660668300
|switch|p1a: Tapu Lele|Tapu Lele|76/100
|-fieldstart|move: Psychic Terrain|[from] ability: Psychic Surge|[of] p1a: Tapu Lele
|turn|27
|
|t:|1660668303
|move|p1a: Tapu Lele|Psychic|p2a: Rillaboom
|-damage|p2a: Rillaboom|0 fnt
|faint|p2a: Rillaboom
|
|win|LT93OQ Huargensy
|raw|LT93OQ Huargensy's rating: 1728 &rarr; <strong>1757</strong><br />(+29 for winning)
|raw|Coach Jones 6fifth's rating: 1895 &rarr; <strong>1866</strong><br />(-29 for losing)
|l|☆Coach Jones 6fifth
|l|☆LT93OQ Huargensy
|l| LT93OQ JP_PN
|l| verfeb111
