|j|☆u little shit
|j|☆Chikami
|t:|1632525914
|gametype|singles
|player|p1|u little shit|170|1711
|player|p2|Chikami|ethan|1771
|teamsize|p1|6
|teamsize|p2|6
|gen|8
|tier|[Gen 8] OU
|rated|
|rule|Sleep Clause Mod: Limit one foe put to sleep
|rule|Species Clause: Limit one of each Pokémon
|rule|OHKO Clause: OHKO moves are banned
|rule|Evasion Moves Clause: Evasion moves are banned
|rule|Endless Battle Clause: Forcing endless battles is banned
|rule|HP Percentage Mod: HP is shown in percentages
|rule|Dynamax Clause: You cannot dynamax
|clearpoke
|poke|p1|Tyranitar, M|
|poke|p1|Dracozolt|
|poke|p1|Zapdos|
|poke|p1|Landorus-Therian, M|
|poke|p1|Scizor, M|
|poke|p1|Slowbro, M|
|poke|p2|Mew|
|poke|p2|Ninetales-Alola, M|
|poke|p2|Garchomp, F|
|poke|p2|Urshifu-*, F|
|poke|p2|Kartana|
|poke|p2|Zapdos-Galar|
|teampreview
|inactive|Battle timer is ON: inactive players will automatically lose when time's up. (requested by u little shit)
|j| stallisforinsects
|
|t:|1632525934
|start
|switch|p1a: Tyranitar|Tyranitar, M, shiny|100/100
|switch|p2a: Mew|Mew|100/100
|-weather|Sandstorm|[from] ability: Sand Stream|[of] p1a: Tyranitar
|turn|1
|j| Dragonnarok
|
|t:|1632525945
|switch|p1a: Dracozolt|Dracozolt, shiny|100/100
|move|p2a: Mew|Stealth Rock|p1a: Dracozolt
|-sidestart|p1: u little shit|move: Stealth Rock
|
|-weather|Sandstorm|[upkeep]
|-damage|p2a: Mew|94/100|[from] Sandstorm
|upkeep
|turn|2
|
|t:|1632525951
|move|p1a: Dracozolt|Substitute|p1a: Dracozolt
|-start|p1a: Dracozolt|Substitute
|-damage|p1a: Dracozolt|76/100
|move|p2a: Mew|Explosion|p1a: Dracozolt
|-end|p1a: Dracozolt|Substitute
|faint|p2a: Mew
|
|-weather|Sandstorm|[upkeep]
|-heal|p1a: Dracozolt|82/100|[from] item: Leftovers
|upkeep
|
|t:|1632525972
|switch|p2a: Ninetales|Ninetales-Alola, M|100/100
|-weather|Hail|[from] ability: Snow Warning|[of] p2a: Ninetales
|turn|3
|
|t:|1632525979
|switch|p1a: Tyranitar|Tyranitar, M, shiny|100/100
|-damage|p1a: Tyranitar|88/100|[from] Stealth Rock
|-weather|Sandstorm|[from] ability: Sand Stream|[of] p1a: Tyranitar
|move|p2a: Ninetales|Freeze-Dry|p1a: Tyranitar
|-damage|p1a: Tyranitar|78/100
|
|-weather|Sandstorm|[upkeep]
|-damage|p2a: Ninetales|94/100|[from] Sandstorm
|-heal|p1a: Tyranitar|85/100|[from] item: Leftovers
|upkeep
|turn|4
|
|t:|1632525986
|switch|p2a: Urshifu|Urshifu-Rapid-Strike, F|100/100
|move|p1a: Tyranitar|Stealth Rock|p2a: Urshifu
|-sidestart|p2: Chikami|move: Stealth Rock
|
|-weather|Sandstorm|[upkeep]
|-damage|p2a: Urshifu|94/100|[from] Sandstorm
|-heal|p1a: Tyranitar|91/100|[from] item: Leftovers
|upkeep
|turn|5
|
|t:|1632525997
|switch|p1a: Slowbro|Slowbro, M, shiny|100/100
|-damage|p1a: Slowbro|88/100|[from] Stealth Rock
|move|p2a: Urshifu|Close Combat|p1a: Slowbro
|-resisted|p1a: Slowbro
|-damage|p1a: Slowbro|61/100
|-unboost|p2a: Urshifu|def|1
|-unboost|p2a: Urshifu|spd|1
|-damage|p2a: Urshifu|78/100|[from] item: Rocky Helmet|[of] p1a: Slowbro
|
|-weather|Sandstorm|[upkeep]
|-damage|p2a: Urshifu|72/100|[from] Sandstorm
|-damage|p1a: Slowbro|55/100|[from] Sandstorm
|upkeep
|turn|6
|j| Zombini62
|
|t:|1632526014
|switch|p2a: Kartana|Kartana|100/100
|-damage|p2a: Kartana|94/100|[from] Stealth Rock
|move|p1a: Slowbro|Teleport|p1a: Slowbro
|
|t:|1632526019
|switch|p1a: Zapdos|Zapdos|100/100|[from]move: Teleport
|
|-weather|Sandstorm|[upkeep]
|-damage|p1a: Zapdos|94/100|[from] Sandstorm
|upkeep
|turn|7
|j| LucaSienge
|inactive|Chikami has 120 seconds left.
|
|t:|1632526055
|switch|p2a: Garchomp|Garchomp, F|100/100
|-damage|p2a: Garchomp|94/100|[from] Stealth Rock
|move|p1a: Zapdos|Heat Wave|p2a: Garchomp
|-resisted|p2a: Garchomp
|-damage|p2a: Garchomp|80/100
|
|-weather|none
|-heal|p2a: Garchomp|86/100|[from] item: Leftovers
|upkeep
|turn|8
|j| Ismail-Mimox
|inactive|Chikami has 120 seconds left.
|
|t:|1632526066
|switch|p1a: Landorus|Landorus-Therian, M|100/100
|-damage|p1a: Landorus|88/100|[from] Stealth Rock
|-ability|p1a: Landorus|Intimidate|boost
|-unboost|p2a: Garchomp|atk|1
|move|p2a: Garchomp|Swords Dance|p2a: Garchomp
|-boost|p2a: Garchomp|atk|2
|
|-heal|p2a: Garchomp|92/100|[from] item: Leftovers
|-heal|p1a: Landorus|94/100|[from] item: Leftovers
|upkeep
|turn|9
|j| vepp
|inactive|Chikami has 120 seconds left.
|
|t:|1632526076
|move|p2a: Garchomp|Swords Dance|p2a: Garchomp
|-boost|p2a: Garchomp|atk|2
|move|p1a: Landorus|Toxic|p2a: Garchomp
|-status|p2a: Garchomp|tox
|
|-heal|p2a: Garchomp|98/100 tox|[from] item: Leftovers
|-heal|p1a: Landorus|99/100|[from] item: Leftovers
|-damage|p2a: Garchomp|92/100 tox|[from] psn
|upkeep
|turn|10
|inactive|Chikami has 120 seconds left.
|
|t:|1632526090
|move|p2a: Garchomp|Swords Dance|p2a: Garchomp
|-boost|p2a: Garchomp|atk|2
|move|p1a: Landorus|Earthquake|p2a: Garchomp
|-damage|p2a: Garchomp|43/100 tox
|
|-heal|p2a: Garchomp|49/100 tox|[from] item: Leftovers
|-heal|p1a: Landorus|100/100|[from] item: Leftovers
|-damage|p2a: Garchomp|36/100 tox|[from] psn
|upkeep
|turn|11
|
|t:|1632526095
|switch|p1a: Scizor|Scizor, M, shiny|100/100
|move|p2a: Garchomp|Scale Shot|p1a: Scizor
|-resisted|p1a: Scizor
|-damage|p1a: Scizor|81/100
|-resisted|p1a: Scizor
|-damage|p1a: Scizor|62/100
|-resisted|p1a: Scizor
|-damage|p1a: Scizor|45/100
|-resisted|p1a: Scizor
|-damage|p1a: Scizor|26/100
|-hitcount|p1a: Scizor|4
|-unboost|p2a: Garchomp|def|1
|-boost|p2a: Garchomp|spe|1
|
|-heal|p2a: Garchomp|43/100 tox|[from] item: Leftovers
|-damage|p2a: Garchomp|24/100 tox|[from] psn
|upkeep
|turn|12
|
|t:|1632526108
|switch|p2a: Kartana|Kartana|94/100
|-damage|p2a: Kartana|88/100|[from] Stealth Rock
|move|p1a: Scizor|Bullet Punch|p2a: Kartana
|-resisted|p2a: Kartana
|-damage|p2a: Kartana|73/100
|
|upkeep
|turn|13
|
|t:|1632526113
|switch|p1a: Zapdos|Zapdos|94/100
|move|p2a: Kartana|Knock Off|p1a: Zapdos
|-damage|p1a: Zapdos|55/100
|-enditem|p1a: Zapdos|Heavy-Duty Boots|[from] move: Knock Off|[of] p2a: Kartana
|-damage|p2a: Kartana|64/100|[from] item: Life Orb
|
|upkeep
|turn|14
|
|t:|1632526126
|switch|p2a: Garchomp|Garchomp, F|24/100 tox
|-damage|p2a: Garchomp|18/100 tox|[from] Stealth Rock
|move|p1a: Zapdos|Roost|p1a: Zapdos
|-heal|p1a: Zapdos|100/100
|-singleturn|p1a: Zapdos|move: Roost
|
|-heal|p2a: Garchomp|24/100 tox|[from] item: Leftovers
|-damage|p2a: Garchomp|18/100 tox|[from] psn
|upkeep
|turn|15
|
|t:|1632526137
|switch|p1a: Landorus|Landorus-Therian, M|100/100
|-damage|p1a: Landorus|88/100|[from] Stealth Rock
|-ability|p1a: Landorus|Intimidate|boost
|-unboost|p2a: Garchomp|atk|1
|move|p2a: Garchomp|Swords Dance|p2a: Garchomp
|-boost|p2a: Garchomp|atk|2
|
|-heal|p2a: Garchomp|24/100 tox|[from] item: Leftovers
|-heal|p1a: Landorus|94/100|[from] item: Leftovers
|-damage|p2a: Garchomp|12/100 tox|[from] psn
|upkeep
|turn|16
|
|t:|1632526141
|switch|p1a: Scizor|Scizor, M, shiny|26/100
|move|p2a: Garchomp|Scale Shot|p1a: Scizor
|-resisted|p1a: Scizor
|-damage|p1a: Scizor|18/100
|-resisted|p1a: Scizor
|-damage|p1a: Scizor|9/100
|-resisted|p1a: Scizor
|-damage|p1a: Scizor|1/100
|-hitcount|p1a: Scizor|3
|-unboost|p2a: Garchomp|def|1
|-boost|p2a: Garchomp|spe|1
|
|-heal|p2a: Garchomp|18/100 tox|[from] item: Leftovers
|-damage|p2a: Garchomp|0 fnt|[from] psn
|faint|p2a: Garchomp
|upkeep
|
|t:|1632526151
|switch|p2a: Kartana|Kartana|64/100
|-damage|p2a: Kartana|58/100|[from] Stealth Rock
|turn|17
|
|t:|1632526159
|switch|p1a: Zapdos|Zapdos|100/100
|-damage|p1a: Zapdos|76/100|[from] Stealth Rock
|move|p2a: Kartana|Knock Off|p1a: Zapdos
|-damage|p1a: Zapdos|49/100
|-damage|p2a: Kartana|48/100|[from] item: Life Orb
|
|upkeep
|turn|18
|j| OnGroveStreet
|
|t:|1632526179
|switch|p2a: Urshifu|Urshifu-Rapid-Strike, F|72/100
|-damage|p2a: Urshifu|66/100|[from] Stealth Rock
|move|p1a: Zapdos|Roost|p1a: Zapdos
|-heal|p1a: Zapdos|99/100
|-singleturn|p1a: Zapdos|move: Roost
|
|upkeep
|turn|19
|c| stallisforinsects|this just wins right
|
|t:|1632526203
|switch|p1a: Slowbro|Slowbro, M, shiny|89/100
|-damage|p1a: Slowbro|76/100|[from] Stealth Rock
|move|p2a: Urshifu|Surging Strikes|p1a: Slowbro
|-resisted|p1a: Slowbro
|-crit|p1a: Slowbro
|-damage|p1a: Slowbro|68/100
|-damage|p2a: Urshifu|49/100|[from] item: Rocky Helmet|[of] p1a: Slowbro
|-resisted|p1a: Slowbro
|-crit|p1a: Slowbro
|-damage|p1a: Slowbro|59/100
|-damage|p2a: Urshifu|33/100|[from] item: Rocky Helmet|[of] p1a: Slowbro
|-resisted|p1a: Slowbro
|-crit|p1a: Slowbro
|-damage|p1a: Slowbro|50/100
|-damage|p2a: Urshifu|16/100|[from] item: Rocky Helmet|[of] p1a: Slowbro
|-hitcount|p1a: Slowbro|3
|
|upkeep
|turn|20
|c| stallisforinsects|wp
|c|☆u little shit|what
|c|☆u little shit|zap?
|c| stallisforinsects|yeah
|j| JoeyIreland11
|c|☆u little shit|kinda
|c| stallisforinsects|you made the better play
|inactive|u little shit has 120 seconds left.
|
|t:|1632526236
|switch|p2a: Zapdos|Zapdos-Galar|100/100
|-damage|p2a: Zapdos|88/100|[from] Stealth Rock
|move|p1a: Slowbro|Teleport|p1a: Slowbro
|c| stallisforinsects|thought youd volt switch
|inactive|u little shit has 120 seconds left.
|
|t:|1632526246
|switch|p1a: Tyranitar|Tyranitar, M, shiny|91/100|[from]move: Teleport
|-damage|p1a: Tyranitar|78/100|[from] Stealth Rock
|-weather|Sandstorm|[from] ability: Sand Stream|[of] p1a: Tyranitar
|
|-weather|Sandstorm|[upkeep]
|-damage|p2a: Zapdos|82/100|[from] Sandstorm
|-heal|p1a: Tyranitar|85/100|[from] item: Leftovers
|upkeep
|turn|21
|
|t:|1632526257
|switch|p1a: Slowbro|Slowbro, M, shiny|83/100
|-damage|p1a: Slowbro|71/100|[from] Stealth Rock
|move|p2a: Zapdos|U-turn|p1a: Slowbro
|-supereffective|p1a: Slowbro
|-damage|p1a: Slowbro|41/100
|-damage|p2a: Zapdos|65/100|[from] item: Rocky Helmet|[of] p1a: Slowbro
|
|t:|1632526262
|switch|p2a: Kartana|Kartana|48/100|[from]move: U-turn
|-damage|p2a: Kartana|42/100|[from] Stealth Rock
|
|-weather|Sandstorm|[upkeep]
|-damage|p1a: Slowbro|35/100|[from] Sandstorm
|upkeep
|turn|22
|
|t:|1632526275
|switch|p1a: Zapdos|Zapdos|99/100
|-damage|p1a: Zapdos|75/100|[from] Stealth Rock
|move|p2a: Kartana|Swords Dance|p2a: Kartana
|-boost|p2a: Kartana|atk|2
|
|-weather|Sandstorm|[upkeep]
|-damage|p1a: Zapdos|69/100|[from] Sandstorm
|upkeep
|turn|23
|l| LucaSienge
|
|t:|1632526293
|move|p2a: Kartana|Leaf Blade|p1a: Zapdos
|-resisted|p1a: Zapdos
|-damage|p1a: Zapdos|11/100
|-status|p2a: Kartana|par|[from] ability: Static|[of] p1a: Zapdos
|-damage|p2a: Kartana|32/100 par|[from] item: Life Orb
|move|p1a: Zapdos|Volt Switch|p2a: Kartana
|-resisted|p2a: Kartana
|-damage|p2a: Kartana|0 fnt
|faint|p2a: Kartana
|
|t:|1632526306
|switch|p1a: Scizor|Scizor, M, shiny|1/100|[from]move: Volt Switch
|
|-weather|Sandstorm|[upkeep]
|upkeep
|
|t:|1632526317
|switch|p2a: Urshifu|Urshifu-Rapid-Strike, F|16/100
|-damage|p2a: Urshifu|10/100|[from] Stealth Rock
|turn|24
|
|t:|1632526320
|switch|p1a: Slowbro|Slowbro, M, shiny|68/100
|-damage|p1a: Slowbro|56/100|[from] Stealth Rock
|move|p2a: Urshifu|Aqua Jet|p1a: Slowbro
|-resisted|p1a: Slowbro
|-damage|p1a: Slowbro|47/100
|-damage|p2a: Urshifu|0 fnt|[from] item: Rocky Helmet|[of] p1a: Slowbro
|faint|p2a: Urshifu
|
|-weather|none
|upkeep
|
|t:|1632526324
|switch|p2a: Ninetales|Ninetales-Alola, M|94/100
|-damage|p2a: Ninetales|70/100|[from] Stealth Rock
|-weather|Hail|[from] ability: Snow Warning|[of] p2a: Ninetales
|turn|25
|
|t:|1632526327
|switch|p1a: Tyranitar|Tyranitar, M, shiny|85/100
|-damage|p1a: Tyranitar|72/100|[from] Stealth Rock
|-weather|Sandstorm|[from] ability: Sand Stream|[of] p1a: Tyranitar
|move|p2a: Ninetales|Freeze-Dry|p1a: Tyranitar
|-damage|p1a: Tyranitar|63/100
|
|-weather|Sandstorm|[upkeep]
|-damage|p2a: Ninetales|64/100|[from] Sandstorm
|-heal|p1a: Tyranitar|69/100|[from] item: Leftovers
|upkeep
|turn|26
|
|t:|1632526335
|switch|p1a: Dracozolt|Dracozolt, shiny|82/100
|-damage|p1a: Dracozolt|69/100|[from] Stealth Rock
|move|p2a: Ninetales|Hail|p2a: Ninetales
|-weather|Hail
|
|-weather|Hail|[upkeep]
|-damage|p1a: Dracozolt|63/100|[from] Hail
|-heal|p1a: Dracozolt|69/100|[from] item: Leftovers
|upkeep
|turn|27
|
|t:|1632526341
|switch|p1a: Tyranitar|Tyranitar, M, shiny|69/100
|-damage|p1a: Tyranitar|56/100|[from] Stealth Rock
|-weather|Sandstorm|[from] ability: Sand Stream|[of] p1a: Tyranitar
|move|p2a: Ninetales|Freeze-Dry|p1a: Tyranitar
|-damage|p1a: Tyranitar|47/100
|
|-weather|Sandstorm|[upkeep]
|-damage|p2a: Ninetales|58/100|[from] Sandstorm
|-heal|p1a: Tyranitar|53/100|[from] item: Leftovers
|upkeep
|turn|28
|j| Cambell
|
|t:|1632526347
|move|p2a: Ninetales|Hail|p2a: Ninetales
|-weather|Hail
|move|p1a: Tyranitar|Rock Blast|p2a: Ninetales
|-supereffective|p2a: Ninetales
|-damage|p2a: Ninetales|30/100
|-supereffective|p2a: Ninetales
|-damage|p2a: Ninetales|0 fnt
|faint|p2a: Ninetales
|-hitcount|p2: Ninetales|2
|
|-weather|Hail|[upkeep]
|-damage|p1a: Tyranitar|47/100|[from] Hail
|-heal|p1a: Tyranitar|53/100|[from] item: Leftovers
|upkeep
|
|t:|1632526351
|switch|p2a: Zapdos|Zapdos-Galar|65/100
|-damage|p2a: Zapdos|53/100|[from] Stealth Rock
|turn|29
|
|t:|1632526359
|switch|p1a: Slowbro|Slowbro, M, shiny|80/100
|-damage|p1a: Slowbro|68/100|[from] Stealth Rock
|move|p2a: Zapdos|Thunderous Kick|p1a: Slowbro
|-resisted|p1a: Slowbro
|-damage|p1a: Slowbro|56/100
|-unboost|p1a: Slowbro|def|1
|-damage|p2a: Zapdos|36/100|[from] item: Rocky Helmet|[of] p1a: Slowbro
|
|-weather|Hail|[upkeep]
|-damage|p2a: Zapdos|30/100|[from] Hail
|-damage|p1a: Slowbro|50/100|[from] Hail
|upkeep
|turn|30
|
|t:|1632526366
|move|p2a: Zapdos|Thunderous Kick|p1a: Slowbro
|-resisted|p1a: Slowbro
|-damage|p1a: Slowbro|31/100
|-unboost|p1a: Slowbro|def|1
|-damage|p2a: Zapdos|14/100|[from] item: Rocky Helmet|[of] p1a: Slowbro
|move|p1a: Slowbro|Slack Off|p1a: Slowbro
|-heal|p1a: Slowbro|81/100
|
|-weather|Hail|[upkeep]
|-damage|p2a: Zapdos|7/100|[from] Hail
|-damage|p1a: Slowbro|75/100|[from] Hail
|upkeep
|turn|31
|
|t:|1632526370
|move|p2a: Zapdos|Thunderous Kick|p1a: Slowbro
|-resisted|p1a: Slowbro
|-damage|p1a: Slowbro|49/100
|-unboost|p1a: Slowbro|def|1
|-damage|p2a: Zapdos|0 fnt|[from] item: Rocky Helmet|[of] p1a: Slowbro
|faint|p2a: Zapdos
|
|win|u little shit
|raw|u little shit's rating: 1711 &rarr; <strong>1734</strong><br />(+23 for winning)
|raw|Chikami's rating: 1771 &rarr; <strong>1748</strong><br />(-23 for losing)
|l|☆Chikami
|c|☆u little shit|gg
|l|☆u little shit
|l| vepp
|c| stallisforinsects|gets the 6-0
|c| stallisforinsects|wp
|l| Dragonnarok
|l| stallisforinsects
|l| JoeyIreland11
|l| Ismail-Mimox
