|j|☆cump2
|j|☆Nickname666
|t:|1615907953
|player|p1|cump2|schoolkid-gen4dp|1407
|player|p2|Nickname666|101|1374
|teamsize|p1|6
|teamsize|p2|6
|gametype|singles
|gen|8
|tier|[Gen 8] OU
|rated|
|clearpoke
|poke|p1|Landorus-Therian, M|
|poke|p1|Corviknight, F|
|poke|p1|Dragapult, F|
|poke|p1|Volcarona, F|
|poke|p1|Tapu Fini|
|poke|p1|Rillaboom, F|
|poke|p2|Noivern, M|
|poke|p2|Garchomp, M|
|poke|p2|Melmetal|
|poke|p2|Gastrodon, M|
|poke|p2|Dragonite, M|
|poke|p2|Pelipper, M|
|rule|Sleep Clause Mod: Limit one foe put to sleep
|rule|Species Clause: Limit one of each Pokémon
|rule|OHKO Clause: OHKO moves are banned
|rule|Evasion Moves Clause: Evasion moves are banned
|rule|Endless Battle Clause: Forcing endless battles is banned
|rule|HP Percentage Mod: HP is shown in percentages
|rule|Dynamax Clause: You cannot dynamax
|teampreview
|
|t:|1615907963
|start
|switch|p1a: Landorus|Landorus-Therian, M|100/100
|switch|p2a: Pelipper|Pelipper, M|100/100
|-ability|p1a: Landorus|Intimidate|boost
|-unboost|p2a: Pelipper|atk|1
|-weather|RainDance|[from] ability: Drizzle|[of] p2a: Pelipper
|turn|1
|
|t:|1615907977
|move|p1a: Landorus|U-turn|p2a: Pelipper
|-resisted|p2a: Pelipper
|-damage|p2a: Pelipper|85/100
|
|t:|1615907979
|switch|p1a: Tapu Fini|Tapu Fini, shiny|100/100|[from]move: U-turn
|-fieldstart|move: Misty Terrain|[from] ability: Misty Surge|[of] p1a: Tapu Fini
|move|p2a: Pelipper|Hurricane|p1a: Tapu Fini
|-damage|p1a: Tapu Fini|41/100
|
|-weather|RainDance|[upkeep]
|-heal|p1a: Tapu Fini|47/100|[from] item: Leftovers
|upkeep
|turn|2
|
|t:|1615907993
|switch|p2a: Gastrodon|Gastrodon, M|100/100
|move|p1a: Tapu Fini|Draining Kiss|p2a: Gastrodon
|-damage|p2a: Gastrodon|82/100
|-heal|p1a: Tapu Fini|62/100|[from] drain|[of] p2a: Gastrodon
|
|-weather|RainDance|[upkeep]
|-heal|p1a: Tapu Fini|68/100|[from] item: Leftovers
|upkeep
|turn|3
|
|t:|1615908001
|move|p1a: Tapu Fini|Calm Mind|p1a: Tapu Fini
|-boost|p1a: Tapu Fini|spa|1
|-boost|p1a: Tapu Fini|spd|1
|move|p2a: Gastrodon|Sludge Wave|p1a: Tapu Fini
|-supereffective|p1a: Tapu Fini
|-damage|p1a: Tapu Fini|28/100
|-damage|p2a: Gastrodon|72/100|[from] item: Life Orb
|
|-weather|RainDance|[upkeep]
|-heal|p1a: Tapu Fini|34/100|[from] item: Leftovers
|upkeep
|turn|4
|
|t:|1615908008
|switch|p2a: Melmetal|Melmetal|100/100
|move|p1a: Tapu Fini|Calm Mind|p1a: Tapu Fini
|-boost|p1a: Tapu Fini|spa|1
|-boost|p1a: Tapu Fini|spd|1
|
|-weather|RainDance|[upkeep]
|-heal|p1a: Tapu Fini|40/100|[from] item: Leftovers
|upkeep
|turn|5
|
|t:|1615908013
|move|p1a: Tapu Fini|Scald|p2a: Melmetal
|-damage|p2a: Melmetal|54/100
|move|p2a: Melmetal|Double Iron Bash|p1a: Tapu Fini
|-damage|p1a: Tapu Fini|10/100
|-damage|p1a: Tapu Fini|0 fnt
|-hitcount|p1a: Tapu Fini|2
|faint|p1a: Tapu Fini
|
|-weather|none
|-fieldend|Misty Terrain
|upkeep
|
|t:|1615908019
|switch|p1a: Volcarona|Volcarona, F|100/100
|turn|6
|
|t:|1615908032
|switch|p2a: Noivern|Noivern, M|100/100
|move|p1a: Volcarona|Quiver Dance|p1a: Volcarona
|-boost|p1a: Volcarona|spa|1
|-boost|p1a: Volcarona|spd|1
|-boost|p1a: Volcarona|spe|1
|
|upkeep
|turn|7
|
|t:|1615908050
|switch|p1a: Corviknight|Corviknight, F|100/100
|-ability|p1a: Corviknight|Pressure
|move|p2a: Noivern|Hurricane|p1a: Corviknight
|-resisted|p1a: Corviknight
|-damage|p1a: Corviknight|74/100
|
|-heal|p1a: Corviknight|81/100|[from] item: Leftovers
|upkeep
|turn|8
|
|t:|1615908063
|switch|p2a: Pelipper|Pelipper, M|85/100
|-weather|RainDance|[from] ability: Drizzle|[of] p2a: Pelipper
|move|p1a: Corviknight|U-turn|p2a: Pelipper
|-resisted|p2a: Pelipper
|-damage|p2a: Pelipper|76/100
|
|t:|1615908071
|switch|p1a: Dragapult|Dragapult, F|100/100|[from]move: U-turn
|
|-weather|RainDance|[upkeep]
|upkeep
|turn|9
|
|t:|1615908099
|switch|p2a: Garchomp|Garchomp, M|100/100
|move|p1a: Dragapult|Draco Meteor|p2a: Garchomp
|-supereffective|p2a: Garchomp
|-damage|p2a: Garchomp|0 fnt
|-unboost|p1a: Dragapult|spa|2
|faint|p2a: Garchomp
|
|-weather|RainDance|[upkeep]
|upkeep
|
|t:|1615908113
|switch|p2a: Dragonite|Dragonite, M|100/100
|turn|10
|
|t:|1615908126
|switch|p1a: Landorus|Landorus-Therian, M|100/100
|-ability|p1a: Landorus|Intimidate|boost
|-unboost|p2a: Dragonite|atk|1
|move|p2a: Dragonite|Ice Beam|p1a: Landorus
|-supereffective|p1a: Landorus
|-crit|p1a: Landorus
|-damage|p1a: Landorus|0 fnt
|faint|p1a: Landorus
|
|-weather|RainDance|[upkeep]
|upkeep
|
|t:|1615908141
|switch|p1a: Corviknight|Corviknight, F|81/100
|-ability|p1a: Corviknight|Pressure
|turn|11
|
|t:|1615908147
|switch|p2a: Pelipper|Pelipper, M|76/100
|move|p1a: Corviknight|Brave Bird|p2a: Pelipper
|-damage|p2a: Pelipper|32/100
|-damage|p1a: Corviknight|71/100|[from] Recoil
|
|-weather|RainDance|[upkeep]
|-heal|p1a: Corviknight|77/100|[from] item: Leftovers
|upkeep
|turn|12
|
|t:|1615908153
|move|p2a: Pelipper|Surf|p1a: Corviknight
|-damage|p1a: Corviknight|16/100
|move|p1a: Corviknight|Brave Bird|p2a: Pelipper
|-damage|p2a: Pelipper|0 fnt
|-damage|p1a: Corviknight|10/100|[from] Recoil
|faint|p2a: Pelipper
|
|-weather|none
|-heal|p1a: Corviknight|16/100|[from] item: Leftovers
|upkeep
|
|t:|1615908158
|switch|p2a: Noivern|Noivern, M|100/100
|turn|13
|
|t:|1615908162
|move|p2a: Noivern|Draco Meteor|p1a: Corviknight
|-resisted|p1a: Corviknight
|-damage|p1a: Corviknight|0 fnt
|-unboost|p2a: Noivern|spa|2
|faint|p1a: Corviknight
|
|upkeep
|
|t:|1615908167
|switch|p1a: Volcarona|Volcarona, F|100/100
|turn|14
|
|t:|1615908175
|switch|p2a: Dragonite|Dragonite, M|100/100
|move|p1a: Volcarona|Quiver Dance|p1a: Volcarona
|-boost|p1a: Volcarona|spa|1
|-boost|p1a: Volcarona|spd|1
|-boost|p1a: Volcarona|spe|1
|
|upkeep
|turn|15
|
|t:|1615908180
|move|p1a: Volcarona|Quiver Dance|p1a: Volcarona
|-boost|p1a: Volcarona|spa|1
|-boost|p1a: Volcarona|spd|1
|-boost|p1a: Volcarona|spe|1
|move|p2a: Dragonite|Earthquake|p1a: Volcarona
|-damage|p1a: Volcarona|39/100
|
|upkeep
|turn|16
|
|t:|1615908187
|move|p1a: Volcarona|Fiery Dance|p2a: Dragonite
|-resisted|p2a: Dragonite
|-damage|p2a: Dragonite|80/100
|-boost|p1a: Volcarona|spa|1
|move|p2a: Dragonite|Earthquake|p1a: Volcarona
|-damage|p1a: Volcarona|0 fnt
|faint|p1a: Volcarona
|
|upkeep
|
|t:|1615908192
|switch|p1a: Dragapult|Dragapult, F|100/100
|turn|17
|
|t:|1615908206
|switch|p2a: Gastrodon|Gastrodon, M|72/100
|move|p1a: Dragapult|Draco Meteor|p2a: Gastrodon
|-damage|p2a: Gastrodon|0 fnt
|-unboost|p1a: Dragapult|spa|2
|faint|p2a: Gastrodon
|
|upkeep
|
|t:|1615908210
|switch|p2a: Melmetal|Melmetal|54/100
|turn|18
|
|t:|1615908214
|switch|p1a: Rillaboom|Rillaboom, F, shiny|100/100
|-fieldstart|move: Grassy Terrain|[from] ability: Grassy Surge|[of] p1a: Rillaboom
|move|p2a: Melmetal|Double Iron Bash|p1a: Rillaboom
|-damage|p1a: Rillaboom|48/100
|-damage|p1a: Rillaboom|0 fnt
|-hitcount|p1a: Rillaboom|2
|faint|p1a: Rillaboom
|
|-heal|p2a: Melmetal|60/100|[from] Grassy Terrain
|upkeep
|
|t:|1615908220
|switch|p1a: Dragapult|Dragapult, F|100/100
|turn|19
|
|t:|1615908223
|move|p1a: Dragapult|Shadow Ball|p2a: Melmetal
|-damage|p2a: Melmetal|27/100
|move|p2a: Melmetal|Double Iron Bash|p1a: Dragapult
|-damage|p1a: Dragapult|42/100
|-damage|p1a: Dragapult|0 fnt
|-hitcount|p1a: Dragapult|2
|faint|p1a: Dragapult
|
|win|Nickname666
|raw|cump2's rating: 1407 &rarr; <strong>1385</strong><br />(-22 for losing)
|raw|Nickname666's rating: 1374 &rarr; <strong>1396</strong><br />(+22 for winning)
|l|☆cump2
