|raw|<div class="broadcast-blue"><strong>This battle is required to be public due to a player having a name starting with 'lt93oq'.</div>
|j|☆LT93OQ Dasmer
|j|‽BLOODCLAT
|t:|1660423578
|gametype|singles
|player|p1|LT93OQ Dasmer|rei|1901
|player|p2|BLOODCLAT|hoopster|1802
|teamsize|p1|6
|teamsize|p2|6
|gen|8
|tier|[Gen 8] OU
|rated|
|rule|Sleep Clause Mod: Limit one foe put to sleep
|rule|Species Clause: Limit one of each Pokémon
|rule|OHKO Clause: OHKO moves are banned
|rule|Evasion Items Clause: Evasion items are banned
|rule|Evasion Moves Clause: Evasion moves are banned
|rule|Endless Battle Clause: Forcing endless battles is banned
|rule|HP Percentage Mod: HP is shown in percentages
|rule|Dynamax Clause: You cannot dynamax
|clearpoke
|poke|p1|Garchomp, M|
|poke|p1|Kartana|
|poke|p1|Slowbro, F|
|poke|p1|Weavile, F|
|poke|p1|Heatran, F|
|poke|p1|Zapdos|
|poke|p2|Latios, M|
|poke|p2|Tyranitar, M|
|poke|p2|Excadrill, F|
|poke|p2|Pelipper, M|
|poke|p2|Ferrothorn, F|
|poke|p2|Urshifu-*, F|
|teampreview
|
|t:|1660423588
|start
|switch|p1a: Garchomp|Garchomp, M|100/100
|switch|p2a: Tyranitar|Tyranitar, M|100/100
|-weather|Sandstorm|[from] ability: Sand Stream|[of] p2a: Tyranitar
|turn|1
|j| CB Bhris Breezy
|
|t:|1660423591
|move|p1a: Garchomp|Earthquake|p2a: Tyranitar
|-supereffective|p2a: Tyranitar
|-damage|p2a: Tyranitar|32/100
|move|p2a: Tyranitar|Ice Beam|p1a: Garchomp
|-supereffective|p1a: Garchomp
|-damage|p1a: Garchomp|45/100
|
|-weather|Sandstorm|[upkeep]
|-heal|p1a: Garchomp|51/100|[from] item: Leftovers
|upkeep
|turn|2
|j| LT93OQ Black Lotus
|j| LT93OQ msaint
|
|t:|1660423601
|move|p1a: Garchomp|Stealth Rock|p2a: Tyranitar
|-sidestart|p2: BLOODCLAT|move: Stealth Rock
|move|p2a: Tyranitar|Ice Beam|p1a: Garchomp
|-supereffective|p1a: Garchomp
|-damage|p1a: Garchomp|0 fnt
|faint|p1a: Garchomp
|
|-weather|Sandstorm|[upkeep]
|upkeep
|
|t:|1660423605
|switch|p1a: Kartana|Kartana|100/100
|turn|3
|
|t:|1660423609
|switch|p2a: Ferrothorn|Ferrothorn, F|100/100
|-damage|p2a: Ferrothorn|95/100|[from] Stealth Rock
|move|p1a: Kartana|Smart Strike|p2a: Ferrothorn
|-resisted|p2a: Ferrothorn
|-damage|p2a: Ferrothorn|73/100
|-damage|p1a: Kartana|88/100|[from] ability: Iron Barbs|[of] p2a: Ferrothorn
|-damage|p1a: Kartana|72/100|[from] item: Rocky Helmet|[of] p2a: Ferrothorn
|
|-weather|Sandstorm|[upkeep]
|upkeep
|turn|4
|j| BeastBraedon
|
|t:|1660423612
|switch|p1a: Heatran|Heatran, F|100/100
|move|p2a: Ferrothorn|Spikes|p1a: Heatran
|-sidestart|p1: LT93OQ Dasmer|Spikes
|
|-weather|Sandstorm|[upkeep]
|upkeep
|turn|5
|
|t:|1660423615
|switch|p2a: Pelipper|Pelipper, M|100/100
|-damage|p2a: Pelipper|76/100|[from] Stealth Rock
|-weather|RainDance|[from] ability: Drizzle|[of] p2a: Pelipper
|move|p1a: Heatran|Magma Storm|p2a: Pelipper
|-resisted|p2a: Pelipper
|-damage|p2a: Pelipper|61/100
|-activate|p2a: Pelipper|move: Magma Storm|[of] p1a: Heatran
|
|-weather|RainDance|[upkeep]
|-damage|p2a: Pelipper|49/100|[from] move: Magma Storm|[partiallytrapped]
|upkeep
|turn|6
|
|t:|1660423620
|move|p1a: Heatran|Toxic|p2a: Pelipper
|-status|p2a: Pelipper|tox
|move|p2a: Pelipper|Weather Ball|p1a: Heatran
|-supereffective|p1a: Heatran
|-damage|p1a: Heatran|0 fnt
|faint|p1a: Heatran
|
|-weather|RainDance|[upkeep]
|-damage|p2a: Pelipper|43/100 tox|[from] psn
|-end|p2a: Pelipper|Magma Storm|[partiallytrapped]|[silent]
|upkeep
|
|t:|1660423625
|switch|p1a: Weavile|Weavile, F|100/100
|-ability|p1a: Weavile|Pressure
|turn|7
|
|t:|1660423628
|move|p1a: Weavile|Knock Off|p2a: Pelipper
|-damage|p2a: Pelipper|0 fnt
|-enditem|p2a: Pelipper|Choice Specs|[from] move: Knock Off|[of] p1a: Weavile
|faint|p2a: Pelipper
|
|-weather|RainDance|[upkeep]
|upkeep
|j| Tokyo EZ
|
|t:|1660423633
|switch|p2a: Urshifu|Urshifu-Rapid-Strike, F|100/100
|-damage|p2a: Urshifu|94/100|[from] Stealth Rock
|turn|8
|
|t:|1660423636
|switch|p1a: Zapdos|Zapdos|100/100
|move|p2a: Urshifu|U-turn|p1a: Zapdos
|-resisted|p1a: Zapdos
|-damage|p1a: Zapdos|87/100
|
|t:|1660423638
|switch|p2a: Latios|Latios, M|100/100|[from]move: U-turn
|-damage|p2a: Latios|88/100|[from] Stealth Rock
|
|-weather|RainDance|[upkeep]
|upkeep
|turn|9
|
|t:|1660423642
|move|p2a: Latios|Draco Meteor|p1a: Zapdos|[miss]
|-miss|p2a: Latios|p1a: Zapdos
|move|p1a: Zapdos|Discharge|p2a: Latios
|-resisted|p2a: Latios
|-damage|p2a: Latios|70/100
|-status|p2a: Latios|par
|
|-weather|none
|upkeep
|turn|10
|j| Luthier
|
|t:|1660423645
|move|p1a: Zapdos|Hurricane|p2a: Latios|[miss]
|-miss|p1a: Zapdos|p2a: Latios
|move|p2a: Latios|Draco Meteor|p1a: Zapdos
|-damage|p1a: Zapdos|0 fnt
|-unboost|p2a: Latios|spa|2
|faint|p1a: Zapdos
|
|upkeep
|inactive|Battle timer is ON: inactive players will automatically lose when time's up. (requested by BLOODCLAT)
|
|t:|1660423649
|switch|p1a: Kartana|Kartana|72/100
|-damage|p1a: Kartana|59/100|[from] Spikes
|turn|11
|
|t:|1660423655
|switch|p2a: Ferrothorn|Ferrothorn, F|73/100
|-damage|p2a: Ferrothorn|67/100|[from] Stealth Rock
|move|p1a: Kartana|Sacred Sword|p2a: Ferrothorn
|-supereffective|p2a: Ferrothorn
|-damage|p2a: Ferrothorn|0 fnt
|-damage|p1a: Kartana|47/100|[from] ability: Iron Barbs|[of] p2a: Ferrothorn
|-damage|p1a: Kartana|30/100|[from] item: Rocky Helmet|[of] p2a: Ferrothorn
|faint|p2a: Ferrothorn
|-ability|p1a: Kartana|Beast Boost|boost
|-boost|p1a: Kartana|atk|1
|
|upkeep
|
|t:|1660423661
|switch|p2a: Urshifu|Urshifu-Rapid-Strike, F|94/100
|-damage|p2a: Urshifu|88/100|[from] Stealth Rock
|turn|12
|
|t:|1660423662
|move|p1a: Kartana|Sacred Sword|p2a: Urshifu
|-damage|p2a: Urshifu|0 fnt
|faint|p2a: Urshifu
|-ability|p1a: Kartana|Beast Boost|boost
|-boost|p1a: Kartana|atk|1
|
|upkeep
|
|t:|1660423665
|switch|p2a: Tyranitar|Tyranitar, M|32/100
|-weather|Sandstorm|[from] ability: Sand Stream|[of] p2a: Tyranitar
|turn|13
|
|t:|1660423673
|switch|p2a: Latios|Latios, M|70/100 par
|-damage|p2a: Latios|58/100 par|[from] Stealth Rock
|move|p1a: Kartana|Sacred Sword|p2a: Latios
|-resisted|p2a: Latios
|-damage|p2a: Latios|0 fnt
|faint|p2a: Latios
|-ability|p1a: Kartana|Beast Boost|boost
|-boost|p1a: Kartana|atk|1
|
|-weather|Sandstorm|[upkeep]
|upkeep
|
|t:|1660423675
|switch|p2a: Excadrill|Excadrill, F|100/100
|-damage|p2a: Excadrill|97/100|[from] Stealth Rock
|turn|14
|
|t:|1660423677
|move|p2a: Excadrill|Earthquake|p1a: Kartana
|-damage|p1a: Kartana|0 fnt
|faint|p1a: Kartana
|
|-weather|Sandstorm|[upkeep]
|upkeep
|
|t:|1660423680
|switch|p1a: Slowbro|Slowbro, F|100/100
|turn|15
|
|t:|1660423682
|move|p2a: Excadrill|Earthquake|p1a: Slowbro
|-damage|p1a: Slowbro|51/100
|move|p1a: Slowbro|Scald|p2a: Excadrill
|-supereffective|p2a: Excadrill
|-crit|p2a: Excadrill
|-damage|p2a: Excadrill|0 fnt
|faint|p2a: Excadrill
|
|-weather|Sandstorm|[upkeep]
|-damage|p1a: Slowbro|45/100|[from] Sandstorm
|upkeep
|j| rheysali
|
|t:|1660423693
|switch|p2a: Tyranitar|Tyranitar, M|32/100
|turn|16
|
|t:|1660423696
|move|p2a: Tyranitar|Thunder Wave|p1a: Slowbro
|-status|p1a: Slowbro|par
|cant|p1a: Slowbro|par
|
|-weather|Sandstorm|[upkeep]
|-damage|p1a: Slowbro|39/100 par|[from] Sandstorm
|upkeep
|turn|17
|
|t:|1660423698
|move|p2a: Tyranitar|Stone Edge|p1a: Slowbro
|-crit|p1a: Slowbro
|-damage|p1a: Slowbro|0 fnt
|faint|p1a: Slowbro
|
|-weather|none
|upkeep
|
|t:|1660423702
|switch|p1a: Weavile|Weavile, F|100/100
|-ability|p1a: Weavile|Pressure
|turn|18
|
|t:|1660423704
|move|p1a: Weavile|Triple Axel|p2a: Tyranitar
|-damage|p2a: Tyranitar|24/100
|-damage|p2a: Tyranitar|9/100
|-damage|p2a: Tyranitar|0 fnt
|faint|p2a: Tyranitar
|-hitcount|p2: Tyranitar|3
|
|win|LT93OQ Dasmer
|raw|LT93OQ Dasmer's rating: 1901 &rarr; <strong>1915</strong><br />(+14 for winning)
|raw|BLOODCLAT's rating: 1802 &rarr; <strong>1788</strong><br />(-14 for losing)
|l|‽BLOODCLAT
|l| Luthier
|l| rheysali
||Ladder isn't responding, score probably updated but might not have (Request timeout).
|l| BeastBraedon
|l|☆LT93OQ Dasmer
|l| CB Bhris Breezy
|j| Skip The Drip
|l| Skip The Drip
|j|+heroictobias
|l|+heroictobias
|j| Twenty Congress
|l| Twenty Congress
|l| Tokyo EZ
|l| LT93OQ Black Lotus
|j| Smash Time steez
