|raw|<div class="broadcast-blue"><strong>This battle is required to be public due to a player having a name prefixed by 'LT72MS'.</div>
|j|☆lt72ms bk
|j|☆relic stone
|t:|1597914281
|player|p1|lt72ms bk|twins|1878
|player|p2|relic stone|lusamine-nihilego|1833
|teamsize|p1|6
|teamsize|p2|6
|gametype|singles
|gen|8
|tier|[Gen 8] OU
|rated|
|clearpoke
|poke|p1|Blissey, F|
|poke|p1|Clefable, M|
|poke|p1|Ditto|
|poke|p1|Xatu, M|
|poke|p1|Ferrothorn, M|
|poke|p1|Hippowdon, F|
|poke|p2|Rillaboom, M|
|poke|p2|Dragapult, M|
|poke|p2|Rotom-Heat|
|poke|p2|Azumarill, M|
|poke|p2|Crawdaunt, M|
|poke|p2|Excadrill, M|
|rule|Sleep Clause Mod: Limit one foe put to sleep
|rule|Species Clause: Limit one of each Pokémon
|rule|OHKO Clause: OHKO moves are banned
|rule|Evasion Moves Clause: Evasion moves are banned
|rule|Endless Battle Clause: Forcing endless battles is banned
|rule|HP Percentage Mod: HP is shown in percentages
|rule|Dynamax Clause: You cannot dynamax
|teampreview
|inactive|Battle timer is ON: inactive players will automatically lose when time's up. (requested by lt72ms bk)
|
|t:|1597914298
|start
|switch|p1a: PORTOFINO|Ferrothorn, M|100/100
|switch|p2a: Torrent|Azumarill, M|100/100
|turn|1
|
|t:|1597914305
|switch|p1a: BRIATORE|Xatu, M|100/100
|move|p2a: Torrent|Whirlpool|p1a: BRIATORE
|-damage|p1a: BRIATORE|90/100
|-activate|p1a: BRIATORE|move: Whirlpool|[of] p2a: Torrent
|
|-damage|p1a: BRIATORE|78/100|[from] move: Whirlpool|[partiallytrapped]
|upkeep
|turn|2
|
|t:|1597914310
|move|p2a: Torrent|Protect|p2a: Torrent
|-singleturn|p2a: Torrent|Protect
|move|p1a: BRIATORE|Trick|p2a: Torrent
|-activate|p2a: Torrent|move: Protect
|
|-damage|p1a: BRIATORE|66/100|[from] move: Whirlpool|[partiallytrapped]
|upkeep
|turn|3
|
|t:|1597914316
|switch|p2a: Serpentine|Dragapult, M|100/100
|move|p1a: BRIATORE|Trick|p2a: Serpentine
|-activate|p1a: BRIATORE|move: Trick|[of] p2a: Serpentine
|-item|p2a: Serpentine|Choice Scarf|[from] move: Trick
|-item|p1a: BRIATORE|Choice Specs|[from] move: Trick
|
|-end|p1a: BRIATORE|Whirlpool|[partiallytrapped]|[silent]
|upkeep
|turn|4
|
|t:|1597914331
|switch|p1a: PORTOFINO|Ferrothorn, M|100/100
|move|p2a: Serpentine|U-turn|p1a: PORTOFINO
|-damage|p1a: PORTOFINO|88/100
|-damage|p2a: Serpentine|88/100|[from] ability: Iron Barbs|[of] p1a: PORTOFINO
|
|t:|1597914338
|switch|p2a: Torrent|Azumarill, M|100/100|[from]move: U-turn
|
|-heal|p1a: PORTOFINO|94/100|[from] item: Leftovers
|upkeep
|turn|5
|
|t:|1597914344
|switch|p1a: BRIATORE|Xatu, M|66/100
|move|p2a: Torrent|Whirlpool|p1a: BRIATORE
|-damage|p1a: BRIATORE|54/100
|-activate|p1a: BRIATORE|move: Whirlpool|[of] p2a: Torrent
|
|-damage|p1a: BRIATORE|42/100|[from] move: Whirlpool|[partiallytrapped]
|upkeep
|turn|6
|
|t:|1597914349
|move|p2a: Torrent|Protect|p2a: Torrent
|-singleturn|p2a: Torrent|Protect
|move|p1a: BRIATORE|Teleport|p1a: BRIATORE
|
|t:|1597914356
|switch|p1a: A PORTOFINO|Ditto|100/100|[from]move: Teleport
|-transform|p1a: A PORTOFINO|p2a: Torrent|[from] ability: Imposter
|
|upkeep
|turn|7
|
|t:|1597914360
|switch|p2a: Impaler|Excadrill, M, shiny|100/100
|-ability|p2a: Impaler|Mold Breaker
|move|p1a: A PORTOFINO|Whirlpool|p2a: Impaler
|-supereffective|p2a: Impaler
|-damage|p2a: Impaler|89/100
|-activate|p2a: Impaler|move: Whirlpool|[of] p1a: A PORTOFINO
|
|-heal|p2a: Impaler|95/100|[from] item: Leftovers
|-damage|p2a: Impaler|82/100|[from] move: Whirlpool|[partiallytrapped]
|upkeep
|turn|8
|
|t:|1597914364
|switch|p1a: TI PORTO FINO|Hippowdon, F|100/100
|-weather|Sandstorm|[from] ability: Sand Stream|[of] p1a: TI PORTO FINO
|move|p2a: Impaler|Stealth Rock|p1a: TI PORTO FINO
|-sidestart|p1: lt72ms bk|move: Stealth Rock
|
|-weather|Sandstorm|[upkeep]
|-heal|p2a: Impaler|88/100|[from] item: Leftovers
|-end|p2a: Impaler|Whirlpool|[partiallytrapped]|[silent]
|upkeep
|turn|9
|
|t:|1597914367
|move|p2a: Impaler|Toxic|p1a: TI PORTO FINO
|-status|p1a: TI PORTO FINO|tox
|move|p1a: TI PORTO FINO|Stealth Rock|p2a: Impaler
|-sidestart|p2: relic stone|move: Stealth Rock
|
|-weather|Sandstorm|[upkeep]
|-heal|p2a: Impaler|95/100|[from] item: Leftovers
|-damage|p1a: TI PORTO FINO|94/100 tox|[from] psn
|upkeep
|turn|10
|
|t:|1597914384
|switch|p2a: Harambe|Rillaboom, M|100/100
|-damage|p2a: Harambe|88/100|[from] Stealth Rock
|-fieldstart|move: Grassy Terrain|[from] ability: Grassy Surge|[of] p2a: Harambe
|move|p1a: TI PORTO FINO|Earthquake|p2a: Harambe
|-resisted|p2a: Harambe
|-damage|p2a: Harambe|78/100
|
|-weather|Sandstorm|[upkeep]
|-damage|p2a: Harambe|72/100|[from] Sandstorm
|-heal|p2a: Harambe|78/100|[from] Grassy Terrain
|-heal|p1a: TI PORTO FINO|100/100 tox|[from] Grassy Terrain
|-damage|p1a: TI PORTO FINO|88/100 tox|[from] psn
|upkeep
|turn|11
|
|t:|1597914391
|switch|p1a: PORTOFINO|Ferrothorn, M|94/100
|-damage|p1a: PORTOFINO|88/100|[from] Stealth Rock
|move|p2a: Harambe|U-turn|p1a: PORTOFINO
|-damage|p1a: PORTOFINO|65/100
|-damage|p2a: Harambe|65/100|[from] ability: Iron Barbs|[of] p1a: PORTOFINO
|
|t:|1597914405
|switch|p2a: Torrent|Azumarill, M|100/100|[from]move: U-turn
|-damage|p2a: Torrent|88/100|[from] Stealth Rock
|
|-weather|Sandstorm|[upkeep]
|-damage|p2a: Torrent|82/100|[from] Sandstorm
|-heal|p2a: Torrent|88/100|[from] item: Leftovers
|-heal|p2a: Torrent|94/100|[from] Grassy Terrain
|-heal|p1a: PORTOFINO|72/100|[from] item: Leftovers
|-heal|p1a: PORTOFINO|78/100|[from] Grassy Terrain
|upkeep
|turn|12
|
|t:|1597914415
|switch|p1a: A PORTOFINO|Ditto|100/100
|-damage|p1a: A PORTOFINO|88/100|[from] Stealth Rock
|-transform|p1a: A PORTOFINO|p2a: Torrent|[from] ability: Imposter
|move|p2a: Torrent|Whirlpool|p1a: A PORTOFINO
|-resisted|p1a: A PORTOFINO
|-damage|p1a: A PORTOFINO|83/100
|-activate|p1a: A PORTOFINO|move: Whirlpool|[of] p2a: Torrent
|
|-weather|none
|-heal|p1a: A PORTOFINO|89/100|[from] Grassy Terrain
|-heal|p2a: Torrent|100/100|[from] item: Leftovers
|-damage|p1a: A PORTOFINO|76/100|[from] move: Whirlpool|[partiallytrapped]
|upkeep
|turn|13
|
|t:|1597914420
|move|p2a: Torrent|Protect|p2a: Torrent
|-singleturn|p2a: Torrent|Protect
|move|p1a: A PORTOFINO|Whirlpool|p2a: Torrent
|-activate|p2a: Torrent|move: Protect
|
|-heal|p1a: A PORTOFINO|82/100|[from] Grassy Terrain
|-damage|p1a: A PORTOFINO|70/100|[from] move: Whirlpool|[partiallytrapped]
|upkeep
|turn|14
|
|t:|1597914434
|move|p1a: A PORTOFINO|Whirlpool|p2a: Torrent
|-resisted|p2a: Torrent
|-damage|p2a: Torrent|97/100
|-activate|p2a: Torrent|move: Whirlpool|[of] p1a: A PORTOFINO
|move|p2a: Torrent|Toxic|p1a: A PORTOFINO|[miss]
|-miss|p2a: Torrent|p1a: A PORTOFINO
|
|-heal|p1a: A PORTOFINO|76/100|[from] Grassy Terrain
|-heal|p2a: Torrent|100/100|[from] item: Leftovers
|-fieldend|move: Grassy Terrain
|-damage|p1a: A PORTOFINO|64/100|[from] move: Whirlpool|[partiallytrapped]
|-damage|p2a: Torrent|88/100|[from] move: Whirlpool|[partiallytrapped]
|upkeep
|turn|15
|
|t:|1597914438
|move|p1a: A PORTOFINO|Whirlpool|p2a: Torrent
|-resisted|p2a: Torrent
|-damage|p2a: Torrent|84/100
|move|p2a: Torrent|Toxic|p1a: A PORTOFINO
|-status|p1a: A PORTOFINO|tox
|
|-heal|p2a: Torrent|91/100|[from] item: Leftovers
|-damage|p1a: A PORTOFINO|58/100 tox|[from] psn
|-damage|p1a: A PORTOFINO|45/100 tox|[from] move: Whirlpool|[partiallytrapped]
|-damage|p2a: Torrent|78/100|[from] move: Whirlpool|[partiallytrapped]
|upkeep
|turn|16
|
|t:|1597914443
|move|p1a: A PORTOFINO|Whirlpool|p2a: Torrent
|-resisted|p2a: Torrent
|-damage|p2a: Torrent|74/100
|move|p2a: Torrent|Whirlpool|p1a: A PORTOFINO
|-resisted|p1a: A PORTOFINO
|-damage|p1a: A PORTOFINO|40/100 tox
|
|-heal|p2a: Torrent|80/100|[from] item: Leftovers
|-damage|p1a: A PORTOFINO|28/100 tox|[from] psn
|-damage|p1a: A PORTOFINO|16/100 tox|[from] move: Whirlpool|[partiallytrapped]
|-damage|p2a: Torrent|68/100|[from] move: Whirlpool|[partiallytrapped]
|upkeep
|turn|17
|
|t:|1597914447
|move|p1a: A PORTOFINO|Whirlpool|p2a: Torrent
|-resisted|p2a: Torrent
|-damage|p2a: Torrent|63/100
|move|p2a: Torrent|Whirlpool|p1a: A PORTOFINO
|-resisted|p1a: A PORTOFINO
|-damage|p1a: A PORTOFINO|11/100 tox
|
|-heal|p2a: Torrent|69/100|[from] item: Leftovers
|-damage|p1a: A PORTOFINO|0 fnt|[from] psn
|faint|p1a: A PORTOFINO
|-end|p2a: Torrent|Whirlpool|[partiallytrapped]|[silent]
|upkeep
|
|t:|1597914473
|switch|p1a: STELLE MICHELIN|Clefable, M|100/100
|-damage|p1a: STELLE MICHELIN|88/100|[from] Stealth Rock
|turn|18
|
|t:|1597914477
|move|p1a: STELLE MICHELIN|Moonblast|p2a: Torrent
|-damage|p2a: Torrent|36/100
|move|p2a: Torrent|Toxic|p1a: STELLE MICHELIN
|-status|p1a: STELLE MICHELIN|tox
|
|-heal|p1a: STELLE MICHELIN|94/100 tox|[from] item: Leftovers
|-heal|p2a: Torrent|42/100|[from] item: Leftovers
|-damage|p1a: STELLE MICHELIN|88/100 tox|[from] psn
|upkeep
|turn|19
|inactive|lt72ms bk has 120 seconds left.
|
|t:|1597914509
|move|p2a: Torrent|Protect|p2a: Torrent
|-singleturn|p2a: Torrent|Protect
|move|p1a: STELLE MICHELIN|Moonblast|p2a: Torrent
|-activate|p2a: Torrent|move: Protect
|
|-heal|p1a: STELLE MICHELIN|94/100 tox|[from] item: Leftovers
|-heal|p2a: Torrent|48/100|[from] item: Leftovers
|-damage|p1a: STELLE MICHELIN|82/100 tox|[from] psn
|upkeep
|turn|20
|
|t:|1597914514
|switch|p2a: Impaler|Excadrill, M, shiny|95/100
|-damage|p2a: Impaler|92/100|[from] Stealth Rock
|-ability|p2a: Impaler|Mold Breaker
|move|p1a: STELLE MICHELIN|Moonblast|p2a: Impaler
|-resisted|p2a: Impaler
|-damage|p2a: Impaler|79/100
|
|-heal|p2a: Impaler|85/100|[from] item: Leftovers
|-heal|p1a: STELLE MICHELIN|88/100 tox|[from] item: Leftovers
|-damage|p1a: STELLE MICHELIN|70/100 tox|[from] psn
|upkeep
|turn|21
|inactive|lt72ms bk has 120 seconds left.
|inactive|lt72ms bk has 90 seconds left.
|
|t:|1597914578
|switch|p1a: PORTOFINO|Ferrothorn, M|78/100
|-damage|p1a: PORTOFINO|72/100|[from] Stealth Rock
|move|p2a: Impaler|Rapid Spin|p1a: PORTOFINO
|-resisted|p1a: PORTOFINO
|-damage|p1a: PORTOFINO|67/100
|-boost|p2a: Impaler|spe|1
|-damage|p2a: Impaler|72/100|[from] ability: Iron Barbs|[of] p1a: PORTOFINO
|-sideend|p2: relic stone|Stealth Rock|[from] move: Rapid Spin|[of] p2a: Impaler
|
|-heal|p2a: Impaler|79/100|[from] item: Leftovers
|-heal|p1a: PORTOFINO|73/100|[from] item: Leftovers
|upkeep
|turn|22
|
|t:|1597914584
|move|p2a: Impaler|Earthquake|p1a: PORTOFINO
|-damage|p1a: PORTOFINO|48/100
|move|p1a: PORTOFINO|Knock Off|p2a: Impaler
|-damage|p2a: Impaler|54/100
|-enditem|p2a: Impaler|Leftovers|[from] move: Knock Off|[of] p1a: PORTOFINO
|
|-heal|p1a: PORTOFINO|54/100|[from] item: Leftovers
|upkeep
|turn|23
|inactive|lt72ms bk has 90 seconds left.
|
|t:|1597914609
|move|p2a: Impaler|Earthquake|p1a: PORTOFINO
|-damage|p1a: PORTOFINO|24/100
|move|p1a: PORTOFINO|Body Press|p2a: Impaler
|-supereffective|p2a: Impaler
|-damage|p2a: Impaler|0 fnt
|faint|p2a: Impaler
|
|-heal|p1a: PORTOFINO|30/100|[from] item: Leftovers
|upkeep
|
|t:|1597914614
|switch|p2a: Predator|Crawdaunt, M|100/100
|turn|24
|
|t:|1597914620
|move|p2a: Predator|Knock Off|p1a: PORTOFINO
|-damage|p1a: PORTOFINO|0 fnt
|-damage|p2a: Predator|88/100|[from] ability: Iron Barbs|[of] p1a: PORTOFINO
|-enditem|p1a: PORTOFINO|Leftovers|[from] move: Knock Off|[of] p2a: Predator
|-damage|p2a: Predator|78/100|[from] item: Life Orb
|faint|p1a: PORTOFINO
|
|upkeep
|-message|lt72ms bk forfeited.
|
|win|relic stone
|l|☆lt72ms bk
|c|☆relic stone|GG
