|j|☆Tirkys
|j|☆bpewn
|t:|1606584662
|player|p1|Tirkys|hilda-dueldisk|1297
|player|p2|bpewn|may-gen3rs|1321
|teamsize|p1|6
|teamsize|p2|6
|gametype|singles
|gen|8
|tier|[Gen 8] OU
|rated|
|clearpoke
|poke|p1|Mienshao, M|
|poke|p1|Quagsire, M|
|poke|p1|Mantyke, F|
|poke|p1|Volcarona, F|
|poke|p1|Xatu, F|
|poke|p1|Bronzong|
|poke|p2|Tapu Fini|
|poke|p2|Nidoking, M|
|poke|p2|Heatran, F|
|poke|p2|Urshifu-*, F|
|poke|p2|Clefable, F|
|poke|p2|Zapdos|
|rule|Sleep Clause Mod: Limit one foe put to sleep
|rule|Species Clause: Limit one of each Pokémon
|rule|OHKO Clause: OHKO moves are banned
|rule|Evasion Moves Clause: Evasion moves are banned
|rule|Endless Battle Clause: Forcing endless battles is banned
|rule|HP Percentage Mod: HP is shown in percentages
|rule|Dynamax Clause: You cannot dynamax
|teampreview
|c|☆bpewn|gl hf
|
|t:|1606584673
|start
|switch|p1a: Mienshao|Mienshao, M|100/100
|switch|p2a: Tapu Fini|Tapu Fini|100/100
|-fieldstart|move: Misty Terrain|[from] ability: Misty Surge|[of] p2a: Tapu Fini
|turn|1
|
|t:|1606584679
|move|p1a: Mienshao|Fake Out|p2a: Tapu Fini
|-damage|p2a: Tapu Fini|85/100
|cant|p2a: Tapu Fini|flinch
|
|upkeep
|turn|2
|
|t:|1606584683
|move|p2a: Tapu Fini|Moonblast|p1a: Mienshao
|-supereffective|p1a: Mienshao
|-damage|p1a: Mienshao|0 fnt
|faint|p1a: Mienshao
|
|upkeep
|inactive|Battle timer is ON: inactive players will automatically lose when time's up. (requested by Tirkys)
|
|t:|1606584690
|switch|p1a: Volcarona|Volcarona, F|100/100
|turn|3
|
|t:|1606584694
|switch|p2a: Zapdos|Zapdos|100/100
|move|p1a: Volcarona|Quiver Dance|p1a: Volcarona
|-boost|p1a: Volcarona|spa|1
|-boost|p1a: Volcarona|spd|1
|-boost|p1a: Volcarona|spe|1
|
|upkeep
|turn|4
|
|t:|1606584697
|move|p1a: Volcarona|Quiver Dance|p1a: Volcarona
|-boost|p1a: Volcarona|spa|1
|-boost|p1a: Volcarona|spd|1
|-boost|p1a: Volcarona|spe|1
|move|p2a: Zapdos|Hurricane|p1a: Volcarona
|-supereffective|p1a: Volcarona
|-damage|p1a: Volcarona|49/100
|
|upkeep
|turn|5
|
|t:|1606584699
|move|p1a: Volcarona|Quiver Dance|p1a: Volcarona
|-boost|p1a: Volcarona|spa|1
|-boost|p1a: Volcarona|spd|1
|-boost|p1a: Volcarona|spe|1
|move|p2a: Zapdos|Hurricane|p1a: Volcarona
|-supereffective|p1a: Volcarona
|-damage|p1a: Volcarona|11/100
|
|-fieldend|Misty Terrain
|upkeep
|turn|6
|
|t:|1606584701
|move|p1a: Volcarona|Roost|p1a: Volcarona
|-heal|p1a: Volcarona|61/100
|-singleturn|p1a: Volcarona|move: Roost
|move|p2a: Zapdos|Hurricane|p1a: Volcarona|[miss]
|-miss|p2a: Zapdos|p1a: Volcarona
|
|upkeep
|turn|7
|
|t:|1606584703
|move|p1a: Volcarona|Roost|p1a: Volcarona
|-heal|p1a: Volcarona|100/100
|-singleturn|p1a: Volcarona|move: Roost
|move|p2a: Zapdos|Hurricane|p1a: Volcarona
|-supereffective|p1a: Volcarona
|-damage|p1a: Volcarona|56/100
|
|upkeep
|turn|8
|
|t:|1606584706
|move|p1a: Volcarona|Quiver Dance|p1a: Volcarona
|-boost|p1a: Volcarona|spa|1
|-boost|p1a: Volcarona|spd|1
|-boost|p1a: Volcarona|spe|1
|move|p2a: Zapdos|Hurricane|p1a: Volcarona|[miss]
|-miss|p2a: Zapdos|p1a: Volcarona
|
|upkeep
|turn|9
|
|t:|1606584708
|move|p1a: Volcarona|Roost|p1a: Volcarona
|-heal|p1a: Volcarona|100/100
|-singleturn|p1a: Volcarona|move: Roost
|move|p2a: Zapdos|Hurricane|p1a: Volcarona
|-supereffective|p1a: Volcarona
|-damage|p1a: Volcarona|65/100
|-start|p1a: Volcarona|confusion
|
|upkeep
|turn|10
|
|t:|1606584711
|-activate|p1a: Volcarona|confusion
|-damage|p1a: Volcarona|61/100|[from] confusion
|move|p2a: Zapdos|Hurricane|p1a: Volcarona|[miss]
|-miss|p2a: Zapdos|p1a: Volcarona
|
|upkeep
|turn|11
|
|t:|1606584714
|-activate|p1a: Volcarona|confusion
|move|p1a: Volcarona|Quiver Dance|p1a: Volcarona
|-boost|p1a: Volcarona|spa|1
|-boost|p1a: Volcarona|spd|1
|-boost|p1a: Volcarona|spe|1
|move|p2a: Zapdos|Hurricane|p1a: Volcarona
|-supereffective|p1a: Volcarona
|-damage|p1a: Volcarona|32/100
|
|upkeep
|turn|12
|
|t:|1606584717
|-activate|p1a: Volcarona|confusion
|move|p1a: Volcarona|Roost|p1a: Volcarona
|-heal|p1a: Volcarona|82/100
|-singleturn|p1a: Volcarona|move: Roost
|move|p2a: Zapdos|Hurricane|p1a: Volcarona|[miss]
|-miss|p2a: Zapdos|p1a: Volcarona
|
|upkeep
|turn|13
|
|t:|1606584719
|-activate|p1a: Volcarona|confusion
|move|p1a: Volcarona|Fiery Dance|p2a: Zapdos
|-damage|p2a: Zapdos|0 fnt
|faint|p2a: Zapdos
|
|upkeep
|
|t:|1606584723
|switch|p2a: Tapu Fini|Tapu Fini|85/100
|-fieldstart|move: Misty Terrain|[from] ability: Misty Surge|[of] p2a: Tapu Fini
|turn|14
|
|t:|1606584728
|-end|p1a: Volcarona|confusion
|move|p1a: Volcarona|Quiver Dance|p1a: Volcarona
|-boost|p1a: Volcarona|spa|1
|-boost|p1a: Volcarona|spd|1
|-boost|p1a: Volcarona|spe|1
|move|p2a: Tapu Fini|Hydro Pump|p1a: Volcarona
|-supereffective|p1a: Volcarona
|-crit|p1a: Volcarona
|-damage|p1a: Volcarona|0 fnt
|faint|p1a: Volcarona
|
|upkeep
|
|t:|1606584736
|switch|p1a: Mantyke|Mantyke, F|100/100
|turn|15
|
|t:|1606584743
|switch|p2a: Clefable|Clefable, F|100/100
|move|p1a: Mantyke|Toxic|p2a: Clefable
|-activate|p2a: Clefable|move: Misty Terrain
|
|upkeep
|turn|16
|
|t:|1606584747
|switch|p1a: Bronzong|Bronzong|100/100
|move|p2a: Clefable|Stealth Rock|p1a: Bronzong
|-sidestart|p1: Tirkys|move: Stealth Rock
|
|upkeep
|turn|17
|
|t:|1606584750
|move|p2a: Clefable|Soft-Boiled||[still]
|-fail|p2a: Clefable|heal
|move|p1a: Bronzong|Stealth Rock|p2a: Clefable
|-sidestart|p2: bpewn|move: Stealth Rock
|
|upkeep
|turn|18
|
|t:|1606584753
|move|p2a: Clefable|Encore|p1a: Bronzong
|-start|p1a: Bronzong|Encore
|move|p1a: Bronzong|Stealth Rock||[still]
|-fail|p1a: Bronzong
|
|-fieldend|Misty Terrain
|upkeep
|turn|19
|
|t:|1606584755
|switch|p2a: Tapu Fini|Tapu Fini|85/100
|-damage|p2a: Tapu Fini|72/100|[from] Stealth Rock
|-fieldstart|move: Misty Terrain|[from] ability: Misty Surge|[of] p2a: Tapu Fini
|switch|p1a: Xatu|Xatu, F|100/100
|-damage|p1a: Xatu|76/100|[from] Stealth Rock
|
|-heal|p1a: Xatu|82/100|[from] item: Leftovers
|upkeep
|turn|20
|
|t:|1606584757
|move|p2a: Tapu Fini|Defog|p1a: Xatu
|move|p1a: Xatu|Defog|p2a: Tapu Fini|[from]ability: Magic Bounce
|-unboost|p2a: Tapu Fini|evasion|1
|-sideend|p2: bpewn|Stealth Rock|[from] move: Defog|[of] p1a: Xatu
|-sideend|p1: Tirkys|Stealth Rock|[from] move: Defog|[of] p1a: Xatu
|-fieldend|Misty Terrain
|move|p1a: Xatu|Cosmic Power|p1a: Xatu
|-boost|p1a: Xatu|def|1
|-boost|p1a: Xatu|spd|1
|
|-heal|p1a: Xatu|88/100|[from] item: Leftovers
|upkeep
|turn|21
|
|t:|1606584761
|switch|p2a: Clefable|Clefable, F|100/100
|move|p1a: Xatu|Cosmic Power|p1a: Xatu
|-boost|p1a: Xatu|def|1
|-boost|p1a: Xatu|spd|1
|
|-heal|p1a: Xatu|94/100|[from] item: Leftovers
|upkeep
|turn|22
|
|t:|1606584763
|move|p1a: Xatu|Cosmic Power|p1a: Xatu
|-boost|p1a: Xatu|def|1
|-boost|p1a: Xatu|spd|1
|move|p2a: Clefable|Encore|p1a: Xatu
|move|p1a: Xatu|Encore||[from]ability: Magic Bounce|[still]
|-fail|p1a: Xatu
|
|-heal|p1a: Xatu|99/100|[from] item: Leftovers
|upkeep
|turn|23
|
|t:|1606584766
|switch|p2a: Urshifu|Urshifu, F|100/100
|move|p1a: Xatu|Cosmic Power|p1a: Xatu
|-boost|p1a: Xatu|def|1
|-boost|p1a: Xatu|spd|1
|
|-heal|p1a: Xatu|100/100|[from] item: Leftovers
|upkeep
|turn|24
|
|t:|1606584771
|switch|p1a: Mantyke|Mantyke, F|100/100
|move|p2a: Urshifu|Wicked Blow|p1a: Mantyke
|-crit|p1a: Mantyke
|-damage|p1a: Mantyke|3/100
|
|upkeep
|turn|25
|
|t:|1606584774
|move|p2a: Urshifu|Sucker Punch||[still]
|-fail|p2a: Urshifu
|move|p1a: Mantyke|Toxic|p2a: Urshifu
|-status|p2a: Urshifu|tox
|
|-damage|p2a: Urshifu|94/100 tox|[from] psn
|upkeep
|turn|26
|
|t:|1606584777
|move|p2a: Urshifu|Wicked Blow|p1a: Mantyke
|-crit|p1a: Mantyke
|-damage|p1a: Mantyke|0 fnt
|faint|p1a: Mantyke
|
|-damage|p2a: Urshifu|82/100 tox|[from] psn
|upkeep
|
|t:|1606584779
|switch|p1a: Quagsire|Quagsire, M|100/100
|turn|27
|
|t:|1606584781
|move|p2a: Urshifu|Wicked Blow|p1a: Quagsire
|-crit|p1a: Quagsire
|-damage|p1a: Quagsire|47/100
|move|p1a: Quagsire|Scald|p2a: Urshifu
|-damage|p2a: Urshifu|54/100 tox
|
|-heal|p1a: Quagsire|54/100|[from] item: Leftovers
|-damage|p2a: Urshifu|36/100 tox|[from] psn
|upkeep
|turn|28
|
|t:|1606584784
|move|p2a: Urshifu|Wicked Blow|p1a: Quagsire
|-crit|p1a: Quagsire
|-damage|p1a: Quagsire|0 fnt
|faint|p1a: Quagsire
|
|-damage|p2a: Urshifu|11/100 tox|[from] psn
|upkeep
|
|t:|1606584788
|switch|p1a: Bronzong|Bronzong|100/100
|turn|29
|
|t:|1606584790
|move|p2a: Urshifu|Wicked Blow|p1a: Bronzong
|-supereffective|p1a: Bronzong
|-crit|p1a: Bronzong
|-damage|p1a: Bronzong|0 fnt
|faint|p1a: Bronzong
|
|-damage|p2a: Urshifu|0 fnt|[from] psn
|faint|p2a: Urshifu
|upkeep
|
|t:|1606584794
|switch|p2a: Heatran|Heatran, F|100/100
|switch|p1a: Xatu|Xatu, F|100/100
|turn|30
|
|t:|1606584796
|move|p2a: Heatran|Eruption|p1a: Xatu
|-damage|p1a: Xatu|22/100
|move|p1a: Xatu|Cosmic Power|p1a: Xatu
|-boost|p1a: Xatu|def|1
|-boost|p1a: Xatu|spd|1
|
|-heal|p1a: Xatu|28/100|[from] item: Leftovers
|upkeep
|turn|31
|
|t:|1606584800
|move|p2a: Heatran|Eruption|p1a: Xatu
|-damage|p1a: Xatu|0 fnt
|faint|p1a: Xatu
|
|win|bpewn
|c|☆bpewn|gg
|l|☆Tirkys
