|html|<div class="broadcast-blue"><strong>[Gen 8] OU is currently suspecting Melmetal! For information on how to participate check out the <a href="https://www.smogon.com/forums/threads/np-ss-ou-suspect-process-round-12-monster-mash.3709234/">suspect thread</a>.</strong></div>
|j|☆Stads
|j|☆minimax_ai
|t:|1666237012
|gametype|singles
|player|p1|Stads|170|1654
|player|p2|minimax_ai|lusamine-nihilego|1548
|teamsize|p1|6
|teamsize|p2|6
|gen|8
|tier|[Gen 8] OU
|rated|
|rule|Sleep Clause Mod: Limit one foe put to sleep
|rule|Species Clause: Limit one of each Pokémon
|rule|OHKO Clause: OHKO moves are banned
|rule|Evasion Items Clause: Evasion items are banned
|rule|Evasion Moves Clause: Evasion moves are banned
|rule|Endless Battle Clause: Forcing endless battles is banned
|rule|HP Percentage Mod: HP is shown in percentages
|rule|Dynamax Clause: You cannot dynamax
|clearpoke
|poke|p1|Tapu Koko|
|poke|p1|Victini|
|poke|p1|Ferrothorn, M|
|poke|p1|Landorus-Therian, M|
|poke|p1|Slowbro, M|
|poke|p1|Bisharp, M|
|poke|p2|Rotom-Wash|
|poke|p2|Weavile, F|
|poke|p2|Landorus-Therian, M|
|poke|p2|Heatran, M|
|poke|p2|Tangrowth, F|
|poke|p2|Melmetal|
|teampreview
|c|☆minimax_ai|hf
|inactive|Battle timer is ON: inactive players will automatically lose when time's up. (requested by minimax_ai)
|inactive|Stads has 120 seconds left.
|
|t:|1666237048
|start
|switch|p1a: Landorus|Landorus-Therian, M|100/100
|switch|p2a: Heatran|Heatran, M|100/100
|-item|p2a: Heatran|Air Balloon
|-ability|p1a: Landorus|Intimidate|boost
|-unboost|p2a: Heatran|atk|1
|turn|1
|
|t:|1666237052
|move|p2a: Heatran|Eruption|p1a: Landorus
|-damage|p1a: Landorus|37/100
|move|p1a: Landorus|Stealth Rock|p2a: Heatran
|-sidestart|p2: minimax_ai|move: Stealth Rock
|
|-heal|p1a: Landorus|43/100|[from] item: Leftovers
|upkeep
|turn|2
|
|t:|1666237055
|switch|p1a: Slowbro|Slowbro, M|100/100
|move|p2a: Heatran|Stealth Rock|p1a: Slowbro
|-sidestart|p1: Stads|move: Stealth Rock
|
|upkeep
|turn|3
|j| crawdaunt sammy
|
|t:|1666237060
|switch|p2a: rotomwash|Rotom-Wash|100/100
|-damage|p2a: rotomwash|88/100|[from] Stealth Rock
|move|p1a: Slowbro|Scald|p2a: rotomwash
|-resisted|p2a: rotomwash
|-damage|p2a: rotomwash|73/100
|
|-heal|p2a: rotomwash|79/100|[from] item: Leftovers
|upkeep
|turn|4
|
|t:|1666237063
|move|p2a: rotomwash|Nasty Plot|p2a: rotomwash
|-boost|p2a: rotomwash|spa|2
|move|p1a: Slowbro|Future Sight|p2a: rotomwash
|-start|p1a: Slowbro|move: Future Sight
|
|-heal|p2a: rotomwash|85/100|[from] item: Leftovers
|upkeep
|turn|5
|
|t:|1666237065
|switch|p1a: Ferrothorn|Ferrothorn, M|100/100
|-damage|p1a: Ferrothorn|95/100|[from] Stealth Rock
|move|p2a: rotomwash|Thunderbolt|p1a: Ferrothorn
|-resisted|p1a: Ferrothorn
|-damage|p1a: Ferrothorn|64/100
|
|-heal|p2a: rotomwash|91/100|[from] item: Leftovers
|upkeep
|turn|6
|
|t:|1666237067
|switch|p2a: Heatran|Heatran, M|100/100
|-damage|p2a: Heatran|88/100|[from] Stealth Rock
|-item|p2a: Heatran|Air Balloon
|move|p1a: Ferrothorn|Leech Seed|p2a: Heatran
|-start|p2a: Heatran|move: Leech Seed
|
|-end|p2a: Heatran|move: Future Sight
|-resisted|p2a: Heatran
|-damage|p2a: Heatran|69/100
|-enditem|p2a: Heatran|Air Balloon
|-damage|p2a: Heatran|56/100|[from] Leech Seed|[of] p1a: Ferrothorn
|-heal|p1a: Ferrothorn|76/100|[silent]
|upkeep
|turn|7
|
|t:|1666237072
|switch|p1a: Slowbro|Slowbro, M|100/100
|move|p2a: Heatran|Magma Storm|p1a: Slowbro|[miss]
|-miss|p2a: Heatran|p1a: Slowbro
|
|-damage|p2a: Heatran|44/100|[from] Leech Seed|[of] p1a: Slowbro
|upkeep
|turn|8
|
|t:|1666237075
|switch|p2a: Tangrowth|Tangrowth, F|100/100
|-damage|p2a: Tangrowth|88/100|[from] Stealth Rock
|move|p1a: Slowbro|Future Sight|p2a: Tangrowth
|-start|p1a: Slowbro|move: Future Sight
|
|upkeep
|turn|9
|
|t:|1666237077
|move|p2a: Tangrowth|Giga Drain|p1a: Slowbro
|-supereffective|p1a: Slowbro
|-damage|p1a: Slowbro|61/100
|-heal|p2a: Tangrowth|100/100|[from] drain|[of] p1a: Slowbro
|move|p1a: Slowbro|Teleport|p1a: Slowbro
|
|t:|1666237080
|switch|p1a: Victini|Victini|100/100|[from]move: Teleport
|
|upkeep
|turn|10
|
|t:|1666237082
|move|p1a: Victini|V-create|p2a: Tangrowth
|-supereffective|p2a: Tangrowth
|-damage|p2a: Tangrowth|18/100
|-unboost|p1a: Victini|spe|1
|-unboost|p1a: Victini|def|1
|-unboost|p1a: Victini|spd|1
|-damage|p1a: Victini|84/100|[from] item: Rocky Helmet|[of] p2a: Tangrowth
|move|p2a: Tangrowth|Knock Off|p1a: Victini
|-supereffective|p1a: Victini
|-damage|p1a: Victini|14/100
|-enditem|p1a: Victini|Heavy-Duty Boots|[from] move: Knock Off|[of] p2a: Tangrowth
|
|-end|p2a: Tangrowth|move: Future Sight
|-damage|p2a: Tangrowth|0 fnt
|faint|p2a: Tangrowth
|upkeep
|
|t:|1666237083
|switch|p2a: Heatran|Heatran, M|44/100
|-damage|p2a: Heatran|31/100|[from] Stealth Rock
|turn|11
|
|t:|1666237086
|switch|p1a: Slowbro|Slowbro, M|94/100
|move|p2a: Heatran|Magma Storm|p1a: Slowbro
|-resisted|p1a: Slowbro
|-damage|p1a: Slowbro|77/100
|-activate|p1a: Slowbro|move: Magma Storm|[of] p2a: Heatran
|
|-damage|p1a: Slowbro|64/100|[from] move: Magma Storm|[partiallytrapped]
|upkeep
|turn|12
|
|t:|1666237090
|move|p2a: Heatran|Earth Power|p1a: Slowbro
|-damage|p1a: Slowbro|42/100
|-unboost|p1a: Slowbro|spd|1
|move|p1a: Slowbro|Teleport|p1a: Slowbro
|
|t:|1666237095
|switch|p1a: Tapu Koko|Tapu Koko|100/100|[from]move: Teleport
|-fieldstart|move: Electric Terrain|[from] ability: Electric Surge|[of] p1a: Tapu Koko
|
|upkeep
|turn|13
|
|t:|1666237096
|switch|p2a: Melmetal|Melmetal|100/100
|-damage|p2a: Melmetal|94/100|[from] Stealth Rock
|move|p1a: Tapu Koko|Thunderbolt|p2a: Melmetal
|-damage|p2a: Melmetal|69/100
|
|upkeep
|turn|14
|
|t:|1666237099
|move|p1a: Tapu Koko|U-turn|p2a: Melmetal
|-resisted|p2a: Melmetal
|-damage|p2a: Melmetal|65/100
|
|t:|1666237100
|switch|p1a: Ferrothorn|Ferrothorn, M|76/100|[from]move: U-turn
|-damage|p1a: Ferrothorn|70/100|[from] Stealth Rock
|move|p2a: Melmetal|Earthquake|p1a: Ferrothorn
|-damage|p1a: Ferrothorn|49/100
|
|upkeep
|turn|15
|
|t:|1666237103
|move|p2a: Melmetal|Double Iron Bash|p1a: Ferrothorn
|-resisted|p1a: Ferrothorn
|-damage|p1a: Ferrothorn|38/100
|-damage|p2a: Melmetal|52/100|[from] ability: Iron Barbs|[of] p1a: Ferrothorn
|-damage|p2a: Melmetal|36/100|[from] item: Rocky Helmet|[of] p1a: Ferrothorn
|-resisted|p1a: Ferrothorn
|-crit|p1a: Ferrothorn
|-damage|p1a: Ferrothorn|22/100
|-damage|p2a: Melmetal|23/100|[from] ability: Iron Barbs|[of] p1a: Ferrothorn
|-damage|p2a: Melmetal|7/100|[from] item: Rocky Helmet|[of] p1a: Ferrothorn
|-hitcount|p1a: Ferrothorn|2
|move|p1a: Ferrothorn|Spikes|p2a: Melmetal
|-sidestart|p2: minimax_ai|Spikes
|
|upkeep
|turn|16
|
|t:|1666237106
|move|p2a: Melmetal|Double Iron Bash|p1a: Ferrothorn
|-resisted|p1a: Ferrothorn
|-damage|p1a: Ferrothorn|10/100
|-damage|p2a: Melmetal|0 fnt|[from] ability: Iron Barbs|[of] p1a: Ferrothorn
|faint|p2a: Melmetal
|-hitcount|p1a: Ferrothorn|1
|cant|p1a: Ferrothorn|flinch
|
|-fieldend|move: Electric Terrain
|upkeep
|
|t:|1666237106
|switch|p2a: rotomwash|Rotom-Wash|91/100
|-damage|p2a: rotomwash|79/100|[from] Stealth Rock
|turn|17
|
|t:|1666237110
|move|p2a: rotomwash|Nasty Plot|p2a: rotomwash
|-boost|p2a: rotomwash|spa|2
|move|p1a: Ferrothorn|Leech Seed|p2a: rotomwash
|-start|p2a: rotomwash|move: Leech Seed
|
|-heal|p2a: rotomwash|85/100|[from] item: Leftovers
|-damage|p2a: rotomwash|73/100|[from] Leech Seed|[of] p1a: Ferrothorn
|-heal|p1a: Ferrothorn|21/100|[silent]
|upkeep
|turn|18
|
|t:|1666237112
|move|p2a: rotomwash|Hydro Pump|p1a: Ferrothorn
|-resisted|p1a: Ferrothorn
|-damage|p1a: Ferrothorn|0 fnt
|faint|p1a: Ferrothorn
|
|-heal|p2a: rotomwash|79/100|[from] item: Leftovers
|upkeep
|
|t:|1666237115
|switch|p1a: Tapu Koko|Tapu Koko|100/100
|-fieldstart|move: Electric Terrain|[from] ability: Electric Surge|[of] p1a: Tapu Koko
|turn|19
|
|t:|1666237116
|move|p1a: Tapu Koko|Thunderbolt|p2a: rotomwash
|-damage|p2a: rotomwash|25/100
|move|p2a: rotomwash|Hydro Pump|p1a: Tapu Koko|[miss]
|-miss|p2a: rotomwash|p1a: Tapu Koko
|
|-heal|p2a: rotomwash|31/100|[from] item: Leftovers
|-damage|p2a: rotomwash|19/100|[from] Leech Seed|[of] p1a: Tapu Koko
|upkeep
|turn|20
|
|t:|1666237119
|move|p1a: Tapu Koko|Thunderbolt|p2a: rotomwash
|-damage|p2a: rotomwash|0 fnt
|faint|p2a: rotomwash
|
|upkeep
|
|t:|1666237119
|switch|p2a: landorustherian|Landorus-Therian, M|100/100
|-damage|p2a: landorustherian|88/100|[from] Stealth Rock
|-ability|p2a: landorustherian|Intimidate|boost
|-unboost|p1a: Tapu Koko|atk|1
|turn|21
|
|t:|1666237127
|move|p1a: Tapu Koko|Dazzling Gleam|p2a: landorustherian
|-damage|p2a: landorustherian|65/100
|move|p2a: landorustherian|Toxic|p1a: Tapu Koko
|-status|p1a: Tapu Koko|tox
|
|-heal|p2a: landorustherian|71/100|[from] item: Leftovers
|-damage|p1a: Tapu Koko|94/100 tox|[from] psn
|upkeep
|turn|22
|
|t:|1666237130
|switch|p1a: Landorus|Landorus-Therian, M|43/100
|-damage|p1a: Landorus|31/100|[from] Stealth Rock
|-ability|p1a: Landorus|Intimidate|boost
|-unboost|p2a: landorustherian|atk|1
|move|p2a: landorustherian|Toxic|p1a: Landorus
|-status|p1a: Landorus|tox
|
|-heal|p2a: landorustherian|77/100|[from] item: Leftovers
|-heal|p1a: Landorus|37/100 tox|[from] item: Leftovers
|-damage|p1a: Landorus|31/100 tox|[from] psn
|upkeep
|turn|23
|
|t:|1666237133
|move|p2a: landorustherian|Earthquake|p1a: Landorus
|-immune|p1a: Landorus
|move|p1a: Landorus|Toxic|p2a: landorustherian
|-status|p2a: landorustherian|tox
|
|-heal|p2a: landorustherian|83/100 tox|[from] item: Leftovers
|-heal|p1a: Landorus|37/100 tox|[from] item: Leftovers
|-damage|p2a: landorustherian|77/100 tox|[from] psn
|-damage|p1a: Landorus|25/100 tox|[from] psn
|-fieldend|move: Electric Terrain
|upkeep
|turn|24
|
|t:|1666237135
|move|p2a: landorustherian|U-turn|p1a: Landorus
|-resisted|p1a: Landorus
|-damage|p1a: Landorus|19/100 tox
|
|t:|1666237135
|switch|p2a: Heatran|Heatran, M|31/100|[from]move: U-turn
|-damage|p2a: Heatran|19/100|[from] Stealth Rock
|-damage|p2a: Heatran|7/100|[from] Spikes
|move|p1a: Landorus|U-turn|p2a: Heatran
|-resisted|p2a: Heatran
|-damage|p2a: Heatran|1/100
|
|t:|1666237140
|switch|p1a: Tapu Koko|Tapu Koko|94/100 tox|[from]move: U-turn
|-fieldstart|move: Electric Terrain|[from] ability: Electric Surge|[of] p1a: Tapu Koko
|
|-damage|p1a: Tapu Koko|88/100 tox|[from] psn
|upkeep
|turn|25
|
|t:|1666237142
|move|p1a: Tapu Koko|Dazzling Gleam|p2a: Heatran
|-resisted|p2a: Heatran
|-damage|p2a: Heatran|0 fnt
|faint|p2a: Heatran
|
|-damage|p1a: Tapu Koko|76/100 tox|[from] psn
|upkeep
|
|t:|1666237142
|switch|p2a: landorustherian|Landorus-Therian, M|77/100 tox
|-damage|p2a: landorustherian|64/100 tox|[from] Stealth Rock
|-ability|p2a: landorustherian|Intimidate|boost
|-unboost|p1a: Tapu Koko|atk|1
|turn|26
|
|t:|1666237144
|move|p1a: Tapu Koko|U-turn|p2a: landorustherian
|-resisted|p2a: landorustherian
|-damage|p2a: landorustherian|59/100 tox
|
|t:|1666237149
|switch|p1a: Victini|Victini|14/100|[from]move: U-turn
|-damage|p1a: Victini|0 fnt|[from] Stealth Rock
|faint|p1a: Victini
|move|p2a: landorustherian|Earthquake|p1: Victini|[notarget]
|-fail|p2a: landorustherian
|
|-heal|p2a: landorustherian|65/100 tox|[from] item: Leftovers
|-damage|p2a: landorustherian|59/100 tox|[from] psn
|upkeep
|
|t:|1666237151
|switch|p1a: Slowbro|Slowbro, M|76/100
|turn|27
|
|t:|1666237152
|move|p2a: landorustherian|U-turn|p1a: Slowbro
|-supereffective|p1a: Slowbro
|-damage|p1a: Slowbro|43/100
|
|t:|1666237152
|switch|p2a: Weavile|Weavile, F|100/100|[from]move: U-turn
|-damage|p2a: Weavile|76/100|[from] Stealth Rock
|-damage|p2a: Weavile|63/100|[from] Spikes
|-ability|p2a: Weavile|Pressure
|move|p1a: Slowbro|Slack Off|p1a: Slowbro
|-heal|p1a: Slowbro|93/100
|
|upkeep
|turn|28
|
|t:|1666237156
|switch|p1a: Landorus|Landorus-Therian, M|19/100 tox
|-damage|p1a: Landorus|7/100 tox|[from] Stealth Rock
|-ability|p1a: Landorus|Intimidate|boost
|-unboost|p2a: Weavile|atk|1
|move|p2a: Weavile|Knock Off|p1a: Landorus
|-damage|p1a: Landorus|0 fnt
|-enditem|p1a: Landorus|Leftovers|[from] move: Knock Off|[of] p2a: Weavile
|faint|p1a: Landorus
|
|-fieldend|move: Electric Terrain
|upkeep
|
|t:|1666237159
|switch|p1a: Tapu Koko|Tapu Koko|76/100 tox
|-fieldstart|move: Electric Terrain|[from] ability: Electric Surge|[of] p1a: Tapu Koko
|turn|29
|
|t:|1666237160
|switch|p2a: landorustherian|Landorus-Therian, M|59/100 tox
|-damage|p2a: landorustherian|47/100 tox|[from] Stealth Rock
|-ability|p2a: landorustherian|Intimidate|boost
|-unboost|p1a: Tapu Koko|atk|1
|move|p1a: Tapu Koko|Dazzling Gleam|p2a: landorustherian
|-crit|p2a: landorustherian
|-damage|p2a: landorustherian|12/100 tox
|
|-heal|p2a: landorustherian|18/100 tox|[from] item: Leftovers
|-damage|p1a: Tapu Koko|70/100 tox|[from] psn
|-damage|p2a: landorustherian|12/100 tox|[from] psn
|upkeep
|turn|30
|
|t:|1666237163
|move|p1a: Tapu Koko|Dazzling Gleam|p2a: landorustherian
|-damage|p2a: landorustherian|0 fnt
|faint|p2a: landorustherian
|
|-damage|p1a: Tapu Koko|58/100 tox|[from] psn
|upkeep
|
|t:|1666237163
|switch|p2a: Weavile|Weavile, F|63/100
|-damage|p2a: Weavile|38/100|[from] Stealth Rock
|-damage|p2a: Weavile|26/100|[from] Spikes
|-ability|p2a: Weavile|Pressure
|turn|31
|
|t:|1666237164
|move|p2a: Weavile|Ice Shard|p1a: Tapu Koko
|-crit|p1a: Tapu Koko
|-damage|p1a: Tapu Koko|0 fnt
|faint|p1a: Tapu Koko
|
|upkeep
|
|t:|1666237166
|switch|p1a: Slowbro|Slowbro, M|100/100
|turn|32
|
|t:|1666237167
|move|p2a: Weavile|Ice Shard|p1a: Slowbro
|-resisted|p1a: Slowbro
|-crit|p1a: Slowbro
|-damage|p1a: Slowbro|83/100
|move|p1a: Slowbro|Scald|p2a: Weavile
|-damage|p2a: Weavile|0 fnt
|faint|p2a: Weavile
|
|win|Stads
|raw|Stads's rating: 1654 &rarr; <strong>1668</strong><br />(+14 for winning)
|raw|minimax_ai's rating: 1548 &rarr; <strong>1534</strong><br />(-14 for losing)
|c|☆minimax_ai|gg
