|html|<div class="broadcast-blue"><strong>[Gen 8] OU is currently suspecting Zamazenta-Crowned! For information on how to participate check out the <a href="https://www.smogon.com/forums/threads/np-ss-ou-suspect-process-round-10-royals.3681787/">suspect thread</a>.</strong></div>
|j|☆SuperTheoryBros
|j|☆Chapstick Lesbian
|t:|1618243547
|gametype|singles
|player|p1|SuperTheoryBros|102|1649
|player|p2|Chapstick Lesbian|dahlia|1707
|teamsize|p1|6
|teamsize|p2|6
|gen|8
|tier|[Gen 8] OU
|rated|
|clearpoke
|poke|p1|Chansey, F|
|poke|p1|Rillaboom, M|
|poke|p1|Slowbro, F|
|poke|p1|Zapdos|
|poke|p1|Zamazenta-Crowned|
|poke|p1|Nidoking, M|
|poke|p2|Araquanid, M|
|poke|p2|Kartana|
|poke|p2|Mimikyu, F|
|poke|p2|Nidoking, M|
|poke|p2|Rillaboom, M|
|poke|p2|Zeraora|
|rule|Sleep Clause Mod: Limit one foe put to sleep
|rule|Species Clause: Limit one of each Pokémon
|rule|OHKO Clause: OHKO moves are banned
|rule|Evasion Moves Clause: Evasion moves are banned
|rule|Endless Battle Clause: Forcing endless battles is banned
|rule|HP Percentage Mod: HP is shown in percentages
|rule|Dynamax Clause: You cannot dynamax
|teampreview
|inactive|Battle timer is ON: inactive players will automatically lose when time's up. (requested by SuperTheoryBros)
|
|t:|1618243564
|start
|switch|p1a: Rillaboom|Rillaboom, M|100/100
|switch|p2a: The Leader|Araquanid, M|100/100
|-fieldstart|move: Grassy Terrain|[from] ability: Grassy Surge|[of] p1a: Rillaboom
|turn|1
|
|t:|1618243570
|move|p1a: Rillaboom|Grassy Glide|p2a: The Leader
|-damage|p2a: The Leader|18/100
|move|p2a: The Leader|Sticky Web|p1a: Rillaboom
|-sidestart|p1: SuperTheoryBros|move: Sticky Web
|
|-heal|p2a: The Leader|25/100|[from] Grassy Terrain
|upkeep
|turn|2
|
|t:|1618243580
|move|p1a: Rillaboom|Grassy Glide|p2a: The Leader
|-damage|p2a: The Leader|0 fnt
|faint|p2a: The Leader
|
|upkeep
|
|t:|1618243583
|switch|p2a: Linoleum Knife|Kartana, shiny|100/100
|turn|3
|
|t:|1618243590
|switch|p1a: Zamazenta|Zamazenta-Crowned|100/100
|-activate|p1a: Zamazenta|move: Sticky Web
|-unboost|p1a: Zamazenta|spe|1
|-ability|p1a: Zamazenta|Dauntless Shield|boost
|-boost|p1a: Zamazenta|def|1
|move|p2a: Linoleum Knife|Swords Dance|p2a: Linoleum Knife
|-boost|p2a: Linoleum Knife|atk|2
|
|upkeep
|turn|4
|
|t:|1618243601
|move|p2a: Linoleum Knife|Sacred Sword|p1a: Zamazenta
|-supereffective|p1a: Zamazenta
|-crit|p1a: Zamazenta
|-damage|p1a: Zamazenta|0 fnt
|faint|p1a: Zamazenta
|-ability|p2a: Linoleum Knife|Beast Boost|boost
|-boost|p2a: Linoleum Knife|atk|1
|
|upkeep
|c|☆Chapstick Lesbian|crit didn't matter btw
|c|☆Chapstick Lesbian|sacred ignores def boost
|
|t:|1618243626
|switch|p1a: Zapdos|Zapdos|100/100
|turn|5
|inactive|SuperTheoryBros has 120 seconds left.
|c|☆SuperTheoryBros|how do you know it didn't matter
|
|t:|1618243655
|move|p2a: Linoleum Knife|Knock Off|p1a: Zapdos
|-damage|p1a: Zapdos|21/100
|-status|p2a: Linoleum Knife|par|[from] ability: Static|[of] p1a: Zapdos
|-enditem|p1a: Zapdos|Heavy-Duty Boots|[from] move: Knock Off|[of] p2a: Linoleum Knife
|move|p1a: Zapdos|Heat Wave|p2a: Linoleum Knife
|-supereffective|p2a: Linoleum Knife
|-damage|p2a: Linoleum Knife|0 fnt
|faint|p2a: Linoleum Knife
|
|-fieldend|move: Grassy Terrain
|upkeep
|
|t:|1618243663
|switch|p2a: Chopping Wood|Nidoking, M|100/100
|turn|6
|inactive|SuperTheoryBros has 120 seconds left.
|
|t:|1618243673
|move|p2a: Chopping Wood|Ice Beam|p1a: Zapdos
|-supereffective|p1a: Zapdos
|-damage|p1a: Zapdos|0 fnt
|faint|p1a: Zapdos
|
|upkeep
|c|☆Chapstick Lesbian|+2 252 Atk Life Orb Kartana Sacred Sword vs. 64 HP / 0 Def Zamazenta-Crowned: 473-559 (138.7 - 163.9%) -- guaranteed OHK
|c|☆SuperTheoryBros|you
|inactive|SuperTheoryBros has 90 seconds left.
|c|☆SuperTheoryBros|you're assuming you know my set
|c|☆Chapstick Lesbian|+2 252 Atk Life Orb Kartana Sacred Sword vs. 252 HP / 252+ Def Zamazenta-Crowned: 364-429 (93.8 - 110.5%) -- 62.5% chance to OHKO
|c|☆Chapstick Lesbian|even if you're runnign max def
|
|t:|1618243721
|switch|p1a: Chansey|Chansey, F|100/100
|-activate|p1a: Chansey|move: Sticky Web
|-unboost|p1a: Chansey|spe|1
|turn|7
|c|☆Chapstick Lesbian|granted im nto running lo so
|j| Werkb
|
|t:|1618243736
|move|p2a: Chopping Wood|Sludge Wave|p1a: Chansey
|-damage|p1a: Chansey|84/100
|move|p1a: Chansey|Stealth Rock|p2a: Chopping Wood
|-sidestart|p2: Chapstick Lesbian|move: Stealth Rock
|
|upkeep
|turn|8
|l| Werkb
|
|t:|1618243755
|switch|p1a: Slowbro|Slowbro, F|100/100
|-activate|p1a: Slowbro|move: Sticky Web
|-unboost|p1a: Slowbro|spe|1
|move|p2a: Chopping Wood|Sludge Wave|p1a: Slowbro
|-damage|p1a: Slowbro|63/100
|
|upkeep
|turn|9
|j| andreasmang
|
|t:|1618243768
|switch|p1a: Chansey|Chansey, F|84/100
|-activate|p1a: Chansey|move: Sticky Web
|-unboost|p1a: Chansey|spe|1
|move|p2a: Chopping Wood|Thunderbolt|p1a: Chansey
|-damage|p1a: Chansey|72/100
|
|upkeep
|turn|10
|l| andreasmang
|
|t:|1618243777
|move|p2a: Chopping Wood|Sludge Wave|p1a: Chansey
|-damage|p1a: Chansey|55/100
|move|p1a: Chansey|Soft-Boiled|p1a: Chansey
|-heal|p1a: Chansey|100/100
|
|upkeep
|turn|11
|inactive|SuperTheoryBros has 90 seconds left.
|
|t:|1618243785
|move|p2a: Chopping Wood|Sludge Wave|p1a: Chansey
|-damage|p1a: Chansey|83/100
|move|p1a: Chansey|Toxic|p2a: Chopping Wood
|-immune|p2a: Chopping Wood
|
|upkeep
|turn|12
|
|t:|1618243793
|move|p2a: Chopping Wood|Sludge Wave|p1a: Chansey
|-damage|p1a: Chansey|64/100
|move|p1a: Chansey|Toxic|p2a: Chopping Wood
|-immune|p2a: Chopping Wood
|
|upkeep
|turn|13
|
|t:|1618243800
|move|p2a: Chopping Wood|Earth Power|p1a: Chansey
|-damage|p1a: Chansey|48/100
|move|p1a: Chansey|Soft-Boiled|p1a: Chansey
|-heal|p1a: Chansey|98/100
|
|upkeep
|turn|14
|
|t:|1618243808
|move|p2a: Chopping Wood|Ice Beam|p1a: Chansey
|-damage|p1a: Chansey|87/100
|move|p1a: Chansey|Toxic|p2a: Chopping Wood
|-immune|p2a: Chopping Wood
|
|upkeep
|turn|15
|
|t:|1618243821
|move|p2a: Chopping Wood|Thunderbolt|p1a: Chansey
|-damage|p1a: Chansey|77/100
|move|p1a: Chansey|Toxic|p2a: Chopping Wood
|-immune|p2a: Chopping Wood
|
|upkeep
|turn|16
|c|☆Chapstick Lesbian|this chansey has no way of hurting me does it?
|
|t:|1618243829
|move|p2a: Chopping Wood|Thunderbolt|p1a: Chansey
|-damage|p1a: Chansey|66/100
|move|p1a: Chansey|Soft-Boiled|p1a: Chansey
|-heal|p1a: Chansey|100/100
|
|upkeep
|turn|17
|
|t:|1618243837
|move|p2a: Chopping Wood|Thunderbolt|p1a: Chansey
|-damage|p1a: Chansey|88/100
|move|p1a: Chansey|Toxic|p2a: Chopping Wood
|-immune|p2a: Chopping Wood
|
|upkeep
|turn|18
|c|☆Chapstick Lesbian|prob running heal bell in last slot
|inactive|SuperTheoryBros has 120 seconds left.
|
|t:|1618243845
|move|p2a: Chopping Wood|Thunderbolt|p1a: Chansey
|-damage|p1a: Chansey|77/100
|move|p1a: Chansey|Toxic|p2a: Chopping Wood
|-immune|p2a: Chopping Wood
|
|upkeep
|turn|19
|c|☆Chapstick Lesbian|or wish
|
|t:|1618243850
|switch|p1a: Rillaboom|Rillaboom, M|100/100
|-activate|p1a: Rillaboom|move: Sticky Web
|-unboost|p1a: Rillaboom|spe|1
|-fieldstart|move: Grassy Terrain|[from] ability: Grassy Surge|[of] p1a: Rillaboom
|move|p2a: Chopping Wood|Thunderbolt|p1a: Rillaboom
|-resisted|p1a: Rillaboom
|-damage|p1a: Rillaboom|80/100
|
|-heal|p1a: Rillaboom|87/100|[from] Grassy Terrain
|upkeep
|turn|20
|
|t:|1618243860
|move|p1a: Rillaboom|Grassy Glide|p2a: Chopping Wood
|-damage|p2a: Chopping Wood|0 fnt
|faint|p2a: Chopping Wood
|
|-heal|p1a: Rillaboom|93/100|[from] Grassy Terrain
|upkeep
|
|t:|1618243862
|switch|p2a: Return to Monke|Rillaboom, M|100/100
|-damage|p2a: Return to Monke|88/100|[from] Stealth Rock
|-enditem|p2a: Return to Monke|Grassy Seed
|-boost|p2a: Return to Monke|def|1|[from] item: Grassy Seed
|turn|21
|
|t:|1618243872
|move|p1a: Rillaboom|Grassy Glide|p2a: Return to Monke
|-resisted|p2a: Return to Monke
|-damage|p2a: Return to Monke|58/100
|move|p2a: Return to Monke|Swords Dance|p2a: Return to Monke
|-boost|p2a: Return to Monke|atk|2
|
|-heal|p2a: Return to Monke|64/100|[from] Grassy Terrain
|-heal|p1a: Rillaboom|99/100|[from] Grassy Terrain
|upkeep
|turn|22
|-message|SuperTheoryBros forfeited.
|
|win|Chapstick Lesbian
|raw|SuperTheoryBros's rating: 1649 &rarr; <strong>1632</strong><br />(-17 for losing)
|raw|Chapstick Lesbian's rating: 1707 &rarr; <strong>1724</strong><br />(+17 for winning)
|l|☆SuperTheoryBros
||Ladder isn't responding, score probably updated but might not have (Request timeout).
