|html|<div class="broadcast-blue"><strong>[Gen 8] OU is currently suspecting Melmetal! For information on how to participate check out the <a href="https://www.smogon.com/forums/threads/np-ss-ou-suspect-process-round-12-monster-mash.3709234/">suspect thread</a>.</strong></div>
|j|☆quixana
|j|☆ParaDocs
|inactive|Battle timer is ON: inactive players will automatically lose when time's up.
|t:|1666425778
|gametype|singles
|player|p1|quixana|ethan-masters|
|player|p2|ParaDocs|cyclistf|
|teamsize|p1|6
|teamsize|p2|6
|gen|8
|tier|[Gen 8] OU
|rated|Tournament battle
|rule|Sleep Clause Mod: Limit one foe put to sleep
|rule|Species Clause: Limit one of each Pokémon
|rule|OHKO Clause: OHKO moves are banned
|rule|Evasion Items Clause: Evasion items are banned
|rule|Evasion Moves Clause: Evasion moves are banned
|rule|Endless Battle Clause: Forcing endless battles is banned
|rule|HP Percentage Mod: HP is shown in percentages
|rule|Dynamax Clause: You cannot dynamax
|clearpoke
|poke|p1|Dragapult, M|
|poke|p1|Rotom-Wash|
|poke|p1|Landorus-Therian, M|
|poke|p1|Melmetal|
|poke|p1|Weavile, M|
|poke|p1|Kartana|
|poke|p2|Swampert, F|
|poke|p2|Tapu Bulu|
|poke|p2|Blissey, F|
|poke|p2|Heatran, M|
|poke|p2|Golisopod, F|
|poke|p2|Excadrill, M|
|teampreview
|inactive|ParaDocs also wants the timer to be on.
|c|☆ParaDocs|hf
|inactive|quixana has 120 seconds left.
|c|☆quixana|u2
|j| kakyion
|
|t:|1666425813
|start
|switch|p1a: Phantom|Rotom-Wash, shiny|100/100
|switch|p2a: Tapu Bulu|Tapu Bulu|100/100
|-fieldstart|move: Grassy Terrain|[from] ability: Grassy Surge|[of] p2a: Tapu Bulu
|turn|1
|
|t:|1666425824
|move|p1a: Phantom|Volt Switch|p2a: Tapu Bulu
|-resisted|p2a: Tapu Bulu
|-damage|p2a: Tapu Bulu|81/100
|
|t:|1666425837
|switch|p1a: Leviathan|Dragapult, M, shiny|100/100|[from]move: Volt Switch
|move|p2a: Tapu Bulu|Swords Dance|p2a: Tapu Bulu
|-boost|p2a: Tapu Bulu|atk|2
|
|-heal|p2a: Tapu Bulu|87/100|[from] Grassy Terrain
|upkeep
|turn|2
|l| kakyion
|
|t:|1666425842
|switch|p2a: Blissey|Blissey, F|100/100
|move|p1a: Leviathan|Flamethrower|p2a: Blissey
|-damage|p2a: Blissey|83/100
|
|-heal|p2a: Blissey|89/100|[from] Grassy Terrain
|upkeep
|turn|3
|
|t:|1666425851
|switch|p1a: Fate|Melmetal, shiny|100/100
|move|p2a: Blissey|Thunder Wave|p1a: Fate
|-status|p1a: Fate|par
|
|-heal|p2a: Blissey|96/100|[from] Grassy Terrain
|upkeep
|turn|4
|
|t:|1666425866
|switch|p2a: Swampert|Swampert, F|100/100
|cant|p1a: Fate|par
|
|upkeep
|turn|5
|j|%moondazing
|
|t:|1666425875
|switch|p1a: Phantom|Rotom-Wash, shiny|100/100
|move|p2a: Swampert|Flip Turn|p1a: Phantom
|-resisted|p1a: Phantom
|-damage|p1a: Phantom|85/100
|
|t:|1666425883
|switch|p2a: Tapu Bulu|Tapu Bulu|87/100|[from]move: Flip Turn
|
|-heal|p1a: Phantom|91/100|[from] item: Leftovers
|-heal|p2a: Tapu Bulu|93/100|[from] Grassy Terrain
|-fieldend|move: Grassy Terrain
|upkeep
|turn|6
|
|t:|1666425887
|move|p1a: Phantom|Volt Switch|p2a: Tapu Bulu
|-resisted|p2a: Tapu Bulu
|-damage|p2a: Tapu Bulu|72/100
|
|t:|1666425890
|switch|p1a: Leviathan|Dragapult, M, shiny|100/100|[from]move: Volt Switch
|move|p2a: Tapu Bulu|Horn Leech|p1a: Leviathan
|-resisted|p1a: Leviathan
|-damage|p1a: Leviathan|69/100
|-heal|p2a: Tapu Bulu|90/100|[from] drain|[of] p1a: Leviathan
|-damage|p2a: Tapu Bulu|80/100|[from] item: Life Orb
|
|upkeep
|turn|7
|
|t:|1666425897
|move|p1a: Leviathan|U-turn|p2a: Tapu Bulu
|-damage|p2a: Tapu Bulu|63/100
|
|t:|1666425904
|switch|p1a: Deathstroke|Kartana, shiny|100/100|[from]move: U-turn
|move|p2a: Tapu Bulu|Horn Leech|p1a: Deathstroke
|-resisted|p1a: Deathstroke
|-damage|p1a: Deathstroke|88/100
|-heal|p2a: Tapu Bulu|68/100|[from] drain|[of] p1a: Deathstroke
|-damage|p2a: Tapu Bulu|59/100|[from] item: Life Orb
|
|upkeep
|turn|8
|
|t:|1666425912
|switch|p1a: Leviathan|Dragapult, M, shiny|69/100
|switch|p2a: Golisopod|Golisopod, F|100/100
|
|upkeep
|turn|9
|inactive|quixana has 120 seconds left.
|
|t:|1666425965
|switch|p2a: Blissey|Blissey, F|96/100
|move|p1a: Leviathan|Shadow Ball|p2a: Blissey
|-immune|p2a: Blissey
|
|upkeep
|turn|10
|
|t:|1666425973
|switch|p1a: Fate|Melmetal, shiny|100/100 par
|move|p2a: Blissey|Teleport|p2a: Blissey
|
|t:|1666425980
|switch|p2a: Golisopod|Golisopod, F|100/100|[from]move: Teleport
|
|upkeep
|turn|11
|
|t:|1666426001
|move|p2a: Golisopod|Spikes|p1a: Fate
|-sidestart|p1: quixana|Spikes
|move|p1a: Fate|Thunder Punch|p2a: Golisopod
|-supereffective|p2a: Golisopod
|-damage|p2a: Golisopod|25/100
|-activate|p2a: Golisopod|ability: Emergency Exit
|
|t:|1666426013
|switch|p2a: Heatran|Heatran, M|100/100
|
|upkeep
|turn|12
|
|t:|1666426017
|switch|p1a: Enten|Landorus-Therian, M, shiny|100/100
|-ability|p1a: Enten|Intimidate|boost
|-unboost|p2a: Heatran|atk|1
|move|p2a: Heatran|Magma Storm|p1a: Enten
|-damage|p1a: Enten|66/100
|-activate|p1a: Enten|move: Magma Storm|[of] p2a: Heatran
|
|-heal|p1a: Enten|72/100|[from] item: Leftovers
|-damage|p1a: Enten|59/100|[from] move: Magma Storm|[partiallytrapped]
|upkeep
|turn|13
|inactive|quixana has 120 seconds left.
|
|t:|1666426032
|switch|p2a: Tapu Bulu|Tapu Bulu|59/100
|-fieldstart|move: Grassy Terrain|[from] ability: Grassy Surge|[of] p2a: Tapu Bulu
|move|p1a: Enten|Earthquake|p2a: Tapu Bulu
|-resisted|p2a: Tapu Bulu
|-damage|p2a: Tapu Bulu|46/100
|
|-heal|p2a: Tapu Bulu|52/100|[from] Grassy Terrain
|-heal|p1a: Enten|65/100|[from] item: Leftovers
|-end|p1a: Enten|Magma Storm|[partiallytrapped]|[silent]
|upkeep
|turn|14
|inactive|quixana has 120 seconds left.
|
|t:|1666426049
|switch|p1a: Deathstroke|Kartana, shiny|88/100
|-damage|p1a: Deathstroke|76/100|[from] Spikes
|move|p2a: Tapu Bulu|Close Combat|p1a: Deathstroke
|-supereffective|p1a: Deathstroke
|-damage|p1a: Deathstroke|0 fnt
|-unboost|p2a: Tapu Bulu|def|1
|-unboost|p2a: Tapu Bulu|spd|1
|faint|p1a: Deathstroke
|-damage|p2a: Tapu Bulu|42/100|[from] item: Life Orb
|
|-heal|p2a: Tapu Bulu|48/100|[from] Grassy Terrain
|upkeep
|
|t:|1666426060
|switch|p1a: Leviathan|Dragapult, M, shiny|69/100
|-damage|p1a: Leviathan|56/100|[from] Spikes
|turn|15
|
|t:|1666426066
|switch|p2a: Golisopod|Golisopod, F|25/100
|move|p1a: Leviathan|U-turn|p2a: Golisopod
|-damage|p2a: Golisopod|13/100
|
|t:|1666426073
|switch|p1a: Phantom|Rotom-Wash, shiny|91/100|[from]move: U-turn
|
|-heal|p1a: Phantom|97/100|[from] item: Leftovers
|-heal|p2a: Golisopod|19/100|[from] Grassy Terrain
|upkeep
|turn|16
|inactive|quixana has 120 seconds left.
|
|t:|1666426081
|move|p2a: Golisopod|First Impression|p1a: Phantom
|-damage|p1a: Phantom|25/100
|move|p1a: Phantom|Hydro Pump|p2a: Golisopod|[miss]
|-miss|p1a: Phantom|p2a: Golisopod
|
|-heal|p1a: Phantom|31/100|[from] item: Leftovers
|-heal|p2a: Golisopod|25/100|[from] Grassy Terrain
|upkeep
|turn|17
|
|t:|1666426088
|switch|p2a: Blissey|Blissey, F|96/100
|move|p1a: Phantom|Volt Switch|p2a: Blissey
|-damage|p2a: Blissey|84/100
|inactive|quixana has 120 seconds left.
|
|t:|1666426108
|switch|p1a: Bandit|Weavile, M, shiny|100/100|[from]move: Volt Switch
|-damage|p1a: Bandit|88/100|[from] Spikes
|-ability|p1a: Bandit|Pressure
|
|-heal|p1a: Bandit|94/100|[from] Grassy Terrain
|-heal|p2a: Blissey|90/100|[from] Grassy Terrain
|-fieldend|move: Grassy Terrain
|upkeep
|turn|18
|inactive|quixana has 120 seconds left.
|
|t:|1666426119
|switch|p1a: Enten|Landorus-Therian, M, shiny|65/100
|-ability|p1a: Enten|Intimidate|boost
|-unboost|p2a: Blissey|atk|1
|move|p2a: Blissey|Thunder Wave|p1a: Enten
|-immune|p1a: Enten
|
|-heal|p1a: Enten|71/100|[from] item: Leftovers
|upkeep
|turn|19
|inactive|quixana has 120 seconds left.
|
|t:|1666426127
|switch|p2a: Swampert|Swampert, F|100/100
|move|p1a: Enten|Stealth Rock|p2a: Swampert
|-sidestart|p2: ParaDocs|move: Stealth Rock
|
|-heal|p1a: Enten|77/100|[from] item: Leftovers
|upkeep
|turn|20
|inactive|quixana has 120 seconds left.
|
|t:|1666426138
|move|p1a: Enten|U-turn|p2a: Swampert
|-damage|p2a: Swampert|83/100
|
|t:|1666426140
|switch|p1a: Phantom|Rotom-Wash, shiny|31/100|[from]move: U-turn
|move|p2a: Swampert|Flip Turn|p1a: Phantom
|-resisted|p1a: Phantom
|-damage|p1a: Phantom|15/100
|
|t:|1666426149
|switch|p2a: Golisopod|Golisopod, F|25/100|[from]move: Flip Turn
|
|-heal|p1a: Phantom|21/100|[from] item: Leftovers
|upkeep
|turn|21
|
|t:|1666426157
|switch|p1a: Fate|Melmetal, shiny|100/100 par
|-damage|p1a: Fate|88/100 par|[from] Spikes
|move|p2a: Golisopod|First Impression|p1a: Fate
|-resisted|p1a: Fate
|-damage|p1a: Fate|74/100 par
|
|upkeep
|turn|22
|
|t:|1666426167
|move|p2a: Golisopod|Liquidation|p1a: Fate
|-damage|p1a: Fate|47/100 par
|move|p1a: Fate|Double Iron Bash|p2a: Golisopod
|-resisted|p2a: Golisopod
|-damage|p2a: Golisopod|0 fnt
|faint|p2a: Golisopod
|-hitcount|p2: Golisopod|1
|
|upkeep
|
|t:|1666426176
|switch|p2a: Excadrill|Excadrill, M|100/100
|-damage|p2a: Excadrill|97/100|[from] Stealth Rock
|-ability|p2a: Excadrill|Mold Breaker
|turn|23
|
|t:|1666426183
|switch|p1a: Enten|Landorus-Therian, M, shiny|77/100
|-ability|p1a: Enten|Intimidate|boost
|-unboost|p2a: Excadrill|atk|1
|move|p2a: Excadrill|High Horsepower|p1a: Enten
|-immune|p1a: Enten
|
|-heal|p1a: Enten|83/100|[from] item: Leftovers
|upkeep
|turn|24
|
|t:|1666426210
|switch|p2a: Tapu Bulu|Tapu Bulu|48/100
|-damage|p2a: Tapu Bulu|36/100|[from] Stealth Rock
|-fieldstart|move: Grassy Terrain|[from] ability: Grassy Surge|[of] p2a: Tapu Bulu
|move|p1a: Enten|U-turn|p2a: Tapu Bulu
|-crit|p2a: Tapu Bulu
|-damage|p2a: Tapu Bulu|3/100
|j| dsfce
|
|t:|1666426220
|switch|p1a: Phantom|Rotom-Wash, shiny|21/100|[from]move: U-turn
|
|-heal|p1a: Phantom|27/100|[from] item: Leftovers
|-heal|p2a: Tapu Bulu|9/100|[from] Grassy Terrain
|upkeep
|turn|25
|l| dsfce
|
|t:|1666426226
|move|p1a: Phantom|Volt Switch|p2a: Tapu Bulu
|-resisted|p2a: Tapu Bulu
|-damage|p2a: Tapu Bulu|0 fnt
|faint|p2a: Tapu Bulu
|
|t:|1666426240
|switch|p1a: Enten|Landorus-Therian, M, shiny|83/100|[from]move: Volt Switch
|
|-heal|p1a: Enten|89/100|[from] item: Leftovers
|upkeep
|
|t:|1666426247
|switch|p2a: Swampert|Swampert, F|83/100
|-damage|p2a: Swampert|77/100|[from] Stealth Rock
|turn|26
|inactive|quixana has 120 seconds left.
|
|t:|1666426282
|move|p1a: Enten|U-turn|p2a: Swampert
|-damage|p2a: Swampert|59/100
|
|t:|1666426288
|switch|p1a: Leviathan|Dragapult, M, shiny|56/100|[from]move: U-turn
|-damage|p1a: Leviathan|44/100|[from] Spikes
|move|p2a: Swampert|Flip Turn|p1a: Leviathan
|-resisted|p1a: Leviathan
|-damage|p1a: Leviathan|28/100
|
|t:|1666426295
|switch|p2a: Excadrill|Excadrill, M|97/100|[from]move: Flip Turn
|-damage|p2a: Excadrill|94/100|[from] Stealth Rock
|-ability|p2a: Excadrill|Mold Breaker
|
|-heal|p2a: Excadrill|100/100|[from] Grassy Terrain
|-heal|p1a: Leviathan|34/100|[from] Grassy Terrain
|upkeep
|turn|27
|inactive|quixana has 120 seconds left.
|
|t:|1666426304
|switch|p1a: Enten|Landorus-Therian, M, shiny|89/100
|-ability|p1a: Enten|Intimidate|boost
|-unboost|p2a: Excadrill|atk|1
|move|p2a: Excadrill|Iron Head|p1a: Enten
|-damage|p1a: Enten|63/100
|
|-heal|p1a: Enten|69/100|[from] item: Leftovers
|upkeep
|turn|28
|
|t:|1666426317
|switch|p2a: Swampert|Swampert, F|59/100
|-damage|p2a: Swampert|53/100|[from] Stealth Rock
|move|p1a: Enten|Defog|p2a: Swampert
|-unboost|p2a: Swampert|evasion|1
|-sideend|p2: ParaDocs|Stealth Rock|[from] move: Defog|[of] p1a: Enten
|-sideend|p1: quixana|Spikes|[from] move: Defog|[of] p1a: Enten
|-fieldend|move: Grassy Terrain
|
|-heal|p1a: Enten|75/100|[from] item: Leftovers
|-heal|p2a: Swampert|59/100|[from] item: Leftovers
|upkeep
|turn|29
|inactive|quixana has 120 seconds left.
|
|t:|1666426338
|move|p1a: Enten|U-turn|p2a: Swampert
|-damage|p2a: Swampert|43/100
|
|t:|1666426342
|switch|p1a: Phantom|Rotom-Wash, shiny|27/100|[from]move: U-turn
|move|p2a: Swampert|Flip Turn|p1a: Phantom
|-resisted|p1a: Phantom
|-crit|p1a: Phantom
|-damage|p1a: Phantom|3/100
|
|t:|1666426349
|switch|p2a: Excadrill|Excadrill, M|100/100|[from]move: Flip Turn
|-ability|p2a: Excadrill|Mold Breaker
|
|-heal|p1a: Phantom|9/100|[from] item: Leftovers
|upkeep
|turn|30
|
|t:|1666426356
|switch|p1a: Enten|Landorus-Therian, M, shiny|75/100
|-ability|p1a: Enten|Intimidate|boost
|-unboost|p2a: Excadrill|atk|1
|move|p2a: Excadrill|Rapid Spin|p1a: Enten
|-damage|p1a: Enten|64/100
|-boost|p2a: Excadrill|spe|1
|
|-heal|p1a: Enten|70/100|[from] item: Leftovers
|upkeep
|turn|31
|
|t:|1666426361
|move|p2a: Excadrill|Rapid Spin|p1a: Enten
|-damage|p1a: Enten|58/100
|-boost|p2a: Excadrill|spe|1
|move|p1a: Enten|Earthquake|p2a: Excadrill
|-supereffective|p2a: Excadrill
|-damage|p2a: Excadrill|0 fnt
|faint|p2a: Excadrill
|
|-heal|p1a: Enten|64/100|[from] item: Leftovers
|upkeep
|
|t:|1666426365
|switch|p2a: Swampert|Swampert, F|43/100
|turn|32
|
|t:|1666426372
|move|p1a: Enten|U-turn|p2a: Swampert
|-damage|p2a: Swampert|24/100
|
|t:|1666426379
|switch|p1a: Fate|Melmetal, shiny|47/100 par|[from]move: U-turn
|move|p2a: Swampert|Flip Turn|p1a: Fate
|-damage|p1a: Fate|30/100 par
|
|t:|1666426383
|switch|p2a: Heatran|Heatran, M|100/100|[from]move: Flip Turn
|
|upkeep
|turn|33
|
|t:|1666426389
|move|p2a: Heatran|Magma Storm|p1a: Fate
|-supereffective|p1a: Fate
|-damage|p1a: Fate|0 fnt
|faint|p1a: Fate
|
|upkeep
|
|t:|1666426392
|switch|p1a: Enten|Landorus-Therian, M, shiny|64/100
|-ability|p1a: Enten|Intimidate|boost
|-unboost|p2a: Heatran|atk|1
|turn|34
|
|t:|1666426400
|move|p2a: Heatran|Magma Storm|p1a: Enten
|-damage|p1a: Enten|27/100
|-activate|p1a: Enten|move: Magma Storm|[of] p2a: Heatran
|move|p1a: Enten|Earthquake|p2a: Heatran
|-supereffective|p2a: Heatran
|-damage|p2a: Heatran|0 fnt
|faint|p2a: Heatran
|
|-heal|p1a: Enten|33/100|[from] item: Leftovers
|-end|p1a: Enten|Magma Storm|[partiallytrapped]|[silent]
|upkeep
|
|t:|1666426406
|switch|p2a: Swampert|Swampert, F|24/100
|turn|35
|
|t:|1666426412
|move|p1a: Enten|Earthquake|p2a: Swampert
|-damage|p2a: Swampert|0 fnt
|faint|p2a: Swampert
|
|-heal|p1a: Enten|39/100|[from] item: Leftovers
|upkeep
|c|☆ParaDocs|gg
|
|t:|1666426425
|switch|p2a: Blissey|Blissey, F|90/100
|turn|36
|
|t:|1666426443
|move|p1a: Enten|Earthquake|p2a: Blissey
|-damage|p2a: Blissey|53/100
|move|p2a: Blissey|Seismic Toss|p1a: Enten
|-damage|p1a: Enten|13/100
|
|-heal|p1a: Enten|19/100|[from] item: Leftovers
|upkeep
|turn|37
|
|t:|1666426448
|move|p1a: Enten|Earthquake|p2a: Blissey
|-damage|p2a: Blissey|9/100
|move|p2a: Blissey|Soft-Boiled|p2a: Blissey
|-heal|p2a: Blissey|59/100
|
|-heal|p1a: Enten|25/100|[from] item: Leftovers
|upkeep
|turn|38
|
|t:|1666426451
|move|p1a: Enten|Earthquake|p2a: Blissey
|-damage|p2a: Blissey|16/100
|move|p2a: Blissey|Soft-Boiled|p2a: Blissey
|-heal|p2a: Blissey|66/100
|
|-heal|p1a: Enten|31/100|[from] item: Leftovers
|upkeep
|turn|39
|
|t:|1666426463
|move|p1a: Enten|Earthquake|p2a: Blissey
|-damage|p2a: Blissey|23/100
|move|p2a: Blissey|Soft-Boiled|p2a: Blissey
|-heal|p2a: Blissey|73/100
|
|-heal|p1a: Enten|37/100|[from] item: Leftovers
|upkeep
|turn|40
|
|t:|1666426468
|move|p1a: Enten|Earthquake|p2a: Blissey
|-damage|p2a: Blissey|29/100
|move|p2a: Blissey|Soft-Boiled|p2a: Blissey
|-heal|p2a: Blissey|79/100
|
|-heal|p1a: Enten|43/100|[from] item: Leftovers
|upkeep
|turn|41
|
|t:|1666426481
|move|p1a: Enten|Earthquake|p2a: Blissey
|-damage|p2a: Blissey|40/100
|move|p2a: Blissey|Soft-Boiled|p2a: Blissey
|-heal|p2a: Blissey|90/100
|
|-heal|p1a: Enten|49/100|[from] item: Leftovers
|upkeep
|turn|42
|
|t:|1666426488
|move|p1a: Enten|Earthquake|p2a: Blissey
|-damage|p2a: Blissey|49/100
|move|p2a: Blissey|Seismic Toss|p1a: Enten
|-damage|p1a: Enten|23/100
|
|-heal|p1a: Enten|29/100|[from] item: Leftovers
|upkeep
|turn|43
|
|t:|1666426495
|move|p1a: Enten|Earthquake|p2a: Blissey
|-damage|p2a: Blissey|9/100
|move|p2a: Blissey|Soft-Boiled|p2a: Blissey
|-heal|p2a: Blissey|59/100
|
|-heal|p1a: Enten|35/100|[from] item: Leftovers
|upkeep
|turn|44
|
|t:|1666426503
|move|p1a: Enten|Earthquake|p2a: Blissey
|-damage|p2a: Blissey|21/100
|move|p2a: Blissey|Soft-Boiled|p2a: Blissey
|-heal|p2a: Blissey|71/100
|
|-heal|p1a: Enten|41/100|[from] item: Leftovers
|upkeep
|turn|45
|
|t:|1666426506
|move|p1a: Enten|Earthquake|p2a: Blissey
|-damage|p2a: Blissey|32/100
|move|p2a: Blissey|Soft-Boiled|p2a: Blissey
|-heal|p2a: Blissey|82/100
|
|-heal|p1a: Enten|47/100|[from] item: Leftovers
|upkeep
|turn|46
|
|t:|1666426511
|move|p1a: Enten|Earthquake|p2a: Blissey
|-damage|p2a: Blissey|42/100
|move|p2a: Blissey|Soft-Boiled|p2a: Blissey
|-heal|p2a: Blissey|92/100
|
|-heal|p1a: Enten|53/100|[from] item: Leftovers
|upkeep
|turn|47
|
|t:|1666426518
|move|p1a: Enten|Earthquake|p2a: Blissey
|-damage|p2a: Blissey|47/100
|move|p2a: Blissey|Seismic Toss|p1a: Enten
|-damage|p1a: Enten|27/100
|
|-heal|p1a: Enten|33/100|[from] item: Leftovers
|upkeep
|turn|48
|
|t:|1666426526
|move|p1a: Enten|Defog|p2a: Blissey
|-unboost|p2a: Blissey|evasion|1
|move|p2a: Blissey|Soft-Boiled|p2a: Blissey
|-heal|p2a: Blissey|97/100
|
|-heal|p1a: Enten|39/100|[from] item: Leftovers
|upkeep
|turn|49
|
|t:|1666426533
|move|p1a: Enten|Defog|p2a: Blissey
|-unboost|p2a: Blissey|evasion|1
|move|p2a: Blissey|Seismic Toss|p1a: Enten
|-damage|p1a: Enten|13/100
|
|-heal|p1a: Enten|19/100|[from] item: Leftovers
|upkeep
|turn|50
|
|t:|1666426542
|move|p1a: Enten|U-turn|p2a: Blissey
|-damage|p2a: Blissey|78/100
|
|t:|1666426544
|switch|p1a: Leviathan|Dragapult, M, shiny|34/100|[from]move: U-turn
|move|p2a: Blissey|Seismic Toss|p1a: Leviathan
|-immune|p1a: Leviathan
|
|upkeep
|turn|51
|
|t:|1666426548
|move|p1a: Leviathan|U-turn|p2a: Blissey
|-damage|p2a: Blissey|63/100
|
|t:|1666426550
|switch|p1a: Enten|Landorus-Therian, M, shiny|19/100|[from]move: U-turn
|-ability|p1a: Enten|Intimidate|boost
|-unboost|p2a: Blissey|atk|1
|move|p2a: Blissey|Thunder Wave|p1a: Enten
|-immune|p1a: Enten
|
|-heal|p1a: Enten|25/100|[from] item: Leftovers
|upkeep
|turn|52
|
|t:|1666426558
|move|p1a: Enten|Defog|p2a: Blissey
|-unboost|p2a: Blissey|evasion|1
|move|p2a: Blissey|Soft-Boiled|p2a: Blissey
|-heal|p2a: Blissey|100/100
|
|-heal|p1a: Enten|31/100|[from] item: Leftovers
|upkeep
|turn|53
|
|t:|1666426568
|move|p1a: Enten|Defog|p2a: Blissey
|-unboost|p2a: Blissey|evasion|1
|move|p2a: Blissey|Thunder Wave|p1a: Enten
|-immune|p1a: Enten
|
|-heal|p1a: Enten|37/100|[from] item: Leftovers
|upkeep
|turn|54
|
|t:|1666426573
|move|p1a: Enten|Stealth Rock|p2a: Blissey
|-sidestart|p2: ParaDocs|move: Stealth Rock
|move|p2a: Blissey|Thunder Wave|p1a: Enten
|-immune|p1a: Enten
|
|-heal|p1a: Enten|43/100|[from] item: Leftovers
|upkeep
|turn|55
|
|t:|1666426577
|move|p1a: Enten|Defog|p2a: Blissey
|-unboost|p2a: Blissey|evasion|1
|-sideend|p2: ParaDocs|Stealth Rock|[from] move: Defog|[of] p1a: Enten
|move|p2a: Blissey|Seismic Toss|p1a: Enten
|-damage|p1a: Enten|17/100
|
|-heal|p1a: Enten|23/100|[from] item: Leftovers
|upkeep
|turn|56
|
|t:|1666426582
|move|p1a: Enten|Stealth Rock|p2a: Blissey
|-sidestart|p2: ParaDocs|move: Stealth Rock
|move|p2a: Blissey|Thunder Wave|p1a: Enten
|-immune|p1a: Enten
|
|-heal|p1a: Enten|29/100|[from] item: Leftovers
|upkeep
|turn|57
|
|t:|1666426590
|move|p1a: Enten|Defog|p2a: Blissey
|-unboost|p2a: Blissey|evasion|1
|-sideend|p2: ParaDocs|Stealth Rock|[from] move: Defog|[of] p1a: Enten
|move|p2a: Blissey|Seismic Toss|p1a: Enten
|-damage|p1a: Enten|3/100
|
|-heal|p1a: Enten|9/100|[from] item: Leftovers
|upkeep
|turn|58
|
|t:|1666426595
|move|p1a: Enten|Stealth Rock|p2a: Blissey
|-sidestart|p2: ParaDocs|move: Stealth Rock
|move|p2a: Blissey|Seismic Toss|p1a: Enten
|-damage|p1a: Enten|0 fnt
|faint|p1a: Enten
|
|upkeep
|
|t:|1666426598
|switch|p1a: Phantom|Rotom-Wash, shiny|9/100
|turn|59
|
|t:|1666426602
|move|p1a: Phantom|Pain Split|p2a: Blissey
|-sethp|p2a: Blissey|52/100|[from] move: Pain Split|[silent]
|-sethp|p1a: Phantom|100/100|[from] move: Pain Split
|move|p2a: Blissey|Thunder Wave|p1a: Phantom
|-immune|p1a: Phantom
|
|upkeep
|turn|60
|c|☆ParaDocs|the counter
|
|t:|1666426617
|move|p1a: Phantom|Nasty Plot|p1a: Phantom
|-boost|p1a: Phantom|spa|2
|move|p2a: Blissey|Thunder Wave|p1a: Phantom
|-immune|p1a: Phantom
|
|upkeep
|turn|61
|c|☆quixana|lol
|
|t:|1666426623
|move|p1a: Phantom|Nasty Plot|p1a: Phantom
|-boost|p1a: Phantom|spa|2
|move|p2a: Blissey|Thunder Wave|p1a: Phantom
|-immune|p1a: Phantom
|
|upkeep
|turn|62
|
|t:|1666426627
|move|p1a: Phantom|Nasty Plot|p1a: Phantom
|-boost|p1a: Phantom|spa|2
|move|p2a: Blissey|Thunder Wave|p1a: Phantom
|-immune|p1a: Phantom
|
|upkeep
|turn|63
|
|t:|1666426635
|move|p1a: Phantom|Hydro Pump|p2a: Blissey
|-damage|p2a: Blissey|0 fnt
|faint|p2a: Blissey
|
|win|quixana
|n|☆quixana|quixana
|n|☆ParaDocs|paradocs
|n|+moondazing|moondazing
|c|☆ParaDocs|accurate hydros
|c|☆quixana|gg
