|j|☆2(H2O)-Alt
|j|☆50kA1
|t:|1655347449
|gametype|singles
|player|p1|2(H2O)-Alt|lady|1580
|player|p2|50kA1|2|1626
|teamsize|p1|6
|teamsize|p2|6
|gen|8
|tier|[Gen 8] OU
|rated|
|rule|Sleep Clause Mod: Limit one foe put to sleep
|rule|Species Clause: Limit one of each Pokémon
|rule|OHKO Clause: OHKO moves are banned
|rule|Evasion Moves Clause: Evasion moves are banned
|rule|Endless Battle Clause: Forcing endless battles is banned
|rule|HP Percentage Mod: HP is shown in percentages
|rule|Dynamax Clause: You cannot dynamax
|clearpoke
|poke|p1|Alakazam, M|
|poke|p1|Toxapex, M|
|poke|p1|Dragapult, M|
|poke|p1|Magnezone|
|poke|p1|Heatran, M|
|poke|p1|Landorus-Therian, M|
|poke|p2|Pelipper, M|
|poke|p2|Barraskewda, F|
|poke|p2|Seismitoad, M|
|poke|p2|Ferrothorn, M|
|poke|p2|Tapu Lele|
|poke|p2|Toxtricity, F|
|teampreview
|inactive|Battle timer is ON: inactive players will automatically lose when time's up. (requested by 50kA1)
|
|t:|1655347466
|start
|switch|p1a: Dragapult|Dragapult, M|100/100
|switch|p2a: Pelipper|Pelipper, M|100/100
|-weather|RainDance|[from] ability: Drizzle|[of] p2a: Pelipper
|turn|1
|
|t:|1655347471
|switch|p2a: Ferrothorn|Ferrothorn, M|100/100
|move|p1a: Dragapult|Shadow Ball|p2a: Ferrothorn
|-damage|p2a: Ferrothorn|58/100
|
|-weather|RainDance|[upkeep]
|upkeep
|turn|2
|
|t:|1655347479
|move|p1a: Dragapult|Shadow Ball|p2a: Ferrothorn
|-damage|p2a: Ferrothorn|11/100
|move|p2a: Ferrothorn|Stealth Rock|p1a: Dragapult
|-sidestart|p1: 2(H2O)-Alt|move: Stealth Rock
|
|-weather|RainDance|[upkeep]
|upkeep
|turn|3
|j| LT_Alt1
|j| G37 $um 144
|
|t:|1655347486
|move|p1a: Dragapult|Shadow Ball|p2a: Ferrothorn
|-crit|p2a: Ferrothorn
|-damage|p2a: Ferrothorn|0 fnt
|faint|p2a: Ferrothorn
|
|-weather|RainDance|[upkeep]
|upkeep
|
|t:|1655347491
|switch|p2a: Barraskewda|Barraskewda, F|100/100
|turn|4
|
|t:|1655347496
|switch|p1a: Toxapex|Toxapex, M|100/100
|-damage|p1a: Toxapex|88/100|[from] Stealth Rock
|move|p2a: Barraskewda|Crunch|p1a: Toxapex
|-crit|p1a: Toxapex
|-damage|p1a: Toxapex|49/100
|-enditem|p1a: Toxapex|Eject Button
|
|t:|1655347506
|switch|p1a: Landorus|Landorus-Therian, M|100/100
|-damage|p1a: Landorus|88/100|[from] Stealth Rock
|-ability|p1a: Landorus|Intimidate|boost
|-unboost|p2a: Barraskewda|atk|1
|
|-weather|RainDance|[upkeep]
|-heal|p1a: Landorus|94/100|[from] item: Leftovers
|upkeep
|turn|5
|
|t:|1655347513
|switch|p2a: Seismitoad|Seismitoad, M|100/100
|move|p1a: Landorus|Stealth Rock|p2a: Seismitoad
|-sidestart|p2: 50kA1|move: Stealth Rock
|
|-weather|RainDance|[upkeep]
|-heal|p1a: Landorus|99/100|[from] item: Leftovers
|upkeep
|turn|6
|
|t:|1655347523
|move|p2a: Seismitoad|Weather Ball|p1a: Landorus
|-supereffective|p1a: Landorus
|-damage|p1a: Landorus|0 fnt
|faint|p1a: Landorus
|
|-weather|RainDance|[upkeep]
|upkeep
|
|t:|1655347534
|switch|p1a: Toxapex|Toxapex, M|82/100
|-damage|p1a: Toxapex|70/100|[from] Stealth Rock
|turn|7
|
|t:|1655347536
|switch|p2a: Toxtricity|Toxtricity, F|100/100
|-damage|p2a: Toxtricity|88/100|[from] Stealth Rock
|switch|p1a: Heatran|Heatran, M|100/100
|-damage|p1a: Heatran|88/100|[from] Stealth Rock
|
|-weather|RainDance|[upkeep]
|-heal|p1a: Heatran|94/100|[from] item: Leftovers
|upkeep
|turn|8
|
|t:|1655347540
|move|p2a: Toxtricity|Overdrive|p1a: Heatran
|-damage|p1a: Heatran|43/100
|move|p1a: Heatran|Earth Power|p2a: Toxtricity
|-supereffective|p2a: Toxtricity
|-damage|p2a: Toxtricity|0 fnt
|faint|p2a: Toxtricity
|
|-weather|none
|-heal|p1a: Heatran|49/100|[from] item: Leftovers
|upkeep
|
|t:|1655347544
|switch|p2a: Barraskewda|Barraskewda, F|100/100
|-damage|p2a: Barraskewda|88/100|[from] Stealth Rock
|turn|9
|
|t:|1655347547
|switch|p1a: Toxapex|Toxapex, M|100/100
|-damage|p1a: Toxapex|88/100|[from] Stealth Rock
|move|p2a: Barraskewda|Flip Turn|p1a: Toxapex
|-resisted|p1a: Toxapex
|-damage|p1a: Toxapex|74/100
|
|t:|1655347549
|switch|p2a: Pelipper|Pelipper, M|100/100|[from]move: Flip Turn
|-damage|p2a: Pelipper|76/100|[from] Stealth Rock
|-weather|RainDance|[from] ability: Drizzle|[of] p2a: Pelipper
|
|-weather|RainDance|[upkeep]
|upkeep
|turn|10
|
|t:|1655347553
|switch|p1a: Magnezone|Magnezone|100/100
|-damage|p1a: Magnezone|94/100|[from] Stealth Rock
|move|p2a: Pelipper|U-turn|p1a: Magnezone
|-resisted|p1a: Magnezone
|-damage|p1a: Magnezone|91/100
|
|t:|1655347560
|switch|p2a: Seismitoad|Seismitoad, M|100/100|[from]move: U-turn
|-damage|p2a: Seismitoad|95/100|[from] Stealth Rock
|
|-weather|RainDance|[upkeep]
|-heal|p1a: Magnezone|97/100|[from] item: Leftovers
|upkeep
|turn|11
|
|t:|1655347565
|move|p2a: Seismitoad|Earth Power|p1a: Magnezone
|-supereffective|p1a: Magnezone
|-damage|p1a: Magnezone|0 fnt
|faint|p1a: Magnezone
|
|-weather|RainDance|[upkeep]
|upkeep
|
|t:|1655347568
|switch|p1a: Dragapult|Dragapult, M|100/100
|-damage|p1a: Dragapult|88/100|[from] Stealth Rock
|turn|12
|
|t:|1655347572
|move|p2a: Seismitoad|Earth Power|p1a: Dragapult
|-damage|p1a: Dragapult|15/100
|move|p1a: Dragapult|Shadow Ball|p2a: Seismitoad
|-damage|p2a: Seismitoad|35/100
|
|-weather|RainDance|[upkeep]
|upkeep
|turn|13
|-message|2(H2O)-Alt forfeited.
|
|win|50kA1
|raw|2(H2O)-Alt's rating: 1580 &rarr; <strong>1563</strong><br />(-17 for losing)
|raw|50kA1's rating: 1626 &rarr; <strong>1643</strong><br />(+17 for winning)
|l|☆2(H2O)-Alt
|l|☆50kA1
|l| LT_Alt1
