|j|☆LT94JE Allistair
|j|☆Meroz
|t:|1662815928
|gametype|singles
|player|p1|LT94JE Allistair|2|1752
|player|p2|Meroz|2|1757
|teamsize|p1|6
|teamsize|p2|6
|gen|8
|tier|[Gen 8] OU
|rated|
|rule|Sleep Clause Mod: Limit one foe put to sleep
|rule|Species Clause: Limit one of each Pokémon
|rule|OHKO Clause: OHKO moves are banned
|rule|Evasion Items Clause: Evasion items are banned
|rule|Evasion Moves Clause: Evasion moves are banned
|rule|Endless Battle Clause: Forcing endless battles is banned
|rule|HP Percentage Mod: HP is shown in percentages
|rule|Dynamax Clause: You cannot dynamax
|clearpoke
|poke|p1|Mew|
|poke|p1|Slurpuff, F|
|poke|p1|Nidoking, M|
|poke|p1|Jirachi|
|poke|p1|Weavile, F|
|poke|p1|Tapu Lele|
|poke|p2|Urshifu-*, M|
|poke|p2|Kartana|
|poke|p2|Nidoking, M|
|poke|p2|Corviknight, M|
|poke|p2|Tyranitar, M|
|poke|p2|Clefable, F|
|teampreview
|
|t:|1662815935
|start
|switch|p1a: Slurpuff|Slurpuff, F|100/100
|switch|p2a: Tyranitar|Tyranitar, M|100/100
|-weather|Sandstorm|[from] ability: Sand Stream|[of] p2a: Tyranitar
|turn|1
|inactive|Battle timer is ON: inactive players will automatically lose when time's up. (requested by Meroz)
|
|t:|1662815940
|move|p1a: Slurpuff|Sticky Web|p2a: Tyranitar
|-sidestart|p2: Meroz|move: Sticky Web
|move|p2a: Tyranitar|Stealth Rock|p1a: Slurpuff
|-sidestart|p1: LT94JE Allistair|move: Stealth Rock
|
|-weather|Sandstorm|[upkeep]
|-damage|p1a: Slurpuff|94/100|[from] Sandstorm
|upkeep
|turn|2
|
|t:|1662815943
|move|p1a: Slurpuff|Yawn|p2a: Tyranitar
|-start|p2a: Tyranitar|move: Yawn|[of] p1a: Slurpuff
|move|p2a: Tyranitar|Rock Blast|p1a: Slurpuff|[miss]
|-miss|p2a: Tyranitar|p1a: Slurpuff
|
|-weather|Sandstorm|[upkeep]
|-damage|p1a: Slurpuff|88/100|[from] Sandstorm
|upkeep
|turn|3
|
|t:|1662815948
|switch|p2a: Clefable|Clefable, F|100/100
|-activate|p2a: Clefable|move: Sticky Web
|-unboost|p2a: Clefable|spe|1
|move|p1a: Slurpuff|Yawn|p2a: Clefable
|-start|p2a: Clefable|move: Yawn|[of] p1a: Slurpuff
|
|-weather|Sandstorm|[upkeep]
|-damage|p1a: Slurpuff|82/100|[from] Sandstorm
|upkeep
|turn|4
|
|t:|1662815955
|switch|p2a: Corviknight|Corviknight, M|100/100
|-ability|p2a: Corviknight|Pressure
|move|p1a: Slurpuff|Misty Explosion|p2a: Corviknight
|-resisted|p2a: Corviknight
|-damage|p2a: Corviknight|87/100
|faint|p1a: Slurpuff
|
|-weather|Sandstorm|[upkeep]
|upkeep
|j| fantominus83
|
|t:|1662815976
|switch|p1a: Nidoking|Nidoking, M|100/100
|-damage|p1a: Nidoking|95/100|[from] Stealth Rock
|turn|5
|j| AKWQE
|
|t:|1662816002
|move|p1a: Nidoking|Taunt|p2a: Corviknight
|-start|p2a: Corviknight|move: Taunt
|cant|p2a: Corviknight|move: Taunt|Defog
|
|-weather|none
|upkeep
|turn|6
|
|t:|1662816007
|switch|p2a: Clefable|Clefable, F|100/100
|-activate|p2a: Clefable|move: Sticky Web
|-unboost|p2a: Clefable|spe|1
|move|p1a: Nidoking|Flamethrower|p2a: Clefable
|-damage|p2a: Clefable|62/100
|
|-heal|p2a: Clefable|68/100|[from] item: Leftovers
|upkeep
|turn|7
|
|t:|1662816017
|move|p1a: Nidoking|Earth Power|p2a: Clefable
|-damage|p2a: Clefable|10/100
|move|p2a: Clefable|Knock Off|p1a: Nidoking
|-damage|p1a: Nidoking|70/100
|-enditem|p1a: Nidoking|Life Orb|[from] move: Knock Off|[of] p2a: Clefable
|
|-heal|p2a: Clefable|16/100|[from] item: Leftovers
|upkeep
|turn|8
|
|t:|1662816023
|move|p1a: Nidoking|Ice Beam|p2a: Clefable
|-damage|p2a: Clefable|0 fnt
|faint|p2a: Clefable
|
|upkeep
|
|t:|1662816031
|switch|p2a: Kartana|Kartana|100/100
|-activate|p2a: Kartana|move: Sticky Web
|-unboost|p2a: Kartana|spe|1
|turn|9
|
|t:|1662816038
|move|p2a: Kartana|Leaf Blade|p1a: Nidoking
|-damage|p1a: Nidoking|0 fnt
|faint|p1a: Nidoking
|-ability|p2a: Kartana|Beast Boost|boost
|-boost|p2a: Kartana|atk|1
|
|upkeep
|j| Maxouille
|j| Bhowli
|
|t:|1662816056
|switch|p1a: Weavile|Weavile, F|100/100
|-ability|p1a: Weavile|Pressure
|turn|10
|
|t:|1662816060
|move|p1a: Weavile|Knock Off|p2a: Kartana
|-damage|p2a: Kartana|50/100
|-enditem|p2a: Kartana|Choice Scarf|[from] move: Knock Off|[of] p1a: Weavile
|move|p2a: Kartana|Leaf Blade|p1a: Weavile
|-damage|p1a: Weavile|0 fnt
|faint|p1a: Weavile
|-ability|p2a: Kartana|Beast Boost|boost
|-boost|p2a: Kartana|atk|1
|
|upkeep
|
|t:|1662816071
|switch|p1a: Jirachi|Jirachi|100/100
|-damage|p1a: Jirachi|94/100|[from] Stealth Rock
|turn|11
|j| jamaalh625
|
|t:|1662816075
|move|p1a: Jirachi|Aura Sphere|p2a: Kartana
|-supereffective|p2a: Kartana
|-damage|p2a: Kartana|0 fnt
|faint|p2a: Kartana
|
|upkeep
|
|t:|1662816082
|switch|p2a: Corviknight|Corviknight, M|87/100
|-ability|p2a: Corviknight|Pressure
|turn|12
|
|t:|1662816085
|move|p1a: Jirachi|Cosmic Power|p1a: Jirachi
|-boost|p1a: Jirachi|def|1
|-boost|p1a: Jirachi|spd|1
|move|p2a: Corviknight|Defog|p1a: Jirachi
|-unboost|p1a: Jirachi|evasion|1
|-sideend|p1: LT94JE Allistair|Stealth Rock|[from] move: Defog|[of] p2a: Corviknight
|-sideend|p2: Meroz|Sticky Web|[from] move: Defog|[of] p2a: Corviknight
|
|upkeep
|turn|13
|
|t:|1662816094
|move|p1a: Jirachi|Cosmic Power|p1a: Jirachi
|-boost|p1a: Jirachi|def|1
|-boost|p1a: Jirachi|spd|1
|move|p2a: Corviknight|Iron Defense|p2a: Corviknight
|-boost|p2a: Corviknight|def|2
|
|upkeep
|turn|14
|
|t:|1662816098
|move|p1a: Jirachi|Cosmic Power|p1a: Jirachi
|-boost|p1a: Jirachi|def|1
|-boost|p1a: Jirachi|spd|1
|move|p2a: Corviknight|Iron Defense|p2a: Corviknight
|-boost|p2a: Corviknight|def|2
|
|upkeep
|turn|15
|
|t:|1662816100
|move|p1a: Jirachi|Cosmic Power|p1a: Jirachi
|-boost|p1a: Jirachi|def|1
|-boost|p1a: Jirachi|spd|1
|move|p2a: Corviknight|Iron Defense|p2a: Corviknight
|-boost|p2a: Corviknight|def|2
|
|upkeep
|turn|16
|l| Bhowli
|
|t:|1662816104
|move|p1a: Jirachi|Wish|p1a: Jirachi
|move|p2a: Corviknight|Body Press|p1a: Jirachi
|-damage|p1a: Jirachi|64/100
|
|upkeep
|turn|17
|
|t:|1662816106
|move|p1a: Jirachi|Cosmic Power|p1a: Jirachi
|-boost|p1a: Jirachi|def|1
|-boost|p1a: Jirachi|spd|1
|move|p2a: Corviknight|Body Press|p1a: Jirachi
|-damage|p1a: Jirachi|38/100
|
|-heal|p1a: Jirachi|88/100|[from] move: Wish|[wisher] Jirachi
|upkeep
|turn|18
|
|t:|1662816112
|move|p1a: Jirachi|Cosmic Power|p1a: Jirachi
|-boost|p1a: Jirachi|def|1
|-boost|p1a: Jirachi|spd|1
|move|p2a: Corviknight|Body Press|p1a: Jirachi
|-damage|p1a: Jirachi|64/100
|
|upkeep
|turn|19
|
|t:|1662816114
|move|p1a: Jirachi|Wish|p1a: Jirachi
|move|p2a: Corviknight|Body Press|p1a: Jirachi
|-damage|p1a: Jirachi|42/100
|
|upkeep
|turn|20
|
|t:|1662816117
|move|p1a: Jirachi|Stored Power|p2a: Corviknight
|-resisted|p2a: Corviknight
|-damage|p2a: Corviknight|41/100
|move|p2a: Corviknight|Body Press|p1a: Jirachi
|-damage|p1a: Jirachi|17/100
|
|-heal|p1a: Jirachi|67/100|[from] move: Wish|[wisher] Jirachi
|upkeep
|turn|21
|
|t:|1662816122
|move|p1a: Jirachi|Stored Power|p2a: Corviknight
|-resisted|p2a: Corviknight
|-damage|p2a: Corviknight|0 fnt
|faint|p2a: Corviknight
|
|upkeep
|
|t:|1662816125
|switch|p2a: Urshifu|Urshifu-Rapid-Strike, M|100/100
|turn|22
|
|t:|1662816127
|move|p1a: Jirachi|Stored Power|p2a: Urshifu
|-supereffective|p2a: Urshifu
|-damage|p2a: Urshifu|0 fnt
|faint|p2a: Urshifu
|
|upkeep
|
|t:|1662816133
|switch|p2a: Tyranitar|Tyranitar, M|100/100
|-weather|Sandstorm|[from] ability: Sand Stream|[of] p2a: Tyranitar
|turn|23
|
|t:|1662816140
|move|p1a: Jirachi|Wish|p1a: Jirachi
|move|p2a: Tyranitar|Earthquake|p1a: Jirachi
|-supereffective|p1a: Jirachi
|-damage|p1a: Jirachi|52/100
|-enditem|p1a: Jirachi|Weakness Policy
|-boost|p1a: Jirachi|atk|2|[from] item: Weakness Policy
|-boost|p1a: Jirachi|spa|2|[from] item: Weakness Policy
|
|-weather|Sandstorm|[upkeep]
|upkeep
|turn|24
|
|t:|1662816152
|move|p1a: Jirachi|Aura Sphere|p2a: Tyranitar
|-supereffective|p2a: Tyranitar
|-damage|p2a: Tyranitar|32/100
|move|p2a: Tyranitar|Earthquake|p1a: Jirachi
|-supereffective|p1a: Jirachi
|-damage|p1a: Jirachi|39/100
|
|-weather|Sandstorm|[upkeep]
|-heal|p1a: Jirachi|89/100|[from] move: Wish|[wisher] Jirachi
|-heal|p2a: Tyranitar|38/100|[from] item: Leftovers
|upkeep
|turn|25
|-message|Meroz forfeited.
|
|win|LT94JE Allistair
|raw|LT94JE Allistair's rating: 1752 &rarr; <strong>1772</strong><br />(+20 for winning)
|raw|Meroz's rating: 1757 &rarr; <strong>1737</strong><br />(-20 for losing)
|l|☆Meroz
|l|☆LT94JE Allistair
|l| fantominus83
|l| AKWQE
||Ladder isn't responding, score probably updated but might not have (Request timeout).
