|j|☆LudwigFrog
|j|☆Treasvon69
|t:|1635721409
|gametype|singles
|player|p1|LudwigFrog|hilbert-wonderlauncher|
|player|p2|Treasvon69|nate|
|teamsize|p1|6
|teamsize|p2|6
|gen|8
|tier|[Gen 8] OU
|rule|Sleep Clause Mod: Limit one foe put to sleep
|rule|Species Clause: Limit one of each Pokémon
|rule|OHKO Clause: OHKO moves are banned
|rule|Evasion Moves Clause: Evasion moves are banned
|rule|Endless Battle Clause: Forcing endless battles is banned
|rule|HP Percentage Mod: HP is shown in percentages
|rule|Dynamax Clause: You cannot dynamax
|clearpoke
|poke|p1|Slowbro, F|
|poke|p1|Weavile, M|
|poke|p1|Landorus-Therian, M|
|poke|p1|Urshifu-*, M|
|poke|p1|Ferrothorn, M|
|poke|p1|Zapdos|
|poke|p2|Pikachu, M|
|poke|p2|Togekiss, F|
|poke|p2|Grimmsnarl, M|
|poke|p2|Garchomp, M|
|poke|p2|Mimikyu, M|
|poke|p2|Corsola-Galar, M|
|teampreview
|inactive|Battle timer is ON: inactive players will automatically lose when time's up. (requested by LudwigFrog)
|
|t:|1635721437
|start
|switch|p1a: Slowbro|Slowbro, F|100/100
|switch|p2a: Trolololol|Grimmsnarl, M|100/100
|turn|1
|
|t:|1635721441
|move|p2a: Trolololol|Taunt|p1a: Slowbro
|-start|p1a: Slowbro|move: Taunt
|move|p1a: Slowbro|Future Sight|p2a: Trolololol
|-start|p1a: Slowbro|move: Future Sight
|
|upkeep
|turn|2
|
|t:|1635721449
|switch|p1a: Landorus|Landorus-Therian, M|100/100
|-ability|p1a: Landorus|Intimidate|boost
|-unboost|p2a: Trolololol|atk|1
|move|p2a: Trolololol|Light Screen|p2a: Trolololol
|-sidestart|p2: Treasvon69|move: Light Screen
|
|upkeep
|turn|3
|
|t:|1635721460
|move|p2a: Trolololol|Reflect|p2a: Trolololol
|-sidestart|p2: Treasvon69|Reflect
|move|p1a: Landorus|Stealth Rock|p2a: Trolololol
|-sidestart|p2: Treasvon69|move: Stealth Rock
|
|-end|p2a: Trolololol|move: Future Sight
|-immune|p2a: Trolololol
|upkeep
|turn|4
|
|t:|1635721467
|move|p2a: Trolololol|Taunt|p1a: Landorus
|-start|p1a: Landorus|move: Taunt
|move|p1a: Landorus|U-turn|p2a: Trolololol
|-damage|p2a: Trolololol|90/100
|
|t:|1635721469
|switch|p1a: Ferrothorn|Ferrothorn, M|100/100|[from]move: U-turn
|
|upkeep
|turn|5
|
|t:|1635721475
|switch|p2a: Chiaki|Togekiss, F|100/100
|-damage|p2a: Chiaki|75/100|[from] Stealth Rock
|move|p1a: Ferrothorn|Iron Head|p2a: Chiaki
|-supereffective|p2a: Chiaki
|-damage|p2a: Chiaki|47/100
|
|upkeep
|turn|6
|
|t:|1635721483
|switch|p1a: Zapdos|Zapdos|100/100
|move|p2a: Chiaki|Air Slash|p1a: Zapdos
|-resisted|p1a: Zapdos
|-damage|p1a: Zapdos|83/100
|
|upkeep
|turn|7
|
|t:|1635721498
|switch|p2a: Chompers|Garchomp, M|100/100
|-damage|p2a: Chompers|94/100|[from] Stealth Rock
|move|p1a: Zapdos|Volt Switch|p2a: Chompers
|-immune|p2a: Chompers
|
|upkeep
|turn|8
|
|t:|1635721507
|switch|p1a: Slowbro|Slowbro, F|100/100
|move|p2a: Chompers|Rock Tomb|p1a: Slowbro
|-damage|p1a: Slowbro|88/100
|-unboost|p1a: Slowbro|spe|1
|
|upkeep
|turn|9
|
|t:|1635721519
|switch|p2a: Bolty|Pikachu, M|100/100
|-damage|p2a: Bolty|88/100|[from] Stealth Rock
|move|p1a: Slowbro|Future Sight|p2a: Bolty
|-start|p1a: Slowbro|move: Future Sight
|
|-sideend|p2: Treasvon69|move: Light Screen
|upkeep
|turn|10
|
|t:|1635721527
|switch|p2a: Chiaki|Togekiss, F|47/100
|-damage|p2a: Chiaki|22/100|[from] Stealth Rock
|-enditem|p2a: Chiaki|Salac Berry|[eat]
|-boost|p2a: Chiaki|spe|1|[from] item: Salac Berry
|switch|p1a: Landorus|Landorus-Therian, M|100/100
|-ability|p1a: Landorus|Intimidate|boost
|-unboost|p2a: Chiaki|atk|1
|
|-sideend|p2: Treasvon69|Reflect
|upkeep
|turn|11
|
|t:|1635721535
|move|p2a: Chiaki|Air Slash|p1a: Landorus
|-damage|p1a: Landorus|72/100
|move|p1a: Landorus|U-turn|p2a: Chiaki
|-resisted|p2a: Chiaki
|-damage|p2a: Chiaki|17/100
|
|t:|1635721540
|switch|p1a: Urshifu|Urshifu-Rapid-Strike, M|100/100|[from]move: U-turn
|
|-end|p2a: Chiaki|move: Future Sight
|-damage|p2a: Chiaki|0 fnt
|faint|p2a: Chiaki
|upkeep
|
|t:|1635721548
|switch|p2a: Trolololol|Grimmsnarl, M|90/100
|-damage|p2a: Trolololol|78/100|[from] Stealth Rock
|turn|12
|
|t:|1635721555
|move|p2a: Trolololol|Thunder Wave|p1a: Urshifu
|-status|p1a: Urshifu|par
|cant|p1a: Urshifu|par
|
|upkeep
|turn|13
|
|t:|1635721560
|switch|p2a: Chompers|Garchomp, M|94/100
|-damage|p2a: Chompers|88/100|[from] Stealth Rock
|cant|p1a: Urshifu|par
|
|upkeep
|turn|14
|
|t:|1635721565
|switch|p1a: Slowbro|Slowbro, F|100/100
|move|p2a: Chompers|Earthquake|p1a: Slowbro
|-damage|p1a: Slowbro|70/100
|
|upkeep
|turn|15
|
|t:|1635721590
|switch|p2a: Trolololol|Grimmsnarl, M|78/100
|-damage|p2a: Trolololol|65/100|[from] Stealth Rock
|move|p1a: Slowbro|Future Sight|p2a: Trolololol
|-start|p1a: Slowbro|move: Future Sight
|
|upkeep
|turn|16
|
|t:|1635721596
|switch|p1a: Urshifu|Urshifu-Rapid-Strike, M|100/100 par
|move|p2a: Trolololol|Thunder Wave|p1a: Urshifu
|-fail|p1a: Urshifu|par
|
|upkeep
|turn|17
|
|t:|1635721602
|switch|p2a: Chompers|Garchomp, M|88/100
|-damage|p2a: Chompers|82/100|[from] Stealth Rock
|move|p1a: Urshifu|Surging Strikes|p2a: Chompers
|-crit|p2a: Chompers
|-damage|p2a: Chompers|54/100
|-damage|p1a: Urshifu|88/100 par|[from] ability: Rough Skin|[of] p2a: Chompers
|-damage|p1a: Urshifu|72/100 par|[from] item: Rocky Helmet|[of] p2a: Chompers
|-crit|p2a: Chompers
|-damage|p2a: Chompers|25/100
|-damage|p1a: Urshifu|59/100 par|[from] ability: Rough Skin|[of] p2a: Chompers
|-damage|p1a: Urshifu|43/100 par|[from] item: Rocky Helmet|[of] p2a: Chompers
|-crit|p2a: Chompers
|-damage|p2a: Chompers|0 fnt
|-damage|p1a: Urshifu|31/100 par|[from] ability: Rough Skin|[of] p2a: Chompers
|-damage|p1a: Urshifu|14/100 par|[from] item: Rocky Helmet|[of] p2a: Chompers
|faint|p2a: Chompers
|-hitcount|p2: Chompers|3
|
|-hint|Future Sight did not hit because the target is fainted.
|upkeep
|
|t:|1635721625
|switch|p2a: Pikayu|Mimikyu, M|100/100
|-damage|p2a: Pikayu|88/100|[from] Stealth Rock
|turn|18
|
|t:|1635721635
|move|p2a: Pikayu|Shadow Claw|p1a: Urshifu
|-crit|p1a: Urshifu
|-damage|p1a: Urshifu|0 fnt
|faint|p1a: Urshifu
|
|upkeep
|
|t:|1635721640
|switch|p1a: Ferrothorn|Ferrothorn, M|100/100
|turn|19
|
|t:|1635721650
|move|p2a: Pikayu|Swords Dance|p2a: Pikayu
|-boost|p2a: Pikayu|atk|2
|move|p1a: Ferrothorn|Iron Head|p2a: Pikayu
|-activate|p2a: Pikayu|ability: Disguise
|-damage|p2a: Pikayu|88/100
|detailschange|p2a: Pikayu|Mimikyu-Busted, M
|-damage|p2a: Pikayu|76/100|[from] pokemon: Mimikyu-Busted
|
|upkeep
|turn|20
|
|t:|1635721655
|move|p2a: Pikayu|Shadow Claw|p1a: Ferrothorn
|-crit|p1a: Ferrothorn
|-damage|p1a: Ferrothorn|41/100
|-damage|p2a: Pikayu|64/100|[from] ability: Iron Barbs|[of] p1a: Ferrothorn
|move|p1a: Ferrothorn|Iron Head|p2a: Pikayu
|-supereffective|p2a: Pikayu
|-damage|p2a: Pikayu|0 fnt
|faint|p2a: Pikayu
|
|-heal|p1a: Ferrothorn|47/100|[from] item: Leftovers
|upkeep
|
|t:|1635721683
|switch|p2a: RapidBow1|Corsola-Galar, M|100/100
|-damage|p2a: RapidBow1|88/100|[from] Stealth Rock
|turn|21
|
|t:|1635721686
|move|p2a: RapidBow1|Strength Sap|p1a: Ferrothorn
|-unboost|p1a: Ferrothorn|atk|1
|-heal|p2a: RapidBow1|100/100
|move|p1a: Ferrothorn|Leech Seed|p2a: RapidBow1
|-start|p2a: RapidBow1|move: Leech Seed
|
|-heal|p1a: Ferrothorn|53/100|[from] item: Leftovers
|-damage|p2a: RapidBow1|88/100|[from] Leech Seed|[of] p1a: Ferrothorn
|-heal|p1a: Ferrothorn|62/100|[silent]
|upkeep
|turn|22
|
|t:|1635721689
|move|p2a: RapidBow1|Night Shade|p1a: Ferrothorn
|-damage|p1a: Ferrothorn|34/100
|move|p1a: Ferrothorn|Spikes|p2a: RapidBow1
|-sidestart|p2: Treasvon69|Spikes
|
|-heal|p1a: Ferrothorn|40/100|[from] item: Leftovers
|-damage|p2a: RapidBow1|76/100|[from] Leech Seed|[of] p1a: Ferrothorn
|-heal|p1a: Ferrothorn|49/100|[silent]
|upkeep
|turn|23
|
|t:|1635721692
|move|p2a: RapidBow1|Night Shade|p1a: Ferrothorn
|-damage|p1a: Ferrothorn|21/100
|move|p1a: Ferrothorn|Spikes|p2a: RapidBow1
|-sidestart|p2: Treasvon69|Spikes
|
|-heal|p1a: Ferrothorn|27/100|[from] item: Leftovers
|-damage|p2a: RapidBow1|64/100|[from] Leech Seed|[of] p1a: Ferrothorn
|-heal|p1a: Ferrothorn|36/100|[silent]
|upkeep
|turn|24
|
|t:|1635721695
|move|p2a: RapidBow1|Strength Sap|p1a: Ferrothorn
|-unboost|p1a: Ferrothorn|atk|1
|-heal|p2a: RapidBow1|100/100
|move|p1a: Ferrothorn|Spikes|p2a: RapidBow1
|-sidestart|p2: Treasvon69|Spikes
|
|-heal|p1a: Ferrothorn|42/100|[from] item: Leftovers
|-damage|p2a: RapidBow1|88/100|[from] Leech Seed|[of] p1a: Ferrothorn
|-heal|p1a: Ferrothorn|51/100|[silent]
|upkeep
|turn|25
|
|t:|1635721701
|switch|p1a: Landorus|Landorus-Therian, M|72/100
|-ability|p1a: Landorus|Intimidate|boost
|-unboost|p2a: RapidBow1|atk|1
|move|p2a: RapidBow1|Night Shade|p1a: Landorus
|-damage|p1a: Landorus|46/100
|
|-heal|p1a: Landorus|52/100|[from] item: Leftovers
|-damage|p2a: RapidBow1|76/100|[from] Leech Seed|[of] p1a: Landorus
|-heal|p1a: Landorus|60/100|[silent]
|upkeep
|turn|26
|
|t:|1635721716
|move|p1a: Landorus|Toxic|p2a: RapidBow1
|-status|p2a: RapidBow1|tox
|move|p2a: RapidBow1|Will-O-Wisp|p1a: Landorus|[miss]
|-miss|p2a: RapidBow1|p1a: Landorus
|
|-heal|p1a: Landorus|66/100|[from] item: Leftovers
|-damage|p2a: RapidBow1|64/100 tox|[from] Leech Seed|[of] p1a: Landorus
|-heal|p1a: Landorus|75/100|[silent]
|-damage|p2a: RapidBow1|58/100 tox|[from] psn
|upkeep
|turn|27
|
|t:|1635721720
|move|p1a: Landorus|U-turn|p2a: RapidBow1
|-resisted|p2a: RapidBow1
|-damage|p2a: RapidBow1|51/100 tox
|
|t:|1635721722
|switch|p1a: Slowbro|Slowbro, F|100/100|[from]move: U-turn
|move|p2a: RapidBow1|Will-O-Wisp|p1a: Slowbro
|-status|p1a: Slowbro|brn
|
|-damage|p2a: RapidBow1|39/100 tox|[from] Leech Seed|[of] p1a: Slowbro
|-damage|p2a: RapidBow1|26/100 tox|[from] psn
|-damage|p1a: Slowbro|94/100 brn|[from] brn
|upkeep
|turn|28
|
|t:|1635721726
|move|p2a: RapidBow1|Strength Sap|p1a: Slowbro
|-unboost|p1a: Slowbro|atk|1
|-heal|p2a: RapidBow1|86/100 tox
|move|p1a: Slowbro|Future Sight|p2a: RapidBow1
|-start|p1a: Slowbro|move: Future Sight
|
|-damage|p2a: RapidBow1|73/100 tox|[from] Leech Seed|[of] p1a: Slowbro
|-heal|p1a: Slowbro|100/100 brn|[silent]
|-damage|p2a: RapidBow1|55/100 tox|[from] psn
|-damage|p1a: Slowbro|94/100 brn|[from] brn
|upkeep
|turn|29
|
|t:|1635721731
|switch|p2a: Bolty|Pikachu, M|88/100
|-damage|p2a: Bolty|76/100|[from] Stealth Rock
|-damage|p2a: Bolty|51/100|[from] Spikes
|move|p1a: Slowbro|Teleport|p1a: Slowbro
|
|t:|1635721734
|switch|p1a: Landorus|Landorus-Therian, M|75/100|[from]move: Teleport
|-ability|p1a: Landorus|Intimidate|boost
|-unboost|p2a: Bolty|atk|1
|
|-heal|p1a: Landorus|81/100|[from] item: Leftovers
|upkeep
|turn|30
|
|t:|1635721737
|move|p2a: Bolty|Fake Out|p1a: Landorus
|-damage|p1a: Landorus|70/100
|cant|p1a: Landorus|flinch
|
|-end|p2a: Bolty|move: Future Sight
|-damage|p2a: Bolty|0 fnt
|faint|p2a: Bolty
|-heal|p1a: Landorus|76/100|[from] item: Leftovers
|upkeep
|
|t:|1635721760
|switch|p2a: Trolololol|Grimmsnarl, M|65/100
|-damage|p2a: Trolololol|53/100|[from] Stealth Rock
|-damage|p2a: Trolololol|28/100|[from] Spikes
|turn|31
|
|t:|1635721768
|move|p2a: Trolololol|Reflect|p2a: Trolololol
|-sidestart|p2: Treasvon69|Reflect
|move|p1a: Landorus|Earthquake|p2a: Trolololol
|-damage|p2a: Trolololol|4/100
|
|-heal|p1a: Landorus|82/100|[from] item: Leftovers
|upkeep
|turn|32
|-message|Treasvon69 forfeited.
|
|win|LudwigFrog
|l|☆Treasvon69
