|j|☆BeastyJ157
|j|☆SatelliteFifteen
|inactive|Battle timer is ON: inactive players will automatically lose when time's up.
|t:|1663880701
|gametype|singles
|player|p1|BeastyJ157|steven-masters|
|player|p2|SatelliteFifteen|byron|
|teamsize|p1|6
|teamsize|p2|6
|gen|8
|tier|[Gen 8] OU
|rated|Tournament battle
|rule|Sleep Clause Mod: Limit one foe put to sleep
|rule|Species Clause: Limit one of each Pokémon
|rule|OHKO Clause: OHKO moves are banned
|rule|Evasion Items Clause: Evasion items are banned
|rule|Evasion Moves Clause: Evasion moves are banned
|rule|Endless Battle Clause: Forcing endless battles is banned
|rule|HP Percentage Mod: HP is shown in percentages
|rule|Dynamax Clause: You cannot dynamax
|clearpoke
|poke|p1|Tapu Koko|
|poke|p1|Raichu-Alola, M|
|poke|p1|Greninja, M|
|poke|p1|Suicune|
|poke|p1|Mew|
|poke|p1|Mimikyu, F|
|poke|p2|Incineroar, F|
|poke|p2|Ivysaur, M|
|poke|p2|Charizard, M|
|poke|p2|Squirtle, M|
|poke|p2|Greninja, M|
|poke|p2|Tapu Koko|
|teampreview
|inactive|BeastyJ157 also wants the timer to be on.
|j|%htcl (>◡<)
|j| WalrusPatty
|j| GengarAdept
|j| Cold Finally
|c|☆SatelliteFifteen|looks like im getting smashed by alolachu
|c|☆BeastyJ157|maybe
|j| sufys12
|c|☆BeastyJ157|u have ivy
|inactive|SatelliteFifteen has 120 seconds left.
|
|t:|1663880740
|start
|switch|p1a: cosmic power????|Mew|100/100
|switch|p2a: Dio|Incineroar, F|100/100
|-ability|p2a: Dio|Intimidate|boost
|-unboost|p1a: cosmic power????|atk|1
|turn|1
|c|☆BeastyJ157|but if thats dead
|c|☆BeastyJ157|ur finished
|
|t:|1663880748
|move|p1a: cosmic power????|Stealth Rock|p2a: Dio
|-sidestart|p2: SatelliteFifteen|move: Stealth Rock
|move|p2a: Dio|Knock Off|p1a: cosmic power????
|-supereffective|p1a: cosmic power????
|-damage|p1a: cosmic power????|35/100
|-enditem|p1a: cosmic power????|Red Card|[from] move: Knock Off|[of] p2a: Dio
|
|upkeep
|turn|2
|
|t:|1663880755
|move|p1a: cosmic power????|Spikes|p2a: Dio
|-sidestart|p2: SatelliteFifteen|Spikes
|move|p2a: Dio|Parting Shot|p1a: cosmic power????
|-unboost|p1a: cosmic power????|atk|1
|-unboost|p1a: cosmic power????|spa|1
|
|t:|1663880757
|switch|p2a: Dire Straits|Squirtle, M|100/100|[from]move: Parting Shot
|-damage|p2a: Dire Straits|88/100|[from] Stealth Rock
|-damage|p2a: Dire Straits|76/100|[from] Spikes
|
|upkeep
|turn|3
|j| TheNewBrends11
|
|t:|1663880760
|move|p1a: cosmic power????|Taunt|p2a: Dire Straits
|-start|p2a: Dire Straits|move: Taunt
|move|p2a: Dire Straits|Rapid Spin|p1a: cosmic power????
|-damage|p1a: cosmic power????|29/100
|-boost|p2a: Dire Straits|spe|1
|-sideend|p2: SatelliteFifteen|Spikes|[from] move: Rapid Spin|[of] p2a: Dire Straits
|-sideend|p2: SatelliteFifteen|Stealth Rock|[from] move: Rapid Spin|[of] p2a: Dire Straits
|
|upkeep
|turn|4
|c|☆BeastyJ157|oh
|
|t:|1663880769
|move|p1a: cosmic power????|Stealth Rock|p2a: Dire Straits
|-sidestart|p2: SatelliteFifteen|move: Stealth Rock
|move|p2a: Dire Straits|Scald|p1a: cosmic power????
|-damage|p1a: cosmic power????|15/100
|
|upkeep
|turn|5
|c|☆BeastyJ157|i see
|
|t:|1663880777
|move|p1a: cosmic power????|Stealth Rock||[still]
|-fail|p1a: cosmic power????
|move|p2a: Dire Straits|Scald|p1a: cosmic power????
|-damage|p1a: cosmic power????|0 fnt
|faint|p1a: cosmic power????
|
|-end|p2a: Dire Straits|move: Taunt
|upkeep
|
|t:|1663880783
|switch|p1a: the setter|Tapu Koko|100/100
|-fieldstart|move: Electric Terrain|[from] ability: Electric Surge|[of] p1a: the setter
|turn|6
|c| Cold Finally|based squirtle
|
|t:|1663880789
|move|p1a: the setter|U-turn|p2a: Dire Straits
|-damage|p2a: Dire Straits|62/100
|
|t:|1663880791
|switch|p1a: gg ez forfeit|Raichu-Alola, M|100/100|[from]move: U-turn
|move|p2a: Dire Straits|Rapid Spin|p1a: gg ez forfeit
|-damage|p1a: gg ez forfeit|88/100
|-boost|p2a: Dire Straits|spe|1
|-sideend|p2: SatelliteFifteen|Stealth Rock|[from] move: Rapid Spin|[of] p2a: Dire Straits
|
|upkeep
|turn|7
|j| SoundHas1Ping
|j| zlv
|
|t:|1663880806
|move|p1a: gg ez forfeit|Rising Voltage|p2a: Dire Straits
|-hint|Rising Voltage's BP doubled on grounded target.
|-supereffective|p2a: Dire Straits
|-damage|p2a: Dire Straits|0 fnt
|faint|p2a: Dire Straits
|
|upkeep
|c|%htcl (>◡<)|gone :(
|l| zlv
|
|t:|1663880817
|switch|p2a: Steppenwolf|Ivysaur, M|100/100
|turn|8
|
|t:|1663880833
|move|p1a: gg ez forfeit|Rising Voltage|p2a: Steppenwolf
|-hint|Rising Voltage's BP doubled on grounded target.
|-resisted|p2a: Steppenwolf
|-damage|p2a: Steppenwolf|62/100
|move|p2a: Steppenwolf|Leech Seed|p1a: gg ez forfeit
|-start|p1a: gg ez forfeit|move: Leech Seed
|
|-damage|p1a: gg ez forfeit|76/100|[from] Leech Seed|[of] p2a: Steppenwolf
|-heal|p2a: Steppenwolf|71/100|[silent]
|upkeep
|turn|9
|
|t:|1663880840
|switch|p1a: da back up sweeper|Suicune|100/100
|-ability|p1a: da back up sweeper|Pressure
|move|p2a: Steppenwolf|Leech Seed|p1a: da back up sweeper
|-start|p1a: da back up sweeper|move: Leech Seed
|
|-damage|p1a: da back up sweeper|88/100|[from] Leech Seed|[of] p2a: Steppenwolf
|-heal|p2a: Steppenwolf|87/100|[silent]
|upkeep
|turn|10
|c|☆BeastyJ157|lol
|
|t:|1663880859
|switch|p1a: im just here|Mimikyu, F|100/100
|switch|p2a: Tapu Koko|Tapu Koko|100/100
|
|upkeep
|turn|11
|
|t:|1663880875
|move|p2a: Tapu Koko|U-turn|p1a: im just here
|-activate|p1a: im just here|ability: Disguise
|-damage|p1a: im just here|100/100
|detailschange|p1a: im just here|Mimikyu-Busted, F
|-damage|p1a: im just here|88/100|[from] pokemon: Mimikyu-Busted
|
|t:|1663880878
|switch|p2a: Dio|Incineroar, F|100/100|[from]move: U-turn
|-ability|p2a: Dio|Intimidate|boost
|-unboost|p1a: im just here|atk|1
|move|p1a: im just here|Swords Dance|p1a: im just here
|-boost|p1a: im just here|atk|2
|
|upkeep
|turn|12
|
|t:|1663880883
|move|p1a: im just here|Play Rough|p2a: Dio
|-damage|p2a: Dio|30/100
|-damage|p1a: im just here|78/100|[from] item: Life Orb
|move|p2a: Dio|Toxic|p1a: im just here
|-status|p1a: im just here|tox
|
|-heal|p2a: Dio|36/100|[from] item: Leftovers
|-damage|p1a: im just here|72/100 tox|[from] psn
|upkeep
|turn|13
|c|☆SatelliteFifteen|how tf was squirtle eating 20x better
|c|☆SatelliteFifteen|than this
|c| Cold Finally|plot armor
|inactive|SatelliteFifteen has 120 seconds left.
|
|t:|1663880914
|move|p1a: im just here|Play Rough|p2a: Dio
|-damage|p2a: Dio|0 fnt
|faint|p2a: Dio
|-damage|p1a: im just here|62/100 tox|[from] item: Life Orb
|
|-damage|p1a: im just here|50/100 tox|[from] psn
|-fieldend|move: Electric Terrain
|upkeep
|inactive|SatelliteFifteen has 120 seconds left.
|
|t:|1663880921
|switch|p2a: Bad Company|Greninja, M|100/100
|turn|14
|
|t:|1663880938
|switch|p1a: the setter|Tapu Koko|100/100
|-fieldstart|move: Electric Terrain|[from] ability: Electric Surge|[of] p1a: the setter
|move|p2a: Bad Company|Dark Pulse|p1a: the setter
|-resisted|p1a: the setter
|-crit|p1a: the setter
|-damage|p1a: the setter|40/100
|
|upkeep
|turn|15
|
|t:|1663880943
|switch|p2a: Tapu Koko|Tapu Koko|100/100
|move|p1a: the setter|Thunderbolt|p2a: Tapu Koko
|-resisted|p2a: Tapu Koko
|-damage|p2a: Tapu Koko|66/100
|
|upkeep
|turn|16
|
|t:|1663880949
|move|p2a: Tapu Koko|Dazzling Gleam|p1a: the setter
|-damage|p1a: the setter|0 fnt
|faint|p1a: the setter
|
|upkeep
|
|t:|1663880952
|switch|p1a: gg ez forfeit|Raichu-Alola, M|76/100
|turn|17
|
|t:|1663880956
|move|p1a: gg ez forfeit|Psychic|p2a: Tapu Koko
|-damage|p2a: Tapu Koko|0 fnt
|faint|p2a: Tapu Koko
|
|upkeep
|
|t:|1663880959
|switch|p2a: Bad Company|Greninja, M|100/100
|turn|18
|
|t:|1663880976
|switch|p1a: im just here|Mimikyu-Busted, F|50/100 tox
|move|p2a: Bad Company|Spikes|p1a: im just here
|-sidestart|p1: BeastyJ157|Spikes
|
|-damage|p1a: im just here|44/100 tox|[from] psn
|upkeep
|turn|19
|c|☆BeastyJ157|this is why i should be lo
|
|t:|1663880984
|switch|p2a: Steppenwolf|Ivysaur, M|87/100
|move|p1a: im just here|Play Rough|p2a: Steppenwolf
|-resisted|p2a: Steppenwolf
|-damage|p2a: Steppenwolf|64/100
|-damage|p1a: im just here|34/100 tox|[from] item: Life Orb
|
|-damage|p1a: im just here|22/100 tox|[from] psn
|upkeep
|turn|20
|
|t:|1663880993
|switch|p1a: gg ez forfeit|Raichu-Alola, M|76/100
|-damage|p1a: gg ez forfeit|63/100|[from] Spikes
|move|p2a: Steppenwolf|Synthesis|p2a: Steppenwolf
|-heal|p2a: Steppenwolf|100/100
|
|upkeep
|turn|21
|
|t:|1663880998
|move|p2a: Steppenwolf|Protect|p2a: Steppenwolf
|-singleturn|p2a: Steppenwolf|Protect
|move|p1a: gg ez forfeit|Knock Off|p2a: Steppenwolf
|-activate|p2a: Steppenwolf|move: Protect
|
|-fieldend|move: Electric Terrain
|upkeep
|turn|22
|
|t:|1663881011
|switch|p2a: Bad Company|Greninja, M|100/100
|move|p1a: gg ez forfeit|Knock Off|p2a: Bad Company
|-resisted|p2a: Bad Company
|-damage|p2a: Bad Company|87/100
|-enditem|p2a: Bad Company|Choice Specs|[from] move: Knock Off|[of] p1a: gg ez forfeit
|
|upkeep
|turn|23
|
|t:|1663881017
|switch|p1a: da back up sweeper|Suicune|88/100
|-damage|p1a: da back up sweeper|76/100|[from] Spikes
|-ability|p1a: da back up sweeper|Pressure
|move|p2a: Bad Company|Dark Pulse|p1a: da back up sweeper
|-damage|p1a: da back up sweeper|47/100
|
|-heal|p1a: da back up sweeper|53/100|[from] item: Leftovers
|upkeep
|turn|24
|
|t:|1663881025
|move|p2a: Bad Company|Dark Pulse|p1a: da back up sweeper
|-damage|p1a: da back up sweeper|27/100
|move|p1a: da back up sweeper|Calm Mind|p1a: da back up sweeper
|-boost|p1a: da back up sweeper|spa|1
|-boost|p1a: da back up sweeper|spd|1
|
|-heal|p1a: da back up sweeper|33/100|[from] item: Leftovers
|upkeep
|turn|25
|c|☆SatelliteFifteen|if its sub its gg lol
|c|☆BeastyJ157|yes it is sub
|c|☆SatelliteFifteen|flinch
|
|t:|1663881047
|move|p1a: da back up sweeper|Protect|p1a: da back up sweeper
|-singleturn|p1a: da back up sweeper|Protect
|move|p2a: Bad Company|Dark Pulse|p1a: da back up sweeper
|-activate|p1a: da back up sweeper|move: Protect
|
|-heal|p1a: da back up sweeper|39/100|[from] item: Leftovers
|upkeep
|turn|26
|
|t:|1663881049
|move|p2a: Bad Company|Dark Pulse|p1a: da back up sweeper
|-damage|p1a: da back up sweeper|21/100
|move|p1a: da back up sweeper|Substitute|p1a: da back up sweeper
|-fail|p1a: da back up sweeper|move: Substitute|[weak]
|
|-heal|p1a: da back up sweeper|27/100|[from] item: Leftovers
|upkeep
|turn|27
|c|☆BeastyJ157|oh
|
|t:|1663881059
|move|p1a: da back up sweeper|Protect|p1a: da back up sweeper
|-singleturn|p1a: da back up sweeper|Protect
|move|p2a: Bad Company|Dark Pulse|p1a: da back up sweeper
|-activate|p1a: da back up sweeper|move: Protect
|
|-heal|p1a: da back up sweeper|33/100|[from] item: Leftovers
|upkeep
|turn|28
|
|t:|1663881063
|move|p2a: Bad Company|Dark Pulse|p1a: da back up sweeper
|-damage|p1a: da back up sweeper|14/100
|move|p1a: da back up sweeper|Calm Mind|p1a: da back up sweeper
|-boost|p1a: da back up sweeper|spa|1
|-boost|p1a: da back up sweeper|spd|1
|
|-heal|p1a: da back up sweeper|20/100|[from] item: Leftovers
|upkeep
|turn|29
|
|t:|1663881072
|move|p1a: da back up sweeper|Protect|p1a: da back up sweeper
|-singleturn|p1a: da back up sweeper|Protect
|move|p2a: Bad Company|Spikes|p1a: da back up sweeper
|-sidestart|p1: BeastyJ157|Spikes
|
|-heal|p1a: da back up sweeper|26/100|[from] item: Leftovers
|upkeep
|turn|30
|
|t:|1663881076
|move|p2a: Bad Company|Dark Pulse|p1a: da back up sweeper
|-damage|p1a: da back up sweeper|13/100
|move|p1a: da back up sweeper|Calm Mind|p1a: da back up sweeper
|-boost|p1a: da back up sweeper|spa|1
|-boost|p1a: da back up sweeper|spd|1
|
|-heal|p1a: da back up sweeper|19/100|[from] item: Leftovers
|upkeep
|turn|31
|
|t:|1663881080
|move|p1a: da back up sweeper|Protect|p1a: da back up sweeper
|-singleturn|p1a: da back up sweeper|Protect
|move|p2a: Bad Company|Dark Pulse|p1a: da back up sweeper
|-activate|p1a: da back up sweeper|move: Protect
|
|-heal|p1a: da back up sweeper|25/100|[from] item: Leftovers
|upkeep
|turn|32
|
|t:|1663881086
|move|p2a: Bad Company|Dark Pulse|p1a: da back up sweeper
|-damage|p1a: da back up sweeper|15/100
|cant|p1a: da back up sweeper|flinch
|
|-heal|p1a: da back up sweeper|21/100|[from] item: Leftovers
|upkeep
|turn|33
|
|t:|1663881091
|move|p1a: da back up sweeper|Protect|p1a: da back up sweeper
|-singleturn|p1a: da back up sweeper|Protect
|move|p2a: Bad Company|Dark Pulse|p1a: da back up sweeper
|-activate|p1a: da back up sweeper|move: Protect
|
|-heal|p1a: da back up sweeper|27/100|[from] item: Leftovers
|upkeep
|turn|34
|
|t:|1663881095
|move|p2a: Bad Company|Dark Pulse|p1a: da back up sweeper
|-damage|p1a: da back up sweeper|17/100
|cant|p1a: da back up sweeper|flinch
|
|-heal|p1a: da back up sweeper|23/100|[from] item: Leftovers
|upkeep
|turn|35
|
|t:|1663881106
|switch|p2a: Black Sabbath|Charizard, M, shiny|100/100
|move|p1a: da back up sweeper|Substitute|p1a: da back up sweeper
|-fail|p1a: da back up sweeper|move: Substitute|[weak]
|
|-heal|p1a: da back up sweeper|29/100|[from] item: Leftovers
|upkeep
|turn|36
|c|☆BeastyJ157|oops
|
|t:|1663881113
|move|p2a: Black Sabbath|Air Slash|p1a: da back up sweeper
|-damage|p1a: da back up sweeper|18/100
|move|p1a: da back up sweeper|Scald|p2a: Black Sabbath
|-supereffective|p2a: Black Sabbath
|-damage|p2a: Black Sabbath|0 fnt
|faint|p2a: Black Sabbath
|
|-heal|p1a: da back up sweeper|25/100|[from] item: Leftovers
|upkeep
|
|t:|1663881121
|switch|p2a: Steppenwolf|Ivysaur, M|100/100
|turn|37
|c|☆BeastyJ157|dont mind that miss input
|
|t:|1663881125
|move|p1a: da back up sweeper|Protect|p1a: da back up sweeper
|-singleturn|p1a: da back up sweeper|Protect
|move|p2a: Steppenwolf|Sunny Day|p2a: Steppenwolf
|-weather|SunnyDay
|
|-weather|SunnyDay|[upkeep]
|-heal|p1a: da back up sweeper|31/100|[from] item: Leftovers
|upkeep
|turn|38
|
|t:|1663881128
|move|p2a: Steppenwolf|Leech Seed|p1a: da back up sweeper
|-start|p1a: da back up sweeper|move: Leech Seed
|move|p1a: da back up sweeper|Substitute|p1a: da back up sweeper
|-start|p1a: da back up sweeper|Substitute
|-damage|p1a: da back up sweeper|6/100
|
|-weather|SunnyDay|[upkeep]
|-heal|p1a: da back up sweeper|12/100|[from] item: Leftovers
|-damage|p1a: da back up sweeper|0 fnt|[from] Leech Seed|[of] p2a: Steppenwolf
|faint|p1a: da back up sweeper
|upkeep
|c|☆BeastyJ157|oh
|c|☆BeastyJ157|oops
|c|☆SatelliteFifteen|BIG CHLORO
|c|☆BeastyJ157|wp
|
|t:|1663881158
|switch|p1a: da ninja|Greninja, M|100/100
|-damage|p1a: da ninja|84/100|[from] Spikes
|turn|39
|
|t:|1663881166
|move|p2a: Steppenwolf|Protect|p2a: Steppenwolf
|-singleturn|p2a: Steppenwolf|Protect
|move|p1a: da ninja|Dark Pulse|p2a: Steppenwolf
|-activate|p2a: Steppenwolf|move: Protect
|
|-weather|SunnyDay|[upkeep]
|upkeep
|turn|40
|c|☆SatelliteFifteen|mm how much does that do
|
|t:|1663881178
|move|p1a: da ninja|Dark Pulse|p2a: Steppenwolf
|-damage|p2a: Steppenwolf|66/100
|move|p2a: Steppenwolf|Leech Seed|p1a: da ninja
|-start|p1a: da ninja|move: Leech Seed
|
|-weather|SunnyDay|[upkeep]
|-damage|p1a: da ninja|72/100|[from] Leech Seed|[of] p2a: Steppenwolf
|-heal|p2a: Steppenwolf|77/100|[silent]
|upkeep
|turn|41
|c|☆SatelliteFifteen|ok
|
|t:|1663881183
|switch|p1a: gg ez forfeit|Raichu-Alola, M|63/100
|-damage|p1a: gg ez forfeit|47/100|[from] Spikes
|move|p2a: Steppenwolf|Protect||[still]
|-fail|p2a: Steppenwolf
|
|-weather|none
|upkeep
|turn|42
|c| Cold Finally|why he so bulky
|
|t:|1663881190
|move|p2a: Steppenwolf|Protect|p2a: Steppenwolf
|-singleturn|p2a: Steppenwolf|Protect
|move|p1a: gg ez forfeit|Knock Off|p2a: Steppenwolf
|-activate|p2a: Steppenwolf|move: Protect
|
|upkeep
|turn|43
|
|t:|1663881210
|move|p1a: gg ez forfeit|Knock Off|p2a: Steppenwolf
|-damage|p2a: Steppenwolf|60/100
|-enditem|p2a: Steppenwolf|Eviolite|[from] move: Knock Off|[of] p1a: gg ez forfeit
|move|p2a: Steppenwolf|Leech Seed|p1a: gg ez forfeit
|-start|p1a: gg ez forfeit|move: Leech Seed
|
|-damage|p1a: gg ez forfeit|35/100|[from] Leech Seed|[of] p2a: Steppenwolf
|-heal|p2a: Steppenwolf|70/100|[silent]
|upkeep
|turn|44
|
|t:|1663881219
|switch|p1a: im just here|Mimikyu-Busted, F|22/100 tox
|-damage|p1a: im just here|6/100 tox|[from] Spikes
|move|p2a: Steppenwolf|Leech Seed|p1a: im just here
|-start|p1a: im just here|move: Leech Seed
|
|-damage|p1a: im just here|0 fnt|[from] Leech Seed|[of] p2a: Steppenwolf
|-heal|p2a: Steppenwolf|75/100|[silent]
|faint|p1a: im just here
|upkeep
|
|t:|1663881228
|switch|p1a: da ninja|Greninja, M|72/100
|-damage|p1a: da ninja|55/100|[from] Spikes
|turn|45
|
|t:|1663881231
|move|p1a: da ninja|Dark Pulse|p2a: Steppenwolf
|-damage|p2a: Steppenwolf|21/100
|move|p2a: Steppenwolf|Leech Seed|p1a: da ninja
|-start|p1a: da ninja|move: Leech Seed
|
|-damage|p1a: da ninja|43/100|[from] Leech Seed|[of] p2a: Steppenwolf
|-heal|p2a: Steppenwolf|32/100|[silent]
|upkeep
|turn|46
|
|t:|1663881236
|move|p2a: Steppenwolf|Protect|p2a: Steppenwolf
|-singleturn|p2a: Steppenwolf|Protect
|move|p1a: da ninja|Dark Pulse|p2a: Steppenwolf
|-activate|p2a: Steppenwolf|move: Protect
|
|-damage|p1a: da ninja|31/100|[from] Leech Seed|[of] p2a: Steppenwolf
|-heal|p2a: Steppenwolf|43/100|[silent]
|upkeep
|turn|47
|
|t:|1663881242
|switch|p2a: Bad Company|Greninja, M|87/100
|move|p1a: da ninja|Dark Pulse|p2a: Bad Company
|-resisted|p2a: Bad Company
|-damage|p2a: Bad Company|43/100
|
|-damage|p1a: da ninja|18/100|[from] Leech Seed|[of] p2a: Bad Company
|-heal|p2a: Bad Company|56/100|[silent]
|upkeep
|turn|48
|
|t:|1663881249
|switch|p1a: gg ez forfeit|Raichu-Alola, M|35/100
|-damage|p1a: gg ez forfeit|18/100|[from] Spikes
|move|p2a: Bad Company|Water Shuriken|p1a: gg ez forfeit
|-damage|p1a: gg ez forfeit|8/100
|-damage|p1a: gg ez forfeit|0 fnt
|faint|p1a: gg ez forfeit
|-activate|p2a: Bad Company|ability: Battle Bond
|detailschange|p2a: Bad Company|Greninja-Ash, M
|-hitcount|p1: gg ez forfeit|2
|
|upkeep
|c|☆BeastyJ157|gg
|c|☆SatelliteFifteen|gg
|-message|BeastyJ157 forfeited.
|
|win|SatelliteFifteen
|n|☆BeastyJ157|beastyj157
|n|☆SatelliteFifteen|satellitefifteen
|n| htcl (>◡<)|htcl
|n| WalrusPatty|walruspatty
|n| GengarAdept|gengaradept
|n| Cold Finally|coldfinally
|n| sufys12|sufys12
|n| TheNewBrends11|thenewbrends11
|n| SoundHas1Ping|soundhas1ping
|l|☆BeastyJ157
|l| WalrusPatty
|l| Cold Finally
|l| sufys12
|l| htcl (>◡<)
