|j|☆2nd_Xray972
|j|☆chansey and lulu
|t:|1664020842
|gametype|singles
|player|p1|2nd_Xray972|hoopster|1772
|player|p2|chansey and lulu|hooligans|1724
|teamsize|p1|6
|teamsize|p2|6
|gen|8
|tier|[Gen 8] OU
|rated|
|rule|Sleep Clause Mod: Limit one foe put to sleep
|rule|Species Clause: Limit one of each Pokémon
|rule|OHKO Clause: OHKO moves are banned
|rule|Evasion Items Clause: Evasion items are banned
|rule|Evasion Moves Clause: Evasion moves are banned
|rule|Endless Battle Clause: Forcing endless battles is banned
|rule|HP Percentage Mod: HP is shown in percentages
|rule|Dynamax Clause: You cannot dynamax
|clearpoke
|poke|p1|Dragonite, M|
|poke|p1|Melmetal|
|poke|p1|Landorus-Therian, M|
|poke|p1|Volcanion|
|poke|p1|Zapdos|
|poke|p1|Weavile, M|
|poke|p2|Ninetales-Alola, F|
|poke|p2|Dragapult, F|
|poke|p2|Heatran, F|
|poke|p2|Garchomp, F|
|poke|p2|Cloyster, M|
|poke|p2|Scizor, F|
|teampreview
|inactive|Battle timer is ON: inactive players will automatically lose when time's up. (requested by 2nd_Xray972)
|j| Grau/Bunt
|
|t:|1664020854
|start
|switch|p1a: Melmetal|Melmetal|100/100
|switch|p2a: Ninetales|Ninetales-Alola, F|100/100
|-weather|Hail|[from] ability: Snow Warning|[of] p2a: Ninetales
|turn|1
|
|t:|1664020861
|switch|p2a: Heatran|Heatran, F|100/100
|-item|p2a: Heatran|Air Balloon
|move|p1a: Melmetal|Double Iron Bash|p2a: Heatran
|-resisted|p2a: Heatran
|-damage|p2a: Heatran|90/100
|-enditem|p2a: Heatran|Air Balloon
|-resisted|p2a: Heatran
|-damage|p2a: Heatran|80/100
|-hitcount|p2a: Heatran|2
|
|-weather|Hail|[upkeep]
|-damage|p2a: Heatran|74/100|[from] Hail
|-damage|p1a: Melmetal|94/100|[from] Hail
|-heal|p1a: Melmetal|100/100|[from] item: Leftovers
|upkeep
|turn|2
|
|t:|1664020879
|switch|p1a: Landorus|Landorus-Therian, M|100/100
|-ability|p1a: Landorus|Intimidate|boost
|-unboost|p2a: Heatran|atk|1
|move|p2a: Heatran|Stealth Rock|p1a: Landorus
|-sidestart|p1: 2nd_Xray972|move: Stealth Rock
|
|-weather|Hail|[upkeep]
|-damage|p2a: Heatran|68/100|[from] Hail
|-damage|p1a: Landorus|94/100|[from] Hail
|-heal|p1a: Landorus|100/100|[from] item: Leftovers
|upkeep
|turn|3
|
|t:|1664020891
|move|p2a: Heatran|Taunt|p1a: Landorus
|-start|p1a: Landorus|move: Taunt
|cant|p1a: Landorus|move: Taunt|Defog
|
|-weather|Hail|[upkeep]
|-damage|p2a: Heatran|61/100|[from] Hail
|-damage|p1a: Landorus|94/100|[from] Hail
|-heal|p1a: Landorus|100/100|[from] item: Leftovers
|upkeep
|turn|4
|
|t:|1664020899
|switch|p2a: Ninetales|Ninetales-Alola, F|100/100
|move|p1a: Landorus|U-turn|p2a: Ninetales
|-resisted|p2a: Ninetales
|-damage|p2a: Ninetales|86/100
|
|t:|1664020902
|switch|p1a: Melmetal|Melmetal|100/100|[from]move: U-turn
|-damage|p1a: Melmetal|94/100|[from] Stealth Rock
|
|-weather|Hail|[upkeep]
|-damage|p1a: Melmetal|88/100|[from] Hail
|-heal|p1a: Melmetal|94/100|[from] item: Leftovers
|upkeep
|turn|5
|
|t:|1664020911
|switch|p2a: Heatran|Heatran, F|61/100
|move|p1a: Melmetal|Double Iron Bash|p2a: Heatran
|-resisted|p2a: Heatran
|-damage|p2a: Heatran|53/100
|-resisted|p2a: Heatran
|-damage|p2a: Heatran|42/100
|-hitcount|p2a: Heatran|2
|
|-weather|none
|-heal|p1a: Melmetal|100/100|[from] item: Leftovers
|upkeep
|turn|6
|j| Kyurem
|
|t:|1664020923
|switch|p1a: Landorus|Landorus-Therian, M|100/100
|-damage|p1a: Landorus|88/100|[from] Stealth Rock
|-ability|p1a: Landorus|Intimidate|boost
|-unboost|p2a: Heatran|atk|1
|move|p2a: Heatran|Magma Storm|p1a: Landorus
|-damage|p1a: Landorus|51/100
|-activate|p1a: Landorus|move: Magma Storm|[of] p2a: Heatran
|
|-heal|p1a: Landorus|57/100|[from] item: Leftovers
|-damage|p1a: Landorus|45/100|[from] move: Magma Storm|[partiallytrapped]
|upkeep
|turn|7
|
|t:|1664020936
|switch|p2a: Ninetales|Ninetales-Alola, F|86/100
|-weather|Hail|[from] ability: Snow Warning|[of] p2a: Ninetales
|move|p1a: Landorus|Defog|p2a: Ninetales
|-unboost|p2a: Ninetales|evasion|1
|-sideend|p1: 2nd_Xray972|Stealth Rock|[from] move: Defog|[of] p1a: Landorus
|
|-weather|Hail|[upkeep]
|-damage|p1a: Landorus|39/100|[from] Hail
|-heal|p1a: Landorus|45/100|[from] item: Leftovers
|-end|p1a: Landorus|Magma Storm|[partiallytrapped]|[silent]
|upkeep
|turn|8
|
|t:|1664020946
|switch|p1a: Melmetal|Melmetal|100/100
|move|p2a: Ninetales|Aurora Veil|p2a: Ninetales
|-sidestart|p2: chansey and lulu|move: Aurora Veil
|
|-weather|Hail|[upkeep]
|-damage|p1a: Melmetal|94/100|[from] Hail
|-heal|p1a: Melmetal|100/100|[from] item: Leftovers
|upkeep
|turn|9
|
|t:|1664020954
|switch|p2a: Heatran|Heatran, F|42/100
|move|p1a: Melmetal|Double Iron Bash|p2a: Heatran
|-resisted|p2a: Heatran
|-damage|p2a: Heatran|38/100
|-resisted|p2a: Heatran
|-crit|p2a: Heatran
|-damage|p2a: Heatran|22/100
|-hitcount|p2a: Heatran|2
|
|-weather|Hail|[upkeep]
|-damage|p2a: Heatran|16/100|[from] Hail
|-damage|p1a: Melmetal|94/100|[from] Hail
|-heal|p1a: Melmetal|100/100|[from] item: Leftovers
|upkeep
|turn|10
|
|t:|1664020972
|switch|p1a: Volcanion|Volcanion|100/100
|move|p2a: Heatran|Magma Storm|p1a: Volcanion
|-resisted|p1a: Volcanion
|-damage|p1a: Volcanion|87/100
|-activate|p1a: Volcanion|move: Magma Storm|[of] p2a: Heatran
|
|-weather|Hail|[upkeep]
|-damage|p2a: Heatran|9/100|[from] Hail
|-damage|p1a: Volcanion|81/100|[from] Hail
|-damage|p1a: Volcanion|68/100|[from] move: Magma Storm|[partiallytrapped]
|upkeep
|turn|11
|
|t:|1664020982
|move|p2a: Heatran|Stealth Rock|p1a: Volcanion
|-sidestart|p1: 2nd_Xray972|move: Stealth Rock
|move|p1a: Volcanion|Steam Eruption|p2a: Heatran
|-supereffective|p2a: Heatran
|-damage|p2a: Heatran|0 fnt
|faint|p2a: Heatran
|
|-weather|none
|-end|p1a: Volcanion|Magma Storm|[partiallytrapped]|[silent]
|upkeep
|
|t:|1664020996
|switch|p2a: Dragapult|Dragapult, F|100/100
|turn|12
|
|t:|1664021010
|move|p2a: Dragapult|Dragon Dance|p2a: Dragapult
|-boost|p2a: Dragapult|atk|1
|-boost|p2a: Dragapult|spe|1
|move|p1a: Volcanion|Steam Eruption|p2a: Dragapult
|-resisted|p2a: Dragapult
|-damage|p2a: Dragapult|65/100
|
|upkeep
|turn|13
|j| yuwenzhao
|l| Grau/Bunt
|
|t:|1664021040
|switch|p1a: Landorus|Landorus-Therian, M|45/100
|-damage|p1a: Landorus|33/100|[from] Stealth Rock
|-ability|p1a: Landorus|Intimidate|boost
|-fail|p2a: Dragapult|unboost|[from] ability: Clear Body|[of] p2a: Dragapult
|move|p2a: Dragapult|Dragon Darts|p1a: Landorus
|-damage|p1a: Landorus|0 fnt
|faint|p1a: Landorus
|
|upkeep
|
|t:|1664021043
|switch|p1a: Melmetal|Melmetal|100/100
|-damage|p1a: Melmetal|94/100|[from] Stealth Rock
|turn|14
|
|t:|1664021051
|move|p2a: Dragapult|Flamethrower|p1a: Melmetal
|-supereffective|p1a: Melmetal
|-damage|p1a: Melmetal|56/100
|move|p1a: Melmetal|Double Iron Bash|p2a: Dragapult
|-damage|p2a: Dragapult|36/100
|-damage|p2a: Dragapult|10/100
|-hitcount|p2a: Dragapult|2
|
|-heal|p1a: Melmetal|63/100|[from] item: Leftovers
|upkeep
|turn|15
|
|t:|1664021060
|move|p1a: Melmetal|Protect|p1a: Melmetal
|-singleturn|p1a: Melmetal|Protect
|move|p2a: Dragapult|Phantom Force||[still]
|-prepare|p2a: Dragapult|Phantom Force
|
|-heal|p1a: Melmetal|69/100|[from] item: Leftovers
|-sideend|p2: chansey and lulu|move: Aurora Veil
|upkeep
|turn|16
|
|t:|1664021075
|move|p2a: Dragapult|Phantom Force|p1a: Melmetal|[from]lockedmove
|-damage|p1a: Melmetal|25/100
|move|p1a: Melmetal|Double Iron Bash|p2a: Dragapult
|-damage|p2a: Dragapult|0 fnt
|faint|p2a: Dragapult
|-hitcount|p2: Dragapult|1
|
|-heal|p1a: Melmetal|31/100|[from] item: Leftovers
|upkeep
|
|t:|1664021088
|switch|p2a: Garchomp|Garchomp, F|100/100
|turn|17
|
|t:|1664021098
|switch|p1a: Zapdos|Zapdos|100/100
|move|p2a: Garchomp|Earthquake|p1a: Zapdos
|-immune|p1a: Zapdos
|
|upkeep
|turn|18
|
|t:|1664021105
|move|p2a: Garchomp|Swords Dance|p2a: Garchomp
|-boost|p2a: Garchomp|atk|2
|move|p1a: Zapdos|Defog|p2a: Garchomp
|-unboost|p2a: Garchomp|evasion|1
|-sideend|p1: 2nd_Xray972|Stealth Rock|[from] move: Defog|[of] p1a: Zapdos
|
|upkeep
|turn|19
|
|t:|1664021113
|move|p2a: Garchomp|Scale Shot|p1a: Zapdos
|-damage|p1a: Zapdos|79/100
|-damage|p1a: Zapdos|60/100
|-damage|p1a: Zapdos|39/100
|-hitcount|p1a: Zapdos|3
|-unboost|p2a: Garchomp|def|1
|-boost|p2a: Garchomp|spe|1
|move|p1a: Zapdos|Hurricane|p2a: Garchomp
|-damage|p2a: Garchomp|49/100
|
|-heal|p2a: Garchomp|55/100|[from] item: Leftovers
|upkeep
|turn|20
|
|t:|1664021127
|move|p2a: Garchomp|Scale Shot|p1a: Zapdos
|-damage|p1a: Zapdos|16/100
|-damage|p1a: Zapdos|0 fnt
|faint|p1a: Zapdos
|-hitcount|p1: Zapdos|2
|-unboost|p2a: Garchomp|def|1
|-boost|p2a: Garchomp|spe|1
|
|-heal|p2a: Garchomp|61/100|[from] item: Leftovers
|upkeep
|
|t:|1664021132
|switch|p1a: Weavile|Weavile, M|100/100
|-ability|p1a: Weavile|Pressure
|turn|21
|
|t:|1664021139
|switch|p2a: Scizor|Scizor, F|100/100
|move|p1a: Weavile|Ice Shard|p2a: Scizor
|-resisted|p2a: Scizor
|-damage|p2a: Scizor|86/100
|
|-heal|p2a: Scizor|92/100|[from] item: Leftovers
|upkeep
|turn|22
|
|t:|1664021155
|switch|p1a: Dragonite|Dragonite, M, shiny|100/100
|move|p2a: Scizor|Knock Off|p1a: Dragonite
|-crit|p1a: Dragonite
|-damage|p1a: Dragonite|72/100
|-enditem|p1a: Dragonite|Heavy-Duty Boots|[from] move: Knock Off|[of] p2a: Scizor
|
|-heal|p2a: Scizor|98/100|[from] item: Leftovers
|upkeep
|turn|23
|
|t:|1664021163
|switch|p2a: Ninetales|Ninetales-Alola, F|86/100
|-weather|Hail|[from] ability: Snow Warning|[of] p2a: Ninetales
|move|p1a: Dragonite|Dragon Dance|p1a: Dragonite
|-boost|p1a: Dragonite|atk|1
|-boost|p1a: Dragonite|spe|1
|
|-weather|Hail|[upkeep]
|-damage|p1a: Dragonite|66/100|[from] Hail
|upkeep
|turn|24
|
|t:|1664021172
|move|p1a: Dragonite|Earthquake|p2a: Ninetales
|-damage|p2a: Ninetales|17/100
|move|p2a: Ninetales|Freeze-Dry|p1a: Dragonite
|-supereffective|p1a: Dragonite
|-damage|p1a: Dragonite|0 fnt
|faint|p1a: Dragonite
|
|-weather|Hail|[upkeep]
|upkeep
|
|t:|1664021178
|switch|p1a: Weavile|Weavile, M|100/100
|-ability|p1a: Weavile|Pressure
|turn|25
|
|t:|1664021183
|move|p1a: Weavile|Knock Off|p2a: Ninetales
|-resisted|p2a: Ninetales
|-damage|p2a: Ninetales|0 fnt
|-enditem|p2a: Ninetales|Light Clay|[from] move: Knock Off|[of] p1a: Weavile
|faint|p2a: Ninetales
|
|-weather|Hail|[upkeep]
|upkeep
|
|t:|1664021191
|switch|p2a: Scizor|Scizor, F|98/100
|turn|26
|
|t:|1664021195
|switch|p1a: Volcanion|Volcanion|68/100
|move|p2a: Scizor|Sand Tomb|p1a: Volcanion|[miss]
|-miss|p2a: Scizor|p1a: Volcanion
|
|-weather|Hail|[upkeep]
|-damage|p1a: Volcanion|62/100|[from] Hail
|-damage|p2a: Scizor|92/100|[from] Hail
|-heal|p2a: Scizor|98/100|[from] item: Leftovers
|upkeep
|turn|27
|
|t:|1664021210
|switch|p2a: Garchomp|Garchomp, F|61/100
|move|p1a: Volcanion|Fire Blast|p2a: Garchomp
|-resisted|p2a: Garchomp
|-damage|p2a: Garchomp|8/100
|-status|p2a: Garchomp|brn
|
|-weather|none
|-heal|p2a: Garchomp|14/100 brn|[from] item: Leftovers
|-damage|p2a: Garchomp|8/100 brn|[from] brn
|upkeep
|turn|28
|
|t:|1664021222
|switch|p1a: Weavile|Weavile, M|100/100
|-ability|p1a: Weavile|Pressure
|move|p2a: Garchomp|Earthquake|p1a: Weavile
|-damage|p1a: Weavile|55/100
|
|-heal|p2a: Garchomp|14/100 brn|[from] item: Leftovers
|-damage|p2a: Garchomp|8/100 brn|[from] brn
|upkeep
|turn|29
|
|t:|1664021231
|move|p1a: Weavile|Knock Off|p2a: Garchomp
|-damage|p2a: Garchomp|0 fnt
|-damage|p1a: Weavile|42/100|[from] ability: Rough Skin|[of] p2a: Garchomp
|-enditem|p2a: Garchomp|Leftovers|[from] move: Knock Off|[of] p1a: Weavile
|faint|p2a: Garchomp
|
|upkeep
|
|t:|1664021238
|switch|p2a: Cloyster|Cloyster, M|100/100
|turn|30
|
|t:|1664021242
|move|p1a: Weavile|Knock Off|p2a: Cloyster
|-damage|p2a: Cloyster|38/100
|-enditem|p2a: Cloyster|Heavy-Duty Boots|[from] move: Knock Off|[of] p1a: Weavile
|move|p2a: Cloyster|Shell Smash|p2a: Cloyster
|-unboost|p2a: Cloyster|def|1
|-unboost|p2a: Cloyster|spd|1
|-boost|p2a: Cloyster|atk|2
|-boost|p2a: Cloyster|spa|2
|-boost|p2a: Cloyster|spe|2
|
|upkeep
|turn|31
|
|t:|1664021258
|move|p2a: Cloyster|Icicle Spear|p1a: Weavile
|-resisted|p1a: Weavile
|-damage|p1a: Weavile|23/100
|-resisted|p1a: Weavile
|-crit|p1a: Weavile
|-damage|p1a: Weavile|0 fnt
|faint|p1a: Weavile
|-hitcount|p1: Weavile|2
|
|upkeep
|
|t:|1664021261
|switch|p1a: Melmetal|Melmetal|31/100
|turn|32
|
|t:|1664021266
|move|p1a: Melmetal|Protect|p1a: Melmetal
|-singleturn|p1a: Melmetal|Protect
|move|p2a: Cloyster|Hydro Pump|p1a: Melmetal
|-activate|p1a: Melmetal|move: Protect
|
|-heal|p1a: Melmetal|37/100|[from] item: Leftovers
|upkeep
|turn|33
|
|t:|1664021280
|switch|p1a: Volcanion|Volcanion|62/100
|move|p2a: Cloyster|Hydro Pump|p1a: Volcanion
|-heal|p1a: Volcanion|87/100|[from] ability: Water Absorb|[of] p2a: Cloyster
|
|upkeep
|turn|34
|
|t:|1664021292
|move|p2a: Cloyster|Rock Blast|p1a: Volcanion
|-supereffective|p1a: Volcanion
|-damage|p1a: Volcanion|54/100
|-supereffective|p1a: Volcanion
|-damage|p1a: Volcanion|25/100
|-supereffective|p1a: Volcanion
|-damage|p1a: Volcanion|0 fnt
|faint|p1a: Volcanion
|-hitcount|p1: Volcanion|3
|
|upkeep
|
|t:|1664021295
|switch|p1a: Melmetal|Melmetal|37/100
|turn|35
|
|t:|1664021302
|move|p2a: Cloyster|Hydro Pump|p1a: Melmetal
|-damage|p1a: Melmetal|0 fnt
|faint|p1a: Melmetal
|
|win|chansey and lulu
|raw|2nd_Xray972's rating: 1772 &rarr; <strong>1749</strong><br />(-23 for losing)
|raw|chansey and lulu's rating: 1724 &rarr; <strong>1747</strong><br />(+23 for winning)
|l|☆chansey and lulu
|l|☆2nd_Xray972
|l| Kyurem
||Ladder isn't responding, score probably updated but might not have (Request timeout).
