|j|☆Sombra Diurna
|j|☆fox apprentice
|t:|1651364849
|gametype|singles
|player|p1|Sombra Diurna|chili|1759
|player|p2|fox apprentice|unknownf|1763
|teamsize|p1|6
|teamsize|p2|6
|gen|8
|tier|[Gen 8] OU
|rated|
|rule|Sleep Clause Mod: Limit one foe put to sleep
|rule|Species Clause: Limit one of each Pokémon
|rule|OHKO Clause: OHKO moves are banned
|rule|Evasion Moves Clause: Evasion moves are banned
|rule|Endless Battle Clause: Forcing endless battles is banned
|rule|HP Percentage Mod: HP is shown in percentages
|rule|Dynamax Clause: You cannot dynamax
|clearpoke
|poke|p1|Slowbro, M|
|poke|p1|Hatterene, F|
|poke|p1|Marowak-Alola, M|
|poke|p1|Ferrothorn, M|
|poke|p1|Garchomp, M|
|poke|p1|Drampa, M|
|poke|p2|Tornadus-Therian, M|
|poke|p2|Tapu Lele|
|poke|p2|Ferrothorn, M|
|poke|p2|Clefable, M|
|poke|p2|Rotom-Wash|
|poke|p2|Landorus-Therian, M|
|teampreview
|
|t:|1651364868
|start
|switch|p1a: Thorns|Ferrothorn, M|100/100
|switch|p2a: Tornadus|Tornadus-Therian, M|100/100
|turn|1
|
|t:|1651364875
|switch|p1a: Sonso|Slowbro, M|100/100
|move|p2a: Tornadus|Heat Wave|p1a: Sonso
|-resisted|p1a: Sonso
|-damage|p1a: Sonso|89/100
|
|upkeep
|turn|2
|
|t:|1651364883
|move|p2a: Tornadus|Knock Off|p1a: Sonso
|-supereffective|p1a: Sonso
|-enditem|p1a: Sonso|Colbur Berry|[eat]
|-enditem|p1a: Sonso|Colbur Berry|[weaken]
|-damage|p1a: Sonso|77/100
|move|p1a: Sonso|Trick Room|p1a: Sonso
|-fieldstart|move: Trick Room|[of] p1a: Sonso
|
|upkeep
|turn|3
|j| sendpais
|j| Iwatchu◉‿◉
|
|t:|1651364892
|move|p1a: Sonso|Scald|p2a: Tornadus
|-damage|p2a: Tornadus|84/100
|move|p2a: Tornadus|U-turn|p1a: Sonso
|-supereffective|p1a: Sonso
|-damage|p1a: Sonso|58/100
|
|t:|1651364902
|switch|p2a: Ferrothorn|Ferrothorn, M|100/100|[from]move: U-turn
|
|upkeep
|turn|4
|c| sendpais|lol @ iwatchu
|j| Stall Sucks Bro✞
|j| ppev
|c| Iwatchu◉‿◉|:D
|c| sendpais|0.0
|
|t:|1651364931
|move|p2a: Ferrothorn|Gyro Ball|p1a: Sonso
|-resisted|p1a: Sonso
|-crit|p1a: Sonso
|-damage|p1a: Sonso|53/100
|move|p1a: Sonso|Scald|p2a: Ferrothorn
|-resisted|p2a: Ferrothorn
|-damage|p2a: Ferrothorn|89/100
|
|upkeep
|turn|5
|
|t:|1651364941
|switch|p1a: Hatterene|Hatterene, F|100/100
|move|p2a: Ferrothorn|Spikes|p1a: Hatterene
|move|p1a: Hatterene|Spikes|p2a: Ferrothorn|[from]ability: Magic Bounce
|-sidestart|p2: fox apprentice|Spikes
|
|upkeep
|turn|6
|c| Iwatchu◉‿◉|◉‿◉
|
|t:|1651364948
|switch|p2a: Rotom|Rotom-Wash|100/100
|move|p1a: Hatterene|Mystical Fire|p2a: Rotom
|-resisted|p2a: Rotom
|-damage|p2a: Rotom|92/100
|-unboost|p2a: Rotom|spa|1
|
|-heal|p2a: Rotom|98/100|[from] item: Leftovers
|-fieldend|move: Trick Room
|upkeep
|turn|7
|
|t:|1651364963
|move|p2a: Rotom|Defog|p1a: Hatterene
|move|p1a: Hatterene|Defog|p2a: Rotom|[from]ability: Magic Bounce
|-unboost|p2a: Rotom|evasion|1
|-sideend|p2: fox apprentice|Spikes|[from] move: Defog|[of] p1a: Hatterene
|move|p1a: Hatterene|Draining Kiss|p2a: Rotom
|-damage|p2a: Rotom|79/100
|
|-heal|p2a: Rotom|85/100|[from] item: Leftovers
|upkeep
|turn|8
|
|t:|1651364972
|switch|p1a: Sharpo|Garchomp, M|100/100
|move|p2a: Rotom|Volt Switch|p1a: Sharpo
|-immune|p1a: Sharpo
|
|-heal|p2a: Rotom|91/100|[from] item: Leftovers
|upkeep
|turn|9
|l| ppev
|
|t:|1651364979
|switch|p2a: Clefable|Clefable, M|100/100
|move|p1a: Sharpo|Swords Dance|p1a: Sharpo
|-boost|p1a: Sharpo|atk|2
|
|upkeep
|turn|10
|
|t:|1651364985
|switch|p2a: Landorus|Landorus-Therian, M|100/100
|-ability|p2a: Landorus|Intimidate|boost
|-unboost|p1a: Sharpo|atk|1
|move|p1a: Sharpo|Earthquake|p2a: Landorus
|-immune|p2a: Landorus
|
|upkeep
|turn|11
|j| Landon✘A21
|
|t:|1651364992
|move|p1a: Sharpo|Stone Edge|p2a: Landorus|[miss]
|-miss|p1a: Sharpo|p2a: Landorus
|move|p2a: Landorus|Toxic|p1a: Sharpo
|-status|p1a: Sharpo|tox
|
|-damage|p1a: Sharpo|94/100 tox|[from] psn
|upkeep
|turn|12
|c|☆Sombra Diurna|of curse
|j| ppev
|
|t:|1651365002
|move|p1a: Sharpo|Stone Edge|p2a: Landorus
|-damage|p2a: Landorus|65/100
|move|p2a: Landorus|Stealth Rock|p1a: Sharpo
|-sidestart|p1: Sombra Diurna|move: Stealth Rock
|
|-heal|p1a: Sharpo|100/100 tox|[from] item: Leftovers
|-heal|p2a: Landorus|71/100|[from] item: Leftovers
|-damage|p1a: Sharpo|88/100 tox|[from] psn
|upkeep
|turn|13
|
|t:|1651365011
|move|p1a: Sharpo|Stone Edge|p2a: Landorus|[miss]
|-miss|p1a: Sharpo|p2a: Landorus
|move|p2a: Landorus|Earthquake|p1a: Sharpo
|-damage|p1a: Sharpo|41/100 tox
|
|-heal|p1a: Sharpo|47/100 tox|[from] item: Leftovers
|-heal|p2a: Landorus|77/100|[from] item: Leftovers
|-damage|p1a: Sharpo|29/100 tox|[from] psn
|upkeep
|turn|14
|
|t:|1651365020
|switch|p1a: Thorns|Ferrothorn, M|100/100
|-damage|p1a: Thorns|94/100|[from] Stealth Rock
|move|p2a: Landorus|Earthquake|p1a: Thorns
|-damage|p1a: Thorns|61/100
|
|-heal|p2a: Landorus|83/100|[from] item: Leftovers
|-heal|p1a: Thorns|67/100|[from] item: Leftovers
|upkeep
|turn|15
|
|t:|1651365029
|move|p2a: Landorus|Earthquake|p1a: Thorns
|-damage|p1a: Thorns|32/100
|move|p1a: Thorns|Stealth Rock|p2a: Landorus
|-sidestart|p2: fox apprentice|move: Stealth Rock
|
|-heal|p2a: Landorus|89/100|[from] item: Leftovers
|-heal|p1a: Thorns|38/100|[from] item: Leftovers
|upkeep
|turn|16
|j| EmperadorMichi
|
|t:|1651365042
|move|p2a: Landorus|Earthquake|p1a: Thorns
|-damage|p1a: Thorns|0 fnt
|faint|p1a: Thorns
|
|-heal|p2a: Landorus|95/100|[from] item: Leftovers
|upkeep
|
|t:|1651365052
|switch|p1a: Sonso|Slowbro, M|86/100
|-damage|p1a: Sonso|73/100|[from] Stealth Rock
|turn|17
|
|t:|1651365057
|move|p2a: Landorus|Toxic|p1a: Sonso
|-status|p1a: Sonso|tox
|move|p1a: Sonso|Trick Room|p1a: Sonso
|-fieldstart|move: Trick Room|[of] p1a: Sonso
|
|-heal|p2a: Landorus|100/100|[from] item: Leftovers
|-damage|p1a: Sonso|67/100 tox|[from] psn
|upkeep
|turn|18
|
|t:|1651365065
|switch|p1a: Falko|Drampa, M|100/100
|-damage|p1a: Falko|88/100|[from] Stealth Rock
|move|p2a: Landorus|U-turn|p1a: Falko
|-damage|p1a: Falko|62/100
|
|t:|1651365072
|switch|p2a: Tornadus|Tornadus-Therian, M|100/100|[from]move: U-turn
|-damage|p2a: Tornadus|76/100|[from] Stealth Rock
|
|upkeep
|turn|19
|l| EmperadorMichi
|
|t:|1651365077
|move|p1a: Falko|Thunderbolt|p2a: Tornadus
|-supereffective|p2a: Tornadus
|-crit|p2a: Tornadus
|-damage|p2a: Tornadus|0 fnt
|faint|p2a: Tornadus
|
|upkeep
|
|t:|1651365083
|switch|p2a: Tapu Lele|Tapu Lele|100/100
|-fieldstart|move: Psychic Terrain|[from] ability: Psychic Surge|[of] p2a: Tapu Lele
|turn|20
|
|t:|1651365094
|switch|p1a: Billy B.|Marowak-Alola, M|100/100
|-damage|p1a: Billy B.|76/100|[from] Stealth Rock
|move|p2a: Tapu Lele|Calm Mind|p2a: Tapu Lele
|-boost|p2a: Tapu Lele|spa|1
|-boost|p2a: Tapu Lele|spd|1
|
|upkeep
|turn|21
|
|t:|1651365101
|switch|p2a: Landorus|Landorus-Therian, M|100/100
|-damage|p2a: Landorus|88/100|[from] Stealth Rock
|-ability|p2a: Landorus|Intimidate|boost
|-unboost|p1a: Billy B.|atk|1
|move|p1a: Billy B.|Poltergeist|p2a: Landorus
|-activate|p2a: Landorus|move: Poltergeist|Leftovers
|-damage|p2a: Landorus|44/100
|
|-heal|p2a: Landorus|50/100|[from] item: Leftovers
|-fieldend|move: Trick Room
|upkeep
|turn|22
|
|t:|1651365120
|switch|p1a: Sonso|Slowbro, M|100/100 tox
|-damage|p1a: Sonso|88/100 tox|[from] Stealth Rock
|move|p2a: Landorus|U-turn|p1a: Sonso
|-supereffective|p1a: Sonso
|-damage|p1a: Sonso|63/100 tox
|
|t:|1651365130
|switch|p2a: Ferrothorn|Ferrothorn, M|89/100|[from]move: U-turn
|-damage|p2a: Ferrothorn|83/100|[from] Stealth Rock
|
|-damage|p1a: Sonso|57/100 tox|[from] psn
|upkeep
|turn|23
|
|t:|1651365137
|move|p1a: Sonso|Scald|p2a: Ferrothorn
|-resisted|p2a: Ferrothorn
|-damage|p2a: Ferrothorn|73/100
|move|p2a: Ferrothorn|Spikes|p1a: Sonso
|-sidestart|p1: Sombra Diurna|Spikes
|
|-damage|p1a: Sonso|44/100 tox|[from] psn
|upkeep
|turn|24
|j| hypno#1
|
|t:|1651365144
|switch|p1a: Hatterene|Hatterene, F|100/100
|-damage|p1a: Hatterene|88/100|[from] Stealth Rock
|-damage|p1a: Hatterene|76/100|[from] Spikes
|move|p2a: Ferrothorn|Spikes|p1a: Hatterene
|move|p1a: Hatterene|Spikes|p2a: Ferrothorn|[from]ability: Magic Bounce
|-sidestart|p2: fox apprentice|Spikes
|
|-fieldend|move: Psychic Terrain
|upkeep
|turn|25
|
|t:|1651365155
|switch|p2a: Rotom|Rotom-Wash|91/100
|-damage|p2a: Rotom|79/100|[from] Stealth Rock
|move|p1a: Hatterene|Mystical Fire|p2a: Rotom
|-resisted|p2a: Rotom
|-damage|p2a: Rotom|69/100
|-unboost|p2a: Rotom|spa|1
|
|-heal|p2a: Rotom|75/100|[from] item: Leftovers
|upkeep
|turn|26
|l| ppev
|
|t:|1651365165
|move|p2a: Rotom|Hydro Pump|p1a: Hatterene
|-damage|p1a: Hatterene|56/100
|move|p1a: Hatterene|Draining Kiss|p2a: Rotom
|-damage|p2a: Rotom|54/100
|-heal|p1a: Hatterene|71/100|[from] drain|[of] p2a: Rotom
|
|-heal|p2a: Rotom|60/100|[from] item: Leftovers
|upkeep
|turn|27
|
|t:|1651365174
|move|p2a: Rotom|Pain Split|p1a: Hatterene
|-sethp|p1a: Hatterene|64/100|[from] move: Pain Split|[silent]
|-sethp|p2a: Rotom|67/100|[from] move: Pain Split
|move|p1a: Hatterene|Draining Kiss|p2a: Rotom
|-damage|p2a: Rotom|47/100
|-heal|p1a: Hatterene|78/100|[from] drain|[of] p2a: Rotom
|
|-heal|p2a: Rotom|53/100|[from] item: Leftovers
|upkeep
|turn|28
|j| Djjduddh
|
|t:|1651365202
|move|p2a: Rotom|Pain Split|p1a: Hatterene
|-sethp|p1a: Hatterene|65/100|[from] move: Pain Split|[silent]
|-sethp|p2a: Rotom|68/100|[from] move: Pain Split
|move|p1a: Hatterene|Draining Kiss|p2a: Rotom
|-damage|p2a: Rotom|48/100
|-heal|p1a: Hatterene|79/100|[from] drain|[of] p2a: Rotom
|
|-heal|p2a: Rotom|54/100|[from] item: Leftovers
|upkeep
|turn|29
|l|☆Sombra Diurna
|player|p1|
|inactive|Battle timer is ON: inactive players will automatically lose when time's up. (requested by fox apprentice)
|n| Ullkob|ullkob
|inactive|Sombra Diurna has 30 seconds to reconnect!
|j|☆Sombra Diurna
|inactive|Sombra Diurna reconnected and has 120 seconds left.
|player|p1|Sombra Diurna|chili
|
|t:|1651365338
|move|p2a: Rotom|Pain Split|p1a: Hatterene
|-sethp|p1a: Hatterene|65/100|[from] move: Pain Split|[silent]
|-sethp|p2a: Rotom|68/100|[from] move: Pain Split
|move|p1a: Hatterene|Mystical Fire|p2a: Rotom
|-resisted|p2a: Rotom
|-damage|p2a: Rotom|59/100
|-unboost|p2a: Rotom|spa|1
|
|-heal|p2a: Rotom|66/100|[from] item: Leftovers
|upkeep
|turn|30
|
|t:|1651365347
|move|p2a: Rotom|Volt Switch|p1a: Hatterene
|-damage|p1a: Hatterene|56/100
|
|t:|1651365351
|switch|p2a: Clefable|Clefable, M|100/100|[from]move: Volt Switch
|move|p1a: Hatterene|Draining Kiss|p2a: Clefable
|-damage|p2a: Clefable|82/100
|-heal|p1a: Hatterene|73/100|[from] drain|[of] p2a: Clefable
|
|-heal|p2a: Clefable|88/100|[from] item: Leftovers
|upkeep
|turn|31
|
|t:|1651365359
|move|p2a: Clefable|Knock Off|p1a: Hatterene
|-damage|p1a: Hatterene|57/100
|-enditem|p1a: Hatterene|Kasib Berry|[from] move: Knock Off|[of] p2a: Clefable
|move|p1a: Hatterene|Mystical Fire|p2a: Clefable
|-damage|p2a: Clefable|70/100
|-unboost|p2a: Clefable|spa|1
|
|-heal|p2a: Clefable|76/100|[from] item: Leftovers
|upkeep
|turn|32
|
|t:|1651365370
|move|p2a: Clefable|Moonblast|p1a: Hatterene
|-damage|p1a: Hatterene|40/100
|move|p1a: Hatterene|Draining Kiss|p2a: Clefable
|-damage|p2a: Clefable|59/100
|-heal|p1a: Hatterene|57/100|[from] drain|[of] p2a: Clefable
|
|-heal|p2a: Clefable|65/100|[from] item: Leftovers
|upkeep
|turn|33
|
|t:|1651365393
|move|p2a: Clefable|Moonblast|p1a: Hatterene
|-damage|p1a: Hatterene|42/100
|move|p1a: Hatterene|Mystical Fire|p2a: Clefable
|-damage|p2a: Clefable|48/100
|-unboost|p2a: Clefable|spa|1
|
|-heal|p2a: Clefable|54/100|[from] item: Leftovers
|upkeep
|turn|34
|
|t:|1651365404
|move|p2a: Clefable|Soft-Boiled|p2a: Clefable
|-heal|p2a: Clefable|100/100
|move|p1a: Hatterene|Draining Kiss|p2a: Clefable
|-damage|p2a: Clefable|82/100
|-heal|p1a: Hatterene|59/100|[from] drain|[of] p2a: Clefable
|
|-heal|p2a: Clefable|88/100|[from] item: Leftovers
|upkeep
|turn|35
|
|t:|1651365419
|move|p2a: Clefable|Moonblast|p1a: Hatterene
|-damage|p1a: Hatterene|46/100
|-unboost|p1a: Hatterene|spa|1
|move|p1a: Hatterene|Mystical Fire|p2a: Clefable
|-damage|p2a: Clefable|75/100
|-unboost|p2a: Clefable|spa|1
|
|-heal|p2a: Clefable|81/100|[from] item: Leftovers
|upkeep
|turn|36
|
|t:|1651365428
|move|p2a: Clefable|Moonblast|p1a: Hatterene
|-damage|p1a: Hatterene|37/100
|move|p1a: Hatterene|Healing Wish|p1a: Hatterene
|faint|p1a: Hatterene
|
|-heal|p2a: Clefable|87/100|[from] item: Leftovers
|upkeep
|
|t:|1651365434
|switch|p1a: Sharpo|Garchomp, M|29/100 tox
|-heal|p1a: Sharpo|100/100|[from] move: Healing Wish
|-damage|p1a: Sharpo|94/100|[from] Stealth Rock
|-damage|p1a: Sharpo|82/100|[from] Spikes
|turn|37
|inactive|fox apprentice has 120 seconds left.
|
|t:|1651365476
|move|p1a: Sharpo|Swords Dance|p1a: Sharpo
|-boost|p1a: Sharpo|atk|2
|move|p2a: Clefable|Moonblast|p1a: Sharpo
|-supereffective|p1a: Sharpo
|-damage|p1a: Sharpo|56/100
|
|-heal|p1a: Sharpo|62/100|[from] item: Leftovers
|-heal|p2a: Clefable|93/100|[from] item: Leftovers
|upkeep
|turn|38
|
|t:|1651365484
|switch|p2a: Landorus|Landorus-Therian, M|50/100
|-damage|p2a: Landorus|38/100|[from] Stealth Rock
|-ability|p2a: Landorus|Intimidate|boost
|-unboost|p1a: Sharpo|atk|1
|move|p1a: Sharpo|Swords Dance|p1a: Sharpo
|-boost|p1a: Sharpo|atk|2
|
|-heal|p1a: Sharpo|69/100|[from] item: Leftovers
|-heal|p2a: Landorus|44/100|[from] item: Leftovers
|upkeep
|turn|39
|inactive|fox apprentice has 120 seconds left.
|
|t:|1651365494
|move|p1a: Sharpo|Stone Edge|p2a: Landorus
|-damage|p2a: Landorus|0 fnt
|faint|p2a: Landorus
|
|-heal|p1a: Sharpo|75/100|[from] item: Leftovers
|upkeep
|inactive|fox apprentice has 120 seconds left.
|
|t:|1651365504
|switch|p2a: Tapu Lele|Tapu Lele|100/100
|-fieldstart|move: Psychic Terrain|[from] ability: Psychic Surge|[of] p2a: Tapu Lele
|turn|40
|
|t:|1651365509
|move|p1a: Sharpo|Earthquake|p2a: Tapu Lele
|-damage|p2a: Tapu Lele|0 fnt
|faint|p2a: Tapu Lele
|
|-heal|p1a: Sharpo|81/100|[from] item: Leftovers
|upkeep
|-message|fox apprentice forfeited.
|
|win|Sombra Diurna
|raw|Sombra Diurna's rating: 1759 &rarr; <strong>1779</strong><br />(+20 for winning)
|raw|fox apprentice's rating: 1763 &rarr; <strong>1743</strong><br />(-20 for losing)
|l|☆fox apprentice
|l| Ullkob
||Ladder isn't responding, score probably updated but might not have (Request timeout).
