|j|☆Sombra Diurna
|j|☆Roger Goodell
|t:|1644110644
|gametype|singles
|player|p1|Sombra Diurna|blue|1696
|player|p2|Roger Goodell|harlequin|1786
|teamsize|p1|6
|teamsize|p2|6
|gen|8
|tier|[Gen 8] OU
|rated|
|rule|Sleep Clause Mod: Limit one foe put to sleep
|rule|Species Clause: Limit one of each Pokémon
|rule|OHKO Clause: OHKO moves are banned
|rule|Evasion Moves Clause: Evasion moves are banned
|rule|Endless Battle Clause: Forcing endless battles is banned
|rule|HP Percentage Mod: HP is shown in percentages
|rule|Dynamax Clause: You cannot dynamax
|clearpoke
|poke|p1|Marowak-Alola, M|
|poke|p1|Slowbro, M|
|poke|p1|Hatterene, F|
|poke|p1|Garchomp, M|
|poke|p1|Ferrothorn, M|
|poke|p1|Drampa, M|
|poke|p2|Ferrothorn, M|
|poke|p2|Urshifu-*, F|
|poke|p2|Landorus-Therian, M|
|poke|p2|Dragapult, F|
|poke|p2|Nihilego|
|poke|p2|Volcanion|
|teampreview
|
|t:|1644110654
|start
|switch|p1a: Sharko|Garchomp, M|100/100
|switch|p2a: Volcanion|Volcanion|100/100
|turn|1
|
|t:|1644110659
|switch|p2a: Landorus|Landorus-Therian, M|100/100
|-ability|p2a: Landorus|Intimidate|boost
|-unboost|p1a: Sharko|atk|1
|move|p1a: Sharko|Earthquake|p2a: Landorus
|-immune|p2a: Landorus
|
|upkeep
|turn|2
|
|t:|1644110667
|switch|p1a: Sonso|Slowbro, M|100/100
|move|p2a: Landorus|Knock Off|p1a: Sonso
|-supereffective|p1a: Sonso
|-enditem|p1a: Sonso|Colbur Berry|[eat]
|-enditem|p1a: Sonso|Colbur Berry|[weaken]
|-damage|p1a: Sonso|81/100
|
|upkeep
|turn|3
|
|t:|1644110675
|move|p2a: Landorus|Stealth Rock|p1a: Sonso
|-sidestart|p1: Sombra Diurna|move: Stealth Rock
|move|p1a: Sonso|Scald|p2a: Landorus
|-supereffective|p2a: Landorus
|-damage|p2a: Landorus|58/100
|-status|p2a: Landorus|brn
|
|-damage|p2a: Landorus|52/100 brn|[from] brn
|upkeep
|turn|4
|
|t:|1644110686
|move|p2a: Landorus|U-turn|p1a: Sonso
|-supereffective|p1a: Sonso
|-damage|p1a: Sonso|68/100
|
|t:|1644110688
|switch|p2a: Volcanion|Volcanion|100/100|[from]move: U-turn
|move|p1a: Sonso|Trick Room|p1a: Sonso
|-fieldstart|move: Trick Room|[of] p1a: Sonso
|
|upkeep
|turn|5
|
|t:|1644110694
|switch|p1a: Falkor|Drampa, M|100/100
|-damage|p1a: Falkor|88/100|[from] Stealth Rock
|move|p2a: Volcanion|Steam Eruption|p1a: Falkor
|-resisted|p1a: Falkor
|-damage|p1a: Falkor|41/100
|-status|p1a: Falkor|brn
|-ability|p1a: Falkor|Berserk|boost
|-boost|p1a: Falkor|spa|1
|
|-damage|p1a: Falkor|35/100 brn|[from] brn
|upkeep
|turn|6
|
|t:|1644110706
|switch|p2a: Ferrothorn|Ferrothorn, M|100/100
|move|p1a: Falkor|Focus Blast|p2a: Ferrothorn
|-supereffective|p2a: Ferrothorn
|-damage|p2a: Ferrothorn|0 fnt
|faint|p2a: Ferrothorn
|-damage|p1a: Falkor|25/100 brn|[from] item: Life Orb
|
|-damage|p1a: Falkor|19/100 brn|[from] brn
|upkeep
|
|t:|1644110716
|switch|p2a: Urshifu|Urshifu-Rapid-Strike, F|100/100
|turn|7
|inactive|Battle timer is ON: inactive players will automatically lose when time's up. (requested by Roger Goodell)
|
|t:|1644110757
|switch|p2a: Landorus|Landorus-Therian, M|52/100 brn
|-ability|p2a: Landorus|Intimidate|boost
|-unboost|p1a: Falkor|atk|1
|move|p1a: Falkor|Roost|p1a: Falkor
|-heal|p1a: Falkor|69/100 brn
|-singleturn|p1a: Falkor|move: Roost
|
|-damage|p1a: Falkor|63/100 brn|[from] brn
|-damage|p2a: Landorus|46/100 brn|[from] brn
|upkeep
|turn|8
|
|t:|1644110766
|move|p1a: Falkor|Hyper Voice|p2a: Landorus
|-damage|p2a: Landorus|0 fnt
|faint|p2a: Landorus
|-damage|p1a: Falkor|53/100 brn|[from] item: Life Orb
|
|-damage|p1a: Falkor|47/100 brn|[from] brn
|-fieldend|move: Trick Room
|upkeep
|
|t:|1644110782
|switch|p2a: Urshifu|Urshifu-Rapid-Strike, F|100/100
|turn|9
|
|t:|1644110789
|switch|p1a: Sonso|Slowbro, M|100/100
|-damage|p1a: Sonso|88/100|[from] Stealth Rock
|move|p2a: Urshifu|Thunder Punch|p1a: Sonso
|-supereffective|p1a: Sonso
|-damage|p1a: Sonso|42/100
|-damage|p2a: Urshifu|90/100|[from] item: Life Orb
|
|upkeep
|turn|10
|
|t:|1644110798
|switch|p1a: Sharko|Garchomp, M|100/100
|-damage|p1a: Sharko|94/100|[from] Stealth Rock
|move|p2a: Urshifu|Close Combat|p1a: Sharko
|-damage|p1a: Sharko|0 fnt
|-unboost|p2a: Urshifu|def|1
|-unboost|p2a: Urshifu|spd|1
|-damage|p2a: Urshifu|78/100|[from] ability: Rough Skin|[of] p1a: Sharko
|faint|p1a: Sharko
|-damage|p2a: Urshifu|68/100|[from] item: Life Orb
|
|upkeep
|
|t:|1644110819
|switch|p1a: Sonso|Slowbro, M|75/100
|-damage|p1a: Sonso|63/100|[from] Stealth Rock
|turn|11
|
|t:|1644110828
|move|p2a: Urshifu|Thunder Punch|p1a: Sonso
|-supereffective|p1a: Sonso
|-damage|p1a: Sonso|19/100
|-damage|p2a: Urshifu|58/100|[from] item: Life Orb
|move|p1a: Sonso|Trick Room|p1a: Sonso
|-fieldstart|move: Trick Room|[of] p1a: Sonso
|
|upkeep
|turn|12
|
|t:|1644110834
|switch|p1a: Thorns|Ferrothorn, M|100/100
|-damage|p1a: Thorns|94/100|[from] Stealth Rock
|switch|p2a: Volcanion|Volcanion|100/100
|
|upkeep
|turn|13
|
|t:|1644110845
|move|p1a: Thorns|Stealth Rock|p2a: Volcanion
|-sidestart|p2: Roger Goodell|move: Stealth Rock
|move|p2a: Volcanion|Flamethrower|p1a: Thorns
|-supereffective|p1a: Thorns
|-damage|p1a: Thorns|0 fnt
|faint|p1a: Thorns
|
|upkeep
|
|t:|1644110862
|switch|p1a: Billy B.|Marowak-Alola, M, shiny|100/100
|-damage|p1a: Billy B.|76/100|[from] Stealth Rock
|turn|14
|
|t:|1644110868
|move|p1a: Billy B.|Poltergeist|p2a: Volcanion
|-activate|p2a: Volcanion|move: Poltergeist|Choice Specs
|-damage|p2a: Volcanion|13/100
|move|p2a: Volcanion|Flamethrower|p1a: Billy B.
|-resisted|p1a: Billy B.
|-damage|p1a: Billy B.|29/100
|
|upkeep
|turn|15
|inactive|Sombra Diurna has 120 seconds left.
|inactive|Sombra Diurna has 90 seconds left.
|
|t:|1644110933
|switch|p1a: Falkor|Drampa, M|47/100 brn
|-damage|p1a: Falkor|35/100 brn|[from] Stealth Rock
|switch|p2a: Dragapult|Dragapult, F|100/100
|-damage|p2a: Dragapult|88/100|[from] Stealth Rock
|
|-damage|p1a: Falkor|29/100 brn|[from] brn
|-fieldend|move: Trick Room
|upkeep
|turn|16
|inactive|Sombra Diurna has 90 seconds left.
|
|t:|1644110948
|move|p2a: Dragapult|U-turn|p1a: Falkor
|-damage|p1a: Falkor|11/100 brn
|
|t:|1644110951
|switch|p2a: Volcanion|Volcanion|13/100|[from]move: U-turn
|-damage|p2a: Volcanion|0 fnt|[from] Stealth Rock
|faint|p2a: Volcanion
|move|p1a: Falkor|Thunderbolt|p2: Volcanion|[notarget]
|-fail|p1a: Falkor
|
|-damage|p1a: Falkor|4/100 brn|[from] brn
|upkeep
|
|t:|1644110958
|switch|p2a: Nihilego|Nihilego|100/100
|-damage|p2a: Nihilego|88/100|[from] Stealth Rock
|turn|17
|inactive|Sombra Diurna has 90 seconds left.
|c|☆Roger Goodell|gg
|-message|Sombra Diurna forfeited.
|
|win|Roger Goodell
|raw|Sombra Diurna's rating: 1696 &rarr; <strong>1681</strong><br />(-15 for losing)
|raw|Roger Goodell's rating: 1786 &rarr; <strong>1801</strong><br />(+15 for winning)
|l|☆Sombra Diurna
|l|☆Roger Goodell
|j|☆Roger Goodell
|player|p2|Roger Goodell|harlequin
