|j|☆quixana
|j|‽early_human
|t:|1667343504
|gametype|singles
|player|p1|quixana|1|1777
|player|p2|early_human|dancer|1824
|teamsize|p1|6
|teamsize|p2|6
|gen|8
|tier|[Gen 8] OU
|rated|
|rule|Sleep Clause Mod: Limit one foe put to sleep
|rule|Species Clause: Limit one of each Pokémon
|rule|OHKO Clause: OHKO moves are banned
|rule|Evasion Items Clause: Evasion items are banned
|rule|Evasion Moves Clause: Evasion moves are banned
|rule|Endless Battle Clause: Forcing endless battles is banned
|rule|HP Percentage Mod: HP is shown in percentages
|rule|Dynamax Clause: You cannot dynamax
|clearpoke
|poke|p1|Kartana|
|poke|p1|Buzzwole|
|poke|p1|Tapu Lele|
|poke|p1|Landorus-Therian, M|
|poke|p1|Slowbro, F|
|poke|p1|Blissey, F|
|poke|p2|Moltres-Galar|
|poke|p2|Aegislash, F|
|poke|p2|Buzzwole|
|poke|p2|Latios, M|
|poke|p2|Landorus-Therian, M|
|poke|p2|Bisharp, F|
|teampreview
|j| Tegalik
|
|t:|1667343570
|start
|switch|p1a: Slowbro|Slowbro, F, shiny|100/100
|switch|p2a: Bisharp|Bisharp, F|100/100
|turn|1
|
|t:|1667343575
|switch|p2a: Aegislash|Aegislash, F|100/100
|move|p1a: Slowbro|Teleport|p1a: Slowbro
|
|t:|1667343590
|switch|p1a: Landorus|Landorus-Therian, M|100/100|[from]move: Teleport
|-ability|p1a: Landorus|Intimidate|boost
|-unboost|p2a: Aegislash|atk|1
|
|upkeep
|turn|2
|
|t:|1667343594
|switch|p2a: Landorus|Landorus-Therian, M|100/100
|-ability|p2a: Landorus|Intimidate|boost
|-unboost|p1a: Landorus|atk|1
|move|p1a: Landorus|U-turn|p2a: Landorus
|-resisted|p2a: Landorus
|-damage|p2a: Landorus|93/100
|
|t:|1667343606
|switch|p1a: Slowbro|Slowbro, F, shiny|100/100|[from]move: U-turn
|
|upkeep
|turn|3
|
|t:|1667343611
|switch|p2a: Aegislash|Aegislash, F|100/100
|move|p1a: Slowbro|Scald|p2a: Aegislash
|-damage|p2a: Aegislash|80/100
|-status|p2a: Aegislash|brn
|
|-damage|p2a: Aegislash|74/100 brn|[from] brn
|upkeep
|turn|4
|
|t:|1667343617
|switch|p2a: Landorus|Landorus-Therian, M|93/100
|-ability|p2a: Landorus|Intimidate|boost
|-unboost|p1a: Slowbro|atk|1
|switch|p1a: Blissey|Blissey, F|100/100
|
|upkeep
|turn|5
|
|t:|1667343623
|switch|p1a: Landorus|Landorus-Therian, M|100/100
|-ability|p1a: Landorus|Intimidate|boost
|-unboost|p2a: Landorus|atk|1
|move|p2a: Landorus|Stealth Rock|p1a: Landorus
|-sidestart|p1: quixana|move: Stealth Rock
|
|upkeep
|turn|6
|
|t:|1667343634
|move|p2a: Landorus|Smack Down|p1a: Landorus
|-damage|p1a: Landorus|88/100
|-start|p1a: Landorus|Smack Down
|move|p1a: Landorus|Stone Edge|p2a: Landorus
|-damage|p2a: Landorus|53/100
|
|-heal|p1a: Landorus|94/100|[from] item: Leftovers
|upkeep
|turn|7
|
|t:|1667343643
|move|p2a: Landorus|Earthquake|p1a: Landorus
|-damage|p1a: Landorus|60/100
|move|p1a: Landorus|Defog|p2a: Landorus
|-unboost|p2a: Landorus|evasion|1
|-sideend|p1: quixana|Stealth Rock|[from] move: Defog|[of] p1a: Landorus
|
|-heal|p1a: Landorus|66/100|[from] item: Leftovers
|upkeep
|turn|8
|j| Reydelosg4ys
|
|t:|1667343669
|move|p2a: Landorus|Stealth Rock|p1a: Landorus
|-sidestart|p1: quixana|move: Stealth Rock
|move|p1a: Landorus|U-turn|p2a: Landorus
|-resisted|p2a: Landorus
|-damage|p2a: Landorus|40/100
|
|t:|1667343672
|switch|p1a: Kartana|Kartana|100/100|[from]move: U-turn
|-damage|p1a: Kartana|94/100|[from] Stealth Rock
|
|upkeep
|turn|9
|
|t:|1667343676
|switch|p2a: Buzzwole|Buzzwole|100/100
|move|p1a: Kartana|Knock Off|p2a: Buzzwole
|-resisted|p2a: Buzzwole
|-damage|p2a: Buzzwole|76/100
|-enditem|p2a: Buzzwole|Choice Band|[from] move: Knock Off|[of] p1a: Kartana
|
|upkeep
|turn|10
|
|t:|1667343699
|switch|p1a: Landorus|Landorus-Therian, M|66/100
|-damage|p1a: Landorus|54/100|[from] Stealth Rock
|-ability|p1a: Landorus|Intimidate|boost
|-unboost|p2a: Buzzwole|atk|1
|move|p2a: Buzzwole|Leech Life|p1a: Landorus
|-resisted|p1a: Landorus
|-damage|p1a: Landorus|38/100
|-heal|p2a: Buzzwole|85/100|[from] drain|[of] p1a: Landorus
|
|-heal|p1a: Landorus|44/100|[from] item: Leftovers
|upkeep
|turn|11
|j| BabyPigsAreLaughin
|
|t:|1667343726
|switch|p1a: Slowbro|Slowbro, F, shiny|100/100
|-damage|p1a: Slowbro|88/100|[from] Stealth Rock
|move|p2a: Buzzwole|Ice Punch|p1a: Slowbro
|-resisted|p1a: Slowbro
|-damage|p1a: Slowbro|82/100
|-damage|p2a: Buzzwole|68/100|[from] item: Rocky Helmet|[of] p1a: Slowbro
|
|upkeep
|turn|12
|
|t:|1667343732
|switch|p2a: Moltres|Moltres-Galar|100/100
|move|p1a: Slowbro|Teleport|p1a: Slowbro
|
|t:|1667343754
|switch|p1a: Blissey|Blissey, F|100/100|[from]move: Teleport
|
|upkeep
|turn|13
|
|t:|1667343767
|switch|p2a: Bisharp|Bisharp, F|100/100
|move|p1a: Blissey|Stealth Rock|p2a: Bisharp
|-sidestart|p2: early_human|move: Stealth Rock
|
|upkeep
|turn|14
|
|t:|1667343788
|switch|p1a: Slowbro|Slowbro, F, shiny|100/100
|-damage|p1a: Slowbro|88/100|[from] Stealth Rock
|move|p2a: Bisharp|Knock Off|p1a: Slowbro
|-supereffective|p1a: Slowbro
|-damage|p1a: Slowbro|25/100
|-damage|p2a: Bisharp|84/100|[from] item: Rocky Helmet|[of] p1a: Slowbro
|-enditem|p1a: Slowbro|Rocky Helmet|[from] move: Knock Off|[of] p2a: Bisharp
|
|upkeep
|turn|15
|
|t:|1667343791
|move|p2a: Bisharp|Knock Off|p1a: Slowbro
|-supereffective|p1a: Slowbro
|-damage|p1a: Slowbro|0 fnt
|faint|p1a: Slowbro
|
|upkeep
|
|t:|1667343806
|switch|p1a: Tapu Lele|Tapu Lele|100/100
|-damage|p1a: Tapu Lele|88/100|[from] Stealth Rock
|-fieldstart|move: Psychic Terrain|[from] ability: Psychic Surge|[of] p1a: Tapu Lele
|turn|16
|
|t:|1667343808
|move|p1a: Tapu Lele|Moonblast|p2a: Bisharp
|-damage|p2a: Bisharp|3/100
|-unboost|p2a: Bisharp|spa|1
|-ability|p2a: Bisharp|Defiant|boost
|-boost|p2a: Bisharp|atk|2
|move|p2a: Bisharp|Iron Head|p1a: Tapu Lele
|-supereffective|p1a: Tapu Lele
|-damage|p1a: Tapu Lele|0 fnt
|faint|p1a: Tapu Lele
|
|upkeep
|
|t:|1667343817
|switch|p1a: Kartana|Kartana|94/100
|-damage|p1a: Kartana|88/100|[from] Stealth Rock
|turn|17
|
|t:|1667343831
|switch|p2a: Landorus|Landorus-Therian, M|40/100
|-damage|p2a: Landorus|27/100|[from] Stealth Rock
|-ability|p2a: Landorus|Intimidate|boost
|-unboost|p1a: Kartana|atk|1
|move|p1a: Kartana|Smart Strike|p2a: Landorus
|-damage|p2a: Landorus|0 fnt
|faint|p2a: Landorus
|-ability|p1a: Kartana|Beast Boost|boost
|-boost|p1a: Kartana|atk|1
|
|upkeep
|
|t:|1667343842
|switch|p2a: Moltres|Moltres-Galar|100/100
|turn|18
|j| Rosa メイ ism
|
|t:|1667343851
|switch|p1a: Blissey|Blissey, F|100/100
|switch|p2a: Buzzwole|Buzzwole|68/100
|-damage|p2a: Buzzwole|56/100|[from] Stealth Rock
|
|upkeep
|turn|19
|
|t:|1667343863
|switch|p1a: Landorus|Landorus-Therian, M|44/100
|-damage|p1a: Landorus|32/100|[from] Stealth Rock
|-ability|p1a: Landorus|Intimidate|boost
|-unboost|p2a: Buzzwole|atk|1
|move|p2a: Buzzwole|Leech Life|p1a: Landorus
|-resisted|p1a: Landorus
|-damage|p1a: Landorus|17/100
|-heal|p2a: Buzzwole|64/100|[from] drain|[of] p1a: Landorus
|
|-heal|p1a: Landorus|23/100|[from] item: Leftovers
|upkeep
|turn|20
|
|t:|1667343877
|switch|p1a: Buzzwole|Buzzwole|100/100
|-damage|p1a: Buzzwole|88/100|[from] Stealth Rock
|move|p2a: Buzzwole|Ice Punch|p1a: Buzzwole
|-damage|p1a: Buzzwole|75/100
|
|-fieldend|move: Psychic Terrain
|upkeep
|turn|21
|
|t:|1667343884
|switch|p2a: Aegislash|Aegislash, F|74/100 brn
|-damage|p2a: Aegislash|67/100 brn|[from] Stealth Rock
|move|p1a: Buzzwole|Leech Life|p2a: Aegislash
|-resisted|p2a: Aegislash
|-damage|p2a: Aegislash|59/100 brn
|-heal|p1a: Buzzwole|79/100|[from] drain|[of] p2a: Aegislash
|
|-damage|p2a: Aegislash|53/100 brn|[from] brn
|upkeep
|turn|22
|
|t:|1667343889
|switch|p1a: Blissey|Blissey, F|100/100
|switch|p2a: Buzzwole|Buzzwole|64/100
|-damage|p2a: Buzzwole|51/100|[from] Stealth Rock
|
|upkeep
|turn|23
|
|t:|1667343895
|switch|p1a: Landorus|Landorus-Therian, M|23/100
|-damage|p1a: Landorus|11/100|[from] Stealth Rock
|-ability|p1a: Landorus|Intimidate|boost
|-unboost|p2a: Buzzwole|atk|1
|move|p2a: Buzzwole|Leech Life|p1a: Landorus
|-resisted|p1a: Landorus
|-damage|p1a: Landorus|0 fnt
|-heal|p2a: Buzzwole|57/100|[from] drain|[of] p1a: Landorus
|faint|p1a: Landorus
|-ability|p2a: Buzzwole|Beast Boost|boost
|-boost|p2a: Buzzwole|atk|1
|
|upkeep
|
|t:|1667343898
|switch|p1a: Kartana|Kartana|88/100
|-damage|p1a: Kartana|82/100|[from] Stealth Rock
|turn|24
|
|t:|1667343901
|switch|p2a: Bisharp|Bisharp, F|3/100
|-damage|p2a: Bisharp|0 fnt|[from] Stealth Rock
|faint|p2a: Bisharp
|move|p1a: Kartana|Smart Strike|p2: Bisharp|[notarget]
|-fail|p1a: Kartana
|
|upkeep
|
|t:|1667343913
|switch|p2a: Aegislash|Aegislash, F|53/100 brn
|-damage|p2a: Aegislash|46/100 brn|[from] Stealth Rock
|turn|25
|
|t:|1667343916
|switch|p1a: Blissey|Blissey, F|100/100
|-formechange|p2a: Aegislash|Aegislash-Blade||[from] ability: Stance Change
|move|p2a: Aegislash|Shadow Ball|p1a: Blissey
|-immune|p1a: Blissey
|
|-damage|p2a: Aegislash|40/100 brn|[from] brn
|upkeep
|turn|26
|
|t:|1667343922
|move|p2a: Aegislash|Close Combat|p1a: Blissey
|-supereffective|p1a: Blissey
|-damage|p1a: Blissey|70/100
|-unboost|p2a: Aegislash|def|1
|-unboost|p2a: Aegislash|spd|1
|move|p1a: Blissey|Seismic Toss|p2a: Aegislash
|-immune|p2a: Aegislash
|
|-damage|p2a: Aegislash|34/100 brn|[from] brn
|upkeep
|turn|27
|j| Congwuyu
|
|t:|1667343927
|switch|p2a: Buzzwole|Buzzwole|57/100
|-damage|p2a: Buzzwole|44/100|[from] Stealth Rock
|move|p1a: Blissey|Seismic Toss|p2a: Buzzwole
|-damage|p2a: Buzzwole|16/100
|
|upkeep
|turn|28
|
|t:|1667343933
|switch|p1a: Buzzwole|Buzzwole|79/100
|-damage|p1a: Buzzwole|67/100|[from] Stealth Rock
|move|p2a: Buzzwole|Leech Life|p1a: Buzzwole
|-resisted|p1a: Buzzwole
|-damage|p1a: Buzzwole|51/100
|-heal|p2a: Buzzwole|24/100|[from] drain|[of] p1a: Buzzwole
|
|upkeep
|turn|29
|l| Congwuyu
|
|t:|1667343942
|switch|p2a: Aegislash|Aegislash, F|34/100 brn
|-damage|p2a: Aegislash|28/100 brn|[from] Stealth Rock
|move|p1a: Buzzwole|Leech Life|p2a: Aegislash
|-resisted|p2a: Aegislash
|-damage|p2a: Aegislash|19/100 brn
|-heal|p1a: Buzzwole|55/100|[from] drain|[of] p2a: Aegislash
|
|-damage|p2a: Aegislash|13/100 brn|[from] brn
|upkeep
|turn|30
|
|t:|1667343948
|switch|p2a: Buzzwole|Buzzwole|24/100
|-damage|p2a: Buzzwole|11/100|[from] Stealth Rock
|move|p1a: Buzzwole|Leech Life|p2a: Buzzwole
|-resisted|p2a: Buzzwole
|-damage|p2a: Buzzwole|0 fnt
|-heal|p1a: Buzzwole|61/100|[from] drain|[of] p2a: Buzzwole
|faint|p2a: Buzzwole
|-ability|p1a: Buzzwole|Beast Boost|boost
|-boost|p1a: Buzzwole|atk|1
|
|upkeep
|
|t:|1667343952
|switch|p2a: Moltres|Moltres-Galar|100/100
|turn|31
|
|t:|1667343970
|move|p1a: Buzzwole|Leech Life|p2a: Moltres
|-damage|p2a: Moltres|30/100
|-heal|p1a: Buzzwole|94/100|[from] drain|[of] p2a: Moltres
|-ability|p2a: Moltres|Berserk|boost
|-boost|p2a: Moltres|spa|1
|move|p2a: Moltres|Hurricane|p1a: Buzzwole
|-supereffective|p1a: Buzzwole
|-damage|p1a: Buzzwole|0 fnt
|faint|p1a: Buzzwole
|
|upkeep
|
|t:|1667343975
|switch|p1a: Kartana|Kartana|82/100
|-damage|p1a: Kartana|76/100|[from] Stealth Rock
|turn|32
|
|t:|1667343981
|move|p1a: Kartana|Smart Strike|p2a: Moltres
|-damage|p2a: Moltres|0 fnt
|faint|p2a: Moltres
|-ability|p1a: Kartana|Beast Boost|boost
|-boost|p1a: Kartana|atk|1
|
|upkeep
|-message|early_human forfeited.
|
|win|quixana
|raw|quixana's rating: 1777 &rarr; <strong>1800</strong><br />(+23 for winning)
|raw|early_human's rating: 1824 &rarr; <strong>1801</strong><br />(-23 for losing)
|l|‽early_human
