|j|☆Tactical_Foul
|j|☆Justin UA
|t:|1662497999
|gametype|singles
|player|p1|Tactical_Foul|1|1714
|player|p2|Justin UA|ethan|1661
|teamsize|p1|6
|teamsize|p2|6
|gen|8
|tier|[Gen 8] OU
|rated|
|rule|Sleep Clause Mod: Limit one foe put to sleep
|rule|Species Clause: Limit one of each Pokémon
|rule|OHKO Clause: OHKO moves are banned
|rule|Evasion Items Clause: Evasion items are banned
|rule|Evasion Moves Clause: Evasion moves are banned
|rule|Endless Battle Clause: Forcing endless battles is banned
|rule|HP Percentage Mod: HP is shown in percentages
|rule|Dynamax Clause: You cannot dynamax
|clearpoke
|poke|p1|Nidoking, M|
|poke|p1|Buzzwole|
|poke|p1|Kartana|
|poke|p1|Zapdos|
|poke|p1|Clefable, M|
|poke|p1|Victini|
|poke|p2|Dragapult, M|
|poke|p2|Urshifu-*, M|
|poke|p2|Tapu Lele|
|poke|p2|Heatran, F|
|poke|p2|Corviknight, M|
|poke|p2|Landorus-Therian, M|
|teampreview
|inactive|Battle timer is ON: inactive players will automatically lose when time's up. (requested by Justin UA)
|
|t:|1662498011
|start
|switch|p1a: Clefable|Clefable, M|100/100
|switch|p2a: Tapu Lele|Tapu Lele|100/100
|-fieldstart|move: Psychic Terrain|[from] ability: Psychic Surge|[of] p2a: Tapu Lele
|turn|1
|
|t:|1662498015
|move|p2a: Tapu Lele|Psychic|p1a: Clefable
|-damage|p1a: Clefable|16/100
|move|p1a: Clefable|Knock Off|p2a: Tapu Lele
|-damage|p2a: Tapu Lele|77/100
|-enditem|p2a: Tapu Lele|Choice Specs|[from] move: Knock Off|[of] p1a: Clefable
|
|-heal|p1a: Clefable|23/100|[from] item: Leftovers
|upkeep
|turn|2
|j| Miguel Salzar
|
|t:|1662498021
|switch|p1a: Victini|Victini|100/100
|move|p2a: Tapu Lele|Psychic|p1a: Victini
|-resisted|p1a: Victini
|-damage|p1a: Victini|69/100
|
|upkeep
|turn|3
|
|t:|1662498027
|switch|p2a: Heatran|Heatran, F|100/100
|move|p1a: Victini|Glaciate|p2a: Heatran
|-resisted|p2a: Heatran
|-damage|p2a: Heatran|98/100
|-unboost|p2a: Heatran|spe|1
|
|-heal|p2a: Heatran|100/100|[from] item: Leftovers
|upkeep
|turn|4
|
|t:|1662498034
|move|p1a: Victini|U-turn|p2a: Heatran
|-resisted|p2a: Heatran
|-damage|p2a: Heatran|96/100
|
|t:|1662498039
|switch|p1a: Zapdos|Zapdos|100/100|[from]move: U-turn
|move|p2a: Heatran|Earth Power|p1a: Zapdos
|-immune|p1a: Zapdos
|
|-heal|p2a: Heatran|100/100|[from] item: Leftovers
|upkeep
|turn|5
|
|t:|1662498044
|move|p1a: Zapdos|Discharge|p2a: Heatran
|-damage|p2a: Heatran|79/100
|move|p2a: Heatran|Toxic|p1a: Zapdos
|-status|p1a: Zapdos|tox
|
|-heal|p2a: Heatran|85/100|[from] item: Leftovers
|-damage|p1a: Zapdos|94/100 tox|[from] psn
|-fieldend|move: Psychic Terrain
|upkeep
|turn|6
|
|t:|1662498053
|switch|p1a: Nidoking|Nidoking, M|100/100
|switch|p2a: Landorus|Landorus-Therian, M|100/100
|-ability|p2a: Landorus|Intimidate|boost
|-unboost|p1a: Nidoking|atk|1
|
|upkeep
|turn|7
|
|t:|1662498061
|switch|p2a: Corviknight|Corviknight, M|100/100
|-ability|p2a: Corviknight|Pressure
|move|p1a: Nidoking|Ice Beam|p2a: Corviknight
|-damage|p2a: Corviknight|61/100
|
|-heal|p2a: Corviknight|67/100|[from] item: Leftovers
|upkeep
|turn|8
|
|t:|1662498066
|switch|p2a: Heatran|Heatran, F|85/100
|move|p1a: Nidoking|Thunderbolt|p2a: Heatran
|-damage|p2a: Heatran|57/100
|
|-heal|p2a: Heatran|63/100|[from] item: Leftovers
|upkeep
|turn|9
|
|t:|1662498071
|switch|p2a: Urshifu|Urshifu-Rapid-Strike, M|100/100
|move|p1a: Nidoking|Earth Power|p2a: Urshifu
|-damage|p2a: Urshifu|0 fnt
|faint|p2a: Urshifu
|
|upkeep
|
|t:|1662498075
|switch|p2a: Dragapult|Dragapult, M, shiny|100/100
|turn|10
|
|t:|1662498079
|move|p2a: Dragapult|U-turn|p1a: Nidoking
|-resisted|p1a: Nidoking
|-damage|p1a: Nidoking|88/100
|
|t:|1662498087
|switch|p2a: Heatran|Heatran, F|63/100|[from]move: U-turn
|move|p1a: Nidoking|Ice Beam|p2a: Heatran
|-resisted|p2a: Heatran
|-damage|p2a: Heatran|57/100
|
|-heal|p2a: Heatran|63/100|[from] item: Leftovers
|upkeep
|turn|11
|
|t:|1662498093
|move|p1a: Nidoking|Earth Power|p2a: Heatran
|-supereffective|p2a: Heatran
|-damage|p2a: Heatran|0 fnt
|faint|p2a: Heatran
|
|upkeep
|
|t:|1662498107
|switch|p2a: Dragapult|Dragapult, M, shiny|100/100
|turn|12
|
|t:|1662498114
|switch|p1a: Clefable|Clefable, M|23/100
|move|p2a: Dragapult|Draco Meteor|p1a: Clefable
|-immune|p1a: Clefable
|
|-heal|p1a: Clefable|29/100|[from] item: Leftovers
|upkeep
|turn|13
|
|t:|1662498119
|switch|p2a: Tapu Lele|Tapu Lele|77/100
|-fieldstart|move: Psychic Terrain|[from] ability: Psychic Surge|[of] p2a: Tapu Lele
|move|p1a: Clefable|Soft-Boiled|p1a: Clefable
|-heal|p1a: Clefable|79/100
|
|-heal|p1a: Clefable|85/100|[from] item: Leftovers
|upkeep
|turn|14
|
|t:|1662498127
|switch|p1a: Victini|Victini|69/100
|move|p2a: Tapu Lele|Psychic|p1a: Victini
|-resisted|p1a: Victini
|-damage|p1a: Victini|33/100
|
|upkeep
|turn|15
|
|t:|1662498135
|switch|p2a: Landorus|Landorus-Therian, M|100/100
|-ability|p2a: Landorus|Intimidate|boost
|-unboost|p1a: Victini|atk|1
|move|p1a: Victini|Glaciate|p2a: Landorus
|-supereffective|p2a: Landorus
|-damage|p2a: Landorus|59/100
|-unboost|p2a: Landorus|spe|1
|
|-heal|p2a: Landorus|65/100|[from] item: Leftovers
|upkeep
|turn|16
|
|t:|1662498143
|move|p1a: Victini|U-turn|p2a: Landorus
|-resisted|p2a: Landorus
|-damage|p2a: Landorus|58/100
|
|t:|1662498149
|switch|p1a: Buzzwole|Buzzwole|100/100|[from]move: U-turn
|move|p2a: Landorus|U-turn|p1a: Buzzwole
|-resisted|p1a: Buzzwole
|-damage|p1a: Buzzwole|93/100
|-damage|p2a: Landorus|42/100|[from] item: Rocky Helmet|[of] p1a: Buzzwole
|
|t:|1662498152
|switch|p2a: Tapu Lele|Tapu Lele|77/100|[from]move: U-turn
|
|upkeep
|turn|17
|
|t:|1662498158
|move|p2a: Tapu Lele|Psychic|p1a: Buzzwole
|-supereffective|p1a: Buzzwole
|-damage|p1a: Buzzwole|0 fnt
|faint|p1a: Buzzwole
|
|-fieldend|move: Psychic Terrain
|upkeep
|
|t:|1662498167
|switch|p1a: Kartana|Kartana|100/100
|turn|18
|
|t:|1662498170
|switch|p1a: Victini|Victini|33/100
|switch|p2a: Corviknight|Corviknight, M|67/100
|-ability|p2a: Corviknight|Pressure
|
|-heal|p2a: Corviknight|74/100|[from] item: Leftovers
|upkeep
|turn|19
|
|t:|1662498178
|switch|p2a: Dragapult|Dragapult, M, shiny|100/100
|move|p1a: Victini|V-create|p2a: Dragapult
|-resisted|p2a: Dragapult
|-damage|p2a: Dragapult|46/100
|-unboost|p1a: Victini|spe|1
|-unboost|p1a: Victini|def|1
|-unboost|p1a: Victini|spd|1
|
|upkeep
|turn|20
|
|t:|1662498191
|switch|p1a: Clefable|Clefable, M|85/100
|move|p2a: Dragapult|Shadow Ball|p1a: Clefable
|-damage|p1a: Clefable|42/100
|-unboost|p1a: Clefable|spd|1
|
|-heal|p1a: Clefable|48/100|[from] item: Leftovers
|upkeep
|turn|21
|l| Miguel Salzar
|
|t:|1662498217
|move|p2a: Dragapult|Shadow Ball|p1a: Clefable
|-crit|p1a: Clefable
|-damage|p1a: Clefable|0 fnt
|faint|p1a: Clefable
|
|upkeep
|
|t:|1662498226
|switch|p1a: Kartana|Kartana|100/100
|turn|22
|
|t:|1662498231
|switch|p1a: Victini|Victini|33/100
|switch|p2a: Corviknight|Corviknight, M|74/100
|-ability|p2a: Corviknight|Pressure
|
|-heal|p2a: Corviknight|80/100|[from] item: Leftovers
|upkeep
|turn|23
|
|t:|1662498239
|switch|p2a: Landorus|Landorus-Therian, M|42/100
|-ability|p2a: Landorus|Intimidate|boost
|-unboost|p1a: Victini|atk|1
|move|p1a: Victini|Glaciate|p2a: Landorus
|-supereffective|p2a: Landorus
|-damage|p2a: Landorus|0 fnt
|faint|p2a: Landorus
|
|upkeep
|
|t:|1662498243
|switch|p2a: Dragapult|Dragapult, M, shiny|46/100
|turn|24
|
|t:|1662498253
|move|p2a: Dragapult|Shadow Ball|p1a: Victini
|-supereffective|p1a: Victini
|-damage|p1a: Victini|0 fnt
|faint|p1a: Victini
|
|upkeep
|
|t:|1662498259
|switch|p1a: Kartana|Kartana|100/100
|turn|25
|
|t:|1662498266
|switch|p2a: Corviknight|Corviknight, M|80/100
|-ability|p2a: Corviknight|Pressure
|move|p1a: Kartana|Knock Off|p2a: Corviknight
|-damage|p2a: Corviknight|50/100
|-enditem|p2a: Corviknight|Leftovers|[from] move: Knock Off|[of] p1a: Kartana
|
|upkeep
|turn|26
|
|t:|1662498274
|switch|p1a: Zapdos|Zapdos|94/100 tox
|move|p2a: Corviknight|U-turn|p1a: Zapdos
|-resisted|p1a: Zapdos
|-damage|p1a: Zapdos|88/100 tox
|
|t:|1662498277
|switch|p2a: Tapu Lele|Tapu Lele|77/100|[from]move: U-turn
|-fieldstart|move: Psychic Terrain|[from] ability: Psychic Surge|[of] p2a: Tapu Lele
|
|-damage|p1a: Zapdos|82/100 tox|[from] psn
|upkeep
|turn|27
|
|t:|1662498287
|move|p2a: Tapu Lele|Psychic|p1a: Zapdos
|-damage|p1a: Zapdos|17/100 tox
|move|p1a: Zapdos|Discharge|p2a: Tapu Lele
|-damage|p2a: Tapu Lele|40/100
|-status|p2a: Tapu Lele|par
|
|-damage|p1a: Zapdos|5/100 tox|[from] psn
|upkeep
|turn|28
|
|t:|1662498295
|move|p1a: Zapdos|Roost|p1a: Zapdos
|-heal|p1a: Zapdos|56/100 tox
|-singleturn|p1a: Zapdos|move: Roost
|move|p2a: Tapu Lele|Psychic|p1a: Zapdos
|-damage|p1a: Zapdos|0 fnt
|faint|p1a: Zapdos
|
|upkeep
|
|t:|1662498325
|switch|p1a: Kartana|Kartana|100/100
|turn|29
|
|t:|1662498330
|move|p1a: Kartana|Knock Off|p2a: Tapu Lele
|-damage|p2a: Tapu Lele|0 fnt
|faint|p2a: Tapu Lele
|-ability|p1a: Kartana|Beast Boost|boost
|-boost|p1a: Kartana|atk|1
|
|upkeep
|
|t:|1662498333
|switch|p2a: Corviknight|Corviknight, M|50/100
|-ability|p2a: Corviknight|Pressure
|turn|30
|j| yung souljahwitch
|
|t:|1662498337
|switch|p1a: Nidoking|Nidoking, M|88/100
|move|p2a: Corviknight|Roost|p2a: Corviknight
|-heal|p2a: Corviknight|99/100
|-singleturn|p2a: Corviknight|move: Roost
|
|-fieldend|move: Psychic Terrain
|upkeep
|turn|31
|
|t:|1662498348
|move|p1a: Nidoking|Ice Beam|p2a: Corviknight
|-damage|p2a: Corviknight|62/100
|move|p2a: Corviknight|U-turn|p1a: Nidoking
|-resisted|p1a: Nidoking
|-damage|p1a: Nidoking|79/100
|
|t:|1662498350
|switch|p2a: Dragapult|Dragapult, M, shiny|46/100|[from]move: U-turn
|
|upkeep
|turn|32
|
|t:|1662498362
|move|p2a: Dragapult|Draco Meteor|p1a: Nidoking|[miss]
|-miss|p2a: Dragapult|p1a: Nidoking
|move|p1a: Nidoking|Ice Beam|p2a: Dragapult
|-supereffective|p2a: Dragapult
|-damage|p2a: Dragapult|0 fnt
|faint|p2a: Dragapult
|
|upkeep
|-message|Justin UA forfeited.
|
|win|Tactical_Foul
|raw|Tactical_Foul's rating: 1714 &rarr; <strong>1731</strong><br />(+17 for winning)
|raw|Justin UA's rating: 1661 &rarr; <strong>1644</strong><br />(-17 for losing)
|l|☆Justin UA
