|html|<div class="broadcast-blue"><strong>[Gen 8] OU is currently suspecting Melmetal! For information on how to participate check out the <a href="https://www.smogon.com/forums/threads/np-ss-ou-suspect-process-round-12-monster-mash.3709234/">suspect thread</a>.</strong></div>
|j|☆Elite4donovan
|j|☆little lee luda
|t:|1666562587
|gametype|singles
|player|p1|Elite4donovan|lucas|1516
|player|p2|little lee luda|2|1524
|teamsize|p1|6
|teamsize|p2|6
|gen|8
|tier|[Gen 8] OU
|rated|
|rule|Sleep Clause Mod: Limit one foe put to sleep
|rule|Species Clause: Limit one of each Pokémon
|rule|OHKO Clause: OHKO moves are banned
|rule|Evasion Items Clause: Evasion items are banned
|rule|Evasion Moves Clause: Evasion moves are banned
|rule|Endless Battle Clause: Forcing endless battles is banned
|rule|HP Percentage Mod: HP is shown in percentages
|rule|Dynamax Clause: You cannot dynamax
|clearpoke
|poke|p1|Ninetales-Alola, F|
|poke|p1|Eiscue, F|
|poke|p1|Arctozolt|
|poke|p1|Mandibuzz, F|
|poke|p1|Landorus-Therian, M|
|poke|p1|Volcanion|
|poke|p2|Urshifu-*, F|
|poke|p2|Tyranitar, F|
|poke|p2|Excadrill, M|
|poke|p2|Zapdos|
|poke|p2|Ferrothorn, M|
|poke|p2|Tapu Lele|
|teampreview
|
|t:|1666562598
|start
|switch|p1a: Blingus|Eiscue, F|100/100
|switch|p2a: Tyranitar|Tyranitar, F|100/100
|-weather|Sandstorm|[from] ability: Sand Stream|[of] p2a: Tyranitar
|turn|1
|
|t:|1666562612
|switch|p2a: Ferrothorn|Ferrothorn, M|100/100
|move|p1a: Blingus|Whirlpool|p2a: Ferrothorn
|-resisted|p2a: Ferrothorn
|-crit|p2a: Ferrothorn
|-damage|p2a: Ferrothorn|96/100
|-activate|p2a: Ferrothorn|move: Whirlpool|[of] p1a: Blingus
|
|-weather|Sandstorm|[upkeep]
|-damage|p1a: Blingus|94/100|[from] Sandstorm
|-heal|p2a: Ferrothorn|100/100|[from] item: Leftovers
|-damage|p2a: Ferrothorn|88/100|[from] move: Whirlpool|[partiallytrapped]
|upkeep
|turn|2
|
|t:|1666562624
|move|p1a: Blingus|Freeze-Dry|p2a: Ferrothorn
|-damage|p2a: Ferrothorn|72/100
|move|p2a: Ferrothorn|Stealth Rock|p1a: Blingus
|-sidestart|p1: Elite4donovan|move: Stealth Rock
|
|-weather|Sandstorm|[upkeep]
|-damage|p1a: Blingus|88/100|[from] Sandstorm
|-heal|p2a: Ferrothorn|78/100|[from] item: Leftovers
|-damage|p2a: Ferrothorn|66/100|[from] move: Whirlpool|[partiallytrapped]
|upkeep
|turn|3
|j| Zardothy
|
|t:|1666562628
|move|p1a: Blingus|Protect|p1a: Blingus
|-singleturn|p1a: Blingus|Protect
|move|p2a: Ferrothorn|Body Press|p1a: Blingus
|-activate|p1a: Blingus|move: Protect
|
|-weather|Sandstorm|[upkeep]
|-damage|p1a: Blingus|82/100|[from] Sandstorm
|-heal|p2a: Ferrothorn|72/100|[from] item: Leftovers
|-damage|p2a: Ferrothorn|59/100|[from] move: Whirlpool|[partiallytrapped]
|upkeep
|turn|4
|
|t:|1666562630
|move|p1a: Blingus|Freeze-Dry|p2a: Ferrothorn
|-damage|p2a: Ferrothorn|42/100
|move|p2a: Ferrothorn|Body Press|p1a: Blingus
|-activate|p1a: Blingus|ability: Ice Face
|-damage|p1a: Blingus|82/100
|-damage|p2a: Ferrothorn|25/100|[from] item: Rocky Helmet|[of] p1a: Blingus
|detailschange|p1a: Blingus|Eiscue-Noice, F
|
|-weather|Sandstorm|[upkeep]
|-damage|p1a: Blingus|76/100|[from] Sandstorm
|-heal|p2a: Ferrothorn|31/100|[from] item: Leftovers
|-damage|p2a: Ferrothorn|19/100|[from] move: Whirlpool|[partiallytrapped]
|upkeep
|turn|5
|
|t:|1666562633
|move|p1a: Blingus|Protect|p1a: Blingus
|-singleturn|p1a: Blingus|Protect
|move|p2a: Ferrothorn|Leech Seed|p1a: Blingus
|-activate|p1a: Blingus|move: Protect
|
|-weather|none
|-heal|p2a: Ferrothorn|25/100|[from] item: Leftovers
|-end|p2a: Ferrothorn|Whirlpool|[partiallytrapped]
|upkeep
|turn|6
|
|t:|1666562645
|switch|p2a: Tyranitar|Tyranitar, F|100/100
|-weather|Sandstorm|[from] ability: Sand Stream|[of] p2a: Tyranitar
|move|p1a: Blingus|Hail|p1a: Blingus
|-weather|Hail
|-activate|p1a: Blingus|ability: Ice Face
|detailschange|p1a: Blingus|Eiscue, F
|
|-weather|Hail|[upkeep]
|-damage|p2a: Tyranitar|94/100|[from] Hail
|upkeep
|turn|7
|
|t:|1666562649
|move|p2a: Tyranitar|Crunch|p1a: Blingus
|-activate|p1a: Blingus|ability: Ice Face
|-damage|p1a: Blingus|76/100
|-damage|p2a: Tyranitar|78/100|[from] item: Rocky Helmet|[of] p1a: Blingus
|detailschange|p1a: Blingus|Eiscue-Noice, F
|move|p1a: Blingus|Whirlpool|p2a: Tyranitar
|-supereffective|p2a: Tyranitar
|-damage|p2a: Tyranitar|63/100
|-activate|p2a: Tyranitar|move: Whirlpool|[of] p1a: Blingus
|
|-weather|Hail|[upkeep]
|-damage|p2a: Tyranitar|57/100|[from] Hail
|-damage|p2a: Tyranitar|44/100|[from] move: Whirlpool|[partiallytrapped]
|upkeep
|turn|8
|
|t:|1666562653
|move|p1a: Blingus|Protect|p1a: Blingus
|-singleturn|p1a: Blingus|Protect
|move|p2a: Tyranitar|Crunch|p1a: Blingus
|-activate|p1a: Blingus|move: Protect
|
|-weather|Hail|[upkeep]
|-damage|p2a: Tyranitar|38/100|[from] Hail
|-damage|p2a: Tyranitar|26/100|[from] move: Whirlpool|[partiallytrapped]
|upkeep
|turn|9
|
|t:|1666562659
|switch|p1a: Mandibuzz|Mandibuzz, F|100/100
|move|p2a: Tyranitar|Crunch|p1a: Mandibuzz
|-resisted|p1a: Mandibuzz
|-damage|p1a: Mandibuzz|77/100
|
|-weather|Hail|[upkeep]
|-damage|p2a: Tyranitar|20/100|[from] Hail
|-end|p2a: Tyranitar|Whirlpool|[partiallytrapped]|[silent]
|upkeep
|turn|10
|
|t:|1666562665
|switch|p2a: Zapdos|Zapdos|100/100
|move|p1a: Mandibuzz|Defog|p2a: Zapdos
|-unboost|p2a: Zapdos|evasion|1
|-sideend|p1: Elite4donovan|Stealth Rock|[from] move: Defog|[of] p1a: Mandibuzz
|
|-weather|none
|upkeep
|turn|11
|
|t:|1666562675
|switch|p2a: Ferrothorn|Ferrothorn, M|25/100
|switch|p1a: Ninetales|Ninetales-Alola, F|100/100
|-weather|Hail|[from] ability: Snow Warning|[of] p1a: Ninetales
|
|-weather|Hail|[upkeep]
|-damage|p2a: Ferrothorn|19/100|[from] Hail
|-heal|p2a: Ferrothorn|25/100|[from] item: Leftovers
|upkeep
|turn|12
|
|t:|1666562680
|switch|p2a: Tyranitar|Tyranitar, F|20/100
|-weather|Sandstorm|[from] ability: Sand Stream|[of] p2a: Tyranitar
|move|p1a: Ninetales|Hypnosis|p2a: Tyranitar|[miss]
|-miss|p1a: Ninetales|p2a: Tyranitar
|
|-weather|Sandstorm|[upkeep]
|-damage|p1a: Ninetales|94/100|[from] Sandstorm
|upkeep
|turn|13
|
|t:|1666562694
|switch|p1a: Landorus|Landorus-Therian, M|100/100
|-ability|p1a: Landorus|Intimidate|boost
|-unboost|p2a: Tyranitar|atk|1
|move|p2a: Tyranitar|Stone Edge|p1a: Landorus
|-damage|p1a: Landorus|29/100
|
|-weather|Sandstorm|[upkeep]
|upkeep
|turn|14
|
|t:|1666562703
|switch|p2a: Zapdos|Zapdos|100/100
|move|p1a: Landorus|U-turn|p2a: Zapdos
|-resisted|p2a: Zapdos
|-damage|p2a: Zapdos|90/100
|
|t:|1666562708
|switch|p1a: Ninetales|Ninetales-Alola, F|94/100|[from]move: U-turn
|-weather|Hail|[from] ability: Snow Warning|[of] p1a: Ninetales
|
|-weather|Hail|[upkeep]
|-damage|p2a: Zapdos|84/100|[from] Hail
|upkeep
|turn|15
|
|t:|1666562721
|switch|p1a: Arctozolt|Arctozolt|100/100
|switch|p2a: Tyranitar|Tyranitar, F|20/100
|-weather|Sandstorm|[from] ability: Sand Stream|[of] p2a: Tyranitar
|
|-weather|Sandstorm|[upkeep]
|-damage|p1a: Arctozolt|94/100|[from] Sandstorm
|-heal|p1a: Arctozolt|100/100|[from] item: Leftovers
|upkeep
|turn|16
|
|t:|1666562730
|switch|p2a: Excadrill|Excadrill, M|100/100
|move|p1a: Arctozolt|Bolt Beak|p2a: Excadrill
|-immune|p2a: Excadrill
|
|-weather|Sandstorm|[upkeep]
|-damage|p1a: Arctozolt|94/100|[from] Sandstorm
|-heal|p1a: Arctozolt|100/100|[from] item: Leftovers
|upkeep
|turn|17
|j| Kyurem
|
|t:|1666562735
|switch|p1a: Mandibuzz|Mandibuzz, F|77/100
|move|p2a: Excadrill|Rock Slide|p1a: Mandibuzz
|-supereffective|p1a: Mandibuzz
|-damage|p1a: Mandibuzz|18/100
|
|-weather|Sandstorm|[upkeep]
|upkeep
|turn|18
|
|t:|1666562748
|switch|p1a: Ninetales|Ninetales-Alola, F|94/100
|-weather|Hail|[from] ability: Snow Warning|[of] p1a: Ninetales
|move|p2a: Excadrill|Rock Slide|p1a: Ninetales
|-supereffective|p1a: Ninetales
|-damage|p1a: Ninetales|0 fnt
|faint|p1a: Ninetales
|
|-weather|Hail|[upkeep]
|-damage|p2a: Excadrill|94/100|[from] Hail
|upkeep
|
|t:|1666562753
|switch|p1a: Blingus|Eiscue-Noice, F|76/100
|-activate|p1a: Blingus|ability: Ice Face
|detailschange|p1a: Blingus|Eiscue, F
|turn|19
|
|t:|1666562764
|switch|p2a: Ferrothorn|Ferrothorn, M|25/100
|move|p1a: Blingus|Whirlpool|p2a: Ferrothorn
|-resisted|p2a: Ferrothorn
|-damage|p2a: Ferrothorn|22/100
|-activate|p2a: Ferrothorn|move: Whirlpool|[of] p1a: Blingus
|
|-weather|Hail|[upkeep]
|-damage|p2a: Ferrothorn|16/100|[from] Hail
|-heal|p2a: Ferrothorn|22/100|[from] item: Leftovers
|-damage|p2a: Ferrothorn|10/100|[from] move: Whirlpool|[partiallytrapped]
|upkeep
|turn|20
|
|t:|1666562770
|move|p1a: Blingus|Freeze-Dry|p2a: Ferrothorn
|-damage|p2a: Ferrothorn|0 fnt
|faint|p2a: Ferrothorn
|
|-weather|Hail|[upkeep]
|upkeep
|j| skipothy
|
|t:|1666562782
|switch|p2a: Urshifu|Urshifu-Rapid-Strike, F|100/100
|turn|21
|
|t:|1666562790
|move|p2a: Urshifu|Surging Strikes|p1a: Blingus
|-activate|p1a: Blingus|ability: Ice Face
|-damage|p1a: Blingus|76/100
|detailschange|p1a: Blingus|Eiscue-Noice, F
|-crit|p1a: Blingus
|-damage|p1a: Blingus|44/100
|-crit|p1a: Blingus
|-damage|p1a: Blingus|13/100
|-hitcount|p1a: Blingus|3
|move|p1a: Blingus|Freeze-Dry|p2a: Urshifu
|-supereffective|p2a: Urshifu
|-damage|p2a: Urshifu|27/100
|
|-weather|Hail|[upkeep]
|-damage|p2a: Urshifu|20/100|[from] Hail
|upkeep
|turn|22
|
|t:|1666562803
|move|p1a: Blingus|Freeze-Dry|p2a: Urshifu
|-supereffective|p2a: Urshifu
|-damage|p2a: Urshifu|0 fnt
|faint|p2a: Urshifu
|
|-weather|Hail|[upkeep]
|upkeep
|
|t:|1666562807
|switch|p2a: Tapu Lele|Tapu Lele, shiny|100/100
|-fieldstart|move: Psychic Terrain|[from] ability: Psychic Surge|[of] p2a: Tapu Lele
|turn|23
|
|t:|1666562811
|move|p1a: Blingus|Protect|p1a: Blingus
|-singleturn|p1a: Blingus|Protect
|move|p2a: Tapu Lele|Moonblast|p1a: Blingus
|-activate|p1a: Blingus|move: Protect
|
|-weather|Hail|[upkeep]
|-damage|p2a: Tapu Lele|94/100|[from] Hail
|upkeep
|turn|24
|
|t:|1666562812
|switch|p1a: Volcanion|Volcanion|100/100
|move|p2a: Tapu Lele|Moonblast|p1a: Volcanion
|-resisted|p1a: Volcanion
|-damage|p1a: Volcanion|68/100
|
|-weather|Hail|[upkeep]
|-damage|p2a: Tapu Lele|88/100|[from] Hail
|-damage|p1a: Volcanion|62/100|[from] Hail
|upkeep
|turn|25
|l| skipothy
|
|t:|1666562823
|switch|p2a: Zapdos|Zapdos|84/100
|move|p1a: Volcanion|Steam Eruption|p2a: Zapdos
|-damage|p2a: Zapdos|27/100
|
|-weather|none
|upkeep
|turn|26
|
|t:|1666562832
|switch|p1a: Landorus|Landorus-Therian, M|29/100
|-ability|p1a: Landorus|Intimidate|boost
|-unboost|p2a: Zapdos|atk|1
|move|p2a: Zapdos|Volt Switch|p1a: Landorus
|-immune|p1a: Landorus
|
|upkeep
|turn|27
|
|t:|1666562833
|move|p1a: Landorus|Knock Off|p2a: Zapdos
|-damage|p2a: Zapdos|0 fnt
|-enditem|p2a: Zapdos|Heavy-Duty Boots|[from] move: Knock Off|[of] p1a: Landorus
|faint|p2a: Zapdos
|
|-fieldend|move: Psychic Terrain
|upkeep
|
|t:|1666562843
|switch|p2a: Tyranitar|Tyranitar, F|20/100
|-weather|Sandstorm|[from] ability: Sand Stream|[of] p2a: Tyranitar
|turn|28
|
|t:|1666562846
|switch|p1a: Mandibuzz|Mandibuzz, F|18/100
|move|p2a: Tyranitar|Crunch|p1a: Mandibuzz
|-resisted|p1a: Mandibuzz
|-damage|p1a: Mandibuzz|0 fnt
|faint|p1a: Mandibuzz
|
|-weather|Sandstorm|[upkeep]
|upkeep
|
|t:|1666562852
|switch|p1a: Blingus|Eiscue-Noice, F|13/100
|turn|29
|
|t:|1666562861
|switch|p2a: Tapu Lele|Tapu Lele, shiny|88/100
|-fieldstart|move: Psychic Terrain|[from] ability: Psychic Surge|[of] p2a: Tapu Lele
|move|p1a: Blingus|Hail|p1a: Blingus
|-weather|Hail
|-activate|p1a: Blingus|ability: Ice Face
|detailschange|p1a: Blingus|Eiscue, F
|
|-weather|Hail|[upkeep]
|-damage|p2a: Tapu Lele|82/100|[from] Hail
|upkeep
|turn|30
|
|t:|1666562883
|switch|p1a: Arctozolt|Arctozolt|100/100
|move|p2a: Tapu Lele|Moonblast|p1a: Arctozolt
|-damage|p1a: Arctozolt|28/100
|-unboost|p1a: Arctozolt|spa|1
|
|-weather|Hail|[upkeep]
|-damage|p2a: Tapu Lele|76/100|[from] Hail
|-heal|p1a: Arctozolt|34/100|[from] item: Leftovers
|upkeep
|turn|31
|
|t:|1666562962
|move|p2a: Tapu Lele|Moonblast|p1a: Arctozolt
|-damage|p1a: Arctozolt|0 fnt
|faint|p1a: Arctozolt
|
|-weather|Hail|[upkeep]
|-damage|p2a: Tapu Lele|70/100|[from] Hail
|upkeep
|
|t:|1666562973
|switch|p1a: Landorus|Landorus-Therian, M|29/100
|-ability|p1a: Landorus|Intimidate|boost
|-unboost|p2a: Tapu Lele|atk|1
|turn|32
|
|t:|1666562981
|move|p2a: Tapu Lele|Moonblast|p1a: Landorus
|-crit|p1a: Landorus
|-damage|p1a: Landorus|0 fnt
|faint|p1a: Landorus
|
|-weather|Hail|[upkeep]
|-damage|p2a: Tapu Lele|64/100|[from] Hail
|upkeep
|c|☆Elite4donovan|gg
|-message|Elite4donovan forfeited.
|
|win|little lee luda
|raw|Elite4donovan's rating: 1516 &rarr; <strong>1496</strong><br />(-20 for losing)
|raw|little lee luda's rating: 1524 &rarr; <strong>1544</strong><br />(+20 for winning)
|c|☆little lee luda|demonic penguin
|c|☆little lee luda|gg
|c|☆little lee luda|i forgot it got faster
|l| Zardothy
|c|☆little lee luda|lol
