|raw|<div class="broadcast-blue"><strong>This battle is required to be public due to a player having a name prefixed by 'LT71LX'.</div>
|j|☆Lenape
|j|☆LT71LXJaggermaster
|t:|1596748685
|player|p1|Lenape|169|1854
|player|p2|LT71LXJaggermaster|scientist-gen4|1940
|teamsize|p1|6
|teamsize|p2|6
|gametype|singles
|gen|8
|tier|[Gen 8] OU
|rated|
|clearpoke
|poke|p1|Talonflame, F|
|poke|p1|Corviknight, F|
|poke|p1|Sylveon, F|
|poke|p1|Rhyperior, F|
|poke|p1|Toxapex, M|
|poke|p1|Umbreon, M|
|poke|p2|Gengar, M|
|poke|p2|Rhyperior, M|
|poke|p2|Urshifu-*, F|
|poke|p2|Rillaboom, F|
|poke|p2|Azumarill, F|
|poke|p2|Reuniclus, F|
|rule|Sleep Clause Mod: Limit one foe put to sleep
|rule|Species Clause: Limit one of each Pokémon
|rule|OHKO Clause: OHKO moves are banned
|rule|Evasion Moves Clause: Evasion moves are banned
|rule|Endless Battle Clause: Forcing endless battles is banned
|rule|HP Percentage Mod: HP is shown in percentages
|rule|Dynamax Clause: You cannot dynamax
|teampreview
|j| Ainzcrad
|j| LT71LX Amir
|j| LT71LX 64
|j| LT71LX NIKO
|j| LUCK>SKILL
|j| LT71LX MegaLucario
|j| Tace
|inactive|Battle timer is ON: inactive players will automatically lose when time's up. (requested by Lenape)
|j| davidTheMaster
|j| Quartos
|l| davidTheMaster
|
|t:|1596748731
|start
|switch|p1a: Toxapex|Toxapex, M|100/100
|switch|p2a: Urshifu|Urshifu, F|100/100
|turn|1
|j| WildWave ☾★
|j| Rtyuuu
|
|t:|1596748753
|move|p2a: Urshifu|Bulk Up|p2a: Urshifu
|-boost|p2a: Urshifu|atk|1
|-boost|p2a: Urshifu|def|1
|move|p1a: Toxapex|Toxic|p2a: Urshifu
|-status|p2a: Urshifu|tox
|
|-damage|p2a: Urshifu|94/100 tox|[from] psn
|upkeep
|turn|2
|l| Rtyuuu
|
|t:|1596748761
|move|p2a: Urshifu|Wicked Blow|p1a: Toxapex
|-crit|p1a: Toxapex
|-damage|p1a: Toxapex|17/100
|-damage|p2a: Urshifu|84/100 tox|[from] item: Life Orb
|move|p1a: Toxapex|Scald|p2a: Urshifu
|-damage|p2a: Urshifu|60/100 tox
|
|-heal|p1a: Toxapex|23/100|[from] item: Black Sludge
|-damage|p2a: Urshifu|47/100 tox|[from] psn
|upkeep
|turn|3
|
|t:|1596748773
|switch|p1a: Umbreon|Umbreon, M|100/100
|move|p2a: Urshifu|Close Combat|p1a: Umbreon
|-supereffective|p1a: Umbreon
|-damage|p1a: Umbreon|0 fnt
|-unboost|p2a: Urshifu|def|1
|-unboost|p2a: Urshifu|spd|1
|-damage|p2a: Urshifu|37/100 tox|[from] item: Life Orb
|faint|p1a: Umbreon
|
|-damage|p2a: Urshifu|19/100 tox|[from] psn
|upkeep
|
|t:|1596748778
|switch|p1a: Toxapex|Toxapex, M|56/100
|turn|4
|j| LT71LX Kyun
|j| AltCauseImInsecure
|j| lt71lx slainey
|
|t:|1596748790
|switch|p1a: Sylveon|Sylveon, F|100/100
|move|p2a: Urshifu|Wicked Blow|p1a: Sylveon
|-resisted|p1a: Sylveon
|-crit|p1a: Sylveon
|-damage|p1a: Sylveon|12/100
|-damage|p2a: Urshifu|9/100 tox|[from] item: Life Orb
|
|-heal|p1a: Sylveon|18/100|[from] item: Leftovers
|-damage|p2a: Urshifu|0 fnt|[from] psn
|faint|p2a: Urshifu
|upkeep
|j| xShibaTatsuya 司波達也
|l| WildWave ☾★
|j| LT71LX EGC
|j| lt71lx leo
|l| lt71lx leo
|inactive|LT71LXJaggermaster has 120 seconds left.
|
|t:|1596748822
|switch|p2a: Rillaboom|Rillaboom, F|100/100
|-fieldstart|move: Grassy Terrain|[from] ability: Grassy Surge|[of] p2a: Rillaboom
|turn|5
|inactive|LT71LXJaggermaster has 120 seconds left.
|
|t:|1596748827
|move|p2a: Rillaboom|Knock Off|p1a: Sylveon
|-resisted|p1a: Sylveon
|-damage|p1a: Sylveon|0 fnt
|-enditem|p1a: Sylveon|Leftovers|[from] move: Knock Off|[of] p2a: Rillaboom
|-damage|p2a: Rillaboom|91/100|[from] item: Life Orb
|faint|p1a: Sylveon
|
|-heal|p2a: Rillaboom|97/100|[from] Grassy Terrain
|upkeep
|
|t:|1596748832
|switch|p1a: Corviknight|Corviknight, F|100/100
|-ability|p1a: Corviknight|Pressure
|turn|6
|l| AltCauseImInsecure
|inactive|LT71LXJaggermaster has 120 seconds left.
|
|t:|1596748849
|switch|p2a: Reuniclus|Reuniclus, F|100/100
|-enditem|p2a: Reuniclus|Grassy Seed
|-boost|p2a: Reuniclus|def|1|[from] item: Grassy Seed
|move|p1a: Corviknight|Substitute|p1a: Corviknight
|-start|p1a: Corviknight|Substitute
|-damage|p1a: Corviknight|75/100
|
|-heal|p1a: Corviknight|82/100|[from] item: Leftovers
|upkeep
|turn|7
|
|t:|1596748857
|move|p1a: Corviknight|Bulk Up|p1a: Corviknight
|-boost|p1a: Corviknight|atk|1
|-boost|p1a: Corviknight|def|1
|move|p2a: Reuniclus|Calm Mind|p2a: Reuniclus
|-boost|p2a: Reuniclus|spa|1
|-boost|p2a: Reuniclus|spd|1
|
|-heal|p1a: Corviknight|88/100|[from] item: Leftovers
|upkeep
|turn|8
|j| LT71LX Treyvion
|
|t:|1596748867
|move|p1a: Corviknight|Bulk Up|p1a: Corviknight
|-boost|p1a: Corviknight|atk|1
|-boost|p1a: Corviknight|def|1
|move|p2a: Reuniclus|Thunder|p1a: Corviknight|[miss]
|-miss|p2a: Reuniclus|p1a: Corviknight
|
|-heal|p1a: Corviknight|94/100|[from] item: Leftovers
|upkeep
|turn|9
|
|t:|1596748873
|move|p1a: Corviknight|Bulk Up|p1a: Corviknight
|-boost|p1a: Corviknight|atk|1
|-boost|p1a: Corviknight|def|1
|move|p2a: Reuniclus|Thunder|p1a: Corviknight
|-supereffective|p1a: Corviknight
|-end|p1a: Corviknight|Substitute
|
|-heal|p1a: Corviknight|100/100|[from] item: Leftovers
|-fieldend|move: Grassy Terrain
|upkeep
|turn|10
|
|t:|1596748877
|move|p1a: Corviknight|Substitute|p1a: Corviknight
|-start|p1a: Corviknight|Substitute
|-damage|p1a: Corviknight|75/100
|move|p2a: Reuniclus|Thunder|p1a: Corviknight
|-supereffective|p1a: Corviknight
|-end|p1a: Corviknight|Substitute
|
|-heal|p1a: Corviknight|82/100|[from] item: Leftovers
|upkeep
|turn|11
|j| Hoenn(❤)Life
|l| Tace
|inactive|LT71LXJaggermaster has 120 seconds left.
|
|t:|1596748909
|move|p1a: Corviknight|Substitute|p1a: Corviknight
|-start|p1a: Corviknight|Substitute
|-damage|p1a: Corviknight|57/100
|move|p2a: Reuniclus|Thunder|p1a: Corviknight
|-supereffective|p1a: Corviknight
|-end|p1a: Corviknight|Substitute
|
|-heal|p1a: Corviknight|63/100|[from] item: Leftovers
|upkeep
|turn|12
|
|t:|1596748914
|move|p1a: Corviknight|Substitute|p1a: Corviknight
|-start|p1a: Corviknight|Substitute
|-damage|p1a: Corviknight|38/100
|move|p2a: Reuniclus|Thunder|p1a: Corviknight
|-supereffective|p1a: Corviknight
|-end|p1a: Corviknight|Substitute
|
|-heal|p1a: Corviknight|44/100|[from] item: Leftovers
|upkeep
|turn|13
|
|t:|1596748919
|move|p1a: Corviknight|Roost|p1a: Corviknight
|-heal|p1a: Corviknight|94/100
|-singleturn|p1a: Corviknight|move: Roost
|move|p2a: Reuniclus|Thunder|p1a: Corviknight
|-damage|p1a: Corviknight|50/100
|-status|p1a: Corviknight|par
|
|-heal|p1a: Corviknight|56/100 par|[from] item: Leftovers
|upkeep
|turn|14
|
|t:|1596748933
|move|p2a: Reuniclus|Thunder|p1a: Corviknight
|-supereffective|p1a: Corviknight
|-damage|p1a: Corviknight|0 fnt
|faint|p1a: Corviknight
|
|upkeep
|c|☆Lenape|Grats
|c|☆Lenape|Won on a 30% chance
|c|☆Lenape|One turn
|
|t:|1596748949
|switch|p1a: Rhyperior|Rhyperior, F|100/100
|turn|15
|
|t:|1596748964
|move|p1a: Rhyperior|Earthquake|p2a: Reuniclus
|-damage|p2a: Reuniclus|78/100
|move|p2a: Reuniclus|Psyshock|p1a: Rhyperior
|-damage|p1a: Rhyperior|67/100
|
|-heal|p1a: Rhyperior|73/100|[from] item: Leftovers
|upkeep
|turn|16
|j| Sebilin1125
|n| Sebilin1125|sebilin1125
|c|☆Lenape|Not to mention almost no misses
|j| Promii
|c|☆Lenape|Glad to see i played better and had won the game
|c|☆Lenape|Biut it gave it to you
|l| Sebilin1125
|
|t:|1596748986
|move|p1a: Rhyperior|Earthquake|p2a: Reuniclus
|-damage|p2a: Reuniclus|57/100
|move|p2a: Reuniclus|Calm Mind|p2a: Reuniclus
|-boost|p2a: Reuniclus|spa|1
|-boost|p2a: Reuniclus|spd|1
|
|-heal|p1a: Rhyperior|80/100|[from] item: Leftovers
|upkeep
|turn|17
|-message|Lenape forfeited.
|
|win|LT71LXJaggermaster
|j| Sebilin1125
|l|☆Lenape
|l| LT71LX NIKO
|l| LUCK>SKILL
|l| Quartos
|l| xShibaTatsuya 司波達也
|l| LT71LX 64
|l| Ainzcrad
|l| lt71lx slainey
|l| Promii
||Ladder (probably) updated, but score could not be retrieved (Request timeout).
