|j|☆Who'sTheKing?
|j|☆ty-tyui↻
|t:|1665429507
|gametype|singles
|player|p1|Who'sTheKing?|janine|1519
|player|p2|ty-tyui↻|kamado|1533
|teamsize|p1|6
|teamsize|p2|6
|gen|8
|tier|[Gen 8] OU
|rated|
|rule|Sleep Clause Mod: Limit one foe put to sleep
|rule|Species Clause: Limit one of each Pokémon
|rule|OHKO Clause: OHKO moves are banned
|rule|Evasion Items Clause: Evasion items are banned
|rule|Evasion Moves Clause: Evasion moves are banned
|rule|Endless Battle Clause: Forcing endless battles is banned
|rule|HP Percentage Mod: HP is shown in percentages
|rule|Dynamax Clause: You cannot dynamax
|clearpoke
|poke|p1|Amoonguss, F|
|poke|p1|Slowking, M|
|poke|p1|Corviknight, M|
|poke|p1|Weavile, F|
|poke|p1|Garchomp, M|
|poke|p1|Volcarona, M|
|poke|p2|Mienshao, M|
|poke|p2|Ninetales-Alola, F|
|poke|p2|Blacephalon|
|poke|p2|Landorus-Therian, M|
|poke|p2|Corviknight, M|
|poke|p2|Rotom-Wash|
|teampreview
|inactive|Battle timer is ON: inactive players will automatically lose when time's up. (requested by Who'sTheKing?)
|
|t:|1665429519
|start
|switch|p1a: Amoonguss|Amoonguss, F|100/100
|switch|p2a: Ninetales|Ninetales-Alola, F|100/100
|-weather|Hail|[from] ability: Snow Warning|[of] p2a: Ninetales
|turn|1
|
|t:|1665429525
|move|p2a: Ninetales|Blizzard|p1a: Amoonguss
|-supereffective|p1a: Amoonguss
|-damage|p1a: Amoonguss|1/100
|move|p1a: Amoonguss|Toxic|p2a: Ninetales
|-status|p2a: Ninetales|tox
|
|-weather|Hail|[upkeep]
|-damage|p1a: Amoonguss|0 fnt|[from] Hail
|faint|p1a: Amoonguss
|-damage|p2a: Ninetales|95/100 tox|[from] psn
|upkeep
|
|t:|1665429530
|switch|p1a: Volcarona|Volcarona, M|100/100
|turn|2
|
|t:|1665429534
|switch|p2a: Rotom|Rotom-Wash|100/100
|switch|p1a: Weavile|Weavile, F|100/100
|-ability|p1a: Weavile|Pressure
|
|-weather|Hail|[upkeep]
|-damage|p2a: Rotom|94/100|[from] Hail
|-heal|p2a: Rotom|100/100|[from] item: Leftovers
|upkeep
|turn|3
|
|t:|1665429538
|switch|p1a: Slowking|Slowking, M|100/100
|move|p2a: Rotom|Thunder Wave|p1a: Slowking
|-status|p1a: Slowking|par
|
|-weather|Hail|[upkeep]
|-damage|p2a: Rotom|94/100|[from] Hail
|-damage|p1a: Slowking|94/100 par|[from] Hail
|-heal|p2a: Rotom|100/100|[from] item: Leftovers
|upkeep
|turn|4
|
|t:|1665429543
|move|p2a: Rotom|Volt Switch|p1a: Slowking
|-supereffective|p1a: Slowking
|-damage|p1a: Slowking|62/100 par
|
|t:|1665429545
|switch|p2a: Mienshao|Mienshao, M, shiny|100/100|[from]move: Volt Switch
|cant|p1a: Slowking|par
|
|-weather|Hail|[upkeep]
|-damage|p2a: Mienshao|95/100|[from] Hail
|-damage|p1a: Slowking|56/100 par|[from] Hail
|upkeep
|turn|5
|
|t:|1665429548
|switch|p1a: Corviknight|Corviknight, M|100/100
|-ability|p1a: Corviknight|Pressure
|move|p2a: Mienshao|Knock Off|p1a: Corviknight
|-damage|p1a: Corviknight|75/100
|-damage|p2a: Mienshao|78/100|[from] item: Rocky Helmet|[of] p1a: Corviknight
|-enditem|p1a: Corviknight|Rocky Helmet|[from] move: Knock Off|[of] p2a: Mienshao
|-damage|p2a: Mienshao|68/100|[from] item: Life Orb
|
|-weather|none
|upkeep
|turn|6
|
|t:|1665429554
|move|p2a: Mienshao|U-turn|p1a: Corviknight
|-resisted|p1a: Corviknight
|-damage|p1a: Corviknight|70/100
|-damage|p2a: Mienshao|58/100|[from] item: Life Orb
|
|t:|1665429555
|switch|p2a: Rotom|Rotom-Wash|100/100|[from]move: U-turn
|move|p1a: Corviknight|U-turn|p2a: Rotom
|-damage|p2a: Rotom|84/100
|
|t:|1665429563
|switch|p1a: Garchomp|Garchomp, M|100/100|[from]move: U-turn
|
|-heal|p2a: Rotom|90/100|[from] item: Leftovers
|upkeep
|turn|7
|
|t:|1665429566
|switch|p2a: Ninetales|Ninetales-Alola, F|95/100 tox
|-weather|Hail|[from] ability: Snow Warning|[of] p2a: Ninetales
|move|p1a: Garchomp|Swords Dance|p1a: Garchomp
|-boost|p1a: Garchomp|atk|2
|
|-weather|Hail|[upkeep]
|-damage|p1a: Garchomp|94/100|[from] Hail
|-heal|p1a: Garchomp|100/100|[from] item: Leftovers
|-damage|p2a: Ninetales|89/100 tox|[from] psn
|upkeep
|turn|8
|
|t:|1665429570
|switch|p1a: Slowking|Slowking, M|90/100 par
|move|p2a: Ninetales|Freeze-Dry|p1a: Slowking
|-supereffective|p1a: Slowking
|-damage|p1a: Slowking|44/100 par
|
|-weather|Hail|[upkeep]
|-damage|p1a: Slowking|38/100 par|[from] Hail
|-damage|p2a: Ninetales|77/100 tox|[from] psn
|upkeep
|turn|9
|
|t:|1665429578
|switch|p2a: Rotom|Rotom-Wash|90/100
|switch|p1a: Weavile|Weavile, F|100/100
|-ability|p1a: Weavile|Pressure
|
|-weather|Hail|[upkeep]
|-damage|p2a: Rotom|84/100|[from] Hail
|-heal|p2a: Rotom|90/100|[from] item: Leftovers
|upkeep
|turn|10
|
|t:|1665429582
|move|p1a: Weavile|Knock Off|p2a: Rotom
|-damage|p2a: Rotom|7/100
|-enditem|p2a: Rotom|Leftovers|[from] move: Knock Off|[of] p1a: Weavile
|move|p2a: Rotom|Volt Switch|p1a: Weavile
|-damage|p1a: Weavile|67/100
|
|t:|1665429590
|switch|p2a: Blacephalon|Blacephalon, shiny|100/100|[from]move: Volt Switch
|
|-weather|Hail|[upkeep]
|-damage|p2a: Blacephalon|94/100|[from] Hail
|upkeep
|turn|11
|
|t:|1665429605
|switch|p1a: Corviknight|Corviknight, M|70/100
|-ability|p1a: Corviknight|Pressure
|move|p2a: Blacephalon|Flamethrower|p1a: Corviknight
|-supereffective|p1a: Corviknight
|-damage|p1a: Corviknight|0 fnt
|faint|p1a: Corviknight
|-ability|p2a: Blacephalon|Beast Boost|boost
|-boost|p2a: Blacephalon|spa|1
|
|-weather|none
|upkeep
|
|t:|1665429611
|switch|p1a: Slowking|Slowking, M|71/100 par
|turn|12
|
|t:|1665429614
|switch|p2a: Rotom|Rotom-Wash|7/100
|move|p1a: Slowking|Teleport|p1a: Slowking
|
|t:|1665429621
|switch|p1a: Volcarona|Volcarona, M|100/100|[from]move: Teleport
|
|upkeep
|turn|13
|
|t:|1665429626
|move|p1a: Volcarona|Psychic|p2a: Rotom
|-damage|p2a: Rotom|0 fnt
|faint|p2a: Rotom
|
|upkeep
|
|t:|1665429631
|switch|p2a: Landorus|Landorus-Therian, M|100/100
|-ability|p2a: Landorus|Intimidate|boost
|-unboost|p1a: Volcarona|atk|1
|turn|14
|
|t:|1665429633
|switch|p1a: Garchomp|Garchomp, M|100/100
|move|p2a: Landorus|Toxic|p1a: Garchomp
|-status|p1a: Garchomp|tox
|
|-damage|p1a: Garchomp|94/100 tox|[from] psn
|upkeep
|turn|15
|
|t:|1665429639
|switch|p2a: Corviknight|Corviknight, M|100/100
|-ability|p2a: Corviknight|Pressure
|move|p1a: Garchomp|Stealth Rock|p2a: Corviknight
|-sidestart|p2: ty-tyui↻|move: Stealth Rock
|
|-heal|p1a: Garchomp|100/100 tox|[from] item: Leftovers
|-damage|p1a: Garchomp|88/100 tox|[from] psn
|upkeep
|turn|16
|
|t:|1665429642
|switch|p1a: Volcarona|Volcarona, M|100/100
|move|p2a: Corviknight|Defog|p1a: Volcarona
|-unboost|p1a: Volcarona|evasion|1
|-sideend|p2: ty-tyui↻|Stealth Rock|[from] move: Defog|[of] p2a: Corviknight
|
|upkeep
|turn|17
|
|t:|1665429645
|move|p1a: Volcarona|Quiver Dance|p1a: Volcarona
|-boost|p1a: Volcarona|spa|1
|-boost|p1a: Volcarona|spd|1
|-boost|p1a: Volcarona|spe|1
|move|p2a: Corviknight|Brave Bird|p1a: Volcarona
|-supereffective|p1a: Volcarona
|-damage|p1a: Volcarona|33/100
|-damage|p2a: Corviknight|80/100|[from] Recoil
|
|upkeep
|turn|18
|l|☆Who'sTheKing?
|inactive|Who'sTheKing? disconnected and has a minute to reconnect!
|player|p1|
|j|☆Who'sTheKing?
|inactive|Who'sTheKing? reconnected and has 125 seconds left.
|player|p1|Who'sTheKing?|janine
|
|t:|1665429674
|switch|p2a: Landorus|Landorus-Therian, M|100/100
|-ability|p2a: Landorus|Intimidate|boost
|-unboost|p1a: Volcarona|atk|1
|move|p1a: Volcarona|Roost|p1a: Volcarona
|-heal|p1a: Volcarona|83/100
|-singleturn|p1a: Volcarona|move: Roost
|
|upkeep
|turn|19
|
|t:|1665429677
|switch|p1a: Weavile|Weavile, F|67/100
|-ability|p1a: Weavile|Pressure
|move|p2a: Landorus|Toxic|p1a: Weavile
|-status|p1a: Weavile|tox
|
|-damage|p1a: Weavile|61/100 tox|[from] psn
|upkeep
|turn|20
|
|t:|1665429682
|switch|p2a: Corviknight|Corviknight, M|80/100
|-ability|p2a: Corviknight|Pressure
|move|p1a: Weavile|Triple Axel|p2a: Corviknight
|-damage|p2a: Corviknight|69/100
|-damage|p1a: Weavile|45/100 tox|[from] item: Rocky Helmet|[of] p2a: Corviknight
|-damage|p2a: Corviknight|46/100
|-damage|p1a: Weavile|29/100 tox|[from] item: Rocky Helmet|[of] p2a: Corviknight
|-damage|p2a: Corviknight|14/100
|-damage|p1a: Weavile|12/100 tox|[from] item: Rocky Helmet|[of] p2a: Corviknight
|-hitcount|p2a: Corviknight|3
|
|-damage|p1a: Weavile|0 fnt|[from] psn
|faint|p1a: Weavile
|upkeep
|
|t:|1665429685
|switch|p1a: Garchomp|Garchomp, M|88/100 tox
|turn|21
|
|t:|1665429691
|move|p1a: Garchomp|Stone Edge|p2a: Corviknight
|-damage|p2a: Corviknight|0 fnt
|faint|p2a: Corviknight
|
|-heal|p1a: Garchomp|94/100 tox|[from] item: Leftovers
|-damage|p1a: Garchomp|88/100 tox|[from] psn
|upkeep
|
|t:|1665429696
|switch|p2a: Ninetales|Ninetales-Alola, F|77/100 tox
|-weather|Hail|[from] ability: Snow Warning|[of] p2a: Ninetales
|turn|22
|
|t:|1665429702
|move|p2a: Ninetales|Freeze-Dry|p1a: Garchomp
|-supereffective|p1a: Garchomp
|-damage|p1a: Garchomp|0 fnt
|faint|p1a: Garchomp
|
|-weather|Hail|[upkeep]
|-damage|p2a: Ninetales|71/100 tox|[from] psn
|upkeep
|
|t:|1665429704
|switch|p1a: Volcarona|Volcarona, M|83/100
|turn|23
|
|t:|1665429708
|switch|p2a: Landorus|Landorus-Therian, M|100/100
|-ability|p2a: Landorus|Intimidate|boost
|-unboost|p1a: Volcarona|atk|1
|move|p1a: Volcarona|Quiver Dance|p1a: Volcarona
|-boost|p1a: Volcarona|spa|1
|-boost|p1a: Volcarona|spd|1
|-boost|p1a: Volcarona|spe|1
|
|-weather|Hail|[upkeep]
|-damage|p1a: Volcarona|77/100|[from] Hail
|-damage|p2a: Landorus|94/100|[from] Hail
|-heal|p2a: Landorus|100/100|[from] item: Leftovers
|upkeep
|turn|24
|
|t:|1665429710
|move|p1a: Volcarona|Quiver Dance|p1a: Volcarona
|-boost|p1a: Volcarona|spa|1
|-boost|p1a: Volcarona|spd|1
|-boost|p1a: Volcarona|spe|1
|move|p2a: Landorus|Toxic|p1a: Volcarona|[miss]
|-miss|p2a: Landorus|p1a: Volcarona
|
|-weather|Hail|[upkeep]
|-damage|p1a: Volcarona|71/100|[from] Hail
|-damage|p2a: Landorus|94/100|[from] Hail
|-heal|p2a: Landorus|100/100|[from] item: Leftovers
|upkeep
|turn|25
|
|t:|1665429714
|move|p1a: Volcarona|Flamethrower|p2a: Landorus
|-damage|p2a: Landorus|37/100
|move|p2a: Landorus|Toxic|p1a: Volcarona
|-status|p1a: Volcarona|tox
|
|-weather|Hail|[upkeep]
|-damage|p1a: Volcarona|65/100 tox|[from] Hail
|-damage|p2a: Landorus|31/100|[from] Hail
|-heal|p2a: Landorus|37/100|[from] item: Leftovers
|-damage|p1a: Volcarona|58/100 tox|[from] psn
|upkeep
|turn|26
|j| Ran Kob
|
|t:|1665429719
|move|p1a: Volcarona|Flamethrower|p2a: Landorus
|-damage|p2a: Landorus|0 fnt
|faint|p2a: Landorus
|
|-weather|none
|-damage|p1a: Volcarona|46/100 tox|[from] psn
|upkeep
|
|t:|1665429724
|switch|p2a: Blacephalon|Blacephalon, shiny|94/100
|turn|27
|
|t:|1665429726
|move|p2a: Blacephalon|Shadow Ball|p1a: Volcarona
|-damage|p1a: Volcarona|24/100 tox
|move|p1a: Volcarona|Psychic|p2a: Blacephalon
|-damage|p2a: Blacephalon|0 fnt
|faint|p2a: Blacephalon
|
|-damage|p1a: Volcarona|5/100 tox|[from] psn
|upkeep
|
|t:|1665429738
|switch|p2a: Mienshao|Mienshao, M, shiny|91/100
|turn|28
|
|t:|1665429742
|move|p1a: Volcarona|Psychic|p2a: Mienshao
|-supereffective|p2a: Mienshao
|-damage|p2a: Mienshao|0 fnt
|faint|p2a: Mienshao
|
|-damage|p1a: Volcarona|0 fnt|[from] psn
|faint|p1a: Volcarona
|upkeep
|
|t:|1665429744
|switch|p2a: Ninetales|Ninetales-Alola, F|71/100 tox
|switch|p1a: Slowking|Slowking, M|100/100 par
|-weather|Hail|[from] ability: Snow Warning|[of] p2a: Ninetales
|turn|29
|
|t:|1665429748
|move|p2a: Ninetales|Freeze-Dry|p1a: Slowking
|-supereffective|p1a: Slowking
|-damage|p1a: Slowking|50/100 par
|move|p1a: Slowking|Slack Off|p1a: Slowking
|-heal|p1a: Slowking|99/100 par
|
|-weather|Hail|[upkeep]
|-damage|p1a: Slowking|94/100 par|[from] Hail
|-damage|p2a: Ninetales|65/100 tox|[from] psn
|upkeep
|turn|30
|
|t:|1665429754
|move|p2a: Ninetales|Freeze-Dry|p1a: Slowking
|-supereffective|p1a: Slowking
|-damage|p1a: Slowking|46/100 par
|cant|p1a: Slowking|par
|
|-weather|Hail|[upkeep]
|-damage|p1a: Slowking|40/100 par|[from] Hail
|-damage|p2a: Ninetales|53/100 tox|[from] psn
|upkeep
|turn|31
|c|☆ty-tyui↻|gg
|
|t:|1665429761
|move|p2a: Ninetales|Freeze-Dry|p1a: Slowking
|-supereffective|p1a: Slowking
|-damage|p1a: Slowking|0 fnt
|faint|p1a: Slowking
|
|win|ty-tyui↻
|raw|Who&apos;sTheKing?'s rating: 1519 &rarr; <strong>1500</strong><br />(-19 for losing)
|raw|ty-tyui↻'s rating: 1533 &rarr; <strong>1552</strong><br />(+19 for winning)
|l|☆Who'sTheKing?
