|raw|<div class="broadcast-blue"><strong>This battle is required to be public due to a player having a name starting with 'lt93oq'.</div>
|j|☆LT93oq asiancy
|j|‽BLOODCLAT
|t:|1660941505
|gametype|singles
|player|p1|LT93oq asiancy|blackbelt-gen4dp|1902
|player|p2|BLOODCLAT|hoopster|1819
|teamsize|p1|6
|teamsize|p2|6
|gen|8
|tier|[Gen 8] OU
|rated|
|rule|Sleep Clause Mod: Limit one foe put to sleep
|rule|Species Clause: Limit one of each Pokémon
|rule|OHKO Clause: OHKO moves are banned
|rule|Evasion Items Clause: Evasion items are banned
|rule|Evasion Moves Clause: Evasion moves are banned
|rule|Endless Battle Clause: Forcing endless battles is banned
|rule|HP Percentage Mod: HP is shown in percentages
|rule|Dynamax Clause: You cannot dynamax
|clearpoke
|poke|p1|Garchomp, F|
|poke|p1|Landorus-Therian, M|
|poke|p1|Tapu Fini|
|poke|p1|Kartana|
|poke|p1|Tapu Lele|
|poke|p1|Magnezone|
|poke|p2|Melmetal|
|poke|p2|Garchomp, M|
|poke|p2|Weavile, F|
|poke|p2|Urshifu-*, F|
|poke|p2|Slowking-Galar, F|
|poke|p2|Corviknight, F|
|teampreview
|c|☆LT93oq asiancy|hf
|inactive|Battle timer is ON: inactive players will automatically lose when time's up. (requested by LT93oq asiancy)
|
|t:|1660941528
|start
|switch|p1a: Tapu Fini|Tapu Fini|100/100
|switch|p2a: Garchomp|Garchomp, M, shiny|100/100
|-fieldstart|move: Misty Terrain|[from] ability: Misty Surge|[of] p1a: Tapu Fini
|turn|1
|
|t:|1660941536
|switch|p2a: Slowking|Slowking-Galar, F|100/100
|move|p1a: Tapu Fini|Calm Mind|p1a: Tapu Fini
|-boost|p1a: Tapu Fini|spa|1
|-boost|p1a: Tapu Fini|spd|1
|
|upkeep
|turn|2
|
|t:|1660941543
|switch|p1a: Landorus|Landorus-Therian, M|100/100
|-ability|p1a: Landorus|Intimidate|boost
|-unboost|p2a: Slowking|atk|1
|move|p2a: Slowking|Sludge Bomb|p1a: Landorus
|-resisted|p1a: Landorus
|-damage|p1a: Landorus|69/100
|-status|p1a: Landorus|psn
|
|-damage|p1a: Landorus|57/100 psn|[from] psn
|upkeep
|turn|3
|
|t:|1660941548
|switch|p2a: Garchomp|Garchomp, M, shiny|100/100
|move|p1a: Landorus|Stealth Rock|p2a: Garchomp
|-sidestart|p2: BLOODCLAT|move: Stealth Rock
|
|-damage|p1a: Landorus|44/100 psn|[from] psn
|upkeep
|turn|4
|
|t:|1660941554
|move|p1a: Landorus|Earthquake|p2a: Garchomp
|-damage|p2a: Garchomp|52/100
|move|p2a: Garchomp|Stealth Rock|p1a: Landorus
|-sidestart|p1: LT93oq asiancy|move: Stealth Rock
|
|-heal|p2a: Garchomp|58/100|[from] item: Leftovers
|-damage|p1a: Landorus|32/100 psn|[from] psn
|upkeep
|turn|5
|
|t:|1660941562
|switch|p1a: Garchomp|Garchomp, F|100/100
|-damage|p1a: Garchomp|94/100|[from] Stealth Rock
|move|p2a: Garchomp|Protect||[still]
|-fail|p2a: Garchomp
|
|-heal|p1a: Garchomp|100/100|[from] item: Leftovers
|-heal|p2a: Garchomp|64/100|[from] item: Leftovers
|-fieldend|Misty Terrain
|upkeep
|turn|6
|j| morpekod
|j| lnternal
|inactive|LT93oq asiancy has 120 seconds left.
|j| Pisslax
|
|t:|1660941602
|switch|p2a: Corviknight|Corviknight, F|100/100
|-damage|p2a: Corviknight|88/100|[from] Stealth Rock
|-ability|p2a: Corviknight|Pressure
|move|p1a: Garchomp|Scale Shot|p2a: Corviknight
|-resisted|p2a: Corviknight
|-damage|p2a: Corviknight|83/100
|-resisted|p2a: Corviknight
|-damage|p2a: Corviknight|79/100
|-resisted|p2a: Corviknight
|-damage|p2a: Corviknight|75/100
|-resisted|p2a: Corviknight
|-damage|p2a: Corviknight|71/100
|-resisted|p2a: Corviknight
|-damage|p2a: Corviknight|67/100
|-hitcount|p2a: Corviknight|5
|-unboost|p1a: Garchomp|def|1
|-boost|p1a: Garchomp|spe|1
|
|-heal|p2a: Corviknight|73/100|[from] item: Leftovers
|upkeep
|turn|7
|j| 70to90gxe
|
|t:|1660941611
|move|p1a: Garchomp|Swords Dance|p1a: Garchomp
|-boost|p1a: Garchomp|atk|2
|move|p2a: Corviknight|U-turn|p1a: Garchomp
|-damage|p1a: Garchomp|81/100
|-damage|p2a: Corviknight|61/100|[from] ability: Rough Skin|[of] p1a: Garchomp
|j| Empo
|
|t:|1660941629
|switch|p2a: Weavile|Weavile, F|100/100|[from]move: U-turn
|-ability|p2a: Weavile|Pressure
|
|-heal|p1a: Garchomp|87/100|[from] item: Leftovers
|upkeep
|turn|8
|
|t:|1660941646
|switch|p1a: Tapu Fini|Tapu Fini|100/100
|-damage|p1a: Tapu Fini|88/100|[from] Stealth Rock
|-fieldstart|move: Misty Terrain|[from] ability: Misty Surge|[of] p1a: Tapu Fini
|move|p2a: Weavile|Knock Off|p1a: Tapu Fini
|-resisted|p1a: Tapu Fini
|-damage|p1a: Tapu Fini|58/100
|-enditem|p1a: Tapu Fini|Leftovers|[from] move: Knock Off|[of] p2a: Weavile
|
|upkeep
|turn|9
|j| a rabbit
|
|t:|1660941660
|switch|p2a: Slowking|Slowking-Galar, F|100/100
|-damage|p2a: Slowking|88/100|[from] Stealth Rock
|move|p1a: Tapu Fini|Draining Kiss|p2a: Slowking
|-resisted|p2a: Slowking
|-damage|p2a: Slowking|81/100
|-heal|p1a: Tapu Fini|65/100|[from] drain|[of] p2a: Slowking
|
|upkeep
|turn|10
|
|t:|1660941667
|switch|p1a: Garchomp|Garchomp, F|87/100
|-damage|p1a: Garchomp|81/100|[from] Stealth Rock
|move|p2a: Slowking|Future Sight|p1a: Garchomp
|-start|p2a: Slowking|move: Future Sight
|
|-heal|p1a: Garchomp|87/100|[from] item: Leftovers
|upkeep
|turn|11
|j| LT93OQ SERPI
|
|t:|1660941678
|switch|p1a: Magnezone|Magnezone|100/100
|-damage|p1a: Magnezone|94/100|[from] Stealth Rock
|switch|p2a: Corviknight|Corviknight, F|61/100
|-damage|p2a: Corviknight|48/100|[from] Stealth Rock
|-ability|p2a: Corviknight|Pressure
|
|-heal|p2a: Corviknight|54/100|[from] item: Leftovers
|upkeep
|turn|12
|
|t:|1660941681
|move|p1a: Magnezone|Thunderbolt|p2a: Corviknight
|-supereffective|p2a: Corviknight
|-damage|p2a: Corviknight|0 fnt
|faint|p2a: Corviknight
|
|-end|p1a: Magnezone|move: Future Sight
|-resisted|p1a: Magnezone
|-damage|p1a: Magnezone|62/100
|-fieldend|Misty Terrain
|upkeep
|
|t:|1660941685
|switch|p2a: Urshifu|Urshifu-Rapid-Strike, F|100/100
|-damage|p2a: Urshifu|94/100|[from] Stealth Rock
|turn|13
|l| morpekod
|
|t:|1660941709
|switch|p1a: Landorus|Landorus-Therian, M|32/100 psn
|-damage|p1a: Landorus|20/100 psn|[from] Stealth Rock
|-ability|p1a: Landorus|Intimidate|boost
|-unboost|p2a: Urshifu|atk|1
|move|p2a: Urshifu|Close Combat|p1a: Landorus
|-resisted|p1a: Landorus
|-damage|p1a: Landorus|0 fnt
|-unboost|p2a: Urshifu|def|1
|-unboost|p2a: Urshifu|spd|1
|faint|p1a: Landorus
|
|upkeep
|j| Neverladding
|
|t:|1660941722
|switch|p1a: Garchomp|Garchomp, F|87/100
|-damage|p1a: Garchomp|81/100|[from] Stealth Rock
|turn|14
|j| LT93OQ acr1
|j| whyad
|inactive|BLOODCLAT has 120 seconds left.
|
|t:|1660941756
|switch|p2a: Garchomp|Garchomp, M, shiny|64/100
|-damage|p2a: Garchomp|58/100|[from] Stealth Rock
|move|p1a: Garchomp|Earthquake|p2a: Garchomp
|-damage|p2a: Garchomp|14/100
|
|-heal|p1a: Garchomp|87/100|[from] item: Leftovers
|-heal|p2a: Garchomp|20/100|[from] item: Leftovers
|upkeep
|turn|15
|
|t:|1660941763
|move|p1a: Garchomp|Earthquake|p2a: Garchomp
|-damage|p2a: Garchomp|0 fnt
|faint|p2a: Garchomp
|
|-heal|p1a: Garchomp|93/100|[from] item: Leftovers
|upkeep
|
|t:|1660941766
|switch|p2a: Weavile|Weavile, F|100/100
|-ability|p2a: Weavile|Pressure
|turn|16
|
|t:|1660941777
|switch|p1a: Tapu Fini|Tapu Fini|65/100
|-damage|p1a: Tapu Fini|53/100|[from] Stealth Rock
|-fieldstart|move: Misty Terrain|[from] ability: Misty Surge|[of] p1a: Tapu Fini
|move|p2a: Weavile|Knock Off|p1a: Tapu Fini
|-resisted|p1a: Tapu Fini
|-damage|p1a: Tapu Fini|33/100
|
|upkeep
|turn|17
|l| whyad
|
|t:|1660941788
|move|p2a: Weavile|Swords Dance|p2a: Weavile
|-boost|p2a: Weavile|atk|2
|move|p1a: Tapu Fini|Draining Kiss|p2a: Weavile
|-supereffective|p2a: Weavile
|-damage|p2a: Weavile|40/100
|-heal|p1a: Tapu Fini|78/100|[from] drain|[of] p2a: Weavile
|
|upkeep
|turn|18
|j| lt93oq fenomeno
|
|t:|1660941792
|switch|p2a: Slowking|Slowking-Galar, F|100/100
|-damage|p2a: Slowking|88/100|[from] Stealth Rock
|move|p1a: Tapu Fini|Draining Kiss|p2a: Slowking
|-resisted|p2a: Slowking
|-damage|p2a: Slowking|82/100
|-heal|p1a: Tapu Fini|84/100|[from] drain|[of] p2a: Slowking
|
|upkeep
|turn|19
|
|t:|1660941802
|switch|p1a: Garchomp|Garchomp, F|93/100
|-damage|p1a: Garchomp|87/100|[from] Stealth Rock
|move|p2a: Slowking|Future Sight|p1a: Garchomp
|-start|p2a: Slowking|move: Future Sight
|
|-heal|p1a: Garchomp|93/100|[from] item: Leftovers
|upkeep
|turn|20
|
|t:|1660941820
|switch|p2a: Urshifu|Urshifu-Rapid-Strike, F|94/100
|-damage|p2a: Urshifu|88/100|[from] Stealth Rock
|move|p1a: Garchomp|Earthquake|p2a: Urshifu
|-damage|p2a: Urshifu|33/100
|
|-heal|p1a: Garchomp|99/100|[from] item: Leftovers
|-fieldend|Misty Terrain
|upkeep
|turn|21
|
|t:|1660941829
|move|p1a: Garchomp|Earthquake|p2a: Urshifu
|-damage|p2a: Urshifu|0 fnt
|faint|p2a: Urshifu
|
|-end|p1a: Garchomp|move: Future Sight
|-damage|p1a: Garchomp|32/100
|-heal|p1a: Garchomp|39/100|[from] item: Leftovers
|upkeep
|
|t:|1660941831
|switch|p2a: Weavile|Weavile, F|40/100
|-ability|p2a: Weavile|Pressure
|turn|22
|
|t:|1660941844
|switch|p1a: Tapu Fini|Tapu Fini|84/100
|-damage|p1a: Tapu Fini|72/100|[from] Stealth Rock
|-fieldstart|move: Misty Terrain|[from] ability: Misty Surge|[of] p1a: Tapu Fini
|move|p2a: Weavile|Knock Off|p1a: Tapu Fini
|-resisted|p1a: Tapu Fini
|-damage|p1a: Tapu Fini|54/100
|
|upkeep
|turn|23
|
|t:|1660941860
|switch|p2a: Slowking|Slowking-Galar, F|100/100
|-damage|p2a: Slowking|88/100|[from] Stealth Rock
|move|p1a: Tapu Fini|Draining Kiss|p2a: Slowking
|-resisted|p2a: Slowking
|-damage|p2a: Slowking|81/100
|-heal|p1a: Tapu Fini|61/100|[from] drain|[of] p2a: Slowking
|
|upkeep
|turn|24
|
|t:|1660941869
|switch|p2a: Weavile|Weavile, F|40/100
|-ability|p2a: Weavile|Pressure
|move|p1a: Tapu Fini|Draining Kiss|p2a: Weavile
|-supereffective|p2a: Weavile
|-damage|p2a: Weavile|0 fnt
|-heal|p1a: Tapu Fini|91/100|[from] drain|[of] p2a: Weavile
|faint|p2a: Weavile
|
|upkeep
|-message|BLOODCLAT forfeited.
|
|win|LT93oq asiancy
|raw|LT93oq asiancy's rating: 1902 &rarr; <strong>1917</strong><br />(+15 for winning)
|raw|BLOODCLAT's rating: 1819 &rarr; <strong>1804</strong><br />(-15 for losing)
|l|‽BLOODCLAT
|l|☆LT93oq asiancy
|l| Pisslax
||Ladder isn't responding, score probably updated but might not have (Request timeout).
