|j|☆tesla roadster
|j|☆machugen
|t:|1667086483
|gametype|singles
|player|p1|tesla roadster|170|1685
|player|p2|machugen|brock-gen1rb|1711
|teamsize|p1|6
|teamsize|p2|6
|gen|8
|tier|[Gen 8] OU
|rated|
|rule|Sleep Clause Mod: Limit one foe put to sleep
|rule|Species Clause: Limit one of each Pokémon
|rule|OHKO Clause: OHKO moves are banned
|rule|Evasion Items Clause: Evasion items are banned
|rule|Evasion Moves Clause: Evasion moves are banned
|rule|Endless Battle Clause: Forcing endless battles is banned
|rule|HP Percentage Mod: HP is shown in percentages
|rule|Dynamax Clause: You cannot dynamax
|clearpoke
|poke|p1|Landorus-Therian, M|
|poke|p1|Toxapex, F|
|poke|p1|Heatran, F|
|poke|p1|Raikou|
|poke|p1|Tornadus-Therian, M|
|poke|p1|Rillaboom, M|
|poke|p2|Zeraora|
|poke|p2|Heatran, M|
|poke|p2|Nidoking, M|
|poke|p2|Slowking, M|
|poke|p2|Ferrothorn, M|
|poke|p2|Mandibuzz, F|
|teampreview
|
|t:|1667086503
|start
|switch|p1a: Toxapex|Toxapex, F|100/100
|switch|p2a: Slowking|Slowking, M|100/100
|turn|1
|inactive|Battle timer is ON: inactive players will automatically lose when time's up. (requested by tesla roadster)
|j| Swag like Ohio
|
|t:|1667086518
|switch|p1a: Rillaboom|Rillaboom, M|100/100
|-fieldstart|move: Grassy Terrain|[from] ability: Grassy Surge|[of] p1a: Rillaboom
|move|p2a: Slowking|Future Sight|p1a: Rillaboom
|-start|p2a: Slowking|move: Future Sight
|
|upkeep
|turn|2
|
|t:|1667086549
|move|p1a: Rillaboom|Knock Off|p2a: Slowking
|-supereffective|p2a: Slowking
|-damage|p2a: Slowking|42/100
|-enditem|p2a: Slowking|Eject Button|[from] move: Knock Off|[of] p1a: Rillaboom
|move|p2a: Slowking|Teleport|p2a: Slowking
|inactive|machugen has 120 seconds left.
|
|t:|1667086562
|switch|p2a: Heatran|Heatran, M|100/100|[from]move: Teleport
|-item|p2a: Heatran|Air Balloon
|
|upkeep
|turn|3
|inactive|machugen has 120 seconds left.
|
|t:|1667086574
|switch|p1a: Heatran|Heatran, F|100/100
|move|p2a: Heatran|Magma Storm|p1a: Heatran
|-start|p1a: Heatran|ability: Flash Fire
|
|-end|p1a: Heatran|move: Future Sight
|-resisted|p1a: Heatran
|-damage|p1a: Heatran|81/100
|-heal|p1a: Heatran|87/100|[from] Grassy Terrain
|-heal|p1a: Heatran|93/100|[from] item: Leftovers
|upkeep
|turn|4
|
|t:|1667086583
|-end|p1a: Heatran|ability: Flash Fire|[silent]
|switch|p1a: Tornadus|Tornadus-Therian, M|100/100
|move|p2a: Heatran|Eruption|p1a: Tornadus
|-damage|p1a: Tornadus|25/100
|
|upkeep
|turn|5
|
|t:|1667086591
|switch|p2a: Ferrothorn|Ferrothorn, M|100/100
|move|p1a: Tornadus|U-turn|p2a: Ferrothorn
|-damage|p2a: Ferrothorn|93/100
|-damage|p1a: Tornadus|13/100|[from] ability: Iron Barbs|[of] p2a: Ferrothorn
|
|t:|1667086597
|switch|p1a: Heatran|Heatran, F|93/100|[from]move: U-turn
|
|-heal|p1a: Heatran|99/100|[from] Grassy Terrain
|-heal|p1a: Heatran|100/100|[from] item: Leftovers
|-heal|p2a: Ferrothorn|99/100|[from] Grassy Terrain
|-heal|p2a: Ferrothorn|100/100|[from] item: Leftovers
|upkeep
|turn|6
|
|t:|1667086604
|switch|p2a: Heatran|Heatran, M|100/100
|-item|p2a: Heatran|Air Balloon
|move|p1a: Heatran|Magma Storm|p2a: Heatran
|-start|p2a: Heatran|ability: Flash Fire
|
|upkeep
|turn|7
|
|t:|1667086609
|move|p1a: Heatran|Nature Power|p2a: Heatran
|move|p1a: Heatran|Energy Ball|p2a: Heatran|[from]move: Nature Power
|-resisted|p2a: Heatran
|-damage|p2a: Heatran|91/100
|-enditem|p2a: Heatran|Air Balloon
|move|p2a: Heatran|Eruption|p1a: Heatran
|-start|p1a: Heatran|ability: Flash Fire
|
|-heal|p2a: Heatran|97/100|[from] Grassy Terrain
|upkeep
|turn|8
|
|t:|1667086615
|move|p1a: Heatran|Earth Power|p2a: Heatran
|-supereffective|p2a: Heatran
|-damage|p2a: Heatran|0 fnt
|faint|p2a: Heatran
|
|-fieldend|move: Grassy Terrain
|upkeep
|
|t:|1667086618
|switch|p2a: Nidoking|Nidoking, M|100/100
|turn|9
|
|t:|1667086637
|-end|p1a: Heatran|ability: Flash Fire|[silent]
|switch|p1a: Tornadus|Tornadus-Therian, M|46/100
|move|p2a: Nidoking|Ice Beam|p1a: Tornadus
|-supereffective|p1a: Tornadus
|-damage|p1a: Tornadus|0 fnt
|faint|p1a: Tornadus
|
|upkeep
|
|t:|1667086642
|switch|p1a: Rillaboom|Rillaboom, M|100/100
|-fieldstart|move: Grassy Terrain|[from] ability: Grassy Surge|[of] p1a: Rillaboom
|turn|10
|
|t:|1667086647
|switch|p2a: Mandibuzz|Mandibuzz, F|100/100
|move|p1a: Rillaboom|Grassy Glide|p2a: Mandibuzz
|-resisted|p2a: Mandibuzz
|-damage|p2a: Mandibuzz|85/100
|
|upkeep
|turn|11
|
|t:|1667086655
|switch|p1a: Raikou|Raikou|100/100
|-ability|p1a: Raikou|Pressure
|move|p2a: Mandibuzz|U-turn|p1a: Raikou
|-damage|p1a: Raikou|89/100
|
|t:|1667086658
|switch|p2a: Nidoking|Nidoking, M|100/100|[from]move: U-turn
|
|-heal|p1a: Raikou|95/100|[from] Grassy Terrain
|-heal|p1a: Raikou|100/100|[from] item: Leftovers
|upkeep
|turn|12
|
|t:|1667086684
|switch|p1a: Rillaboom|Rillaboom, M|100/100
|move|p2a: Nidoking|Earth Power|p1a: Rillaboom
|-resisted|p1a: Rillaboom
|-damage|p1a: Rillaboom|62/100
|
|-heal|p1a: Rillaboom|68/100|[from] Grassy Terrain
|upkeep
|turn|13
|
|t:|1667086690
|switch|p1a: Raikou|Raikou|100/100
|-ability|p1a: Raikou|Pressure
|move|p2a: Nidoking|Sludge Wave|p1a: Raikou
|-damage|p1a: Raikou|36/100
|
|-heal|p1a: Raikou|42/100|[from] Grassy Terrain
|-heal|p1a: Raikou|49/100|[from] item: Leftovers
|upkeep
|turn|14
|j| chainsawhand
|
|t:|1667086704
|move|p1a: Raikou|Calm Mind|p1a: Raikou
|-boost|p1a: Raikou|spa|1
|-boost|p1a: Raikou|spd|1
|move|p2a: Nidoking|Earth Power|p1a: Raikou
|-supereffective|p1a: Raikou
|-damage|p1a: Raikou|0 fnt
|faint|p1a: Raikou
|
|upkeep
|-message|tesla roadster forfeited.
|
|win|machugen
|raw|tesla roadster's rating: 1685 &rarr; <strong>1666</strong><br />(-19 for losing)
|raw|machugen's rating: 1711 &rarr; <strong>1730</strong><br />(+19 for winning)
|l|☆tesla roadster
