|html|<div class="broadcast-blue"><strong>[Gen 8] OU is currently suspecting Melmetal! For information on how to participate check out the <a href="https://www.smogon.com/forums/threads/np-ss-ou-suspect-process-round-12-monster-mash.3709234/">suspect thread</a>.</strong></div>
|j|☆Infernoss
|j|☆Steez Ibanez
|t:|1666583038
|gametype|singles
|player|p1|Infernoss|blue|1777
|player|p2|Steez Ibanez|acetrainer-gen7|1911
|teamsize|p1|6
|teamsize|p2|6
|gen|8
|tier|[Gen 8] OU
|rated|
|rule|Sleep Clause Mod: Limit one foe put to sleep
|rule|Species Clause: Limit one of each Pokémon
|rule|OHKO Clause: OHKO moves are banned
|rule|Evasion Items Clause: Evasion items are banned
|rule|Evasion Moves Clause: Evasion moves are banned
|rule|Endless Battle Clause: Forcing endless battles is banned
|rule|HP Percentage Mod: HP is shown in percentages
|rule|Dynamax Clause: You cannot dynamax
|clearpoke
|poke|p1|Slowbro, M|
|poke|p1|Hatterene, F|
|poke|p1|Marowak-Alola, M|
|poke|p1|Ferrothorn, M|
|poke|p1|Garchomp, F|
|poke|p1|Drampa, M|
|poke|p2|Regieleki|
|poke|p2|Pelipper, M|
|poke|p2|Ferrothorn, M|
|poke|p2|Volcanion|
|poke|p2|Landorus-Therian, M|
|poke|p2|Barraskewda, M|
|teampreview
|
|t:|1666583066
|start
|switch|p1a: Falko|Drampa, M|100/100
|switch|p2a: Simba|Landorus-Therian, M|100/100
|-ability|p2a: Simba|Intimidate|boost
|-unboost|p1a: Falko|atk|1
|turn|1
|j| KRAMERDU
|j| Spyer2k
|
|t:|1666583078
|move|p2a: Simba|Stealth Rock|p1a: Falko
|-sidestart|p1: Infernoss|move: Stealth Rock
|move|p1a: Falko|Ice Beam|p2a: Simba
|-supereffective|p2a: Simba
|-damage|p2a: Simba|0 fnt
|faint|p2a: Simba
|
|upkeep
|
|t:|1666583084
|switch|p2a: Jaws|Barraskewda, M|100/100
|turn|2
|j| LittleCritters
|
|t:|1666583106
|switch|p1a: Sonso|Slowbro, M|100/100
|-damage|p1a: Sonso|88/100|[from] Stealth Rock
|move|p2a: Jaws|Close Combat|p1a: Sonso
|-resisted|p1a: Sonso
|-damage|p1a: Sonso|69/100
|-unboost|p2a: Jaws|def|1
|-unboost|p2a: Jaws|spd|1
|
|upkeep
|turn|3
|
|t:|1666583117
|switch|p2a: Tanjiro Kun|Volcanion|100/100
|move|p1a: Sonso|Trick Room|p1a: Sonso
|-fieldstart|move: Trick Room|[of] p1a: Sonso
|
|upkeep
|turn|4
|
|t:|1666583122
|switch|p1a: Thorns|Ferrothorn, M|100/100
|-damage|p1a: Thorns|94/100|[from] Stealth Rock
|move|p2a: Tanjiro Kun|Steam Eruption|p1a: Thorns
|-resisted|p1a: Thorns
|-damage|p1a: Thorns|67/100
|
|upkeep
|turn|5
|
|t:|1666583132
|switch|p2a: Abomination|Ferrothorn, M|100/100
|move|p1a: Thorns|Stealth Rock|p2a: Abomination
|-sidestart|p2: Steez Ibanez|move: Stealth Rock
|
|upkeep
|turn|6
|
|t:|1666583138
|move|p1a: Thorns|Leech Seed|p2a: Abomination
|-immune|p2a: Abomination
|move|p2a: Abomination|Spikes|p1a: Thorns
|-sidestart|p1: Infernoss|Spikes
|
|upkeep
|turn|7
|j| Meritone
|
|t:|1666583143
|move|p2a: Abomination|Knock Off|p1a: Thorns
|-damage|p1a: Thorns|52/100
|-damage|p2a: Abomination|88/100|[from] ability: Iron Barbs|[of] p1a: Thorns
|-enditem|p1a: Thorns|Shed Shell|[from] move: Knock Off|[of] p2a: Abomination
|move|p1a: Thorns|Leech Seed|p2a: Abomination
|-immune|p2a: Abomination
|
|-fieldend|move: Trick Room
|upkeep
|turn|8
|
|t:|1666583151
|move|p2a: Abomination|Knock Off|p1a: Thorns
|-damage|p1a: Thorns|41/100
|-damage|p2a: Abomination|76/100|[from] ability: Iron Barbs|[of] p1a: Thorns
|move|p1a: Thorns|Leech Seed|p2a: Abomination
|-immune|p2a: Abomination
|
|upkeep
|turn|9
|
|t:|1666583158
|switch|p1a: Gorra|Hatterene, F|100/100
|-damage|p1a: Gorra|88/100|[from] Stealth Rock
|-damage|p1a: Gorra|76/100|[from] Spikes
|move|p2a: Abomination|Knock Off|p1a: Gorra
|-damage|p1a: Gorra|56/100
|-enditem|p1a: Gorra|Kasib Berry|[from] move: Knock Off|[of] p2a: Abomination
|
|upkeep
|turn|10
|
|t:|1666583167
|move|p1a: Gorra|Mystical Fire|p2a: Abomination
|-supereffective|p2a: Abomination
|-crit|p2a: Abomination
|-damage|p2a: Abomination|0 fnt
|faint|p2a: Abomination
|
|upkeep
|
|t:|1666583173
|switch|p2a: Ethernet|Regieleki, shiny|100/100
|turn|11
|
|t:|1666583179
|move|p2a: Ethernet|Rapid Spin|p1a: Gorra
|-damage|p1a: Gorra|45/100
|-boost|p2a: Ethernet|spe|1
|-sideend|p2: Steez Ibanez|Stealth Rock|[from] move: Rapid Spin|[of] p2a: Ethernet
|move|p1a: Gorra|Trick Room|p1a: Gorra
|-fieldstart|move: Trick Room|[of] p1a: Gorra
|
|upkeep
|turn|12
|
|t:|1666583186
|move|p1a: Gorra|Healing Wish|p1a: Gorra
|faint|p1a: Gorra
|move|p2a: Ethernet|Volt Switch|p1: Gorra|[notarget]
|-fail|p2a: Ethernet
|
|upkeep
|
|t:|1666583200
|switch|p1a: Falko|Drampa, M|100/100
|-damage|p1a: Falko|88/100|[from] Stealth Rock
|-damage|p1a: Falko|76/100|[from] Spikes
|turn|13
|
|t:|1666583208
|move|p1a: Falko|Focus Blast|p2a: Ethernet|[miss]
|-miss|p1a: Falko|p2a: Ethernet
|move|p2a: Ethernet|Volt Switch|p1a: Falko
|-resisted|p1a: Falko
|-damage|p1a: Falko|49/100
|-ability|p1a: Falko|Berserk|boost
|-boost|p1a: Falko|spa|1
|
|t:|1666583211
|switch|p2a: Mine|Pelipper, M|100/100|[from]move: Volt Switch
|-weather|RainDance|[from] ability: Drizzle|[of] p2a: Mine
|
|-weather|RainDance|[upkeep]
|upkeep
|turn|14
|
|t:|1666583220
|switch|p2a: Ethernet|Regieleki, shiny|100/100
|move|p1a: Falko|Thunderbolt|p2a: Ethernet
|-resisted|p2a: Ethernet
|-crit|p2a: Ethernet
|-damage|p2a: Ethernet|24/100
|
|-weather|RainDance|[upkeep]
|upkeep
|turn|15
|
|t:|1666583228
|move|p1a: Falko|Thunderbolt|p2a: Ethernet
|-resisted|p2a: Ethernet
|-damage|p2a: Ethernet|0 fnt
|faint|p2a: Ethernet
|
|-weather|RainDance|[upkeep]
|-fieldend|move: Trick Room
|upkeep
|
|t:|1666583230
|switch|p2a: Jaws|Barraskewda, M|100/100
|turn|16
|
|t:|1666583238
|switch|p1a: Sonso|Slowbro, M|100/100
|-damage|p1a: Sonso|88/100|[from] Stealth Rock
|-damage|p1a: Sonso|76/100|[from] Spikes
|move|p2a: Jaws|Liquidation|p1a: Sonso
|-resisted|p1a: Sonso
|-damage|p1a: Sonso|42/100
|
|-weather|RainDance|[upkeep]
|upkeep
|turn|17
|
|t:|1666583248
|move|p2a: Jaws|Liquidation|p1a: Sonso
|-resisted|p1a: Sonso
|-damage|p1a: Sonso|10/100
|move|p1a: Sonso|Trick Room|p1a: Sonso
|-fieldstart|move: Trick Room|[of] p1a: Sonso
|
|-weather|RainDance|[upkeep]
|upkeep
|turn|18
|j| oophyte
|j| cemaz
|
|t:|1666583263
|move|p1a: Sonso|Body Press|p2a: Jaws
|-damage|p2a: Jaws|45/100
|move|p2a: Jaws|Liquidation|p1a: Sonso
|-resisted|p1a: Sonso
|-damage|p1a: Sonso|0 fnt
|faint|p1a: Sonso
|
|-weather|RainDance|[upkeep]
|upkeep
|
|t:|1666583277
|switch|p1a: Falko|Drampa, M|49/100
|-heal|p1a: Falko|100/100|[from] move: Healing Wish
|-damage|p1a: Falko|88/100|[from] Stealth Rock
|-damage|p1a: Falko|76/100|[from] Spikes
|turn|19
|
|t:|1666583284
|move|p1a: Falko|Thunderbolt|p2a: Jaws
|-supereffective|p2a: Jaws
|-damage|p2a: Jaws|0 fnt
|faint|p2a: Jaws
|
|-weather|RainDance|[upkeep]
|upkeep
|
|t:|1666583287
|switch|p2a: Tanjiro Kun|Volcanion|100/100
|turn|20
|
|t:|1666583292
|move|p1a: Falko|Thunderbolt|p2a: Tanjiro Kun
|-supereffective|p2a: Tanjiro Kun
|-damage|p2a: Tanjiro Kun|0 fnt
|faint|p2a: Tanjiro Kun
|
|-weather|none
|upkeep
|-message|Steez Ibanez forfeited.
|
|win|Infernoss
|raw|Infernoss's rating: 1777 &rarr; <strong>1804</strong><br />(+27 for winning)
|raw|Steez Ibanez's rating: 1911 &rarr; <strong>1884</strong><br />(-27 for losing)
|l|☆Steez Ibanez
|l| Meritone
