|j|☆ldailey19
|j|☆LT94JE Kingpin
|t:|1664159625
|gametype|singles
|player|p1|ldailey19|lance|1656
|player|p2|LT94JE Kingpin|#wcop2022uswest|1728
|teamsize|p1|6
|teamsize|p2|6
|gen|8
|tier|[Gen 8] OU
|rated|
|rule|Sleep Clause Mod: Limit one foe put to sleep
|rule|Species Clause: Limit one of each Pokémon
|rule|OHKO Clause: OHKO moves are banned
|rule|Evasion Items Clause: Evasion items are banned
|rule|Evasion Moves Clause: Evasion moves are banned
|rule|Endless Battle Clause: Forcing endless battles is banned
|rule|HP Percentage Mod: HP is shown in percentages
|rule|Dynamax Clause: You cannot dynamax
|clearpoke
|poke|p1|Magnezone|
|poke|p1|Weavile, F|
|poke|p1|Urshifu-*, F|
|poke|p1|Heatran, M|
|poke|p1|Landorus-Therian, M|
|poke|p1|Dragapult, F|
|poke|p2|Tapu Lele|
|poke|p2|Dragapult, M|
|poke|p2|Umbreon, F|
|poke|p2|Corviknight, M|
|poke|p2|Volcanion|
|poke|p2|Stunfisk, M|
|teampreview
|inactive|Battle timer is ON: inactive players will automatically lose when time's up. (requested by ldailey19)
|j| 2222mm
|inactive|LT94JE Kingpin has 120 seconds left.
|
|t:|1664159668
|start
|switch|p1a: Dragapult|Dragapult, F, shiny|100/100
|switch|p2a: Destruction|Volcanion|100/100
|turn|1
|
|t:|1664159673
|switch|p2a: Big Bird|Corviknight, M|100/100
|-ability|p2a: Big Bird|Pressure
|move|p1a: Dragapult|Dragon Darts|p2a: Big Bird
|-resisted|p2a: Big Bird
|-damage|p2a: Big Bird|93/100
|-anim|p1a: Dragapult|Dragon Darts|p2a: Big Bird
|-resisted|p2a: Big Bird
|-crit|p2a: Big Bird
|-damage|p2a: Big Bird|83/100
|
|upkeep
|turn|2
|
|t:|1664159683
|switch|p1a: Landorus|Landorus-Therian, M|100/100
|-ability|p1a: Landorus|Intimidate|boost
|-unboost|p2a: Big Bird|atk|1
|switch|p2a: Deal Breaker|Tapu Lele|100/100
|-fieldstart|move: Psychic Terrain|[from] ability: Psychic Surge|[of] p2a: Deal Breaker
|
|upkeep
|turn|3
|
|t:|1664159696
|move|p2a: Deal Breaker|Psychic|p1a: Landorus
|-damage|p1a: Landorus|0 fnt
|faint|p1a: Landorus
|
|upkeep
|
|t:|1664159700
|switch|p1a: Weavile|Weavile, F|100/100
|-ability|p1a: Weavile|Pressure
|turn|4
|
|t:|1664159708
|switch|p2a: Big Bird|Corviknight, M|83/100
|-ability|p2a: Big Bird|Pressure
|move|p1a: Weavile|Knock Off|p2a: Big Bird
|-damage|p2a: Big Bird|35/100
|-enditem|p2a: Big Bird|Shed Shell|[from] move: Knock Off|[of] p1a: Weavile
|
|upkeep
|turn|5
|
|t:|1664159723
|switch|p1a: Magnezone|Magnezone, shiny|100/100
|switch|p2a: Zeraover|Stunfisk, M|100/100
|
|upkeep
|turn|6
|
|t:|1664159734
|switch|p1a: Heatran|Heatran, M, shiny|100/100
|-item|p1a: Heatran|Air Balloon
|move|p2a: Zeraover|Stealth Rock|p1a: Heatran
|-sidestart|p1: ldailey19|move: Stealth Rock
|
|-fieldend|move: Psychic Terrain
|upkeep
|turn|7
|
|t:|1664159755
|move|p1a: Heatran|Toxic|p2a: Zeraover
|-status|p2a: Zeraover|tox
|move|p2a: Zeraover|Discharge|p1a: Heatran
|-damage|p1a: Heatran|85/100
|-enditem|p1a: Heatran|Air Balloon
|
|-damage|p2a: Zeraover|94/100 tox|[from] psn
|upkeep
|turn|8
|
|t:|1664159764
|move|p1a: Heatran|Protect|p1a: Heatran
|-singleturn|p1a: Heatran|Protect
|move|p2a: Zeraover|Earth Power|p1a: Heatran
|-activate|p1a: Heatran|move: Protect
|
|-heal|p2a: Zeraover|100/100 tox|[from] item: Leftovers
|-damage|p2a: Zeraover|88/100 tox|[from] psn
|upkeep
|turn|9
|inactive|ldailey19 has 120 seconds left.
|
|t:|1664159805
|switch|p1a: Urshifu|Urshifu-Rapid-Strike, F|100/100
|-damage|p1a: Urshifu|94/100|[from] Stealth Rock
|move|p2a: Zeraover|Earth Power|p1a: Urshifu
|-damage|p1a: Urshifu|54/100
|
|-heal|p2a: Zeraover|94/100 tox|[from] item: Leftovers
|-damage|p2a: Zeraover|76/100 tox|[from] psn
|upkeep
|turn|10
|
|t:|1664159825
|switch|p2a: U scarf bro?|Dragapult, M|100/100
|move|p1a: Urshifu|Close Combat|p2a: U scarf bro?
|-immune|p2a: U scarf bro?
|
|upkeep
|turn|11
|
|t:|1664159843
|switch|p1a: Magnezone|Magnezone, shiny|100/100
|-damage|p1a: Magnezone|94/100|[from] Stealth Rock
|move|p2a: U scarf bro?|Dragon Darts|p1a: Magnezone
|-resisted|p1a: Magnezone
|-damage|p1a: Magnezone|83/100
|-anim|p2a: U scarf bro?|Dragon Darts|p1a: Magnezone
|-resisted|p1a: Magnezone
|-damage|p1a: Magnezone|72/100
|
|upkeep
|turn|12
|
|t:|1664159860
|move|p2a: U scarf bro?|U-turn|p1a: Magnezone
|-resisted|p1a: Magnezone
|-damage|p1a: Magnezone|61/100
|
|t:|1664159861
|switch|p2a: Zeraover|Stunfisk, M|76/100 tox|[from]move: U-turn
|move|p1a: Magnezone|Flash Cannon|p2a: Zeraover
|-resisted|p2a: Zeraover
|-damage|p2a: Zeraover|56/100 tox
|-unboost|p2a: Zeraover|spd|1
|
|-heal|p2a: Zeraover|62/100 tox|[from] item: Leftovers
|-damage|p2a: Zeraover|56/100 tox|[from] psn
|upkeep
|turn|13
|inactive|ldailey19 has 120 seconds left.
|
|t:|1664159870
|switch|p1a: Urshifu|Urshifu-Rapid-Strike, F|54/100
|-damage|p1a: Urshifu|47/100|[from] Stealth Rock
|move|p2a: Zeraover|Earth Power|p1a: Urshifu
|-damage|p1a: Urshifu|8/100
|
|-heal|p2a: Zeraover|62/100 tox|[from] item: Leftovers
|-damage|p2a: Zeraover|50/100 tox|[from] psn
|upkeep
|turn|14
|inactive|ldailey19 has 120 seconds left.
|
|t:|1664159894
|switch|p2a: Destruction|Volcanion|100/100
|move|p1a: Urshifu|Surging Strikes|p2a: Destruction
|-immune|p2a: Destruction|[from] ability: Water Absorb
|
|upkeep
|turn|15
|
|t:|1664159900
|move|p1a: Urshifu|Close Combat|p2a: Destruction
|-damage|p2a: Destruction|36/100
|-unboost|p1a: Urshifu|def|1
|-unboost|p1a: Urshifu|spd|1
|move|p2a: Destruction|Earth Power|p1a: Urshifu
|-damage|p1a: Urshifu|0 fnt
|faint|p1a: Urshifu
|
|upkeep
|inactive|ldailey19 has 120 seconds left.
|l| 2222mm
|inactive|ldailey19 has 90 seconds left.
|inactive|ldailey19 has 60 seconds left.
|
|t:|1664159979
|switch|p1a: Weavile|Weavile, F|100/100
|-damage|p1a: Weavile|76/100|[from] Stealth Rock
|-ability|p1a: Weavile|Pressure
|turn|16
|inactive|LT94JE Kingpin has 120 seconds left.
|
|t:|1664160030
|switch|p2a: Winston|Umbreon, F|100/100
|move|p1a: Weavile|Knock Off|p2a: Winston
|-resisted|p2a: Winston
|-damage|p2a: Winston|77/100
|-enditem|p2a: Winston|Leftovers|[from] move: Knock Off|[of] p1a: Weavile
|
|upkeep
|turn|17
|inactive|ldailey19 has 60 seconds left.
|
|t:|1664160042
|switch|p1a: Magnezone|Magnezone, shiny|61/100
|-damage|p1a: Magnezone|55/100|[from] Stealth Rock
|move|p2a: Winston|Wish|p2a: Winston
|
|upkeep
|turn|18
|
|t:|1664160046
|switch|p2a: Zeraover|Stunfisk, M|50/100 tox
|move|p1a: Magnezone|Body Press|p2a: Zeraover
|-damage|p2a: Zeraover|28/100 tox
|
|-heal|p2a: Zeraover|74/100 tox|[from] move: Wish|[wisher] Winston
|-heal|p2a: Zeraover|80/100 tox|[from] item: Leftovers
|-damage|p2a: Zeraover|74/100 tox|[from] psn
|upkeep
|turn|19
|inactive|ldailey19 has 60 seconds left.
|
|t:|1664160085
|switch|p1a: Weavile|Weavile, F|76/100
|-damage|p1a: Weavile|51/100|[from] Stealth Rock
|-ability|p1a: Weavile|Pressure
|move|p2a: Zeraover|Earth Power|p1a: Weavile
|-damage|p1a: Weavile|13/100
|
|-heal|p2a: Zeraover|80/100 tox|[from] item: Leftovers
|-damage|p2a: Zeraover|68/100 tox|[from] psn
|upkeep
|turn|20
|inactive|LT94JE Kingpin has 120 seconds left.
|
|t:|1664160114
|switch|p2a: Big Bird|Corviknight, M|35/100
|-ability|p2a: Big Bird|Pressure
|move|p1a: Weavile|Triple Axel|p2a: Big Bird
|-damage|p2a: Big Bird|26/100
|-damage|p2a: Big Bird|7/100
|-damage|p2a: Big Bird|0 fnt
|faint|p2a: Big Bird
|-hitcount|p2: Big Bird|3
|
|upkeep
|
|t:|1664160124
|switch|p2a: Destruction|Volcanion|36/100
|turn|21
|inactive|ldailey19 has 60 seconds left.
|
|t:|1664160140
|move|p1a: Weavile|Triple Axel|p2a: Destruction
|-resisted|p2a: Destruction
|-damage|p2a: Destruction|32/100
|-resisted|p2a: Destruction
|-damage|p2a: Destruction|25/100
|-resisted|p2a: Destruction
|-damage|p2a: Destruction|14/100
|-hitcount|p2a: Destruction|3
|move|p2a: Destruction|Earth Power|p1a: Weavile
|-damage|p1a: Weavile|0 fnt
|faint|p1a: Weavile
|
|upkeep
|
|t:|1664160153
|switch|p1a: Dragapult|Dragapult, F, shiny|100/100
|-damage|p1a: Dragapult|88/100|[from] Stealth Rock
|turn|22
|inactive|LT94JE Kingpin has 120 seconds left.
|
|t:|1664160174
|move|p1a: Dragapult|Dragon Darts|p2a: Destruction
|-damage|p2a: Destruction|0 fnt
|faint|p2a: Destruction
|
|upkeep
|
|t:|1664160197
|switch|p2a: Winston|Umbreon, F|77/100
|turn|23
|
|t:|1664160201
|move|p1a: Dragapult|U-turn|p2a: Winston
|-supereffective|p2a: Winston
|-damage|p2a: Winston|48/100
|inactive|ldailey19 has 60 seconds left.
|
|t:|1664160207
|switch|p1a: Heatran|Heatran, M, shiny|85/100|[from]move: U-turn
|-damage|p1a: Heatran|72/100|[from] Stealth Rock
|move|p2a: Winston|Foul Play|p1a: Heatran
|-damage|p1a: Heatran|52/100
|
|upkeep
|turn|24
|
|t:|1664160212
|move|p1a: Heatran|Toxic|p2a: Winston|[miss]
|-miss|p1a: Heatran|p2a: Winston
|move|p2a: Winston|Wish|p2a: Winston
|
|upkeep
|turn|25
|
|t:|1664160219
|move|p1a: Heatran|Earth Power|p2a: Winston
|-damage|p2a: Winston|30/100
|move|p2a: Winston|Foul Play|p1a: Heatran
|-damage|p1a: Heatran|31/100
|
|-heal|p2a: Winston|80/100|[from] move: Wish|[wisher] Winston
|upkeep
|turn|26
|
|t:|1664160227
|move|p1a: Heatran|Toxic|p2a: Winston
|-status|p2a: Winston|tox
|-activate|p2a: Winston|ability: Synchronize
|-immune|p1a: Heatran
|move|p2a: Winston|Wish|p2a: Winston
|
|-damage|p2a: Winston|74/100 tox|[from] psn
|upkeep
|turn|27
|
|t:|1664160235
|move|p1a: Heatran|Protect|p1a: Heatran
|-singleturn|p1a: Heatran|Protect
|move|p2a: Winston|Heal Bell|p2a: Winston
|-activate|p2a: Winston|move: Heal Bell
|-curestatus|p2a: Winston|tox|[msg]
|-curestatus|p2: Zeraover|tox|[msg]
|
|-heal|p2a: Winston|100/100|[from] move: Wish|[wisher] Winston
|upkeep
|turn|28
|inactive|ldailey19 has 90 seconds left.
|-message|ldailey19 forfeited.
|
|win|LT94JE Kingpin
|raw|ldailey19's rating: 1656 &rarr; <strong>1642</strong><br />(-14 for losing)
|raw|LT94JE Kingpin's rating: 1755 &rarr; <strong>1769</strong><br />(+14 for winning)
|l|☆ldailey19
