|j|☆Truzimy
|j|☆SMxVale
|t:|1667292583
|gametype|singles
|player|p1|Truzimy|1|1620
|player|p2|SMxVale|265|1715
|teamsize|p1|6
|teamsize|p2|6
|gen|8
|tier|[Gen 8] OU
|rated|
|rule|Sleep Clause Mod: Limit one foe put to sleep
|rule|Species Clause: Limit one of each Pokémon
|rule|OHKO Clause: OHKO moves are banned
|rule|Evasion Items Clause: Evasion items are banned
|rule|Evasion Moves Clause: Evasion moves are banned
|rule|Endless Battle Clause: Forcing endless battles is banned
|rule|HP Percentage Mod: HP is shown in percentages
|rule|Dynamax Clause: You cannot dynamax
|clearpoke
|poke|p1|Dragapult, F|
|poke|p1|Heatran, M|
|poke|p1|Landorus-Therian, M|
|poke|p1|Mamoswine, F|
|poke|p1|Slowbro, F|
|poke|p1|Buzzwole|
|poke|p2|Tapu Lele|
|poke|p2|Tyranitar, M|
|poke|p2|Heatran, M|
|poke|p2|Landorus-Therian, M|
|poke|p2|Tornadus-Therian, M|
|poke|p2|Toxapex, F|
|teampreview
|j| Horvendil
|j| swifterblade
|
|t:|1667292632
|start
|switch|p1a: Dragapult|Dragapult, F|100/100
|switch|p2a: Tapu Lele|Tapu Lele|100/100
|-fieldstart|move: Psychic Terrain|[from] ability: Psychic Surge|[of] p2a: Tapu Lele
|turn|1
|inactive|Battle timer is ON: inactive players will automatically lose when time's up. (requested by SMxVale)
|
|t:|1667292651
|switch|p1a: Heatran|Heatran, M|100/100
|move|p2a: Tapu Lele|Psyshock|p1a: Heatran
|-resisted|p1a: Heatran
|-damage|p1a: Heatran|63/100
|
|-heal|p1a: Heatran|69/100|[from] item: Leftovers
|upkeep
|turn|2
|
|t:|1667292662
|switch|p1a: Slowbro|Slowbro, F|100/100
|move|p2a: Tapu Lele|Psyshock|p1a: Slowbro
|-resisted|p1a: Slowbro
|-damage|p1a: Slowbro|75/100
|
|upkeep
|turn|3
|
|t:|1667292675
|switch|p2a: Toxapex|Toxapex, F|100/100
|move|p1a: Slowbro|Teleport|p1a: Slowbro
|
|t:|1667292682
|switch|p1a: Heatran|Heatran, M|69/100|[from]move: Teleport
|
|-heal|p1a: Heatran|75/100|[from] item: Leftovers
|upkeep
|turn|4
|
|t:|1667292690
|switch|p2a: Landorus|Landorus-Therian, M|100/100
|-ability|p2a: Landorus|Intimidate|boost
|-unboost|p1a: Heatran|atk|1
|move|p1a: Heatran|Magma Storm|p2a: Landorus
|-damage|p2a: Landorus|69/100
|-activate|p2a: Landorus|move: Magma Storm|[of] p1a: Heatran
|
|-heal|p2a: Landorus|75/100|[from] item: Leftovers
|-heal|p1a: Heatran|82/100|[from] item: Leftovers
|-damage|p2a: Landorus|63/100|[from] move: Magma Storm|[partiallytrapped]
|upkeep
|turn|5
|
|t:|1667292702
|switch|p1a: Buzzwole|Buzzwole|100/100
|move|p2a: Landorus|Stealth Rock|p1a: Buzzwole
|-sidestart|p1: Truzimy|move: Stealth Rock
|
|-heal|p2a: Landorus|69/100|[from] item: Leftovers
|-end|p2a: Landorus|Magma Storm|[partiallytrapped]|[silent]
|-fieldend|move: Psychic Terrain
|upkeep
|turn|6
|
|t:|1667292711
|switch|p2a: Toxapex|Toxapex, F|100/100
|move|p1a: Buzzwole|Ice Punch|p2a: Toxapex
|-resisted|p2a: Toxapex
|-damage|p2a: Toxapex|91/100
|-damage|p1a: Buzzwole|84/100|[from] item: Rocky Helmet|[of] p2a: Toxapex
|
|upkeep
|turn|7
|
|t:|1667292730
|switch|p1a: Slowbro|Slowbro, F|100/100
|-damage|p1a: Slowbro|88/100|[from] Stealth Rock
|move|p2a: Toxapex|Scald|p1a: Slowbro
|-resisted|p1a: Slowbro
|-damage|p1a: Slowbro|79/100
|
|upkeep
|turn|8
|
|t:|1667292734
|move|p2a: Toxapex|Toxic|p1a: Slowbro
|-status|p1a: Slowbro|tox
|move|p1a: Slowbro|Teleport|p1a: Slowbro
|
|t:|1667292735
|switch|p1a: Heatran|Heatran, M|82/100|[from]move: Teleport
|-damage|p1a: Heatran|69/100|[from] Stealth Rock
|
|-heal|p1a: Heatran|75/100|[from] item: Leftovers
|upkeep
|turn|9
|
|t:|1667292745
|switch|p2a: Tyranitar|Tyranitar, M|100/100
|-weather|Sandstorm|[from] ability: Sand Stream|[of] p2a: Tyranitar
|move|p1a: Heatran|Magma Storm|p2a: Tyranitar|[miss]
|-miss|p1a: Heatran|p2a: Tyranitar
|
|-weather|Sandstorm|[upkeep]
|-heal|p1a: Heatran|82/100|[from] item: Leftovers
|upkeep
|turn|10
|
|t:|1667292756
|switch|p1a: Buzzwole|Buzzwole|84/100
|-damage|p1a: Buzzwole|71/100|[from] Stealth Rock
|move|p2a: Tyranitar|Stone Edge|p1a: Buzzwole|[miss]
|-miss|p2a: Tyranitar|p1a: Buzzwole
|
|-weather|Sandstorm|[upkeep]
|-damage|p1a: Buzzwole|65/100|[from] Sandstorm
|upkeep
|turn|11
|
|t:|1667292781
|switch|p1a: Heatran|Heatran, M|82/100
|-damage|p1a: Heatran|69/100|[from] Stealth Rock
|switch|p2a: Tornadus|Tornadus-Therian, M|100/100
|
|-weather|Sandstorm|[upkeep]
|-damage|p2a: Tornadus|94/100|[from] Sandstorm
|-heal|p1a: Heatran|75/100|[from] item: Leftovers
|upkeep
|turn|12
|
|t:|1667292785
|move|p2a: Tornadus|Knock Off|p1a: Heatran
|-damage|p1a: Heatran|57/100
|-enditem|p1a: Heatran|Leftovers|[from] move: Knock Off|[of] p2a: Tornadus
|move|p1a: Heatran|Stealth Rock|p2a: Tornadus
|-sidestart|p2: SMxVale|move: Stealth Rock
|
|-weather|Sandstorm|[upkeep]
|-damage|p2a: Tornadus|88/100|[from] Sandstorm
|upkeep
|turn|13
|
|t:|1667292801
|switch|p2a: Tyranitar|Tyranitar, M|100/100
|-damage|p2a: Tyranitar|88/100|[from] Stealth Rock
|move|p1a: Heatran|Magma Storm|p2a: Tyranitar
|-resisted|p2a: Tyranitar
|-damage|p2a: Tyranitar|76/100
|-activate|p2a: Tyranitar|move: Magma Storm|[of] p1a: Heatran
|
|-weather|none
|-damage|p2a: Tyranitar|63/100|[from] move: Magma Storm|[partiallytrapped]
|upkeep
|turn|14
|
|t:|1667292815
|switch|p1a: Landorus|Landorus-Therian, M|100/100
|-damage|p1a: Landorus|88/100|[from] Stealth Rock
|-ability|p1a: Landorus|Intimidate|boost
|-unboost|p2a: Tyranitar|atk|1
|move|p2a: Tyranitar|Stone Edge|p1a: Landorus
|-damage|p1a: Landorus|29/100
|
|-heal|p1a: Landorus|35/100|[from] item: Leftovers
|-end|p2a: Tyranitar|Magma Storm|[partiallytrapped]|[silent]
|upkeep
|turn|15
|
|t:|1667292832
|switch|p2a: Tornadus|Tornadus-Therian, M|100/100
|move|p1a: Landorus|Knock Off|p2a: Tornadus
|-damage|p2a: Tornadus|68/100
|-enditem|p2a: Tornadus|Heavy-Duty Boots|[from] move: Knock Off|[of] p1a: Landorus
|
|-heal|p1a: Landorus|41/100|[from] item: Leftovers
|upkeep
|turn|16
|
|t:|1667292846
|move|p2a: Tornadus|Knock Off|p1a: Landorus
|-damage|p1a: Landorus|22/100
|-enditem|p1a: Landorus|Leftovers|[from] move: Knock Off|[of] p2a: Tornadus
|move|p1a: Landorus|U-turn|p2a: Tornadus
|-resisted|p2a: Tornadus
|-damage|p2a: Tornadus|58/100
|
|t:|1667292873
|switch|p1a: Mamoswine|Mamoswine, F|100/100|[from]move: U-turn
|-damage|p1a: Mamoswine|88/100|[from] Stealth Rock
|
|upkeep
|turn|17
|
|t:|1667292888
|move|p1a: Mamoswine|Icicle Crash|p2a: Tornadus
|-supereffective|p2a: Tornadus
|-damage|p2a: Tornadus|0 fnt
|faint|p2a: Tornadus
|
|upkeep
|inactive|SMxVale has 120 seconds left.
|inactive|SMxVale has 90 seconds left.
|inactive|SMxVale has 60 seconds left.
|
|t:|1667292975
|switch|p2a: Tapu Lele|Tapu Lele|100/100
|-damage|p2a: Tapu Lele|88/100|[from] Stealth Rock
|-fieldstart|move: Psychic Terrain|[from] ability: Psychic Surge|[of] p2a: Tapu Lele
|turn|18
|inactive|SMxVale has 60 seconds left.
|
|t:|1667292981
|switch|p1a: Heatran|Heatran, M|57/100
|-damage|p1a: Heatran|45/100|[from] Stealth Rock
|move|p2a: Tapu Lele|Moonblast|p1a: Heatran
|-resisted|p1a: Heatran
|-damage|p1a: Heatran|33/100
|
|upkeep
|turn|19
|inactive|SMxVale has 60 seconds left.
|
|t:|1667292996
|switch|p2a: Landorus|Landorus-Therian, M|69/100
|-damage|p2a: Landorus|56/100|[from] Stealth Rock
|-ability|p2a: Landorus|Intimidate|boost
|-unboost|p1a: Heatran|atk|1
|move|p1a: Heatran|Magma Storm|p2a: Landorus
|-damage|p2a: Landorus|20/100
|-activate|p2a: Landorus|move: Magma Storm|[of] p1a: Heatran
|
|-heal|p2a: Landorus|26/100|[from] item: Leftovers
|-damage|p2a: Landorus|14/100|[from] move: Magma Storm|[partiallytrapped]
|upkeep
|turn|20
|inactive|SMxVale has 60 seconds left.
|
|t:|1667293007
|switch|p1a: Landorus|Landorus-Therian, M|22/100
|-damage|p1a: Landorus|10/100|[from] Stealth Rock
|-ability|p1a: Landorus|Intimidate|boost
|-unboost|p2a: Landorus|atk|1
|move|p2a: Landorus|Knock Off|p1a: Landorus
|-damage|p1a: Landorus|0 fnt
|faint|p1a: Landorus
|
|-heal|p2a: Landorus|20/100|[from] item: Leftovers
|-end|p2a: Landorus|Magma Storm|[partiallytrapped]|[silent]
|upkeep
|
|t:|1667293010
|switch|p1a: Dragapult|Dragapult, F|100/100
|-damage|p1a: Dragapult|88/100|[from] Stealth Rock
|turn|21
|inactive|SMxVale has 60 seconds left.
|
|t:|1667293023
|switch|p2a: Heatran|Heatran, M|100/100
|-damage|p2a: Heatran|88/100|[from] Stealth Rock
|move|p1a: Dragapult|Shadow Ball|p2a: Heatran
|-damage|p2a: Heatran|57/100
|
|-heal|p2a: Heatran|63/100|[from] item: Leftovers
|upkeep
|turn|22
|inactive|SMxVale has 60 seconds left.
|
|t:|1667293040
|switch|p1a: Heatran|Heatran, M|33/100
|-damage|p1a: Heatran|21/100|[from] Stealth Rock
|move|p2a: Heatran|Protect||[still]
|-fail|p2a: Heatran
|
|-heal|p2a: Heatran|69/100|[from] item: Leftovers
|-fieldend|move: Psychic Terrain
|upkeep
|turn|23
|inactive|SMxVale has 60 seconds left.
|
|t:|1667293045
|switch|p1a: Buzzwole|Buzzwole|65/100
|-damage|p1a: Buzzwole|53/100|[from] Stealth Rock
|move|p2a: Heatran|Protect||[still]
|-fail|p2a: Heatran
|
|-heal|p2a: Heatran|75/100|[from] item: Leftovers
|upkeep
|turn|24
|inactive|SMxVale has 60 seconds left.
|
|t:|1667293057
|move|p2a: Heatran|Protect|p2a: Heatran
|-singleturn|p2a: Heatran|Protect
|move|p1a: Buzzwole|Close Combat|p2a: Heatran
|-activate|p2a: Heatran|move: Protect
|
|-heal|p2a: Heatran|82/100|[from] item: Leftovers
|upkeep
|turn|25
|
|t:|1667293060
|switch|p2a: Toxapex|Toxapex, F|100/100
|-damage|p2a: Toxapex|88/100|[from] Stealth Rock
|move|p1a: Buzzwole|Close Combat|p2a: Toxapex
|-resisted|p2a: Toxapex
|-damage|p2a: Toxapex|66/100
|-unboost|p1a: Buzzwole|def|1
|-unboost|p1a: Buzzwole|spd|1
|-damage|p1a: Buzzwole|36/100|[from] item: Rocky Helmet|[of] p2a: Toxapex
|
|upkeep
|turn|26
|j| zhake250
|inactive|SMxVale has 60 seconds left.
|
|t:|1667293083
|switch|p2a: Tapu Lele|Tapu Lele|88/100
|-damage|p2a: Tapu Lele|76/100|[from] Stealth Rock
|-fieldstart|move: Psychic Terrain|[from] ability: Psychic Surge|[of] p2a: Tapu Lele
|move|p1a: Buzzwole|Roost|p1a: Buzzwole
|-heal|p1a: Buzzwole|86/100
|-singleturn|p1a: Buzzwole|move: Roost
|
|upkeep
|turn|27
|inactive|SMxVale has 60 seconds left.
|
|t:|1667293099
|switch|p1a: Heatran|Heatran, M|21/100
|-damage|p1a: Heatran|8/100|[from] Stealth Rock
|move|p2a: Tapu Lele|Moonblast|p1a: Heatran
|-resisted|p1a: Heatran
|-damage|p1a: Heatran|0 fnt
|faint|p1a: Heatran
|
|upkeep
|
|t:|1667293106
|switch|p1a: Mamoswine|Mamoswine, F|88/100
|-damage|p1a: Mamoswine|76/100|[from] Stealth Rock
|turn|28
|
|t:|1667293115
|switch|p2a: Landorus|Landorus-Therian, M|20/100
|-damage|p2a: Landorus|7/100|[from] Stealth Rock
|-ability|p2a: Landorus|Intimidate|boost
|-fail|p1a: Mamoswine|unboost|Attack|[from] ability: Oblivious|[of] p1a: Mamoswine
|move|p1a: Mamoswine|Knock Off|p2a: Landorus
|-damage|p2a: Landorus|0 fnt
|-enditem|p2a: Landorus|Leftovers|[from] move: Knock Off|[of] p1a: Mamoswine
|faint|p2a: Landorus
|
|upkeep
|j| Bhbcf alt
|inactive|SMxVale has 60 seconds left.
|inactive|SMxVale has 30 seconds left.
|
|t:|1667293162
|switch|p2a: Heatran|Heatran, M|82/100
|-damage|p2a: Heatran|69/100|[from] Stealth Rock
|turn|29
|l| Bhbcf alt
|inactive|SMxVale has 30 seconds left.
|
|t:|1667293167
|switch|p1a: Slowbro|Slowbro, F|100/100 tox
|-damage|p1a: Slowbro|88/100 tox|[from] Stealth Rock
|move|p2a: Heatran|Magma Storm|p1a: Slowbro
|-resisted|p1a: Slowbro
|-damage|p1a: Slowbro|64/100 tox
|-activate|p1a: Slowbro|move: Magma Storm|[of] p2a: Heatran
|
|-heal|p2a: Heatran|75/100|[from] item: Leftovers
|-damage|p1a: Slowbro|58/100 tox|[from] psn
|-damage|p1a: Slowbro|45/100 tox|[from] move: Magma Storm|[partiallytrapped]
|upkeep
|turn|30
|inactive|SMxVale has 30 seconds left.
|
|t:|1667293178
|move|p2a: Heatran|Earth Power|p1a: Slowbro
|-damage|p1a: Slowbro|20/100 tox
|move|p1a: Slowbro|Scald|p2a: Heatran
|-supereffective|p2a: Heatran
|-damage|p2a: Heatran|38/100
|
|-heal|p2a: Heatran|44/100|[from] item: Leftovers
|-damage|p1a: Slowbro|8/100 tox|[from] psn
|-damage|p1a: Slowbro|0 fnt|[from] move: Magma Storm|[partiallytrapped]
|faint|p1a: Slowbro
|-fieldend|move: Psychic Terrain
|upkeep
|
|t:|1667293185
|switch|p1a: Dragapult|Dragapult, F|88/100
|-damage|p1a: Dragapult|76/100|[from] Stealth Rock
|turn|31
|
|t:|1667293189
|move|p2a: Heatran|Protect|p2a: Heatran
|-singleturn|p2a: Heatran|Protect
|move|p1a: Dragapult|Shadow Ball|p2a: Heatran
|-activate|p2a: Heatran|move: Protect
|
|-heal|p2a: Heatran|50/100|[from] item: Leftovers
|upkeep
|turn|32
|inactive|SMxVale has 30 seconds left.
|
|t:|1667293215
|move|p1a: Dragapult|Shadow Ball|p2a: Heatran
|-damage|p2a: Heatran|21/100
|-unboost|p2a: Heatran|spd|1
|move|p2a: Heatran|Earth Power|p1a: Dragapult
|-damage|p1a: Dragapult|39/100
|
|-heal|p2a: Heatran|27/100|[from] item: Leftovers
|upkeep
|turn|33
|
|t:|1667293226
|move|p2a: Heatran|Protect|p2a: Heatran
|-singleturn|p2a: Heatran|Protect
|move|p1a: Dragapult|Shadow Ball|p2a: Heatran
|-activate|p2a: Heatran|move: Protect
|
|-heal|p2a: Heatran|33/100|[from] item: Leftovers
|upkeep
|turn|34
|
|t:|1667293231
|move|p1a: Dragapult|Shadow Ball|p2a: Heatran
|-damage|p2a: Heatran|0 fnt
|faint|p2a: Heatran
|
|upkeep
|
|t:|1667293233
|switch|p2a: Tyranitar|Tyranitar, M|63/100
|-damage|p2a: Tyranitar|51/100|[from] Stealth Rock
|-weather|Sandstorm|[from] ability: Sand Stream|[of] p2a: Tyranitar
|turn|35
|
|t:|1667293240
|switch|p1a: Buzzwole|Buzzwole|86/100
|-damage|p1a: Buzzwole|74/100|[from] Stealth Rock
|move|p2a: Tyranitar|Fire Punch|p1a: Buzzwole
|-supereffective|p1a: Buzzwole
|-damage|p1a: Buzzwole|13/100
|
|-weather|Sandstorm|[upkeep]
|-damage|p1a: Buzzwole|7/100|[from] Sandstorm
|upkeep
|turn|36
|
|t:|1667293261
|switch|p2a: Toxapex|Toxapex, F|99/100
|-damage|p2a: Toxapex|87/100|[from] Stealth Rock
|move|p1a: Buzzwole|Roost|p1a: Buzzwole
|-heal|p1a: Buzzwole|57/100
|-singleturn|p1a: Buzzwole|move: Roost
|
|-weather|Sandstorm|[upkeep]
|-damage|p1a: Buzzwole|51/100|[from] Sandstorm
|-damage|p2a: Toxapex|81/100|[from] Sandstorm
|upkeep
|turn|37
|
|t:|1667293269
|move|p1a: Buzzwole|Close Combat|p2a: Toxapex
|-resisted|p2a: Toxapex
|-damage|p2a: Toxapex|60/100
|-unboost|p1a: Buzzwole|def|1
|-unboost|p1a: Buzzwole|spd|1
|-damage|p1a: Buzzwole|34/100|[from] item: Rocky Helmet|[of] p2a: Toxapex
|move|p2a: Toxapex|Toxic|p1a: Buzzwole
|-status|p1a: Buzzwole|tox
|
|-weather|Sandstorm|[upkeep]
|-damage|p1a: Buzzwole|28/100 tox|[from] Sandstorm
|-damage|p2a: Toxapex|54/100|[from] Sandstorm
|-damage|p1a: Buzzwole|22/100 tox|[from] psn
|upkeep
|turn|38
|
|t:|1667293272
|move|p1a: Buzzwole|Close Combat|p2a: Toxapex
|-resisted|p2a: Toxapex
|-damage|p2a: Toxapex|31/100
|-unboost|p1a: Buzzwole|def|1
|-unboost|p1a: Buzzwole|spd|1
|-damage|p1a: Buzzwole|5/100 tox|[from] item: Rocky Helmet|[of] p2a: Toxapex
|move|p2a: Toxapex|Recover|p2a: Toxapex
|-heal|p2a: Toxapex|81/100
|
|-weather|Sandstorm|[upkeep]
|-damage|p1a: Buzzwole|0 fnt|[from] Sandstorm
|-damage|p2a: Toxapex|75/100|[from] Sandstorm
|faint|p1a: Buzzwole
|upkeep
|
|t:|1667293274
|switch|p1a: Mamoswine|Mamoswine, F|76/100
|-damage|p1a: Mamoswine|63/100|[from] Stealth Rock
|turn|39
|inactive|SMxVale has 60 seconds left.
|j| OmegaTroll
|inactive|SMxVale has 30 seconds left.
|inactive|SMxVale has 20 seconds left.
|
|t:|1667293326
|move|p1a: Mamoswine|Earthquake|p2a: Toxapex
|-supereffective|p2a: Toxapex
|-damage|p2a: Toxapex|16/100
|move|p2a: Toxapex|Scald|p1a: Mamoswine
|-supereffective|p1a: Mamoswine
|-damage|p1a: Mamoswine|13/100
|
|-weather|none
|upkeep
|turn|40
|inactive|SMxVale has 30 seconds left this turn.
|inactive|SMxVale has 20 seconds left.
|inactive|SMxVale has 15 seconds left.
|inactive|SMxVale has 10 seconds left.
|inactive|SMxVale has 5 seconds left.
|
|t:|1667293353
|switch|p2a: Tapu Lele|Tapu Lele|76/100
|-damage|p2a: Tapu Lele|63/100|[from] Stealth Rock
|-fieldstart|move: Psychic Terrain|[from] ability: Psychic Surge|[of] p2a: Tapu Lele
|move|p1a: Mamoswine|Earthquake|p2a: Tapu Lele
|-damage|p2a: Tapu Lele|0 fnt
|faint|p2a: Tapu Lele
|
|upkeep
|inactive|SMxVale has 10 seconds left this turn.
|inactive|SMxVale has 5 seconds left.
|
|t:|1667293358
|switch|p2a: Toxapex|Toxapex, F|49/100
|-damage|p2a: Toxapex|37/100|[from] Stealth Rock
|turn|41
|inactive|SMxVale has 15 seconds left this turn.
|
|t:|1667293363
|switch|p2a: Tyranitar|Tyranitar, M|51/100
|-damage|p2a: Tyranitar|39/100|[from] Stealth Rock
|-weather|Sandstorm|[from] ability: Sand Stream|[of] p2a: Tyranitar
|move|p1a: Mamoswine|Earthquake|p2a: Tyranitar
|-supereffective|p2a: Tyranitar
|-damage|p2a: Tyranitar|0 fnt
|faint|p2a: Tyranitar
|
|-weather|Sandstorm|[upkeep]
|upkeep
|inactive|SMxVale has 20 seconds left this turn.
|
|t:|1667293366
|switch|p2a: Toxapex|Toxapex, F|70/100
|-damage|p2a: Toxapex|58/100|[from] Stealth Rock
|turn|42
|inactive|SMxVale has 30 seconds left this turn.
|
|t:|1667293373
|move|p1a: Mamoswine|Earthquake|p2a: Toxapex
|-supereffective|p2a: Toxapex
|-damage|p2a: Toxapex|0 fnt
|faint|p2a: Toxapex
|
|win|Truzimy
|inactive|SMxVale has 30 seconds left this turn.
|raw|Truzimy's rating: 1620 &rarr; <strong>1645</strong><br />(+25 for winning)
|raw|SMxVale's rating: 1715 &rarr; <strong>1690</strong><br />(-25 for losing)
|c|☆Truzimy|gg
|c|☆SMxVale|gg
|l| Horvendil
|l| OmegaTroll
|j| legend_dipesh__
|l|☆Truzimy
|j|☆Truzimy
|player|p1|Truzimy|1
||Ladder isn't responding, score probably updated but might not have (Request timeout).
