|j|☆Aes Dragon
|j|☆GGeorgie
|t:|1668062581
|gametype|singles
|player|p1|Aes Dragon|169|1561
|player|p2|GGeorgie|hiker-gen2|1714
|teamsize|p1|6
|teamsize|p2|6
|gen|8
|tier|[Gen 8] OU
|rated|
|rule|Sleep Clause Mod: Limit one foe put to sleep
|rule|Species Clause: Limit one of each Pokémon
|rule|OHKO Clause: OHKO moves are banned
|rule|Evasion Items Clause: Evasion items are banned
|rule|Evasion Moves Clause: Evasion moves are banned
|rule|Endless Battle Clause: Forcing endless battles is banned
|rule|HP Percentage Mod: HP is shown in percentages
|rule|Dynamax Clause: You cannot dynamax
|clearpoke
|poke|p1|Pelipper, F|
|poke|p1|Volcanion|
|poke|p1|Rillaboom, F|
|poke|p1|Melmetal|
|poke|p1|Zapdos|
|poke|p1|Excadrill, M|
|poke|p2|Excadrill, M|
|poke|p2|Tyranitar, F|
|poke|p2|Landorus-Therian, M|
|poke|p2|Moltres|
|poke|p2|Melmetal|
|poke|p2|Amoonguss, M|
|teampreview
|inactive|Battle timer is ON: inactive players will automatically lose when time's up. (requested by Aes Dragon)
|j| X-Wing Fighter
|j|+moondazing
|j| Rossaism
|
|t:|1668062590
|start
|switch|p1a: Fair n' Bashlanced|Melmetal|100/100
|switch|p2a: Tyranitar|Tyranitar, F|100/100
|-weather|Sandstorm|[from] ability: Sand Stream|[of] p2a: Tyranitar
|turn|1
|j| 3ch09
|
|t:|1668062595
|switch|p2a: Amoonguss|Amoonguss, M|100/100
|switch|p1a: I'm U-turning|Pelipper, F|100/100
|-weather|RainDance|[from] ability: Drizzle|[of] p1a: I'm U-turning
|
|-weather|RainDance|[upkeep]
|upkeep
|turn|2
|
|t:|1668062602
|switch|p2a: Tyranitar|Tyranitar, F|100/100
|-weather|Sandstorm|[from] ability: Sand Stream|[of] p2a: Tyranitar
|move|p1a: I'm U-turning|Hurricane|p2a: Tyranitar
|-resisted|p2a: Tyranitar
|-damage|p2a: Tyranitar|84/100
|-start|p2a: Tyranitar|confusion
|
|-weather|Sandstorm|[upkeep]
|-damage|p1a: I'm U-turning|94/100|[from] Sandstorm
|upkeep
|turn|3
|j| pigciel
|
|t:|1668062607
|switch|p1a: Excadrill|Excadrill, M|100/100
|-ability|p1a: Excadrill|Mold Breaker
|-activate|p2a: Tyranitar|confusion
|-damage|p2a: Tyranitar|71/100|[from] confusion
|
|-weather|Sandstorm|[upkeep]
|upkeep
|turn|4
|j| cypherstest
|
|t:|1668062614
|move|p1a: Excadrill|Stealth Rock|p2a: Tyranitar
|-sidestart|p2: GGeorgie|move: Stealth Rock
|-end|p2a: Tyranitar|confusion
|move|p2a: Tyranitar|Earthquake|p1a: Excadrill
|-supereffective|p1a: Excadrill
|-damage|p1a: Excadrill|0 fnt
|faint|p1a: Excadrill
|
|-weather|Sandstorm|[upkeep]
|upkeep
|j| YourPetRock6
|
|t:|1668062618
|switch|p1a: I'm U-turning|Pelipper, F|94/100
|-weather|RainDance|[from] ability: Drizzle|[of] p1a: I'm U-turning
|turn|5
|l| YourPetRock6
|
|t:|1668062622
|switch|p2a: Amoonguss|Amoonguss, M|100/100
|-damage|p2a: Amoonguss|88/100|[from] Stealth Rock
|move|p1a: I'm U-turning|U-turn|p2a: Amoonguss
|-crit|p2a: Amoonguss
|-damage|p2a: Amoonguss|78/100
|-damage|p1a: I'm U-turning|78/100|[from] item: Rocky Helmet|[of] p2a: Amoonguss
|
|t:|1668062625
|switch|p1a: Banded Dracovish|Volcanion|100/100|[from]move: U-turn
|
|-weather|RainDance|[upkeep]
|upkeep
|turn|6
|j| YourPetRock6
|l| YourPetRock6
|
|t:|1668062628
|move|p2a: Amoonguss|Protect|p2a: Amoonguss
|-singleturn|p2a: Amoonguss|Protect
|move|p1a: Banded Dracovish|Steam Eruption|p2a: Amoonguss
|-activate|p2a: Amoonguss|move: Protect
|
|-weather|RainDance|[upkeep]
|upkeep
|turn|7
|
|t:|1668062631
|move|p1a: Banded Dracovish|Steam Eruption|p2a: Amoonguss
|-resisted|p2a: Amoonguss
|-damage|p2a: Amoonguss|14/100
|move|p2a: Amoonguss|Stun Spore|p1a: Banded Dracovish
|-status|p1a: Banded Dracovish|par
|
|-weather|RainDance|[upkeep]
|upkeep
|turn|8
|j| Casino Boi
|j| SKIP THE DRIP
|
|t:|1668062656
|switch|p2a: Landorus|Landorus-Therian, M|100/100
|-damage|p2a: Landorus|88/100|[from] Stealth Rock
|-ability|p2a: Landorus|Intimidate|boost
|-unboost|p1a: Banded Dracovish|atk|1
|move|p1a: Banded Dracovish|Steam Eruption|p2a: Landorus
|-supereffective|p2a: Landorus
|-damage|p2a: Landorus|0 fnt
|faint|p2a: Landorus
|
|-weather|RainDance|[upkeep]
|upkeep
|
|t:|1668062659
|switch|p2a: Tyranitar|Tyranitar, F|71/100
|-damage|p2a: Tyranitar|59/100|[from] Stealth Rock
|-weather|Sandstorm|[from] ability: Sand Stream|[of] p2a: Tyranitar
|turn|9
|
|t:|1668062662
|move|p2a: Tyranitar|Earthquake|p1a: Banded Dracovish
|-supereffective|p1a: Banded Dracovish
|-damage|p1a: Banded Dracovish|40/100 par
|move|p1a: Banded Dracovish|Steam Eruption|p2a: Tyranitar
|-supereffective|p2a: Tyranitar
|-damage|p2a: Tyranitar|0 fnt
|faint|p2a: Tyranitar
|
|-weather|Sandstorm|[upkeep]
|-damage|p1a: Banded Dracovish|34/100 par|[from] Sandstorm
|upkeep
|
|t:|1668062665
|switch|p2a: Excadrill|Excadrill, M|100/100
|-damage|p2a: Excadrill|97/100|[from] Stealth Rock
|turn|10
|
|t:|1668062667
|switch|p1a: I'm U-turning|Pelipper, F|78/100
|-weather|RainDance|[from] ability: Drizzle|[of] p1a: I'm U-turning
|move|p2a: Excadrill|Rock Blast|p1a: I'm U-turning
|-supereffective|p1a: I'm U-turning
|-damage|p1a: I'm U-turning|47/100
|-supereffective|p1a: I'm U-turning
|-damage|p1a: I'm U-turning|13/100
|-hitcount|p1a: I'm U-turning|2
|-damage|p2a: Excadrill|87/100|[from] item: Life Orb
|
|-weather|RainDance|[upkeep]
|upkeep
|turn|11
|c| SKIP THE DRIP|how do u always face volcanion
|
|t:|1668062671
|move|p1a: I'm U-turning|Weather Ball|p2a: Excadrill
|-supereffective|p2a: Excadrill
|-damage|p2a: Excadrill|0 fnt
|faint|p2a: Excadrill
|
|-weather|RainDance|[upkeep]
|upkeep
|c|☆GGeorgie|NOOOO
|
|t:|1668062680
|switch|p2a: Melmetal|Melmetal|100/100
|-damage|p2a: Melmetal|94/100|[from] Stealth Rock
|turn|12
|
|t:|1668062685
|switch|p1a: #1 Melmetal hater|Zapdos|100/100
|move|p2a: Melmetal|Thunder Punch|p1a: #1 Melmetal hater
|-damage|p1a: #1 Melmetal hater|72/100
|-status|p2a: Melmetal|par|[from] ability: Static|[of] p1a: #1 Melmetal hater
|
|-weather|RainDance|[upkeep]
|-heal|p2a: Melmetal|100/100 par|[from] item: Leftovers
|upkeep
|turn|13
|c|☆GGeorgie|you are a vile man
|
|t:|1668062693
|move|p1a: #1 Melmetal hater|Roost|p1a: #1 Melmetal hater
|-heal|p1a: #1 Melmetal hater|100/100
|-singleturn|p1a: #1 Melmetal hater|move: Roost
|cant|p2a: Melmetal|par
|
|-weather|RainDance|[upkeep]
|upkeep
|turn|14
|c|☆Aes Dragon|static para = i am more skilled
|
|t:|1668062705
|move|p1a: #1 Melmetal hater|Volt Switch|p2a: Melmetal
|-damage|p2a: Melmetal|69/100 par
|
|t:|1668062707
|switch|p1a: Banded Dracovish|Volcanion|34/100 par|[from]move: Volt Switch
|move|p2a: Melmetal|Thunder Punch|p1a: Banded Dracovish
|-supereffective|p1a: Banded Dracovish
|-damage|p1a: Banded Dracovish|0 fnt
|faint|p1a: Banded Dracovish
|
|-weather|none
|-heal|p2a: Melmetal|75/100 par|[from] item: Leftovers
|upkeep
|
|t:|1668062712
|switch|p1a: Fair n' Bashlanced|Melmetal|100/100
|turn|15
|c|☆GGeorgie|you are better I must admit
|
|t:|1668062718
|move|p1a: Fair n' Bashlanced|Earthquake|p2a: Melmetal
|-supereffective|p2a: Melmetal
|-damage|p2a: Melmetal|37/100 par
|cant|p2a: Melmetal|par
|
|-heal|p2a: Melmetal|43/100 par|[from] item: Leftovers
|upkeep
|turn|16
|
|t:|1668062721
|move|p1a: Fair n' Bashlanced|Double Iron Bash|p2a: Melmetal
|-resisted|p2a: Melmetal
|-damage|p2a: Melmetal|33/100 par
|-resisted|p2a: Melmetal
|-damage|p2a: Melmetal|23/100 par
|-hitcount|p2a: Melmetal|2
|move|p2a: Melmetal|Earthquake|p1a: Fair n' Bashlanced
|-supereffective|p1a: Fair n' Bashlanced
|-damage|p1a: Fair n' Bashlanced|57/100
|
|-heal|p2a: Melmetal|29/100 par|[from] item: Leftovers
|upkeep
|turn|17
|c| 3ch09|better
|
|t:|1668062731
|move|p1a: Fair n' Bashlanced|Earthquake|p2a: Melmetal
|-supereffective|p2a: Melmetal
|-crit|p2a: Melmetal
|-damage|p2a: Melmetal|0 fnt
|faint|p2a: Melmetal
|
|upkeep
|
|t:|1668062733
|switch|p2a: Moltres|Moltres|100/100
|-ability|p2a: Moltres|Pressure
|turn|18
|c|☆Aes Dragon|wtf where the para flinch at
|
|t:|1668062737
|move|p2a: Moltres|Flamethrower|p1a: Fair n' Bashlanced
|-supereffective|p1a: Fair n' Bashlanced
|-damage|p1a: Fair n' Bashlanced|15/100
|move|p1a: Fair n' Bashlanced|Thunder Punch|p2a: Moltres
|-supereffective|p2a: Moltres
|-damage|p2a: Moltres|35/100
|-status|p2a: Moltres|par
|
|upkeep
|turn|19
|c|☆Aes Dragon|that works too
|
|t:|1668062747
|move|p2a: Moltres|Flamethrower|p1a: Fair n' Bashlanced
|-supereffective|p1a: Fair n' Bashlanced
|-damage|p1a: Fair n' Bashlanced|0 fnt
|faint|p1a: Fair n' Bashlanced
|
|upkeep
|c| 3ch09|LMFAO
|
|t:|1668062750
|switch|p1a: I'm U-turning|Pelipper, F|13/100
|-weather|RainDance|[from] ability: Drizzle|[of] p1a: I'm U-turning
|turn|20
|
|t:|1668062752
|move|p1a: I'm U-turning|Weather Ball|p2a: Moltres
|-supereffective|p2a: Moltres
|-damage|p2a: Moltres|0 fnt
|faint|p2a: Moltres
|
|-weather|RainDance|[upkeep]
|upkeep
|
|t:|1668062755
|switch|p2a: Amoonguss|Amoonguss, M|47/100
|-damage|p2a: Amoonguss|35/100|[from] Stealth Rock
|turn|21
|c|☆Aes Dragon|you aint gonna see this shit comin
|l| pigciel
|c|☆GGeorgie|I couldn't do anything against the scarf pelipper
|c|☆GGeorgie|wtf
|
|t:|1668062765
|switch|p1a: Rillaboom|Rillaboom, F|100/100
|-fieldstart|move: Grassy Terrain|[from] ability: Grassy Surge|[of] p1a: Rillaboom
|-enditem|p1a: Rillaboom|Grassy Seed
|-boost|p1a: Rillaboom|def|1|[from] item: Grassy Seed
|move|p2a: Amoonguss|Stun Spore|p1a: Rillaboom
|-immune|p1a: Rillaboom
|
|-weather|RainDance|[upkeep]
|-heal|p2a: Amoonguss|41/100|[from] Grassy Terrain
|upkeep
|turn|22
|
|t:|1668062768
|move|p1a: Rillaboom|Acrobatics|p2a: Amoonguss
|-supereffective|p2a: Amoonguss
|-damage|p2a: Amoonguss|0 fnt
|-damage|p1a: Rillaboom|84/100|[from] item: Rocky Helmet|[of] p2a: Amoonguss
|faint|p2a: Amoonguss
|
|win|Aes Dragon
|raw|Aes Dragon's rating: 1561 &rarr; <strong>1589</strong><br />(+28 for winning)
|raw|GGeorgie's rating: 1714 &rarr; <strong>1686</strong><br />(-28 for losing)
|c|☆GGeorgie|and he had the acro
|c|☆GGeorgie|NOOO
|l|☆GGeorgie
|c|☆Aes Dragon|scarf pelipper is the new tech
|l| 3ch09
|l| Rossaism
|l| X-Wing Fighter
|l|+moondazing
||Ladder isn't responding, score probably updated but might not have (Request timeout).
|l| SKIP THE DRIP
|l| cypherstest
|l| Casino Boi
|j|+moondazing
|l|+moondazing
