|j|☆Fastpitchkiller
|j|☆LECH24
|t:|1657604357
|gametype|singles
|player|p1|Fastpitchkiller|169|1728
|player|p2|LECH24|170|1682
|teamsize|p1|6
|teamsize|p2|6
|gen|8
|tier|[Gen 8] OU
|rated|
|rule|Sleep Clause Mod: Limit one foe put to sleep
|rule|Species Clause: Limit one of each Pokémon
|rule|OHKO Clause: OHKO moves are banned
|rule|Evasion Moves Clause: Evasion moves are banned
|rule|Endless Battle Clause: Forcing endless battles is banned
|rule|HP Percentage Mod: HP is shown in percentages
|rule|Dynamax Clause: You cannot dynamax
|clearpoke
|poke|p1|Slowbro, F|
|poke|p1|Dracozolt|
|poke|p1|Hippowdon, M|
|poke|p1|Scizor, M|
|poke|p1|Zapdos-Galar|
|poke|p1|Regieleki|
|poke|p2|Alakazam, F|
|poke|p2|Tapu Lele|
|poke|p2|Seismitoad, F|
|poke|p2|Blaziken, M|
|poke|p2|Melmetal|
|poke|p2|Landorus-Therian, M|
|teampreview
|inactive|Battle timer is ON: inactive players will automatically lose when time's up. (requested by Fastpitchkiller)
|
|t:|1657604386
|start
|switch|p1a: Zapdos|Zapdos-Galar|100/100
|switch|p2a: Seismitoad|Seismitoad, F|100/100
|turn|1
|j| 4funaccount
|
|t:|1657604396
|move|p1a: Zapdos|Brave Bird|p2a: Seismitoad
|-damage|p2a: Seismitoad|34/100
|-damage|p1a: Zapdos|72/100|[from] Recoil
|move|p2a: Seismitoad|Scald|p1a: Zapdos
|-damage|p1a: Zapdos|46/100
|
|-heal|p2a: Seismitoad|40/100|[from] item: Leftovers
|upkeep
|turn|2
|
|t:|1657604405
|switch|p2a: Melmetal|Melmetal|100/100
|move|p1a: Zapdos|Brave Bird|p2a: Melmetal
|-resisted|p2a: Melmetal
|-damage|p2a: Melmetal|75/100
|-damage|p1a: Zapdos|34/100|[from] Recoil
|
|-heal|p2a: Melmetal|81/100|[from] item: Leftovers
|upkeep
|turn|3
|
|t:|1657604416
|switch|p1a: Scizor|Scizor, M|100/100
|move|p2a: Melmetal|Toxic|p1a: Scizor
|-immune|p1a: Scizor
|
|-heal|p2a: Melmetal|87/100|[from] item: Leftovers
|upkeep
|turn|4
|j| aquavanilla
|
|t:|1657604424
|move|p1a: Scizor|U-turn|p2a: Melmetal
|-resisted|p2a: Melmetal
|-damage|p2a: Melmetal|79/100
|
|t:|1657604427
|switch|p1a: Slowgatell|Slowbro, F|100/100|[from]move: U-turn
|move|p2a: Melmetal|Double Iron Bash|p1a: Slowgatell
|-resisted|p1a: Slowgatell
|-damage|p1a: Slowgatell|89/100
|-damage|p2a: Melmetal|63/100|[from] item: Rocky Helmet|[of] p1a: Slowgatell
|-resisted|p1a: Slowgatell
|-damage|p1a: Slowgatell|78/100
|-damage|p2a: Melmetal|46/100|[from] item: Rocky Helmet|[of] p1a: Slowgatell
|-hitcount|p1a: Slowgatell|2
|
|-heal|p2a: Melmetal|52/100|[from] item: Leftovers
|upkeep
|turn|5
|
|t:|1657604445
|switch|p2a: Blaziken|Blaziken, M|100/100
|move|p1a: Slowgatell|Scald|p2a: Blaziken
|-supereffective|p2a: Blaziken
|-damage|p2a: Blaziken|15/100
|
|upkeep
|turn|6
|
|t:|1657604453
|move|p2a: Blaziken|U-turn|p1a: Slowgatell
|-supereffective|p1a: Slowgatell
|-damage|p1a: Slowgatell|37/100
|-damage|p2a: Blaziken|0 fnt|[from] item: Rocky Helmet|[of] p1a: Slowgatell
|faint|p2a: Blaziken
|move|p1a: Slowgatell|Future Sight|p2: Blaziken
|-start|p1a: Slowgatell|move: Future Sight
|
|upkeep
|
|t:|1657604459
|switch|p2a: Tapu Lele|Tapu Lele|100/100
|-fieldstart|move: Psychic Terrain|[from] ability: Psychic Surge|[of] p2a: Tapu Lele
|turn|7
|
|t:|1657604466
|switch|p2a: Seismitoad|Seismitoad, F|40/100
|switch|p1a: Hippowdon|Hippowdon, M|100/100
|-weather|Sandstorm|[from] ability: Sand Stream|[of] p1a: Hippowdon
|
|-weather|Sandstorm|[upkeep]
|-heal|p2a: Seismitoad|46/100|[from] item: Leftovers
|upkeep
|turn|8
|
|t:|1657604475
|move|p2a: Seismitoad|Knock Off|p1a: Hippowdon
|-damage|p1a: Hippowdon|85/100
|-enditem|p1a: Hippowdon|Leftovers|[from] move: Knock Off|[of] p2a: Seismitoad
|move|p1a: Hippowdon|Stealth Rock|p2a: Seismitoad
|-sidestart|p2: LECH24|move: Stealth Rock
|
|-weather|Sandstorm|[upkeep]
|-end|p2a: Seismitoad|move: Future Sight
|-damage|p2a: Seismitoad|0 fnt
|faint|p2a: Seismitoad
|upkeep
|
|t:|1657604481
|switch|p2a: Alakazam|Alakazam, F|100/100
|turn|9
|
|t:|1657604489
|move|p2a: Alakazam|Expanding Force|p1a: Hippowdon
|-damage|p1a: Hippowdon|2/100
|move|p1a: Hippowdon|Earthquake|p2a: Alakazam
|-damage|p2a: Alakazam|4/100
|
|-weather|Sandstorm|[upkeep]
|upkeep
|turn|10
|
|t:|1657604502
|move|p2a: Alakazam|Expanding Force|p1a: Hippowdon
|-damage|p1a: Hippowdon|0 fnt
|faint|p1a: Hippowdon
|
|-weather|Sandstorm|[upkeep]
|upkeep
|
|t:|1657604511
|switch|p1a: Dracozolt|Dracozolt|100/100
|turn|11
|
|t:|1657604516
|switch|p2a: Landorus|Landorus-Therian, M|100/100
|-damage|p2a: Landorus|88/100|[from] Stealth Rock
|-ability|p2a: Landorus|Intimidate|boost
|-unboost|p1a: Dracozolt|atk|1
|move|p1a: Dracozolt|Fire Blast|p2a: Landorus
|-damage|p2a: Landorus|62/100
|-damage|p1a: Dracozolt|91/100|[from] item: Life Orb
|
|-weather|none
|-heal|p2a: Landorus|68/100|[from] item: Leftovers
|-fieldend|move: Psychic Terrain
|upkeep
|turn|12
|
|t:|1657604529
|move|p1a: Dracozolt|Draco Meteor|p2a: Landorus
|-damage|p2a: Landorus|21/100
|-unboost|p1a: Dracozolt|spa|2
|-damage|p1a: Dracozolt|81/100|[from] item: Life Orb
|move|p2a: Landorus|Stealth Rock|p1a: Dracozolt
|-sidestart|p1: Fastpitchkiller|move: Stealth Rock
|
|-heal|p2a: Landorus|27/100|[from] item: Leftovers
|upkeep
|turn|13
|
|t:|1657604542
|move|p1a: Dracozolt|Draco Meteor|p2a: Landorus
|-damage|p2a: Landorus|4/100
|-unboost|p1a: Dracozolt|spa|2
|-damage|p1a: Dracozolt|71/100|[from] item: Life Orb
|move|p2a: Landorus|Earthquake|p1a: Dracozolt
|-supereffective|p1a: Dracozolt
|-damage|p1a: Dracozolt|0 fnt
|faint|p1a: Dracozolt
|
|-heal|p2a: Landorus|10/100|[from] item: Leftovers
|upkeep
|
|t:|1657604554
|switch|p1a: Regieleki|Regieleki|100/100
|-damage|p1a: Regieleki|88/100|[from] Stealth Rock
|turn|14
|
|t:|1657604558
|move|p1a: Regieleki|Rapid Spin|p2a: Landorus
|-damage|p2a: Landorus|0 fnt
|-boost|p1a: Regieleki|spe|1
|-sideend|p1: Fastpitchkiller|Stealth Rock|[from] move: Rapid Spin|[of] p1a: Regieleki
|faint|p2a: Landorus
|
|upkeep
|
|t:|1657604564
|switch|p2a: Tapu Lele|Tapu Lele|100/100
|-damage|p2a: Tapu Lele|88/100|[from] Stealth Rock
|-fieldstart|move: Psychic Terrain|[from] ability: Psychic Surge|[of] p2a: Tapu Lele
|turn|15
|
|t:|1657604579
|move|p1a: Regieleki|Volt Switch|p2a: Tapu Lele
|-crit|p2a: Tapu Lele
|-damage|p2a: Tapu Lele|0 fnt
|faint|p2a: Tapu Lele
|
|t:|1657604586
|switch|p1a: Scizor|Scizor, M|100/100|[from]move: Volt Switch
|
|upkeep
|c|☆LECH24|Balanced mon
|c|☆LECH24|Lol
|c|☆LECH24|gg
|-message|LECH24 forfeited.
|
|win|Fastpitchkiller
|raw|Fastpitchkiller's rating: 1728 &rarr; <strong>1745</strong><br />(+17 for winning)
|raw|LECH24's rating: 1682 &rarr; <strong>1665</strong><br />(-17 for losing)
