|j|☆JooshP
|j|☆Kevinskie
|t:|1655030918
|gametype|singles
|player|p1|JooshP|red|1605
|player|p2|Kevinskie|169|1614
|teamsize|p1|6
|teamsize|p2|6
|gen|8
|tier|[Gen 8] OU
|rated|
|rule|Sleep Clause Mod: Limit one foe put to sleep
|rule|Species Clause: Limit one of each Pokémon
|rule|OHKO Clause: OHKO moves are banned
|rule|Evasion Moves Clause: Evasion moves are banned
|rule|Endless Battle Clause: Forcing endless battles is banned
|rule|HP Percentage Mod: HP is shown in percentages
|rule|Dynamax Clause: You cannot dynamax
|clearpoke
|poke|p1|Blacephalon|
|poke|p1|Tornadus-Therian, M|
|poke|p1|Skarmory, M|
|poke|p1|Slowking-Galar, F|
|poke|p1|Garchomp, F|
|poke|p1|Gyarados, F|
|poke|p2|Slowbro, M|
|poke|p2|Weavile, F|
|poke|p2|Melmetal|
|poke|p2|Kartana|
|poke|p2|Blacephalon|
|poke|p2|Landorus-Therian, M|
|teampreview
|
|t:|1655030925
|start
|switch|p1a: Gyarados|Gyarados, F|100/100
|switch|p2a: Blacephalon|Blacephalon|100/100
|-ability|p1a: Gyarados|Intimidate|boost
|-unboost|p2a: Blacephalon|atk|1
|turn|1
|
|t:|1655030933
|move|p2a: Blacephalon|Shadow Ball|p1a: Gyarados
|-damage|p1a: Gyarados|30/100
|move|p1a: Gyarados|Dragon Dance|p1a: Gyarados
|-boost|p1a: Gyarados|atk|1
|-boost|p1a: Gyarados|spe|1
|
|upkeep
|turn|2
|
|t:|1655030939
|switch|p2a: Kartana|Kartana|100/100
|move|p1a: Gyarados|Earthquake|p2a: Kartana
|-damage|p2a: Kartana|51/100
|
|upkeep
|turn|3
|
|t:|1655030943
|switch|p1a: Skarmory|Skarmory, M|100/100
|move|p2a: Kartana|Knock Off|p1a: Skarmory
|-damage|p1a: Skarmory|75/100
|-damage|p2a: Kartana|34/100|[from] item: Rocky Helmet|[of] p1a: Skarmory
|-enditem|p1a: Skarmory|Rocky Helmet|[from] move: Knock Off|[of] p2a: Kartana
|
|upkeep
|turn|4
|
|t:|1655030949
|switch|p2a: Blacephalon|Blacephalon|100/100
|move|p1a: Skarmory|Spikes|p2a: Blacephalon
|-sidestart|p2: Kevinskie|Spikes
|
|upkeep
|turn|5
|
|t:|1655030956
|switch|p1a: Slowking|Slowking-Galar, F|100/100
|move|p2a: Blacephalon|Shadow Ball|p1a: Slowking
|-supereffective|p1a: Slowking
|-damage|p1a: Slowking|33/100
|
|upkeep
|turn|6
|
|t:|1655030958
|move|p2a: Blacephalon|Shadow Ball|p1a: Slowking
|-supereffective|p1a: Slowking
|-damage|p1a: Slowking|0 fnt
|faint|p1a: Slowking
|-ability|p2a: Blacephalon|Beast Boost|boost
|-boost|p2a: Blacephalon|spa|1
|
|upkeep
|
|t:|1655030960
|switch|p1a: Blacephalon|Blacephalon|100/100
|turn|7
|j| yxjcmb
|
|t:|1655030967
|switch|p2a: Melmetal|Melmetal|100/100
|-damage|p2a: Melmetal|88/100|[from] Spikes
|move|p1a: Blacephalon|Shadow Ball|p2a: Melmetal
|-damage|p2a: Melmetal|64/100
|
|upkeep
|turn|8
|
|t:|1655030979
|switch|p1a: Skarmory|Skarmory, M|75/100
|switch|p2a: Blacephalon|Blacephalon|100/100
|-damage|p2a: Blacephalon|88/100|[from] Spikes
|
|upkeep
|turn|9
|
|t:|1655030981
|switch|p1a: Gyarados|Gyarados, F|30/100
|-ability|p1a: Gyarados|Intimidate|boost
|-unboost|p2a: Blacephalon|atk|1
|move|p2a: Blacephalon|Shadow Ball|p1a: Gyarados
|-crit|p1a: Gyarados
|-damage|p1a: Gyarados|0 fnt
|faint|p1a: Gyarados
|-ability|p2a: Blacephalon|Beast Boost|boost
|-boost|p2a: Blacephalon|spa|1
|
|upkeep
|
|t:|1655030985
|switch|p1a: Blacephalon|Blacephalon|100/100
|turn|10
|
|t:|1655030986
|move|p1a: Blacephalon|Flamethrower|p2a: Blacephalon
|-resisted|p2a: Blacephalon
|-damage|p2a: Blacephalon|41/100
|move|p2a: Blacephalon|Shadow Ball|p1a: Blacephalon
|-supereffective|p1a: Blacephalon
|-damage|p1a: Blacephalon|0 fnt
|faint|p1a: Blacephalon
|-ability|p2a: Blacephalon|Beast Boost|boost
|-boost|p2a: Blacephalon|spa|1
|
|upkeep
|
|t:|1655030990
|switch|p1a: Tornadus|Tornadus-Therian, M|100/100
|turn|11
|
|t:|1655030996
|switch|p2a: Slowbro|Slowbro, M|100/100
|move|p1a: Tornadus|Knock Off|p2a: Slowbro
|-supereffective|p2a: Slowbro
|-damage|p2a: Slowbro|75/100
|-enditem|p2a: Slowbro|Heavy-Duty Boots|[from] move: Knock Off|[of] p1a: Tornadus
|
|upkeep
|turn|12
|
|t:|1655031003
|move|p1a: Tornadus|Hurricane|p2a: Slowbro
|-damage|p2a: Slowbro|28/100
|move|p2a: Slowbro|Scald|p1a: Tornadus
|-damage|p1a: Tornadus|70/100
|
|upkeep
|turn|13
|
|t:|1655031025
|switch|p2a: Melmetal|Melmetal|64/100
|-damage|p2a: Melmetal|52/100|[from] Spikes
|move|p1a: Tornadus|Knock Off|p2a: Melmetal
|-damage|p2a: Melmetal|40/100
|-enditem|p2a: Melmetal|Assault Vest|[from] move: Knock Off|[of] p1a: Tornadus
|
|upkeep
|turn|14
|
|t:|1655031031
|move|p1a: Tornadus|U-turn|p2a: Melmetal
|-resisted|p2a: Melmetal
|-damage|p2a: Melmetal|36/100
|
|t:|1655031032
|switch|p1a: Skarmory|Skarmory, M|75/100|[from]move: U-turn
|move|p2a: Melmetal|Double Iron Bash|p1a: Skarmory
|-resisted|p1a: Skarmory
|-damage|p1a: Skarmory|64/100
|-resisted|p1a: Skarmory
|-crit|p1a: Skarmory
|-damage|p1a: Skarmory|47/100
|-hitcount|p1a: Skarmory|2
|
|upkeep
|turn|15
|
|t:|1655031040
|switch|p2a: Blacephalon|Blacephalon|41/100
|-damage|p2a: Blacephalon|29/100|[from] Spikes
|move|p1a: Skarmory|Roost|p1a: Skarmory
|-heal|p1a: Skarmory|97/100
|-singleturn|p1a: Skarmory|move: Roost
|
|upkeep
|turn|16
|
|t:|1655031045
|switch|p1a: Tornadus|Tornadus-Therian, M|100/100
|move|p2a: Blacephalon|Shadow Ball|p1a: Tornadus
|-damage|p1a: Tornadus|25/100
|
|upkeep
|turn|17
|
|t:|1655031050
|switch|p2a: Melmetal|Melmetal|36/100
|-damage|p2a: Melmetal|24/100|[from] Spikes
|move|p1a: Tornadus|Knock Off|p2a: Melmetal
|-damage|p2a: Melmetal|16/100
|
|upkeep
|turn|18
|
|t:|1655031067
|switch|p2a: Slowbro|Slowbro, M|62/100
|-damage|p2a: Slowbro|49/100|[from] Spikes
|move|p1a: Tornadus|U-turn|p2a: Slowbro
|-supereffective|p2a: Slowbro
|-damage|p2a: Slowbro|32/100
|
|t:|1655031074
|switch|p1a: Garchomp|Garchomp, F|100/100|[from]move: U-turn
|
|upkeep
|turn|19
|
|t:|1655031085
|move|p1a: Garchomp|Earthquake|p2a: Slowbro
|-damage|p2a: Slowbro|1/100
|move|p2a: Slowbro|Future Sight|p1a: Garchomp
|-start|p2a: Slowbro|move: Future Sight
|
|upkeep
|turn|20
|
|t:|1655031093
|switch|p2a: Melmetal|Melmetal|16/100
|-damage|p2a: Melmetal|4/100|[from] Spikes
|move|p1a: Garchomp|Swords Dance|p1a: Garchomp
|-boost|p1a: Garchomp|atk|2
|
|upkeep
|turn|21
|
|t:|1655031104
|move|p1a: Garchomp|Earthquake|p2a: Melmetal
|-supereffective|p2a: Melmetal
|-damage|p2a: Melmetal|0 fnt
|faint|p2a: Melmetal
|
|-end|p1a: Garchomp|move: Future Sight
|-damage|p1a: Garchomp|55/100
|-heal|p1a: Garchomp|61/100|[from] item: Leftovers
|upkeep
|
|t:|1655031111
|switch|p2a: Weavile|Weavile, F|100/100
|-damage|p2a: Weavile|88/100|[from] Spikes
|-ability|p2a: Weavile|Pressure
|turn|22
|
|t:|1655031122
|switch|p2a: Slowbro|Slowbro, M|34/100
|-damage|p2a: Slowbro|22/100|[from] Spikes
|switch|p1a: Skarmory|Skarmory, M|97/100
|
|upkeep
|turn|23
|
|t:|1655031128
|move|p1a: Skarmory|Spikes|p2a: Slowbro
|-sidestart|p2: Kevinskie|Spikes
|move|p2a: Slowbro|Slack Off|p2a: Slowbro
|-heal|p2a: Slowbro|72/100
|
|upkeep
|turn|24
|
|t:|1655031137
|switch|p1a: Tornadus|Tornadus-Therian, M|58/100
|move|p2a: Slowbro|Scald|p1a: Tornadus
|-damage|p1a: Tornadus|31/100
|
|upkeep
|turn|25
|
|t:|1655031142
|move|p1a: Tornadus|Hurricane|p2a: Slowbro
|-damage|p2a: Slowbro|27/100
|-start|p2a: Slowbro|confusion
|-activate|p2a: Slowbro|confusion
|move|p2a: Slowbro|Scald|p1a: Tornadus
|-damage|p1a: Tornadus|1/100
|-status|p1a: Tornadus|brn
|
|-damage|p1a: Tornadus|0 fnt|[from] brn
|faint|p1a: Tornadus
|upkeep
|
|t:|1655031148
|switch|p1a: Garchomp|Garchomp, F|61/100
|turn|26
|
|t:|1655031157
|move|p1a: Garchomp|Stealth Rock|p2a: Slowbro
|-sidestart|p2: Kevinskie|move: Stealth Rock
|-end|p2a: Slowbro|confusion
|move|p2a: Slowbro|Teleport|p2a: Slowbro
|
|t:|1655031163
|switch|p2a: Landorus|Landorus-Therian, M|100/100|[from]move: Teleport
|-damage|p2a: Landorus|88/100|[from] Stealth Rock
|-ability|p2a: Landorus|Intimidate|boost
|-unboost|p1a: Garchomp|atk|1
|
|-heal|p1a: Garchomp|67/100|[from] item: Leftovers
|-heal|p2a: Landorus|94/100|[from] item: Leftovers
|upkeep
|turn|27
|
|t:|1655031166
|move|p1a: Garchomp|Swords Dance|p1a: Garchomp
|-boost|p1a: Garchomp|atk|2
|move|p2a: Landorus|Defog|p1a: Garchomp
|-unboost|p1a: Garchomp|evasion|1
|-sideend|p2: Kevinskie|Spikes|[from] move: Defog|[of] p2a: Landorus
|-sideend|p2: Kevinskie|Stealth Rock|[from] move: Defog|[of] p2a: Landorus
|
|-heal|p1a: Garchomp|73/100|[from] item: Leftovers
|-heal|p2a: Landorus|99/100|[from] item: Leftovers
|upkeep
|turn|28
|
|t:|1655031171
|move|p1a: Garchomp|Stone Edge|p2a: Landorus
|-damage|p2a: Landorus|64/100
|move|p2a: Landorus|Toxic|p1a: Garchomp
|-status|p1a: Garchomp|tox
|
|-heal|p1a: Garchomp|79/100 tox|[from] item: Leftovers
|-heal|p2a: Landorus|70/100|[from] item: Leftovers
|-damage|p1a: Garchomp|73/100 tox|[from] psn
|upkeep
|turn|29
|
|t:|1655031177
|move|p1a: Garchomp|Stealth Rock|p2a: Landorus
|-sidestart|p2: Kevinskie|move: Stealth Rock
|move|p2a: Landorus|U-turn|p1a: Garchomp
|-damage|p1a: Garchomp|51/100 tox
|-damage|p2a: Landorus|57/100|[from] ability: Rough Skin|[of] p1a: Garchomp
|-message|JooshP forfeited.
|
|win|Kevinskie
|raw|JooshP's rating: 1605 &rarr; <strong>1586</strong><br />(-19 for losing)
|raw|Kevinskie's rating: 1614 &rarr; <strong>1633</strong><br />(+19 for winning)
|l|☆JooshP
|l| yxjcmb
||Ladder isn't responding, score probably updated but might not have (Request timeout).
