|j|☆Omari P
|j|☆rigmortus
|t:|1633451729
|gametype|singles
|player|p1|Omari P|pokemonrangerf|1805
|player|p2|rigmortus|lucas|1977
|teamsize|p1|6
|teamsize|p2|6
|gen|8
|tier|[Gen 8] OU
|rated|
|rule|Sleep Clause Mod: Limit one foe put to sleep
|rule|Species Clause: Limit one of each Pokémon
|rule|OHKO Clause: OHKO moves are banned
|rule|Evasion Moves Clause: Evasion moves are banned
|rule|Endless Battle Clause: Forcing endless battles is banned
|rule|HP Percentage Mod: HP is shown in percentages
|rule|Dynamax Clause: You cannot dynamax
|clearpoke
|poke|p1|Glastrier|
|poke|p1|Mandibuzz, F|
|poke|p1|Nidoking, M|
|poke|p1|Kyurem|
|poke|p1|Victini|
|poke|p1|Mew|
|poke|p2|Skarmory, F|
|poke|p2|Rotom-Wash|
|poke|p2|Heatran, M|
|poke|p2|Landorus-Therian, M|
|poke|p2|Tapu Lele|
|poke|p2|Dragapult, M|
|teampreview
|j| DonnellyDestroyer
|inactive|Battle timer is ON: inactive players will automatically lose when time's up. (requested by rigmortus)
|l| DonnellyDestroyer
|inactive|Omari P has 120 seconds left.
|j| Cervixknight
|inactive|Omari P has 90 seconds left.
|
|t:|1633451806
|start
|switch|p1a: Nidoking|Nidoking, M|100/100
|switch|p2a: Rotom|Rotom-Wash|100/100
|turn|1
|j| NPC666
|
|t:|1633451817
|move|p2a: Rotom|Trick|p1a: Nidoking
|-activate|p2a: Rotom|move: Trick|[of] p1a: Nidoking
|-item|p1a: Nidoking|Choice Scarf|[from] move: Trick
|-item|p2a: Rotom|Focus Sash|[from] move: Trick
|move|p1a: Nidoking|Sludge Wave|p2a: Rotom
|-damage|p2a: Rotom|48/100
|
|upkeep
|turn|2
|
|t:|1633451826
|switch|p2a: Heatran|Heatran, M|100/100
|move|p1a: Nidoking|Sludge Wave|p2a: Heatran
|-immune|p2a: Heatran
|
|upkeep
|turn|3
|
|t:|1633451831
|switch|p1a: Mew|Mew|100/100
|move|p2a: Heatran|Stealth Rock|p1a: Mew
|-sidestart|p1: Omari P|move: Stealth Rock
|
|upkeep
|turn|4
|
|t:|1633451837
|move|p1a: Mew|Swords Dance|p1a: Mew
|-boost|p1a: Mew|atk|2
|move|p2a: Heatran|Magma Storm|p1a: Mew
|-damage|p1a: Mew|54/100
|-activate|p1a: Mew|move: Magma Storm|[of] p2a: Heatran
|
|-damage|p1a: Mew|42/100|[from] move: Magma Storm|[partiallytrapped]
|upkeep
|turn|5
|l| Cervixknight
|
|t:|1633451844
|switch|p2a: Dragapult|Dragapult, M|100/100
|move|p1a: Mew|Close Combat|p2a: Dragapult
|-immune|p2a: Dragapult
|
|-end|p1a: Mew|Magma Storm|[partiallytrapped]|[silent]
|upkeep
|turn|6
|
|t:|1633451848
|move|p1a: Mew|Sucker Punch|p2a: Dragapult
|-supereffective|p2a: Dragapult
|-damage|p2a: Dragapult|0 fnt
|faint|p2a: Dragapult
|-damage|p1a: Mew|32/100|[from] item: Life Orb
|
|upkeep
|
|t:|1633451861
|switch|p2a: Tapu Lele|Tapu Lele|100/100
|-fieldstart|move: Psychic Terrain|[from] ability: Psychic Surge|[of] p2a: Tapu Lele
|turn|7
|
|t:|1633451865
|move|p1a: Mew|Psychic Fangs|p2a: Tapu Lele
|-resisted|p2a: Tapu Lele
|-damage|p2a: Tapu Lele|4/100
|-damage|p1a: Mew|22/100|[from] item: Life Orb
|move|p2a: Tapu Lele|Moonblast|p1a: Mew
|-damage|p1a: Mew|0 fnt
|faint|p1a: Mew
|
|upkeep
|
|t:|1633451869
|switch|p1a: Nidoking|Nidoking, M|100/100
|-damage|p1a: Nidoking|95/100|[from] Stealth Rock
|turn|8
|c|☆Omari P|shocked u lived that
|
|t:|1633451879
|switch|p2a: Skarmory|Skarmory, F|100/100
|move|p1a: Nidoking|Stealth Rock|p2a: Skarmory
|-sidestart|p2: rigmortus|move: Stealth Rock
|
|upkeep
|turn|9
|
|t:|1633451895
|switch|p1a: Victini|Victini|100/100
|-damage|p1a: Victini|76/100|[from] Stealth Rock
|move|p2a: Skarmory|Iron Defense|p2a: Skarmory
|-boost|p2a: Skarmory|def|2
|
|upkeep
|turn|10
|
|t:|1633451899
|switch|p2a: Heatran|Heatran, M|100/100
|-damage|p2a: Heatran|88/100|[from] Stealth Rock
|move|p1a: Victini|V-create|p2a: Heatran
|-start|p2a: Heatran|ability: Flash Fire
|
|-heal|p2a: Heatran|94/100|[from] item: Leftovers
|upkeep
|turn|11
|
|t:|1633451904
|move|p1a: Victini|Bolt Strike|p2a: Heatran
|-damage|p2a: Heatran|64/100
|move|p2a: Heatran|Magma Storm|p1a: Victini|[miss]
|-miss|p2a: Heatran|p1a: Victini
|
|-heal|p2a: Heatran|70/100|[from] item: Leftovers
|-fieldend|move: Psychic Terrain
|upkeep
|turn|12
|j| Nakazel
|
|t:|1633451909
|move|p1a: Victini|Bolt Strike|p2a: Heatran
|-damage|p2a: Heatran|40/100
|move|p2a: Heatran|Earth Power|p1a: Victini
|-supereffective|p1a: Victini
|-damage|p1a: Victini|41/100
|
|-heal|p2a: Heatran|46/100|[from] item: Leftovers
|upkeep
|turn|13
|
|t:|1633451918
|move|p1a: Victini|Bolt Strike|p2a: Heatran
|-damage|p2a: Heatran|16/100
|move|p2a: Heatran|Earth Power|p1a: Victini
|-supereffective|p1a: Victini
|-damage|p1a: Victini|4/100
|
|-heal|p2a: Heatran|22/100|[from] item: Leftovers
|upkeep
|turn|14
|
|t:|1633451922
|-end|p2a: Heatran|ability: Flash Fire|[silent]
|switch|p2a: Tapu Lele|Tapu Lele|4/100
|-damage|p2a: Tapu Lele|0 fnt|[from] Stealth Rock
|faint|p2a: Tapu Lele
|move|p1a: Victini|Bolt Strike|p2: Tapu Lele|[notarget]
|-fail|p1a: Victini
|
|upkeep
|
|t:|1633451923
|switch|p2a: Landorus|Landorus-Therian, M|100/100
|-damage|p2a: Landorus|88/100|[from] Stealth Rock
|-ability|p2a: Landorus|Intimidate|boost
|-unboost|p1a: Victini|atk|1
|turn|15
|j| Cachou10
|
|t:|1633451928
|move|p1a: Victini|Glaciate|p2a: Landorus
|-supereffective|p2a: Landorus
|-damage|p2a: Landorus|47/100
|-unboost|p2a: Landorus|spe|1
|move|p2a: Landorus|Knock Off|p1a: Victini
|-supereffective|p1a: Victini
|-damage|p1a: Victini|0 fnt
|-enditem|p1a: Victini|Assault Vest|[from] move: Knock Off|[of] p2a: Landorus
|faint|p1a: Victini
|
|-heal|p2a: Landorus|53/100|[from] item: Leftovers
|upkeep
|j| Marquesa-10%
|
|t:|1633451932
|switch|p1a: Glastrier|Glastrier|100/100
|-damage|p1a: Glastrier|76/100|[from] Stealth Rock
|turn|16
|j| 1234iii
|
|t:|1633451941
|switch|p2a: Rotom|Rotom-Wash|48/100
|-damage|p2a: Rotom|35/100|[from] Stealth Rock
|move|p1a: Glastrier|Icicle Crash|p2a: Rotom
|-resisted|p2a: Rotom
|-damage|p2a: Rotom|14/100
|
|-heal|p1a: Glastrier|82/100|[from] item: Leftovers
|upkeep
|turn|17
|
|t:|1633451947
|move|p2a: Rotom|Pain Split|p1a: Glastrier
|-sethp|p1a: Glastrier|46/100|[from] move: Pain Split|[silent]
|-sethp|p2a: Rotom|61/100|[from] move: Pain Split
|move|p1a: Glastrier|Icicle Crash|p2a: Rotom
|-resisted|p2a: Rotom
|-damage|p2a: Rotom|38/100
|
|-heal|p1a: Glastrier|52/100|[from] item: Leftovers
|upkeep
|turn|18
|
|t:|1633451953
|move|p2a: Rotom|Hydro Pump|p1a: Glastrier
|-damage|p1a: Glastrier|22/100
|move|p1a: Glastrier|Close Combat|p2a: Rotom
|-damage|p2a: Rotom|0 fnt
|-unboost|p1a: Glastrier|def|1
|-unboost|p1a: Glastrier|spd|1
|faint|p2a: Rotom
|-ability|p1a: Glastrier|Chilling Neigh|boost
|-boost|p1a: Glastrier|atk|1
|
|-heal|p1a: Glastrier|28/100|[from] item: Leftovers
|upkeep
|
|t:|1633451958
|switch|p2a: Heatran|Heatran, M|22/100
|-damage|p2a: Heatran|10/100|[from] Stealth Rock
|turn|19
|
|t:|1633451964
|move|p2a: Heatran|Earth Power|p1a: Glastrier
|-damage|p1a: Glastrier|0 fnt
|faint|p1a: Glastrier
|
|-heal|p2a: Heatran|16/100|[from] item: Leftovers
|upkeep
|
|t:|1633451966
|switch|p1a: Mandibuzz|Mandibuzz, F, shiny|100/100
|-damage|p1a: Mandibuzz|76/100|[from] Stealth Rock
|turn|20
|j| albertillus
|
|t:|1633451969
|move|p1a: Mandibuzz|Foul Play|p2a: Heatran
|-crit|p2a: Heatran
|-damage|p2a: Heatran|0 fnt
|faint|p2a: Heatran
|
|upkeep
|
|t:|1633451971
|switch|p2a: Skarmory|Skarmory, F|100/100
|-damage|p2a: Skarmory|88/100|[from] Stealth Rock
|turn|21
|
|t:|1633451973
|switch|p1a: Nidoking|Nidoking, M|95/100
|-damage|p1a: Nidoking|89/100|[from] Stealth Rock
|move|p2a: Skarmory|Iron Defense|p2a: Skarmory
|-boost|p2a: Skarmory|def|2
|
|upkeep
|turn|22
|
|t:|1633451975
|move|p1a: Nidoking|Ice Beam|p2a: Skarmory
|-damage|p2a: Skarmory|45/100
|move|p2a: Skarmory|Roost|p2a: Skarmory
|-heal|p2a: Skarmory|95/100
|-singleturn|p2a: Skarmory|move: Roost
|
|upkeep
|turn|23
|
|t:|1633451979
|move|p1a: Nidoking|Ice Beam|p2a: Skarmory
|-damage|p2a: Skarmory|45/100
|move|p2a: Skarmory|Roost|p2a: Skarmory
|-heal|p2a: Skarmory|95/100
|-singleturn|p2a: Skarmory|move: Roost
|
|upkeep
|turn|24
|
|t:|1633451981
|move|p1a: Nidoking|Ice Beam|p2a: Skarmory
|-damage|p2a: Skarmory|49/100
|move|p2a: Skarmory|Roost|p2a: Skarmory
|-heal|p2a: Skarmory|99/100
|-singleturn|p2a: Skarmory|move: Roost
|
|upkeep
|turn|25
|
|t:|1633451987
|move|p1a: Nidoking|Ice Beam|p2a: Skarmory
|-damage|p2a: Skarmory|53/100
|move|p2a: Skarmory|Roost|p2a: Skarmory
|-heal|p2a: Skarmory|100/100
|-singleturn|p2a: Skarmory|move: Roost
|
|upkeep
|turn|26
|
|t:|1633451991
|move|p1a: Nidoking|Ice Beam|p2a: Skarmory
|-damage|p2a: Skarmory|53/100
|move|p2a: Skarmory|Iron Defense|p2a: Skarmory
|-boost|p2a: Skarmory|def|2
|
|upkeep
|turn|27
|
|t:|1633451993
|move|p1a: Nidoking|Ice Beam|p2a: Skarmory
|-damage|p2a: Skarmory|8/100
|move|p2a: Skarmory|Roost|p2a: Skarmory
|-heal|p2a: Skarmory|58/100
|-singleturn|p2a: Skarmory|move: Roost
|
|upkeep
|turn|28
|
|t:|1633451995
|move|p1a: Nidoking|Ice Beam|p2a: Skarmory
|-damage|p2a: Skarmory|10/100
|move|p2a: Skarmory|Roost|p2a: Skarmory
|-heal|p2a: Skarmory|60/100
|-singleturn|p2a: Skarmory|move: Roost
|
|upkeep
|turn|29
|
|t:|1633451998
|move|p1a: Nidoking|Ice Beam|p2a: Skarmory
|-damage|p2a: Skarmory|12/100
|move|p2a: Skarmory|Roost|p2a: Skarmory
|-heal|p2a: Skarmory|62/100
|-singleturn|p2a: Skarmory|move: Roost
|
|upkeep
|turn|30
|
|t:|1633452000
|move|p1a: Nidoking|Ice Beam|p2a: Skarmory
|-damage|p2a: Skarmory|17/100
|move|p2a: Skarmory|Roost|p2a: Skarmory
|-heal|p2a: Skarmory|67/100
|-singleturn|p2a: Skarmory|move: Roost
|
|upkeep
|turn|31
|
|t:|1633452002
|move|p1a: Nidoking|Ice Beam|p2a: Skarmory
|-damage|p2a: Skarmory|24/100
|move|p2a: Skarmory|Roost|p2a: Skarmory
|-heal|p2a: Skarmory|74/100
|-singleturn|p2a: Skarmory|move: Roost
|
|upkeep
|turn|32
|
|t:|1633452005
|switch|p1a: Kyurem|Kyurem|100/100
|-damage|p1a: Kyurem|76/100|[from] Stealth Rock
|-ability|p1a: Kyurem|Pressure
|move|p2a: Skarmory|Roost|p2a: Skarmory
|-heal|p2a: Skarmory|100/100
|-singleturn|p2a: Skarmory|move: Roost
|
|upkeep
|turn|33
|
|t:|1633452007
|move|p1a: Kyurem|Ice Beam|p2a: Skarmory
|-damage|p2a: Skarmory|28/100
|move|p2a: Skarmory|Body Press|p1a: Kyurem
|-supereffective|p1a: Kyurem
|-damage|p1a: Kyurem|0 fnt
|faint|p1a: Kyurem
|
|upkeep
|
|t:|1633452009
|switch|p1a: Nidoking|Nidoking, M|89/100
|-damage|p1a: Nidoking|83/100|[from] Stealth Rock
|turn|34
|
|t:|1633452013
|move|p1a: Nidoking|Ice Beam|p2a: Skarmory
|-damage|p2a: Skarmory|0 fnt
|faint|p2a: Skarmory
|
|upkeep
|c|☆Omari P|what was the gaol
|c|☆Omari P|goal
|
|t:|1633452016
|switch|p2a: Landorus|Landorus-Therian, M|53/100
|-damage|p2a: Landorus|41/100|[from] Stealth Rock
|-ability|p2a: Landorus|Intimidate|boost
|-unboost|p1a: Nidoking|atk|1
|turn|35
|
|t:|1633452019
|move|p1a: Nidoking|Ice Beam|p2a: Landorus
|-supereffective|p2a: Landorus
|-damage|p2a: Landorus|0 fnt
|faint|p2a: Landorus
|
|win|Omari P
|raw|Omari P's rating: 1805 &rarr; <strong>1834</strong><br />(+29 for winning)
|raw|rigmortus's rating: 1977 &rarr; <strong>1948</strong><br />(-29 for losing)
|l|☆rigmortus
|c|☆Omari P|gg
|l| Nakazel
|l| Cachou10
||Ladder isn't responding, score probably updated but might not have (Request timeout).
|l| Marquesa-10%
|l| albertillus
