|j|☆alvar03
|j|☆2(H2O)-Alt
|t:|1655502879
|gametype|singles
|player|p1|alvar03|alder|1727
|player|p2|2(H2O)-Alt|lady|1765
|teamsize|p1|6
|teamsize|p2|6
|gen|8
|tier|[Gen 8] OU
|rated|
|rule|Sleep Clause Mod: Limit one foe put to sleep
|rule|Species Clause: Limit one of each Pokémon
|rule|OHKO Clause: OHKO moves are banned
|rule|Evasion Moves Clause: Evasion moves are banned
|rule|Endless Battle Clause: Forcing endless battles is banned
|rule|HP Percentage Mod: HP is shown in percentages
|rule|Dynamax Clause: You cannot dynamax
|clearpoke
|poke|p1|Regieleki|
|poke|p1|Slowking-Galar, F|
|poke|p1|Urshifu-*, M|
|poke|p1|Landorus-Therian, M|
|poke|p1|Blissey, F|
|poke|p1|Dragonite, F|
|poke|p2|Tapu Lele|
|poke|p2|Victini|
|poke|p2|Melmetal|
|poke|p2|Landorus-Therian, M|
|poke|p2|Urshifu-*, M|
|poke|p2|Dragonite, M|
|teampreview
|inactive|Battle timer is ON: inactive players will automatically lose when time's up. (requested by alvar03)
|
|t:|1655502909
|start
|switch|p1a: Urshifu|Urshifu-Rapid-Strike, M|100/100
|switch|p2a: Urshifu|Urshifu-Rapid-Strike, M|100/100
|turn|1
|j| GoldenStateIdiots
|
|t:|1655502913
|move|p1a: Urshifu|Close Combat|p2a: Urshifu
|-damage|p2a: Urshifu|13/100
|-unboost|p1a: Urshifu|def|1
|-unboost|p1a: Urshifu|spd|1
|move|p2a: Urshifu|U-turn|p1a: Urshifu
|-resisted|p1a: Urshifu
|-damage|p1a: Urshifu|71/100
|j| CB Bhris Breezy
|
|t:|1655502920
|switch|p2a: Tapu Lele|Tapu Lele|100/100|[from]move: U-turn
|-fieldstart|move: Psychic Terrain|[from] ability: Psychic Surge|[of] p2a: Tapu Lele
|
|upkeep
|turn|2
|
|t:|1655502922
|switch|p1a: Slowking|Slowking-Galar, F|100/100
|move|p2a: Tapu Lele|Future Sight|p1a: Slowking
|-start|p2a: Tapu Lele|move: Future Sight
|
|upkeep
|turn|3
|
|t:|1655502927
|switch|p2a: Victini|Victini|100/100
|switch|p1a: Urshifu|Urshifu-Rapid-Strike, M|71/100
|
|upkeep
|turn|4
|
|t:|1655502932
|switch|p1a: Landorus|Landorus-Therian, M|100/100
|-ability|p1a: Landorus|Intimidate|boost
|-unboost|p2a: Victini|atk|1
|move|p2a: Victini|Expanding Force|p1a: Landorus
|-damage|p1a: Landorus|47/100
|
|-end|p1a: Landorus|move: Future Sight
|-damage|p1a: Landorus|0 fnt
|faint|p1a: Landorus
|upkeep
|
|t:|1655502937
|switch|p1a: Slowking|Slowking-Galar, F|100/100
|turn|5
|
|t:|1655502941
|move|p2a: Victini|Bolt Strike|p1a: Slowking
|-damage|p1a: Slowking|73/100
|-status|p1a: Slowking|par
|cant|p1a: Slowking|par
|
|-fieldend|move: Psychic Terrain
|upkeep
|turn|6
|
|t:|1655502946
|move|p2a: Victini|U-turn|p1a: Slowking
|-damage|p1a: Slowking|58/100 par
|
|t:|1655502950
|switch|p2a: Landorus|Landorus-Therian, M|100/100|[from]move: U-turn
|-ability|p2a: Landorus|Intimidate|boost
|-unboost|p1a: Slowking|atk|1
|move|p1a: Slowking|Sludge Bomb|p2a: Landorus
|-resisted|p2a: Landorus
|-damage|p2a: Landorus|87/100
|-status|p2a: Landorus|psn
|
|-heal|p2a: Landorus|93/100 psn|[from] item: Leftovers
|-damage|p2a: Landorus|81/100 psn|[from] psn
|upkeep
|turn|7
|
|t:|1655502956
|switch|p1a: Blissey|Blissey, F|100/100
|move|p2a: Landorus|U-turn|p1a: Blissey
|-damage|p1a: Blissey|80/100
|j| Peepeepoopoo72
|
|t:|1655502960
|switch|p2a: Urshifu|Urshifu-Rapid-Strike, M|13/100|[from]move: U-turn
|
|upkeep
|turn|8
|
|t:|1655502963
|switch|p1a: Dragonite|Dragonite, F|100/100
|move|p2a: Urshifu|U-turn|p1a: Dragonite
|-resisted|p1a: Dragonite
|-damage|p1a: Dragonite|93/100
|
|t:|1655502968
|switch|p2a: Tapu Lele|Tapu Lele|100/100|[from]move: U-turn
|-fieldstart|move: Psychic Terrain|[from] ability: Psychic Surge|[of] p2a: Tapu Lele
|
|upkeep
|turn|9
|j| JusUnG0rdoNoob
|
|t:|1655502974
|switch|p1a: Slowking|Slowking-Galar, F|92/100 par
|move|p2a: Tapu Lele|Psyshock|p1a: Slowking
|-damage|p1a: Slowking|32/100 par
|
|upkeep
|turn|10
|
|t:|1655502982
|move|p2a: Tapu Lele|Psyshock|p1a: Slowking
|-damage|p1a: Slowking|0 fnt
|faint|p1a: Slowking
|
|upkeep
|
|t:|1655502990
|switch|p1a: Blissey|Blissey, F|80/100
|turn|11
|l| JusUnG0rdoNoob
|
|t:|1655503013
|move|p2a: Tapu Lele|Psyshock|p1a: Blissey
|-crit|p1a: Blissey
|-damage|p1a: Blissey|1/100
|move|p1a: Blissey|Teleport|p1a: Blissey
|
|t:|1655503016
|switch|p1a: Regieleki|Regieleki|100/100|[from]move: Teleport
|
|upkeep
|turn|12
|
|t:|1655503023
|switch|p1a: Urshifu|Urshifu-Rapid-Strike, M|71/100
|switch|p2a: Landorus|Landorus-Therian, M|81/100 psn
|-ability|p2a: Landorus|Intimidate|boost
|-unboost|p1a: Urshifu|atk|1
|
|-heal|p2a: Landorus|87/100 psn|[from] item: Leftovers
|-damage|p2a: Landorus|74/100 psn|[from] psn
|-fieldend|move: Psychic Terrain
|upkeep
|turn|13
|
|t:|1655503029
|switch|p2a: Dragonite|Dragonite, M|100/100
|move|p1a: Urshifu|U-turn|p2a: Dragonite
|-resisted|p2a: Dragonite
|-damage|p2a: Dragonite|96/100
|
|t:|1655503032
|switch|p1a: Regieleki|Regieleki|100/100|[from]move: U-turn
|
|upkeep
|turn|14
|
|t:|1655503037
|switch|p2a: Landorus|Landorus-Therian, M|74/100 psn
|-ability|p2a: Landorus|Intimidate|boost
|-unboost|p1a: Regieleki|atk|1
|move|p1a: Regieleki|Ancient Power|p2a: Landorus
|-damage|p2a: Landorus|56/100 psn
|-boost|p1a: Regieleki|atk|1
|-boost|p1a: Regieleki|def|1
|-boost|p1a: Regieleki|spa|1
|-boost|p1a: Regieleki|spd|1
|-boost|p1a: Regieleki|spe|1
|
|-heal|p2a: Landorus|62/100 psn|[from] item: Leftovers
|-damage|p2a: Landorus|49/100 psn|[from] psn
|upkeep
|turn|15
|
|t:|1655503044
|switch|p1a: Dragonite|Dragonite, F|93/100
|move|p2a: Landorus|U-turn|p1a: Dragonite
|-resisted|p1a: Dragonite
|-damage|p1a: Dragonite|83/100
|
|t:|1655503047
|switch|p2a: Tapu Lele|Tapu Lele|100/100|[from]move: U-turn
|-fieldstart|move: Psychic Terrain|[from] ability: Psychic Surge|[of] p2a: Tapu Lele
|
|upkeep
|turn|16
|
|t:|1655503050
|switch|p1a: Blissey|Blissey, F|1/100
|move|p2a: Tapu Lele|Psyshock|p1a: Blissey
|-damage|p1a: Blissey|0 fnt
|faint|p1a: Blissey
|
|upkeep
|
|t:|1655503051
|switch|p1a: Regieleki|Regieleki|100/100
|turn|17
|
|t:|1655503064
|move|p1a: Regieleki|Volt Switch|p2a: Tapu Lele
|-damage|p2a: Tapu Lele|25/100
|
|t:|1655503066
|switch|p1a: Dragonite|Dragonite, F|83/100|[from]move: Volt Switch
|move|p2a: Tapu Lele|Psyshock|p1a: Dragonite
|-damage|p1a: Dragonite|34/100
|
|upkeep
|turn|18
|
|t:|1655503069
|move|p2a: Tapu Lele|Psyshock|p1a: Dragonite
|-damage|p1a: Dragonite|0 fnt
|faint|p1a: Dragonite
|
|upkeep
|
|t:|1655503071
|switch|p1a: Regieleki|Regieleki|100/100
|turn|19
|
|t:|1655503073
|move|p1a: Regieleki|Ancient Power|p2a: Tapu Lele
|-damage|p2a: Tapu Lele|0 fnt
|faint|p2a: Tapu Lele
|
|-fieldend|move: Psychic Terrain
|upkeep
|
|t:|1655503084
|switch|p2a: Victini|Victini|100/100
|turn|20
|
|t:|1655503088
|switch|p1a: Urshifu|Urshifu-Rapid-Strike, M|71/100
|move|p2a: Victini|Bolt Strike|p1a: Urshifu|[miss]
|-miss|p2a: Victini|p1a: Urshifu
|
|upkeep
|turn|21
|
|t:|1655503093
|move|p1a: Urshifu|Aqua Jet|p2a: Victini
|-supereffective|p2a: Victini
|-damage|p2a: Victini|30/100
|move|p2a: Victini|Bolt Strike|p1a: Urshifu|[miss]
|-miss|p2a: Victini|p1a: Urshifu
|
|upkeep
|turn|22
|
|t:|1655503097
|move|p1a: Urshifu|Aqua Jet|p2a: Victini
|-supereffective|p2a: Victini
|-damage|p2a: Victini|0 fnt
|faint|p2a: Victini
|
|upkeep
|
|t:|1655503108
|switch|p2a: Landorus|Landorus-Therian, M|49/100 psn
|-ability|p2a: Landorus|Intimidate|boost
|-unboost|p1a: Urshifu|atk|1
|turn|23
|
|t:|1655503110
|switch|p2a: Dragonite|Dragonite, M|96/100
|move|p1a: Urshifu|Aqua Jet|p2a: Dragonite
|-resisted|p2a: Dragonite
|-crit|p2a: Dragonite
|-damage|p2a: Dragonite|76/100
|
|upkeep
|turn|24
|
|t:|1655503113
|move|p1a: Urshifu|Aqua Jet|p2a: Dragonite
|-resisted|p2a: Dragonite
|-damage|p2a: Dragonite|67/100
|move|p2a: Dragonite|Dragon Dance|p2a: Dragonite
|-boost|p2a: Dragonite|atk|1
|-boost|p2a: Dragonite|spe|1
|
|upkeep
|turn|25
|
|t:|1655503115
|switch|p1a: Regieleki|Regieleki|100/100
|move|p2a: Dragonite|Roost|p2a: Dragonite
|-heal|p2a: Dragonite|100/100
|-singleturn|p2a: Dragonite|move: Roost
|
|upkeep
|turn|26
|
|t:|1655503118
|move|p1a: Regieleki|Volt Switch|p2a: Dragonite
|-damage|p2a: Dragonite|69/100
|
|t:|1655503119
|switch|p1a: Urshifu|Urshifu-Rapid-Strike, M|71/100|[from]move: Volt Switch
|move|p2a: Dragonite|Earthquake|p1a: Urshifu
|-damage|p1a: Urshifu|23/100
|
|upkeep
|turn|27
|
|t:|1655503124
|move|p2a: Dragonite|Roost|p2a: Dragonite
|-heal|p2a: Dragonite|100/100
|-singleturn|p2a: Dragonite|move: Roost
|move|p1a: Urshifu|U-turn|p2a: Dragonite
|-damage|p2a: Dragonite|84/100
|
|t:|1655503125
|switch|p1a: Regieleki|Regieleki|100/100|[from]move: U-turn
|
|upkeep
|turn|28
|
|t:|1655503130
|move|p1a: Regieleki|Thunderbolt|p2a: Dragonite
|-damage|p2a: Dragonite|4/100
|move|p2a: Dragonite|Roost|p2a: Dragonite
|-heal|p2a: Dragonite|54/100
|-singleturn|p2a: Dragonite|move: Roost
|
|upkeep
|turn|29
|
|t:|1655503136
|switch|p2a: Landorus|Landorus-Therian, M|49/100 psn
|-ability|p2a: Landorus|Intimidate|boost
|-unboost|p1a: Regieleki|atk|1
|move|p1a: Regieleki|Thunderbolt|p2a: Landorus
|-immune|p2a: Landorus
|
|-heal|p2a: Landorus|55/100 psn|[from] item: Leftovers
|-damage|p2a: Landorus|43/100 psn|[from] psn
|upkeep
|turn|30
|
|t:|1655503138
|move|p1a: Regieleki|Thunderbolt|p2a: Landorus
|-immune|p2a: Landorus
|move|p2a: Landorus|Earthquake|p1a: Regieleki
|-supereffective|p1a: Regieleki
|-damage|p1a: Regieleki|0 fnt
|faint|p1a: Regieleki
|
|-heal|p2a: Landorus|49/100 psn|[from] item: Leftovers
|-damage|p2a: Landorus|37/100 psn|[from] psn
|upkeep
|-message|alvar03 forfeited.
|
|win|2(H2O)-Alt
|raw|alvar03's rating: 1727 &rarr; <strong>1709</strong><br />(-18 for losing)
|raw|2(H2O)-Alt's rating: 1765 &rarr; <strong>1783</strong><br />(+18 for winning)
|l|☆alvar03
|l| Peepeepoopoo72
||Ladder isn't responding, score probably updated but might not have (Request timeout).
