|j|☆big boss 447
|j|☆929-h
|player|p1|big boss 447|n|1835
|player|p2|929-h|flannery|1731
|teamsize|p1|6
|teamsize|p2|6
|gametype|singles
|gen|8
|tier|[Gen 8] OU
|rated|
|clearpoke
|poke|p1|Rotom-Wash|
|poke|p1|Pelipper, M|
|poke|p1|Crawdaunt, M|
|poke|p1|Kyurem|
|poke|p1|Zeraora|
|poke|p1|Ferrothorn, F|
|poke|p2|Stunfisk, F|
|poke|p2|Clefairy, M|
|poke|p2|Salazzle, F|
|poke|p2|Keldeo|
|poke|p2|Mandibuzz, F|
|poke|p2|Dragapult, M|
|rule|Sleep Clause Mod: Limit one foe put to sleep
|rule|Species Clause: Limit one of each Pokémon
|rule|OHKO Clause: OHKO moves are banned
|rule|Evasion Moves Clause: Evasion moves are banned
|rule|Endless Battle Clause: Forcing endless battles is banned
|rule|HP Percentage Mod: HP is shown in percentages
|rule|Dynamax Clause: You cannot dynamax
|teampreview
|inactive|Battle timer is ON: inactive players will automatically lose when time's up. (requested by 929-h)
|j| Eepsilon
|
|start
|switch|p1a: Pelipper|Pelipper, M|100/100
|switch|p2a: OU2|Dragapult, M|100/100
|-weather|RainDance|[from] ability: Drizzle|[of] p1a: Pelipper
|turn|1
|j| Chans3y
|j| cafaelatte
|
|move|p2a: OU2|Draco Meteor|p1a: Pelipper
|-damage|p1a: Pelipper|0 fnt
|-unboost|p2a: OU2|spa|2
|faint|p1a: Pelipper
|
|-weather|RainDance|[upkeep]
|upkeep
|
|switch|p1a: Ferrothorn|Ferrothorn, F|100/100
|turn|2
|
|move|p2a: OU2|Will-O-Wisp|p1a: Ferrothorn
|-status|p1a: Ferrothorn|brn
|move|p1a: Ferrothorn|Stealth Rock|p2a: OU2
|-sidestart|p2: 929-h|move: Stealth Rock
|
|-weather|RainDance|[upkeep]
|-damage|p1a: Ferrothorn|94/100 brn|[from] brn
|upkeep
|turn|3
|
|move|p2a: OU2|Hex|p1a: Ferrothorn
|-damage|p1a: Ferrothorn|70/100 brn
|move|p1a: Ferrothorn|Knock Off|p2a: OU2
|-supereffective|p2a: OU2
|-damage|p2a: OU2|71/100
|-enditem|p2a: OU2|Spell Tag|[from] move: Knock Off|[of] p1a: Ferrothorn
|
|-weather|RainDance|[upkeep]
|-heal|p1a: Ferrothorn|77/100 brn|[from] item: Leftovers
|-damage|p1a: Ferrothorn|70/100 brn|[from] brn
|upkeep
|turn|4
|
|move|p2a: OU2|Hex|p1a: Ferrothorn
|-damage|p1a: Ferrothorn|49/100 brn
|move|p1a: Ferrothorn|Knock Off|p2a: OU2
|-supereffective|p2a: OU2
|-damage|p2a: OU2|51/100
|
|-weather|RainDance|[upkeep]
|-heal|p1a: Ferrothorn|55/100 brn|[from] item: Leftovers
|-damage|p1a: Ferrothorn|49/100 brn|[from] brn
|upkeep
|turn|5
|
|move|p2a: OU2|U-turn|p1a: Ferrothorn
|-crit|p1a: Ferrothorn
|-damage|p1a: Ferrothorn|32/100 brn
|-damage|p2a: OU2|39/100|[from] ability: Iron Barbs|[of] p1a: Ferrothorn
|
|switch|p2a: OU|Mandibuzz, F|100/100|[from]move: U-turn
|move|p1a: Ferrothorn|Thunder Wave|p2a: OU
|-status|p2a: OU|par
|
|-weather|none
|-heal|p1a: Ferrothorn|38/100 brn|[from] item: Leftovers
|-damage|p1a: Ferrothorn|32/100 brn|[from] brn
|upkeep
|turn|6
|
|move|p2a: OU|Defog|p1a: Ferrothorn
|-unboost|p1a: Ferrothorn|evasion|1
|-sideend|p2: 929-h|Stealth Rock|[from] move: Defog|[of] p2a: OU
|move|p1a: Ferrothorn|Knock Off|p2a: OU
|-resisted|p2a: OU
|-damage|p2a: OU|97/100 par
|-enditem|p2a: OU|Heavy-Duty Boots|[from] move: Knock Off|[of] p1a: Ferrothorn
|
|-heal|p1a: Ferrothorn|38/100 brn|[from] item: Leftovers
|-damage|p1a: Ferrothorn|32/100 brn|[from] brn
|upkeep
|turn|7
|
|switch|p2a: OU2|Dragapult, M|39/100
|move|p1a: Ferrothorn|Stealth Rock|p2a: OU2
|-sidestart|p2: 929-h|move: Stealth Rock
|
|-heal|p1a: Ferrothorn|38/100 brn|[from] item: Leftovers
|-damage|p1a: Ferrothorn|32/100 brn|[from] brn
|upkeep
|turn|8
|
|move|p2a: OU2|Hex|p1a: Ferrothorn
|-damage|p1a: Ferrothorn|0 fnt
|faint|p1a: Ferrothorn
|
|upkeep
|
|switch|p1a: Zeraora|Zeraora|100/100
|turn|9
|
|switch|p1a: Crawdaunt|Crawdaunt, M|100/100
|switch|p2a: PU|Stunfisk, F|100/100
|-damage|p2a: PU|94/100|[from] Stealth Rock
|
|-heal|p2a: PU|100/100|[from] item: Leftovers
|upkeep
|turn|10
|
|switch|p1a: Kyurem|Kyurem|100/100
|-ability|p1a: Kyurem|Pressure
|switch|p2a: OU|Mandibuzz, F|97/100 par
|-damage|p2a: OU|72/100 par|[from] Stealth Rock
|
|upkeep
|turn|11
|l| Chans3y
|
|switch|p2a: NU|Clefairy, M|100/100
|move|p1a: Kyurem|Ice Beam|p2a: NU
|-damage|p2a: NU|55/100
|
|upkeep
|turn|12
|
|move|p1a: Kyurem|Ice Beam|p2a: NU
|-damage|p2a: NU|11/100
|move|p2a: NU|Wish|p2a: NU
|
|upkeep
|turn|13
|
|switch|p1a: Crawdaunt|Crawdaunt, M|100/100
|move|p2a: NU|Protect||[still]
|-fail|p2a: NU
|
|-heal|p2a: NU|61/100|[from] move: Wish|[wisher] NU
|upkeep
|turn|14
|
|switch|p2a: OU|Mandibuzz, F|72/100 par
|-damage|p2a: OU|47/100 par|[from] Stealth Rock
|move|p1a: Crawdaunt|Liquidation|p2a: OU
|-damage|p2a: OU|0 fnt
|-damage|p1a: Crawdaunt|91/100|[from] item: Life Orb
|faint|p2a: OU
|
|upkeep
|
|switch|p2a: UU|Keldeo|100/100
|-damage|p2a: UU|94/100|[from] Stealth Rock
|turn|15
|
|switch|p1a: Rotom|Rotom-Wash|100/100
|move|p2a: UU|Substitute|p2a: UU
|-start|p2a: UU|Substitute
|-damage|p2a: UU|69/100
|
|-heal|p2a: UU|76/100|[from] item: Leftovers
|upkeep
|turn|16
|
|move|p2a: UU|Aura Sphere|p1a: Rotom
|-damage|p1a: Rotom|55/100
|move|p1a: Rotom|Discharge|p2a: UU
|-supereffective|p2a: UU
|-end|p2a: UU|Substitute
|
|-heal|p2a: UU|82/100|[from] item: Leftovers
|-heal|p1a: Rotom|61/100|[from] item: Leftovers
|upkeep
|turn|17
|
|move|p2a: UU|Aura Sphere|p1a: Rotom
|-damage|p1a: Rotom|19/100
|move|p1a: Rotom|Discharge|p2a: UU
|-supereffective|p2a: UU
|-damage|p2a: UU|15/100
|-status|p2a: UU|par
|
|-heal|p1a: Rotom|25/100|[from] item: Leftovers
|-heal|p2a: UU|21/100 par|[from] item: Leftovers
|upkeep
|turn|18
|
|move|p1a: Rotom|Discharge|p2a: UU
|-supereffective|p2a: UU
|-damage|p2a: UU|0 fnt
|faint|p2a: UU
|
|-heal|p1a: Rotom|32/100|[from] item: Leftovers
|upkeep
|
|switch|p2a: RU|Salazzle, F|100/100
|turn|19
|l| Eepsilon
|
|move|p2a: RU|Sludge Wave|p1a: Rotom
|-damage|p1a: Rotom|0 fnt
|faint|p1a: Rotom
|
|upkeep
|
|switch|p1a: Crawdaunt|Crawdaunt, M|91/100
|turn|20
|
|move|p1a: Crawdaunt|Aqua Jet|p2a: RU
|-supereffective|p2a: RU
|-damage|p2a: RU|0 fnt
|-damage|p1a: Crawdaunt|81/100|[from] item: Life Orb
|faint|p2a: RU
|
|upkeep
|
|switch|p2a: OU2|Dragapult, M|39/100
|-damage|p2a: OU2|26/100|[from] Stealth Rock
|turn|21
|c|☆big boss 447|u think jet kills?
|c|☆929-h|try it
|inactive|big boss 447 has 120 seconds left.
|c|☆big boss 447|defund the police
|
|move|p1a: Crawdaunt|Aqua Jet|p2a: OU2
|-resisted|p2a: OU2
|-damage|p2a: OU2|2/100
|-damage|p1a: Crawdaunt|71/100|[from] item: Life Orb
|move|p2a: OU2|Draco Meteor|p1a: Crawdaunt
|-damage|p1a: Crawdaunt|0 fnt
|-unboost|p2a: OU2|spa|2
|faint|p1a: Crawdaunt
|
|upkeep
|inactive|big boss 447 has 90 seconds left.
|c|☆big boss 447|lmaoooo hard throw
|
|switch|p1a: Zeraora|Zeraora|100/100
|turn|22
|l| cafaelatte
|inactive|big boss 447 has 90 seconds left.
|
|switch|p2a: PU|Stunfisk, F|100/100
|-damage|p2a: PU|94/100|[from] Stealth Rock
|move|p1a: Zeraora|Knock Off|p2a: PU
|-damage|p2a: PU|73/100
|-enditem|p2a: PU|Leftovers|[from] move: Knock Off|[of] p1a: Zeraora
|
|upkeep
|turn|23
|inactive|big boss 447 has 90 seconds left.
|
|move|p1a: Zeraora|Close Combat|p2a: PU
|-damage|p2a: PU|46/100
|-unboost|p1a: Zeraora|def|1
|-unboost|p1a: Zeraora|spd|1
|move|p2a: PU|Toxic|p1a: Zeraora
|-status|p1a: Zeraora|tox
|
|-damage|p1a: Zeraora|95/100 tox|[from] psn
|upkeep
|turn|24
|
|move|p1a: Zeraora|Close Combat|p2a: PU
|-damage|p2a: PU|19/100
|-unboost|p1a: Zeraora|def|1
|-unboost|p1a: Zeraora|spd|1
|move|p2a: PU|Earth Power|p1a: Zeraora
|-supereffective|p1a: Zeraora
|-damage|p1a: Zeraora|0 fnt
|faint|p1a: Zeraora
|
|upkeep
|
|switch|p1a: Kyurem|Kyurem|100/100
|-ability|p1a: Kyurem|Pressure
|turn|25
|
|move|p1a: Kyurem|Ice Beam|p2a: PU
|-supereffective|p2a: PU
|-damage|p2a: PU|0 fnt
|faint|p2a: PU
|
|upkeep
|
|switch|p2a: NU|Clefairy, M|61/100
|turn|26
|
|move|p2a: NU|Protect|p2a: NU
|-singleturn|p2a: NU|Protect
|move|p1a: Kyurem|Ice Beam|p2a: NU
|-activate|p2a: NU|move: Protect
|
|upkeep
|turn|27
|
|move|p1a: Kyurem|Ice Beam|p2a: NU
|-damage|p2a: NU|10/100
|move|p2a: NU|Wish|p2a: NU
|
|upkeep
|turn|28
|
|move|p2a: NU|Protect|p2a: NU
|-singleturn|p2a: NU|Protect
|move|p1a: Kyurem|Ice Beam|p2a: NU
|-activate|p2a: NU|move: Protect
|
|-heal|p2a: NU|60/100|[from] move: Wish|[wisher] NU
|upkeep
|turn|29
|
|move|p1a: Kyurem|Ice Beam|p2a: NU
|-damage|p2a: NU|12/100
|move|p2a: NU|Wish|p2a: NU
|
|upkeep
|turn|30
|
|move|p2a: NU|Protect|p2a: NU
|-singleturn|p2a: NU|Protect
|move|p1a: Kyurem|Ice Beam|p2a: NU
|-activate|p2a: NU|move: Protect
|
|-heal|p2a: NU|62/100|[from] move: Wish|[wisher] NU
|upkeep
|turn|31
|
|move|p1a: Kyurem|Ice Beam|p2a: NU
|-damage|p2a: NU|13/100
|move|p2a: NU|Wish|p2a: NU
|
|upkeep
|turn|32
|
|move|p2a: NU|Protect|p2a: NU
|-singleturn|p2a: NU|Protect
|move|p1a: Kyurem|Ice Beam|p2a: NU
|-activate|p2a: NU|move: Protect
|
|-heal|p2a: NU|63/100|[from] move: Wish|[wisher] NU
|upkeep
|turn|33
|
|move|p1a: Kyurem|Ice Beam|p2a: NU
|-damage|p2a: NU|11/100
|move|p2a: NU|Wish|p2a: NU
|
|upkeep
|turn|34
|
|move|p2a: NU|Protect|p2a: NU
|-singleturn|p2a: NU|Protect
|move|p1a: Kyurem|Ice Beam|p2a: NU
|-activate|p2a: NU|move: Protect
|
|-heal|p2a: NU|61/100|[from] move: Wish|[wisher] NU
|upkeep
|turn|35
|
|move|p1a: Kyurem|Ice Beam|p2a: NU
|-damage|p2a: NU|10/100
|move|p2a: NU|Wish|p2a: NU
|
|upkeep
|turn|36
|
|move|p2a: NU|Protect|p2a: NU
|-singleturn|p2a: NU|Protect
|move|p1a: Kyurem|Ice Beam|p2a: NU
|-activate|p2a: NU|move: Protect
|
|-heal|p2a: NU|60/100|[from] move: Wish|[wisher] NU
|upkeep
|turn|37
|
|switch|p2a: OU2|Dragapult, M|2/100
|-damage|p2a: OU2|0 fnt|[from] Stealth Rock
|faint|p2a: OU2
|move|p1a: Kyurem|Ice Beam|p2: OU2|[notarget]
|-fail|p1a: Kyurem
|
|upkeep
|
|switch|p2a: NU|Clefairy, M|60/100
|turn|38
|c|☆big boss 447|ur luck was annoying
|
|move|p2a: NU|Protect|p2a: NU
|-singleturn|p2a: NU|Protect
|move|p1a: Kyurem|Ice Beam|p2a: NU
|-activate|p2a: NU|move: Protect
|
|upkeep
|turn|39
|c|☆929-h|u threw
|c|☆big boss 447|i had to flex
|c|☆929-h|ok then im flexing by saying to shut up
|c|☆929-h|:)
|
|-activate|p1a: Kyurem|move: Struggle
|move|p1a: Kyurem|Struggle|p2a: NU
|-damage|p2a: NU|46/100
|-damage|p1a: Kyurem|75/100|[from] recoil
|move|p2a: NU|Wish|p2a: NU
|
|upkeep
|turn|40
|c|☆big boss 447|i left it in your hands
|
|move|p2a: NU|Protect|p2a: NU
|-singleturn|p2a: NU|Protect
|-activate|p1a: Kyurem|move: Struggle
|move|p1a: Kyurem|Struggle|p2a: NU
|-activate|p2a: NU|move: Protect
|
|-heal|p2a: NU|96/100|[from] move: Wish|[wisher] NU
|upkeep
|turn|41
|c|☆929-h|and i took it
|
|-activate|p1a: Kyurem|move: Struggle
|move|p1a: Kyurem|Struggle|p2a: NU
|-damage|p2a: NU|82/100
|-damage|p1a: Kyurem|50/100|[from] recoil
|move|p2a: NU|Wish|p2a: NU
|
|upkeep
|turn|42
|c|☆big boss 447|respect
|c|☆929-h|gg
|c|☆big boss 447|black lives matter
|c|☆929-h|they do
|c|☆big boss 447|bad game
|c|☆929-h|just donated today
|c|☆big boss 447|jk
|c|☆big boss 447|and that’s boss
|c|☆big boss 447|gg
|c|☆929-h|hell yeah
|-message|big boss 447 forfeited.
|
|win|929-h
|l|☆big boss 447
|j| Mikey ruigs91
|l|☆929-h
|raw|big boss 447's rating: 1835 &rarr; <strong>1808</strong><br />(-27 for losing)
|raw|929-h's rating: 1711 &rarr; <strong>1737</strong><br />(+26 for winning)
|j|☆929-h
|player|p2|929-h|flannery
