|j|☆8balljacketguy
|j|☆Freudianbreath
|t:|1645852117
|gametype|singles
|player|p1|8balljacketguy|red|1355
|player|p2|Freudianbreath|cheren|1255
|teamsize|p1|6
|teamsize|p2|6
|gen|8
|tier|[Gen 8] OU
|rated|
|rule|Sleep Clause Mod: Limit one foe put to sleep
|rule|Species Clause: Limit one of each Pokémon
|rule|OHKO Clause: OHKO moves are banned
|rule|Evasion Moves Clause: Evasion moves are banned
|rule|Endless Battle Clause: Forcing endless battles is banned
|rule|HP Percentage Mod: HP is shown in percentages
|rule|Dynamax Clause: You cannot dynamax
|clearpoke
|poke|p1|Dragapult, F|
|poke|p1|Moltres-Galar|
|poke|p1|Zapdos-Galar|
|poke|p1|Nidoking, M|
|poke|p1|Heatran, M|
|poke|p1|Rotom-Wash|
|poke|p2|Blissey, F|
|poke|p2|Zapdos|
|poke|p2|Rillaboom, M|
|poke|p2|Ferrothorn, M|
|poke|p2|Urshifu-*, M|
|poke|p2|Mew|
|teampreview
|inactive|Battle timer is ON: inactive players will automatically lose when time's up. (requested by 8balljacketguy)
|inactive|Freudianbreath has 120 seconds left.
|
|t:|1645852154
|start
|switch|p1a: Dragapult|Dragapult, F|100/100
|switch|p2a: Urshifu|Urshifu-Rapid-Strike, M|100/100
|turn|1
|
|t:|1645852162
|move|p1a: Dragapult|Draco Meteor|p2a: Urshifu
|-damage|p2a: Urshifu|0 fnt
|-unboost|p1a: Dragapult|spa|2
|faint|p2a: Urshifu
|
|upkeep
|
|t:|1645852173
|switch|p2a: Mew|Mew|100/100
|turn|2
|
|t:|1645852175
|switch|p1a: Rotom|Rotom-Wash|100/100
|move|p2a: Mew|Knock Off|p1a: Rotom
|-damage|p1a: Rotom|71/100
|-enditem|p1a: Rotom|Choice Scarf|[from] move: Knock Off|[of] p2a: Mew
|
|upkeep
|turn|3
|
|t:|1645852184
|move|p1a: Rotom|Will-O-Wisp|p2a: Mew
|-status|p2a: Mew|brn
|-activate|p2a: Mew|ability: Synchronize
|-status|p1a: Rotom|brn
|move|p2a: Mew|Spikes|p1a: Rotom
|-sidestart|p1: 8balljacketguy|Spikes
|
|-damage|p1a: Rotom|64/100 brn|[from] brn
|-damage|p2a: Mew|94/100 brn|[from] brn
|upkeep
|turn|4
|
|t:|1645852193
|move|p1a: Rotom|Trick|p2a: Mew
|-activate|p1a: Rotom|move: Trick|[of] p2a: Mew
|-enditem|p2a: Mew|Heavy-Duty Boots|[silent]|[from] move: Trick
|-item|p1a: Rotom|Heavy-Duty Boots|[from] move: Trick
|move|p2a: Mew|Spikes|p1a: Rotom
|-sidestart|p1: 8balljacketguy|Spikes
|
|-damage|p1a: Rotom|58/100 brn|[from] brn
|-damage|p2a: Mew|88/100 brn|[from] brn
|upkeep
|turn|5
|
|t:|1645852206
|move|p1a: Rotom|Defog|p2a: Mew
|-unboost|p2a: Mew|evasion|1
|-sideend|p1: 8balljacketguy|Spikes|[from] move: Defog|[of] p1a: Rotom
|move|p2a: Mew|Spikes|p1a: Rotom
|-sidestart|p1: 8balljacketguy|Spikes
|
|-damage|p1a: Rotom|52/100 brn|[from] brn
|-damage|p2a: Mew|82/100 brn|[from] brn
|upkeep
|turn|6
|
|t:|1645852211
|move|p1a: Rotom|Defog|p2a: Mew
|-unboost|p2a: Mew|evasion|1
|-sideend|p1: 8balljacketguy|Spikes|[from] move: Defog|[of] p1a: Rotom
|move|p2a: Mew|Knock Off|p1a: Rotom
|-damage|p1a: Rotom|37/100 brn
|-enditem|p1a: Rotom|Heavy-Duty Boots|[from] move: Knock Off|[of] p2a: Mew
|
|-damage|p1a: Rotom|30/100 brn|[from] brn
|-damage|p2a: Mew|76/100 brn|[from] brn
|upkeep
|turn|7
|
|t:|1645852218
|move|p1a: Rotom|Volt Switch|p2a: Mew
|-damage|p2a: Mew|52/100 brn
|
|t:|1645852222
|switch|p1a: Dragapult|Dragapult, F|100/100|[from]move: Volt Switch
|move|p2a: Mew|Night Shade|p1a: Dragapult
|-damage|p1a: Dragapult|69/100
|
|-damage|p2a: Mew|45/100 brn|[from] brn
|upkeep
|turn|8
|
|t:|1645852239
|switch|p2a: Blissey|Blissey, F|100/100
|move|p1a: Dragapult|U-turn|p2a: Blissey
|-damage|p2a: Blissey|87/100
|
|t:|1645852243
|switch|p1a: Zapdos|Zapdos-Galar|100/100|[from]move: U-turn
|
|-heal|p2a: Blissey|93/100|[from] item: Leftovers
|upkeep
|turn|9
|
|t:|1645852259
|move|p1a: Zapdos|U-turn|p2a: Blissey
|-damage|p2a: Blissey|71/100
|
|t:|1645852265
|switch|p1a: Heatran|Heatran, M|100/100|[from]move: U-turn
|move|p2a: Blissey|Toxic|p1a: Heatran
|-immune|p1a: Heatran
|
|-heal|p2a: Blissey|77/100|[from] item: Leftovers
|upkeep
|turn|10
|
|t:|1645852282
|switch|p2a: Mew|Mew|45/100 brn
|move|p1a: Heatran|Magma Storm|p2a: Mew|[miss]
|-miss|p1a: Heatran|p2a: Mew
|
|-damage|p2a: Mew|39/100 brn|[from] brn
|upkeep
|turn|11
|
|t:|1645852287
|move|p2a: Mew|Roost|p2a: Mew
|-heal|p2a: Mew|89/100 brn
|-singleturn|p2a: Mew|move: Roost
|move|p1a: Heatran|Taunt|p2a: Mew
|-start|p2a: Mew|move: Taunt
|
|-damage|p2a: Mew|83/100 brn|[from] brn
|upkeep
|turn|12
|
|t:|1645852292
|move|p2a: Mew|Knock Off|p1a: Heatran
|-damage|p1a: Heatran|91/100
|-enditem|p1a: Heatran|Leftovers|[from] move: Knock Off|[of] p2a: Mew
|move|p1a: Heatran|Stealth Rock|p2a: Mew
|-sidestart|p2: Freudianbreath|move: Stealth Rock
|
|-damage|p2a: Mew|77/100 brn|[from] brn
|upkeep
|turn|13
|
|t:|1645852294
|move|p2a: Mew|Night Shade|p1a: Heatran
|-damage|p1a: Heatran|65/100
|move|p1a: Heatran|Magma Storm|p2a: Mew|[miss]
|-miss|p1a: Heatran|p2a: Mew
|
|-damage|p2a: Mew|71/100 brn|[from] brn
|upkeep
|turn|14
|
|t:|1645852297
|move|p2a: Mew|Night Shade|p1a: Heatran
|-damage|p1a: Heatran|39/100
|move|p1a: Heatran|Magma Storm|p2a: Mew|[miss]
|-miss|p1a: Heatran|p2a: Mew
|
|-damage|p2a: Mew|65/100 brn|[from] brn
|-end|p2a: Mew|move: Taunt
|upkeep
|turn|15
|
|t:|1645852304
|move|p2a: Mew|Roost|p2a: Mew
|-heal|p2a: Mew|100/100 brn
|-singleturn|p2a: Mew|move: Roost
|move|p1a: Heatran|Taunt|p2a: Mew
|-start|p2a: Mew|move: Taunt
|
|-damage|p2a: Mew|94/100 brn|[from] brn
|upkeep
|turn|16
|
|t:|1645852311
|move|p2a: Mew|Night Shade|p1a: Heatran
|-damage|p1a: Heatran|13/100
|move|p1a: Heatran|Magma Storm|p2a: Mew
|-damage|p2a: Mew|64/100 brn
|-activate|p2a: Mew|move: Magma Storm|[of] p1a: Heatran
|
|-damage|p2a: Mew|58/100 brn|[from] brn
|-damage|p2a: Mew|46/100 brn|[from] move: Magma Storm|[partiallytrapped]
|upkeep
|turn|17
|
|t:|1645852316
|move|p2a: Mew|Night Shade|p1a: Heatran
|-damage|p1a: Heatran|0 fnt
|faint|p1a: Heatran
|
|-damage|p2a: Mew|39/100 brn|[from] brn
|-end|p2a: Mew|Magma Storm|[partiallytrapped]|[silent]
|upkeep
|
|t:|1645852318
|switch|p1a: Moltres|Moltres-Galar|100/100
|turn|18
|
|t:|1645852328
|switch|p2a: Ferrothorn|Ferrothorn, M|100/100
|-damage|p2a: Ferrothorn|94/100|[from] Stealth Rock
|move|p1a: Moltres|Nasty Plot|p1a: Moltres
|-boost|p1a: Moltres|spa|2
|
|upkeep
|turn|19
|
|t:|1645852333
|move|p1a: Moltres|Nasty Plot|p1a: Moltres
|-boost|p1a: Moltres|spa|2
|move|p2a: Ferrothorn|Knock Off|p1a: Moltres
|-resisted|p1a: Moltres
|-damage|p1a: Moltres|89/100
|-enditem|p1a: Moltres|Sitrus Berry|[from] move: Knock Off|[of] p2a: Ferrothorn
|
|upkeep
|turn|20
|
|t:|1645852337
|move|p1a: Moltres|Agility|p1a: Moltres
|-boost|p1a: Moltres|spe|2
|move|p2a: Ferrothorn|Leech Seed|p1a: Moltres
|-start|p1a: Moltres|move: Leech Seed
|
|-damage|p1a: Moltres|76/100|[from] Leech Seed|[of] p2a: Ferrothorn
|-heal|p2a: Ferrothorn|100/100|[silent]
|upkeep
|turn|21
|
|t:|1645852343
|move|p1a: Moltres|Nasty Plot|p1a: Moltres
|-boost|p1a: Moltres|spa|2
|move|p2a: Ferrothorn|Stealth Rock|p1a: Moltres
|-sidestart|p1: 8balljacketguy|move: Stealth Rock
|
|-damage|p1a: Moltres|64/100|[from] Leech Seed|[of] p2a: Ferrothorn
|upkeep
|turn|22
|
|t:|1645852348
|move|p1a: Moltres|Fiery Wrath|p2a: Ferrothorn
|-damage|p2a: Ferrothorn|0 fnt
|faint|p2a: Ferrothorn
|
|upkeep
|
|t:|1645852356
|switch|p2a: Blissey|Blissey, F|77/100
|-damage|p2a: Blissey|65/100|[from] Stealth Rock
|turn|23
|
|t:|1645852359
|move|p1a: Moltres|Fiery Wrath|p2a: Blissey
|-damage|p2a: Blissey|5/100
|move|p2a: Blissey|Soft-Boiled|p2a: Blissey
|-heal|p2a: Blissey|55/100
|
|-heal|p2a: Blissey|61/100|[from] item: Leftovers
|-damage|p1a: Moltres|51/100|[from] Leech Seed|[of] p2a: Blissey
|-heal|p2a: Blissey|67/100|[silent]
|upkeep
|turn|24
|
|t:|1645852365
|move|p1a: Moltres|Hurricane|p2a: Blissey|[miss]
|-miss|p1a: Moltres|p2a: Blissey
|move|p2a: Blissey|Soft-Boiled|p2a: Blissey
|-heal|p2a: Blissey|100/100
|
|-damage|p1a: Moltres|39/100|[from] Leech Seed|[of] p2a: Blissey
|upkeep
|turn|25
|
|t:|1645852367
|move|p1a: Moltres|Hurricane|p2a: Blissey|[miss]
|-miss|p1a: Moltres|p2a: Blissey
|move|p2a: Blissey|Toxic|p1a: Moltres
|-status|p1a: Moltres|tox
|
|-damage|p1a: Moltres|26/100 tox|[from] Leech Seed|[of] p2a: Blissey
|-damage|p1a: Moltres|20/100 tox|[from] psn
|upkeep
|turn|26
|
|t:|1645852378
|move|p1a: Moltres|Hurricane|p2a: Blissey
|-damage|p2a: Blissey|22/100
|move|p2a: Blissey|Soft-Boiled|p2a: Blissey
|-heal|p2a: Blissey|72/100
|
|-heal|p2a: Blissey|79/100|[from] item: Leftovers
|-damage|p1a: Moltres|8/100 tox|[from] Leech Seed|[of] p2a: Blissey
|-heal|p2a: Blissey|84/100|[silent]
|-damage|p1a: Moltres|0 fnt|[from] psn
|faint|p1a: Moltres
|upkeep
|
|t:|1645852384
|switch|p1a: Rotom|Rotom-Wash|30/100 brn
|-damage|p1a: Rotom|18/100 brn|[from] Stealth Rock
|turn|27
|
|t:|1645852392
|move|p1a: Rotom|Trick|p2a: Blissey
|-activate|p1a: Rotom|move: Trick|[of] p2a: Blissey
|-enditem|p2a: Blissey|Leftovers|[silent]|[from] move: Trick
|-item|p1a: Rotom|Leftovers|[from] move: Trick
|move|p2a: Blissey|Soft-Boiled|p2a: Blissey
|-heal|p2a: Blissey|100/100
|
|-heal|p1a: Rotom|24/100 brn|[from] item: Leftovers
|-damage|p1a: Rotom|18/100 brn|[from] brn
|upkeep
|turn|28
|
|t:|1645852401
|move|p1a: Rotom|Defog|p2a: Blissey
|-unboost|p2a: Blissey|evasion|1
|-sideend|p2: Freudianbreath|Stealth Rock|[from] move: Defog|[of] p1a: Rotom
|-sideend|p1: 8balljacketguy|Stealth Rock|[from] move: Defog|[of] p1a: Rotom
|move|p2a: Blissey|Seismic Toss|p1a: Rotom
|-damage|p1a: Rotom|0 fnt
|faint|p1a: Rotom
|
|upkeep
|
|t:|1645852406
|switch|p1a: Zapdos|Zapdos-Galar|100/100
|turn|29
|
|t:|1645852417
|switch|p2a: Zapdos|Zapdos|100/100
|-ability|p2a: Zapdos|Pressure
|move|p1a: Zapdos|U-turn|p2a: Zapdos
|-resisted|p2a: Zapdos
|-damage|p2a: Zapdos|85/100
|
|t:|1645852419
|switch|p1a: Nidoking|Nidoking, M|100/100|[from]move: U-turn
|
|upkeep
|turn|30
|
|t:|1645852431
|switch|p2a: Mew|Mew|39/100 brn
|move|p1a: Nidoking|Ice Punch|p2a: Mew
|-damage|p2a: Mew|7/100 brn
|
|-damage|p2a: Mew|1/100 brn|[from] brn
|upkeep
|turn|31
|
|t:|1645852436
|switch|p1a: Zapdos|Zapdos-Galar|100/100
|move|p2a: Mew|Knock Off|p1a: Zapdos
|-resisted|p1a: Zapdos
|-damage|p1a: Zapdos|95/100
|-enditem|p1a: Zapdos|Choice Scarf|[from] move: Knock Off|[of] p2a: Mew
|
|-damage|p2a: Mew|0 fnt|[from] brn
|faint|p2a: Mew
|upkeep
|
|t:|1645852447
|switch|p2a: Zapdos|Zapdos|85/100
|-ability|p2a: Zapdos|Pressure
|turn|32
|
|t:|1645852456
|move|p1a: Zapdos|U-turn|p2a: Zapdos
|-resisted|p2a: Zapdos
|-damage|p2a: Zapdos|70/100
|
|t:|1645852458
|switch|p1a: Nidoking|Nidoking, M|100/100|[from]move: U-turn
|move|p2a: Zapdos|Hurricane|p1a: Nidoking
|-damage|p1a: Nidoking|16/100
|
|upkeep
|turn|33
|
|t:|1645852468
|switch|p2a: Blissey|Blissey, F|100/100
|move|p1a: Nidoking|Ice Punch|p2a: Blissey
|-damage|p2a: Blissey|71/100
|
|upkeep
|turn|34
|
|t:|1645852473
|move|p1a: Nidoking|Poison Jab|p2a: Blissey
|-damage|p2a: Blissey|22/100
|move|p2a: Blissey|Seismic Toss|p1a: Nidoking
|-damage|p1a: Nidoking|0 fnt
|faint|p1a: Nidoking
|
|upkeep
|
|t:|1645852482
|switch|p1a: Zapdos|Zapdos-Galar|95/100
|turn|35
|
|t:|1645852487
|move|p1a: Zapdos|Brave Bird|p2a: Blissey
|-damage|p2a: Blissey|0 fnt
|faint|p2a: Blissey
|-damage|p1a: Zapdos|78/100|[from] Recoil
|
|upkeep
|
|t:|1645852493
|switch|p2a: Zapdos|Zapdos|70/100
|-ability|p2a: Zapdos|Pressure
|turn|36
|
|t:|1645852502
|move|p1a: Zapdos|Thunderous Kick|p2a: Zapdos
|-resisted|p2a: Zapdos
|-crit|p2a: Zapdos
|-damage|p2a: Zapdos|32/100
|-unboost|p2a: Zapdos|def|1
|move|p2a: Zapdos|Thunderbolt|p1a: Zapdos
|-supereffective|p1a: Zapdos
|-damage|p1a: Zapdos|0 fnt
|faint|p1a: Zapdos
|
|upkeep
|
|t:|1645852505
|switch|p1a: Dragapult|Dragapult, F|69/100
|turn|37
|
|t:|1645852513
|switch|p2a: Rillaboom|Rillaboom, M|100/100
|-fieldstart|move: Grassy Terrain|[from] ability: Grassy Surge|[of] p2a: Rillaboom
|move|p1a: Dragapult|Flamethrower|p2a: Rillaboom
|-supereffective|p2a: Rillaboom
|-damage|p2a: Rillaboom|17/100
|-status|p2a: Rillaboom|brn
|
|-heal|p1a: Dragapult|75/100|[from] Grassy Terrain
|-heal|p2a: Rillaboom|23/100 brn|[from] Grassy Terrain
|-heal|p2a: Rillaboom|29/100 brn|[from] item: Leftovers
|-damage|p2a: Rillaboom|23/100 brn|[from] brn
|upkeep
|turn|38
|
|t:|1645852517
|move|p2a: Rillaboom|Grassy Glide|p1a: Dragapult
|-resisted|p1a: Dragapult
|-damage|p1a: Dragapult|62/100
|move|p1a: Dragapult|Flamethrower|p2a: Rillaboom
|-supereffective|p2a: Rillaboom
|-damage|p2a: Rillaboom|0 fnt
|faint|p2a: Rillaboom
|
|-heal|p1a: Dragapult|68/100|[from] Grassy Terrain
|upkeep
|
|t:|1645852522
|switch|p2a: Zapdos|Zapdos|32/100
|-ability|p2a: Zapdos|Pressure
|turn|39
|
|t:|1645852525
|move|p1a: Dragapult|Flamethrower|p2a: Zapdos
|-damage|p2a: Zapdos|0 fnt
|faint|p2a: Zapdos
|
|win|8balljacketguy
|raw|8balljacketguy's rating: 1355 &rarr; <strong>1369</strong><br />(+14 for winning)
|raw|Freudianbreath's rating: 1255 &rarr; <strong>1237</strong><br />(-18 for losing)
|l|☆8balljacketguy
|c|☆Freudianbreath|Gg
