|j|☆Spectre Ace
|j|☆HaveniteRaven
|t:|1664217868
|gametype|singles
|player|p1|Spectre Ace|juggler|1682
|player|p2|HaveniteRaven|doctor|1695
|teamsize|p1|6
|teamsize|p2|6
|gen|8
|tier|[Gen 8] OU
|rated|
|rule|Sleep Clause Mod: Limit one foe put to sleep
|rule|Species Clause: Limit one of each Pokémon
|rule|OHKO Clause: OHKO moves are banned
|rule|Evasion Items Clause: Evasion items are banned
|rule|Evasion Moves Clause: Evasion moves are banned
|rule|Endless Battle Clause: Forcing endless battles is banned
|rule|HP Percentage Mod: HP is shown in percentages
|rule|Dynamax Clause: You cannot dynamax
|clearpoke
|poke|p1|Landorus-Therian, M|
|poke|p1|Ferrothorn, M|
|poke|p1|Volcanion|
|poke|p1|Raichu-Alola, F|
|poke|p1|Tapu Koko|
|poke|p1|Clefable, M|
|poke|p2|Grimmsnarl, M|
|poke|p2|Necrozma|
|poke|p2|Hawlucha, M|
|poke|p2|Zapdos|
|poke|p2|Slowking-Galar, M|
|poke|p2|Tapu Fini|
|teampreview
|inactive|Battle timer is ON: inactive players will automatically lose when time's up. (requested by HaveniteRaven)
|j| The_Daddioo
|
|t:|1664217881
|start
|switch|p1a: Booker|Tapu Koko|100/100
|switch|p2a: Grimmsnarl|Grimmsnarl, M, shiny|100/100
|-fieldstart|move: Electric Terrain|[from] ability: Electric Surge|[of] p1a: Booker
|turn|1
|
|t:|1664217887
|move|p2a: Grimmsnarl|Light Screen|p2a: Grimmsnarl
|-sidestart|p2: HaveniteRaven|move: Light Screen
|move|p1a: Booker|Dazzling Gleam|p2a: Grimmsnarl
|-supereffective|p2a: Grimmsnarl
|-damage|p2a: Grimmsnarl|71/100
|
|upkeep
|turn|2
|
|t:|1664217892
|move|p2a: Grimmsnarl|Reflect|p2a: Grimmsnarl
|-sidestart|p2: HaveniteRaven|Reflect
|move|p1a: Booker|Dazzling Gleam|p2a: Grimmsnarl
|-supereffective|p2a: Grimmsnarl
|-damage|p2a: Grimmsnarl|41/100
|
|upkeep
|turn|3
|
|t:|1664217906
|switch|p2a: Necrozma|Necrozma, shiny|100/100
|move|p1a: Booker|U-turn|p2a: Necrozma
|-supereffective|p2a: Necrozma
|-damage|p2a: Necrozma|89/100
|-enditem|p2a: Necrozma|Weakness Policy
|-boost|p2a: Necrozma|atk|2|[from] item: Weakness Policy
|-boost|p2a: Necrozma|spa|2|[from] item: Weakness Policy
|
|t:|1664217913
|switch|p1a: Amadeus|Landorus-Therian, M|100/100|[from]move: U-turn
|-ability|p1a: Amadeus|Intimidate|boost
|-unboost|p2a: Necrozma|atk|1
|
|upkeep
|turn|4
|
|t:|1664217918
|move|p2a: Necrozma|Dragon Dance|p2a: Necrozma
|-boost|p2a: Necrozma|atk|1
|-boost|p2a: Necrozma|spe|1
|move|p1a: Amadeus|Toxic|p2a: Necrozma
|-status|p2a: Necrozma|tox
|
|-damage|p2a: Necrozma|83/100 tox|[from] psn
|upkeep
|turn|5
|
|t:|1664217926
|switch|p1a: Sundowner|Ferrothorn, M, shiny|100/100
|move|p2a: Necrozma|Photon Geyser|p1a: Sundowner
|-resisted|p1a: Sundowner
|-damage|p1a: Sundowner|65/100
|
|-heal|p1a: Sundowner|71/100|[from] item: Leftovers
|-damage|p2a: Necrozma|70/100 tox|[from] psn
|upkeep
|turn|6
|
|t:|1664217937
|switch|p1a: Amadeus|Landorus-Therian, M|100/100
|-ability|p1a: Amadeus|Intimidate|boost
|-unboost|p2a: Necrozma|atk|1
|move|p2a: Necrozma|Knock Off|p1a: Amadeus
|-damage|p1a: Amadeus|56/100
|-enditem|p1a: Amadeus|Leftovers|[from] move: Knock Off|[of] p2a: Necrozma
|
|-damage|p2a: Necrozma|52/100 tox|[from] psn
|upkeep
|turn|7
|
|t:|1664217953
|switch|p1a: Sundowner|Ferrothorn, M, shiny|71/100
|move|p2a: Necrozma|Photon Geyser|p1a: Sundowner
|-resisted|p1a: Sundowner
|-damage|p1a: Sundowner|49/100
|
|-heal|p1a: Sundowner|55/100|[from] item: Leftovers
|-damage|p2a: Necrozma|27/100 tox|[from] psn
|upkeep
|turn|8
|
|t:|1664217964
|switch|p1a: Amadeus|Landorus-Therian, M|56/100
|-ability|p1a: Amadeus|Intimidate|boost
|-unboost|p2a: Necrozma|atk|1
|move|p2a: Necrozma|Knock Off|p1a: Amadeus
|-damage|p1a: Amadeus|36/100
|
|-damage|p2a: Necrozma|0 fnt|[from] psn
|faint|p2a: Necrozma
|-sideend|p2: HaveniteRaven|move: Light Screen
|-fieldend|move: Electric Terrain
|upkeep
|
|t:|1664217987
|switch|p2a: Tapu Fini|Tapu Fini, shiny|100/100
|-fieldstart|move: Misty Terrain|[from] ability: Misty Surge|[of] p2a: Tapu Fini
|turn|9
|
|t:|1664217992
|move|p2a: Tapu Fini|Calm Mind|p2a: Tapu Fini
|-boost|p2a: Tapu Fini|spa|1
|-boost|p2a: Tapu Fini|spd|1
|move|p1a: Amadeus|Defog|p2a: Tapu Fini
|-unboost|p2a: Tapu Fini|evasion|1
|-sideend|p2: HaveniteRaven|Reflect
|-fieldend|Misty Terrain
|
|upkeep
|turn|10
|
|t:|1664217999
|move|p2a: Tapu Fini|Scald|p1a: Amadeus
|-supereffective|p1a: Amadeus
|-damage|p1a: Amadeus|0 fnt
|faint|p1a: Amadeus
|
|upkeep
|
|t:|1664218001
|switch|p1a: Booker|Tapu Koko|100/100
|-fieldstart|move: Electric Terrain|[from] ability: Electric Surge|[of] p1a: Booker
|turn|11
|
|t:|1664218008
|switch|p2a: Slowking|Slowking-Galar, M, shiny|100/100
|move|p1a: Booker|U-turn|p2a: Slowking
|-damage|p2a: Slowking|80/100
|
|t:|1664218015
|switch|p1a: Engine|Volcanion|100/100|[from]move: U-turn
|
|upkeep
|turn|12
|
|t:|1664218020
|move|p1a: Engine|Earth Power|p2a: Slowking
|-supereffective|p2a: Slowking
|-damage|p2a: Slowking|46/100
|move|p2a: Slowking|Future Sight|p1a: Engine
|-start|p2a: Slowking|move: Future Sight
|
|upkeep
|turn|13
|
|t:|1664218031
|move|p1a: Engine|Sludge Wave|p2a: Slowking
|-resisted|p2a: Slowking
|-damage|p2a: Slowking|38/100
|move|p2a: Slowking|Sludge Wave|p1a: Engine
|-damage|p1a: Engine|44/100
|
|upkeep
|turn|14
|
|t:|1664218041
|switch|p2a: Hawlucha|Hawlucha, M, shiny|100/100
|move|p1a: Engine|Earth Power|p2a: Hawlucha
|-immune|p2a: Hawlucha
|
|-end|p1a: Engine|move: Future Sight
|-damage|p1a: Engine|0 fnt
|faint|p1a: Engine
|upkeep
|
|t:|1664218042
|switch|p1a: Valentine|Raichu-Alola, F, shiny|100/100
|turn|15
|
|t:|1664218052
|switch|p2a: Slowking|Slowking-Galar, M, shiny|71/100
|move|p1a: Valentine|Rising Voltage|p2a: Slowking
|-hint|Rising Voltage's BP doubled on grounded target.
|-damage|p2a: Slowking|19/100
|-damage|p1a: Valentine|91/100|[from] item: Life Orb
|
|upkeep
|turn|16
|
|t:|1664218061
|switch|p2a: Tapu Fini|Tapu Fini, shiny|100/100
|-fieldstart|move: Misty Terrain|[from] ability: Misty Surge|[of] p2a: Tapu Fini
|move|p1a: Valentine|Rising Voltage|p2a: Tapu Fini
|-supereffective|p2a: Tapu Fini
|-damage|p2a: Tapu Fini|26/100
|-damage|p1a: Valentine|81/100|[from] item: Life Orb
|
|-heal|p2a: Tapu Fini|32/100|[from] item: Leftovers
|upkeep
|turn|17
|j| hardik27
|
|t:|1664218072
|switch|p1a: Booker|Tapu Koko|100/100
|-fieldstart|move: Electric Terrain|[from] ability: Electric Surge|[of] p1a: Booker
|switch|p2a: Slowking|Slowking-Galar, M, shiny|52/100
|
|upkeep
|turn|18
|
|t:|1664218081
|move|p1a: Booker|U-turn|p2a: Slowking
|-damage|p2a: Slowking|31/100
|
|t:|1664218082
|switch|p1a: Sundowner|Ferrothorn, M, shiny|55/100|[from]move: U-turn
|move|p2a: Slowking|Future Sight|p1a: Sundowner
|-start|p2a: Slowking|move: Future Sight
|
|-heal|p1a: Sundowner|62/100|[from] item: Leftovers
|upkeep
|turn|19
|
|t:|1664218093
|switch|p1a: Clefable|Clefable, M|100/100
|move|p2a: Slowking|Fire Blast|p1a: Clefable
|-damage|p1a: Clefable|69/100
|
|-heal|p1a: Clefable|75/100|[from] item: Leftovers
|upkeep
|turn|20
|
|t:|1664218101
|move|p1a: Clefable|Knock Off|p2a: Slowking
|-supereffective|p2a: Slowking
|-damage|p2a: Slowking|0 fnt
|-enditem|p2a: Slowking|Assault Vest|[from] move: Knock Off|[of] p1a: Clefable
|faint|p2a: Slowking
|
|-end|p1a: Clefable|move: Future Sight
|-damage|p1a: Clefable|23/100
|-heal|p1a: Clefable|29/100|[from] item: Leftovers
|upkeep
|
|t:|1664218110
|switch|p2a: Grimmsnarl|Grimmsnarl, M, shiny|41/100
|turn|21
|
|t:|1664218115
|move|p2a: Grimmsnarl|Light Screen|p2a: Grimmsnarl
|-sidestart|p2: HaveniteRaven|move: Light Screen
|move|p1a: Clefable|Moonblast|p2a: Grimmsnarl
|-supereffective|p2a: Grimmsnarl
|-damage|p2a: Grimmsnarl|15/100
|-unboost|p2a: Grimmsnarl|spa|1
|
|-heal|p1a: Clefable|35/100|[from] item: Leftovers
|upkeep
|turn|22
|
|t:|1664218122
|move|p2a: Grimmsnarl|Thunder Wave|p1a: Clefable
|-status|p1a: Clefable|par
|move|p1a: Clefable|Soft-Boiled|p1a: Clefable
|-heal|p1a: Clefable|85/100 par
|
|-heal|p1a: Clefable|91/100 par|[from] item: Leftovers
|upkeep
|turn|23
|
|t:|1664218134
|switch|p2a: Tapu Fini|Tapu Fini, shiny|32/100
|-fieldstart|move: Misty Terrain|[from] ability: Misty Surge|[of] p2a: Tapu Fini
|move|p1a: Clefable|Stealth Rock|p2a: Tapu Fini
|-sidestart|p2: HaveniteRaven|move: Stealth Rock
|
|-heal|p2a: Tapu Fini|38/100|[from] item: Leftovers
|-heal|p1a: Clefable|97/100 par|[from] item: Leftovers
|upkeep
|turn|24
|
|t:|1664218143
|switch|p1a: Booker|Tapu Koko|100/100
|-fieldstart|move: Electric Terrain|[from] ability: Electric Surge|[of] p1a: Booker
|move|p2a: Tapu Fini|Calm Mind|p2a: Tapu Fini
|-boost|p2a: Tapu Fini|spa|1
|-boost|p2a: Tapu Fini|spd|1
|
|-heal|p2a: Tapu Fini|44/100|[from] item: Leftovers
|upkeep
|turn|25
|
|t:|1664218151
|move|p1a: Booker|U-turn|p2a: Tapu Fini
|-resisted|p2a: Tapu Fini
|-damage|p2a: Tapu Fini|38/100
|
|t:|1664218153
|switch|p1a: Sundowner|Ferrothorn, M, shiny|62/100|[from]move: U-turn
|move|p2a: Tapu Fini|Draining Kiss|p1a: Sundowner
|-resisted|p1a: Sundowner
|-damage|p1a: Sundowner|53/100
|-heal|p2a: Tapu Fini|45/100|[from] drain|[of] p1a: Sundowner
|-damage|p2a: Tapu Fini|33/100|[from] ability: Iron Barbs|[of] p1a: Sundowner
|
|-heal|p2a: Tapu Fini|39/100|[from] item: Leftovers
|-heal|p1a: Sundowner|60/100|[from] item: Leftovers
|upkeep
|turn|26
|
|t:|1664218165
|move|p2a: Tapu Fini|Ice Beam|p1a: Sundowner
|-damage|p1a: Sundowner|38/100
|-status|p1a: Sundowner|frz
|cant|p1a: Sundowner|frz
|
|-heal|p2a: Tapu Fini|45/100|[from] item: Leftovers
|-heal|p1a: Sundowner|45/100 frz|[from] item: Leftovers
|upkeep
|turn|27
|
|t:|1664218178
|move|p2a: Tapu Fini|Calm Mind|p2a: Tapu Fini
|-boost|p2a: Tapu Fini|spa|1
|-boost|p2a: Tapu Fini|spd|1
|cant|p1a: Sundowner|frz
|
|-heal|p2a: Tapu Fini|51/100|[from] item: Leftovers
|-heal|p1a: Sundowner|51/100 frz|[from] item: Leftovers
|upkeep
|turn|28
|
|t:|1664218185
|move|p2a: Tapu Fini|Calm Mind|p2a: Tapu Fini
|-boost|p2a: Tapu Fini|spa|1
|-boost|p2a: Tapu Fini|spd|1
|-curestatus|p1a: Sundowner|frz|[msg]
|move|p1a: Sundowner|Gyro Ball|p2a: Tapu Fini
|-damage|p2a: Tapu Fini|16/100
|
|-heal|p2a: Tapu Fini|22/100|[from] item: Leftovers
|-heal|p1a: Sundowner|57/100|[from] item: Leftovers
|-sideend|p2: HaveniteRaven|move: Light Screen
|upkeep
|turn|29
|
|t:|1664218195
|move|p2a: Tapu Fini|Ice Beam|p1a: Sundowner
|-damage|p1a: Sundowner|22/100
|move|p1a: Sundowner|Gyro Ball|p2a: Tapu Fini
|-damage|p2a: Tapu Fini|0 fnt
|faint|p2a: Tapu Fini
|
|-heal|p1a: Sundowner|28/100|[from] item: Leftovers
|upkeep
|
|t:|1664218203
|switch|p2a: Grimmsnarl|Grimmsnarl, M, shiny|15/100
|-damage|p2a: Grimmsnarl|3/100|[from] Stealth Rock
|turn|30
|
|t:|1664218207
|move|p2a: Grimmsnarl|Reflect|p2a: Grimmsnarl
|-sidestart|p2: HaveniteRaven|Reflect
|move|p1a: Sundowner|Spikes|p2a: Grimmsnarl
|-sidestart|p2: HaveniteRaven|Spikes
|
|-heal|p1a: Sundowner|35/100|[from] item: Leftovers
|upkeep
|turn|31
|
|t:|1664218216
|move|p2a: Grimmsnarl|Thunder Wave|p1a: Sundowner
|-status|p1a: Sundowner|par
|move|p1a: Sundowner|Spikes|p2a: Grimmsnarl
|-sidestart|p2: HaveniteRaven|Spikes
|
|-heal|p1a: Sundowner|41/100 par|[from] item: Leftovers
|-fieldend|move: Electric Terrain
|upkeep
|turn|32
|
|t:|1664218223
|switch|p1a: Booker|Tapu Koko|100/100
|-fieldstart|move: Electric Terrain|[from] ability: Electric Surge|[of] p1a: Booker
|move|p2a: Grimmsnarl|Light Screen|p2a: Grimmsnarl
|-sidestart|p2: HaveniteRaven|move: Light Screen
|
|upkeep
|turn|33
|
|t:|1664218229
|switch|p1a: Sundowner|Ferrothorn, M, shiny|41/100 par
|move|p2a: Grimmsnarl|Sucker Punch||[still]
|-fail|p2a: Grimmsnarl
|
|-heal|p1a: Sundowner|47/100 par|[from] item: Leftovers
|upkeep
|turn|34
|
|t:|1664218236
|switch|p2a: Hawlucha|Hawlucha, M, shiny|100/100
|-damage|p2a: Hawlucha|88/100|[from] Stealth Rock
|switch|p1a: Booker|Tapu Koko|100/100
|
|upkeep
|turn|35
|
|t:|1664218243
|move|p1a: Booker|Thunderbolt|p2a: Hawlucha
|-supereffective|p2a: Hawlucha
|-crit|p2a: Hawlucha
|-damage|p2a: Hawlucha|0 fnt
|faint|p2a: Hawlucha
|
|upkeep
|-message|HaveniteRaven forfeited.
|
|win|Spectre Ace
|raw|Spectre Ace's rating: 1682 &rarr; <strong>1703</strong><br />(+21 for winning)
|raw|HaveniteRaven's rating: 1695 &rarr; <strong>1674</strong><br />(-21 for losing)
|l|☆HaveniteRaven
|l| The_Daddioo
||Ladder isn't responding, score probably updated but might not have (Request timeout).
