|j|☆bakaboure
|j|☆Elite4Donovan
|t:|1651186341
|gametype|singles
|player|p1|bakaboure|bellelba|1551
|player|p2|Elite4Donovan|lucas|1617
|teamsize|p1|6
|teamsize|p2|6
|gen|8
|tier|[Gen 8] OU
|rated|
|rule|Sleep Clause Mod: Limit one foe put to sleep
|rule|Species Clause: Limit one of each Pokémon
|rule|OHKO Clause: OHKO moves are banned
|rule|Evasion Moves Clause: Evasion moves are banned
|rule|Endless Battle Clause: Forcing endless battles is banned
|rule|HP Percentage Mod: HP is shown in percentages
|rule|Dynamax Clause: You cannot dynamax
|clearpoke
|poke|p1|Hatterene, F|
|poke|p1|Crawdaunt, M|
|poke|p1|Melmetal|
|poke|p1|Marowak-Alola, F|
|poke|p1|Cresselia, F|
|poke|p1|Porygon2|
|poke|p2|Boltund, M|
|poke|p2|Torkoal, F|
|poke|p2|Venusaur, F|
|poke|p2|Corviknight, F|
|poke|p2|Krookodile, M|
|poke|p2|Heatran, M|
|teampreview
|inactive|Battle timer is ON: inactive players will automatically lose when time's up. (requested by bakaboure)
|
|t:|1651186356
|start
|switch|p1a: Hatterene|Hatterene, F|100/100
|switch|p2a: Krookodile|Krookodile, M|100/100
|turn|1
|
|t:|1651186362
|move|p2a: Krookodile|Knock Off|p1a: Hatterene
|-damage|p1a: Hatterene|43/100
|-enditem|p1a: Hatterene|Focus Sash|[from] move: Knock Off|[of] p2a: Krookodile
|move|p1a: Hatterene|Trick Room|p1a: Hatterene
|-fieldstart|move: Trick Room|[of] p1a: Hatterene
|
|upkeep
|turn|2
|
|t:|1651186366
|switch|p2a: Corviknight|Corviknight, F|100/100
|-ability|p2a: Corviknight|Pressure
|move|p1a: Hatterene|Healing Wish|p1a: Hatterene
|faint|p1a: Hatterene
|
|upkeep
|
|t:|1651186372
|switch|p1a: Marowak|Marowak-Alola, F|100/100
|turn|3
|
|t:|1651186376
|move|p1a: Marowak|Swords Dance|p1a: Marowak
|-boost|p1a: Marowak|atk|2
|move|p2a: Corviknight|U-turn|p1a: Marowak
|-resisted|p1a: Marowak
|-crit|p1a: Marowak
|-damage|p1a: Marowak|95/100
|
|t:|1651186381
|switch|p2a: Torkoal|Torkoal, F|100/100|[from]move: U-turn
|-weather|SunnyDay|[from] ability: Drought|[of] p2a: Torkoal
|
|-weather|SunnyDay|[upkeep]
|upkeep
|turn|4
|
|t:|1651186386
|move|p2a: Torkoal|Clear Smog|p1a: Marowak
|-resisted|p1a: Marowak
|-damage|p1a: Marowak|88/100
|-clearboost|p1a: Marowak
|move|p1a: Marowak|Poltergeist|p2a: Torkoal|[miss]
|-miss|p1a: Marowak|p2a: Torkoal
|
|-weather|SunnyDay|[upkeep]
|upkeep
|turn|5
|
|t:|1651186396
|switch|p1a: Porygon2|Porygon2|100/100
|-ability|p1a: Porygon2|Drought|[from] ability: Trace|[of] p2a: Torkoal
|move|p2a: Torkoal|Stealth Rock|p1a: Porygon2
|-sidestart|p1: bakaboure|move: Stealth Rock
|
|-weather|SunnyDay|[upkeep]
|-fieldend|move: Trick Room
|upkeep
|turn|6
|
|t:|1651186406
|switch|p2a: Krookodile|Krookodile, M|100/100
|move|p1a: Porygon2|Teleport|p1a: Porygon2
|
|t:|1651186413
|switch|p1a: Melmetal|Melmetal|100/100|[from]move: Teleport
|-damage|p1a: Melmetal|94/100|[from] Stealth Rock
|
|-weather|SunnyDay|[upkeep]
|upkeep
|turn|7
|
|t:|1651186421
|switch|p2a: Torkoal|Torkoal, F|100/100
|move|p1a: Melmetal|Double Iron Bash|p2a: Torkoal
|-resisted|p2a: Torkoal
|-damage|p2a: Torkoal|82/100
|-resisted|p2a: Torkoal
|-damage|p2a: Torkoal|62/100
|-hitcount|p2a: Torkoal|2
|
|-weather|SunnyDay|[upkeep]
|upkeep
|turn|8
|
|t:|1651186430
|move|p2a: Torkoal|Body Press|p1a: Melmetal
|-supereffective|p1a: Melmetal
|-damage|p1a: Melmetal|60/100
|move|p1a: Melmetal|Double Iron Bash|p2a: Torkoal
|-resisted|p2a: Torkoal
|-damage|p2a: Torkoal|42/100
|-resisted|p2a: Torkoal
|-damage|p2a: Torkoal|24/100
|-hitcount|p2a: Torkoal|2
|
|-weather|SunnyDay|[upkeep]
|upkeep
|turn|9
|
|t:|1651186442
|switch|p2a: Corviknight|Corviknight, F|100/100
|-ability|p2a: Corviknight|Pressure
|switch|p1a: Porygon2|Porygon2|100/100
|-damage|p1a: Porygon2|88/100|[from] Stealth Rock
|-ability|p1a: Porygon2|Pressure|[from] ability: Trace|[of] p2a: Corviknight
|-ability|p1a: Porygon2|Pressure
|
|-weather|SunnyDay|[upkeep]
|upkeep
|turn|10
|
|t:|1651186453
|move|p2a: Corviknight|U-turn|p1a: Porygon2
|-damage|p1a: Porygon2|78/100
|
|t:|1651186454
|switch|p2a: Krookodile|Krookodile, M|100/100|[from]move: U-turn
|move|p1a: Porygon2|Trick Room|p1a: Porygon2
|-fieldstart|move: Trick Room|[of] p1a: Porygon2
|
|-weather|none
|upkeep
|turn|11
|
|t:|1651186459
|move|p2a: Krookodile|Knock Off|p1a: Porygon2
|-damage|p1a: Porygon2|45/100
|-enditem|p1a: Porygon2|Eviolite|[from] move: Knock Off|[of] p2a: Krookodile
|move|p1a: Porygon2|Teleport|p1a: Porygon2
|
|t:|1651186464
|switch|p1a: Crawdaunt|Crawdaunt, M|100/100|[from]move: Teleport
|-damage|p1a: Crawdaunt|88/100|[from] Stealth Rock
|
|upkeep
|turn|12
|
|t:|1651186480
|switch|p2a: Venusaur|Venusaur, F|100/100
|move|p1a: Crawdaunt|Swords Dance|p1a: Crawdaunt
|-boost|p1a: Crawdaunt|atk|2
|
|upkeep
|turn|13
|
|t:|1651186485
|move|p1a: Crawdaunt|Knock Off|p2a: Venusaur
|-damage|p2a: Venusaur|0 fnt
|-enditem|p2a: Venusaur|Life Orb|[from] move: Knock Off|[of] p1a: Crawdaunt
|faint|p2a: Venusaur
|-damage|p1a: Crawdaunt|78/100|[from] item: Life Orb
|
|upkeep
|
|t:|1651186487
|switch|p2a: Torkoal|Torkoal, F|24/100
|-weather|SunnyDay|[from] ability: Drought|[of] p2a: Torkoal
|turn|14
|
|t:|1651186512
|switch|p2a: Boltund|Boltund, M|100/100
|move|p1a: Crawdaunt|Knock Off|p2a: Boltund
|-damage|p2a: Boltund|0 fnt
|-enditem|p2a: Boltund|Life Orb|[from] move: Knock Off|[of] p1a: Crawdaunt
|faint|p2a: Boltund
|-damage|p1a: Crawdaunt|68/100|[from] item: Life Orb
|
|-weather|SunnyDay|[upkeep]
|-fieldend|move: Trick Room
|upkeep
|
|t:|1651186515
|switch|p2a: Heatran|Heatran, M|100/100
|-item|p2a: Heatran|Air Balloon
|turn|15
|
|t:|1651186524
|move|p1a: Crawdaunt|Aqua Jet|p2a: Heatran
|-supereffective|p2a: Heatran
|-damage|p2a: Heatran|31/100
|-enditem|p2a: Heatran|Air Balloon
|-damage|p1a: Crawdaunt|58/100|[from] item: Life Orb
|move|p2a: Heatran|Magma Storm|p1a: Crawdaunt
|-resisted|p1a: Crawdaunt
|-damage|p1a: Crawdaunt|0 fnt
|faint|p1a: Crawdaunt
|
|-weather|SunnyDay|[upkeep]
|upkeep
|
|t:|1651186537
|switch|p1a: Cresselia|Cresselia, F|100/100
|-damage|p1a: Cresselia|88/100|[from] Stealth Rock
|turn|16
|
|t:|1651186540
|move|p2a: Heatran|Magma Storm|p1a: Cresselia
|-damage|p1a: Cresselia|41/100
|-activate|p1a: Cresselia|move: Magma Storm|[of] p2a: Heatran
|move|p1a: Cresselia|Trick Room|p1a: Cresselia
|-fieldstart|move: Trick Room|[of] p1a: Cresselia
|
|-weather|SunnyDay|[upkeep]
|-damage|p1a: Cresselia|28/100|[from] move: Magma Storm|[partiallytrapped]
|upkeep
|turn|17
|
|t:|1651186547
|move|p1a: Cresselia|Lunar Dance|p1a: Cresselia
|faint|p1a: Cresselia
|move|p2a: Heatran|Magma Storm|p1: Cresselia|[notarget]
|-fail|p2a: Heatran
|
|-weather|SunnyDay|[upkeep]
|upkeep
|
|t:|1651186556
|switch|p1a: Marowak|Marowak-Alola, F|88/100
|-heal|p1a: Marowak|100/100|[from] move: Healing Wish
|-heal|p1a: Marowak|100/100|[from] move: Lunar Dance
|-damage|p1a: Marowak|75/100|[from] Stealth Rock
|turn|18
|
|t:|1651186564
|switch|p2a: Corviknight|Corviknight, F|100/100
|-ability|p2a: Corviknight|Pressure
|move|p1a: Marowak|Poltergeist|p2a: Corviknight
|-activate|p2a: Corviknight|move: Poltergeist|Leftovers
|-damage|p2a: Corviknight|42/100
|
|-weather|SunnyDay|[upkeep]
|-heal|p2a: Corviknight|48/100|[from] item: Leftovers
|upkeep
|turn|19
|
|t:|1651186578
|switch|p2a: Heatran|Heatran, M|31/100
|move|p1a: Marowak|Flare Blitz|p2a: Heatran
|-start|p2a: Heatran|ability: Flash Fire
|
|-weather|SunnyDay|[upkeep]
|upkeep
|turn|20
|
|t:|1651186584
|-end|p2a: Heatran|ability: Flash Fire|[silent]
|switch|p2a: Corviknight|Corviknight, F|48/100
|-ability|p2a: Corviknight|Pressure
|move|p1a: Marowak|Poltergeist|p2a: Corviknight
|-activate|p2a: Corviknight|move: Poltergeist|Leftovers
|-damage|p2a: Corviknight|0 fnt
|faint|p2a: Corviknight
|
|-weather|SunnyDay|[upkeep]
|-fieldend|move: Trick Room
|upkeep
|
|t:|1651186586
|switch|p2a: Krookodile|Krookodile, M|100/100
|turn|21
|
|t:|1651186596
|move|p2a: Krookodile|Earthquake|p1a: Marowak
|-supereffective|p1a: Marowak
|-damage|p1a: Marowak|0 fnt
|faint|p1a: Marowak
|-ability|p2a: Krookodile|Moxie|boost
|-boost|p2a: Krookodile|atk|1
|
|-weather|none
|upkeep
|
|t:|1651186602
|switch|p1a: Porygon2|Porygon2|45/100
|-damage|p1a: Porygon2|33/100|[from] Stealth Rock
|-ability|p1a: Porygon2|Moxie|[from] ability: Trace|[of] p2a: Krookodile
|turn|22
|
|t:|1651186607
|move|p2a: Krookodile|Earthquake|p1a: Porygon2
|-damage|p1a: Porygon2|0 fnt
|faint|p1a: Porygon2
|-ability|p2a: Krookodile|Moxie|boost
|-boost|p2a: Krookodile|atk|1
|
|upkeep
|-message|bakaboure forfeited.
|
|win|Elite4Donovan
|raw|bakaboure's rating: 1551 &rarr; <strong>1535</strong><br />(-16 for losing)
|raw|Elite4Donovan's rating: 1617 &rarr; <strong>1633</strong><br />(+16 for winning)
|l|☆bakaboure
||Ladder isn't responding, score probably updated but might not have (Request timeout).
