|j|☆lou dort
|j|☆El Hueco Mundo
|inactive|Battle timer is ON: inactive players will automatically lose when time's up.
|t:|1660700135
|gametype|singles
|player|p1|lou dort|nate|
|player|p2|El Hueco Mundo|266|
|teamsize|p1|6
|teamsize|p2|6
|gen|8
|tier|[Gen 8] OU
|rated|Tournament battle
|rule|Sleep Clause Mod: Limit one foe put to sleep
|rule|Species Clause: Limit one of each Pokémon
|rule|OHKO Clause: OHKO moves are banned
|rule|Evasion Items Clause: Evasion items are banned
|rule|Evasion Moves Clause: Evasion moves are banned
|rule|Endless Battle Clause: Forcing endless battles is banned
|rule|HP Percentage Mod: HP is shown in percentages
|rule|Dynamax Clause: You cannot dynamax
|clearpoke
|poke|p1|Chansey, F|
|poke|p1|Snorlax, F|
|poke|p1|Tauros, M|
|poke|p1|Mewtwo|
|poke|p1|Mew|
|poke|p1|Alakazam, F|
|poke|p2|Zapdos|
|poke|p2|Chansey, F|
|poke|p2|Tauros, M|
|poke|p2|Slowbro, M|
|poke|p2|Dugtrio, F|
|poke|p2|Mewtwo|
|teampreview
|inactive|lou dort also wants the timer to be on.
|c|☆El Hueco Mundo|glhf
|c|☆lou dort|u2
|j| Criminelly
|j|%htcl
|
|t:|1660700152
|start
|switch|p1a: Alakazam|Alakazam, F|100/100
|switch|p2a: Chansey|Chansey, F|100/100
|turn|1
|j|%Sww-Suwa
|
|t:|1660700172
|switch|p2a: Zapdos|Zapdos|100/100
|move|p1a: Alakazam|Teleport|p1a: Alakazam
|l|%Sww-Suwa
|
|t:|1660700180
|switch|p1a: Mewtwo|Mewtwo|100/100|[from]move: Teleport
|-ability|p1a: Mewtwo|Pressure
|
|upkeep
|turn|2
|c|☆El Hueco Mundo|suwa built different
|
|t:|1660700190
|switch|p2a: Chansey|Chansey, F|100/100
|move|p1a: Mewtwo|Ice Beam|p2a: Chansey
|-damage|p2a: Chansey|90/100
|
|upkeep
|turn|3
|
|t:|1660700200
|move|p1a: Mewtwo|Low Kick|p2a: Chansey
|-supereffective|p2a: Chansey
|-damage|p2a: Chansey|47/100
|move|p2a: Chansey|Toxic|p1a: Mewtwo|[miss]
|-miss|p2a: Chansey|p1a: Mewtwo
|
|upkeep
|turn|4
|c|☆El Hueco Mundo|fuck
|
|t:|1660700207
|move|p1a: Mewtwo|Low Kick|p2a: Chansey
|-supereffective|p2a: Chansey
|-damage|p2a: Chansey|0 fnt
|faint|p2a: Chansey
|
|upkeep
|c|☆El Hueco Mundo|wtf
|c|☆lou dort|THE ROLL
|c|☆El Hueco Mundo|BRO
|c|☆El Hueco Mundo|THIS IS SUCH BS WTF
|c|☆El Hueco Mundo|dumbass roll and a poison miss
|c|☆El Hueco Mundo|rigged
|c|☆lou dort|if its rigged u should forfeit rn
|inactive|El Hueco Mundo has 120 seconds left.
|c|%htcl|wait
|
|t:|1660700241
|switch|p2a: Mewtwo|Mewtwo|100/100
|-ability|p2a: Mewtwo|Pressure
|turn|5
|c|%htcl|how did that do so much
|c|☆El Hueco Mundo|yeah good idea
|c|%htcl|El Hueco Mundo are you eviolite
|c|☆lou dort|im not minus attack
|inactive|El Hueco Mundo has 120 seconds left.
|c|☆El Hueco Mundo|yeah
|j| TheNewBrends11
|c|%htcl|wtf
|c|%htcl|!dt chansey
|raw|<div class="message"><ul class="utilichart"><li class="result"><span class="col numcol">UU</span> <span class="col iconcol"><psicon pokemon="chansey"/></span> <span class="col pokemonnamecol" style="white-space:nowrap"><a href="https://dex.pokemonshowdown.com/pokemon/chansey" target="_blank">Chansey</a></span> <span class="col typecol"><img src="https://play.pokemonshowdown.com/sprites/types/Normal.png" alt="Normal" height="14" width="32"></span> <span style="float:left;min-height:26px"><span class="col twoabilitycol">Natural Cure<br />Serene Grace</span><span class="col abilitycol"><em>Healer</em></span></span><span style="float:left;min-height:26px"><span class="col statcol"><em>HP</em><br />250</span> <span class="col statcol"><em>Atk</em><br />5</span> <span class="col statcol"><em>Def</em><br />5</span> <span class="col statcol"><em>SpA</em><br />35</span> <span class="col statcol"><em>SpD</em><br />105</span> <span class="col statcol"><em>Spe</em><br />50</span> <span class="col bstcol"><em>BST<br />450</em></span> </span></li><li style="clear:both"></li></ul></div>
|raw|<font size="1"><font color="#686868">Dex#:</font> 113&nbsp;|&ThickSpace;<font color="#686868">Gen:</font> 1&nbsp;|&ThickSpace;<font color="#686868">Height:</font> 1.1 m&nbsp;|&ThickSpace;<font color="#686868">Weight:</font> 34.6 kg <em>(60 BP)</em>&nbsp;|&ThickSpace;<font color="#686868">Dex Colour:</font> Pink&nbsp;|&ThickSpace;<font color="#686868">Egg Group(s):</font> Fairy&nbsp;|&ThickSpace;<font color="#686868">Evolution:</font> Blissey (level-up with high Friendship)</font>

|c|%htcl|60 bp
|c|☆El Hueco Mundo|hes mixed prolly
|c|%htcl|hmmm
|c|%htcl|oh
|c|%htcl|maybe atk invest then ya
|j| PoobleMaster945
|c|☆El Hueco Mundo|which makes this mu very winnable actually
|c|☆El Hueco Mundo|cuz less spatk
|inactive|El Hueco Mundo has 90 seconds left.
|
|t:|1660700283
|switch|p1a: Mew|Mew|100/100
|move|p2a: Mewtwo|Fire Blast|p1a: Mew
|-damage|p1a: Mew|58/100
|
|-heal|p1a: Mew|64/100|[from] item: Leftovers
|upkeep
|turn|6
|c|%htcl|bc in h moment's battle
|c|%htcl|The opposing Mewtwo used Submission!
|c|%htcl|It's super effective!
|c|%htcl|(Chansey lost 21% of its health!)
|c|%htcl|shit bounces off
|inactive|El Hueco Mundo has 90 seconds left.
|c|☆El Hueco Mundo|yeah
|c|☆El Hueco Mundo|h moment is also lucky and bad
|c|☆lou dort|check if ur max spdef
|c|☆El Hueco Mundo|so thats prolly why
|c|☆El Hueco Mundo|no im max max physically
|
|t:|1660700322
|switch|p2a: Slowbro|Slowbro, M|100/100
|move|p1a: Mew|Leech Life|p2a: Slowbro
|-supereffective|p2a: Slowbro
|-damage|p2a: Slowbro|68/100
|-heal|p1a: Mew|83/100|[from] drain|[of] p2a: Slowbro
|
|-heal|p1a: Mew|89/100|[from] item: Leftovers
|-heal|p2a: Slowbro|74/100|[from] item: Leftovers
|upkeep
|turn|7
|j| Currently building
|j| ACharizardTrainer
|c|☆El Hueco Mundo|oh fuck
|j| The God of 1v1
|l| The God of 1v1
|
|t:|1660700335
|move|p1a: Mew|Swords Dance|p1a: Mew
|-boost|p1a: Mew|atk|2
|move|p2a: Slowbro|Teleport|p2a: Slowbro
|
|t:|1660700341
|switch|p2a: Dugtrio|Dugtrio, F|100/100|[from]move: Teleport
|
|-heal|p1a: Mew|95/100|[from] item: Leftovers
|upkeep
|turn|8
|
|t:|1660700348
|move|p2a: Dugtrio|Earthquake|p1a: Mew
|-damage|p1a: Mew|34/100
|move|p1a: Mew|Leech Life|p2a: Dugtrio
|-damage|p2a: Dugtrio|0 fnt
|-heal|p1a: Mew|65/100|[from] drain|[of] p2a: Dugtrio
|faint|p2a: Dugtrio
|
|-heal|p1a: Mew|71/100|[from] item: Leftovers
|upkeep
|c|%htcl|ayo
|inactive|El Hueco Mundo has 60 seconds left.
|
|t:|1660700371
|switch|p2a: Zapdos|Zapdos|100/100
|turn|9
|c|☆El Hueco Mundo|ok ima just
|c|☆El Hueco Mundo|sweep with tauros
|c|☆El Hueco Mundo|this is winnable
|
|t:|1660700401
|switch|p1a: Mewtwo|Mewtwo|100/100
|-ability|p1a: Mewtwo|Pressure
|move|p2a: Zapdos|Reflect|p2a: Zapdos
|-sidestart|p2: El Hueco Mundo|Reflect
|
|upkeep
|turn|10
|
|t:|1660700411
|move|p1a: Mewtwo|Ice Beam|p2a: Zapdos
|-supereffective|p2a: Zapdos
|-damage|p2a: Zapdos|51/100
|move|p2a: Zapdos|Light Screen|p2a: Zapdos
|-sidestart|p2: El Hueco Mundo|move: Light Screen
|
|upkeep
|turn|11
|
|t:|1660700420
|switch|p2a: Tauros|Tauros, M|100/100
|move|p1a: Mewtwo|Ice Beam|p2a: Tauros
|-damage|p2a: Tauros|70/100
|
|upkeep
|turn|12
|
|t:|1660700437
|move|p1a: Mewtwo|Psychic|p2a: Tauros
|-damage|p2a: Tauros|21/100
|move|p2a: Tauros|Body Slam|p1a: Mewtwo
|-damage|p1a: Mewtwo|33/100
|
|-heal|p1a: Mewtwo|39/100|[from] item: Leftovers
|upkeep
|turn|13
|c|☆lou dort|no sweep
|c|☆El Hueco Mundo|wtf
|c|☆lou dort|also are u light clay
|c|☆El Hueco Mundo|nah boots
|c|☆lou dort|WHY
|c|☆lou dort|THERES NO HAZARDS
|
|t:|1660700462
|switch|p2a: Slowbro|Slowbro, M|100/100
|move|p1a: Mewtwo|Thunderbolt|p2a: Slowbro
|-supereffective|p2a: Slowbro
|-damage|p2a: Slowbro|62/100
|
|-heal|p1a: Mewtwo|45/100|[from] item: Leftovers
|-heal|p2a: Slowbro|68/100|[from] item: Leftovers
|upkeep
|turn|14
|c| ACharizardTrainer|no rocks lmfao
|c|☆El Hueco Mundo|oh fr?
|c|☆El Hueco Mundo|no way
|
|t:|1660700471
|move|p1a: Mewtwo|Thunderbolt|p2a: Slowbro
|-supereffective|p2a: Slowbro
|-damage|p2a: Slowbro|29/100
|move|p2a: Slowbro|Thunder Wave|p1a: Mewtwo
|-status|p1a: Mewtwo|par
|
|-heal|p1a: Mewtwo|51/100 par|[from] item: Leftovers
|-heal|p2a: Slowbro|35/100|[from] item: Leftovers
|upkeep
|turn|15
|inactive|El Hueco Mundo has 60 seconds left.
|c|☆lou dort|i think i do lose to tauros
|c|☆lou dort|unless i win the tie
|c|☆El Hueco Mundo|see im very smart cuz im predicting the full para here
|
|t:|1660700500
|move|p1a: Mewtwo|Thunderbolt|p2a: Slowbro
|-supereffective|p2a: Slowbro
|-damage|p2a: Slowbro|0 fnt
|faint|p2a: Slowbro
|
|-heal|p1a: Mewtwo|58/100 par|[from] item: Leftovers
|upkeep
|c|☆El Hueco Mundo|very smart
|l| Currently building
|l| Criminelly
|
|t:|1660700512
|switch|p2a: Tauros|Tauros, M|21/100
|turn|16
|
|t:|1660700515
|move|p2a: Tauros|Body Slam|p1a: Mewtwo
|-damage|p1a: Mewtwo|0 fnt
|faint|p1a: Mewtwo
|
|-sideend|p2: El Hueco Mundo|Reflect
|upkeep
|
|t:|1660700520
|switch|p1a: Tauros|Tauros, M|100/100
|turn|17
|
|t:|1660700526
|switch|p2a: Zapdos|Zapdos|51/100
|move|p1a: Tauros|Body Slam|p2a: Zapdos
|-damage|p2a: Zapdos|0 fnt
|-status|p1a: Tauros|par|[from] ability: Static|[of] p2a: Zapdos
|faint|p2a: Zapdos
|
|-sideend|p2: El Hueco Mundo|move: Light Screen
|upkeep
|c|%htcl|static
|c|☆El Hueco Mundo|pls
|c|%htcl|oooo
|c|☆El Hueco Mundo|YES
|inactive|El Hueco Mundo has 60 seconds left.
|c|☆El Hueco Mundo|ok winnable
|
|t:|1660700553
|switch|p2a: Mewtwo|Mewtwo|100/100
|-ability|p2a: Mewtwo|Pressure
|turn|18
|c|☆lou dort|theres no heal bell or aromatherapy this gen right
|
|t:|1660700559
|switch|p2a: Tauros|Tauros, M|21/100
|move|p1a: Tauros|Double-Edge|p2a: Tauros
|-damage|p2a: Tauros|0 fnt
|faint|p2a: Tauros
|-damage|p1a: Tauros|94/100 par|[from] Recoil
|-damage|p1a: Tauros|84/100 par|[from] item: Life Orb
|
|upkeep
|c|☆El Hueco Mundo|nah
|c|☆lou dort|u are goofy
|c|☆El Hueco Mundo|wait wtf
|inactive|El Hueco Mundo has 60 seconds left.
|c|☆El Hueco Mundo|yes
|c|☆El Hueco Mundo|and now I lose
|c|☆El Hueco Mundo|why do u stay in there tho
|c|☆lou dort|u just sold the bag dawg
|
|t:|1660700574
|switch|p2a: Mewtwo|Mewtwo|100/100
|-ability|p2a: Mewtwo|Pressure
|turn|19
|c|☆lou dort|cuz u cant ohko me
|
|t:|1660700584
|move|p2a: Mewtwo|Psychic|p1a: Tauros
|-damage|p1a: Tauros|0 fnt
|faint|p1a: Tauros
|
|upkeep
|c|☆El Hueco Mundo|yes I can what
|c|☆lou dort|i was at max health
|
|t:|1660700598
|switch|p1a: Chansey|Chansey, F|100/100
|turn|20
|c|☆El Hueco Mundo|oh right
|c|☆El Hueco Mundo|but im gonna para so its ok
|
|t:|1660700610
|move|p2a: Mewtwo|Thunderbolt|p1a: Chansey
|-damage|p1a: Chansey|88/100
|move|p1a: Chansey|Thunder Wave|p2a: Mewtwo
|-status|p2a: Mewtwo|par
|
|upkeep
|turn|21
|
|t:|1660700616
|switch|p1a: Snorlax|Snorlax, F|100/100
|move|p2a: Mewtwo|Thunderbolt|p1a: Snorlax
|-damage|p1a: Snorlax|79/100
|
|upkeep
|turn|22
|
|t:|1660700624
|move|p2a: Mewtwo|Psychic|p1a: Snorlax
|-damage|p1a: Snorlax|50/100
|move|p1a: Snorlax|Body Slam|p2a: Mewtwo
|-damage|p2a: Mewtwo|56/100 par
|
|-heal|p2a: Mewtwo|63/100 par|[from] item: Leftovers
|upkeep
|turn|23
|
|t:|1660700630
|move|p2a: Mewtwo|Psychic|p1a: Snorlax
|-crit|p1a: Snorlax
|-damage|p1a: Snorlax|2/100
|move|p1a: Snorlax|Body Slam|p2a: Mewtwo
|-damage|p2a: Mewtwo|16/100 par
|
|-heal|p2a: Mewtwo|22/100 par|[from] item: Leftovers
|upkeep
|turn|24
|c|☆lou dort|para this turn
|
|t:|1660700637
|move|p2a: Mewtwo|Recover|p2a: Mewtwo
|-heal|p2a: Mewtwo|72/100 par
|move|p1a: Snorlax|Rest|p1a: Snorlax
|-status|p1a: Snorlax|slp|[from] move: Rest
|-heal|p1a: Snorlax|100/100 slp|[silent]
|-enditem|p1a: Snorlax|Chesto Berry|[eat]
|-curestatus|p1a: Snorlax|slp|[msg]
|
|-heal|p2a: Mewtwo|78/100 par|[from] item: Leftovers
|upkeep
|turn|25
|inactive|El Hueco Mundo has 90 seconds left.
|
|t:|1660700645
|move|p2a: Mewtwo|Psychic|p1a: Snorlax
|-damage|p1a: Snorlax|70/100
|move|p1a: Snorlax|Body Slam|p2a: Mewtwo
|-damage|p2a: Mewtwo|31/100 par
|
|-heal|p2a: Mewtwo|37/100 par|[from] item: Leftovers
|upkeep
|turn|26
|
|t:|1660700652
|move|p2a: Mewtwo|Recover|p2a: Mewtwo
|-heal|p2a: Mewtwo|87/100 par
|move|p1a: Snorlax|Body Slam|p2a: Mewtwo
|-crit|p2a: Mewtwo
|-damage|p2a: Mewtwo|18/100 par
|
|-heal|p2a: Mewtwo|24/100 par|[from] item: Leftovers
|upkeep
|turn|27
|
|t:|1660700655
|move|p2a: Mewtwo|Recover|p2a: Mewtwo
|-heal|p2a: Mewtwo|74/100 par
|move|p1a: Snorlax|Body Slam|p2a: Mewtwo
|-damage|p2a: Mewtwo|29/100 par
|
|-heal|p2a: Mewtwo|35/100 par|[from] item: Leftovers
|upkeep
|turn|28
|c|☆lou dort|mb
|c|☆El Hueco Mundo|yea it is ur bad
|c|☆El Hueco Mundo|still mad about that roll
|c|☆lou dort|ok
|
|t:|1660700673
|move|p2a: Mewtwo|Recover|p2a: Mewtwo
|-heal|p2a: Mewtwo|85/100 par
|move|p1a: Snorlax|Body Slam|p2a: Mewtwo
|-damage|p2a: Mewtwo|43/100 par
|
|-heal|p2a: Mewtwo|49/100 par|[from] item: Leftovers
|upkeep
|turn|29
|j|%h moment
|c|☆lou dort|but u havent been full para'd once
|
|t:|1660700687
|move|p2a: Mewtwo|Fire Blast|p1a: Snorlax
|-crit|p1a: Snorlax
|-damage|p1a: Snorlax|50/100
|-status|p1a: Snorlax|brn
|move|p1a: Snorlax|Body Slam|p2a: Mewtwo
|-damage|p2a: Mewtwo|27/100 par
|
|-heal|p2a: Mewtwo|33/100 par|[from] item: Leftovers
|-damage|p1a: Snorlax|44/100 brn|[from] brn
|upkeep
|turn|30
|c|☆El Hueco Mundo|cuz im better
|c|☆El Hueco Mundo|see
|
|t:|1660700697
|move|p2a: Mewtwo|Recover|p2a: Mewtwo
|-heal|p2a: Mewtwo|83/100 par
|move|p1a: Snorlax|Rest|p1a: Snorlax
|-status|p1a: Snorlax|slp|[from] move: Rest
|-heal|p1a: Snorlax|100/100 slp|[silent]
|
|-heal|p2a: Mewtwo|89/100 par|[from] item: Leftovers
|upkeep
|turn|31
|c|☆El Hueco Mundo|ok I just gotta
|c|☆El Hueco Mundo|spdef drop
|c|☆El Hueco Mundo|and not get parad
|
|t:|1660700710
|move|p2a: Mewtwo|Psychic|p1a: Snorlax
|-damage|p1a: Snorlax|71/100 slp
|cant|p1a: Snorlax|slp
|
|-heal|p2a: Mewtwo|96/100 par|[from] item: Leftovers
|upkeep
|turn|32
|
|t:|1660700716
|move|p2a: Mewtwo|Psychic|p1a: Snorlax
|-damage|p1a: Snorlax|39/100 slp
|cant|p1a: Snorlax|slp
|
|-heal|p2a: Mewtwo|100/100 par|[from] item: Leftovers
|upkeep
|turn|33
|c|%htcl|or just crit
|c|%htcl|here
|
|t:|1660700723
|cant|p2a: Mewtwo|par
|-curestatus|p1a: Snorlax|slp|[msg]
|move|p1a: Snorlax|Body Slam|p2a: Mewtwo
|-damage|p2a: Mewtwo|53/100 par
|
|-heal|p2a: Mewtwo|59/100 par|[from] item: Leftovers
|upkeep
|turn|34
|
|t:|1660700725
|cant|p2a: Mewtwo|par
|move|p1a: Snorlax|Body Slam|p2a: Mewtwo
|-damage|p2a: Mewtwo|12/100 par
|
|-heal|p2a: Mewtwo|18/100 par|[from] item: Leftovers
|upkeep
|turn|35
|j| Pansears
|c|☆El Hueco Mundo|bro
|c|%htcl|oof
|
|t:|1660700731
|switch|p1a: Mew|Mew|71/100
|move|p2a: Mewtwo|Recover|p2a: Mewtwo
|-heal|p2a: Mewtwo|68/100 par
|
|-heal|p1a: Mew|77/100|[from] item: Leftovers
|-heal|p2a: Mewtwo|74/100 par|[from] item: Leftovers
|upkeep
|turn|36
|c|☆El Hueco Mundo|oh nah ok
|c|☆lou dort|gg
|c|☆El Hueco Mundo|nah winnable
|inactive|El Hueco Mundo has 120 seconds left.
|
|t:|1660700747
|move|p1a: Mew|Swords Dance|p1a: Mew
|-boost|p1a: Mew|atk|2
|cant|p2a: Mewtwo|par
|
|-heal|p1a: Mew|83/100|[from] item: Leftovers
|-heal|p2a: Mewtwo|80/100 par|[from] item: Leftovers
|upkeep
|turn|37
|c|☆lou dort|u have to get fire blast burn
|c|☆El Hueco Mundo|see
|c|%htcl|oof
|c|☆lou dort|but u didnt
|inactive|El Hueco Mundo has 120 seconds left.
|
|t:|1660700758
|move|p1a: Mew|Leech Life|p2a: Mewtwo
|-supereffective|p2a: Mewtwo
|-damage|p2a: Mewtwo|0 fnt
|-heal|p1a: Mew|100/100|[from] drain|[of] p2a: Mewtwo
|faint|p2a: Mewtwo
|
|win|lou dort
|n|☆lou dort|loudort
|n|☆El Hueco Mundo|elhuecomundo
|n| htcl|htcl
|n| TheNewBrends11|thenewbrends11
|n| PoobleMaster945|pooblemaster945
|n| ACharizardTrainer|acharizardtrainer
|n| h moment|hmoment
|n| Pansears|pansears
|c| htcl|maybe its time to run
|c| htcl|shadow ball
|c|☆El Hueco Mundo|I was gonna para
|c|☆El Hueco Mundo|actually
|c| htcl|on mewtwo
|l| Pansears
|c|☆El Hueco Mundo|yeah
|c|☆lou dort|shadow ball is in gen 2
|c|☆El Hueco Mundo|I should've don that
|c| htcl|oh
|c|☆lou dort|!dt1 shadow ball
|error|No Pokémon, item, move, ability or nature named 'shadow ball' was found in Gen 1. (Check your spelling?)
|c| htcl|wtf
|l|☆lou dort
|c| htcl|nvm im tripping
|c|☆El Hueco Mundo|I shouldve run night shade
|l|☆El Hueco Mundo
|c| htcl|lmfaoo
|l| htcl
|l| ACharizardTrainer
