|html|<div class="broadcast-blue"><strong>[Gen 8] OU is currently suspecting Kyurem! For information on how to participate check out the <a href="https://www.smogon.com/forums/threads/np-ss-ou-suspect-process-round-11-break-the-ice.3694129/">suspect thread</a>.</strong></div>
|j|☆Tspikesbetter
|j|☆TheonReekGreyjoy
|t:|1638661620
|gametype|singles
|player|p1|Tspikesbetter|eusine|1490
|player|p2|TheonReekGreyjoy|1|1632
|teamsize|p1|6
|teamsize|p2|6
|gen|8
|tier|[Gen 8] OU
|rated|
|rule|Sleep Clause Mod: Limit one foe put to sleep
|rule|Species Clause: Limit one of each Pokémon
|rule|OHKO Clause: OHKO moves are banned
|rule|Evasion Moves Clause: Evasion moves are banned
|rule|Endless Battle Clause: Forcing endless battles is banned
|rule|HP Percentage Mod: HP is shown in percentages
|rule|Dynamax Clause: You cannot dynamax
|clearpoke
|poke|p1|Garchomp, M|
|poke|p1|Clefable, F|
|poke|p1|Rotom-Wash|
|poke|p1|Corviknight, M|
|poke|p1|Volcarona, M|
|poke|p1|Tyranitar, M|
|poke|p2|Heatran, M|
|poke|p2|Tapu Bulu|
|poke|p2|Kyurem|
|poke|p2|Torkoal, F|
|poke|p2|Landorus-Therian, M|
|poke|p2|Victini|
|teampreview
|
|t:|1638661633
|start
|switch|p1a: Rotom|Rotom-Wash|100/100
|switch|p2a: Kyurem|Kyurem|100/100
|-ability|p2a: Kyurem|Pressure
|turn|1
|
|t:|1638661644
|switch|p1a: Clefable|Clefable, F|100/100
|move|p2a: Kyurem|Freeze-Dry|p1a: Clefable
|-damage|p1a: Clefable|75/100
|
|-heal|p1a: Clefable|81/100|[from] item: Leftovers
|upkeep
|turn|2
|
|t:|1638661664
|switch|p2a: Heatran|Heatran, M|100/100
|move|p1a: Clefable|Moonblast|p2a: Heatran
|-resisted|p2a: Heatran
|-damage|p2a: Heatran|92/100
|
|-heal|p1a: Clefable|87/100|[from] item: Leftovers
|upkeep
|turn|3
|inactive|Battle timer is ON: inactive players will automatically lose when time's up. (requested by TheonReekGreyjoy)
|
|t:|1638661681
|move|p2a: Heatran|Eruption|p1a: Clefable
|-damage|p1a: Clefable|16/100
|move|p1a: Clefable|Wish|p1a: Clefable
|
|-heal|p1a: Clefable|22/100|[from] item: Leftovers
|upkeep
|turn|4
|
|t:|1638661690
|switch|p1a: Rotom|Rotom-Wash|100/100
|move|p2a: Heatran|Eruption|p1a: Rotom
|-resisted|p1a: Rotom
|-damage|p1a: Rotom|29/100
|
|-heal|p1a: Rotom|100/100|[from] move: Wish|[wisher] Clefable
|upkeep
|turn|5
|
|t:|1638661715
|switch|p2a: Landorus|Landorus-Therian, M|100/100
|-ability|p2a: Landorus|Intimidate|boost
|-unboost|p1a: Rotom|atk|1
|move|p1a: Rotom|Hydro Pump|p2a: Landorus
|-supereffective|p2a: Landorus
|-damage|p2a: Landorus|17/100
|
|-heal|p2a: Landorus|23/100|[from] item: Leftovers
|upkeep
|turn|6
|
|t:|1638661723
|switch|p2a: Kyurem|Kyurem|100/100
|-ability|p2a: Kyurem|Pressure
|move|p1a: Rotom|Hydro Pump|p2a: Kyurem|[miss]
|-miss|p1a: Rotom|p2a: Kyurem
|
|upkeep
|turn|7
|
|t:|1638661732
|switch|p1a: Tyranitar|Tyranitar, M|100/100
|-weather|Sandstorm|[from] ability: Sand Stream|[of] p1a: Tyranitar
|move|p2a: Kyurem|Freeze-Dry|p1a: Tyranitar
|-damage|p1a: Tyranitar|85/100
|
|-weather|Sandstorm|[upkeep]
|-damage|p2a: Kyurem|94/100|[from] Sandstorm
|-heal|p1a: Tyranitar|91/100|[from] item: Leftovers
|upkeep
|turn|8
|
|t:|1638661746
|switch|p2a: Tapu Bulu|Tapu Bulu|100/100
|-fieldstart|move: Grassy Terrain|[from] ability: Grassy Surge|[of] p2a: Tapu Bulu
|move|p1a: Tyranitar|Stealth Rock|p2a: Tapu Bulu
|-sidestart|p2: TheonReekGreyjoy|move: Stealth Rock
|
|-weather|Sandstorm|[upkeep]
|-damage|p2a: Tapu Bulu|94/100|[from] Sandstorm
|-heal|p2a: Tapu Bulu|100/100|[from] Grassy Terrain
|-heal|p1a: Tyranitar|97/100|[from] Grassy Terrain
|-heal|p1a: Tyranitar|100/100|[from] item: Leftovers
|upkeep
|turn|9
|
|t:|1638661755
|switch|p2a: Landorus|Landorus-Therian, M|23/100
|-damage|p2a: Landorus|10/100|[from] Stealth Rock
|-ability|p2a: Landorus|Intimidate|boost
|-unboost|p1a: Tyranitar|atk|1
|switch|p1a: Volcarona|Volcarona, M|100/100
|
|-weather|Sandstorm|[upkeep]
|-damage|p1a: Volcarona|94/100|[from] Sandstorm
|-heal|p1a: Volcarona|100/100|[from] Grassy Terrain
|-heal|p2a: Landorus|16/100|[from] item: Leftovers
|upkeep
|turn|10
|
|t:|1638661765
|switch|p2a: Heatran|Heatran, M|92/100
|-damage|p2a: Heatran|80/100|[from] Stealth Rock
|move|p1a: Volcarona|Giga Drain|p2a: Heatran
|-resisted|p2a: Heatran
|-damage|p2a: Heatran|72/100
|
|-weather|Sandstorm|[upkeep]
|-damage|p1a: Volcarona|94/100|[from] Sandstorm
|-heal|p1a: Volcarona|100/100|[from] Grassy Terrain
|-heal|p2a: Heatran|78/100|[from] Grassy Terrain
|upkeep
|turn|11
|
|t:|1638661778
|switch|p1a: Tyranitar|Tyranitar, M|100/100
|move|p2a: Heatran|Eruption|p1a: Tyranitar
|-resisted|p1a: Tyranitar
|-damage|p1a: Tyranitar|81/100
|
|-weather|none
|-heal|p2a: Heatran|84/100|[from] Grassy Terrain
|-heal|p1a: Tyranitar|87/100|[from] Grassy Terrain
|-heal|p1a: Tyranitar|94/100|[from] item: Leftovers
|upkeep
|turn|12
|
|t:|1638661794
|switch|p2a: Tapu Bulu|Tapu Bulu|100/100
|-damage|p2a: Tapu Bulu|88/100|[from] Stealth Rock
|switch|p1a: Rotom|Rotom-Wash|100/100
|
|-heal|p2a: Tapu Bulu|94/100|[from] Grassy Terrain
|-heal|p2a: Tapu Bulu|100/100|[from] item: Leftovers
|-fieldend|move: Grassy Terrain
|upkeep
|turn|13
|
|t:|1638661802
|switch|p1a: Corviknight|Corviknight, M|100/100
|switch|p2a: Kyurem|Kyurem|94/100
|-ability|p2a: Kyurem|Pressure
|
|upkeep
|turn|14
|
|t:|1638661812
|move|p2a: Kyurem|Freeze-Dry|p1a: Corviknight
|-damage|p1a: Corviknight|63/100
|-status|p1a: Corviknight|frz
|cant|p1a: Corviknight|frz
|
|upkeep
|turn|15
|c|☆Tspikesbetter|R u joking
|
|t:|1638661838
|move|p2a: Kyurem|Freeze-Dry|p1a: Corviknight
|-damage|p1a: Corviknight|26/100 frz
|cant|p1a: Corviknight|frz
|
|upkeep
|turn|16
|
|t:|1638661842
|switch|p1a: Volcarona|Volcarona, M|100/100
|move|p2a: Kyurem|Freeze-Dry|p1a: Volcarona
|-resisted|p1a: Volcarona
|-damage|p1a: Volcarona|79/100
|
|upkeep
|turn|17
|
|t:|1638661862
|switch|p2a: Heatran|Heatran, M|84/100
|-damage|p2a: Heatran|72/100|[from] Stealth Rock
|move|p1a: Volcarona|Quiver Dance|p1a: Volcarona
|-boost|p1a: Volcarona|spa|1
|-boost|p1a: Volcarona|spd|1
|-boost|p1a: Volcarona|spe|1
|
|upkeep
|turn|18
|
|t:|1638661892
|move|p1a: Volcarona|Psychic|p2a: Heatran
|-resisted|p2a: Heatran
|-damage|p2a: Heatran|49/100
|move|p2a: Heatran|Flamethrower|p1a: Volcarona
|-damage|p1a: Volcarona|27/100
|
|upkeep
|turn|19
|
|t:|1638661903
|switch|p1a: Tyranitar|Tyranitar, M|94/100
|-weather|Sandstorm|[from] ability: Sand Stream|[of] p1a: Tyranitar
|move|p2a: Heatran|Flamethrower|p1a: Tyranitar
|-resisted|p1a: Tyranitar
|-damage|p1a: Tyranitar|77/100
|
|-weather|Sandstorm|[upkeep]
|-heal|p1a: Tyranitar|83/100|[from] item: Leftovers
|upkeep
|turn|20
|
|t:|1638661916
|switch|p2a: Tapu Bulu|Tapu Bulu|100/100
|-damage|p2a: Tapu Bulu|88/100|[from] Stealth Rock
|-fieldstart|move: Grassy Terrain|[from] ability: Grassy Surge|[of] p2a: Tapu Bulu
|move|p1a: Tyranitar|Toxic|p2a: Tapu Bulu
|-status|p2a: Tapu Bulu|tox
|
|-weather|Sandstorm|[upkeep]
|-damage|p2a: Tapu Bulu|82/100 tox|[from] Sandstorm
|-heal|p2a: Tapu Bulu|88/100 tox|[from] Grassy Terrain
|-heal|p2a: Tapu Bulu|94/100 tox|[from] item: Leftovers
|-heal|p1a: Tyranitar|90/100|[from] Grassy Terrain
|-heal|p1a: Tyranitar|96/100|[from] item: Leftovers
|-damage|p2a: Tapu Bulu|88/100 tox|[from] psn
|upkeep
|turn|21
|
|t:|1638661927
|switch|p2a: Torkoal|Torkoal, F|100/100
|-damage|p2a: Torkoal|76/100|[from] Stealth Rock
|-weather|SunnyDay|[from] ability: Drought|[of] p2a: Torkoal
|switch|p1a: Volcarona|Volcarona, M|27/100
|
|-weather|SunnyDay|[upkeep]
|-heal|p1a: Volcarona|33/100|[from] Grassy Terrain
|-heal|p2a: Torkoal|82/100|[from] Grassy Terrain
|upkeep
|turn|22
|
|t:|1638661931
|switch|p1a: Tyranitar|Tyranitar, M|96/100
|-weather|Sandstorm|[from] ability: Sand Stream|[of] p1a: Tyranitar
|move|p2a: Torkoal|Rapid Spin|p1a: Tyranitar
|-resisted|p1a: Tyranitar
|-damage|p1a: Tyranitar|93/100
|-boost|p2a: Torkoal|spe|1
|-sideend|p2: TheonReekGreyjoy|Stealth Rock|[from] move: Rapid Spin|[of] p2a: Torkoal
|
|-weather|Sandstorm|[upkeep]
|-damage|p2a: Torkoal|76/100|[from] Sandstorm
|-heal|p1a: Tyranitar|99/100|[from] Grassy Terrain
|-heal|p1a: Tyranitar|100/100|[from] item: Leftovers
|-heal|p2a: Torkoal|82/100|[from] Grassy Terrain
|upkeep
|turn|23
|
|t:|1638661940
|move|p1a: Tyranitar|Stealth Rock|p2a: Torkoal
|-sidestart|p2: TheonReekGreyjoy|move: Stealth Rock
|move|p2a: Torkoal|Body Press|p1a: Tyranitar
|-supereffective|p1a: Tyranitar
|-damage|p1a: Tyranitar|5/100
|
|-weather|Sandstorm|[upkeep]
|-damage|p2a: Torkoal|76/100|[from] Sandstorm
|-heal|p1a: Tyranitar|12/100|[from] Grassy Terrain
|-heal|p1a: Tyranitar|18/100|[from] item: Leftovers
|-heal|p2a: Torkoal|82/100|[from] Grassy Terrain
|upkeep
|turn|24
|
|t:|1638661947
|switch|p1a: Clefable|Clefable, F|22/100
|move|p2a: Torkoal|Rapid Spin|p1a: Clefable
|-damage|p1a: Clefable|12/100
|-boost|p2a: Torkoal|spe|1
|-sideend|p2: TheonReekGreyjoy|Stealth Rock|[from] move: Rapid Spin|[of] p2a: Torkoal
|
|-weather|Sandstorm|[upkeep]
|-damage|p2a: Torkoal|76/100|[from] Sandstorm
|-heal|p1a: Clefable|18/100|[from] Grassy Terrain
|-heal|p1a: Clefable|24/100|[from] item: Leftovers
|-heal|p2a: Torkoal|82/100|[from] Grassy Terrain
|-fieldend|move: Grassy Terrain
|upkeep
|turn|25
|
|t:|1638661963
|switch|p1a: Rotom|Rotom-Wash|100/100
|move|p2a: Torkoal|Stealth Rock|p1a: Rotom
|-sidestart|p1: Tspikesbetter|move: Stealth Rock
|
|-weather|Sandstorm|[upkeep]
|-damage|p1a: Rotom|94/100|[from] Sandstorm
|-damage|p2a: Torkoal|76/100|[from] Sandstorm
|upkeep
|turn|26
|
|t:|1638661971
|switch|p2a: Tapu Bulu|Tapu Bulu|88/100 tox
|-fieldstart|move: Grassy Terrain|[from] ability: Grassy Surge|[of] p2a: Tapu Bulu
|move|p1a: Rotom|Hydro Pump|p2a: Tapu Bulu
|-resisted|p2a: Tapu Bulu
|-crit|p2a: Tapu Bulu
|-damage|p2a: Tapu Bulu|54/100 tox
|
|-weather|none
|-heal|p2a: Tapu Bulu|60/100 tox|[from] Grassy Terrain
|-heal|p2a: Tapu Bulu|66/100 tox|[from] item: Leftovers
|-damage|p2a: Tapu Bulu|60/100 tox|[from] psn
|upkeep
|turn|27
|
|t:|1638661994
|switch|p1a: Volcarona|Volcarona, M|33/100
|move|p2a: Tapu Bulu|Horn Leech|p1a: Volcarona
|-resisted|p1a: Volcarona
|-damage|p1a: Volcarona|11/100
|-heal|p2a: Tapu Bulu|70/100 tox|[from] drain|[of] p1a: Volcarona
|
|-heal|p1a: Volcarona|17/100|[from] Grassy Terrain
|-heal|p2a: Tapu Bulu|77/100 tox|[from] Grassy Terrain
|-heal|p2a: Tapu Bulu|83/100 tox|[from] item: Leftovers
|-damage|p2a: Tapu Bulu|70/100 tox|[from] psn
|upkeep
|turn|28
|
|t:|1638662003
|switch|p2a: Heatran|Heatran, M|49/100
|move|p1a: Volcarona|Psychic|p2a: Heatran
|-resisted|p2a: Heatran
|-damage|p2a: Heatran|31/100
|
|-heal|p1a: Volcarona|23/100|[from] Grassy Terrain
|-heal|p2a: Heatran|38/100|[from] Grassy Terrain
|upkeep
|turn|29
|
|t:|1638662024
|switch|p1a: Rotom|Rotom-Wash|94/100
|-damage|p1a: Rotom|82/100|[from] Stealth Rock
|move|p2a: Heatran|Flamethrower|p1a: Rotom
|-resisted|p1a: Rotom
|-damage|p1a: Rotom|32/100
|
|-heal|p2a: Heatran|44/100|[from] Grassy Terrain
|upkeep
|turn|30
|
|t:|1638662039
|switch|p2a: Kyurem|Kyurem|94/100
|-ability|p2a: Kyurem|Pressure
|move|p1a: Rotom|Hydro Pump|p2a: Kyurem|[miss]
|-miss|p1a: Rotom|p2a: Kyurem
|
|-heal|p2a: Kyurem|100/100|[from] Grassy Terrain
|-fieldend|move: Grassy Terrain
|upkeep
|turn|31
|
|t:|1638662052
|switch|p1a: Volcarona|Volcarona, M|23/100
|move|p2a: Kyurem|Freeze-Dry|p1a: Volcarona
|-resisted|p1a: Volcarona
|-damage|p1a: Volcarona|2/100
|
|upkeep
|turn|32
|
|t:|1638662060
|move|p1a: Volcarona|Flamethrower|p2a: Kyurem
|-crit|p2a: Kyurem
|-damage|p2a: Kyurem|35/100
|-status|p2a: Kyurem|brn
|move|p2a: Kyurem|Freeze-Dry|p1a: Volcarona
|-resisted|p1a: Volcarona
|-damage|p1a: Volcarona|0 fnt
|faint|p1a: Volcarona
|
|-damage|p2a: Kyurem|29/100 brn|[from] brn
|upkeep
|
|t:|1638662073
|switch|p1a: Tyranitar|Tyranitar, M|18/100
|-damage|p1a: Tyranitar|5/100|[from] Stealth Rock
|-weather|Sandstorm|[from] ability: Sand Stream|[of] p1a: Tyranitar
|turn|33
|
|t:|1638662082
|move|p2a: Kyurem|Roost|p2a: Kyurem
|-heal|p2a: Kyurem|79/100 brn
|-singleturn|p2a: Kyurem|move: Roost
|move|p1a: Tyranitar|Stealth Rock|p2a: Kyurem
|-sidestart|p2: TheonReekGreyjoy|move: Stealth Rock
|
|-weather|Sandstorm|[upkeep]
|-damage|p2a: Kyurem|73/100 brn|[from] Sandstorm
|-heal|p1a: Tyranitar|12/100|[from] item: Leftovers
|-damage|p2a: Kyurem|67/100 brn|[from] brn
|upkeep
|turn|34
|j| cxcvbxgcvcbc
|inactive|Tspikesbetter has 120 seconds left.
|
|t:|1638662115
|move|p2a: Kyurem|Freeze-Dry|p1a: Tyranitar
|-damage|p1a: Tyranitar|0 fnt
|faint|p1a: Tyranitar
|
|-weather|Sandstorm|[upkeep]
|-damage|p2a: Kyurem|61/100 brn|[from] Sandstorm
|-damage|p2a: Kyurem|55/100 brn|[from] brn
|upkeep
|inactive|Tspikesbetter has 120 seconds left.
|
|t:|1638662122
|switch|p1a: Garchomp|Garchomp, M|100/100
|-damage|p1a: Garchomp|94/100|[from] Stealth Rock
|turn|35
|
|t:|1638662126
|move|p1a: Garchomp|Iron Head|p2a: Kyurem
|-supereffective|p2a: Kyurem
|-damage|p2a: Kyurem|0 fnt
|faint|p2a: Kyurem
|
|-weather|Sandstorm|[upkeep]
|upkeep
|
|t:|1638662133
|switch|p2a: Torkoal|Torkoal, F|76/100
|-damage|p2a: Torkoal|51/100|[from] Stealth Rock
|-weather|SunnyDay|[from] ability: Drought|[of] p2a: Torkoal
|turn|36
|
|t:|1638662139
|switch|p1a: Corviknight|Corviknight, M|26/100 frz
|-damage|p1a: Corviknight|13/100 frz|[from] Stealth Rock
|move|p2a: Torkoal|Rapid Spin|p1a: Corviknight
|-resisted|p1a: Corviknight
|-damage|p1a: Corviknight|11/100 frz
|-boost|p2a: Torkoal|spe|1
|-damage|p2a: Torkoal|34/100|[from] item: Rocky Helmet|[of] p1a: Corviknight
|-sideend|p2: TheonReekGreyjoy|Stealth Rock|[from] move: Rapid Spin|[of] p2a: Torkoal
|
|-weather|SunnyDay|[upkeep]
|upkeep
|turn|37
|
|t:|1638662147
|cant|p1a: Corviknight|frz
|move|p2a: Torkoal|Body Press|p1a: Corviknight
|-damage|p1a: Corviknight|0 fnt
|-damage|p2a: Torkoal|18/100|[from] item: Rocky Helmet|[of] p1a: Corviknight
|faint|p1a: Corviknight
|
|-weather|SunnyDay|[upkeep]
|upkeep
|
|t:|1638662176
|switch|p1a: Garchomp|Garchomp, M|94/100
|-damage|p1a: Garchomp|88/100|[from] Stealth Rock
|turn|38
|
|t:|1638662181
|switch|p2a: Landorus|Landorus-Therian, M|16/100
|-ability|p2a: Landorus|Intimidate|boost
|-unboost|p1a: Garchomp|atk|1
|move|p1a: Garchomp|Scale Shot|p2a: Landorus
|-damage|p2a: Landorus|6/100
|-damage|p2a: Landorus|0 fnt
|faint|p2a: Landorus
|-hitcount|p2: Landorus|2
|-unboost|p1a: Garchomp|def|1
|-boost|p1a: Garchomp|spe|1
|
|-weather|SunnyDay|[upkeep]
|upkeep
|
|t:|1638662195
|switch|p2a: Tapu Bulu|Tapu Bulu|70/100 tox
|-fieldstart|move: Grassy Terrain|[from] ability: Grassy Surge|[of] p2a: Tapu Bulu
|turn|39
|
|t:|1638662201
|switch|p1a: Clefable|Clefable, F|24/100
|move|p2a: Tapu Bulu|Swords Dance|p2a: Tapu Bulu
|-boost|p2a: Tapu Bulu|atk|2
|
|-weather|SunnyDay|[upkeep]
|-heal|p2a: Tapu Bulu|77/100 tox|[from] Grassy Terrain
|-heal|p2a: Tapu Bulu|83/100 tox|[from] item: Leftovers
|-heal|p1a: Clefable|30/100|[from] Grassy Terrain
|-heal|p1a: Clefable|36/100|[from] item: Leftovers
|-damage|p2a: Tapu Bulu|77/100 tox|[from] psn
|upkeep
|turn|40
|
|t:|1638662208
|move|p2a: Tapu Bulu|Horn Leech|p1a: Clefable
|-damage|p1a: Clefable|0 fnt
|-heal|p2a: Tapu Bulu|97/100 tox|[from] drain|[of] p1a: Clefable
|faint|p1a: Clefable
|
|-weather|SunnyDay|[upkeep]
|-heal|p2a: Tapu Bulu|100/100 tox|[from] Grassy Terrain
|-damage|p2a: Tapu Bulu|88/100 tox|[from] psn
|upkeep
|
|t:|1638662215
|switch|p1a: Garchomp|Garchomp, M|88/100
|-damage|p1a: Garchomp|82/100|[from] Stealth Rock
|turn|41
|c|☆Tspikesbetter|!weak grass
|c| Tspikesbetter|/raw <div class="infobox">Grass:<br /><span class="message-effect-weak">Weaknesses</span>: Bug, Fire, Flying, Ice, Poison<br /><span class="message-effect-resist">Resistances</span>: Electric, Grass, Ground, Water<br /><span class="message-effect-immune">Immunities</span>: Powder moves</div>
|
|t:|1638662230
|move|p1a: Garchomp|Fire Fang|p2a: Tapu Bulu
|-supereffective|p2a: Tapu Bulu
|-damage|p2a: Tapu Bulu|0 fnt
|faint|p2a: Tapu Bulu
|
|-weather|SunnyDay|[upkeep]
|-heal|p1a: Garchomp|88/100|[from] Grassy Terrain
|upkeep
|inactive|TheonReekGreyjoy has 120 seconds left.
|
|t:|1638662276
|switch|p2a: Torkoal|Torkoal, F|18/100
|turn|42
|
|t:|1638662283
|switch|p1a: Rotom|Rotom-Wash|32/100
|-damage|p1a: Rotom|19/100|[from] Stealth Rock
|move|p2a: Torkoal|Body Press|p1a: Rotom
|-damage|p1a: Rotom|0 fnt
|faint|p1a: Rotom
|
|-weather|SunnyDay|[upkeep]
|-heal|p2a: Torkoal|24/100|[from] Grassy Terrain
|upkeep
|
|t:|1638662290
|switch|p1a: Garchomp|Garchomp, M|88/100
|-damage|p1a: Garchomp|82/100|[from] Stealth Rock
|turn|43
|
|t:|1638662292
|move|p1a: Garchomp|Earthquake|p2a: Torkoal
|-supereffective|p2a: Torkoal
|-crit|p2a: Torkoal
|-damage|p2a: Torkoal|0 fnt
|faint|p2a: Torkoal
|
|-weather|none
|-heal|p1a: Garchomp|88/100|[from] Grassy Terrain
|-fieldend|move: Grassy Terrain
|upkeep
|
|t:|1638662297
|switch|p2a: Victini|Victini|100/100
|turn|44
|c|☆Tspikesbetter|Plz no choice scarf galiciate
|
|t:|1638662320
|move|p2a: Victini|U-turn|p1a: Garchomp
|-damage|p1a: Garchomp|69/100
|-damage|p2a: Victini|88/100|[from] ability: Rough Skin|[of] p1a: Garchomp
|
|t:|1638662324
|switch|p2a: Heatran|Heatran, M|44/100|[from]move: U-turn
|move|p1a: Garchomp|Earthquake|p2a: Heatran
|-supereffective|p2a: Heatran
|-damage|p2a: Heatran|0 fnt
|faint|p2a: Heatran
|
|upkeep
|
|t:|1638662326
|switch|p2a: Victini|Victini|88/100
|turn|45
|
|t:|1638662332
|move|p2a: Victini|V-create|p1a: Garchomp
|-resisted|p1a: Garchomp
|-damage|p1a: Garchomp|28/100
|-unboost|p2a: Victini|spe|1
|-unboost|p2a: Victini|def|1
|-unboost|p2a: Victini|spd|1
|-damage|p2a: Victini|76/100|[from] ability: Rough Skin|[of] p1a: Garchomp
|move|p1a: Garchomp|Earthquake|p2a: Victini
|-supereffective|p2a: Victini
|-damage|p2a: Victini|0 fnt
|faint|p2a: Victini
|
|win|Tspikesbetter
|raw|Tspikesbetter's rating: 1490 &rarr; <strong>1518</strong><br />(+28 for winning)
|raw|TheonReekGreyjoy's rating: 1632 &rarr; <strong>1604</strong><br />(-28 for losing)
|l|☆TheonReekGreyjoy
|c|☆Tspikesbetter|Gg
||Ladder isn't responding, score probably updated but might not have (Request timeout).
