|j|☆price1111
|j|☆4funaccount
|player|p1|price1111|1|1638
|player|p2|4funaccount|hilda-dueldisk|1814
|teamsize|p1|6
|teamsize|p2|6
|gametype|singles
|gen|8
|tier|[Gen 8] OU
|rated|
|clearpoke
|poke|p1|Hatterene, F|
|poke|p1|Seismitoad, M|
|poke|p1|Corsola-Galar, M|
|poke|p1|Corviknight, F|
|poke|p1|Cinderace, F|
|poke|p1|Dracovish|
|poke|p2|Centiskorch, M|
|poke|p2|Rotom-Wash|
|poke|p2|Dragapult, M|
|poke|p2|Ferrothorn, M|
|poke|p2|Excadrill, M|
|poke|p2|Hydreigon, M|
|rule|Sleep Clause Mod: Limit one foe put to sleep
|rule|Species Clause: Limit one of each Pokémon
|rule|OHKO Clause: OHKO moves are banned
|rule|Evasion Moves Clause: Evasion moves are banned
|rule|Endless Battle Clause: Forcing endless battles is banned
|rule|HP Percentage Mod: HP is shown in percentages
|rule|Dynamax Clause: You cannot dynamax
|teampreview
|inactive|Battle timer is ON: inactive players will automatically lose when time's up. (requested by 4funaccount)
|
|start
|switch|p1a: Cinderace|Cinderace, F|100/100
|switch|p2a: Gen 8 heatran|Centiskorch, M|100/100
|turn|1
|
|move|p1a: Cinderace|U-turn|p2a: Gen 8 heatran
|-resisted|p2a: Gen 8 heatran
|-damage|p2a: Gen 8 heatran|85/100
|
|switch|p1a: Corviknight|Corviknight, F|100/100|[from]move: U-turn
|-ability|p1a: Corviknight|Pressure
|move|p2a: Gen 8 heatran|Knock Off|p1a: Corviknight
|-damage|p1a: Corviknight|73/100
|-damage|p2a: Gen 8 heatran|68/100|[from] item: Rocky Helmet|[of] p1a: Corviknight
|-enditem|p1a: Corviknight|Rocky Helmet|[from] move: Knock Off|[of] p2a: Gen 8 heatran
|
|upkeep
|turn|2
|
|switch|p2a: gen 8 rotom|Rotom-Wash|100/100
|move|p1a: Corviknight|Brave Bird|p2a: gen 8 rotom
|-resisted|p2a: gen 8 rotom
|-crit|p2a: gen 8 rotom
|-damage|p2a: gen 8 rotom|77/100
|-damage|p1a: Corviknight|67/100|[from] Recoil
|
|upkeep
|turn|3
|
|switch|p2a: Gen 8 heatran|Centiskorch, M|68/100
|switch|p1a: Seismitoad|Seismitoad, M|100/100
|
|upkeep
|turn|4
|j| bot fly
|
|move|p2a: Gen 8 heatran|Power Whip|p1a: Seismitoad
|-supereffective|p1a: Seismitoad
|-damage|p1a: Seismitoad|0 fnt
|faint|p1a: Seismitoad
|
|upkeep
|
|switch|p1a: Corsola|Corsola-Galar, M|100/100
|turn|5
|
|move|p2a: Gen 8 heatran|Knock Off|p1a: Corsola
|-supereffective|p1a: Corsola
|-damage|p1a: Corsola|52/100
|-enditem|p1a: Corsola|Eviolite|[from] move: Knock Off|[of] p2a: Gen 8 heatran
|move|p1a: Corsola|Stealth Rock|p2a: Gen 8 heatran
|-sidestart|p2: 4funaccount|move: Stealth Rock
|
|upkeep
|turn|6
|
|switch|p2a: Hydreigon|Hydreigon, M|100/100
|-damage|p2a: Hydreigon|88/100|[from] Stealth Rock
|move|p1a: Corsola|Strength Sap|p2a: Hydreigon
|-unboost|p2a: Hydreigon|atk|1
|-heal|p1a: Corsola|100/100
|
|-heal|p2a: Hydreigon|94/100|[from] item: Leftovers
|upkeep
|turn|7
|
|move|p2a: Hydreigon|Nasty Plot|p2a: Hydreigon
|-boost|p2a: Hydreigon|spa|2
|move|p1a: Corsola|Night Shade|p2a: Hydreigon
|-damage|p2a: Hydreigon|64/100
|
|-heal|p2a: Hydreigon|70/100|[from] item: Leftovers
|upkeep
|turn|8
|
|move|p2a: Hydreigon|Flash Cannon|p1a: Corsola
|-damage|p1a: Corsola|58/100
|move|p1a: Corsola|Night Shade|p2a: Hydreigon
|-damage|p2a: Hydreigon|39/100
|
|-heal|p2a: Hydreigon|45/100|[from] item: Leftovers
|upkeep
|turn|9
|
|move|p2a: Hydreigon|Fire Blast|p1a: Corsola
|-damage|p1a: Corsola|0 fnt
|-start|p2a: Hydreigon|Disable|Fire Blast|[from] ability: Cursed Body|[of] p1a: Corsola
|faint|p1a: Corsola
|
|-heal|p2a: Hydreigon|51/100|[from] item: Leftovers
|upkeep
|
|switch|p1a: Dracovish|Dracovish|100/100
|turn|10
|
|switch|p2a: gen 8 ferrothorn|Ferrothorn, M|100/100
|-damage|p2a: gen 8 ferrothorn|94/100|[from] Stealth Rock
|move|p1a: Dracovish|Fishious Rend|p2a: gen 8 ferrothorn
|-resisted|p2a: gen 8 ferrothorn
|-damage|p2a: gen 8 ferrothorn|62/100
|-damage|p1a: Dracovish|88/100|[from] ability: Iron Barbs|[of] p2a: gen 8 ferrothorn
|
|-heal|p2a: gen 8 ferrothorn|69/100|[from] item: Leftovers
|upkeep
|turn|11
|
|switch|p1a: Hatterene|Hatterene, F|100/100
|move|p2a: gen 8 ferrothorn|Knock Off|p1a: Hatterene
|-damage|p1a: Hatterene|77/100
|-enditem|p1a: Hatterene|Twisted Spoon|[from] move: Knock Off|[of] p2a: gen 8 ferrothorn
|
|-heal|p2a: gen 8 ferrothorn|75/100|[from] item: Leftovers
|upkeep
|turn|12
|
|switch|p2a: gen 8 excadrill|Excadrill, M|100/100
|-damage|p2a: gen 8 excadrill|97/100|[from] Stealth Rock
|-ability|p2a: gen 8 excadrill|Mold Breaker
|move|p1a: Hatterene|Psyshock|p2a: gen 8 excadrill
|-resisted|p2a: gen 8 excadrill
|-damage|p2a: gen 8 excadrill|68/100
|
|-heal|p2a: gen 8 excadrill|74/100|[from] item: Leftovers
|upkeep
|turn|13
|
|move|p2a: gen 8 excadrill|Stealth Rock|p1a: Hatterene
|-sidestart|p1: price1111|move: Stealth Rock
|move|p1a: Hatterene|Mystical Fire|p2a: gen 8 excadrill
|-supereffective|p2a: gen 8 excadrill
|-damage|p2a: gen 8 excadrill|24/100
|-unboost|p2a: gen 8 excadrill|spa|1
|
|-heal|p2a: gen 8 excadrill|30/100|[from] item: Leftovers
|upkeep
|turn|14
|
|switch|p1a: Corviknight|Corviknight, F|67/100
|-damage|p1a: Corviknight|54/100|[from] Stealth Rock
|-ability|p1a: Corviknight|Pressure
|move|p2a: gen 8 excadrill|Iron Head|p1a: Corviknight
|-resisted|p1a: Corviknight
|-damage|p1a: Corviknight|40/100
|
|-heal|p2a: gen 8 excadrill|37/100|[from] item: Leftovers
|upkeep
|turn|15
|
|switch|p2a: gen 8 rotom|Rotom-Wash|77/100
|-damage|p2a: gen 8 rotom|65/100|[from] Stealth Rock
|move|p1a: Corviknight|Brave Bird|p2a: gen 8 rotom
|-resisted|p2a: gen 8 rotom
|-damage|p2a: gen 8 rotom|50/100
|-damage|p1a: Corviknight|36/100|[from] Recoil
|
|upkeep
|turn|16
|j| NIGoGER
|
|move|p2a: gen 8 rotom|Hydro Pump|p1a: Corviknight|[miss]
|-miss|p2a: gen 8 rotom|p1a: Corviknight
|move|p1a: Corviknight|Brave Bird|p2a: gen 8 rotom
|-resisted|p2a: gen 8 rotom
|-damage|p2a: gen 8 rotom|35/100
|-damage|p1a: Corviknight|32/100|[from] Recoil
|
|upkeep
|turn|17
|c| NIGoGER|lolol nixgger
|
|switch|p1a: Dracovish|Dracovish|88/100
|-damage|p1a: Dracovish|76/100|[from] Stealth Rock
|move|p2a: gen 8 rotom|Rest|p2a: gen 8 rotom
|-status|p2a: gen 8 rotom|slp|[from] move: Rest
|-heal|p2a: gen 8 rotom|100/100 slp|[silent]
|-enditem|p2a: gen 8 rotom|Chesto Berry|[eat]
|-curestatus|p2a: gen 8 rotom|slp|[msg]
|
|upkeep
|turn|18
|
|switch|p2a: gen 8 ferrothorn|Ferrothorn, M|75/100
|-damage|p2a: gen 8 ferrothorn|69/100|[from] Stealth Rock
|move|p1a: Dracovish|Fishious Rend|p2a: gen 8 ferrothorn
|-resisted|p2a: gen 8 ferrothorn
|-damage|p2a: gen 8 ferrothorn|34/100
|-damage|p1a: Dracovish|63/100|[from] ability: Iron Barbs|[of] p2a: gen 8 ferrothorn
|
|-heal|p2a: gen 8 ferrothorn|41/100|[from] item: Leftovers
|upkeep
|turn|19
|
|switch|p1a: Corviknight|Corviknight, F|32/100
|-damage|p1a: Corviknight|20/100|[from] Stealth Rock
|-ability|p1a: Corviknight|Pressure
|move|p2a: gen 8 ferrothorn|Knock Off|p1a: Corviknight
|-damage|p1a: Corviknight|9/100
|
|-heal|p2a: gen 8 ferrothorn|47/100|[from] item: Leftovers
|upkeep
|turn|20
|
|move|p1a: Corviknight|Brave Bird|p2a: gen 8 ferrothorn
|-damage|p2a: gen 8 ferrothorn|26/100
|-damage|p1a: Corviknight|0 fnt|[from] ability: Iron Barbs|[of] p2a: gen 8 ferrothorn
|faint|p1a: Corviknight
|move|p2a: gen 8 ferrothorn|Leech Seed|p1: Corviknight|[notarget]
|-fail|p2a: gen 8 ferrothorn
|
|-heal|p2a: gen 8 ferrothorn|32/100|[from] item: Leftovers
|upkeep
|
|switch|p1a: Hatterene|Hatterene, F|77/100
|-damage|p1a: Hatterene|64/100|[from] Stealth Rock
|turn|21
|
|switch|p2a: Hydreigon|Hydreigon, M|51/100
|-damage|p2a: Hydreigon|39/100|[from] Stealth Rock
|move|p1a: Hatterene|Trick Room|p1a: Hatterene
|-fieldstart|move: Trick Room|[of] p1a: Hatterene
|
|-heal|p2a: Hydreigon|45/100|[from] item: Leftovers
|upkeep
|turn|22
|
|switch|p2a: gen 8 ferrothorn|Ferrothorn, M|32/100
|-damage|p2a: gen 8 ferrothorn|26/100|[from] Stealth Rock
|move|p1a: Hatterene|Dazzling Gleam|p2a: gen 8 ferrothorn
|-resisted|p2a: gen 8 ferrothorn
|-damage|p2a: gen 8 ferrothorn|8/100
|
|-heal|p2a: gen 8 ferrothorn|14/100|[from] item: Leftovers
|upkeep
|turn|23
|c| NIGoGER|lolol gg nixgger
|
|move|p2a: gen 8 ferrothorn|Protect|p2a: gen 8 ferrothorn
|-singleturn|p2a: gen 8 ferrothorn|Protect
|move|p1a: Hatterene|Psyshock|p2a: gen 8 ferrothorn
|-activate|p2a: gen 8 ferrothorn|move: Protect
|
|-heal|p2a: gen 8 ferrothorn|20/100|[from] item: Leftovers
|upkeep
|turn|24
|
|move|p2a: gen 8 ferrothorn|Protect|p2a: gen 8 ferrothorn
|-singleturn|p2a: gen 8 ferrothorn|Protect
|move|p1a: Hatterene|Mystical Fire|p2a: gen 8 ferrothorn
|-activate|p2a: gen 8 ferrothorn|move: Protect
|
|-heal|p2a: gen 8 ferrothorn|27/100|[from] item: Leftovers
|upkeep
|turn|25
|
|switch|p2a: Hydreigon|Hydreigon, M|45/100
|-damage|p2a: Hydreigon|33/100|[from] Stealth Rock
|move|p1a: Hatterene|Mystical Fire|p2a: Hydreigon
|-resisted|p2a: Hydreigon
|-damage|p2a: Hydreigon|15/100
|-unboost|p2a: Hydreigon|spa|1
|
|-heal|p2a: Hydreigon|21/100|[from] item: Leftovers
|-fieldend|move: Trick Room
|upkeep
|turn|26
|c| NIGoGER|haha
|j| supergluten677
|
|move|p2a: Hydreigon|Flash Cannon|p1a: Hatterene
|-supereffective|p1a: Hatterene
|-damage|p1a: Hatterene|24/100
|move|p1a: Hatterene|Trick Room|p1a: Hatterene
|-fieldstart|move: Trick Room|[of] p1a: Hatterene
|
|-heal|p2a: Hydreigon|28/100|[from] item: Leftovers
|upkeep
|turn|27
|
|switch|p2a: gen 8 ferrothorn|Ferrothorn, M|27/100
|-damage|p2a: gen 8 ferrothorn|20/100|[from] Stealth Rock
|move|p1a: Hatterene|Dazzling Gleam|p2a: gen 8 ferrothorn
|-resisted|p2a: gen 8 ferrothorn
|-damage|p2a: gen 8 ferrothorn|3/100
|
|-heal|p2a: gen 8 ferrothorn|10/100|[from] item: Leftovers
|upkeep
|turn|28
|
|move|p2a: gen 8 ferrothorn|Protect|p2a: gen 8 ferrothorn
|-singleturn|p2a: gen 8 ferrothorn|Protect
|move|p1a: Hatterene|Dazzling Gleam|p2a: gen 8 ferrothorn
|-activate|p2a: gen 8 ferrothorn|move: Protect
|
|-heal|p2a: gen 8 ferrothorn|16/100|[from] item: Leftovers
|upkeep
|turn|29
|
|move|p1a: Hatterene|Psyshock|p2a: gen 8 ferrothorn
|-resisted|p2a: gen 8 ferrothorn
|-damage|p2a: gen 8 ferrothorn|1/100
|move|p2a: gen 8 ferrothorn|Knock Off|p1a: Hatterene
|-damage|p1a: Hatterene|7/100
|
|-heal|p2a: gen 8 ferrothorn|8/100|[from] item: Leftovers
|upkeep
|turn|30
|-message|price1111 forfeited.
|
|win|4funaccount
|l|☆price1111
|raw|price1111's rating: 1638 &rarr; <strong>1628</strong><br />(-10 for losing)
|raw|4funaccount's rating: 1814 &rarr; <strong>1825</strong><br />(+11 for winning)
