|j|‽Artist Vs Poet
|j|☆groundt
|player|p1|Artist Vs Poet|roxie|1577
|player|p2|groundt|winona-gen3|1600
|teamsize|p1|6
|teamsize|p2|6
|gametype|singles
|gen|8
|tier|[Gen 8] OU
|rated|
|rule|Sleep Clause Mod: Limit one foe put to sleep
|rule|Species Clause: Limit one of each Pokémon
|rule|OHKO Clause: OHKO moves are banned
|rule|Evasion Moves Clause: Evasion moves are banned
|rule|Endless Battle Clause: Forcing endless battles is banned
|rule|HP Percentage Mod: HP is shown in percentages
|clearpoke
|poke|p1|Cramorant, M|
|poke|p1|Ferrothorn, M|
|poke|p1|Clefable, M|
|poke|p1|Hydreigon, M|
|poke|p1|Cinderace, F|
|poke|p1|Rhyperior, F|
|poke|p2|Vaporeon, F|
|poke|p2|Hatterene, F|
|poke|p2|Corsola-Galar, F|
|poke|p2|Mandibuzz, F|
|poke|p2|Steelix, F|
|poke|p2|Pyukumuku, F|
|rule|Dynamax Clause: You cannot dynamax
|teampreview
|inactive|Battle timer is ON: inactive players will automatically lose when time's up. (requested by Artist Vs Poet)
|
|start
|switch|p1a: Cramorant|Cramorant, M|100/100
|switch|p2a: Mandibuzz|Mandibuzz, F|100/100
|turn|1
|
|move|p1a: Cramorant|Surf|p2a: Mandibuzz
|-damage|p2a: Mandibuzz|79/100
|-formechange|p1a: Cramorant|Cramorant-Gulping|
|move|p2a: Mandibuzz|Knock Off|p1a: Cramorant
|-formechange|p1a: Cramorant|Cramorant|
|-damage|p2a: Mandibuzz|54/100|[from] ability: Gulp Missile|[of] p1a: Cramorant
|-unboost|p2a: Mandibuzz|def|1
|-damage|p1a: Cramorant|53/100
|-damage|p2a: Mandibuzz|38/100|[from] item: Rocky Helmet|[of] p1a: Cramorant
|-enditem|p1a: Cramorant|Rocky Helmet|[from] move: Knock Off|[of] p2a: Mandibuzz
|
|upkeep
|turn|2
|
|move|p1a: Cramorant|Surf|p2a: Mandibuzz
|-damage|p2a: Mandibuzz|14/100
|-formechange|p1a: Cramorant|Cramorant-Gulping|
|move|p2a: Mandibuzz|Roost|p2a: Mandibuzz
|-heal|p2a: Mandibuzz|64/100
|-singleturn|p2a: Mandibuzz|move: Roost
|
|upkeep
|turn|3
|
|move|p1a: Cramorant|Roost|p1a: Cramorant
|-heal|p1a: Cramorant|100/100
|-singleturn|p1a: Cramorant|move: Roost
|move|p2a: Mandibuzz|Roost|p2a: Mandibuzz
|-heal|p2a: Mandibuzz|100/100
|-singleturn|p2a: Mandibuzz|move: Roost
|
|upkeep
|turn|4
|
|switch|p2a: Corsola|Corsola-Galar, F|100/100
|move|p1a: Cramorant|Air Slash|p2a: Corsola
|-damage|p2a: Corsola|80/100
|-start|p1a: Cramorant|Disable|Air Slash|[from] ability: Cursed Body|[of] p2a: Corsola
|
|upkeep
|turn|5
|
|switch|p1a: Hydreigon|Hydreigon, M|100/100
|move|p2a: Corsola|Will-O-Wisp|p1a: Hydreigon
|-status|p1a: Hydreigon|brn
|
|-damage|p1a: Hydreigon|94/100 brn|[from] brn
|upkeep
|turn|6
|
|switch|p2a: Vaporeon|Vaporeon, F|100/100
|move|p1a: Hydreigon|Dark Pulse|p2a: Vaporeon
|-damage|p2a: Vaporeon|72/100
|
|-heal|p2a: Vaporeon|78/100|[from] item: Leftovers
|-damage|p1a: Hydreigon|88/100 brn|[from] brn
|upkeep
|turn|7
|
|switch|p1a: Ferrothorn|Ferrothorn, M|100/100
|move|p2a: Vaporeon|Wish|p2a: Vaporeon
|
|-heal|p2a: Vaporeon|84/100|[from] item: Leftovers
|upkeep
|turn|8
|
|switch|p2a: Hatterene|Hatterene, F|100/100
|move|p1a: Ferrothorn|Thunder Wave|p2a: Hatterene
|move|p2a: Hatterene|Thunder Wave|p1a: Ferrothorn|[from]Magic Bounce|[miss]
|-miss|p2a: Hatterene|p1a: Ferrothorn
|
|upkeep
|turn|9
|
|move|p2a: Hatterene|Mystical Fire|p1a: Ferrothorn
|-supereffective|p1a: Ferrothorn
|-damage|p1a: Ferrothorn|22/100
|-unboost|p1a: Ferrothorn|spa|1
|move|p1a: Ferrothorn|Knock Off|p2a: Hatterene
|-damage|p2a: Hatterene|82/100
|-enditem|p2a: Hatterene|Leftovers|[from] move: Knock Off|[of] p1a: Ferrothorn
|
|-heal|p1a: Ferrothorn|28/100|[from] item: Leftovers
|upkeep
|turn|10
|
|switch|p1a: Rhyperior|Rhyperior, F|100/100
|move|p2a: Hatterene|Psyshock|p1a: Rhyperior
|-damage|p1a: Rhyperior|77/100
|
|-heal|p1a: Rhyperior|83/100|[from] item: Leftovers
|upkeep
|turn|11
|
|move|p1a: Rhyperior|Heavy Slam|p2a: Hatterene
|-supereffective|p2a: Hatterene
|-damage|p2a: Hatterene|18/100
|move|p2a: Hatterene|Draining Kiss|p1a: Rhyperior
|-damage|p1a: Rhyperior|59/100
|-heal|p2a: Hatterene|43/100|[from] drain|[of] p1a: Rhyperior
|
|-heal|p1a: Rhyperior|65/100|[from] item: Leftovers
|upkeep
|turn|12
|inactive|groundt has 120 seconds left.
|
|switch|p2a: Mandibuzz|Mandibuzz, F|100/100
|move|p1a: Rhyperior|Earthquake|p2a: Mandibuzz
|-immune|p2a: Mandibuzz
|
|-heal|p1a: Rhyperior|71/100|[from] item: Leftovers
|upkeep
|turn|13
|
|move|p2a: Mandibuzz|U-turn|p1a: Rhyperior
|-damage|p1a: Rhyperior|64/100
|
|switch|p2a: Steelix|Steelix, F, shiny|100/100|[from]move: U-turn
|move|p1a: Rhyperior|Stealth Rock|p2a: Steelix
|-sidestart|p2: groundt|move: Stealth Rock
|
|-heal|p1a: Rhyperior|70/100|[from] item: Leftovers
|upkeep
|turn|14
|
|move|p1a: Rhyperior|Earthquake|p2a: Steelix
|-supereffective|p2a: Steelix
|-crit|p2a: Steelix
|-damage|p2a: Steelix|34/100
|move|p2a: Steelix|Iron Defense|p2a: Steelix
|-boost|p2a: Steelix|def|2
|
|-heal|p1a: Rhyperior|77/100|[from] item: Leftovers
|-heal|p2a: Steelix|40/100|[from] item: Leftovers
|upkeep
|turn|15
|
|move|p1a: Rhyperior|Earthquake|p2a: Steelix
|-supereffective|p2a: Steelix
|-damage|p2a: Steelix|16/100
|move|p2a: Steelix|Body Press|p1a: Rhyperior
|-supereffective|p1a: Rhyperior
|-damage|p1a: Rhyperior|7/100
|
|-heal|p1a: Rhyperior|13/100|[from] item: Leftovers
|-heal|p2a: Steelix|22/100|[from] item: Leftovers
|upkeep
|turn|16
|inactive|groundt has 120 seconds left.
|
|move|p1a: Rhyperior|Earthquake|p2a: Steelix
|-supereffective|p2a: Steelix
|-damage|p2a: Steelix|0 fnt
|faint|p2a: Steelix
|
|-heal|p1a: Rhyperior|20/100|[from] item: Leftovers
|upkeep
|
|switch|p2a: Corsola|Corsola-Galar, F|80/100
|-damage|p2a: Corsola|67/100|[from] Stealth Rock
|turn|17
|inactive|groundt has 120 seconds left.
|
|move|p1a: Rhyperior|Earthquake|p2a: Corsola
|-damage|p2a: Corsola|42/100
|-start|p1a: Rhyperior|Disable|Earthquake|[from] ability: Cursed Body|[of] p2a: Corsola
|move|p2a: Corsola|Hex|p1a: Rhyperior
|-damage|p1a: Rhyperior|5/100
|
|-heal|p1a: Rhyperior|11/100|[from] item: Leftovers
|upkeep
|turn|18
|
|move|p1a: Rhyperior|Stone Edge|p2a: Corsola
|-damage|p2a: Corsola|16/100
|move|p2a: Corsola|Strength Sap|p1a: Rhyperior
|-unboost|p1a: Rhyperior|atk|1
|-heal|p2a: Corsola|100/100
|
|-heal|p1a: Rhyperior|18/100|[from] item: Leftovers
|upkeep
|turn|19
|
|switch|p1a: Ferrothorn|Ferrothorn, M|28/100
|move|p2a: Corsola|Hex|p1a: Ferrothorn
|-damage|p1a: Ferrothorn|15/100
|
|-heal|p1a: Ferrothorn|22/100|[from] item: Leftovers
|upkeep
|turn|20
|
|move|p2a: Corsola|Will-O-Wisp|p1a: Ferrothorn
|-status|p1a: Ferrothorn|brn
|move|p1a: Ferrothorn|Leech Seed|p2a: Corsola
|-start|p2a: Corsola|move: Leech Seed
|
|-heal|p1a: Ferrothorn|28/100 brn|[from] item: Leftovers
|-damage|p2a: Corsola|88/100|[from] Leech Seed|[of] p1a: Ferrothorn
|-heal|p1a: Ferrothorn|39/100 brn|[silent]
|-damage|p1a: Ferrothorn|33/100 brn|[from] brn
|upkeep
|turn|21
|
|switch|p2a: Hatterene|Hatterene, F|43/100
|-damage|p2a: Hatterene|31/100|[from] Stealth Rock
|move|p1a: Ferrothorn|Spikes|p2a: Hatterene
|move|p2a: Hatterene|Spikes|p1a: Ferrothorn|[from]Magic Bounce
|-sidestart|p1: Artist Vs Poet|Spikes
|
|-heal|p1a: Ferrothorn|39/100 brn|[from] item: Leftovers
|-damage|p1a: Ferrothorn|33/100 brn|[from] brn
|upkeep
|turn|22
|
|move|p2a: Hatterene|Mystical Fire|p1a: Ferrothorn
|-supereffective|p1a: Ferrothorn
|-damage|p1a: Ferrothorn|0 fnt
|faint|p1a: Ferrothorn
|
|upkeep
|
|switch|p1a: Hydreigon|Hydreigon, M|88/100 brn
|turn|23
|
|switch|p2a: Mandibuzz|Mandibuzz, F|100/100
|move|p1a: Hydreigon|U-turn|p2a: Mandibuzz
|-damage|p2a: Mandibuzz|96/100
|
|switch|p1a: Clefable|Clefable, M|100/100|[from]move: U-turn
|
|upkeep
|turn|24
|
|move|p2a: Mandibuzz|Knock Off|p1a: Clefable
|-resisted|p1a: Clefable
|-damage|p1a: Clefable|86/100
|-enditem|p1a: Clefable|Life Orb|[from] move: Knock Off|[of] p2a: Mandibuzz
|move|p1a: Clefable|Moonblast|p2a: Mandibuzz
|-supereffective|p2a: Mandibuzz
|-crit|p2a: Mandibuzz
|-damage|p2a: Mandibuzz|11/100
|
|upkeep
|turn|25
|
|move|p2a: Mandibuzz|U-turn|p1a: Clefable
|-resisted|p1a: Clefable
|-damage|p1a: Clefable|80/100
|
|switch|p2a: Pyukumuku|Pyukumuku, F|100/100|[from]move: U-turn
|-damage|p2a: Pyukumuku|88/100|[from] Stealth Rock
|move|p1a: Clefable|Thunderbolt|p2a: Pyukumuku
|-supereffective|p2a: Pyukumuku
|-damage|p2a: Pyukumuku|52/100
|
|-heal|p2a: Pyukumuku|58/100|[from] item: Leftovers
|upkeep
|turn|26
|
|move|p1a: Clefable|Moonblast|p2a: Pyukumuku
|-damage|p2a: Pyukumuku|30/100
|move|p2a: Pyukumuku|Recover|p2a: Pyukumuku
|-heal|p2a: Pyukumuku|80/100
|
|-heal|p2a: Pyukumuku|86/100|[from] item: Leftovers
|upkeep
|turn|27
|
|move|p1a: Clefable|Thunderbolt|p2a: Pyukumuku
|-supereffective|p2a: Pyukumuku
|-damage|p2a: Pyukumuku|50/100
|move|p2a: Pyukumuku|Light Screen|p2a: Pyukumuku
|-sidestart|p2: groundt|move: Light Screen
|
|-heal|p2a: Pyukumuku|56/100|[from] item: Leftovers
|upkeep
|turn|28
|
|move|p1a: Clefable|Thunderbolt|p2a: Pyukumuku
|-supereffective|p2a: Pyukumuku
|-damage|p2a: Pyukumuku|36/100
|move|p2a: Pyukumuku|Recover|p2a: Pyukumuku
|-heal|p2a: Pyukumuku|86/100
|
|-heal|p2a: Pyukumuku|92/100|[from] item: Leftovers
|upkeep
|turn|29
|
|switch|p2a: Vaporeon|Vaporeon, F|84/100
|-damage|p2a: Vaporeon|72/100|[from] Stealth Rock
|move|p1a: Clefable|Thunderbolt|p2a: Vaporeon
|-supereffective|p2a: Vaporeon
|-damage|p2a: Vaporeon|52/100
|-status|p2a: Vaporeon|par
|
|-heal|p2a: Vaporeon|58/100 par|[from] item: Leftovers
|upkeep
|turn|30
|
|move|p1a: Clefable|Thunderbolt|p2a: Vaporeon
|-supereffective|p2a: Vaporeon
|-damage|p2a: Vaporeon|38/100 par
|move|p2a: Vaporeon|Wish|p2a: Vaporeon
|
|-heal|p2a: Vaporeon|44/100 par|[from] item: Leftovers
|upkeep
|turn|31
|
|switch|p2a: Corsola|Corsola-Galar, F|88/100
|-damage|p2a: Corsola|76/100|[from] Stealth Rock
|move|p1a: Clefable|Thunderbolt|p2a: Corsola
|-damage|p2a: Corsola|67/100
|
|-heal|p2a: Corsola|100/100|[from] move: Wish|[wisher] Vaporeon
|-sideend|p2: groundt|move: Light Screen
|upkeep
|turn|32
|
|move|p1a: Clefable|Moonblast|p2a: Corsola
|-damage|p2a: Corsola|71/100
|move|p2a: Corsola|Calm Mind|p2a: Corsola
|-boost|p2a: Corsola|spa|1
|-boost|p2a: Corsola|spd|1
|
|upkeep
|turn|33
|
|switch|p1a: Hydreigon|Hydreigon, M|88/100 brn
|move|p2a: Corsola|Calm Mind|p2a: Corsola
|-boost|p2a: Corsola|spa|1
|-boost|p2a: Corsola|spd|1
|
|-damage|p1a: Hydreigon|82/100 brn|[from] brn
|upkeep
|turn|34
|
|move|p1a: Hydreigon|Dark Pulse|p2a: Corsola
|-supereffective|p2a: Corsola
|-damage|p2a: Corsola|39/100
|move|p2a: Corsola|Strength Sap|p1a: Hydreigon
|-unboost|p1a: Hydreigon|atk|1
|-heal|p2a: Corsola|100/100
|
|-damage|p1a: Hydreigon|76/100 brn|[from] brn
|upkeep
|turn|35
|
|move|p1a: Hydreigon|Dark Pulse|p2a: Corsola
|-supereffective|p2a: Corsola
|-damage|p2a: Corsola|74/100
|-start|p1a: Hydreigon|Disable|Dark Pulse|[from] ability: Cursed Body|[of] p2a: Corsola
|move|p2a: Corsola|Hex|p1a: Hydreigon
|-resisted|p1a: Hydreigon
|-damage|p1a: Hydreigon|42/100 brn
|
|-damage|p1a: Hydreigon|36/100 brn|[from] brn
|upkeep
|turn|36
|
|switch|p1a: Cinderace|Cinderace, F|100/100
|move|p2a: Corsola|Strength Sap|p1a: Cinderace
|-unboost|p1a: Cinderace|atk|1
|-heal|p2a: Corsola|100/100
|
|upkeep
|turn|37
|c|☆groundt|t
|inactive|Artist Vs Poet has 120 seconds left.
|
|move|p1a: Cinderace|Pyro Ball|p2a: Corsola
|-damage|p2a: Corsola|81/100
|-start|p1a: Cinderace|Disable|Pyro Ball|[from] ability: Cursed Body|[of] p2a: Corsola
|move|p2a: Corsola|Calm Mind|p2a: Corsola
|-boost|p2a: Corsola|spa|1
|-boost|p2a: Corsola|spd|1
|
|upkeep
|turn|38
|-message|Artist Vs Poet forfeited.
|
|win|groundt
|l|‽Artist Vs Poet
|raw|Artist Vs Poet's rating: 1573 &rarr; <strong>1554</strong><br />(-19 for losing)
|raw|groundt's rating: 1600 &rarr; <strong>1619</strong><br />(+19 for winning)
|l|☆groundt
|j|☆groundt
|player|p2|groundt|winona-gen3
