|j|☆70to90gxe
|j|☆ThedebatableReaper
|t:|1606883074
|player|p1|70to90gxe|102|2094
|player|p2|ThedebatableReaper|169|1874
|teamsize|p1|6
|teamsize|p2|6
|gametype|singles
|gen|8
|tier|[Gen 8] OU
|rated|
|clearpoke
|poke|p1|Pheromosa|
|poke|p1|Slowking-Galar, M|
|poke|p1|Hippowdon, F|
|poke|p1|Corviknight, M|
|poke|p1|Clefable, F|
|poke|p1|Snorlax, M|
|poke|p2|Spectrier|
|poke|p2|Rillaboom, F|
|poke|p2|Heatran, M|
|poke|p2|Tapu Fini|
|poke|p2|Zapdos-Galar|
|poke|p2|Nidoking, M|
|rule|Sleep Clause Mod: Limit one foe put to sleep
|rule|Species Clause: Limit one of each Pokémon
|rule|OHKO Clause: OHKO moves are banned
|rule|Evasion Moves Clause: Evasion moves are banned
|rule|Endless Battle Clause: Forcing endless battles is banned
|rule|HP Percentage Mod: HP is shown in percentages
|rule|Dynamax Clause: You cannot dynamax
|teampreview
|j| Accountstolenagain
|j| back from pluto
|j| rh32525
|j| Trailblazer324
|
|t:|1606883104
|start
|switch|p1a: Pheromosa|Pheromosa|100/100
|switch|p2a: Rillaboom|Rillaboom, F|100/100
|-fieldstart|move: Grassy Terrain|[from] ability: Grassy Surge|[of] p2a: Rillaboom
|turn|1
|l| Trailblazer324
|
|t:|1606883120
|switch|p2a: Tapu Fini|Tapu Fini|100/100
|-fieldstart|move: Misty Terrain|[from] ability: Misty Surge|[of] p2a: Tapu Fini
|move|p1a: Pheromosa|U-turn|p2a: Tapu Fini
|-resisted|p2a: Tapu Fini
|-damage|p2a: Tapu Fini|87/100
|
|t:|1606883122
|switch|p1a: Slowking|Slowking-Galar, M|100/100|[from]move: U-turn
|
|-heal|p2a: Tapu Fini|93/100|[from] item: Leftovers
|upkeep
|turn|2
|
|t:|1606883134
|switch|p2a: Heatran|Heatran, M|100/100
|move|p1a: Slowking|Hydro Pump|p2a: Heatran|[miss]
|-miss|p1a: Slowking|p2a: Heatran
|
|upkeep
|turn|3
|
|t:|1606883146
|switch|p2a: Rillaboom|Rillaboom, F|100/100
|-fieldstart|move: Grassy Terrain|[from] ability: Grassy Surge|[of] p2a: Rillaboom
|move|p1a: Slowking|Hydro Pump|p2a: Rillaboom
|-resisted|p2a: Rillaboom
|-damage|p2a: Rillaboom|78/100
|
|-heal|p2a: Rillaboom|84/100|[from] Grassy Terrain
|upkeep
|turn|4
|
|t:|1606883155
|switch|p1a: Hippowdon|Hippowdon, F|100/100
|move|p2a: Rillaboom|Knock Off|p1a: Hippowdon
|-crit|p1a: Hippowdon
|-damage|p1a: Hippowdon|60/100
|-damage|p2a: Rillaboom|67/100|[from] item: Rocky Helmet|[of] p1a: Hippowdon
|-enditem|p1a: Hippowdon|Rocky Helmet|[from] move: Knock Off|[of] p2a: Rillaboom
|
|-heal|p2a: Rillaboom|74/100|[from] Grassy Terrain
|-heal|p1a: Hippowdon|66/100|[from] Grassy Terrain
|upkeep
|turn|5
|j| SpacejunkTroy
|
|t:|1606883165
|switch|p2a: Tapu Fini|Tapu Fini|93/100
|-fieldstart|move: Misty Terrain|[from] ability: Misty Surge|[of] p2a: Tapu Fini
|move|p1a: Hippowdon|Stealth Rock|p2a: Tapu Fini
|-sidestart|p2: ThedebatableReaper|move: Stealth Rock
|
|-heal|p2a: Tapu Fini|99/100|[from] item: Leftovers
|upkeep
|turn|6
|l| Accountstolenagain
|j| MgcCpu
|
|t:|1606883174
|move|p2a: Tapu Fini|Defog|p1a: Hippowdon
|-unboost|p1a: Hippowdon|evasion|1
|-sideend|p2: ThedebatableReaper|Stealth Rock|[from] move: Defog|[of] p2a: Tapu Fini
|-fieldend|Misty Terrain
|move|p1a: Hippowdon|Toxic|p2a: Tapu Fini
|-status|p2a: Tapu Fini|tox
|
|-heal|p2a: Tapu Fini|100/100 tox|[from] item: Leftovers
|-damage|p2a: Tapu Fini|94/100 tox|[from] psn
|upkeep
|turn|7
|
|t:|1606883183
|switch|p2a: Rillaboom|Rillaboom, F|74/100
|-fieldstart|move: Grassy Terrain|[from] ability: Grassy Surge|[of] p2a: Rillaboom
|switch|p1a: Slowking|Slowking-Galar, M|100/100
|
|-heal|p2a: Rillaboom|80/100|[from] Grassy Terrain
|upkeep
|turn|8
|j| stewpeed
|
|t:|1606883191
|switch|p1a: Hippowdon|Hippowdon, F|66/100
|move|p2a: Rillaboom|U-turn|p1a: Hippowdon
|-crit|p1a: Hippowdon
|-damage|p1a: Hippowdon|35/100
|j| hfeath
|
|t:|1606883197
|switch|p2a: Nidoking|Nidoking, M|100/100|[from]move: U-turn
|
|-heal|p1a: Hippowdon|41/100|[from] Grassy Terrain
|upkeep
|turn|9
|
|t:|1606883203
|switch|p1a: Snorlax|Snorlax, M|100/100
|move|p2a: Nidoking|Earth Power|p1a: Snorlax
|-damage|p1a: Snorlax|73/100
|
|-heal|p1a: Snorlax|80/100|[from] item: Leftovers
|-heal|p1a: Snorlax|86/100|[from] Grassy Terrain
|upkeep
|turn|10
|j| Weather icon v2
|
|t:|1606883211
|move|p2a: Nidoking|Superpower|p1a: Snorlax
|-supereffective|p1a: Snorlax
|-damage|p1a: Snorlax|22/100
|-unboost|p2a: Nidoking|atk|1
|-unboost|p2a: Nidoking|def|1
|-damage|p2a: Nidoking|91/100|[from] item: Life Orb
|move|p1a: Snorlax|Body Slam|p2a: Nidoking
|-damage|p2a: Nidoking|15/100
|
|-heal|p2a: Nidoking|21/100|[from] Grassy Terrain
|-heal|p1a: Snorlax|28/100|[from] item: Leftovers
|-heal|p1a: Snorlax|34/100|[from] Grassy Terrain
|upkeep
|turn|11
|j| gorgc
|j| Qiyaxu
|
|t:|1606883224
|switch|p1a: Corviknight|Corviknight, M|100/100
|-ability|p1a: Corviknight|Pressure
|move|p2a: Nidoking|Sludge Wave|p1a: Corviknight
|-immune|p1a: Corviknight
|
|-heal|p2a: Nidoking|27/100|[from] Grassy Terrain
|-fieldend|move: Grassy Terrain
|upkeep
|turn|12
|j| higvhjuhjjh
|
|t:|1606883232
|switch|p1a: Snorlax|Snorlax, M|34/100
|move|p2a: Nidoking|Flamethrower|p1a: Snorlax
|-damage|p1a: Snorlax|23/100
|
|-heal|p1a: Snorlax|30/100|[from] item: Leftovers
|upkeep
|turn|13
|
|t:|1606883239
|switch|p1a: Corviknight|Corviknight, M|100/100
|-ability|p1a: Corviknight|Pressure
|move|p2a: Nidoking|Sludge Wave|p1a: Corviknight
|-immune|p1a: Corviknight
|
|upkeep
|turn|14
|j| Jesus0501
|
|t:|1606883251
|move|p2a: Nidoking|Flamethrower|p1a: Corviknight
|-supereffective|p1a: Corviknight
|-damage|p1a: Corviknight|8/100
|move|p1a: Corviknight|Body Press|p2a: Nidoking
|-resisted|p2a: Nidoking
|-damage|p2a: Nidoking|0 fnt
|faint|p2a: Nidoking
|
|-heal|p1a: Corviknight|15/100|[from] item: Leftovers
|upkeep
|j| Trailblazer324
|l| Trailblazer324
|
|t:|1606883275
|switch|p2a: Rillaboom|Rillaboom, F|80/100
|-fieldstart|move: Grassy Terrain|[from] ability: Grassy Surge|[of] p2a: Rillaboom
|turn|15
|
|t:|1606883307
|switch|p1a: Hippowdon|Hippowdon, F|41/100
|move|p2a: Rillaboom|Knock Off|p1a: Hippowdon
|-damage|p1a: Hippowdon|23/100
|
|-heal|p2a: Rillaboom|86/100|[from] Grassy Terrain
|-heal|p1a: Hippowdon|29/100|[from] Grassy Terrain
|upkeep
|turn|16
|
|t:|1606883315
|switch|p2a: Spectrier|Spectrier|100/100
|move|p1a: Hippowdon|Slack Off|p1a: Hippowdon
|-heal|p1a: Hippowdon|79/100
|
|-heal|p1a: Hippowdon|85/100|[from] Grassy Terrain
|upkeep
|turn|17
|
|t:|1606883323
|switch|p1a: Snorlax|Snorlax, M|30/100
|move|p2a: Spectrier|Shadow Ball|p1a: Snorlax
|-immune|p1a: Snorlax
|
|-heal|p1a: Snorlax|36/100|[from] item: Leftovers
|-heal|p1a: Snorlax|42/100|[from] Grassy Terrain
|upkeep
|turn|18
|j| Vessev
|
|t:|1606883332
|switch|p2a: Tapu Fini|Tapu Fini|94/100 tox
|-fieldstart|move: Misty Terrain|[from] ability: Misty Surge|[of] p2a: Tapu Fini
|move|p1a: Snorlax|Body Slam|p2a: Tapu Fini
|-damage|p2a: Tapu Fini|72/100 tox
|
|-heal|p2a: Tapu Fini|79/100 tox|[from] item: Leftovers
|-heal|p1a: Snorlax|48/100|[from] item: Leftovers
|-damage|p2a: Tapu Fini|72/100 tox|[from] psn
|upkeep
|turn|19
|j| DoritoBreath
|
|t:|1606883342
|switch|p2a: Zapdos|Zapdos-Galar|100/100
|move|p1a: Snorlax|Body Slam|p2a: Zapdos
|-damage|p2a: Zapdos|60/100
|
|-heal|p1a: Snorlax|54/100|[from] item: Leftovers
|upkeep
|turn|20
|
|t:|1606883351
|switch|p1a: Hippowdon|Hippowdon, F|85/100
|move|p2a: Zapdos|Brave Bird|p1a: Hippowdon
|-damage|p1a: Hippowdon|53/100
|-damage|p2a: Zapdos|47/100|[from] Recoil
|
|upkeep
|turn|21
|j| Yuno Delphine
|
|t:|1606883358
|switch|p2a: Rillaboom|Rillaboom, F|86/100
|-fieldstart|move: Grassy Terrain|[from] ability: Grassy Surge|[of] p2a: Rillaboom
|move|p1a: Hippowdon|Slack Off|p1a: Hippowdon
|-heal|p1a: Hippowdon|100/100
|
|-heal|p2a: Rillaboom|92/100|[from] Grassy Terrain
|upkeep
|turn|22
|j| Agaagaaga
|
|t:|1606883368
|switch|p1a: Corviknight|Corviknight, M|15/100
|-ability|p1a: Corviknight|Pressure
|move|p2a: Rillaboom|Wood Hammer|p1a: Corviknight
|-resisted|p1a: Corviknight
|-damage|p1a: Corviknight|0 fnt
|-damage|p2a: Rillaboom|87/100|[from] Recoil
|faint|p1a: Corviknight
|
|-heal|p2a: Rillaboom|93/100|[from] Grassy Terrain
|upkeep
|
|t:|1606883370
|switch|p1a: Pheromosa|Pheromosa|100/100
|turn|23
|l| Vessev
|
|t:|1606883388
|switch|p2a: Tapu Fini|Tapu Fini|72/100 tox
|-fieldstart|move: Misty Terrain|[from] ability: Misty Surge|[of] p2a: Tapu Fini
|move|p1a: Pheromosa|Close Combat|p2a: Tapu Fini
|-resisted|p2a: Tapu Fini
|-damage|p2a: Tapu Fini|49/100 tox
|-unboost|p1a: Pheromosa|def|1
|-unboost|p1a: Pheromosa|spd|1
|
|-heal|p2a: Tapu Fini|55/100 tox|[from] item: Leftovers
|-damage|p2a: Tapu Fini|49/100 tox|[from] psn
|upkeep
|turn|24
|j| Vessev
|
|t:|1606883403
|move|p1a: Pheromosa|U-turn|p2a: Tapu Fini
|-resisted|p2a: Tapu Fini
|-damage|p2a: Tapu Fini|36/100 tox
|
|t:|1606883405
|switch|p1a: Slowking|Slowking-Galar, M|100/100|[from]move: U-turn
|move|p2a: Tapu Fini|Scald|p1a: Slowking
|-damage|p1a: Slowking|86/100
|
|-heal|p2a: Tapu Fini|42/100 tox|[from] item: Leftovers
|-damage|p2a: Tapu Fini|30/100 tox|[from] psn
|upkeep
|turn|25
|
|t:|1606883416
|switch|p2a: Heatran|Heatran, M|100/100
|move|p1a: Slowking|Future Sight|p2a: Heatran
|-start|p1a: Slowking|move: Future Sight
|
|upkeep
|turn|26
|
|t:|1606883423
|move|p2a: Heatran|Magma Storm|p1a: Slowking|[miss]
|-miss|p2a: Heatran|p1a: Slowking
|move|p1a: Slowking|Hydro Pump|p2a: Heatran
|-supereffective|p2a: Heatran
|-damage|p2a: Heatran|48/100
|
|-heal|p2a: Heatran|54/100|[from] item: Leftovers
|upkeep
|turn|27
|
|t:|1606883430
|move|p2a: Heatran|Magma Storm|p1a: Slowking|[miss]
|-miss|p2a: Heatran|p1a: Slowking
|move|p1a: Slowking|Hydro Pump|p2a: Heatran|[miss]
|-miss|p1a: Slowking|p2a: Heatran
|
|-end|p2a: Heatran|move: Future Sight
|-resisted|p2a: Heatran
|-damage|p2a: Heatran|35/100
|-heal|p2a: Heatran|41/100|[from] item: Leftovers
|-fieldend|Misty Terrain
|upkeep
|turn|28
|
|t:|1606883440
|switch|p2a: Rillaboom|Rillaboom, F|93/100
|-fieldstart|move: Grassy Terrain|[from] ability: Grassy Surge|[of] p2a: Rillaboom
|move|p1a: Slowking|Hydro Pump|p2a: Rillaboom
|-resisted|p2a: Rillaboom
|-damage|p2a: Rillaboom|69/100
|
|-heal|p2a: Rillaboom|76/100|[from] Grassy Terrain
|-heal|p1a: Slowking|92/100|[from] Grassy Terrain
|upkeep
|turn|29
|
|t:|1606883449
|switch|p1a: Hippowdon|Hippowdon, F|100/100
|move|p2a: Rillaboom|Knock Off|p1a: Hippowdon
|-damage|p1a: Hippowdon|82/100
|
|-heal|p2a: Rillaboom|82/100|[from] Grassy Terrain
|-heal|p1a: Hippowdon|88/100|[from] Grassy Terrain
|upkeep
|turn|30
|
|t:|1606883459
|switch|p2a: Spectrier|Spectrier|100/100
|move|p1a: Hippowdon|Stealth Rock|p2a: Spectrier
|-sidestart|p2: ThedebatableReaper|move: Stealth Rock
|
|-heal|p1a: Hippowdon|94/100|[from] Grassy Terrain
|upkeep
|turn|31
|
|t:|1606883467
|switch|p1a: Slowking|Slowking-Galar, M|100/100
|move|p2a: Spectrier|Will-O-Wisp|p1a: Slowking
|-status|p1a: Slowking|brn
|
|-damage|p1a: Slowking|94/100 brn|[from] brn
|upkeep
|turn|32
|
|t:|1606883477
|switch|p2a: Heatran|Heatran, M|41/100
|-damage|p2a: Heatran|29/100|[from] Stealth Rock
|move|p1a: Slowking|Hydro Pump|p2a: Heatran
|-supereffective|p2a: Heatran
|-damage|p2a: Heatran|0 fnt
|faint|p2a: Heatran
|
|-heal|p1a: Slowking|100/100 brn|[from] Grassy Terrain
|-fieldend|move: Grassy Terrain
|-damage|p1a: Slowking|94/100 brn|[from] brn
|upkeep
|
|t:|1606883487
|switch|p2a: Rillaboom|Rillaboom, F|82/100
|-damage|p2a: Rillaboom|69/100|[from] Stealth Rock
|-fieldstart|move: Grassy Terrain|[from] ability: Grassy Surge|[of] p2a: Rillaboom
|turn|33
|
|t:|1606883494
|move|p2a: Rillaboom|Wood Hammer|p1a: Slowking
|-resisted|p1a: Slowking
|-damage|p1a: Slowking|23/100 brn
|-damage|p2a: Rillaboom|45/100|[from] Recoil
|move|p1a: Slowking|Sludge Bomb|p2a: Rillaboom
|-supereffective|p2a: Rillaboom
|-damage|p2a: Rillaboom|0 fnt
|faint|p2a: Rillaboom
|
|-heal|p1a: Slowking|29/100 brn|[from] Grassy Terrain
|-damage|p1a: Slowking|23/100 brn|[from] brn
|upkeep
|-message|ThedebatableReaper forfeited.
|
|win|70to90gxe
|l|☆ThedebatableReaper
|raw|70to90gxe's rating: 2094 &rarr; <strong>2103</strong><br />(+9 for winning)
|raw|ThedebatableReaper's rating: 1874 &rarr; <strong>1865</strong><br />(-9 for losing)
