|j|☆Libaa
|j|☆jawabarat
|t:|1650716221
|gametype|singles
|player|p1|Libaa|bianca-pwt|1806
|player|p2|jawabarat|artist-gen4|1851
|teamsize|p1|6
|teamsize|p2|6
|gen|8
|tier|[Gen 8] OU
|rated|
|rule|Sleep Clause Mod: Limit one foe put to sleep
|rule|Species Clause: Limit one of each Pokémon
|rule|OHKO Clause: OHKO moves are banned
|rule|Evasion Moves Clause: Evasion moves are banned
|rule|Endless Battle Clause: Forcing endless battles is banned
|rule|HP Percentage Mod: HP is shown in percentages
|rule|Dynamax Clause: You cannot dynamax
|clearpoke
|poke|p1|Bisharp, F|
|poke|p1|Tapu Koko|
|poke|p1|Landorus-Therian, M|
|poke|p1|Blacephalon|
|poke|p1|Blissey, F|
|poke|p1|Toxapex, M|
|poke|p2|Kartana|
|poke|p2|Weavile, M|
|poke|p2|Dragapult, M|
|poke|p2|Volcanion|
|poke|p2|Landorus-Therian, M|
|poke|p2|Melmetal|
|teampreview
|
|t:|1650716235
|start
|switch|p1a: Tapu Koko|Tapu Koko|100/100
|switch|p2a: DAGDA|Melmetal|100/100
|-fieldstart|move: Electric Terrain|[from] ability: Electric Surge|[of] p1a: Tapu Koko
|turn|1
|
|t:|1650716238
|move|p1a: Tapu Koko|U-turn|p2a: DAGDA
|-resisted|p2a: DAGDA
|-damage|p2a: DAGDA|96/100
|
|t:|1650716240
|switch|p1a: Toxapex|Toxapex, M|100/100|[from]move: U-turn
|move|p2a: DAGDA|Double Iron Bash|p1a: Toxapex
|-resisted|p1a: Toxapex
|-damage|p1a: Toxapex|86/100
|-resisted|p1a: Toxapex
|-damage|p1a: Toxapex|73/100
|-hitcount|p1a: Toxapex|2
|
|upkeep
|turn|2
|
|t:|1650716245
|switch|p1a: Landorus|Landorus-Therian, M|100/100
|-ability|p1a: Landorus|Intimidate|boost
|-unboost|p2a: DAGDA|atk|1
|move|p2a: DAGDA|Double Iron Bash|p1a: Landorus
|-damage|p1a: Landorus|72/100
|-damage|p1a: Landorus|47/100
|-hitcount|p1a: Landorus|2
|
|-heal|p1a: Landorus|53/100|[from] item: Leftovers
|upkeep
|turn|3
|
|t:|1650716254
|switch|p2a: LEADERSHIP STARS|Landorus-Therian, M|100/100
|-ability|p2a: LEADERSHIP STARS|Intimidate|boost
|-unboost|p1a: Landorus|atk|1
|move|p1a: Landorus|U-turn|p2a: LEADERSHIP STARS
|-resisted|p2a: LEADERSHIP STARS
|-damage|p2a: LEADERSHIP STARS|93/100
|inactive|Battle timer is ON: inactive players will automatically lose when time's up. (requested by jawabarat)
|j| gt7u4i.ah2k
|
|t:|1650716265
|switch|p1a: Toxapex|Toxapex, M|100/100|[from]move: U-turn
|
|-heal|p2a: LEADERSHIP STARS|99/100|[from] item: Leftovers
|upkeep
|turn|4
|
|t:|1650716272
|move|p2a: LEADERSHIP STARS|U-turn|p1a: Toxapex
|-resisted|p1a: Toxapex
|-damage|p1a: Toxapex|94/100
|-damage|p2a: LEADERSHIP STARS|83/100|[from] item: Rocky Helmet|[of] p1a: Toxapex
|
|t:|1650716276
|switch|p2a: EYVEL|Volcanion|100/100|[from]move: U-turn
|move|p1a: Toxapex|Scald|p2a: EYVEL
|-immune|p2a: EYVEL|[from] ability: Water Absorb
|
|upkeep
|turn|5
|
|t:|1650716286
|switch|p1a: Blissey|Blissey, F|100/100
|move|p2a: EYVEL|Earth Power|p1a: Blissey
|-damage|p1a: Blissey|89/100
|
|-fieldend|move: Electric Terrain
|upkeep
|turn|6
|
|t:|1650716291
|switch|p2a: PUGI|Weavile, M|100/100
|-ability|p2a: PUGI|Pressure
|move|p1a: Blissey|Stealth Rock|p2a: PUGI
|-sidestart|p2: jawabarat|move: Stealth Rock
|
|upkeep
|turn|7
|
|t:|1650716294
|switch|p1a: Tapu Koko|Tapu Koko|100/100
|-fieldstart|move: Electric Terrain|[from] ability: Electric Surge|[of] p1a: Tapu Koko
|move|p2a: PUGI|Beat Up|p1a: Tapu Koko
|-resisted|p1a: Tapu Koko
|-damage|p1a: Tapu Koko|92/100
|-resisted|p1a: Tapu Koko
|-damage|p1a: Tapu Koko|83/100
|-resisted|p1a: Tapu Koko
|-damage|p1a: Tapu Koko|73/100
|-resisted|p1a: Tapu Koko
|-damage|p1a: Tapu Koko|65/100
|-resisted|p1a: Tapu Koko
|-crit|p1a: Tapu Koko
|-damage|p1a: Tapu Koko|50/100
|-resisted|p1a: Tapu Koko
|-damage|p1a: Tapu Koko|38/100
|-hitcount|p1a: Tapu Koko|6
|
|upkeep
|turn|8
|
|t:|1650716308
|move|p1a: Tapu Koko|Thunderbolt|p2a: PUGI
|-damage|p2a: PUGI|0 fnt
|faint|p2a: PUGI
|
|upkeep
|
|t:|1650716311
|switch|p2a: LEADERSHIP STARS|Landorus-Therian, M|83/100
|-damage|p2a: LEADERSHIP STARS|71/100|[from] Stealth Rock
|-ability|p2a: LEADERSHIP STARS|Intimidate|boost
|-unboost|p1a: Tapu Koko|atk|1
|turn|9
|
|t:|1650716317
|switch|p1a: Landorus|Landorus-Therian, M|53/100
|-ability|p1a: Landorus|Intimidate|boost
|-unboost|p2a: LEADERSHIP STARS|atk|1
|move|p2a: LEADERSHIP STARS|Stealth Rock|p1a: Landorus
|-sidestart|p1: Libaa|move: Stealth Rock
|
|-heal|p2a: LEADERSHIP STARS|77/100|[from] item: Leftovers
|-heal|p1a: Landorus|59/100|[from] item: Leftovers
|upkeep
|turn|10
|
|t:|1650716323
|move|p2a: LEADERSHIP STARS|U-turn|p1a: Landorus
|-resisted|p1a: Landorus
|-damage|p1a: Landorus|52/100
|
|t:|1650716326
|switch|p2a: EYVEL|Volcanion|100/100|[from]move: U-turn
|move|p1a: Landorus|Defog|p2a: EYVEL
|-unboost|p2a: EYVEL|evasion|1
|-sideend|p2: jawabarat|Stealth Rock|[from] move: Defog|[of] p1a: Landorus
|-sideend|p1: Libaa|Stealth Rock|[from] move: Defog|[of] p1a: Landorus
|-fieldend|move: Electric Terrain
|
|-heal|p1a: Landorus|58/100|[from] item: Leftovers
|upkeep
|turn|11
|
|t:|1650716333
|switch|p2a: DAGDA|Melmetal|96/100
|switch|p1a: Blissey|Blissey, F|89/100
|
|upkeep
|turn|12
|
|t:|1650716343
|switch|p1a: Toxapex|Toxapex, M|100/100
|move|p2a: DAGDA|Thunder Punch|p1a: Toxapex
|-supereffective|p1a: Toxapex
|-damage|p1a: Toxapex|54/100
|
|upkeep
|turn|13
|
|t:|1650716348
|move|p1a: Toxapex|Baneful Bunker|p1a: Toxapex
|-singleturn|p1a: Toxapex|move: Protect
|move|p2a: DAGDA|Double Iron Bash|p1a: Toxapex
|-activate|p1a: Toxapex|move: Protect
|
|upkeep
|turn|14
|
|t:|1650716353
|move|p2a: DAGDA|Double Iron Bash|p1a: Toxapex
|-resisted|p1a: Toxapex
|-damage|p1a: Toxapex|40/100
|-resisted|p1a: Toxapex
|-damage|p1a: Toxapex|27/100
|-hitcount|p1a: Toxapex|2
|cant|p1a: Toxapex|flinch
|
|upkeep
|turn|15
|
|t:|1650716360
|move|p1a: Toxapex|Baneful Bunker|p1a: Toxapex
|-singleturn|p1a: Toxapex|move: Protect
|move|p2a: DAGDA|Double Iron Bash|p1a: Toxapex
|-activate|p1a: Toxapex|move: Protect
|
|upkeep
|turn|16
|
|t:|1650716363
|switch|p1a: Blacephalon|Blacephalon|100/100
|move|p2a: DAGDA|Double Iron Bash|p1a: Blacephalon
|-resisted|p1a: Blacephalon
|-damage|p1a: Blacephalon|51/100
|-resisted|p1a: Blacephalon
|-damage|p1a: Blacephalon|0 fnt
|faint|p1a: Blacephalon
|-hitcount|p1: Blacephalon|2
|
|upkeep
|
|t:|1650716372
|switch|p1a: Landorus|Landorus-Therian, M|58/100
|-ability|p1a: Landorus|Intimidate|boost
|-unboost|p2a: DAGDA|atk|1
|turn|17
|
|t:|1650716379
|switch|p2a: LEADERSHIP STARS|Landorus-Therian, M|77/100
|-ability|p2a: LEADERSHIP STARS|Intimidate|boost
|-unboost|p1a: Landorus|atk|1
|move|p1a: Landorus|U-turn|p2a: LEADERSHIP STARS
|-resisted|p2a: LEADERSHIP STARS
|-damage|p2a: LEADERSHIP STARS|70/100
|j| bdgnfhhfgjdx
|
|t:|1650716384
|switch|p1a: Blissey|Blissey, F|89/100|[from]move: U-turn
|
|-heal|p2a: LEADERSHIP STARS|76/100|[from] item: Leftovers
|upkeep
|turn|18
|
|t:|1650716393
|move|p2a: LEADERSHIP STARS|U-turn|p1a: Blissey
|-damage|p1a: Blissey|70/100
|
|t:|1650716394
|switch|p2a: DAGDA|Melmetal|96/100|[from]move: U-turn
|move|p1a: Blissey|Soft-Boiled|p1a: Blissey
|-heal|p1a: Blissey|100/100
|
|upkeep
|turn|19
|j| alexboil
|
|t:|1650716399
|switch|p1a: Landorus|Landorus-Therian, M|58/100
|-ability|p1a: Landorus|Intimidate|boost
|-unboost|p2a: DAGDA|atk|1
|move|p2a: DAGDA|Thunder Punch|p1a: Landorus
|-immune|p1a: Landorus
|
|-heal|p1a: Landorus|64/100|[from] item: Leftovers
|upkeep
|turn|20
|
|t:|1650716413
|move|p1a: Landorus|Earthquake|p2a: DAGDA
|-supereffective|p2a: DAGDA
|-damage|p2a: DAGDA|40/100
|move|p2a: DAGDA|Thunder Punch|p1a: Landorus
|-immune|p1a: Landorus
|
|-heal|p1a: Landorus|70/100|[from] item: Leftovers
|upkeep
|turn|21
|
|t:|1650716416
|switch|p2a: LEADERSHIP STARS|Landorus-Therian, M|76/100
|-ability|p2a: LEADERSHIP STARS|Intimidate|boost
|-unboost|p1a: Landorus|atk|1
|move|p1a: Landorus|Earthquake|p2a: LEADERSHIP STARS
|-immune|p2a: LEADERSHIP STARS
|
|-heal|p2a: LEADERSHIP STARS|82/100|[from] item: Leftovers
|-heal|p1a: Landorus|76/100|[from] item: Leftovers
|upkeep
|turn|22
|
|t:|1650716421
|move|p2a: LEADERSHIP STARS|Stealth Rock|p1a: Landorus
|-sidestart|p1: Libaa|move: Stealth Rock
|move|p1a: Landorus|Toxic|p2a: LEADERSHIP STARS
|-status|p2a: LEADERSHIP STARS|tox
|
|-heal|p2a: LEADERSHIP STARS|88/100 tox|[from] item: Leftovers
|-heal|p1a: Landorus|82/100|[from] item: Leftovers
|-damage|p2a: LEADERSHIP STARS|82/100 tox|[from] psn
|upkeep
|turn|23
|
|t:|1650716426
|switch|p1a: Toxapex|Toxapex, M|61/100
|-damage|p1a: Toxapex|48/100|[from] Stealth Rock
|move|p2a: LEADERSHIP STARS|Toxic|p1a: Toxapex
|-immune|p1a: Toxapex
|
|-heal|p2a: LEADERSHIP STARS|88/100 tox|[from] item: Leftovers
|-damage|p2a: LEADERSHIP STARS|76/100 tox|[from] psn
|upkeep
|turn|24
|
|t:|1650716432
|switch|p2a: EYVEL|Volcanion|100/100
|move|p1a: Toxapex|Baneful Bunker||[still]
|-fail|p1a: Toxapex
|
|upkeep
|turn|25
|
|t:|1650716439
|switch|p2a: DAGDA|Melmetal|40/100
|switch|p1a: Blissey|Blissey, F|100/100
|
|upkeep
|turn|26
|
|t:|1650716442
|switch|p1a: Landorus|Landorus-Therian, M|82/100
|-damage|p1a: Landorus|70/100|[from] Stealth Rock
|-ability|p1a: Landorus|Intimidate|boost
|-unboost|p2a: DAGDA|atk|1
|move|p2a: DAGDA|Double Iron Bash|p1a: Landorus
|-damage|p1a: Landorus|45/100
|-damage|p1a: Landorus|20/100
|-hitcount|p1a: Landorus|2
|
|-heal|p1a: Landorus|26/100|[from] item: Leftovers
|upkeep
|turn|27
|
|t:|1650716447
|move|p1a: Landorus|Earthquake|p2a: DAGDA
|-supereffective|p2a: DAGDA
|-damage|p2a: DAGDA|0 fnt
|faint|p2a: DAGDA
|
|-heal|p1a: Landorus|32/100|[from] item: Leftovers
|upkeep
|
|t:|1650716450
|switch|p2a: FOG OF WAR|Dragapult, M|100/100
|turn|28
|
|t:|1650716461
|move|p2a: FOG OF WAR|U-turn|p1a: Landorus
|-resisted|p1a: Landorus
|-damage|p1a: Landorus|16/100
|
|t:|1650716464
|switch|p2a: LEADERSHIP STARS|Landorus-Therian, M|76/100 tox|[from]move: U-turn
|-ability|p2a: LEADERSHIP STARS|Intimidate|boost
|-unboost|p1a: Landorus|atk|1
|move|p1a: Landorus|Defog|p2a: LEADERSHIP STARS
|-unboost|p2a: LEADERSHIP STARS|evasion|1
|-sideend|p1: Libaa|Stealth Rock|[from] move: Defog|[of] p1a: Landorus
|
|-heal|p2a: LEADERSHIP STARS|82/100 tox|[from] item: Leftovers
|-heal|p1a: Landorus|22/100|[from] item: Leftovers
|-damage|p2a: LEADERSHIP STARS|76/100 tox|[from] psn
|upkeep
|turn|29
|
|t:|1650716477
|switch|p1a: Blissey|Blissey, F|100/100
|move|p2a: LEADERSHIP STARS|Stealth Rock|p1a: Blissey
|-sidestart|p1: Libaa|move: Stealth Rock
|
|-heal|p2a: LEADERSHIP STARS|82/100 tox|[from] item: Leftovers
|-damage|p2a: LEADERSHIP STARS|70/100 tox|[from] psn
|upkeep
|turn|30
|
|t:|1650716482
|move|p2a: LEADERSHIP STARS|U-turn|p1a: Blissey
|-damage|p1a: Blissey|81/100
|
|t:|1650716490
|switch|p2a: MARTY PARTY|Kartana|100/100|[from]move: U-turn
|move|p1a: Blissey|Stealth Rock|p2a: MARTY PARTY
|-sidestart|p2: jawabarat|move: Stealth Rock
|
|upkeep
|turn|31
|
|t:|1650716494
|switch|p1a: Toxapex|Toxapex, M|82/100
|-damage|p1a: Toxapex|69/100|[from] Stealth Rock
|move|p2a: MARTY PARTY|Leaf Blade|p1a: Toxapex
|-crit|p1a: Toxapex
|-damage|p1a: Toxapex|19/100
|-damage|p2a: MARTY PARTY|84/100|[from] item: Rocky Helmet|[of] p1a: Toxapex
|
|upkeep
|turn|32
|
|t:|1650716506
|switch|p1a: Landorus|Landorus-Therian, M|22/100
|-damage|p1a: Landorus|10/100|[from] Stealth Rock
|-ability|p1a: Landorus|Intimidate|boost
|-unboost|p2a: MARTY PARTY|atk|1
|move|p2a: MARTY PARTY|Leaf Blade|p1a: Landorus
|-crit|p1a: Landorus
|-damage|p1a: Landorus|0 fnt
|faint|p1a: Landorus
|-ability|p2a: MARTY PARTY|Beast Boost|boost
|-boost|p2a: MARTY PARTY|atk|1
|
|upkeep
|
|t:|1650716508
|switch|p1a: Bisharp|Bisharp, F|100/100
|-damage|p1a: Bisharp|95/100|[from] Stealth Rock
|turn|33
|
|t:|1650716514
|switch|p2a: EYVEL|Volcanion|100/100
|move|p1a: Bisharp|Knock Off|p2a: EYVEL
|-damage|p2a: EYVEL|40/100
|-enditem|p2a: EYVEL|Heavy-Duty Boots|[from] move: Knock Off|[of] p1a: Bisharp
|-damage|p1a: Bisharp|85/100|[from] item: Life Orb
|
|upkeep
|turn|34
|
|t:|1650716524
|switch|p2a: MARTY PARTY|Kartana|84/100
|-damage|p2a: MARTY PARTY|78/100|[from] Stealth Rock
|move|p1a: Bisharp|Knock Off|p2a: MARTY PARTY
|-damage|p2a: MARTY PARTY|6/100
|-enditem|p2a: MARTY PARTY|Choice Scarf|[from] move: Knock Off|[of] p1a: Bisharp
|-damage|p1a: Bisharp|75/100|[from] item: Life Orb
|
|upkeep
|turn|35
|
|t:|1650716529
|move|p1a: Bisharp|Sucker Punch|p2a: MARTY PARTY
|-damage|p2a: MARTY PARTY|0 fnt
|faint|p2a: MARTY PARTY
|-damage|p1a: Bisharp|65/100|[from] item: Life Orb
|
|upkeep
|-message|jawabarat forfeited.
|
|win|Libaa
|raw|Libaa's rating: 1806 &rarr; <strong>1829</strong><br />(+23 for winning)
|raw|jawabarat's rating: 1851 &rarr; <strong>1828</strong><br />(-23 for losing)
|l| bdgnfhhfgjdx
|c|☆Libaa|gg
|l|☆Libaa
|l| alexboil
