|raw|<div class="broadcast-blue"><strong>This battle is required to be public due to a player having a name starting with 'lt94je'.</div>
|j|☆LT94JenPlsComeBack
|j|☆bramitoboy
|t:|1661096083
|gametype|singles
|player|p1|LT94JenPlsComeBack|korrina-masters|1770
|player|p2|bramitoboy|1|1869
|teamsize|p1|6
|teamsize|p2|6
|gen|8
|tier|[Gen 8] OU
|rated|
|rule|Sleep Clause Mod: Limit one foe put to sleep
|rule|Species Clause: Limit one of each Pokémon
|rule|OHKO Clause: OHKO moves are banned
|rule|Evasion Items Clause: Evasion items are banned
|rule|Evasion Moves Clause: Evasion moves are banned
|rule|Endless Battle Clause: Forcing endless battles is banned
|rule|HP Percentage Mod: HP is shown in percentages
|rule|Dynamax Clause: You cannot dynamax
|clearpoke
|poke|p1|Pelipper, F|
|poke|p1|Barraskewda, F|
|poke|p1|Regieleki|
|poke|p1|Tapu Lele|
|poke|p1|Landorus-Therian, M|
|poke|p1|Ferrothorn, M|
|poke|p2|Zarude-Dada|
|poke|p2|Keldeo-Resolute|
|poke|p2|Tapu Lele|
|poke|p2|Tapu Koko|
|poke|p2|Heatran, F|
|poke|p2|Landorus-Therian, M|
|teampreview
|
|t:|1661096094
|start
|switch|p1a: Landorus|Landorus-Therian, M|100/100
|switch|p2a: Heatran|Heatran, F|100/100
|-ability|p1a: Landorus|Intimidate|boost
|-unboost|p2a: Heatran|atk|1
|-item|p2a: Heatran|Air Balloon
|turn|1
|
|t:|1661096100
|move|p1a: Landorus|Stealth Rock|p2a: Heatran
|-sidestart|p2: bramitoboy|move: Stealth Rock
|move|p2a: Heatran|Stealth Rock|p1a: Landorus
|-sidestart|p1: LT94JenPlsComeBack|move: Stealth Rock
|
|upkeep
|turn|2
|inactive|Battle timer is ON: inactive players will automatically lose when time's up. (requested by bramitoboy)
|
|t:|1661096129
|move|p1a: Landorus|U-turn|p2a: Heatran
|-resisted|p2a: Heatran
|-damage|p2a: Heatran|96/100
|-enditem|p2a: Heatran|Air Balloon
|
|t:|1661096131
|switch|p1a: Pelipper|Pelipper, F|100/100|[from]move: U-turn
|-damage|p1a: Pelipper|76/100|[from] Stealth Rock
|-weather|RainDance|[from] ability: Drizzle|[of] p1a: Pelipper
|move|p2a: Heatran|Magma Storm|p1a: Pelipper
|-resisted|p1a: Pelipper
|-damage|p1a: Pelipper|52/100
|-activate|p1a: Pelipper|move: Magma Storm|[of] p2a: Heatran
|
|-weather|RainDance|[upkeep]
|-damage|p1a: Pelipper|40/100|[from] move: Magma Storm|[partiallytrapped]
|upkeep
|turn|3
|j| Wish iwas gud
|
|t:|1661096143
|switch|p2a: Zarude|Zarude-Dada|100/100
|-damage|p2a: Zarude|88/100|[from] Stealth Rock
|move|p1a: Pelipper|Surf|p2a: Zarude
|-resisted|p2a: Zarude
|-damage|p2a: Zarude|42/100
|
|-weather|RainDance|[upkeep]
|-end|p1a: Pelipper|Magma Storm|[partiallytrapped]|[silent]
|upkeep
|turn|4
|j| Forwards
|
|t:|1661096153
|switch|p2a: Heatran|Heatran, F|96/100
|-damage|p2a: Heatran|83/100|[from] Stealth Rock
|switch|p1a: Landorus|Landorus-Therian, M|100/100
|-damage|p1a: Landorus|88/100|[from] Stealth Rock
|-ability|p1a: Landorus|Intimidate|boost
|-unboost|p2a: Heatran|atk|1
|
|-weather|RainDance|[upkeep]
|-heal|p1a: Landorus|94/100|[from] item: Leftovers
|upkeep
|turn|5
|l| Forwards
|j| TOJK
|
|t:|1661096179
|move|p1a: Landorus|Earthquake|p2a: Heatran
|-supereffective|p2a: Heatran
|-damage|p2a: Heatran|0 fnt
|faint|p2a: Heatran
|
|-weather|RainDance|[upkeep]
|-heal|p1a: Landorus|99/100|[from] item: Leftovers
|upkeep
|
|t:|1661096182
|switch|p2a: Keldeo|Keldeo-Resolute|100/100
|-damage|p2a: Keldeo|94/100|[from] Stealth Rock
|turn|6
|j| taldolg
|inactive|LT94JenPlsComeBack has 120 seconds left.
|
|t:|1661096210
|switch|p1a: Regieleki|Regieleki|100/100
|move|p2a: Keldeo|Scald|p1a: Regieleki
|-damage|p1a: Regieleki|0 fnt
|faint|p1a: Regieleki
|
|-weather|none
|-heal|p2a: Keldeo|100/100|[from] item: Leftovers
|upkeep
|
|t:|1661096211
|switch|p1a: Tapu Lele|Tapu Lele|100/100
|-damage|p1a: Tapu Lele|88/100|[from] Stealth Rock
|-fieldstart|move: Psychic Terrain|[from] ability: Psychic Surge|[of] p1a: Tapu Lele
|turn|7
|c|☆bramitoboy|I hate this team
|
|t:|1661096225
|switch|p2a: Zarude|Zarude-Dada|42/100
|-damage|p2a: Zarude|29/100|[from] Stealth Rock
|move|p1a: Tapu Lele|Moonblast|p2a: Zarude
|-supereffective|p2a: Zarude
|-damage|p2a: Zarude|0 fnt
|faint|p2a: Zarude
|
|upkeep
|j| just nimmemja
|
|t:|1661096233
|switch|p2a: Tapu Lele|Tapu Lele|100/100
|-damage|p2a: Tapu Lele|88/100|[from] Stealth Rock
|turn|8
|
|t:|1661096242
|switch|p1a: Ferrothorn|Ferrothorn, M|100/100
|-damage|p1a: Ferrothorn|94/100|[from] Stealth Rock
|move|p2a: Tapu Lele|Moonblast|p1a: Ferrothorn
|-resisted|p1a: Ferrothorn
|-damage|p1a: Ferrothorn|78/100
|
|-heal|p1a: Ferrothorn|84/100|[from] item: Leftovers
|upkeep
|turn|9
|
|t:|1661096248
|move|p2a: Tapu Lele|Focus Blast|p1a: Ferrothorn|[miss]
|-miss|p2a: Tapu Lele|p1a: Ferrothorn
|move|p1a: Ferrothorn|Iron Head|p2a: Tapu Lele
|-supereffective|p2a: Tapu Lele
|-damage|p2a: Tapu Lele|9/100
|
|-heal|p1a: Ferrothorn|91/100|[from] item: Leftovers
|upkeep
|turn|10
|
|t:|1661096263
|move|p2a: Tapu Lele|Focus Blast|p1a: Ferrothorn
|-supereffective|p1a: Ferrothorn
|-damage|p1a: Ferrothorn|31/100
|move|p1a: Ferrothorn|Spikes|p2a: Tapu Lele
|-sidestart|p2: bramitoboy|Spikes
|
|-heal|p1a: Ferrothorn|37/100|[from] item: Leftovers
|upkeep
|turn|11
|
|t:|1661096268
|move|p2a: Tapu Lele|Focus Blast|p1a: Ferrothorn
|-supereffective|p1a: Ferrothorn
|-damage|p1a: Ferrothorn|0 fnt
|faint|p1a: Ferrothorn
|
|-fieldend|move: Psychic Terrain
|upkeep
|
|t:|1661096285
|switch|p1a: Barraskewda|Barraskewda, F|100/100
|-damage|p1a: Barraskewda|88/100|[from] Stealth Rock
|turn|12
|
|t:|1661096289
|move|p1a: Barraskewda|Flip Turn|p2a: Tapu Lele
|-damage|p2a: Tapu Lele|0 fnt
|faint|p2a: Tapu Lele
|
|t:|1661096305
|switch|p1a: Tapu Lele|Tapu Lele|88/100|[from]move: Flip Turn
|-damage|p1a: Tapu Lele|76/100|[from] Stealth Rock
|-fieldstart|move: Psychic Terrain|[from] ability: Psychic Surge|[of] p1a: Tapu Lele
|
|upkeep
|
|t:|1661096314
|switch|p2a: Tapu Koko|Tapu Koko|100/100
|-damage|p2a: Tapu Koko|88/100|[from] Stealth Rock
|-damage|p2a: Tapu Koko|76/100|[from] Spikes
|-fieldstart|move: Electric Terrain|[from] ability: Electric Surge|[of] p2a: Tapu Koko
|turn|13
|
|t:|1661096325
|move|p2a: Tapu Koko|Volt Switch|p1a: Tapu Lele
|-damage|p1a: Tapu Lele|26/100
|
|t:|1661096331
|switch|p2a: Landorus|Landorus-Therian, M|100/100|[from]move: Volt Switch
|-damage|p2a: Landorus|88/100|[from] Stealth Rock
|-ability|p2a: Landorus|Intimidate|boost
|-unboost|p1a: Tapu Lele|atk|1
|move|p1a: Tapu Lele|Moonblast|p2a: Landorus
|-damage|p2a: Landorus|28/100
|
|upkeep
|turn|14
|c| Wish iwas gud|Scarf koko
|
|t:|1661096336
|move|p1a: Tapu Lele|Moonblast|p2a: Landorus
|-damage|p2a: Landorus|0 fnt
|faint|p2a: Landorus
|
|upkeep
|
|t:|1661096340
|switch|p2a: Tapu Koko|Tapu Koko|76/100
|-damage|p2a: Tapu Koko|63/100|[from] Stealth Rock
|-damage|p2a: Tapu Koko|51/100|[from] Spikes
|turn|15
|
|t:|1661096343
|switch|p1a: Pelipper|Pelipper, F|40/100
|-damage|p1a: Pelipper|15/100|[from] Stealth Rock
|-weather|RainDance|[from] ability: Drizzle|[of] p1a: Pelipper
|move|p2a: Tapu Koko|Dazzling Gleam|p1a: Pelipper
|-damage|p1a: Pelipper|0 fnt
|faint|p1a: Pelipper
|
|-weather|RainDance|[upkeep]
|upkeep
|
|t:|1661096345
|switch|p1a: Barraskewda|Barraskewda, F|88/100
|-damage|p1a: Barraskewda|76/100|[from] Stealth Rock
|turn|16
|
|t:|1661096351
|move|p1a: Barraskewda|Liquidation|p2a: Tapu Koko
|-damage|p2a: Tapu Koko|0 fnt
|faint|p2a: Tapu Koko
|
|-weather|RainDance|[upkeep]
|upkeep
|j| Nom-interdit)
|c|☆bramitoboy|fucking counter team
|-message|bramitoboy forfeited.
|
|win|LT94JenPlsComeBack
|raw|LT94JenPlsComeBack's rating: 1763 &rarr; <strong>1789</strong><br />(+26 for winning)
|raw|bramitoboy's rating: 1869 &rarr; <strong>1843</strong><br />(-26 for losing)
|l|☆bramitoboy
|l| TOJK
|l|☆LT94JenPlsComeBack
|l| Wish iwas gud
||Ladder isn't responding, score probably updated but might not have (Request timeout).
