|j|☆alola420
|j|☆lebanesestinker
|t:|1626635601
|gametype|singles
|player|p1|alola420|volkner|1578
|player|p2|lebanesestinker|policeman|1635
|teamsize|p1|6
|teamsize|p2|6
|gen|8
|tier|[Gen 8] OU
|rated|
|rule|Sleep Clause Mod: Limit one foe put to sleep
|rule|Species Clause: Limit one of each Pokémon
|rule|OHKO Clause: OHKO moves are banned
|rule|Evasion Moves Clause: Evasion moves are banned
|rule|Endless Battle Clause: Forcing endless battles is banned
|rule|HP Percentage Mod: HP is shown in percentages
|rule|Dynamax Clause: You cannot dynamax
|clearpoke
|poke|p1|Zapdos|
|poke|p1|Aegislash, M|
|poke|p1|Rillaboom, M|
|poke|p1|Urshifu-*, M|
|poke|p1|Landorus-Therian, M|
|poke|p1|Chansey, F|
|poke|p2|Zapdos|
|poke|p2|Kyurem|
|poke|p2|Swampert, F|
|poke|p2|Blissey, F|
|poke|p2|Tapu Lele|
|poke|p2|Magnezone|
|teampreview
|inactive|Battle timer is ON: inactive players will automatically lose when time's up. (requested by alola420)
|
|t:|1626635631
|start
|switch|p1a: Rillaboom|Rillaboom, M|100/100
|switch|p2a: Kyurem|Kyurem, shiny|100/100
|-ability|p2a: Kyurem|Pressure
|-fieldstart|move: Grassy Terrain|[from] ability: Grassy Surge|[of] p1a: Rillaboom
|turn|1
|
|t:|1626635638
|switch|p1a: Chansey|Chansey, F|100/100
|move|p2a: Kyurem|Ice Beam|p1a: Chansey
|-damage|p1a: Chansey|85/100
|-status|p1a: Chansey|frz
|
|-heal|p1a: Chansey|91/100 frz|[from] Grassy Terrain
|upkeep
|turn|2
|
|t:|1626635647
|switch|p2a: Swampert|Swampert, F|100/100
|-curestatus|p1a: Chansey|frz|[msg]
|move|p1a: Chansey|Stealth Rock|p2a: Swampert
|-sidestart|p2: lebanesestinker|move: Stealth Rock
|
|-heal|p1a: Chansey|97/100|[from] Grassy Terrain
|upkeep
|turn|3
|
|t:|1626635652
|move|p2a: Swampert|Stealth Rock|p1a: Chansey
|-sidestart|p1: alola420|move: Stealth Rock
|move|p1a: Chansey|Toxic|p2a: Swampert
|-status|p2a: Swampert|tox
|
|-heal|p1a: Chansey|100/100|[from] Grassy Terrain
|-damage|p2a: Swampert|94/100 tox|[from] psn
|upkeep
|turn|4
|
|t:|1626635674
|move|p2a: Swampert|Flip Turn|p1a: Chansey
|-damage|p1a: Chansey|87/100
|
|t:|1626635676
|switch|p2a: Blissey|Blissey, F|100/100|[from]move: Flip Turn
|move|p1a: Chansey|Seismic Toss|p2a: Blissey
|-damage|p2a: Blissey|86/100
|
|-heal|p2a: Blissey|93/100|[from] Grassy Terrain
|-heal|p1a: Chansey|93/100|[from] Grassy Terrain
|upkeep
|turn|5
|
|t:|1626635701
|switch|p1a: Aegislash|Aegislash, M|100/100
|-damage|p1a: Aegislash|94/100|[from] Stealth Rock
|move|p2a: Blissey|Teleport|p2a: Blissey
|
|t:|1626635707
|switch|p2a: Magnezone|Magnezone|100/100|[from]move: Teleport
|-damage|p2a: Magnezone|94/100|[from] Stealth Rock
|
|-heal|p1a: Aegislash|100/100|[from] Grassy Terrain
|-heal|p2a: Magnezone|100/100|[from] Grassy Terrain
|-fieldend|move: Grassy Terrain
|upkeep
|turn|6
|inactive|alola420 has 120 seconds left.
|
|t:|1626635732
|switch|p1a: Landorus|Landorus-Therian, M|100/100
|-damage|p1a: Landorus|88/100|[from] Stealth Rock
|-ability|p1a: Landorus|Intimidate|boost
|-unboost|p2a: Magnezone|atk|1
|move|p2a: Magnezone|Thunderbolt|p1a: Landorus
|-immune|p1a: Landorus
|
|upkeep
|turn|7
|inactive|alola420 has 120 seconds left.
|
|t:|1626635745
|switch|p2a: Zapdos|Zapdos|100/100
|move|p1a: Landorus|Knock Off|p2a: Zapdos
|-damage|p2a: Zapdos|77/100
|-enditem|p2a: Zapdos|Heavy-Duty Boots|[from] move: Knock Off|[of] p1a: Landorus
|
|upkeep
|turn|8
|
|t:|1626635754
|switch|p1a: Chansey|Chansey, F|93/100
|-damage|p1a: Chansey|81/100|[from] Stealth Rock
|move|p2a: Zapdos|Hurricane|p1a: Chansey
|-damage|p1a: Chansey|68/100
|
|upkeep
|turn|9
|
|t:|1626635763
|move|p2a: Zapdos|Volt Switch|p1a: Chansey
|-damage|p1a: Chansey|60/100
|
|t:|1626635768
|switch|p2a: Magnezone|Magnezone|100/100|[from]move: Volt Switch
|-damage|p2a: Magnezone|94/100|[from] Stealth Rock
|move|p1a: Chansey|Toxic|p2a: Magnezone|[miss]
|-miss|p1a: Chansey|p2a: Magnezone
|
|upkeep
|turn|10
|
|t:|1626635773
|move|p2a: Magnezone|Flash Cannon|p1a: Chansey
|-damage|p1a: Chansey|47/100
|move|p1a: Chansey|Soft-Boiled|p1a: Chansey
|-heal|p1a: Chansey|97/100
|
|upkeep
|turn|11
|
|t:|1626635781
|move|p2a: Magnezone|Body Press|p1a: Chansey
|-supereffective|p1a: Chansey
|-damage|p1a: Chansey|57/100
|move|p1a: Chansey|Seismic Toss|p2a: Magnezone
|-damage|p2a: Magnezone|59/100
|
|upkeep
|turn|12
|
|t:|1626635788
|move|p2a: Magnezone|Iron Defense|p2a: Magnezone
|-boost|p2a: Magnezone|def|2
|move|p1a: Chansey|Soft-Boiled|p1a: Chansey
|-heal|p1a: Chansey|100/100
|
|upkeep
|turn|13
|inactive|alola420 has 120 seconds left.
|
|t:|1626635845
|switch|p1a: Urshifu|Urshifu-Rapid-Strike, M, shiny|100/100
|-damage|p1a: Urshifu|94/100|[from] Stealth Rock
|move|p2a: Magnezone|Body Press|p1a: Urshifu
|-damage|p1a: Urshifu|42/100
|
|upkeep
|turn|14
|
|t:|1626635854
|move|p1a: Urshifu|Surging Strikes|p2a: Magnezone
|-crit|p2a: Magnezone
|-damage|p2a: Magnezone|32/100
|-crit|p2a: Magnezone
|-damage|p2a: Magnezone|9/100
|-crit|p2a: Magnezone
|-damage|p2a: Magnezone|0 fnt
|faint|p2a: Magnezone
|-hitcount|p2: Magnezone|3
|
|upkeep
|
|t:|1626635862
|switch|p2a: Zapdos|Zapdos|77/100
|-damage|p2a: Zapdos|52/100|[from] Stealth Rock
|turn|15
|
|t:|1626635870
|switch|p1a: Chansey|Chansey, F|100/100
|-damage|p1a: Chansey|88/100|[from] Stealth Rock
|move|p2a: Zapdos|Roost|p2a: Zapdos
|-heal|p2a: Zapdos|100/100
|-singleturn|p2a: Zapdos|move: Roost
|
|upkeep
|turn|16
|
|t:|1626635876
|move|p2a: Zapdos|Volt Switch|p1a: Chansey
|-damage|p1a: Chansey|79/100
|
|t:|1626635878
|switch|p2a: Tapu Lele|Tapu Lele|100/100|[from]move: Volt Switch
|-damage|p2a: Tapu Lele|88/100|[from] Stealth Rock
|-fieldstart|move: Psychic Terrain|[from] ability: Psychic Surge|[of] p2a: Tapu Lele
|move|p1a: Chansey|Toxic|p2a: Tapu Lele
|-status|p2a: Tapu Lele|tox
|
|-damage|p2a: Tapu Lele|82/100 tox|[from] psn
|upkeep
|turn|17
|inactive|alola420 has 120 seconds left.
|
|t:|1626635903
|switch|p1a: Rillaboom|Rillaboom, M|100/100
|-damage|p1a: Rillaboom|88/100|[from] Stealth Rock
|-fieldstart|move: Grassy Terrain|[from] ability: Grassy Surge|[of] p1a: Rillaboom
|move|p2a: Tapu Lele|Psyshock|p1a: Rillaboom
|-damage|p1a: Rillaboom|13/100
|
|-heal|p1a: Rillaboom|20/100|[from] Grassy Terrain
|-heal|p2a: Tapu Lele|88/100 tox|[from] Grassy Terrain
|-damage|p2a: Tapu Lele|76/100 tox|[from] psn
|upkeep
|turn|18
|
|t:|1626635912
|switch|p2a: Zapdos|Zapdos|100/100
|-damage|p2a: Zapdos|75/100|[from] Stealth Rock
|move|p1a: Rillaboom|Knock Off|p2a: Zapdos
|-damage|p2a: Zapdos|54/100
|-damage|p1a: Rillaboom|10/100|[from] item: Life Orb
|
|-heal|p1a: Rillaboom|16/100|[from] Grassy Terrain
|upkeep
|turn|19
|
|t:|1626635937
|switch|p1a: Chansey|Chansey, F|79/100
|-damage|p1a: Chansey|66/100|[from] Stealth Rock
|move|p2a: Zapdos|Roost|p2a: Zapdos
|-heal|p2a: Zapdos|100/100
|-singleturn|p2a: Zapdos|move: Roost
|
|-heal|p1a: Chansey|72/100|[from] Grassy Terrain
|upkeep
|turn|20
|
|t:|1626635942
|move|p2a: Zapdos|Volt Switch|p1a: Chansey
|-damage|p1a: Chansey|64/100
|
|t:|1626635948
|switch|p2a: Tapu Lele|Tapu Lele|76/100 tox|[from]move: Volt Switch
|-damage|p2a: Tapu Lele|63/100 tox|[from] Stealth Rock
|-fieldstart|move: Psychic Terrain|[from] ability: Psychic Surge|[of] p2a: Tapu Lele
|move|p1a: Chansey|Soft-Boiled|p1a: Chansey
|-heal|p1a: Chansey|100/100
|
|-damage|p2a: Tapu Lele|57/100 tox|[from] psn
|upkeep
|turn|21
|inactive|alola420 has 90 seconds left.
|
|t:|1626635982
|switch|p1a: Rillaboom|Rillaboom, M|16/100
|-damage|p1a: Rillaboom|3/100|[from] Stealth Rock
|-fieldstart|move: Grassy Terrain|[from] ability: Grassy Surge|[of] p1a: Rillaboom
|move|p2a: Tapu Lele|Psyshock|p1a: Rillaboom
|-damage|p1a: Rillaboom|0 fnt
|faint|p1a: Rillaboom
|
|-heal|p2a: Tapu Lele|63/100 tox|[from] Grassy Terrain
|-damage|p2a: Tapu Lele|51/100 tox|[from] psn
|upkeep
|inactive|alola420 has 90 seconds left.
|
|t:|1626635992
|switch|p1a: Landorus|Landorus-Therian, M|88/100
|-damage|p1a: Landorus|76/100|[from] Stealth Rock
|-ability|p1a: Landorus|Intimidate|boost
|-unboost|p2a: Tapu Lele|atk|1
|turn|22
|inactive|alola420 has 90 seconds left.
|
|t:|1626635999
|switch|p2a: Zapdos|Zapdos|100/100
|-damage|p2a: Zapdos|75/100|[from] Stealth Rock
|move|p1a: Landorus|Stone Edge|p2a: Zapdos
|-supereffective|p2a: Zapdos
|-damage|p2a: Zapdos|32/100
|
|upkeep
|turn|23
|
|t:|1626636007
|switch|p2a: Swampert|Swampert, F|94/100 tox
|-damage|p2a: Swampert|88/100 tox|[from] Stealth Rock
|move|p1a: Landorus|Stone Edge|p2a: Swampert
|-resisted|p2a: Swampert
|-crit|p2a: Swampert
|-damage|p2a: Swampert|65/100 tox
|
|-heal|p2a: Swampert|71/100 tox|[from] Grassy Terrain
|-heal|p2a: Swampert|77/100 tox|[from] item: Leftovers
|-damage|p2a: Swampert|71/100 tox|[from] psn
|upkeep
|turn|24
|
|t:|1626636017
|switch|p1a: Urshifu|Urshifu-Rapid-Strike, M, shiny|42/100
|-damage|p1a: Urshifu|36/100|[from] Stealth Rock
|move|p2a: Swampert|Flip Turn|p1a: Urshifu
|-resisted|p1a: Urshifu
|-damage|p1a: Urshifu|25/100
|
|t:|1626636025
|switch|p2a: Kyurem|Kyurem, shiny|100/100|[from]move: Flip Turn
|-damage|p2a: Kyurem|76/100|[from] Stealth Rock
|-ability|p2a: Kyurem|Pressure
|
|-heal|p2a: Kyurem|82/100|[from] Grassy Terrain
|-heal|p1a: Urshifu|32/100|[from] Grassy Terrain
|upkeep
|turn|25
|
|t:|1626636032
|switch|p1a: Chansey|Chansey, F|100/100
|-damage|p1a: Chansey|88/100|[from] Stealth Rock
|move|p2a: Kyurem|Freeze-Dry|p1a: Chansey
|-damage|p1a: Chansey|77/100
|-status|p1a: Chansey|frz
|
|-heal|p2a: Kyurem|88/100|[from] Grassy Terrain
|-heal|p1a: Chansey|83/100 frz|[from] Grassy Terrain
|-fieldend|move: Grassy Terrain
|upkeep
|turn|26
|inactive|alola420 has 120 seconds left.
|
|t:|1626636053
|switch|p2a: Tapu Lele|Tapu Lele|51/100 tox
|-damage|p2a: Tapu Lele|39/100 tox|[from] Stealth Rock
|-fieldstart|move: Psychic Terrain|[from] ability: Psychic Surge|[of] p2a: Tapu Lele
|switch|p1a: Zapdos|Zapdos, shiny|100/100
|
|-damage|p2a: Tapu Lele|33/100 tox|[from] psn
|upkeep
|turn|27
|
|t:|1626636061
|move|p1a: Zapdos|Thunderbolt|p2a: Tapu Lele
|-damage|p2a: Tapu Lele|0 fnt
|faint|p2a: Tapu Lele
|
|upkeep
|-message|lebanesestinker forfeited.
|
|win|alola420
|raw|alola420's rating: 1578 &rarr; <strong>1601</strong><br />(+23 for winning)
|raw|lebanesestinker's rating: 1635 &rarr; <strong>1612</strong><br />(-23 for losing)
|l|☆lebanesestinker
||Ladder isn't responding, score probably updated but might not have (Request timeout).
