|raw|<div class="broadcast-blue"><strong>This battle is required to be public due to a player having a name starting with 'lt93oq'.</div>
|j|☆Oryen
|j|☆LT93OQ Eeveeolence
|t:|1660562407
|gametype|singles
|player|p1|Oryen|102|1759
|player|p2|LT93OQ Eeveeolence|acetrainersnow|1846
|teamsize|p1|6
|teamsize|p2|6
|gen|8
|tier|[Gen 8] OU
|rated|
|rule|Sleep Clause Mod: Limit one foe put to sleep
|rule|Species Clause: Limit one of each Pokémon
|rule|OHKO Clause: OHKO moves are banned
|rule|Evasion Items Clause: Evasion items are banned
|rule|Evasion Moves Clause: Evasion moves are banned
|rule|Endless Battle Clause: Forcing endless battles is banned
|rule|HP Percentage Mod: HP is shown in percentages
|rule|Dynamax Clause: You cannot dynamax
|clearpoke
|poke|p1|Urshifu-*, M|
|poke|p1|Tyranitar, M|
|poke|p1|Excadrill, M|
|poke|p1|Zapdos|
|poke|p1|Ferrothorn, M|
|poke|p1|Tapu Lele|
|poke|p2|Volcanion|
|poke|p2|Landorus-Therian, M|
|poke|p2|Primarina, F|
|poke|p2|Scizor, M|
|poke|p2|Weavile, F|
|poke|p2|Zapdos|
|teampreview
|inactive|Battle timer is ON: inactive players will automatically lose when time's up. (requested by LT93OQ Eeveeolence)
|
|t:|1660562424
|start
|switch|p1a: Ferrothorn|Ferrothorn, M|100/100
|switch|p2a: Zapdosorio|Zapdos|100/100
|turn|1
|
|t:|1660562430
|move|p2a: Zapdosorio|Heat Wave|p1a: Ferrothorn
|-supereffective|p1a: Ferrothorn
|-damage|p1a: Ferrothorn|0 fnt
|faint|p1a: Ferrothorn
|
|upkeep
|
|t:|1660562434
|switch|p1a: Tyranitar|Tyranitar, M|100/100
|-weather|Sandstorm|[from] ability: Sand Stream|[of] p1a: Tyranitar
|turn|2
|
|t:|1660562439
|switch|p2a: Sr. Recortes|Scizor, M|100/100
|move|p1a: Tyranitar|Stone Edge|p2a: Sr. Recortes
|-damage|p2a: Sr. Recortes|23/100
|
|-weather|Sandstorm|[upkeep]
|upkeep
|turn|3
|
|t:|1660562445
|switch|p1a: Zapdos|Zapdos|100/100
|move|p2a: Sr. Recortes|Bullet Punch|p1a: Zapdos
|-resisted|p1a: Zapdos
|-damage|p1a: Zapdos|92/100
|
|-weather|Sandstorm|[upkeep]
|-damage|p1a: Zapdos|86/100|[from] Sandstorm
|upkeep
|turn|4
|j| zyzdatianshen
|
|t:|1660562450
|switch|p2a: Landlord|Landorus-Therian, M|100/100
|-ability|p2a: Landlord|Intimidate|boost
|-unboost|p1a: Zapdos|atk|1
|move|p1a: Zapdos|Hurricane|p2a: Landlord
|-damage|p2a: Landlord|63/100
|-start|p2a: Landlord|confusion
|
|-weather|Sandstorm|[upkeep]
|-damage|p1a: Zapdos|80/100|[from] Sandstorm
|-heal|p2a: Landlord|69/100|[from] item: Leftovers
|upkeep
|turn|5
|
|t:|1660562457
|switch|p1a: Urshifu|Urshifu-Rapid-Strike, M|100/100
|switch|p2a: Comaligna|Weavile, F|100/100
|-ability|p2a: Comaligna|Pressure
|
|-weather|Sandstorm|[upkeep]
|-damage|p2a: Comaligna|94/100|[from] Sandstorm
|-damage|p1a: Urshifu|94/100|[from] Sandstorm
|upkeep
|turn|6
|
|t:|1660562463
|switch|p2a: Ashirene|Primarina, F|100/100
|move|p1a: Urshifu|Surging Strikes|p2a: Ashirene
|-resisted|p2a: Ashirene
|-crit|p2a: Ashirene
|-damage|p2a: Ashirene|93/100
|-resisted|p2a: Ashirene
|-crit|p2a: Ashirene
|-damage|p2a: Ashirene|85/100
|-resisted|p2a: Ashirene
|-crit|p2a: Ashirene
|-damage|p2a: Ashirene|77/100
|-hitcount|p2a: Ashirene|3
|
|-weather|none
|upkeep
|turn|7
|
|t:|1660562472
|move|p1a: Urshifu|U-turn|p2a: Ashirene
|-resisted|p2a: Ashirene
|-damage|p2a: Ashirene|66/100
|
|t:|1660562476
|switch|p1a: Tyranitar|Tyranitar, M|100/100|[from]move: U-turn
|-weather|Sandstorm|[from] ability: Sand Stream|[of] p1a: Tyranitar
|move|p2a: Ashirene|Flip Turn|p1a: Tyranitar
|-supereffective|p1a: Tyranitar
|-damage|p1a: Tyranitar|72/100
|
|t:|1660562483
|switch|p2a: Comaligna|Weavile, F|94/100|[from]move: Flip Turn
|-ability|p2a: Comaligna|Pressure
|
|-weather|Sandstorm|[upkeep]
|-damage|p2a: Comaligna|88/100|[from] Sandstorm
|upkeep
|turn|8
|inactive|Oryen has 120 seconds left.
|
|t:|1660562527
|switch|p1a: Urshifu|Urshifu-Rapid-Strike, M|94/100
|move|p2a: Comaligna|Triple Axel|p1a: Urshifu
|-resisted|p1a: Urshifu
|-damage|p1a: Urshifu|86/100
|-resisted|p1a: Urshifu
|-damage|p1a: Urshifu|70/100
|-hitcount|p1a: Urshifu|2
|
|-weather|Sandstorm|[upkeep]
|-damage|p2a: Comaligna|82/100|[from] Sandstorm
|-damage|p1a: Urshifu|64/100|[from] Sandstorm
|upkeep
|turn|9
|j| solitary dream
|inactive|Oryen has 90 seconds left.
|
|t:|1660562574
|switch|p2a: Ashirene|Primarina, F|66/100
|move|p1a: Urshifu|U-turn|p2a: Ashirene
|-resisted|p2a: Ashirene
|-damage|p2a: Ashirene|57/100
|
|t:|1660562586
|switch|p1a: Excadrill|Excadrill, M|100/100|[from]move: U-turn
|
|-weather|Sandstorm|[upkeep]
|-damage|p2a: Ashirene|51/100|[from] Sandstorm
|upkeep
|turn|10
|
|t:|1660562590
|move|p1a: Excadrill|Iron Head|p2a: Ashirene
|-damage|p2a: Ashirene|0 fnt
|-damage|p1a: Excadrill|84/100|[from] item: Rocky Helmet|[of] p2a: Ashirene
|faint|p2a: Ashirene
|
|-weather|Sandstorm|[upkeep]
|upkeep
|
|t:|1660562599
|switch|p2a: Zapdosorio|Zapdos|100/100
|turn|11
|inactive|Oryen has 90 seconds left.
|
|t:|1660562609
|move|p1a: Excadrill|Iron Head|p2a: Zapdosorio
|-resisted|p2a: Zapdosorio
|-damage|p2a: Zapdosorio|58/100
|-status|p1a: Excadrill|par|[from] ability: Static|[of] p2a: Zapdosorio
|move|p2a: Zapdosorio|Volt Switch|p1a: Excadrill
|-immune|p1a: Excadrill
|
|-weather|none
|upkeep
|turn|12
|inactive|Oryen has 90 seconds left.
|
|t:|1660562615
|switch|p2a: Hefesto|Volcanion|100/100
|move|p1a: Excadrill|Iron Head|p2a: Hefesto
|-resisted|p2a: Hefesto
|-damage|p2a: Hefesto|85/100
|
|upkeep
|turn|13
|j| A bigger artist
|inactive|Oryen has 90 seconds left.
|
|t:|1660562635
|switch|p1a: Urshifu|Urshifu-Rapid-Strike, M|64/100
|move|p2a: Hefesto|Steam Eruption|p1a: Urshifu
|-resisted|p1a: Urshifu
|-damage|p1a: Urshifu|17/100
|
|upkeep
|turn|14
|l|abiggerartist
|
|t:|1660562642
|move|p1a: Urshifu|Close Combat|p2a: Hefesto
|-damage|p2a: Hefesto|31/100
|-unboost|p1a: Urshifu|def|1
|-unboost|p1a: Urshifu|spd|1
|move|p2a: Hefesto|Earth Power|p1a: Urshifu
|-damage|p1a: Urshifu|0 fnt
|faint|p1a: Urshifu
|
|upkeep
|inactive|Oryen has 90 seconds left.
|
|t:|1660562678
|switch|p1a: Zapdos|Zapdos|80/100
|turn|15
|
|t:|1660562682
|switch|p2a: Landlord|Landorus-Therian, M|69/100
|-ability|p2a: Landlord|Intimidate|boost
|-unboost|p1a: Zapdos|atk|1
|move|p1a: Zapdos|Hurricane|p2a: Landlord
|-damage|p2a: Landlord|35/100
|-start|p2a: Landlord|confusion
|
|-heal|p2a: Landlord|41/100|[from] item: Leftovers
|upkeep
|turn|16
|l| solitary dream
|
|t:|1660562704
|switch|p1a: Tapu Lele|Tapu Lele, shiny|100/100
|-fieldstart|move: Psychic Terrain|[from] ability: Psychic Surge|[of] p1a: Tapu Lele
|-activate|p2a: Landlord|confusion
|move|p2a: Landlord|U-turn|p1a: Tapu Lele
|-damage|p1a: Tapu Lele|66/100
|
|t:|1660562708
|switch|p2a: Sr. Recortes|Scizor, M|23/100|[from]move: U-turn
|
|upkeep
|turn|17
|
|t:|1660562720
|move|p1a: Tapu Lele|Psyshock|p2a: Sr. Recortes
|-resisted|p2a: Sr. Recortes
|-damage|p2a: Sr. Recortes|0 fnt
|faint|p2a: Sr. Recortes
|
|upkeep
|
|t:|1660562723
|switch|p2a: Comaligna|Weavile, F|82/100
|-ability|p2a: Comaligna|Pressure
|turn|18
|j| Atomise
|
|t:|1660562730
|switch|p1a: Excadrill|Excadrill, M|84/100 par
|move|p2a: Comaligna|Icicle Crash|p1a: Excadrill
|-damage|p1a: Excadrill|0 fnt
|faint|p1a: Excadrill
|
|upkeep
|
|t:|1660562733
|switch|p1a: Tapu Lele|Tapu Lele, shiny|66/100
|turn|19
|l| Atomise
|
|t:|1660562748
|switch|p2a: Landlord|Landorus-Therian, M|41/100
|-ability|p2a: Landlord|Intimidate|boost
|-unboost|p1a: Tapu Lele|atk|1
|move|p1a: Tapu Lele|Moonblast|p2a: Landlord
|-damage|p2a: Landlord|0 fnt
|faint|p2a: Landlord
|
|upkeep
|
|t:|1660562750
|switch|p2a: Hefesto|Volcanion|31/100
|turn|20
|inactive|Oryen has 90 seconds left.
|
|t:|1660562795
|switch|p1a: Tyranitar|Tyranitar, M|72/100
|-weather|Sandstorm|[from] ability: Sand Stream|[of] p1a: Tyranitar
|move|p2a: Hefesto|Steam Eruption|p1a: Tyranitar
|-supereffective|p1a: Tyranitar
|-damage|p1a: Tyranitar|0 fnt
|faint|p1a: Tyranitar
|
|-weather|Sandstorm|[upkeep]
|-damage|p2a: Hefesto|25/100|[from] Sandstorm
|-fieldend|move: Psychic Terrain
|upkeep
|
|t:|1660562798
|switch|p1a: Zapdos|Zapdos|80/100
|turn|21
|
|t:|1660562806
|switch|p2a: Zapdosorio|Zapdos|58/100
|move|p1a: Zapdos|Volt Switch|p2a: Zapdosorio
|-damage|p2a: Zapdosorio|26/100
|
|t:|1660562808
|switch|p1a: Tapu Lele|Tapu Lele, shiny|66/100|[from]move: Volt Switch
|-fieldstart|move: Psychic Terrain|[from] ability: Psychic Surge|[of] p1a: Tapu Lele
|
|-weather|Sandstorm|[upkeep]
|-damage|p1a: Tapu Lele|60/100|[from] Sandstorm
|-damage|p2a: Zapdosorio|20/100|[from] Sandstorm
|upkeep
|turn|22
|
|t:|1660562813
|move|p1a: Tapu Lele|Moonblast|p2a: Zapdosorio
|-damage|p2a: Zapdosorio|0 fnt
|faint|p2a: Zapdosorio
|
|-weather|Sandstorm|[upkeep]
|-damage|p1a: Tapu Lele|54/100|[from] Sandstorm
|upkeep
|j| LT93OQ ffffff
|
|t:|1660562815
|switch|p2a: Hefesto|Volcanion|25/100
|turn|23
|j| LT93OQ adricraxk
|
|t:|1660562830
|move|p1a: Tapu Lele|Moonblast|p2a: Hefesto
|-resisted|p2a: Hefesto
|-damage|p2a: Hefesto|7/100
|move|p2a: Hefesto|Steam Eruption|p1a: Tapu Lele
|-damage|p1a: Tapu Lele|0 fnt
|faint|p1a: Tapu Lele
|
|-weather|Sandstorm|[upkeep]
|-damage|p2a: Hefesto|0 fnt|[from] Sandstorm
|faint|p2a: Hefesto
|upkeep
|c|☆Oryen|ah
|c|☆Oryen|max hp?
|
|t:|1660562844
|switch|p1a: Zapdos|Zapdos|80/100
|switch|p2a: Comaligna|Weavile, F|82/100
|-ability|p2a: Comaligna|Pressure
|turn|24
|
|t:|1660562847
|move|p2a: Comaligna|Icicle Crash|p1a: Zapdos
|-supereffective|p1a: Zapdos
|-damage|p1a: Zapdos|0 fnt
|faint|p1a: Zapdos
|
|win|LT93OQ Eeveeolence
|raw|Oryen's rating: 1759 &rarr; <strong>1744</strong><br />(-15 for losing)
|raw|LT93OQ Eeveeolence's rating: 1846 &rarr; <strong>1861</strong><br />(+15 for winning)
|c|☆Oryen|gg
|c|☆LT93OQ Eeveeolence|gg
|l|☆LT93OQ Eeveeolence
|l|☆Oryen
|l| LT93OQ adricraxk
|j| LT93OQ adricraxk
|l| LT93OQ adricraxk
||Ladder isn't responding, score probably updated but might not have (Request timeout).
|l| LT93OQ ffffff
|j| Matthieu Guettier
|j| arnavgupta
