|j|☆big boss 447
|j|☆SuprBallr
|t:|1648697526
|gametype|singles
|player|p1|big boss 447|harlequin|1703
|player|p2|SuprBallr|265|1809
|teamsize|p1|6
|teamsize|p2|6
|gen|8
|tier|[Gen 8] OU
|rated|
|rule|Sleep Clause Mod: Limit one foe put to sleep
|rule|Species Clause: Limit one of each Pokémon
|rule|OHKO Clause: OHKO moves are banned
|rule|Evasion Moves Clause: Evasion moves are banned
|rule|Endless Battle Clause: Forcing endless battles is banned
|rule|HP Percentage Mod: HP is shown in percentages
|rule|Dynamax Clause: You cannot dynamax
|clearpoke
|poke|p1|Gengar, M|
|poke|p1|Dragapult, F|
|poke|p1|Blacephalon|
|poke|p1|Tyranitar, M|
|poke|p1|Landorus-Therian, M|
|poke|p1|Melmetal|
|poke|p2|Buzzwole|
|poke|p2|Zapdos|
|poke|p2|Slowking-Galar, F|
|poke|p2|Keldeo-Resolute|
|poke|p2|Dragonite, F|
|poke|p2|Victini|
|teampreview
|inactive|Battle timer is ON: inactive players will automatically lose when time's up. (requested by SuprBallr)
|inactive|big boss 447 also wants the timer to be on.
|
|t:|1648697535
|start
|switch|p1a: Dragapult|Dragapult, F|100/100
|switch|p2a: Victini|Victini|100/100
|turn|1
|
|t:|1648697542
|move|p2a: Victini|Trick|p1a: Dragapult
|-activate|p2a: Victini|move: Trick|[of] p1a: Dragapult
|-item|p1a: Dragapult|Choice Scarf|[from] move: Trick
|-item|p2a: Victini|Choice Specs|[from] move: Trick
|move|p1a: Dragapult|Shadow Ball|p2a: Victini
|-supereffective|p2a: Victini
|-damage|p2a: Victini|19/100
|
|upkeep
|turn|2
|
|t:|1648697558
|switch|p2a: Dragonite|Dragonite, F|100/100
|move|p1a: Dragapult|Shadow Ball|p2a: Dragonite
|-damage|p2a: Dragonite|85/100
|
|upkeep
|turn|3
|
|t:|1648697565
|switch|p1a: Tyranitar|Tyranitar, M|100/100
|-weather|Sandstorm|[from] ability: Sand Stream|[of] p1a: Tyranitar
|move|p2a: Dragonite|Roost|p2a: Dragonite
|-heal|p2a: Dragonite|100/100
|-singleturn|p2a: Dragonite|move: Roost
|
|-weather|Sandstorm|[upkeep]
|-damage|p2a: Dragonite|94/100|[from] Sandstorm
|upkeep
|turn|4
|
|t:|1648697573
|switch|p2a: Keldeo|Keldeo-Resolute|100/100
|move|p1a: Tyranitar|Stone Edge|p2a: Keldeo
|-resisted|p2a: Keldeo
|-damage|p2a: Keldeo|57/100
|
|-weather|Sandstorm|[upkeep]
|-damage|p2a: Keldeo|51/100|[from] Sandstorm
|-heal|p2a: Keldeo|57/100|[from] item: Leftovers
|upkeep
|turn|5
|
|t:|1648697580
|switch|p1a: Dragapult|Dragapult, F|100/100
|move|p2a: Keldeo|Scald|p1a: Dragapult
|-resisted|p1a: Dragapult
|-damage|p1a: Dragapult|75/100
|-status|p1a: Dragapult|brn
|
|-weather|Sandstorm|[upkeep]
|-damage|p1a: Dragapult|69/100 brn|[from] Sandstorm
|-damage|p2a: Keldeo|51/100|[from] Sandstorm
|-heal|p2a: Keldeo|57/100|[from] item: Leftovers
|-damage|p1a: Dragapult|63/100 brn|[from] brn
|upkeep
|turn|6
|
|t:|1648697600
|switch|p2a: Dragonite|Dragonite, F|94/100
|move|p1a: Dragapult|U-turn|p2a: Dragonite
|-resisted|p2a: Dragonite
|-damage|p2a: Dragonite|91/100
|
|t:|1648697603
|switch|p1a: Landorus|Landorus-Therian, M|100/100|[from]move: U-turn
|-ability|p1a: Landorus|Intimidate|boost
|-unboost|p2a: Dragonite|atk|1
|
|-weather|Sandstorm|[upkeep]
|-damage|p2a: Dragonite|84/100|[from] Sandstorm
|upkeep
|turn|7
|
|t:|1648697606
|switch|p2a: Zapdos|Zapdos|100/100
|move|p1a: Landorus|Knock Off|p2a: Zapdos
|-damage|p2a: Zapdos|79/100
|-status|p1a: Landorus|par|[from] ability: Static|[of] p2a: Zapdos
|-enditem|p2a: Zapdos|Heavy-Duty Boots|[from] move: Knock Off|[of] p1a: Landorus
|
|-weather|none
|upkeep
|turn|8
|
|t:|1648697611
|move|p2a: Zapdos|Hurricane|p1a: Landorus|[miss]
|-miss|p2a: Zapdos|p1a: Landorus
|cant|p1a: Landorus|par
|
|upkeep
|turn|9
|
|t:|1648697614
|move|p2a: Zapdos|Hurricane|p1a: Landorus|[miss]
|-miss|p2a: Zapdos|p1a: Landorus
|move|p1a: Landorus|Stealth Rock|p2a: Zapdos
|-sidestart|p2: SuprBallr|move: Stealth Rock
|
|upkeep
|turn|10
|
|t:|1648697617
|move|p2a: Zapdos|Defog|p1a: Landorus
|-unboost|p1a: Landorus|evasion|1
|-sideend|p2: SuprBallr|Stealth Rock|[from] move: Defog|[of] p2a: Zapdos
|move|p1a: Landorus|U-turn|p2a: Zapdos
|-resisted|p2a: Zapdos
|-damage|p2a: Zapdos|72/100
|
|t:|1648697623
|switch|p1a: Tyranitar|Tyranitar, M|100/100|[from]move: U-turn
|-weather|Sandstorm|[from] ability: Sand Stream|[of] p1a: Tyranitar
|
|-weather|Sandstorm|[upkeep]
|-damage|p2a: Zapdos|65/100|[from] Sandstorm
|upkeep
|turn|11
|
|t:|1648697628
|move|p2a: Zapdos|Volt Switch|p1a: Tyranitar
|-damage|p1a: Tyranitar|83/100
|
|t:|1648697631
|switch|p2a: Buzzwole|Buzzwole|100/100|[from]move: Volt Switch
|move|p1a: Tyranitar|Stone Edge|p2a: Buzzwole
|-crit|p2a: Buzzwole
|-damage|p2a: Buzzwole|39/100
|
|-weather|Sandstorm|[upkeep]
|-damage|p2a: Buzzwole|33/100|[from] Sandstorm
|upkeep
|turn|12
|
|t:|1648697647
|switch|p1a: Landorus|Landorus-Therian, M|100/100 par
|-ability|p1a: Landorus|Intimidate|boost
|-unboost|p2a: Buzzwole|atk|1
|move|p2a: Buzzwole|Roost|p2a: Buzzwole
|-heal|p2a: Buzzwole|83/100
|-singleturn|p2a: Buzzwole|move: Roost
|
|-weather|Sandstorm|[upkeep]
|-damage|p2a: Buzzwole|76/100|[from] Sandstorm
|upkeep
|turn|13
|
|t:|1648697652
|move|p2a: Buzzwole|Ice Punch|p1a: Landorus
|-supereffective|p1a: Landorus
|-damage|p1a: Landorus|61/100 par
|move|p1a: Landorus|Stealth Rock|p2a: Buzzwole
|-sidestart|p2: SuprBallr|move: Stealth Rock
|
|-weather|Sandstorm|[upkeep]
|-damage|p2a: Buzzwole|70/100|[from] Sandstorm
|-heal|p1a: Landorus|67/100 par|[from] item: Leftovers
|upkeep
|turn|14
|
|t:|1648697658
|switch|p2a: Zapdos|Zapdos|65/100
|-damage|p2a: Zapdos|40/100|[from] Stealth Rock
|move|p1a: Landorus|U-turn|p2a: Zapdos
|-resisted|p2a: Zapdos
|-damage|p2a: Zapdos|33/100
|
|t:|1648697664
|switch|p1a: Blacephalon|Blacephalon|100/100|[from]move: U-turn
|
|-weather|none
|upkeep
|turn|15
|
|t:|1648697669
|switch|p2a: Dragonite|Dragonite, F|84/100
|move|p1a: Blacephalon|Shadow Ball|p2a: Dragonite
|-damage|p2a: Dragonite|43/100
|
|upkeep
|turn|16
|
|t:|1648697688
|move|p1a: Blacephalon|Shadow Ball|p2a: Dragonite
|-damage|p2a: Dragonite|1/100
|move|p2a: Dragonite|Roost|p2a: Dragonite
|-heal|p2a: Dragonite|51/100
|-singleturn|p2a: Dragonite|move: Roost
|
|upkeep
|turn|17
|
|t:|1648697694
|switch|p1a: Tyranitar|Tyranitar, M|83/100
|-weather|Sandstorm|[from] ability: Sand Stream|[of] p1a: Tyranitar
|move|p2a: Dragonite|Earthquake|p1a: Tyranitar
|-supereffective|p1a: Tyranitar
|-damage|p1a: Tyranitar|25/100
|
|-weather|Sandstorm|[upkeep]
|-damage|p2a: Dragonite|45/100|[from] Sandstorm
|upkeep
|turn|18
|
|t:|1648697702
|move|p2a: Dragonite|Earthquake|p1a: Tyranitar
|-supereffective|p1a: Tyranitar
|-damage|p1a: Tyranitar|0 fnt
|faint|p1a: Tyranitar
|
|-weather|Sandstorm|[upkeep]
|-damage|p2a: Dragonite|39/100|[from] Sandstorm
|upkeep
|
|t:|1648697704
|switch|p1a: Blacephalon|Blacephalon|100/100
|turn|19
|inactive|SuprBallr has 120 seconds left.
|
|t:|1648697736
|switch|p2a: Zapdos|Zapdos|33/100
|-damage|p2a: Zapdos|8/100|[from] Stealth Rock
|move|p1a: Blacephalon|Shadow Ball|p2a: Zapdos
|-damage|p2a: Zapdos|0 fnt
|faint|p2a: Zapdos
|-ability|p1a: Blacephalon|Beast Boost|boost
|-boost|p1a: Blacephalon|spa|1
|
|-weather|Sandstorm|[upkeep]
|-damage|p1a: Blacephalon|94/100|[from] Sandstorm
|upkeep
|inactive|SuprBallr has 120 seconds left.
|inactive|SuprBallr has 90 seconds left.
|j| Virus spain
|
|t:|1648697791
|switch|p2a: Slowking|Slowking-Galar, F|100/100
|-damage|p2a: Slowking|88/100|[from] Stealth Rock
|turn|20
|
|t:|1648697793
|move|p1a: Blacephalon|Shadow Ball|p2a: Slowking
|-supereffective|p2a: Slowking
|-damage|p2a: Slowking|24/100
|-unboost|p2a: Slowking|spd|1
|move|p2a: Slowking|Shadow Ball|p1a: Blacephalon
|-supereffective|p1a: Blacephalon
|-damage|p1a: Blacephalon|31/100
|
|-weather|Sandstorm|[upkeep]
|-damage|p1a: Blacephalon|25/100|[from] Sandstorm
|-damage|p2a: Slowking|18/100|[from] Sandstorm
|upkeep
|turn|21
|inactive|SuprBallr has 90 seconds left.
|
|t:|1648697802
|switch|p2a: Victini|Victini|19/100
|-damage|p2a: Victini|0 fnt|[from] Stealth Rock
|faint|p2a: Victini
|move|p1a: Blacephalon|Shadow Ball|p2: Victini|[notarget]
|-fail|p1a: Blacephalon
|
|-weather|none
|upkeep
|c|☆big boss 447|gg
|inactive|SuprBallr has 90 seconds left.
|
|t:|1648697818
|switch|p2a: Keldeo|Keldeo-Resolute|57/100
|-damage|p2a: Keldeo|51/100|[from] Stealth Rock
|turn|22
|
|t:|1648697820
|move|p1a: Blacephalon|Shadow Ball|p2a: Keldeo
|-damage|p2a: Keldeo|0 fnt
|faint|p2a: Keldeo
|-ability|p1a: Blacephalon|Beast Boost|boost
|-boost|p1a: Blacephalon|spa|1
|
|upkeep
|c|☆SuprBallr|gg
|j| yyy222
|
|t:|1648697823
|switch|p2a: Slowking|Slowking-Galar, F|51/100
|-damage|p2a: Slowking|39/100|[from] Stealth Rock
|turn|23
|
|t:|1648697826
|switch|p2a: Dragonite|Dragonite, F|39/100
|move|p1a: Blacephalon|Shadow Ball|p2a: Dragonite
|-damage|p2a: Dragonite|0 fnt
|faint|p2a: Dragonite
|-ability|p1a: Blacephalon|Beast Boost|boost
|-boost|p1a: Blacephalon|spa|1
|
|upkeep
|
|t:|1648697828
|switch|p2a: Slowking|Slowking-Galar, F|72/100
|-damage|p2a: Slowking|60/100|[from] Stealth Rock
|turn|24
|
|t:|1648697831
|switch|p2a: Buzzwole|Buzzwole|70/100
|-damage|p2a: Buzzwole|58/100|[from] Stealth Rock
|move|p1a: Blacephalon|Shadow Ball|p2a: Buzzwole
|-damage|p2a: Buzzwole|0 fnt
|faint|p2a: Buzzwole
|-ability|p1a: Blacephalon|Beast Boost|boost
|-boost|p1a: Blacephalon|spa|1
|
|upkeep
|
|t:|1648697833
|switch|p2a: Slowking|Slowking-Galar, F|93/100
|-damage|p2a: Slowking|80/100|[from] Stealth Rock
|turn|25
|
|t:|1648697834
|move|p1a: Blacephalon|Shadow Ball|p2a: Slowking
|-supereffective|p2a: Slowking
|-damage|p2a: Slowking|0 fnt
|faint|p2a: Slowking
|
|win|big boss 447
|raw|big boss 447's rating: 1703 &rarr; <strong>1729</strong><br />(+26 for winning)
|raw|SuprBallr's rating: 1809 &rarr; <strong>1783</strong><br />(-26 for losing)
|l|☆SuprBallr
|l| yyy222
