|j|‽Guest 5890168
|j|☆Ill Leave
|t:|1664729867
|gametype|singles
|player|p1|Guest 5890168|170|1614
|player|p2|Ill Leave|265|1668
|teamsize|p1|6
|teamsize|p2|6
|gen|8
|tier|[Gen 8] OU
|rated|
|rule|Sleep Clause Mod: Limit one foe put to sleep
|rule|Species Clause: Limit one of each Pokémon
|rule|OHKO Clause: OHKO moves are banned
|rule|Evasion Items Clause: Evasion items are banned
|rule|Evasion Moves Clause: Evasion moves are banned
|rule|Endless Battle Clause: Forcing endless battles is banned
|rule|HP Percentage Mod: HP is shown in percentages
|rule|Dynamax Clause: You cannot dynamax
|clearpoke
|poke|p1|Rotom-Wash|
|poke|p1|Weavile, M|
|poke|p1|Landorus-Therian, M|
|poke|p1|Heatran, M|
|poke|p1|Tangrowth, M|
|poke|p1|Melmetal|
|poke|p2|Nihilego|
|poke|p2|Slowking-Galar, F|
|poke|p2|Buzzwole|
|poke|p2|Corviknight, F|
|poke|p2|Landorus-Therian, M|
|poke|p2|Zapdos-Galar|
|teampreview
|inactive|Battle timer is ON: inactive players will automatically lose when time's up. (requested by Guest 5890168)
|
|t:|1664729880
|start
|switch|p1a: Rotom|Rotom-Wash|100/100
|switch|p2a: Zapdos|Zapdos-Galar|100/100
|turn|1
|
|t:|1664729883
|move|p2a: Zapdos|U-turn|p1a: Rotom
|-damage|p1a: Rotom|75/100
|
|t:|1664729885
|switch|p2a: Slowking|Slowking-Galar, F|100/100|[from]move: U-turn
|move|p1a: Rotom|Pain Split|p2a: Slowking
|-sethp|p2a: Slowking|79/100|[from] move: Pain Split|[silent]
|-sethp|p1a: Rotom|100/100|[from] move: Pain Split
|
|upkeep
|turn|2
|
|t:|1664729888
|move|p1a: Rotom|Nasty Plot|p1a: Rotom
|-boost|p1a: Rotom|spa|2
|move|p2a: Slowking|Future Sight|p1a: Rotom
|-start|p2a: Slowking|move: Future Sight
|
|upkeep
|turn|3
|
|t:|1664729890
|switch|p1a: Melmetal|Melmetal|100/100
|move|p2a: Slowking|Sludge Bomb|p1a: Melmetal
|-immune|p1a: Melmetal
|
|upkeep
|turn|4
|
|t:|1664729893
|switch|p2a: Buzzwole|Buzzwole|100/100
|move|p1a: Melmetal|Ice Punch|p2a: Buzzwole
|-damage|p2a: Buzzwole|83/100
|-damage|p1a: Melmetal|84/100|[from] item: Rocky Helmet|[of] p2a: Buzzwole
|
|-end|p1a: Melmetal|move: Future Sight
|-resisted|p1a: Melmetal
|-damage|p1a: Melmetal|71/100
|upkeep
|turn|5
|
|t:|1664729900
|switch|p1a: Tangrowth|Tangrowth, M|100/100
|move|p2a: Buzzwole|Ice Punch|p1a: Tangrowth
|-supereffective|p1a: Tangrowth
|-damage|p1a: Tangrowth|76/100
|-damage|p2a: Buzzwole|66/100|[from] item: Rocky Helmet|[of] p1a: Tangrowth
|
|upkeep
|turn|6
|
|t:|1664729909
|switch|p2a: Landorus|Landorus-Therian, M|100/100
|-ability|p2a: Landorus|Intimidate|boost
|-unboost|p1a: Tangrowth|atk|1
|move|p1a: Tangrowth|Sleep Powder|p2a: Landorus
|-status|p2a: Landorus|slp|[from] move: Sleep Powder
|
|upkeep
|turn|7
|
|t:|1664729913
|switch|p1a: Rotom|Rotom-Wash|100/100
|cant|p2a: Landorus|slp
|
|upkeep
|turn|8
|j| panthony
|
|t:|1664729916
|switch|p2a: Slowking|Slowking-Galar, F|100/100
|move|p1a: Rotom|Nasty Plot|p1a: Rotom
|-boost|p1a: Rotom|spa|2
|
|upkeep
|turn|9
|
|t:|1664729918
|move|p1a: Rotom|Nasty Plot|p1a: Rotom
|-boost|p1a: Rotom|spa|2
|move|p2a: Slowking|Sludge Bomb|p1a: Rotom
|-damage|p1a: Rotom|57/100
|
|-heal|p1a: Rotom|63/100|[from] item: Leftovers
|upkeep
|turn|10
|
|t:|1664729920
|move|p1a: Rotom|Hydro Pump|p2a: Slowking
|-damage|p2a: Slowking|42/100
|move|p2a: Slowking|Sludge Bomb|p1a: Rotom
|-damage|p1a: Rotom|26/100
|
|-heal|p1a: Rotom|33/100|[from] item: Leftovers
|upkeep
|turn|11
|
|t:|1664729924
|move|p1a: Rotom|Hydro Pump|p2a: Slowking
|-damage|p2a: Slowking|0 fnt
|faint|p2a: Slowking
|
|-heal|p1a: Rotom|39/100|[from] item: Leftovers
|upkeep
|
|t:|1664729932
|switch|p2a: Zapdos|Zapdos-Galar|100/100
|turn|12
|
|t:|1664729934
|switch|p1a: Tangrowth|Tangrowth, M|100/100
|move|p2a: Zapdos|Close Combat|p1a: Tangrowth
|-crit|p1a: Tangrowth
|-damage|p1a: Tangrowth|53/100
|-unboost|p2a: Zapdos|def|1
|-unboost|p2a: Zapdos|spd|1
|-damage|p2a: Zapdos|84/100|[from] item: Rocky Helmet|[of] p1a: Tangrowth
|
|upkeep
|turn|13
|
|t:|1664729938
|switch|p2a: Landorus|Landorus-Therian, M|100/100 slp
|-ability|p2a: Landorus|Intimidate|boost
|-unboost|p1a: Tangrowth|atk|1
|move|p1a: Tangrowth|Giga Drain|p2a: Landorus
|-damage|p2a: Landorus|79/100 slp
|-heal|p1a: Tangrowth|64/100|[from] drain|[of] p2a: Landorus
|
|-heal|p2a: Landorus|85/100 slp|[from] item: Leftovers
|upkeep
|turn|14
|
|t:|1664729943
|switch|p1a: Rotom|Rotom-Wash|39/100
|cant|p2a: Landorus|slp
|
|-heal|p1a: Rotom|45/100|[from] item: Leftovers
|-heal|p2a: Landorus|91/100 slp|[from] item: Leftovers
|upkeep
|turn|15
|
|t:|1664729946
|move|p1a: Rotom|Hydro Pump|p2a: Landorus|[miss]
|-miss|p1a: Rotom|p2a: Landorus
|cant|p2a: Landorus|slp
|
|-heal|p1a: Rotom|51/100|[from] item: Leftovers
|-heal|p2a: Landorus|97/100 slp|[from] item: Leftovers
|upkeep
|turn|16
|
|t:|1664729957
|move|p1a: Rotom|Pain Split|p2a: Landorus
|-sethp|p2a: Landorus|69/100 slp|[from] move: Pain Split|[silent]
|-sethp|p1a: Rotom|87/100|[from] move: Pain Split
|-curestatus|p2a: Landorus|slp|[msg]
|move|p2a: Landorus|U-turn|p1a: Rotom
|-damage|p1a: Rotom|63/100
|
|t:|1664729967
|switch|p2a: Zapdos|Zapdos-Galar|84/100|[from]move: U-turn
|
|-heal|p1a: Rotom|69/100|[from] item: Leftovers
|upkeep
|turn|17
|
|t:|1664729969
|move|p2a: Zapdos|U-turn|p1a: Rotom
|-damage|p1a: Rotom|45/100
|
|t:|1664729972
|switch|p2a: Nihilego|Nihilego|100/100|[from]move: U-turn
|move|p1a: Rotom|Thunderbolt|p2a: Nihilego
|-damage|p2a: Nihilego|74/100
|
|-heal|p1a: Rotom|51/100|[from] item: Leftovers
|upkeep
|turn|18
|
|t:|1664729977
|switch|p1a: Melmetal|Melmetal|71/100
|move|p2a: Nihilego|Power Gem|p1a: Melmetal
|-resisted|p1a: Melmetal
|-damage|p1a: Melmetal|62/100
|
|upkeep
|turn|19
|
|t:|1664729984
|switch|p2a: Buzzwole|Buzzwole|66/100
|move|p1a: Melmetal|Double Iron Bash|p2a: Buzzwole
|-damage|p2a: Buzzwole|46/100
|-damage|p1a: Melmetal|45/100|[from] item: Rocky Helmet|[of] p2a: Buzzwole
|-damage|p2a: Buzzwole|26/100
|-damage|p1a: Melmetal|29/100|[from] item: Rocky Helmet|[of] p2a: Buzzwole
|-hitcount|p2a: Buzzwole|2
|
|upkeep
|turn|20
|
|t:|1664729988
|switch|p1a: Tangrowth|Tangrowth, M|97/100
|move|p2a: Buzzwole|Roost|p2a: Buzzwole
|-heal|p2a: Buzzwole|76/100
|-singleturn|p2a: Buzzwole|move: Roost
|
|upkeep
|turn|21
|
|t:|1664729992
|switch|p2a: Landorus|Landorus-Therian, M|69/100
|-ability|p2a: Landorus|Intimidate|boost
|-unboost|p1a: Tangrowth|atk|1
|move|p1a: Tangrowth|Sleep Powder|p2a: Landorus
|-status|p2a: Landorus|slp|[from] move: Sleep Powder
|
|-heal|p2a: Landorus|75/100 slp|[from] item: Leftovers
|upkeep
|turn|22
|
|t:|1664730000
|switch|p1a: Rotom|Rotom-Wash|51/100
|cant|p2a: Landorus|slp
|
|-heal|p1a: Rotom|57/100|[from] item: Leftovers
|-heal|p2a: Landorus|81/100 slp|[from] item: Leftovers
|upkeep
|turn|23
|
|t:|1664730008
|switch|p2a: Corviknight|Corviknight, F|100/100
|-ability|p2a: Corviknight|Pressure
|move|p1a: Rotom|Pain Split|p2a: Corviknight
|-sethp|p2a: Corviknight|72/100|[from] move: Pain Split|[silent]
|-sethp|p1a: Rotom|95/100|[from] move: Pain Split
|
|-heal|p1a: Rotom|100/100|[from] item: Leftovers
|-heal|p2a: Corviknight|78/100|[from] item: Leftovers
|upkeep
|turn|24
|
|t:|1664730010
|switch|p2a: Nihilego|Nihilego|74/100
|move|p1a: Rotom|Nasty Plot|p1a: Rotom
|-boost|p1a: Rotom|spa|2
|
|upkeep
|turn|25
|
|t:|1664730015
|move|p2a: Nihilego|Meteor Beam||[still]
|-prepare|p2a: Nihilego|Meteor Beam
|-boost|p2a: Nihilego|spa|1
|-enditem|p2a: Nihilego|Power Herb
|-anim|p2a: Nihilego|Meteor Beam|p1a: Rotom
|-damage|p1a: Rotom|14/100
|move|p1a: Rotom|Hydro Pump|p2a: Nihilego
|-supereffective|p2a: Nihilego
|-damage|p2a: Nihilego|0 fnt
|faint|p2a: Nihilego
|
|-heal|p1a: Rotom|21/100|[from] item: Leftovers
|upkeep
|
|t:|1664730020
|switch|p2a: Zapdos|Zapdos-Galar|84/100
|turn|26
|
|t:|1664730022
|switch|p1a: Tangrowth|Tangrowth, M|100/100
|move|p2a: Zapdos|U-turn|p1a: Tangrowth
|-supereffective|p1a: Tangrowth
|-damage|p1a: Tangrowth|75/100
|-damage|p2a: Zapdos|67/100|[from] item: Rocky Helmet|[of] p1a: Tangrowth
|
|t:|1664730026
|switch|p2a: Corviknight|Corviknight, F|78/100|[from]move: U-turn
|-ability|p2a: Corviknight|Pressure
|
|-heal|p2a: Corviknight|84/100|[from] item: Leftovers
|upkeep
|turn|27
|
|t:|1664730028
|move|p2a: Corviknight|Substitute|p2a: Corviknight
|-start|p2a: Corviknight|Substitute
|-damage|p2a: Corviknight|59/100
|move|p1a: Tangrowth|Giga Drain|p2a: Corviknight
|-resisted|p2a: Corviknight
|-activate|p2a: Corviknight|move: Substitute|[damage]
|-heal|p1a: Tangrowth|77/100|[from] drain|[of] p2a: Corviknight
|
|-heal|p2a: Corviknight|66/100|[from] item: Leftovers
|upkeep
|turn|28
|
|t:|1664730036
|switch|p1a: Rotom|Rotom-Wash|21/100
|move|p2a: Corviknight|Brave Bird|p1a: Rotom
|-resisted|p1a: Rotom
|-damage|p1a: Rotom|1/100
|-damage|p2a: Corviknight|61/100|[from] Recoil
|
|-heal|p1a: Rotom|7/100|[from] item: Leftovers
|-heal|p2a: Corviknight|67/100|[from] item: Leftovers
|upkeep
|turn|29
|
|t:|1664730039
|move|p1a: Rotom|Pain Split||[still]
|-fail|p1a: Rotom
|move|p2a: Corviknight|Brave Bird|p1a: Rotom
|-resisted|p1a: Rotom
|-damage|p1a: Rotom|0 fnt
|faint|p1a: Rotom
|-damage|p2a: Corviknight|65/100|[from] Recoil
|
|-heal|p2a: Corviknight|72/100|[from] item: Leftovers
|upkeep
|
|t:|1664730039
|switch|p1a: Heatran|Heatran, M|100/100
|-item|p1a: Heatran|Air Balloon
|turn|30
|
|t:|1664730044
|move|p1a: Heatran|Magma Storm|p2a: Corviknight|[miss]
|-miss|p1a: Heatran|p2a: Corviknight
|move|p2a: Corviknight|Brave Bird|p1a: Heatran
|-resisted|p1a: Heatran
|-damage|p1a: Heatran|81/100
|-enditem|p1a: Heatran|Air Balloon
|-damage|p2a: Corviknight|66/100|[from] Recoil
|
|-heal|p2a: Corviknight|73/100|[from] item: Leftovers
|upkeep
|turn|31
|
|t:|1664730048
|move|p1a: Heatran|Magma Storm|p2a: Corviknight|[miss]
|-miss|p1a: Heatran|p2a: Corviknight
|move|p2a: Corviknight|Substitute|p2a: Corviknight
|-fail|p2a: Corviknight|move: Substitute
|
|-heal|p2a: Corviknight|79/100|[from] item: Leftovers
|upkeep
|turn|32
|
|t:|1664730049
|move|p1a: Heatran|Eruption|p2a: Corviknight
|-supereffective|p2a: Corviknight
|-end|p2a: Corviknight|Substitute
|move|p2a: Corviknight|Substitute|p2a: Corviknight
|-start|p2a: Corviknight|Substitute
|-damage|p2a: Corviknight|54/100
|
|-heal|p2a: Corviknight|60/100|[from] item: Leftovers
|upkeep
|turn|33
|
|t:|1664730054
|move|p1a: Heatran|Magma Storm|p2a: Corviknight
|-supereffective|p2a: Corviknight
|-end|p2a: Corviknight|Substitute
|move|p2a: Corviknight|Substitute|p2a: Corviknight
|-start|p2a: Corviknight|Substitute
|-damage|p2a: Corviknight|35/100
|
|-heal|p2a: Corviknight|41/100|[from] item: Leftovers
|upkeep
|turn|34
|
|t:|1664730056
|move|p1a: Heatran|Magma Storm|p2a: Corviknight|[miss]
|-miss|p1a: Heatran|p2a: Corviknight
|move|p2a: Corviknight|Roost|p2a: Corviknight
|-heal|p2a: Corviknight|91/100
|-singleturn|p2a: Corviknight|move: Roost
|
|-heal|p2a: Corviknight|98/100|[from] item: Leftovers
|upkeep
|turn|35
|
|t:|1664730059
|move|p1a: Heatran|Eruption|p2a: Corviknight
|-supereffective|p2a: Corviknight
|-end|p2a: Corviknight|Substitute
|move|p2a: Corviknight|Substitute|p2a: Corviknight
|-start|p2a: Corviknight|Substitute
|-damage|p2a: Corviknight|73/100
|
|-heal|p2a: Corviknight|79/100|[from] item: Leftovers
|upkeep
|turn|36
|
|t:|1664730061
|move|p1a: Heatran|Eruption|p2a: Corviknight
|-supereffective|p2a: Corviknight
|-end|p2a: Corviknight|Substitute
|move|p2a: Corviknight|Substitute|p2a: Corviknight
|-start|p2a: Corviknight|Substitute
|-damage|p2a: Corviknight|54/100
|
|-heal|p2a: Corviknight|60/100|[from] item: Leftovers
|upkeep
|turn|37
|
|t:|1664730065
|move|p1a: Heatran|Eruption|p2a: Corviknight
|-supereffective|p2a: Corviknight
|-end|p2a: Corviknight|Substitute
|move|p2a: Corviknight|Substitute|p2a: Corviknight
|-start|p2a: Corviknight|Substitute
|-damage|p2a: Corviknight|35/100
|
|-heal|p2a: Corviknight|41/100|[from] item: Leftovers
|upkeep
|turn|38
|
|t:|1664730068
|move|p1a: Heatran|Earth Power|p2a: Corviknight
|-immune|p2a: Corviknight
|move|p2a: Corviknight|Roost|p2a: Corviknight
|-heal|p2a: Corviknight|91/100
|-singleturn|p2a: Corviknight|move: Roost
|
|-heal|p2a: Corviknight|98/100|[from] item: Leftovers
|upkeep
|turn|39
|
|t:|1664730071
|move|p1a: Heatran|Earth Power|p2a: Corviknight
|-immune|p2a: Corviknight
|move|p2a: Corviknight|Bulk Up|p2a: Corviknight
|-boost|p2a: Corviknight|atk|1
|-boost|p2a: Corviknight|def|1
|
|-heal|p2a: Corviknight|100/100|[from] item: Leftovers
|upkeep
|turn|40
|
|t:|1664730073
|move|p1a: Heatran|Earth Power|p2a: Corviknight
|-immune|p2a: Corviknight
|move|p2a: Corviknight|Bulk Up|p2a: Corviknight
|-boost|p2a: Corviknight|atk|1
|-boost|p2a: Corviknight|def|1
|
|upkeep
|turn|41
|
|t:|1664730075
|move|p1a: Heatran|Earth Power|p2a: Corviknight
|-immune|p2a: Corviknight
|move|p2a: Corviknight|Bulk Up|p2a: Corviknight
|-boost|p2a: Corviknight|atk|1
|-boost|p2a: Corviknight|def|1
|
|upkeep
|turn|42
|
|t:|1664730077
|move|p1a: Heatran|Stealth Rock|p2a: Corviknight
|-sidestart|p2: Ill Leave|move: Stealth Rock
|move|p2a: Corviknight|Bulk Up|p2a: Corviknight
|-boost|p2a: Corviknight|atk|1
|-boost|p2a: Corviknight|def|1
|
|upkeep
|turn|43
|
|t:|1664730086
|switch|p1a: Landorus|Landorus-Therian, M|100/100
|-ability|p1a: Landorus|Intimidate|boost
|-immune|p2a: Corviknight
|move|p2a: Corviknight|Bulk Up|p2a: Corviknight
|-boost|p2a: Corviknight|atk|1
|-boost|p2a: Corviknight|def|1
|
|upkeep
|turn|44
|
|t:|1664730089
|switch|p1a: Melmetal|Melmetal|29/100
|move|p2a: Corviknight|Brave Bird|p1a: Melmetal
|-resisted|p1a: Melmetal
|-damage|p1a: Melmetal|0 fnt
|faint|p1a: Melmetal
|-damage|p2a: Corviknight|90/100|[from] Recoil
|
|-heal|p2a: Corviknight|96/100|[from] item: Leftovers
|upkeep
|
|t:|1664730089
|switch|p1a: Heatran|Heatran, M|81/100
|turn|45
|inactive|Ill Leave has 120 seconds left.
|
|t:|1664730125
|switch|p1a: Tangrowth|Tangrowth, M|100/100
|move|p2a: Corviknight|Brave Bird|p1a: Tangrowth
|-supereffective|p1a: Tangrowth
|-damage|p1a: Tangrowth|0 fnt
|-damage|p2a: Corviknight|80/100|[from] item: Rocky Helmet|[of] p1a: Tangrowth
|faint|p1a: Tangrowth
|-damage|p2a: Corviknight|47/100|[from] Recoil
|
|-heal|p2a: Corviknight|53/100|[from] item: Leftovers
|upkeep
|
|t:|1664730125
|switch|p1a: Heatran|Heatran, M|81/100
|turn|46
|
|t:|1664730127
|move|p1a: Heatran|Earth Power|p2a: Corviknight
|-immune|p2a: Corviknight
|move|p2a: Corviknight|Brave Bird|p1a: Heatran
|-resisted|p1a: Heatran
|-damage|p1a: Heatran|21/100
|-damage|p2a: Corviknight|37/100|[from] Recoil
|
|-heal|p2a: Corviknight|43/100|[from] item: Leftovers
|upkeep
|turn|47
|
|t:|1664730130
|switch|p1a: Landorus|Landorus-Therian, M|100/100
|-ability|p1a: Landorus|Intimidate|boost
|-immune|p2a: Corviknight
|move|p2a: Corviknight|Roost|p2a: Corviknight
|-heal|p2a: Corviknight|93/100
|-singleturn|p2a: Corviknight|move: Roost
|
|-heal|p2a: Corviknight|99/100|[from] item: Leftovers
|upkeep
|turn|48
|
|t:|1664730132
|move|p1a: Landorus|U-turn|p2a: Corviknight
|-resisted|p2a: Corviknight
|-activate|p2a: Corviknight|move: Substitute|[damage]
|
|t:|1664730132
|switch|p1a: Heatran|Heatran, M|21/100|[from]move: U-turn
|move|p2a: Corviknight|Brave Bird|p1a: Heatran
|-resisted|p1a: Heatran
|-damage|p1a: Heatran|0 fnt
|faint|p1a: Heatran
|-damage|p2a: Corviknight|94/100|[from] Recoil
|
|-heal|p2a: Corviknight|100/100|[from] item: Leftovers
|upkeep
|
|t:|1664730132
|switch|p1a: Weavile|Weavile, M|100/100
|-ability|p1a: Weavile|Pressure
|turn|49
|
|t:|1664730137
|switch|p1a: Landorus|Landorus-Therian, M|100/100
|-ability|p1a: Landorus|Intimidate|boost
|-immune|p2a: Corviknight
|move|p2a: Corviknight|Brave Bird|p1a: Landorus
|-damage|p1a: Landorus|0 fnt
|faint|p1a: Landorus
|-damage|p2a: Corviknight|69/100|[from] Recoil
|
|-heal|p2a: Corviknight|75/100|[from] item: Leftovers
|upkeep
|
|t:|1664730137
|switch|p1a: Weavile|Weavile, M|100/100
|-ability|p1a: Weavile|Pressure
|turn|50
|
|t:|1664730139
|move|p1a: Weavile|Triple Axel|p2a: Corviknight
|-activate|p2a: Corviknight|move: Substitute|[damage]
|-hitcount|p2a: Corviknight|1
|move|p2a: Corviknight|Brave Bird|p1a: Weavile
|-damage|p1a: Weavile|0 fnt
|faint|p1a: Weavile
|-damage|p2a: Corviknight|52/100|[from] Recoil
|
|win|Ill Leave
|raw|Guest 5890168's rating: 1614 &rarr; <strong>1597</strong><br />(-17 for losing)
|raw|Ill Leave's rating: 1668 &rarr; <strong>1685</strong><br />(+17 for winning)
