|raw|<div class="broadcast-blue"><strong>This battle is required to be public due to a player having a name starting with 'lt92pf'.</div>
|j|‽LT92PF FJ2K
|j|☆Plasmeek
|t:|1659836744
|gametype|singles
|player|p1|LT92PF FJ2K|102|1712
|player|p2|Plasmeek|102|1831
|teamsize|p1|6
|teamsize|p2|6
|gen|8
|tier|[Gen 8] OU
|rated|
|rule|Sleep Clause Mod: Limit one foe put to sleep
|rule|Species Clause: Limit one of each Pokémon
|rule|OHKO Clause: OHKO moves are banned
|rule|Evasion Items Clause: Evasion items are banned
|rule|Evasion Moves Clause: Evasion moves are banned
|rule|Endless Battle Clause: Forcing endless battles is banned
|rule|HP Percentage Mod: HP is shown in percentages
|rule|Dynamax Clause: You cannot dynamax
|clearpoke
|poke|p1|Tyranitar, F|
|poke|p1|Rotom-Wash|
|poke|p1|Ferrothorn, M|
|poke|p1|Excadrill, M|
|poke|p1|Dragapult, F|
|poke|p1|Clefable, M|
|poke|p2|Toxapex, M|
|poke|p2|Tornadus-Therian, M|
|poke|p2|Hippowdon, F|
|poke|p2|Clefable, M|
|poke|p2|Corviknight, M|
|poke|p2|Chansey, F|
|teampreview
|inactive|Battle timer is ON: inactive players will automatically lose when time's up. (requested by LT92PF FJ2K)
|
|t:|1659836769
|start
|switch|p1a: Rotom|Rotom-Wash|100/100
|switch|p2a: Toxapex|Toxapex, M|100/100
|turn|1
|
|t:|1659836793
|switch|p2a: Tornadus|Tornadus-Therian, M|100/100
|move|p1a: Rotom|Volt Switch|p2a: Tornadus
|-supereffective|p2a: Tornadus
|-damage|p2a: Tornadus|52/100
|
|t:|1659836804
|switch|p1a: Dragapult|Dragapult, F|100/100|[from]move: Volt Switch
|
|upkeep
|turn|2
|
|t:|1659836809
|switch|p2a: Toxapex|Toxapex, M|100/100
|move|p1a: Dragapult|U-turn|p2a: Toxapex
|-resisted|p2a: Toxapex
|-damage|p2a: Toxapex|95/100
|-damage|p1a: Dragapult|84/100|[from] item: Rocky Helmet|[of] p2a: Toxapex
|
|t:|1659836813
|switch|p1a: Ferrothorn|Ferrothorn, M|100/100|[from]move: U-turn
|
|upkeep
|turn|3
|
|t:|1659836821
|move|p2a: Toxapex|Scald|p1a: Ferrothorn
|-resisted|p1a: Ferrothorn
|-damage|p1a: Ferrothorn|95/100
|move|p1a: Ferrothorn|Knock Off|p2a: Toxapex
|-damage|p2a: Toxapex|82/100
|-damage|p1a: Ferrothorn|79/100|[from] item: Rocky Helmet|[of] p2a: Toxapex
|-enditem|p2a: Toxapex|Rocky Helmet|[from] move: Knock Off|[of] p1a: Ferrothorn
|
|-heal|p1a: Ferrothorn|85/100|[from] item: Leftovers
|upkeep
|turn|4
|
|t:|1659836825
|switch|p1a: Rotom|Rotom-Wash|100/100
|move|p2a: Toxapex|Scald|p1a: Rotom
|-resisted|p1a: Rotom
|-damage|p1a: Rotom|92/100
|
|-heal|p1a: Rotom|98/100|[from] item: Leftovers
|upkeep
|turn|5
|
|t:|1659836836
|move|p1a: Rotom|Will-O-Wisp|p2a: Toxapex
|-status|p2a: Toxapex|brn
|move|p2a: Toxapex|Recover|p2a: Toxapex
|-heal|p2a: Toxapex|100/100 brn
|
|-heal|p1a: Rotom|100/100|[from] item: Leftovers
|-damage|p2a: Toxapex|94/100 brn|[from] brn
|upkeep
|turn|6
|
|t:|1659836844
|move|p1a: Rotom|Volt Switch|p2a: Toxapex
|-supereffective|p2a: Toxapex
|-damage|p2a: Toxapex|49/100 brn
|
|t:|1659836846
|switch|p1a: Clefable|Clefable, M|100/100|[from]move: Volt Switch
|move|p2a: Toxapex|Scald|p1a: Clefable
|-damage|p1a: Clefable|86/100
|
|-damage|p2a: Toxapex|43/100 brn|[from] brn
|upkeep
|turn|7
|
|t:|1659836853
|switch|p2a: Tornadus|Tornadus-Therian, M|85/100
|move|p1a: Clefable|Stealth Rock|p2a: Tornadus
|-sidestart|p2: Plasmeek|move: Stealth Rock
|
|upkeep
|turn|8
|
|t:|1659836857
|switch|p2a: Hippowdon|Hippowdon, F|100/100
|-damage|p2a: Hippowdon|94/100|[from] Stealth Rock
|-weather|Sandstorm|[from] ability: Sand Stream|[of] p2a: Hippowdon
|move|p1a: Clefable|Thunder Wave|p2a: Hippowdon
|-immune|p2a: Hippowdon
|
|-weather|Sandstorm|[upkeep]
|-heal|p2a: Hippowdon|100/100|[from] item: Leftovers
|upkeep
|turn|9
|
|t:|1659836861
|move|p1a: Clefable|Moonblast|p2a: Hippowdon
|-damage|p2a: Hippowdon|76/100
|move|p2a: Hippowdon|Stealth Rock|p1a: Clefable
|-sidestart|p1: LT92PF FJ2K|move: Stealth Rock
|
|-weather|Sandstorm|[upkeep]
|-heal|p2a: Hippowdon|82/100|[from] item: Leftovers
|upkeep
|turn|10
|
|t:|1659836868
|move|p1a: Clefable|Moonblast|p2a: Hippowdon
|-damage|p2a: Hippowdon|59/100
|move|p2a: Hippowdon|Earthquake|p1a: Clefable
|-damage|p1a: Clefable|54/100
|
|-weather|Sandstorm|[upkeep]
|-heal|p2a: Hippowdon|65/100|[from] item: Leftovers
|upkeep
|turn|11
|
|t:|1659836873
|move|p1a: Clefable|Moonblast|p2a: Hippowdon
|-damage|p2a: Hippowdon|43/100
|move|p2a: Hippowdon|Slack Off|p2a: Hippowdon
|-heal|p2a: Hippowdon|93/100
|
|-weather|Sandstorm|[upkeep]
|-heal|p2a: Hippowdon|99/100|[from] item: Leftovers
|upkeep
|turn|12
|
|t:|1659836880
|move|p1a: Clefable|Soft-Boiled|p1a: Clefable
|-heal|p1a: Clefable|100/100
|move|p2a: Hippowdon|Earthquake|p1a: Clefable
|-damage|p1a: Clefable|71/100
|
|-weather|none
|-heal|p2a: Hippowdon|100/100|[from] item: Leftovers
|upkeep
|turn|13
|
|t:|1659836889
|switch|p1a: Rotom|Rotom-Wash|100/100
|-damage|p1a: Rotom|88/100|[from] Stealth Rock
|switch|p2a: Toxapex|Toxapex, M|76/100 brn
|-damage|p2a: Toxapex|63/100 brn|[from] Stealth Rock
|
|-heal|p1a: Rotom|94/100|[from] item: Leftovers
|-damage|p2a: Toxapex|57/100 brn|[from] brn
|upkeep
|turn|14
|
|t:|1659836899
|switch|p2a: Hippowdon|Hippowdon, F|100/100
|-damage|p2a: Hippowdon|94/100|[from] Stealth Rock
|-weather|Sandstorm|[from] ability: Sand Stream|[of] p2a: Hippowdon
|move|p1a: Rotom|Volt Switch|p2a: Hippowdon
|-immune|p2a: Hippowdon
|
|-weather|Sandstorm|[upkeep]
|-damage|p1a: Rotom|88/100|[from] Sandstorm
|-heal|p1a: Rotom|94/100|[from] item: Leftovers
|-heal|p2a: Hippowdon|100/100|[from] item: Leftovers
|upkeep
|turn|15
|
|t:|1659836905
|switch|p1a: Ferrothorn|Ferrothorn, M|85/100
|-damage|p1a: Ferrothorn|79/100|[from] Stealth Rock
|switch|p2a: Toxapex|Toxapex, M|90/100 brn
|-damage|p2a: Toxapex|78/100 brn|[from] Stealth Rock
|
|-weather|Sandstorm|[upkeep]
|-damage|p2a: Toxapex|72/100 brn|[from] Sandstorm
|-heal|p1a: Ferrothorn|85/100|[from] item: Leftovers
|-damage|p2a: Toxapex|65/100 brn|[from] brn
|upkeep
|turn|16
|
|t:|1659836912
|switch|p1a: Rotom|Rotom-Wash|94/100
|-damage|p1a: Rotom|82/100|[from] Stealth Rock
|move|p2a: Toxapex|Recover|p2a: Toxapex
|-heal|p2a: Toxapex|100/100 brn
|
|-weather|Sandstorm|[upkeep]
|-damage|p1a: Rotom|75/100|[from] Sandstorm
|-damage|p2a: Toxapex|94/100 brn|[from] Sandstorm
|-heal|p1a: Rotom|82/100|[from] item: Leftovers
|-damage|p2a: Toxapex|88/100 brn|[from] brn
|upkeep
|turn|17
|
|t:|1659836916
|move|p1a: Rotom|Volt Switch|p2a: Toxapex
|-supereffective|p2a: Toxapex
|-damage|p2a: Toxapex|49/100 brn
|
|t:|1659836922
|switch|p1a: Clefable|Clefable, M|71/100|[from]move: Volt Switch
|move|p2a: Toxapex|Recover|p2a: Toxapex
|-heal|p2a: Toxapex|99/100 brn
|
|-weather|Sandstorm|[upkeep]
|-damage|p2a: Toxapex|92/100 brn|[from] Sandstorm
|-damage|p2a: Toxapex|86/100 brn|[from] brn
|upkeep
|turn|18
|
|t:|1659836926
|switch|p2a: Chansey|Chansey, F|100/100
|-damage|p2a: Chansey|88/100|[from] Stealth Rock
|move|p1a: Clefable|Soft-Boiled|p1a: Clefable
|-heal|p1a: Clefable|100/100
|
|-weather|none
|upkeep
|turn|19
|
|t:|1659836934
|switch|p1a: Excadrill|Excadrill, M|100/100
|-damage|p1a: Excadrill|97/100|[from] Stealth Rock
|move|p2a: Chansey|Seismic Toss|p1a: Excadrill
|-damage|p1a: Excadrill|70/100
|
|-heal|p1a: Excadrill|76/100|[from] item: Leftovers
|upkeep
|turn|20
|
|t:|1659836940
|switch|p2a: Corviknight|Corviknight, M|100/100
|-damage|p2a: Corviknight|88/100|[from] Stealth Rock
|-ability|p2a: Corviknight|Pressure
|move|p1a: Excadrill|Rapid Spin|p2a: Corviknight
|-resisted|p2a: Corviknight
|-damage|p2a: Corviknight|82/100
|-boost|p1a: Excadrill|spe|1
|-sideend|p1: LT92PF FJ2K|Stealth Rock|[from] move: Rapid Spin|[of] p1a: Excadrill
|
|-heal|p1a: Excadrill|82/100|[from] item: Leftovers
|upkeep
|turn|21
|
|t:|1659836944
|switch|p1a: Rotom|Rotom-Wash|82/100
|move|p2a: Corviknight|Defog|p1a: Rotom
|-unboost|p1a: Rotom|evasion|1
|-sideend|p2: Plasmeek|Stealth Rock|[from] move: Defog|[of] p2a: Corviknight
|
|-heal|p1a: Rotom|88/100|[from] item: Leftovers
|upkeep
|turn|22
|
|t:|1659836948
|switch|p2a: Toxapex|Toxapex, M|100/100 brn
|move|p1a: Rotom|Volt Switch|p2a: Toxapex
|-supereffective|p2a: Toxapex
|-damage|p2a: Toxapex|59/100 brn
|
|t:|1659836951
|switch|p1a: Tyranitar|Tyranitar, F|100/100|[from]move: Volt Switch
|-weather|Sandstorm|[from] ability: Sand Stream|[of] p1a: Tyranitar
|
|-weather|Sandstorm|[upkeep]
|-damage|p2a: Toxapex|53/100 brn|[from] Sandstorm
|-damage|p2a: Toxapex|47/100 brn|[from] brn
|upkeep
|turn|23
|
|t:|1659836961
|switch|p2a: Hippowdon|Hippowdon, F|100/100
|move|p1a: Tyranitar|Crunch|p2a: Hippowdon
|-damage|p2a: Hippowdon|50/100
|
|-weather|Sandstorm|[upkeep]
|-heal|p2a: Hippowdon|57/100|[from] item: Leftovers
|upkeep
|turn|24
|
|t:|1659836964
|move|p1a: Tyranitar|Crunch|p2a: Hippowdon
|-damage|p2a: Hippowdon|11/100
|-unboost|p2a: Hippowdon|def|1
|move|p2a: Hippowdon|Slack Off|p2a: Hippowdon
|-heal|p2a: Hippowdon|61/100
|
|-weather|Sandstorm|[upkeep]
|-heal|p2a: Hippowdon|67/100|[from] item: Leftovers
|upkeep
|turn|25
|
|t:|1659836968
|switch|p2a: Clefable|Clefable, M|100/100
|move|p1a: Tyranitar|Crunch|p2a: Clefable
|-resisted|p2a: Clefable
|-damage|p2a: Clefable|75/100
|
|-weather|Sandstorm|[upkeep]
|-damage|p2a: Clefable|69/100|[from] Sandstorm
|-heal|p2a: Clefable|75/100|[from] item: Leftovers
|upkeep
|turn|26
|
|t:|1659836973
|switch|p1a: Rotom|Rotom-Wash|88/100
|move|p2a: Clefable|Soft-Boiled|p2a: Clefable
|-heal|p2a: Clefable|100/100
|
|-weather|none
|-heal|p1a: Rotom|94/100|[from] item: Leftovers
|upkeep
|turn|27
|
|t:|1659836982
|move|p1a: Rotom|Will-O-Wisp|p2a: Clefable
|-status|p2a: Clefable|brn
|move|p2a: Clefable|Flamethrower|p1a: Rotom
|-resisted|p1a: Rotom
|-damage|p1a: Rotom|83/100
|
|-heal|p1a: Rotom|89/100|[from] item: Leftovers
|-damage|p2a: Clefable|94/100 brn|[from] brn
|upkeep
|turn|28
|j| LT92PF Hero
|
|t:|1659836990
|switch|p2a: Chansey|Chansey, F|88/100
|move|p1a: Rotom|Volt Switch|p2a: Chansey
|-damage|p2a: Chansey|80/100
|
|t:|1659836992
|switch|p1a: Tyranitar|Tyranitar, F|100/100|[from]move: Volt Switch
|-weather|Sandstorm|[from] ability: Sand Stream|[of] p1a: Tyranitar
|
|-weather|Sandstorm|[upkeep]
|-damage|p2a: Chansey|74/100|[from] Sandstorm
|upkeep
|turn|29
|
|t:|1659836997
|move|p1a: Tyranitar|Superpower|p2a: Chansey
|-supereffective|p2a: Chansey
|-damage|p2a: Chansey|0 fnt
|-unboost|p1a: Tyranitar|atk|1
|-unboost|p1a: Tyranitar|def|1
|faint|p2a: Chansey
|
|-weather|Sandstorm|[upkeep]
|upkeep
|
|t:|1659837000
|switch|p2a: Hippowdon|Hippowdon, F|67/100
|turn|30
|
|t:|1659837005
|switch|p1a: Ferrothorn|Ferrothorn, M|85/100
|move|p2a: Hippowdon|Stealth Rock|p1a: Ferrothorn
|-sidestart|p1: LT92PF FJ2K|move: Stealth Rock
|
|-weather|Sandstorm|[upkeep]
|-heal|p2a: Hippowdon|73/100|[from] item: Leftovers
|-heal|p1a: Ferrothorn|91/100|[from] item: Leftovers
|upkeep
|turn|31
|
|t:|1659837011
|switch|p2a: Tornadus|Tornadus-Therian, M|100/100
|move|p1a: Ferrothorn|Knock Off|p2a: Tornadus
|-damage|p2a: Tornadus|75/100
|-enditem|p2a: Tornadus|Heavy-Duty Boots|[from] move: Knock Off|[of] p1a: Ferrothorn
|
|-weather|Sandstorm|[upkeep]
|-damage|p2a: Tornadus|68/100|[from] Sandstorm
|-heal|p1a: Ferrothorn|98/100|[from] item: Leftovers
|upkeep
|turn|32
|
|t:|1659837015
|switch|p1a: Clefable|Clefable, M|100/100
|move|p2a: Tornadus|Nasty Plot|p2a: Tornadus
|-boost|p2a: Tornadus|spa|2
|
|-weather|none
|upkeep
|turn|33
|
|t:|1659837023
|switch|p2a: Toxapex|Toxapex, M|80/100 brn
|move|p1a: Clefable|Thunder Wave||[still]
|-fail|p1a: Clefable
|
|-damage|p2a: Toxapex|74/100 brn|[from] brn
|upkeep
|turn|34
|
|t:|1659837027
|switch|p2a: Hippowdon|Hippowdon, F|73/100
|-weather|Sandstorm|[from] ability: Sand Stream|[of] p2a: Hippowdon
|move|p1a: Clefable|Stealth Rock|p2a: Hippowdon
|-sidestart|p2: Plasmeek|move: Stealth Rock
|
|-weather|Sandstorm|[upkeep]
|-heal|p2a: Hippowdon|80/100|[from] item: Leftovers
|upkeep
|turn|35
|
|t:|1659837032
|move|p1a: Clefable|Moonblast|p2a: Hippowdon
|-damage|p2a: Hippowdon|56/100
|-unboost|p2a: Hippowdon|spa|1
|move|p2a: Hippowdon|Earthquake|p1a: Clefable
|-damage|p1a: Clefable|70/100
|
|-weather|Sandstorm|[upkeep]
|-heal|p2a: Hippowdon|62/100|[from] item: Leftovers
|upkeep
|turn|36
|
|t:|1659837035
|move|p1a: Clefable|Soft-Boiled|p1a: Clefable
|-heal|p1a: Clefable|100/100
|move|p2a: Hippowdon|Slack Off|p2a: Hippowdon
|-heal|p2a: Hippowdon|100/100
|
|-weather|Sandstorm|[upkeep]
|upkeep
|turn|37
|
|t:|1659837047
|switch|p1a: Rotom|Rotom-Wash|89/100
|-damage|p1a: Rotom|77/100|[from] Stealth Rock
|switch|p2a: Toxapex|Toxapex, M|100/100 brn
|-damage|p2a: Toxapex|88/100 brn|[from] Stealth Rock
|
|-weather|Sandstorm|[upkeep]
|-damage|p1a: Rotom|71/100|[from] Sandstorm
|-damage|p2a: Toxapex|82/100 brn|[from] Sandstorm
|-heal|p1a: Rotom|77/100|[from] item: Leftovers
|-damage|p2a: Toxapex|75/100 brn|[from] brn
|upkeep
|turn|38
|
|t:|1659837051
|move|p1a: Rotom|Volt Switch|p2a: Toxapex
|-supereffective|p2a: Toxapex
|-damage|p2a: Toxapex|30/100 brn
|
|t:|1659837054
|switch|p1a: Ferrothorn|Ferrothorn, M|98/100|[from]move: Volt Switch
|-damage|p1a: Ferrothorn|91/100|[from] Stealth Rock
|move|p2a: Toxapex|Recover|p2a: Toxapex
|-heal|p2a: Toxapex|80/100 brn
|
|-weather|none
|-heal|p1a: Ferrothorn|98/100|[from] item: Leftovers
|-damage|p2a: Toxapex|74/100 brn|[from] brn
|upkeep
|turn|39
|
|t:|1659837057
|move|p2a: Toxapex|Scald|p1a: Ferrothorn
|-resisted|p1a: Ferrothorn
|-damage|p1a: Ferrothorn|93/100
|-status|p1a: Ferrothorn|brn
|move|p1a: Ferrothorn|Spikes|p2a: Toxapex
|-sidestart|p2: Plasmeek|Spikes
|
|-heal|p1a: Ferrothorn|99/100 brn|[from] item: Leftovers
|-damage|p2a: Toxapex|68/100 brn|[from] brn
|-damage|p1a: Ferrothorn|93/100 brn|[from] brn
|upkeep
|turn|40
|
|t:|1659837062
|switch|p2a: Corviknight|Corviknight, M|82/100
|-damage|p2a: Corviknight|69/100|[from] Stealth Rock
|-ability|p2a: Corviknight|Pressure
|move|p1a: Ferrothorn|Leech Seed|p2a: Corviknight
|-start|p2a: Corviknight|move: Leech Seed
|
|-heal|p1a: Ferrothorn|99/100 brn|[from] item: Leftovers
|-damage|p2a: Corviknight|57/100|[from] Leech Seed|[of] p1a: Ferrothorn
|-heal|p1a: Ferrothorn|100/100 brn|[silent]
|-damage|p1a: Ferrothorn|94/100 brn|[from] brn
|upkeep
|turn|41
|
|t:|1659837066
|move|p2a: Corviknight|Defog|p1a: Ferrothorn
|-unboost|p1a: Ferrothorn|evasion|1
|-sideend|p1: LT92PF FJ2K|Stealth Rock|[from] move: Defog|[of] p2a: Corviknight
|-sideend|p2: Plasmeek|Spikes|[from] move: Defog|[of] p2a: Corviknight
|-sideend|p2: Plasmeek|Stealth Rock|[from] move: Defog|[of] p2a: Corviknight
|move|p1a: Ferrothorn|Knock Off|p2a: Corviknight
|-damage|p2a: Corviknight|50/100
|-enditem|p2a: Corviknight|Shed Shell|[from] move: Knock Off|[of] p1a: Ferrothorn
|
|-heal|p1a: Ferrothorn|100/100 brn|[from] item: Leftovers
|-damage|p2a: Corviknight|38/100|[from] Leech Seed|[of] p1a: Ferrothorn
|-damage|p1a: Ferrothorn|94/100 brn|[from] brn
|upkeep
|turn|42
|
|t:|1659837075
|move|p2a: Corviknight|Roost|p2a: Corviknight
|-heal|p2a: Corviknight|88/100
|-singleturn|p2a: Corviknight|move: Roost
|move|p1a: Ferrothorn|Spikes|p2a: Corviknight
|-sidestart|p2: Plasmeek|Spikes
|
|-heal|p1a: Ferrothorn|100/100 brn|[from] item: Leftovers
|-damage|p2a: Corviknight|75/100|[from] Leech Seed|[of] p1a: Ferrothorn
|-damage|p1a: Ferrothorn|94/100 brn|[from] brn
|upkeep
|turn|43
|
|t:|1659837079
|switch|p2a: Tornadus|Tornadus-Therian, M|100/100
|switch|p1a: Rotom|Rotom-Wash|77/100
|
|-heal|p1a: Rotom|83/100|[from] item: Leftovers
|upkeep
|turn|44
|
|t:|1659837084
|move|p2a: Tornadus|Knock Off|p1a: Rotom
|-damage|p1a: Rotom|62/100
|-enditem|p1a: Rotom|Leftovers|[from] move: Knock Off|[of] p2a: Tornadus
|move|p1a: Rotom|Volt Switch|p2a: Tornadus
|-supereffective|p2a: Tornadus
|-damage|p2a: Tornadus|49/100
|
|t:|1659837088
|switch|p1a: Dragapult|Dragapult, F|84/100|[from]move: Volt Switch
|
|upkeep
|turn|45
|
|t:|1659837095
|switch|p2a: Toxapex|Toxapex, M|100/100 brn
|-damage|p2a: Toxapex|88/100 brn|[from] Spikes
|move|p1a: Dragapult|U-turn|p2a: Toxapex
|-resisted|p2a: Toxapex
|-damage|p2a: Toxapex|83/100 brn
|
|t:|1659837102
|switch|p1a: Ferrothorn|Ferrothorn, M|94/100 brn|[from]move: U-turn
|
|-heal|p1a: Ferrothorn|100/100 brn|[from] item: Leftovers
|-damage|p2a: Toxapex|77/100 brn|[from] brn
|-damage|p1a: Ferrothorn|94/100 brn|[from] brn
|upkeep
|turn|46
|
|t:|1659837106
|switch|p2a: Tornadus|Tornadus-Therian, M|82/100
|move|p1a: Ferrothorn|Spikes|p2a: Tornadus
|-sidestart|p2: Plasmeek|Spikes
|
|-heal|p1a: Ferrothorn|100/100 brn|[from] item: Leftovers
|-damage|p1a: Ferrothorn|94/100 brn|[from] brn
|upkeep
|turn|47
|
|t:|1659837113
|switch|p1a: Clefable|Clefable, M|100/100
|move|p2a: Tornadus|Knock Off|p1a: Clefable
|-resisted|p1a: Clefable
|-damage|p1a: Clefable|93/100
|-damage|p2a: Tornadus|65/100|[from] item: Rocky Helmet|[of] p1a: Clefable
|-enditem|p1a: Clefable|Rocky Helmet|[from] move: Knock Off|[of] p2a: Tornadus
|
|upkeep
|turn|48
|
|t:|1659837122
|switch|p2a: Toxapex|Toxapex, M|100/100 brn
|-damage|p2a: Toxapex|84/100 brn|[from] Spikes
|switch|p1a: Rotom|Rotom-Wash|62/100
|
|-damage|p2a: Toxapex|78/100 brn|[from] brn
|upkeep
|turn|49
|
|t:|1659837129
|move|p1a: Rotom|Volt Switch|p2a: Toxapex
|-supereffective|p2a: Toxapex
|-damage|p2a: Toxapex|40/100 brn
|
|t:|1659837131
|switch|p1a: Tyranitar|Tyranitar, F|100/100|[from]move: Volt Switch
|-weather|Sandstorm|[from] ability: Sand Stream|[of] p1a: Tyranitar
|move|p2a: Toxapex|Recover|p2a: Toxapex
|-heal|p2a: Toxapex|90/100 brn
|
|-weather|Sandstorm|[upkeep]
|-damage|p2a: Toxapex|83/100 brn|[from] Sandstorm
|-damage|p2a: Toxapex|77/100 brn|[from] brn
|upkeep
|turn|50
|
|t:|1659837142
|move|p1a: Tyranitar|Earthquake|p2a: Toxapex
|-supereffective|p2a: Toxapex
|-damage|p2a: Toxapex|2/100 brn
|move|p2a: Toxapex|Recover|p2a: Toxapex
|-heal|p2a: Toxapex|52/100 brn
|
|-weather|Sandstorm|[upkeep]
|-damage|p2a: Toxapex|46/100 brn|[from] Sandstorm
|-damage|p2a: Toxapex|40/100 brn|[from] brn
|upkeep
|turn|51
|
|t:|1659837150
|switch|p1a: Rotom|Rotom-Wash|62/100
|move|p2a: Toxapex|Toxic|p1a: Rotom
|-status|p1a: Rotom|tox
|
|-weather|Sandstorm|[upkeep]
|-damage|p1a: Rotom|56/100 tox|[from] Sandstorm
|-damage|p2a: Toxapex|33/100 brn|[from] Sandstorm
|-damage|p1a: Rotom|50/100 tox|[from] psn
|-damage|p2a: Toxapex|27/100 brn|[from] brn
|upkeep
|turn|52
|
|t:|1659837155
|switch|p2a: Tornadus|Tornadus-Therian, M|98/100
|move|p1a: Rotom|Volt Switch|p2a: Tornadus
|-supereffective|p2a: Tornadus
|-damage|p2a: Tornadus|48/100
|
|t:|1659837161
|switch|p1a: Dragapult|Dragapult, F|84/100|[from]move: Volt Switch
|
|-weather|Sandstorm|[upkeep]
|-damage|p1a: Dragapult|78/100|[from] Sandstorm
|-damage|p2a: Tornadus|42/100|[from] Sandstorm
|upkeep
|turn|53
|
|t:|1659837167
|switch|p2a: Hippowdon|Hippowdon, F|100/100
|-damage|p2a: Hippowdon|84/100|[from] Spikes
|move|p1a: Dragapult|Shadow Ball|p2a: Hippowdon
|-damage|p2a: Hippowdon|42/100
|
|-weather|none
|-heal|p2a: Hippowdon|49/100|[from] item: Leftovers
|upkeep
|turn|54
|
|t:|1659837175
|switch|p1a: Ferrothorn|Ferrothorn, M|94/100 brn
|move|p2a: Hippowdon|Slack Off|p2a: Hippowdon
|-heal|p2a: Hippowdon|99/100
|
|-heal|p2a: Hippowdon|100/100|[from] item: Leftovers
|-heal|p1a: Ferrothorn|100/100 brn|[from] item: Leftovers
|-damage|p1a: Ferrothorn|94/100 brn|[from] brn
|upkeep
|turn|55
|
|t:|1659837183
|switch|p2a: Corviknight|Corviknight, M|75/100
|-ability|p2a: Corviknight|Pressure
|move|p1a: Ferrothorn|Leech Seed|p2a: Corviknight
|-start|p2a: Corviknight|move: Leech Seed
|
|-heal|p1a: Ferrothorn|100/100 brn|[from] item: Leftovers
|-damage|p2a: Corviknight|63/100|[from] Leech Seed|[of] p1a: Ferrothorn
|-damage|p1a: Ferrothorn|94/100 brn|[from] brn
|upkeep
|turn|56
|
|t:|1659837186
|switch|p1a: Rotom|Rotom-Wash|50/100 tox
|move|p2a: Corviknight|Defog|p1a: Rotom
|-unboost|p1a: Rotom|evasion|1
|-sideend|p2: Plasmeek|Spikes|[from] move: Defog|[of] p2a: Corviknight
|
|-damage|p2a: Corviknight|50/100|[from] Leech Seed|[of] p1a: Rotom
|-heal|p1a: Rotom|66/100 tox|[silent]
|-damage|p1a: Rotom|60/100 tox|[from] psn
|upkeep
|turn|57
|
|t:|1659837191
|switch|p2a: Hippowdon|Hippowdon, F|100/100
|-weather|Sandstorm|[from] ability: Sand Stream|[of] p2a: Hippowdon
|move|p1a: Rotom|Volt Switch|p2a: Hippowdon
|-immune|p2a: Hippowdon
|
|-weather|Sandstorm|[upkeep]
|-damage|p1a: Rotom|54/100 tox|[from] Sandstorm
|-damage|p1a: Rotom|41/100 tox|[from] psn
|upkeep
|turn|58
|
|t:|1659837203
|switch|p2a: Tornadus|Tornadus-Therian, M|75/100
|move|p1a: Rotom|Will-O-Wisp|p2a: Tornadus
|-status|p2a: Tornadus|brn
|
|-weather|Sandstorm|[upkeep]
|-damage|p2a: Tornadus|69/100 brn|[from] Sandstorm
|-damage|p1a: Rotom|35/100 tox|[from] Sandstorm
|-damage|p1a: Rotom|16/100 tox|[from] psn
|-damage|p2a: Tornadus|63/100 brn|[from] brn
|upkeep
|turn|59
|
|t:|1659837212
|switch|p1a: Clefable|Clefable, M|93/100
|move|p2a: Tornadus|Hurricane|p1a: Clefable
|-damage|p1a: Clefable|56/100
|
|-weather|Sandstorm|[upkeep]
|-damage|p2a: Tornadus|57/100 brn|[from] Sandstorm
|-damage|p2a: Tornadus|51/100 brn|[from] brn
|upkeep
|turn|60
|
|t:|1659837216
|switch|p2a: Hippowdon|Hippowdon, F|100/100
|move|p1a: Clefable|Moonblast|p2a: Hippowdon
|-damage|p2a: Hippowdon|78/100
|
|-weather|Sandstorm|[upkeep]
|-heal|p2a: Hippowdon|84/100|[from] item: Leftovers
|upkeep
|turn|61
|
|t:|1659837219
|move|p1a: Clefable|Soft-Boiled|p1a: Clefable
|-heal|p1a: Clefable|100/100
|move|p2a: Hippowdon|Stealth Rock|p1a: Clefable
|-sidestart|p1: LT92PF FJ2K|move: Stealth Rock
|
|-weather|none
|-heal|p2a: Hippowdon|90/100|[from] item: Leftovers
|upkeep
|turn|62
|
|t:|1659837226
|switch|p1a: Ferrothorn|Ferrothorn, M|94/100 brn
|-damage|p1a: Ferrothorn|88/100 brn|[from] Stealth Rock
|switch|p2a: Toxapex|Toxapex, M|60/100 brn
|
|-heal|p1a: Ferrothorn|94/100 brn|[from] item: Leftovers
|-damage|p2a: Toxapex|54/100 brn|[from] brn
|-damage|p1a: Ferrothorn|88/100 brn|[from] brn
|upkeep
|turn|63
|
|t:|1659837234
|switch|p2a: Clefable|Clefable, M|94/100 brn
|move|p1a: Ferrothorn|Spikes|p2a: Clefable
|-sidestart|p2: Plasmeek|Spikes
|
|-heal|p2a: Clefable|100/100 brn|[from] item: Leftovers
|-heal|p1a: Ferrothorn|94/100 brn|[from] item: Leftovers
|-damage|p2a: Clefable|94/100 brn|[from] brn
|-damage|p1a: Ferrothorn|88/100 brn|[from] brn
|upkeep
|turn|64
|
|t:|1659837242
|switch|p1a: Excadrill|Excadrill, M|82/100
|-damage|p1a: Excadrill|79/100|[from] Stealth Rock
|move|p2a: Clefable|Flamethrower|p1a: Excadrill
|-supereffective|p1a: Excadrill
|-damage|p1a: Excadrill|25/100
|
|-heal|p1a: Excadrill|31/100|[from] item: Leftovers
|-heal|p2a: Clefable|100/100 brn|[from] item: Leftovers
|-damage|p2a: Clefable|94/100 brn|[from] brn
|upkeep
|turn|65
|
|t:|1659837246
|switch|p2a: Corviknight|Corviknight, M|50/100
|-ability|p2a: Corviknight|Pressure
|move|p1a: Excadrill|Iron Head|p2a: Corviknight
|-resisted|p2a: Corviknight
|-crit|p2a: Corviknight
|-damage|p2a: Corviknight|31/100
|
|-heal|p1a: Excadrill|37/100|[from] item: Leftovers
|upkeep
|turn|66
|
|t:|1659837251
|move|p1a: Excadrill|Rapid Spin|p2a: Corviknight
|-resisted|p2a: Corviknight
|-damage|p2a: Corviknight|25/100
|-boost|p1a: Excadrill|spe|1
|-sideend|p1: LT92PF FJ2K|Stealth Rock|[from] move: Rapid Spin|[of] p1a: Excadrill
|move|p2a: Corviknight|Roost|p2a: Corviknight
|-heal|p2a: Corviknight|75/100
|-singleturn|p2a: Corviknight|move: Roost
|
|-heal|p1a: Excadrill|43/100|[from] item: Leftovers
|upkeep
|turn|67
|
|t:|1659837257
|switch|p1a: Dragapult|Dragapult, F|78/100
|move|p2a: Corviknight|Defog|p1a: Dragapult
|-unboost|p1a: Dragapult|evasion|1
|-sideend|p2: Plasmeek|Spikes|[from] move: Defog|[of] p2a: Corviknight
|
|upkeep
|turn|68
|
|t:|1659837263
|switch|p2a: Toxapex|Toxapex, M|87/100 brn
|move|p1a: Dragapult|U-turn|p2a: Toxapex
|-resisted|p2a: Toxapex
|-damage|p2a: Toxapex|82/100 brn
|
|t:|1659837265
|switch|p1a: Rotom|Rotom-Wash|16/100 tox|[from]move: U-turn
|
|-damage|p1a: Rotom|10/100 tox|[from] psn
|-damage|p2a: Toxapex|76/100 brn|[from] brn
|upkeep
|turn|69
|
|t:|1659837274
|move|p1a: Rotom|Pain Split|p2a: Toxapex
|-sethp|p2a: Toxapex|43/100 brn|[from] move: Pain Split|[silent]
|-sethp|p1a: Rotom|43/100 tox|[from] move: Pain Split
|move|p2a: Toxapex|Recover|p2a: Toxapex
|-heal|p2a: Toxapex|93/100 brn
|
|-damage|p1a: Rotom|30/100 tox|[from] psn
|-damage|p2a: Toxapex|87/100 brn|[from] brn
|upkeep
|turn|70
|
|t:|1659837278
|move|p1a: Rotom|Volt Switch|p2a: Toxapex
|-supereffective|p2a: Toxapex
|-damage|p2a: Toxapex|41/100 brn
|
|t:|1659837281
|switch|p1a: Clefable|Clefable, M|100/100|[from]move: Volt Switch
|move|p2a: Toxapex|Scald|p1a: Clefable
|-damage|p1a: Clefable|84/100
|
|-damage|p2a: Toxapex|35/100 brn|[from] brn
|upkeep
|turn|71
|
|t:|1659837284
|switch|p2a: Hippowdon|Hippowdon, F|90/100
|-weather|Sandstorm|[from] ability: Sand Stream|[of] p2a: Hippowdon
|move|p1a: Clefable|Stealth Rock|p2a: Hippowdon
|-sidestart|p2: Plasmeek|move: Stealth Rock
|
|-weather|Sandstorm|[upkeep]
|-heal|p2a: Hippowdon|97/100|[from] item: Leftovers
|upkeep
|turn|72
|
|t:|1659837289
|move|p1a: Clefable|Moonblast|p2a: Hippowdon
|-damage|p2a: Hippowdon|75/100
|-unboost|p2a: Hippowdon|spa|1
|move|p2a: Hippowdon|Body Press|p1a: Clefable
|-resisted|p1a: Clefable
|-damage|p1a: Clefable|76/100
|
|-weather|Sandstorm|[upkeep]
|-heal|p2a: Hippowdon|81/100|[from] item: Leftovers
|upkeep
|turn|73
|
|t:|1659837294
|move|p1a: Clefable|Moonblast|p2a: Hippowdon
|-damage|p2a: Hippowdon|58/100
|-unboost|p2a: Hippowdon|spa|1
|move|p2a: Hippowdon|Stealth Rock|p1a: Clefable
|-sidestart|p1: LT92PF FJ2K|move: Stealth Rock
|
|-weather|Sandstorm|[upkeep]
|-heal|p2a: Hippowdon|64/100|[from] item: Leftovers
|upkeep
|turn|74
|
|t:|1659837300
|move|p1a: Clefable|Moonblast|p2a: Hippowdon
|-damage|p2a: Hippowdon|41/100
|move|p2a: Hippowdon|Slack Off|p2a: Hippowdon
|-heal|p2a: Hippowdon|91/100
|
|-weather|Sandstorm|[upkeep]
|-heal|p2a: Hippowdon|97/100|[from] item: Leftovers
|upkeep
|turn|75
|
|t:|1659837304
|move|p1a: Clefable|Moonblast|p2a: Hippowdon
|-damage|p2a: Hippowdon|75/100
|move|p2a: Hippowdon|Body Press|p1a: Clefable
|-resisted|p1a: Clefable
|-damage|p1a: Clefable|67/100
|
|-weather|none
|-heal|p2a: Hippowdon|81/100|[from] item: Leftovers
|upkeep
|turn|76
|
|t:|1659837308
|move|p1a: Clefable|Soft-Boiled|p1a: Clefable
|-heal|p1a: Clefable|100/100
|move|p2a: Hippowdon|Earthquake|p1a: Clefable
|-damage|p1a: Clefable|69/100
|
|-heal|p2a: Hippowdon|87/100|[from] item: Leftovers
|upkeep
|turn|77
|
|t:|1659837314
|move|p1a: Clefable|Moonblast|p2a: Hippowdon
|-damage|p2a: Hippowdon|65/100
|move|p2a: Hippowdon|Slack Off|p2a: Hippowdon
|-heal|p2a: Hippowdon|100/100
|
|upkeep
|turn|78
|
|t:|1659837317
|switch|p2a: Toxapex|Toxapex, M|68/100 brn
|-damage|p2a: Toxapex|56/100 brn|[from] Stealth Rock
|move|p1a: Clefable|Soft-Boiled|p1a: Clefable
|-heal|p1a: Clefable|100/100
|
|-damage|p2a: Toxapex|50/100 brn|[from] brn
|upkeep
|turn|79
|
|t:|1659837321
|switch|p1a: Rotom|Rotom-Wash|30/100 tox
|-damage|p1a: Rotom|18/100 tox|[from] Stealth Rock
|switch|p2a: Tornadus|Tornadus-Therian, M|84/100 brn
|-damage|p2a: Tornadus|59/100 brn|[from] Stealth Rock
|
|-damage|p1a: Rotom|12/100 tox|[from] psn
|-damage|p2a: Tornadus|53/100 brn|[from] brn
|upkeep
|turn|80
|
|t:|1659837330
|switch|p1a: Clefable|Clefable, M|100/100
|move|p2a: Tornadus|Hurricane|p1a: Clefable
|-damage|p1a: Clefable|59/100
|
|-damage|p2a: Tornadus|47/100 brn|[from] brn
|upkeep
|turn|81
|
|t:|1659837335
|switch|p2a: Toxapex|Toxapex, M|83/100 brn
|-damage|p2a: Toxapex|70/100 brn|[from] Stealth Rock
|move|p1a: Clefable|Moonblast|p2a: Toxapex
|-resisted|p2a: Toxapex
|-damage|p2a: Toxapex|58/100 brn
|-unboost|p2a: Toxapex|spa|1
|
|-damage|p2a: Toxapex|51/100 brn|[from] brn
|upkeep
|turn|82
|l| LT92PF Hero
|
|t:|1659837337
|switch|p2a: Tornadus|Tornadus-Therian, M|80/100 brn
|-damage|p2a: Tornadus|55/100 brn|[from] Stealth Rock
|move|p1a: Clefable|Soft-Boiled|p1a: Clefable
|-heal|p1a: Clefable|100/100
|
|-damage|p2a: Tornadus|49/100 brn|[from] brn
|upkeep
|turn|83
|
|t:|1659837341
|switch|p2a: Toxapex|Toxapex, M|85/100 brn
|-damage|p2a: Toxapex|72/100 brn|[from] Stealth Rock
|move|p1a: Clefable|Moonblast|p2a: Toxapex
|-resisted|p2a: Toxapex
|-damage|p2a: Toxapex|59/100 brn
|
|-damage|p2a: Toxapex|53/100 brn|[from] brn
|upkeep
|turn|84
|
|t:|1659837349
|move|p1a: Clefable|Moonblast|p2a: Toxapex
|-resisted|p2a: Toxapex
|-damage|p2a: Toxapex|40/100 brn
|move|p2a: Toxapex|Recover|p2a: Toxapex
|-heal|p2a: Toxapex|90/100 brn
|
|-damage|p2a: Toxapex|84/100 brn|[from] brn
|upkeep
|turn|85
|
|t:|1659837355
|switch|p1a: Ferrothorn|Ferrothorn, M|88/100 brn
|-damage|p1a: Ferrothorn|82/100 brn|[from] Stealth Rock
|switch|p2a: Tornadus|Tornadus-Therian, M|82/100 brn
|-damage|p2a: Tornadus|57/100 brn|[from] Stealth Rock
|
|-heal|p1a: Ferrothorn|88/100 brn|[from] item: Leftovers
|-damage|p2a: Tornadus|51/100 brn|[from] brn
|-damage|p1a: Ferrothorn|82/100 brn|[from] brn
|upkeep
|turn|86
|
|t:|1659837361
|move|p2a: Tornadus|Focus Blast|p1a: Ferrothorn
|-supereffective|p1a: Ferrothorn
|-damage|p1a: Ferrothorn|43/100 brn
|move|p1a: Ferrothorn|Leech Seed|p2a: Tornadus
|-start|p2a: Tornadus|move: Leech Seed
|
|-heal|p1a: Ferrothorn|49/100 brn|[from] item: Leftovers
|-damage|p2a: Tornadus|39/100 brn|[from] Leech Seed|[of] p1a: Ferrothorn
|-heal|p1a: Ferrothorn|62/100 brn|[silent]
|-damage|p2a: Tornadus|33/100 brn|[from] brn
|-damage|p1a: Ferrothorn|55/100 brn|[from] brn
|upkeep
|turn|87
|
|t:|1659837366
|switch|p2a: Toxapex|Toxapex, M|100/100 brn
|-damage|p2a: Toxapex|88/100 brn|[from] Stealth Rock
|move|p1a: Ferrothorn|Spikes|p2a: Toxapex
|-sidestart|p2: Plasmeek|Spikes
|
|-heal|p1a: Ferrothorn|62/100 brn|[from] item: Leftovers
|-damage|p2a: Toxapex|82/100 brn|[from] brn
|-damage|p1a: Ferrothorn|55/100 brn|[from] brn
|upkeep
|turn|88
|
|t:|1659837371
|switch|p2a: Corviknight|Corviknight, M|75/100
|-damage|p2a: Corviknight|63/100|[from] Stealth Rock
|-ability|p2a: Corviknight|Pressure
|move|p1a: Ferrothorn|Leech Seed|p2a: Corviknight
|-start|p2a: Corviknight|move: Leech Seed
|
|-heal|p1a: Ferrothorn|62/100 brn|[from] item: Leftovers
|-damage|p2a: Corviknight|50/100|[from] Leech Seed|[of] p1a: Ferrothorn
|-heal|p1a: Ferrothorn|76/100 brn|[silent]
|-damage|p1a: Ferrothorn|70/100 brn|[from] brn
|upkeep
|turn|89
|
|t:|1659837376
|move|p2a: Corviknight|Defog|p1a: Ferrothorn
|-unboost|p1a: Ferrothorn|evasion|1
|-sideend|p1: LT92PF FJ2K|Stealth Rock|[from] move: Defog|[of] p2a: Corviknight
|-sideend|p2: Plasmeek|Spikes|[from] move: Defog|[of] p2a: Corviknight
|-sideend|p2: Plasmeek|Stealth Rock|[from] move: Defog|[of] p2a: Corviknight
|move|p1a: Ferrothorn|Spikes|p2a: Corviknight
|-sidestart|p2: Plasmeek|Spikes
|
|-heal|p1a: Ferrothorn|76/100 brn|[from] item: Leftovers
|-damage|p2a: Corviknight|38/100|[from] Leech Seed|[of] p1a: Ferrothorn
|-heal|p1a: Ferrothorn|90/100 brn|[silent]
|-damage|p1a: Ferrothorn|84/100 brn|[from] brn
|upkeep
|turn|90
|
|t:|1659837379
|move|p2a: Corviknight|Roost|p2a: Corviknight
|-heal|p2a: Corviknight|88/100
|-singleturn|p2a: Corviknight|move: Roost
|move|p1a: Ferrothorn|Spikes|p2a: Corviknight
|-sidestart|p2: Plasmeek|Spikes
|
|-heal|p1a: Ferrothorn|90/100 brn|[from] item: Leftovers
|-damage|p2a: Corviknight|75/100|[from] Leech Seed|[of] p1a: Ferrothorn
|-heal|p1a: Ferrothorn|100/100 brn|[silent]
|-damage|p1a: Ferrothorn|94/100 brn|[from] brn
|upkeep
|turn|91
|
|t:|1659837384
|switch|p1a: Dragapult|Dragapult, F|78/100
|move|p2a: Corviknight|Defog|p1a: Dragapult
|-unboost|p1a: Dragapult|evasion|1
|-sideend|p2: Plasmeek|Spikes|[from] move: Defog|[of] p2a: Corviknight
|
|-damage|p2a: Corviknight|63/100|[from] Leech Seed|[of] p1a: Dragapult
|-heal|p1a: Dragapult|94/100|[silent]
|upkeep
|turn|92
|
|t:|1659837393
|switch|p2a: Toxapex|Toxapex, M|100/100 brn
|move|p1a: Dragapult|U-turn|p2a: Toxapex
|-resisted|p2a: Toxapex
|-damage|p2a: Toxapex|95/100 brn
|
|t:|1659837396
|switch|p1a: Rotom|Rotom-Wash|12/100 tox|[from]move: U-turn
|
|-damage|p1a: Rotom|5/100 tox|[from] psn
|-damage|p2a: Toxapex|89/100 brn|[from] brn
|upkeep
|turn|93
|
|t:|1659837403
|switch|p2a: Tornadus|Tornadus-Therian, M|66/100 brn
|move|p1a: Rotom|Pain Split|p2a: Tornadus
|-sethp|p2a: Tornadus|35/100 brn|[from] move: Pain Split|[silent]
|-sethp|p1a: Rotom|42/100 tox|[from] move: Pain Split
|
|-damage|p1a: Rotom|29/100 tox|[from] psn
|-damage|p2a: Tornadus|29/100 brn|[from] brn
|upkeep
|turn|94
|
|t:|1659837407
|move|p2a: Tornadus|Focus Blast|p1a: Rotom
|-damage|p1a: Rotom|0 fnt
|faint|p1a: Rotom
|
|-damage|p2a: Tornadus|23/100 brn|[from] brn
|upkeep
|
|t:|1659837411
|switch|p1a: Dragapult|Dragapult, F|94/100
|turn|95
|
|t:|1659837415
|switch|p2a: Toxapex|Toxapex, M|100/100 brn
|move|p1a: Dragapult|Shadow Ball|p2a: Toxapex
|-damage|p2a: Toxapex|56/100 brn
|
|-damage|p2a: Toxapex|50/100 brn|[from] brn
|upkeep
|turn|96
|
|t:|1659837419
|switch|p1a: Clefable|Clefable, M|100/100
|switch|p2a: Hippowdon|Hippowdon, F|100/100
|-weather|Sandstorm|[from] ability: Sand Stream|[of] p2a: Hippowdon
|
|-weather|Sandstorm|[upkeep]
|upkeep
|turn|97
|
|t:|1659837422
|move|p1a: Clefable|Moonblast|p2a: Hippowdon
|-damage|p2a: Hippowdon|79/100
|move|p2a: Hippowdon|Stealth Rock|p1a: Clefable
|-sidestart|p1: LT92PF FJ2K|move: Stealth Rock
|
|-weather|Sandstorm|[upkeep]
|-heal|p2a: Hippowdon|85/100|[from] item: Leftovers
|upkeep
|turn|98
|
|t:|1659837425
|move|p1a: Clefable|Stealth Rock|p2a: Hippowdon
|-sidestart|p2: Plasmeek|move: Stealth Rock
|move|p2a: Hippowdon|Earthquake|p1a: Clefable
|-damage|p1a: Clefable|73/100
|
|-weather|Sandstorm|[upkeep]
|-heal|p2a: Hippowdon|91/100|[from] item: Leftovers
|upkeep
|turn|99
|
|t:|1659837429
|move|p1a: Clefable|Moonblast|p2a: Hippowdon
|-damage|p2a: Hippowdon|67/100
|move|p2a: Hippowdon|Earthquake|p1a: Clefable
|-damage|p1a: Clefable|45/100
|
|-weather|Sandstorm|[upkeep]
|-heal|p2a: Hippowdon|73/100|[from] item: Leftovers
|upkeep
|turn|100
|
|t:|1659837432
|move|p1a: Clefable|Soft-Boiled|p1a: Clefable
|-heal|p1a: Clefable|95/100
|move|p2a: Hippowdon|Slack Off|p2a: Hippowdon
|-heal|p2a: Hippowdon|100/100
|
|-weather|none
|upkeep
|turn|101
|
|t:|1659837437
|switch|p1a: Ferrothorn|Ferrothorn, M|94/100 brn
|-damage|p1a: Ferrothorn|88/100 brn|[from] Stealth Rock
|move|p2a: Hippowdon|Earthquake|p1a: Ferrothorn
|-damage|p1a: Ferrothorn|61/100 brn
|
|-heal|p1a: Ferrothorn|67/100 brn|[from] item: Leftovers
|-damage|p1a: Ferrothorn|61/100 brn|[from] brn
|upkeep
|turn|102
|
|t:|1659837446
|switch|p2a: Corviknight|Corviknight, M|63/100
|-damage|p2a: Corviknight|50/100|[from] Stealth Rock
|-ability|p2a: Corviknight|Pressure
|move|p1a: Ferrothorn|Spikes|p2a: Corviknight
|-sidestart|p2: Plasmeek|Spikes
|
|-heal|p1a: Ferrothorn|67/100 brn|[from] item: Leftovers
|-damage|p1a: Ferrothorn|61/100 brn|[from] brn
|upkeep
|turn|103
|
|t:|1659837450
|move|p2a: Corviknight|Roost|p2a: Corviknight
|-heal|p2a: Corviknight|100/100
|-singleturn|p2a: Corviknight|move: Roost
|move|p1a: Ferrothorn|Leech Seed|p2a: Corviknight
|-start|p2a: Corviknight|move: Leech Seed
|
|-heal|p1a: Ferrothorn|67/100 brn|[from] item: Leftovers
|-damage|p2a: Corviknight|88/100|[from] Leech Seed|[of] p1a: Ferrothorn
|-heal|p1a: Ferrothorn|81/100 brn|[silent]
|-damage|p1a: Ferrothorn|75/100 brn|[from] brn
|upkeep
|turn|104
|
|t:|1659837453
|move|p2a: Corviknight|Defog|p1a: Ferrothorn
|-unboost|p1a: Ferrothorn|evasion|1
|-sideend|p1: LT92PF FJ2K|Stealth Rock|[from] move: Defog|[of] p2a: Corviknight
|-sideend|p2: Plasmeek|Spikes|[from] move: Defog|[of] p2a: Corviknight
|-sideend|p2: Plasmeek|Stealth Rock|[from] move: Defog|[of] p2a: Corviknight
|move|p1a: Ferrothorn|Spikes|p2a: Corviknight
|-sidestart|p2: Plasmeek|Spikes
|
|-heal|p1a: Ferrothorn|81/100 brn|[from] item: Leftovers
|-damage|p2a: Corviknight|75/100|[from] Leech Seed|[of] p1a: Ferrothorn
|-heal|p1a: Ferrothorn|95/100 brn|[silent]
|-damage|p1a: Ferrothorn|89/100 brn|[from] brn
|upkeep
|turn|105
|
|t:|1659837463
|move|p2a: Corviknight|Body Press|p1a: Ferrothorn
|-supereffective|p1a: Ferrothorn
|-damage|p1a: Ferrothorn|53/100 brn
|-damage|p2a: Corviknight|63/100|[from] ability: Iron Barbs|[of] p1a: Ferrothorn
|move|p1a: Ferrothorn|Spikes|p2a: Corviknight
|-sidestart|p2: Plasmeek|Spikes
|
|-heal|p1a: Ferrothorn|60/100 brn|[from] item: Leftovers
|-damage|p2a: Corviknight|50/100|[from] Leech Seed|[of] p1a: Ferrothorn
|-heal|p1a: Ferrothorn|74/100 brn|[silent]
|-damage|p1a: Ferrothorn|68/100 brn|[from] brn
|upkeep
|turn|106
|
|t:|1659837468
|switch|p1a: Dragapult|Dragapult, F|94/100
|move|p2a: Corviknight|Defog|p1a: Dragapult
|-unboost|p1a: Dragapult|evasion|1
|-sideend|p2: Plasmeek|Spikes|[from] move: Defog|[of] p2a: Corviknight
|
|-damage|p2a: Corviknight|38/100|[from] Leech Seed|[of] p1a: Dragapult
|-heal|p1a: Dragapult|100/100|[silent]
|upkeep
|turn|107
|
|t:|1659837471
|switch|p2a: Toxapex|Toxapex, M|83/100 brn
|move|p1a: Dragapult|Shadow Ball|p2a: Toxapex
|-damage|p2a: Toxapex|40/100 brn
|
|-damage|p2a: Toxapex|33/100 brn|[from] brn
|upkeep
|turn|108
|
|t:|1659837474
|switch|p2a: Hippowdon|Hippowdon, F|100/100
|-weather|Sandstorm|[from] ability: Sand Stream|[of] p2a: Hippowdon
|move|p1a: Dragapult|Shadow Ball|p2a: Hippowdon
|-damage|p2a: Hippowdon|59/100
|
|-weather|Sandstorm|[upkeep]
|-damage|p1a: Dragapult|95/100|[from] Sandstorm
|-heal|p2a: Hippowdon|65/100|[from] item: Leftovers
|upkeep
|turn|109
|
|t:|1659837483
|switch|p1a: Excadrill|Excadrill, M|43/100
|move|p2a: Hippowdon|Slack Off|p2a: Hippowdon
|-heal|p2a: Hippowdon|100/100
|
|-weather|Sandstorm|[upkeep]
|-heal|p1a: Excadrill|50/100|[from] item: Leftovers
|upkeep
|turn|110
|
|t:|1659837489
|switch|p1a: Clefable|Clefable, M|95/100
|switch|p2a: Corviknight|Corviknight, M|38/100
|-ability|p2a: Corviknight|Pressure
|
|-weather|Sandstorm|[upkeep]
|upkeep
|turn|111
|
|t:|1659837493
|switch|p2a: Hippowdon|Hippowdon, F|100/100
|move|p1a: Clefable|Thunder Wave|p2a: Hippowdon
|-immune|p2a: Hippowdon
|
|-weather|Sandstorm|[upkeep]
|upkeep
|turn|112
|
|t:|1659837496
|move|p1a: Clefable|Stealth Rock|p2a: Hippowdon
|-sidestart|p2: Plasmeek|move: Stealth Rock
|move|p2a: Hippowdon|Stealth Rock|p1a: Clefable
|-sidestart|p1: LT92PF FJ2K|move: Stealth Rock
|
|-weather|none
|upkeep
|turn|113
|
|t:|1659837501
|switch|p1a: Ferrothorn|Ferrothorn, M|68/100 brn
|-damage|p1a: Ferrothorn|61/100 brn|[from] Stealth Rock
|move|p2a: Hippowdon|Earthquake|p1a: Ferrothorn
|-damage|p1a: Ferrothorn|35/100 brn
|
|-heal|p1a: Ferrothorn|41/100 brn|[from] item: Leftovers
|-damage|p1a: Ferrothorn|35/100 brn|[from] brn
|upkeep
|turn|114
|
|t:|1659837504
|move|p2a: Hippowdon|Body Press|p1a: Ferrothorn
|-supereffective|p1a: Ferrothorn
|-damage|p1a: Ferrothorn|6/100 brn
|-damage|p2a: Hippowdon|88/100|[from] ability: Iron Barbs|[of] p1a: Ferrothorn
|move|p1a: Ferrothorn|Leech Seed|p2a: Hippowdon
|-start|p2a: Hippowdon|move: Leech Seed
|
|-heal|p2a: Hippowdon|94/100|[from] item: Leftovers
|-heal|p1a: Ferrothorn|12/100 brn|[from] item: Leftovers
|-damage|p2a: Hippowdon|82/100|[from] Leech Seed|[of] p1a: Ferrothorn
|-heal|p1a: Ferrothorn|27/100 brn|[silent]
|-damage|p1a: Ferrothorn|21/100 brn|[from] brn
|upkeep
|turn|115
|
|t:|1659837513
|move|p2a: Hippowdon|Earthquake|p1a: Ferrothorn
|-damage|p1a: Ferrothorn|0 fnt
|faint|p1a: Ferrothorn
|
|-heal|p2a: Hippowdon|88/100|[from] item: Leftovers
|upkeep
|
|t:|1659837520
|switch|p1a: Dragapult|Dragapult, F|95/100
|-damage|p1a: Dragapult|82/100|[from] Stealth Rock
|turn|116
|
|t:|1659837541
|switch|p2a: Tornadus|Tornadus-Therian, M|56/100 brn
|-damage|p2a: Tornadus|31/100 brn|[from] Stealth Rock
|move|p1a: Dragapult|Shadow Ball|p2a: Tornadus
|-damage|p2a: Tornadus|0 fnt
|faint|p2a: Tornadus
|
|upkeep
|
|t:|1659837547
|switch|p2a: Hippowdon|Hippowdon, F|88/100
|-damage|p2a: Hippowdon|82/100|[from] Stealth Rock
|-weather|Sandstorm|[from] ability: Sand Stream|[of] p2a: Hippowdon
|turn|117
|
|t:|1659837562
|switch|p1a: Clefable|Clefable, M|95/100
|move|p2a: Hippowdon|Slack Off|p2a: Hippowdon
|-heal|p2a: Hippowdon|100/100
|
|-weather|Sandstorm|[upkeep]
|upkeep
|turn|118
|
|t:|1659837565
|switch|p2a: Toxapex|Toxapex, M|67/100 brn
|-damage|p2a: Toxapex|54/100 brn|[from] Stealth Rock
|move|p1a: Clefable|Moonblast|p2a: Toxapex
|-resisted|p2a: Toxapex
|-damage|p2a: Toxapex|41/100 brn
|
|-weather|Sandstorm|[upkeep]
|-damage|p2a: Toxapex|35/100 brn|[from] Sandstorm
|-damage|p2a: Toxapex|29/100 brn|[from] brn
|upkeep
|turn|119
|
|t:|1659837573
|switch|p1a: Tyranitar|Tyranitar, F|100/100
|-damage|p1a: Tyranitar|88/100|[from] Stealth Rock
|move|p2a: Toxapex|Recover|p2a: Toxapex
|-heal|p2a: Toxapex|79/100 brn
|
|-weather|Sandstorm|[upkeep]
|-damage|p2a: Toxapex|73/100 brn|[from] Sandstorm
|-damage|p2a: Toxapex|66/100 brn|[from] brn
|upkeep
|turn|120
|
|t:|1659837583
|switch|p2a: Clefable|Clefable, M|94/100 brn
|-damage|p2a: Clefable|82/100 brn|[from] Stealth Rock
|move|p1a: Tyranitar|Stone Edge|p2a: Clefable
|-crit|p2a: Clefable
|-damage|p2a: Clefable|0 fnt
|faint|p2a: Clefable
|
|-weather|Sandstorm|[upkeep]
|upkeep
|
|t:|1659837588
|switch|p2a: Toxapex|Toxapex, M|99/100 brn
|-damage|p2a: Toxapex|87/100 brn|[from] Stealth Rock
|turn|121
|
|t:|1659837595
|move|p1a: Tyranitar|Stone Edge|p2a: Toxapex
|-damage|p2a: Toxapex|38/100 brn
|move|p2a: Toxapex|Scald|p1a: Tyranitar
|-supereffective|p1a: Tyranitar
|-damage|p1a: Tyranitar|68/100
|
|-weather|none
|-damage|p2a: Toxapex|32/100 brn|[from] brn
|upkeep
|turn|122
|
|t:|1659837600
|switch|p2a: Hippowdon|Hippowdon, F|100/100
|-damage|p2a: Hippowdon|94/100|[from] Stealth Rock
|-weather|Sandstorm|[from] ability: Sand Stream|[of] p2a: Hippowdon
|move|p1a: Tyranitar|Stone Edge|p2a: Hippowdon
|-resisted|p2a: Hippowdon
|-damage|p2a: Hippowdon|66/100
|
|-weather|Sandstorm|[upkeep]
|-heal|p2a: Hippowdon|72/100|[from] item: Leftovers
|upkeep
|turn|123
|
|t:|1659837609
|switch|p1a: Clefable|Clefable, M|95/100
|move|p2a: Hippowdon|Earthquake|p1a: Clefable
|-damage|p1a: Clefable|64/100
|
|-weather|Sandstorm|[upkeep]
|-heal|p2a: Hippowdon|78/100|[from] item: Leftovers
|upkeep
|turn|124
|
|t:|1659837613
|move|p1a: Clefable|Moonblast|p2a: Hippowdon
|-damage|p2a: Hippowdon|54/100
|move|p2a: Hippowdon|Slack Off|p2a: Hippowdon
|-heal|p2a: Hippowdon|100/100
|
|-weather|Sandstorm|[upkeep]
|upkeep
|turn|125
|
|t:|1659837616
|switch|p2a: Toxapex|Toxapex, M|65/100 brn
|-damage|p2a: Toxapex|53/100 brn|[from] Stealth Rock
|move|p1a: Clefable|Moonblast|p2a: Toxapex
|-resisted|p2a: Toxapex
|-damage|p2a: Toxapex|39/100 brn
|
|-weather|Sandstorm|[upkeep]
|-damage|p2a: Toxapex|33/100 brn|[from] Sandstorm
|-damage|p2a: Toxapex|26/100 brn|[from] brn
|upkeep
|turn|126
|
|t:|1659837619
|move|p1a: Clefable|Soft-Boiled|p1a: Clefable
|-heal|p1a: Clefable|100/100
|move|p2a: Toxapex|Scald|p1a: Clefable
|-damage|p1a: Clefable|83/100
|
|-weather|none
|-damage|p2a: Toxapex|20/100 brn|[from] brn
|upkeep
|turn|127
|
|t:|1659837623
|switch|p1a: Tyranitar|Tyranitar, F|68/100
|-damage|p1a: Tyranitar|55/100|[from] Stealth Rock
|-weather|Sandstorm|[from] ability: Sand Stream|[of] p1a: Tyranitar
|move|p2a: Toxapex|Recover|p2a: Toxapex
|-heal|p2a: Toxapex|70/100 brn
|
|-weather|Sandstorm|[upkeep]
|-damage|p2a: Toxapex|64/100 brn|[from] Sandstorm
|-damage|p2a: Toxapex|58/100 brn|[from] brn
|upkeep
|turn|128
|
|t:|1659837628
|move|p1a: Tyranitar|Crunch|p2a: Toxapex
|-damage|p2a: Toxapex|17/100 brn
|move|p2a: Toxapex|Recover|p2a: Toxapex
|-heal|p2a: Toxapex|67/100 brn
|
|-weather|Sandstorm|[upkeep]
|-damage|p2a: Toxapex|61/100 brn|[from] Sandstorm
|-damage|p2a: Toxapex|55/100 brn|[from] brn
|upkeep
|turn|129
|
|t:|1659837639
|switch|p2a: Hippowdon|Hippowdon, F|100/100
|-damage|p2a: Hippowdon|94/100|[from] Stealth Rock
|move|p1a: Tyranitar|Crunch|p2a: Hippowdon
|-damage|p2a: Hippowdon|48/100
|
|-weather|Sandstorm|[upkeep]
|-heal|p2a: Hippowdon|54/100|[from] item: Leftovers
|upkeep
|turn|130
|
|t:|1659837642
|move|p1a: Tyranitar|Crunch|p2a: Hippowdon
|-damage|p2a: Hippowdon|1/100
|move|p2a: Hippowdon|Slack Off|p2a: Hippowdon
|-heal|p2a: Hippowdon|51/100
|
|-weather|Sandstorm|[upkeep]
|-heal|p2a: Hippowdon|57/100|[from] item: Leftovers
|upkeep
|turn|131
|
|t:|1659837647
|move|p1a: Tyranitar|Crunch|p2a: Hippowdon
|-damage|p2a: Hippowdon|8/100
|move|p2a: Hippowdon|Earthquake|p1a: Tyranitar
|-supereffective|p1a: Tyranitar
|-damage|p1a: Tyranitar|0 fnt
|faint|p1a: Tyranitar
|
|-weather|none
|-heal|p2a: Hippowdon|14/100|[from] item: Leftovers
|upkeep
|
|t:|1659837653
|switch|p1a: Dragapult|Dragapult, F|82/100
|-damage|p1a: Dragapult|70/100|[from] Stealth Rock
|turn|132
|c|☆Plasmeek|gg
|-message|Plasmeek forfeited.
|
|win|LT92PF FJ2K
|raw|LT92PF FJ2K's rating: 1712 &rarr; <strong>1739</strong><br />(+27 for winning)
|raw|Plasmeek's rating: 1831 &rarr; <strong>1804</strong><br />(-27 for losing)
|l|☆Plasmeek
||Ladder isn't responding, score probably updated but might not have (Request timeout).
