|j|☆cump7
|j|☆rooopos
|t:|1666977574
|gametype|singles
|player|p1|cump7|schoolkid-gen4|1724
|player|p2|rooopos|1|1739
|teamsize|p1|6
|teamsize|p2|6
|gen|8
|tier|[Gen 8] OU
|rated|
|rule|Sleep Clause Mod: Limit one foe put to sleep
|rule|Species Clause: Limit one of each Pokémon
|rule|OHKO Clause: OHKO moves are banned
|rule|Evasion Items Clause: Evasion items are banned
|rule|Evasion Moves Clause: Evasion moves are banned
|rule|Endless Battle Clause: Forcing endless battles is banned
|rule|HP Percentage Mod: HP is shown in percentages
|rule|Dynamax Clause: You cannot dynamax
|clearpoke
|poke|p1|Clefable, F|
|poke|p1|Skarmory, F|
|poke|p1|Toxapex, F|
|poke|p1|Weavile, M|
|poke|p1|Reuniclus, M|
|poke|p1|Zeraora|
|poke|p2|Dragapult, F|
|poke|p2|Urshifu-*, F|
|poke|p2|Tapu Lele|
|poke|p2|Landorus-Therian, M|
|poke|p2|Zapdos|
|poke|p2|Melmetal|
|teampreview
|c|☆cump7|hf
|j| IronLion6
|c|☆rooopos|ladder must be ded
|c|☆rooopos|hf
|
|t:|1666977598
|start
|switch|p1a: Clefable|Clefable, F|100/100
|switch|p2a: Tapu Lele|Tapu Lele|100/100
|-fieldstart|move: Psychic Terrain|[from] ability: Psychic Surge|[of] p2a: Tapu Lele
|turn|1
|
|t:|1666977601
|switch|p2a: Landorus|Landorus-Therian, M|100/100
|-ability|p2a: Landorus|Intimidate|boost
|-unboost|p1a: Clefable|atk|1
|move|p1a: Clefable|Stealth Rock|p2a: Landorus
|-sidestart|p2: rooopos|move: Stealth Rock
|
|upkeep
|turn|2
|
|t:|1666977606
|move|p2a: Landorus|Knock Off|p1a: Clefable
|-resisted|p1a: Clefable
|-damage|p1a: Clefable|86/100
|-enditem|p1a: Clefable|Leftovers|[from] move: Knock Off|[of] p2a: Landorus
|move|p1a: Clefable|Moonblast|p2a: Landorus
|-crit|p2a: Landorus
|-damage|p2a: Landorus|64/100
|-unboost|p2a: Landorus|spa|1
|
|-heal|p2a: Landorus|70/100|[from] item: Leftovers
|upkeep
|turn|3
|
|t:|1666977613
|move|p2a: Landorus|Stealth Rock|p1a: Clefable
|-sidestart|p1: cump7|move: Stealth Rock
|move|p1a: Clefable|Soft-Boiled|p1a: Clefable
|-heal|p1a: Clefable|100/100
|
|-heal|p2a: Landorus|76/100|[from] item: Leftovers
|upkeep
|turn|4
|
|t:|1666977617
|move|p2a: Landorus|Earthquake|p1a: Clefable
|-damage|p1a: Clefable|56/100
|move|p1a: Clefable|Thunder Wave|p2a: Landorus
|-immune|p2a: Landorus
|
|-heal|p2a: Landorus|82/100|[from] item: Leftovers
|upkeep
|turn|5
|
|t:|1666977625
|move|p2a: Landorus|Earthquake|p1a: Clefable
|-damage|p1a: Clefable|13/100
|move|p1a: Clefable|Soft-Boiled|p1a: Clefable
|-heal|p1a: Clefable|63/100
|
|-heal|p2a: Landorus|88/100|[from] item: Leftovers
|-fieldend|move: Psychic Terrain
|upkeep
|turn|6
|
|t:|1666977630
|move|p2a: Landorus|Earthquake|p1a: Clefable
|-damage|p1a: Clefable|25/100
|move|p1a: Clefable|Soft-Boiled|p1a: Clefable
|-heal|p1a: Clefable|75/100
|
|-heal|p2a: Landorus|94/100|[from] item: Leftovers
|upkeep
|turn|7
|
|t:|1666977636
|move|p2a: Landorus|Earthquake|p1a: Clefable
|-damage|p1a: Clefable|31/100
|move|p1a: Clefable|Soft-Boiled|p1a: Clefable
|-heal|p1a: Clefable|81/100
|
|-heal|p2a: Landorus|99/100|[from] item: Leftovers
|upkeep
|turn|8
|
|t:|1666977639
|move|p2a: Landorus|U-turn|p1a: Clefable
|-resisted|p1a: Clefable
|-damage|p1a: Clefable|72/100
|
|t:|1666977642
|switch|p2a: Melmetal|Melmetal|100/100|[from]move: U-turn
|-damage|p2a: Melmetal|94/100|[from] Stealth Rock
|move|p1a: Clefable|Soft-Boiled|p1a: Clefable
|-heal|p1a: Clefable|100/100
|
|-heal|p2a: Melmetal|100/100|[from] item: Leftovers
|upkeep
|turn|9
|l| IronLion6
|
|t:|1666977651
|switch|p1a: Skarmory|Skarmory, F|100/100
|-damage|p1a: Skarmory|88/100|[from] Stealth Rock
|switch|p2a: Tapu Lele|Tapu Lele|100/100
|-damage|p2a: Tapu Lele|88/100|[from] Stealth Rock
|-fieldstart|move: Psychic Terrain|[from] ability: Psychic Surge|[of] p2a: Tapu Lele
|
|upkeep
|turn|10
|
|t:|1666977655
|move|p2a: Tapu Lele|Future Sight|p1a: Skarmory
|-start|p2a: Tapu Lele|move: Future Sight
|move|p1a: Skarmory|Spikes|p2a: Tapu Lele
|-sidestart|p2: rooopos|Spikes
|
|upkeep
|turn|11
|
|t:|1666977658
|switch|p2a: Urshifu|Urshifu-Rapid-Strike, F|100/100
|-damage|p2a: Urshifu|94/100|[from] Stealth Rock
|-damage|p2a: Urshifu|82/100|[from] Spikes
|move|p1a: Skarmory|Spikes|p2a: Urshifu
|-sidestart|p2: rooopos|Spikes
|
|upkeep
|turn|12
|
|t:|1666977667
|move|p2a: Urshifu|Surging Strikes|p1a: Skarmory
|-crit|p1a: Skarmory
|-damage|p1a: Skarmory|69/100
|-damage|p2a: Urshifu|66/100|[from] item: Rocky Helmet|[of] p1a: Skarmory
|-crit|p1a: Skarmory
|-damage|p1a: Skarmory|53/100
|-damage|p2a: Urshifu|49/100|[from] item: Rocky Helmet|[of] p1a: Skarmory
|-crit|p1a: Skarmory
|-damage|p1a: Skarmory|35/100
|-damage|p2a: Urshifu|33/100|[from] item: Rocky Helmet|[of] p1a: Skarmory
|-hitcount|p1a: Skarmory|3
|move|p1a: Skarmory|Roost|p1a: Skarmory
|-heal|p1a: Skarmory|85/100
|-singleturn|p1a: Skarmory|move: Roost
|
|-end|p1a: Skarmory|move: Future Sight
|-resisted|p1a: Skarmory
|-damage|p1a: Skarmory|29/100
|upkeep
|turn|13
|
|t:|1666977673
|switch|p1a: Toxapex|Toxapex, F, shiny|100/100
|-damage|p1a: Toxapex|88/100|[from] Stealth Rock
|move|p2a: Urshifu|Surging Strikes|p1a: Toxapex
|-resisted|p1a: Toxapex
|-crit|p1a: Toxapex
|-damage|p1a: Toxapex|77/100
|-resisted|p1a: Toxapex
|-crit|p1a: Toxapex
|-damage|p1a: Toxapex|67/100
|-resisted|p1a: Toxapex
|-crit|p1a: Toxapex
|-damage|p1a: Toxapex|56/100
|-hitcount|p1a: Toxapex|3
|
|-fieldend|move: Psychic Terrain
|upkeep
|turn|14
|
|t:|1666977682
|switch|p2a: Zapdos|Zapdos|100/100
|move|p1a: Toxapex|Knock Off|p2a: Zapdos
|-damage|p2a: Zapdos|83/100
|-status|p1a: Toxapex|par|[from] ability: Static|[of] p2a: Zapdos
|-enditem|p2a: Zapdos|Heavy-Duty Boots|[from] move: Knock Off|[of] p1a: Toxapex
|
|upkeep
|turn|15
|
|t:|1666977690
|switch|p1a: Clefable|Clefable, F|100/100
|move|p2a: Zapdos|Defog|p1a: Clefable
|-unboost|p1a: Clefable|evasion|1
|-sideend|p1: cump7|Stealth Rock|[from] move: Defog|[of] p2a: Zapdos
|-sideend|p2: rooopos|Spikes|[from] move: Defog|[of] p2a: Zapdos
|-sideend|p2: rooopos|Stealth Rock|[from] move: Defog|[of] p2a: Zapdos
|
|upkeep
|turn|16
|
|t:|1666977693
|switch|p2a: Melmetal|Melmetal|100/100
|move|p1a: Clefable|Stealth Rock|p2a: Melmetal
|-sidestart|p2: rooopos|move: Stealth Rock
|
|upkeep
|turn|17
|
|t:|1666977709
|switch|p1a: Toxapex|Toxapex, F, shiny|89/100 par
|move|p2a: Melmetal|Double Iron Bash|p1a: Toxapex
|-resisted|p1a: Toxapex
|-damage|p1a: Toxapex|74/100 par
|-resisted|p1a: Toxapex
|-damage|p1a: Toxapex|57/100 par
|-hitcount|p1a: Toxapex|2
|
|upkeep
|turn|18
|
|t:|1666977718
|switch|p1a: Skarmory|Skarmory, F|29/100
|move|p2a: Melmetal|Double Iron Bash|p1a: Skarmory
|-resisted|p1a: Skarmory
|-crit|p1a: Skarmory
|-damage|p1a: Skarmory|11/100
|-damage|p2a: Melmetal|84/100|[from] item: Rocky Helmet|[of] p1a: Skarmory
|-resisted|p1a: Skarmory
|-damage|p1a: Skarmory|0 fnt
|-damage|p2a: Melmetal|67/100|[from] item: Rocky Helmet|[of] p1a: Skarmory
|faint|p1a: Skarmory
|-hitcount|p1: Skarmory|2
|
|-heal|p2a: Melmetal|73/100|[from] item: Leftovers
|upkeep
|
|t:|1666977722
|switch|p1a: Reuniclus|Reuniclus, M, shiny|100/100
|turn|19
|
|t:|1666977730
|switch|p2a: Dragapult|Dragapult, F|100/100
|-damage|p2a: Dragapult|88/100|[from] Stealth Rock
|move|p1a: Reuniclus|Acid Armor|p1a: Reuniclus
|-boost|p1a: Reuniclus|def|2
|
|upkeep
|turn|20
|
|t:|1666977737
|switch|p1a: Toxapex|Toxapex, F, shiny|90/100 par
|move|p2a: Dragapult|Shadow Ball|p1a: Toxapex
|-damage|p1a: Toxapex|54/100 par
|
|upkeep
|turn|21
|
|t:|1666977742
|switch|p2a: Zapdos|Zapdos|83/100
|-damage|p2a: Zapdos|58/100|[from] Stealth Rock
|switch|p1a: Reuniclus|Reuniclus, M, shiny|100/100
|
|upkeep
|turn|22
|
|t:|1666977747
|move|p2a: Zapdos|Volt Switch|p1a: Reuniclus
|-damage|p1a: Reuniclus|68/100
|
|t:|1666977750
|switch|p2a: Dragapult|Dragapult, F|88/100|[from]move: Volt Switch
|-damage|p2a: Dragapult|76/100|[from] Stealth Rock
|move|p1a: Reuniclus|Calm Mind|p1a: Reuniclus
|-boost|p1a: Reuniclus|spa|1
|-boost|p1a: Reuniclus|spd|1
|
|-heal|p1a: Reuniclus|75/100|[from] item: Leftovers
|upkeep
|turn|23
|
|t:|1666977756
|switch|p1a: Toxapex|Toxapex, F, shiny|88/100 par
|move|p2a: Dragapult|Shadow Ball|p1a: Toxapex
|-damage|p1a: Toxapex|49/100 par
|-unboost|p1a: Toxapex|spd|1
|
|upkeep
|turn|24
|
|t:|1666977762
|switch|p1a: Weavile|Weavile, M|100/100
|-ability|p1a: Weavile|Pressure
|move|p2a: Dragapult|Shadow Ball|p1a: Weavile
|-resisted|p1a: Weavile
|-damage|p1a: Weavile|63/100
|
|upkeep
|turn|25
|
|t:|1666977766
|switch|p2a: Melmetal|Melmetal|73/100
|-damage|p2a: Melmetal|67/100|[from] Stealth Rock
|move|p1a: Weavile|Swords Dance|p1a: Weavile
|-boost|p1a: Weavile|atk|2
|
|-heal|p2a: Melmetal|73/100|[from] item: Leftovers
|upkeep
|turn|26
|
|t:|1666977768
|move|p1a: Weavile|Knock Off|p2a: Melmetal
|-damage|p2a: Melmetal|10/100
|-enditem|p2a: Melmetal|Leftovers|[from] move: Knock Off|[of] p1a: Weavile
|move|p2a: Melmetal|Double Iron Bash|p1a: Weavile
|-supereffective|p1a: Weavile
|-damage|p1a: Weavile|0 fnt
|faint|p1a: Weavile
|-hitcount|p1: Weavile|1
|
|upkeep
|
|t:|1666977776
|switch|p1a: Zeraora|Zeraora, shiny|100/100
|turn|27
|
|t:|1666977779
|switch|p2a: Landorus|Landorus-Therian, M|99/100
|-damage|p2a: Landorus|88/100|[from] Stealth Rock
|-ability|p2a: Landorus|Intimidate|boost
|-unboost|p1a: Zeraora|atk|1
|move|p1a: Zeraora|Knock Off|p2a: Landorus
|-damage|p2a: Landorus|68/100
|-enditem|p2a: Landorus|Leftovers|[from] move: Knock Off|[of] p1a: Zeraora
|
|upkeep
|turn|28
|
|t:|1666977795
|switch|p1a: Toxapex|Toxapex, F, shiny|82/100 par
|move|p2a: Landorus|Earthquake|p1a: Toxapex
|-supereffective|p1a: Toxapex
|-damage|p1a: Toxapex|9/100 par
|
|upkeep
|turn|29
|
|t:|1666977800
|move|p2a: Landorus|Earthquake|p1a: Toxapex
|-supereffective|p1a: Toxapex
|-damage|p1a: Toxapex|0 fnt
|faint|p1a: Toxapex
|
|upkeep
|
|t:|1666977802
|switch|p1a: Clefable|Clefable, F|100/100
|turn|30
|
|t:|1666977815
|move|p2a: Landorus|Earthquake|p1a: Clefable
|-damage|p1a: Clefable|61/100
|move|p1a: Clefable|Moonblast|p2a: Landorus
|-damage|p2a: Landorus|42/100
|
|upkeep
|turn|31
|
|t:|1666977819
|move|p2a: Landorus|U-turn|p1a: Clefable
|-resisted|p1a: Clefable
|-damage|p1a: Clefable|52/100
|
|t:|1666977822
|switch|p2a: Tapu Lele|Tapu Lele|88/100|[from]move: U-turn
|-damage|p2a: Tapu Lele|76/100|[from] Stealth Rock
|-fieldstart|move: Psychic Terrain|[from] ability: Psychic Surge|[of] p2a: Tapu Lele
|move|p1a: Clefable|Moonblast|p2a: Tapu Lele
|-damage|p2a: Tapu Lele|42/100
|
|upkeep
|turn|32
|
|t:|1666977826
|move|p2a: Tapu Lele|Psyshock|p1a: Clefable
|-crit|p1a: Clefable
|-damage|p1a: Clefable|0 fnt
|faint|p1a: Clefable
|
|upkeep
|
|t:|1666977828
|switch|p1a: Reuniclus|Reuniclus, M, shiny|75/100
|turn|33
|c|☆rooopos|very sorry abt this game
|c|☆cump7|np
|
|t:|1666977849
|switch|p2a: Urshifu|Urshifu-Rapid-Strike, F|33/100
|-damage|p2a: Urshifu|27/100|[from] Stealth Rock
|move|p1a: Reuniclus|Calm Mind|p1a: Reuniclus
|-boost|p1a: Reuniclus|spa|1
|-boost|p1a: Reuniclus|spd|1
|
|-heal|p1a: Reuniclus|81/100|[from] item: Leftovers
|upkeep
|turn|34
|
|t:|1666977855
|move|p2a: Urshifu|Surging Strikes|p1a: Reuniclus
|-crit|p1a: Reuniclus
|-damage|p1a: Reuniclus|58/100
|-crit|p1a: Reuniclus
|-damage|p1a: Reuniclus|38/100
|-crit|p1a: Reuniclus
|-damage|p1a: Reuniclus|15/100
|-hitcount|p1a: Reuniclus|3
|move|p1a: Reuniclus|Stored Power|p2a: Urshifu
|-supereffective|p2a: Urshifu
|-crit|p2a: Urshifu
|-damage|p2a: Urshifu|0 fnt
|faint|p2a: Urshifu
|
|-heal|p1a: Reuniclus|21/100|[from] item: Leftovers
|upkeep
|
|t:|1666977861
|switch|p2a: Dragapult|Dragapult, F|76/100
|-damage|p2a: Dragapult|64/100|[from] Stealth Rock
|turn|35
|
|t:|1666977871
|move|p2a: Dragapult|Shadow Ball|p1a: Reuniclus
|-supereffective|p1a: Reuniclus
|-damage|p1a: Reuniclus|0 fnt
|faint|p1a: Reuniclus
|
|-fieldend|move: Psychic Terrain
|upkeep
|
|t:|1666977872
|switch|p1a: Zeraora|Zeraora, shiny|100/100
|turn|36
|
|t:|1666977876
|move|p1a: Zeraora|Knock Off|p2a: Dragapult
|-supereffective|p2a: Dragapult
|-damage|p2a: Dragapult|0 fnt
|-enditem|p2a: Dragapult|Choice Specs|[from] move: Knock Off|[of] p1a: Zeraora
|faint|p2a: Dragapult
|
|upkeep
|
|t:|1666977878
|switch|p2a: Landorus|Landorus-Therian, M|42/100
|-damage|p2a: Landorus|30/100|[from] Stealth Rock
|-ability|p2a: Landorus|Intimidate|boost
|-unboost|p1a: Zeraora|atk|1
|turn|37
|
|t:|1666977884
|move|p1a: Zeraora|Knock Off|p2a: Landorus
|-damage|p2a: Landorus|17/100
|move|p2a: Landorus|Earthquake|p1a: Zeraora
|-supereffective|p1a: Zeraora
|-damage|p1a: Zeraora|0 fnt
|faint|p1a: Zeraora
|
|win|rooopos
|raw|cump7's rating: 1724 &rarr; <strong>1705</strong><br />(-19 for losing)
|raw|rooopos's rating: 1739 &rarr; <strong>1758</strong><br />(+19 for winning)
|c|☆cump7|gg
|c|☆rooopos|gg sey abt hax
|c|☆rooopos|sry*
||Ladder isn't responding, score probably updated but might not have (Request timeout).
