|j|☆LT91BB MDB2
|j|☆j_albacino023
|t:|1659563852
|gametype|singles
|player|p1|LT91BB MDB2|1|2089
|player|p2|j_albacino023|101|1981
|teamsize|p1|6
|teamsize|p2|6
|gen|8
|tier|[Gen 8] OU
|rated|
|rule|Sleep Clause Mod: Limit one foe put to sleep
|rule|Species Clause: Limit one of each Pokémon
|rule|OHKO Clause: OHKO moves are banned
|rule|Evasion Moves Clause: Evasion moves are banned
|rule|Endless Battle Clause: Forcing endless battles is banned
|rule|HP Percentage Mod: HP is shown in percentages
|rule|Dynamax Clause: You cannot dynamax
|clearpoke
|poke|p1|Hippowdon, M|
|poke|p1|Corviknight, F|
|poke|p1|Toxapex, M|
|poke|p1|Clefable, F|
|poke|p1|Tornadus-Therian, M|
|poke|p1|Blissey, F|
|poke|p2|Ferrothorn, F|
|poke|p2|Rotom-Wash|
|poke|p2|Tyranitar, M|
|poke|p2|Excadrill, F|
|poke|p2|Clefable, M|
|poke|p2|Dragapult, F|
|teampreview
|j| irgendwasmitmeeem
|
|t:|1659563873
|start
|switch|p1a: Toxapex|Toxapex, M|100/100
|switch|p2a: Rotom|Rotom-Wash|100/100
|turn|1
|
|t:|1659563876
|move|p2a: Rotom|Volt Switch|p1a: Toxapex
|-supereffective|p1a: Toxapex
|-damage|p1a: Toxapex|60/100
|
|t:|1659563878
|switch|p2a: Ferrothorn|Ferrothorn, F|100/100|[from]move: Volt Switch
|move|p1a: Toxapex|Knock Off|p2a: Ferrothorn
|-damage|p2a: Ferrothorn|91/100
|-damage|p1a: Toxapex|48/100|[from] ability: Iron Barbs|[of] p2a: Ferrothorn
|-enditem|p2a: Ferrothorn|Leftovers|[from] move: Knock Off|[of] p1a: Toxapex
|
|upkeep
|turn|2
|
|t:|1659563883
|switch|p1a: Corviknight|Corviknight, F|100/100
|-ability|p1a: Corviknight|Pressure
|move|p2a: Ferrothorn|Spikes|p1a: Corviknight
|-sidestart|p1: LT91BB MDB2|Spikes
|
|upkeep
|turn|3
|
|t:|1659563887
|switch|p1a: Toxapex|Toxapex, M|81/100
|-damage|p1a: Toxapex|69/100|[from] Spikes
|switch|p2a: Clefable|Clefable, M|100/100
|
|upkeep
|turn|4
|
|t:|1659563890
|switch|p2a: Ferrothorn|Ferrothorn, F|91/100
|move|p1a: Toxapex|Knock Off|p2a: Ferrothorn
|-damage|p2a: Ferrothorn|85/100
|-damage|p1a: Toxapex|57/100|[from] ability: Iron Barbs|[of] p2a: Ferrothorn
|
|upkeep
|turn|5
|j| Kate
|j| LT91BB Tace
|
|t:|1659563895
|switch|p1a: Corviknight|Corviknight, F|100/100
|-ability|p1a: Corviknight|Pressure
|move|p2a: Ferrothorn|Leech Seed|p1a: Corviknight
|-start|p1a: Corviknight|move: Leech Seed
|
|-damage|p1a: Corviknight|88/100|[from] Leech Seed|[of] p2a: Ferrothorn
|-heal|p2a: Ferrothorn|99/100|[silent]
|upkeep
|turn|6
|
|t:|1659563898
|switch|p1a: Toxapex|Toxapex, M|90/100
|-damage|p1a: Toxapex|78/100|[from] Spikes
|switch|p2a: Clefable|Clefable, M|100/100
|
|upkeep
|turn|7
|
|t:|1659563902
|switch|p2a: Ferrothorn|Ferrothorn, F|99/100
|move|p1a: Toxapex|Knock Off|p2a: Ferrothorn
|-damage|p2a: Ferrothorn|93/100
|-damage|p1a: Toxapex|66/100|[from] ability: Iron Barbs|[of] p2a: Ferrothorn
|
|upkeep
|turn|8
|
|t:|1659563905
|switch|p1a: Corviknight|Corviknight, F|88/100
|-ability|p1a: Corviknight|Pressure
|move|p2a: Ferrothorn|Spikes|p1a: Corviknight
|-sidestart|p1: LT91BB MDB2|Spikes
|
|-heal|p1a: Corviknight|94/100|[from] item: Leftovers
|upkeep
|turn|9
|
|t:|1659563908
|switch|p2a: Clefable|Clefable, M|100/100
|move|p1a: Corviknight|Defog|p2a: Clefable
|-unboost|p2a: Clefable|evasion|1
|-sideend|p1: LT91BB MDB2|Spikes|[from] move: Defog|[of] p1a: Corviknight
|
|-heal|p1a: Corviknight|100/100|[from] item: Leftovers
|upkeep
|turn|10
|
|t:|1659563912
|switch|p1a: Toxapex|Toxapex, M|99/100
|move|p2a: Clefable|Knock Off|p1a: Toxapex
|-damage|p1a: Toxapex|90/100
|-enditem|p1a: Toxapex|Shed Shell|[from] move: Knock Off|[of] p2a: Clefable
|
|upkeep
|turn|11
|j|+heroictobias
|j| r56k453
|
|t:|1659563917
|switch|p2a: Ferrothorn|Ferrothorn, F|93/100
|switch|p1a: Tornadus|Tornadus-Therian, M, shiny|100/100
|
|upkeep
|turn|12
|j| Master 8 leon
|
|t:|1659563920
|switch|p2a: Rotom|Rotom-Wash|100/100
|move|p1a: Tornadus|Nasty Plot|p1a: Tornadus
|-boost|p1a: Tornadus|spa|2
|
|upkeep
|turn|13
|
|t:|1659563922
|move|p1a: Tornadus|Sludge Bomb|p2a: Rotom
|-damage|p2a: Rotom|52/100
|move|p2a: Rotom|Volt Switch|p1a: Tornadus
|-supereffective|p1a: Tornadus
|-damage|p1a: Tornadus|47/100
|
|t:|1659563925
|switch|p2a: Dragapult|Dragapult, F|100/100|[from]move: Volt Switch
|
|upkeep
|turn|14
|j| lt91bb star
|j| LT91BB Scizox
|
|t:|1659563930
|switch|p1a: Toxapex|Toxapex, M|100/100
|move|p2a: Dragapult|U-turn|p1a: Toxapex
|-resisted|p1a: Toxapex
|-damage|p1a: Toxapex|96/100
|l| LT91BB Scizox
|j| LT91BB Lennart
|
|t:|1659563936
|switch|p2a: Rotom|Rotom-Wash|52/100|[from]move: U-turn
|
|-heal|p2a: Rotom|59/100|[from] item: Leftovers
|upkeep
|turn|15
|j| Plasmeek
|
|t:|1659563939
|switch|p1a: Hippowdon|Hippowdon, M|100/100
|-weather|Sandstorm|[from] ability: Sand Stream|[of] p1a: Hippowdon
|move|p2a: Rotom|Volt Switch|p1a: Hippowdon
|-immune|p1a: Hippowdon
|
|-weather|Sandstorm|[upkeep]
|-damage|p2a: Rotom|52/100|[from] Sandstorm
|-heal|p2a: Rotom|59/100|[from] item: Leftovers
|upkeep
|turn|16
|
|t:|1659563942
|switch|p2a: Clefable|Clefable, M|100/100
|move|p1a: Hippowdon|Toxic|p2a: Clefable
|-status|p2a: Clefable|tox
|
|-weather|Sandstorm|[upkeep]
|upkeep
|turn|17
|
|t:|1659563946
|switch|p1a: Toxapex|Toxapex, M|100/100
|move|p2a: Clefable|Moonblast|p1a: Toxapex
|-resisted|p1a: Toxapex
|-damage|p1a: Toxapex|87/100
|-unboost|p1a: Toxapex|spa|1
|
|-weather|Sandstorm|[upkeep]
|-damage|p1a: Toxapex|81/100|[from] Sandstorm
|upkeep
|turn|18
|
|t:|1659563951
|switch|p2a: Ferrothorn|Ferrothorn, F|93/100
|switch|p1a: Tornadus|Tornadus-Therian, M, shiny|80/100
|
|-weather|Sandstorm|[upkeep]
|-damage|p1a: Tornadus|74/100|[from] Sandstorm
|upkeep
|turn|19
|
|t:|1659563955
|switch|p1a: Toxapex|Toxapex, M|100/100
|switch|p2a: Rotom|Rotom-Wash|59/100
|
|-weather|none
|-heal|p2a: Rotom|65/100|[from] item: Leftovers
|upkeep
|turn|20
|
|t:|1659563957
|switch|p1a: Hippowdon|Hippowdon, M|100/100
|-weather|Sandstorm|[from] ability: Sand Stream|[of] p1a: Hippowdon
|move|p2a: Rotom|Volt Switch|p1a: Hippowdon
|-immune|p1a: Hippowdon
|
|-weather|Sandstorm|[upkeep]
|-damage|p2a: Rotom|59/100|[from] Sandstorm
|-heal|p2a: Rotom|65/100|[from] item: Leftovers
|upkeep
|turn|21
|
|t:|1659563960
|switch|p2a: Clefable|Clefable, M|100/100 tox
|move|p1a: Hippowdon|Stealth Rock|p2a: Clefable
|-sidestart|p2: j_albacino023|move: Stealth Rock
|
|-weather|Sandstorm|[upkeep]
|upkeep
|turn|22
|j| lt91bb mind
|
|t:|1659563964
|switch|p1a: Toxapex|Toxapex, M|100/100
|move|p2a: Clefable|Stealth Rock|p1a: Toxapex
|-sidestart|p1: LT91BB MDB2|move: Stealth Rock
|
|-weather|Sandstorm|[upkeep]
|-damage|p1a: Toxapex|95/100|[from] Sandstorm
|upkeep
|turn|23
|
|t:|1659563969
|switch|p2a: Ferrothorn|Ferrothorn, F|93/100
|-damage|p2a: Ferrothorn|87/100|[from] Stealth Rock
|switch|p1a: Tornadus|Tornadus-Therian, M, shiny|100/100
|
|-weather|Sandstorm|[upkeep]
|-damage|p1a: Tornadus|94/100|[from] Sandstorm
|upkeep
|turn|24
|
|t:|1659563973
|switch|p2a: Dragapult|Dragapult, F|100/100
|-damage|p2a: Dragapult|88/100|[from] Stealth Rock
|move|p1a: Tornadus|Nasty Plot|p1a: Tornadus
|-boost|p1a: Tornadus|spa|2
|
|-weather|none
|upkeep
|turn|25
|
|t:|1659563976
|move|p2a: Dragapult|Draco Meteor|p1a: Tornadus|[miss]
|-miss|p2a: Dragapult|p1a: Tornadus
|move|p1a: Tornadus|Hurricane|p2a: Dragapult
|-damage|p2a: Dragapult|0 fnt
|faint|p2a: Dragapult
|
|upkeep
|-message|j_albacino023 forfeited.
|
|win|LT91BB MDB2
|raw|LT91BB MDB2's rating: 2089 &rarr; <strong>2103</strong><br />(+14 for winning)
|raw|j_albacino023's rating: 1981 &rarr; <strong>1967</strong><br />(-14 for losing)
|l|☆j_albacino023
|l|☆LT91BB MDB2
|l| Plasmeek
|j| Zirpurze
|j| LT91BB xray
|l| LT91BB xray
|l| LT91BB Tace
||Ladder isn't responding, score probably updated but might not have (Request timeout).
