|j|☆Wheezer
|j|☆OUTW Geomancy
|t:|1649378368
|gametype|singles
|player|p1|Wheezer|petrel|1672
|player|p2|OUTW Geomancy|hiker-gen2|1764
|teamsize|p1|6
|teamsize|p2|6
|gen|8
|tier|[Gen 8] OU
|rated|
|rule|Sleep Clause Mod: Limit one foe put to sleep
|rule|Species Clause: Limit one of each Pokémon
|rule|OHKO Clause: OHKO moves are banned
|rule|Evasion Moves Clause: Evasion moves are banned
|rule|Endless Battle Clause: Forcing endless battles is banned
|rule|HP Percentage Mod: HP is shown in percentages
|rule|Dynamax Clause: You cannot dynamax
|clearpoke
|poke|p1|Victini|
|poke|p1|Zapdos-Galar|
|poke|p1|Moltres-Galar|
|poke|p1|Jirachi|
|poke|p1|Registeel|
|poke|p1|Suicune|
|poke|p2|Tangrowth, M|
|poke|p2|Tapu Koko|
|poke|p2|Heatran, F|
|poke|p2|Toxapex, M|
|poke|p2|Landorus-Therian, M|
|poke|p2|Weavile, F|
|teampreview
|inactive|Battle timer is ON: inactive players will automatically lose when time's up. (requested by OUTW Geomancy)
|j| StormRush
|
|t:|1649378388
|start
|switch|p1a: Victini|Victini|100/100
|switch|p2a: Tapu Koko|Tapu Koko, shiny|100/100
|-fieldstart|move: Electric Terrain|[from] ability: Electric Surge|[of] p2a: Tapu Koko
|turn|1
|
|t:|1649378391
|switch|p2a: Heatran|Heatran, F|100/100
|-item|p2a: Heatran|Air Balloon
|move|p1a: Victini|Final Gambit|p2a: Heatran
|-damage|p2a: Heatran|0 fnt
|-enditem|p2a: Heatran|Air Balloon
|faint|p1a: Victini
|faint|p2a: Heatran
|
|upkeep
|
|t:|1649378400
|switch|p1a: Jirachi|Jirachi|100/100
|switch|p2a: Tapu Koko|Tapu Koko, shiny|100/100
|turn|2
|
|t:|1649378405
|move|p1a: Jirachi|Iron Head|p2a: Tapu Koko
|-damage|p2a: Tapu Koko|55/100
|move|p2a: Tapu Koko|Thunderbolt|p1a: Jirachi
|-damage|p1a: Jirachi|25/100
|
|upkeep
|turn|3
|
|t:|1649378412
|switch|p2a: Landorus|Landorus-Therian, M|100/100
|-ability|p2a: Landorus|Intimidate|boost
|-unboost|p1a: Jirachi|atk|1
|move|p1a: Jirachi|Iron Head|p2a: Landorus
|-damage|p2a: Landorus|83/100
|-damage|p1a: Jirachi|9/100|[from] item: Rocky Helmet|[of] p2a: Landorus
|
|upkeep
|turn|4
|inactive|OUTW Geomancy has 120 seconds left.
|
|t:|1649378456
|switch|p1a: Moltres|Moltres-Galar|100/100
|move|p2a: Landorus|U-turn|p1a: Moltres
|-damage|p1a: Moltres|75/100
|
|t:|1649378458
|switch|p2a: Tapu Koko|Tapu Koko, shiny|55/100|[from]move: U-turn
|
|upkeep
|turn|5
|
|t:|1649378473
|switch|p1a: Registeel|Registeel|100/100
|move|p2a: Tapu Koko|Thunderbolt|p1a: Registeel
|-damage|p1a: Registeel|49/100
|
|-heal|p1a: Registeel|55/100|[from] item: Leftovers
|-fieldend|move: Electric Terrain
|upkeep
|turn|6
|inactive|OUTW Geomancy has 120 seconds left.
|
|t:|1649378497
|switch|p2a: Toxapex|Toxapex, M|100/100
|move|p1a: Registeel|Body Press|p2a: Toxapex
|-resisted|p2a: Toxapex
|-damage|p2a: Toxapex|89/100
|
|-heal|p1a: Registeel|61/100|[from] item: Leftovers
|upkeep
|turn|7
|
|t:|1649378512
|switch|p1a: Moltres|Moltres-Galar|75/100
|move|p2a: Toxapex|Scald|p1a: Moltres
|-damage|p1a: Moltres|59/100
|
|upkeep
|turn|8
|
|t:|1649378526
|switch|p2a: Weavile|Weavile, F|100/100
|-ability|p2a: Weavile|Pressure
|move|p1a: Moltres|Substitute|p1a: Moltres
|-start|p1a: Moltres|Substitute
|-damage|p1a: Moltres|34/100
|
|upkeep
|turn|9
|
|t:|1649378534
|move|p2a: Weavile|Triple Axel|p1a: Moltres
|-supereffective|p1a: Moltres
|-activate|p1a: Moltres|move: Substitute|[damage]
|-supereffective|p1a: Moltres
|-end|p1a: Moltres|Substitute
|-supereffective|p1a: Moltres
|-damage|p1a: Moltres|0 fnt
|faint|p1a: Moltres
|-hitcount|p1: Moltres|3
|
|upkeep
|
|t:|1649378541
|switch|p1a: Suicune|Suicune|100/100
|-ability|p1a: Suicune|Pressure
|turn|10
|
|t:|1649378570
|move|p2a: Weavile|Knock Off|p1a: Suicune
|-damage|p1a: Suicune|64/100
|-enditem|p1a: Suicune|Leftovers|[from] move: Knock Off|[of] p2a: Weavile
|move|p1a: Suicune|Substitute|p1a: Suicune
|-start|p1a: Suicune|Substitute
|-damage|p1a: Suicune|39/100
|
|upkeep
|turn|11
|c|☆Wheezer|maybe its not smart to have 3 elec weaks and no resist
|
|t:|1649378577
|switch|p2a: Tapu Koko|Tapu Koko, shiny|55/100
|-fieldstart|move: Electric Terrain|[from] ability: Electric Surge|[of] p2a: Tapu Koko
|move|p1a: Suicune|Scald|p2a: Tapu Koko
|-damage|p2a: Tapu Koko|15/100
|
|upkeep
|turn|12
|
|t:|1649378584
|move|p2a: Tapu Koko|Volt Switch|p1a: Suicune
|-supereffective|p1a: Suicune
|-end|p1a: Suicune|Substitute
|
|t:|1649378586
|switch|p2a: Tangrowth|Tangrowth, M|100/100|[from]move: Volt Switch
|move|p1a: Suicune|Scald|p2a: Tangrowth
|-resisted|p2a: Tangrowth
|-crit|p2a: Tangrowth
|-damage|p2a: Tangrowth|69/100
|
|upkeep
|turn|13
|inactive|Wheezer has 120 seconds left.
|
|t:|1649378636
|move|p1a: Suicune|Scald|p2a: Tangrowth
|-resisted|p2a: Tangrowth
|-damage|p2a: Tangrowth|48/100
|-status|p2a: Tangrowth|brn
|move|p2a: Tangrowth|Nature Power|p1a: Suicune
|move|p2a: Tangrowth|Thunderbolt|p1a: Suicune|[from]move: Nature Power
|-supereffective|p1a: Suicune
|-damage|p1a: Suicune|0 fnt
|faint|p1a: Suicune
|
|-damage|p2a: Tangrowth|42/100 brn|[from] brn
|upkeep
|
|t:|1649378646
|switch|p1a: Zapdos|Zapdos-Galar|100/100
|turn|14
|
|t:|1649378654
|move|p1a: Zapdos|Agility|p1a: Zapdos
|-boost|p1a: Zapdos|spe|2
|move|p2a: Tangrowth|Nature Power|p1a: Zapdos
|move|p2a: Tangrowth|Thunderbolt|p1a: Zapdos|[from]move: Nature Power
|-supereffective|p1a: Zapdos
|-damage|p1a: Zapdos|0 fnt
|faint|p1a: Zapdos
|
|-damage|p2a: Tangrowth|35/100 brn|[from] brn
|upkeep
|
|t:|1649378657
|switch|p1a: Registeel|Registeel|61/100
|turn|15
|
|t:|1649378671
|switch|p2a: Toxapex|Toxapex, M|100/100
|move|p1a: Registeel|Amnesia|p1a: Registeel
|-boost|p1a: Registeel|spd|2
|
|-heal|p1a: Registeel|68/100|[from] item: Leftovers
|-fieldend|move: Electric Terrain
|upkeep
|turn|16
|
|t:|1649378673
|move|p1a: Registeel|Iron Defense|p1a: Registeel
|-boost|p1a: Registeel|def|2
|move|p2a: Toxapex|Scald|p1a: Registeel
|-damage|p1a: Registeel|61/100
|
|-heal|p1a: Registeel|68/100|[from] item: Leftovers
|upkeep
|turn|17
|
|t:|1649378676
|move|p1a: Registeel|Iron Defense|p1a: Registeel
|-boost|p1a: Registeel|def|2
|move|p2a: Toxapex|Haze|p2a: Toxapex
|-clearallboost
|
|-heal|p1a: Registeel|74/100|[from] item: Leftovers
|upkeep
|turn|18
|-message|Wheezer forfeited.
|
|win|OUTW Geomancy
|raw|Wheezer's rating: 1672 &rarr; <strong>1656</strong><br />(-16 for losing)
|raw|OUTW Geomancy's rating: 1751 &rarr; <strong>1767</strong><br />(+16 for winning)
|l|☆Wheezer
||Ladder isn't responding, score probably updated but might not have (Request timeout).
