|j|☆Acro leo
|j|☆brettfavreinnocent
|t:|1664716235
|gametype|singles
|player|p1|Acro leo|2|1474
|player|p2|brettfavreinnocent|169|1663
|teamsize|p1|6
|teamsize|p2|6
|gen|8
|tier|[Gen 8] OU
|rated|
|rule|Sleep Clause Mod: Limit one foe put to sleep
|rule|Species Clause: Limit one of each Pokémon
|rule|OHKO Clause: OHKO moves are banned
|rule|Evasion Items Clause: Evasion items are banned
|rule|Evasion Moves Clause: Evasion moves are banned
|rule|Endless Battle Clause: Forcing endless battles is banned
|rule|HP Percentage Mod: HP is shown in percentages
|rule|Dynamax Clause: You cannot dynamax
|clearpoke
|poke|p1|Wobbuffet, F|
|poke|p1|Clefable, F|
|poke|p1|Blissey, F|
|poke|p1|Slowbro, F|
|poke|p1|Corviknight, M|
|poke|p1|Garchomp, F|
|poke|p2|Volcanion|
|poke|p2|Nidoking, M|
|poke|p2|Weavile, M|
|poke|p2|Ferrothorn, F|
|poke|p2|Landorus-Therian, M|
|poke|p2|Kartana|
|teampreview
|inactive|Battle timer is ON: inactive players will automatically lose when time's up. (requested by Acro leo)
|
|t:|1664716266
|start
|switch|p1a: Wobbuffet|Wobbuffet, F|100/100
|switch|p2a: Landorus|Landorus-Therian, M|100/100
|-ability|p2a: Landorus|Intimidate|boost
|-unboost|p1a: Wobbuffet|atk|1
|turn|1
|
|t:|1664716270
|move|p2a: Landorus|Toxic|p1a: Wobbuffet
|-status|p1a: Wobbuffet|tox
|move|p1a: Wobbuffet|Counter||[still]
|-fail|p1a: Wobbuffet
|
|-damage|p1a: Wobbuffet|94/100 tox|[from] psn
|upkeep
|turn|2
|
|t:|1664716275
|move|p2a: Landorus|Stealth Rock|p1a: Wobbuffet
|-sidestart|p1: Acro leo|move: Stealth Rock
|move|p1a: Wobbuffet|Counter||[still]
|-fail|p1a: Wobbuffet
|
|-damage|p1a: Wobbuffet|82/100 tox|[from] psn
|upkeep
|turn|3
|
|t:|1664716281
|move|p2a: Landorus|Toxic|p1a: Wobbuffet
|-fail|p1a: Wobbuffet|tox
|move|p1a: Wobbuffet|Counter||[still]
|-fail|p1a: Wobbuffet
|
|-damage|p1a: Wobbuffet|64/100 tox|[from] psn
|upkeep
|turn|4
|
|t:|1664716286
|switch|p1a: Blissey|Blissey, F|100/100
|move|p2a: Landorus|Toxic|p1a: Blissey
|-status|p1a: Blissey|tox
|
|-damage|p1a: Blissey|94/100 tox|[from] psn
|upkeep
|turn|5
|
|t:|1664716291
|move|p2a: Landorus|Earthquake|p1a: Blissey
|-damage|p1a: Blissey|54/100 tox
|move|p1a: Blissey|Aromatherapy|p1a: Blissey
|-activate|p1a: Blissey|move: Aromatherapy
|-curestatus|p1a: Blissey|tox|[msg]
|-curestatus|p1: Wobbuffet|tox|[msg]
|
|upkeep
|turn|6
|
|t:|1664716297
|switch|p1a: Corviknight|Corviknight, M|100/100
|-damage|p1a: Corviknight|88/100|[from] Stealth Rock
|-ability|p1a: Corviknight|Pressure
|move|p2a: Landorus|U-turn|p1a: Corviknight
|-resisted|p1a: Corviknight
|-damage|p1a: Corviknight|84/100
|
|t:|1664716302
|switch|p2a: Volcanion|Volcanion|100/100|[from]move: U-turn
|
|upkeep
|turn|7
|
|t:|1664716313
|switch|p1a: Blissey|Blissey, F|54/100
|move|p2a: Volcanion|Steam Eruption|p1a: Blissey
|-damage|p1a: Blissey|19/100
|
|upkeep
|turn|8
|
|t:|1664716318
|move|p2a: Volcanion|Steam Eruption|p1a: Blissey
|-damage|p1a: Blissey|0 fnt
|faint|p1a: Blissey
|
|upkeep
|
|t:|1664716321
|switch|p1a: Garchomp|Garchomp, F|100/100
|-damage|p1a: Garchomp|94/100|[from] Stealth Rock
|turn|9
|
|t:|1664716331
|switch|p2a: Landorus|Landorus-Therian, M|100/100
|-ability|p2a: Landorus|Intimidate|boost
|-unboost|p1a: Garchomp|atk|1
|move|p1a: Garchomp|Earthquake|p2a: Landorus
|-immune|p2a: Landorus
|
|-heal|p1a: Garchomp|100/100|[from] item: Leftovers
|upkeep
|turn|10
|
|t:|1664716336
|switch|p1a: Corviknight|Corviknight, M|84/100
|-damage|p1a: Corviknight|72/100|[from] Stealth Rock
|-ability|p1a: Corviknight|Pressure
|move|p2a: Landorus|U-turn|p1a: Corviknight
|-resisted|p1a: Corviknight
|-damage|p1a: Corviknight|68/100
|
|t:|1664716338
|switch|p2a: Volcanion|Volcanion|100/100|[from]move: U-turn
|
|upkeep
|turn|11
|
|t:|1664716341
|switch|p1a: Slowbro|Slowbro, F|100/100
|move|p2a: Volcanion|Steam Eruption|p1a: Slowbro
|-resisted|p1a: Slowbro
|-damage|p1a: Slowbro|53/100
|
|upkeep
|turn|12
|
|t:|1664716344
|move|p2a: Volcanion|Steam Eruption|p1a: Slowbro
|-resisted|p1a: Slowbro
|-damage|p1a: Slowbro|2/100
|move|p1a: Slowbro|Future Sight|p2a: Volcanion
|-start|p1a: Slowbro|move: Future Sight
|
|upkeep
|turn|13
|
|t:|1664716351
|switch|p1a: Clefable|Clefable, F|100/100
|move|p2a: Volcanion|Steam Eruption|p1a: Clefable
|-damage|p1a: Clefable|25/100
|
|-heal|p1a: Clefable|31/100|[from] item: Leftovers
|upkeep
|turn|14
|
|t:|1664716354
|move|p2a: Volcanion|Steam Eruption|p1a: Clefable
|-damage|p1a: Clefable|0 fnt
|faint|p1a: Clefable
|
|-end|p2a: Volcanion|move: Future Sight
|-damage|p2a: Volcanion|52/100
|upkeep
|
|t:|1664716356
|switch|p1a: Wobbuffet|Wobbuffet, F|64/100
|turn|15
|
|t:|1664716362
|switch|p2a: Landorus|Landorus-Therian, M|100/100
|-ability|p2a: Landorus|Intimidate|boost
|-unboost|p1a: Wobbuffet|atk|1
|move|p1a: Wobbuffet|Mirror Coat||[still]
|-fail|p1a: Wobbuffet
|
|upkeep
|turn|16
|
|t:|1664716376
|switch|p1a: Corviknight|Corviknight, M|68/100
|-damage|p1a: Corviknight|56/100|[from] Stealth Rock
|-ability|p1a: Corviknight|Pressure
|move|p2a: Landorus|Toxic|p1a: Corviknight
|-immune|p1a: Corviknight
|
|upkeep
|turn|17
|
|t:|1664716386
|move|p2a: Landorus|U-turn|p1a: Corviknight
|-resisted|p1a: Corviknight
|-crit|p1a: Corviknight
|-damage|p1a: Corviknight|51/100
|
|t:|1664716412
|switch|p2a: Nidoking|Nidoking, M|100/100|[from]move: U-turn
|move|p1a: Corviknight|Roost|p1a: Corviknight
|-heal|p1a: Corviknight|100/100
|-singleturn|p1a: Corviknight|move: Roost
|
|upkeep
|turn|18
|
|t:|1664716436
|switch|p1a: Garchomp|Garchomp, F|100/100
|-damage|p1a: Garchomp|94/100|[from] Stealth Rock
|move|p2a: Nidoking|Flamethrower|p1a: Garchomp
|-resisted|p1a: Garchomp
|-damage|p1a: Garchomp|72/100
|
|-heal|p1a: Garchomp|78/100|[from] item: Leftovers
|upkeep
|turn|19
|c|☆brettfavreinnocent|U need to play a real team
|
|t:|1664716447
|move|p1a: Garchomp|Swords Dance|p1a: Garchomp
|-boost|p1a: Garchomp|atk|2
|move|p2a: Nidoking|Ice Beam|p1a: Garchomp
|-supereffective|p1a: Garchomp
|-damage|p1a: Garchomp|0 fnt
|faint|p1a: Garchomp
|
|upkeep
|
|t:|1664716450
|switch|p1a: Wobbuffet|Wobbuffet, F|64/100
|turn|20
|-message|Acro leo forfeited.
|
|win|brettfavreinnocent
|raw|Acro leo's rating: 1474 &rarr; <strong>1464</strong><br />(-10 for losing)
|raw|brettfavreinnocent's rating: 1663 &rarr; <strong>1673</strong><br />(+10 for winning)
|l|☆Acro leo
|l|☆brettfavreinnocent
||Ladder isn't responding, score probably updated but might not have (Request timeout).
|j|☆brettfavreinnocent
|player|p2|brettfavreinnocent|169
