|j|☆Poop-ou
|j|☆Forcemew2
|t:|1605369823
|player|p1|Poop-ou|depotagent|1419
|player|p2|Forcemew2|265|1487
|teamsize|p1|6
|teamsize|p2|6
|gametype|singles
|gen|8
|tier|[Gen 8] OU
|rated|
|clearpoke
|poke|p1|Hawlucha, M|
|poke|p1|Zoroark, M|
|poke|p1|Regieleki|
|poke|p1|Tapu Koko|
|poke|p1|Melmetal|
|poke|p1|Kyurem-Black|
|poke|p2|Mamoswine, F|
|poke|p2|Skarmory, M|
|poke|p2|Pheromosa|
|poke|p2|Heatran, M|
|poke|p2|Latios, M|
|poke|p2|Dragonite, F|
|rule|Sleep Clause Mod: Limit one foe put to sleep
|rule|Species Clause: Limit one of each Pokémon
|rule|OHKO Clause: OHKO moves are banned
|rule|Evasion Moves Clause: Evasion moves are banned
|rule|Endless Battle Clause: Forcing endless battles is banned
|rule|HP Percentage Mod: HP is shown in percentages
|rule|Dynamax Clause: You cannot dynamax
|teampreview
|
|t:|1605369840
|start
|switch|p1a: Hawlucha|Hawlucha, M, shiny|100/100
|switch|p2a: Pheromosa|Pheromosa|100/100
|turn|1
|
|t:|1605369854
|move|p2a: Pheromosa|U-turn|p1a: Hawlucha
|-resisted|p1a: Hawlucha
|-damage|p1a: Hawlucha|87/100
|
|t:|1605369857
|switch|p2a: Skarmory|Skarmory, M|100/100|[from]move: U-turn
|move|p1a: Hawlucha|Acrobatics|p2a: Skarmory
|-resisted|p2a: Skarmory
|-damage|p2a: Skarmory|94/100
|-damage|p1a: Hawlucha|70/100|[from] item: Rocky Helmet|[of] p2a: Skarmory
|
|upkeep
|turn|2
|
|t:|1605369865
|move|p1a: Hawlucha|Mean Look|p2a: Skarmory
|-activate|p2a: Skarmory|trapped
|move|p2a: Skarmory|Stealth Rock|p1a: Hawlucha
|-sidestart|p1: Poop-ou|move: Stealth Rock
|
|upkeep
|turn|3
|
|t:|1605369879
|move|p1a: Hawlucha|Encore|p2a: Skarmory
|-start|p2a: Skarmory|Encore
|move|p2a: Skarmory|Stealth Rock||[still]
|-fail|p2a: Skarmory
|
|upkeep
|turn|4
|
|t:|1605369885
|move|p1a: Hawlucha|Bulk Up|p1a: Hawlucha
|-boost|p1a: Hawlucha|atk|1
|-boost|p1a: Hawlucha|def|1
|move|p2a: Skarmory|Stealth Rock||[still]
|-fail|p2a: Skarmory
|
|upkeep
|turn|5
|
|t:|1605369888
|move|p1a: Hawlucha|Bulk Up|p1a: Hawlucha
|-boost|p1a: Hawlucha|atk|1
|-boost|p1a: Hawlucha|def|1
|move|p2a: Skarmory|Stealth Rock||[still]
|-fail|p2a: Skarmory
|
|-end|p2a: Skarmory|Encore
|upkeep
|turn|6
|
|t:|1605369891
|move|p1a: Hawlucha|Encore|p2a: Skarmory
|-start|p2a: Skarmory|Encore
|move|p2a: Skarmory|Stealth Rock||[still]
|-fail|p2a: Skarmory
|
|upkeep
|turn|7
|
|t:|1605369894
|move|p1a: Hawlucha|Bulk Up|p1a: Hawlucha
|-boost|p1a: Hawlucha|atk|1
|-boost|p1a: Hawlucha|def|1
|move|p2a: Skarmory|Stealth Rock||[still]
|-fail|p2a: Skarmory
|
|upkeep
|turn|8
|
|t:|1605369898
|move|p1a: Hawlucha|Bulk Up|p1a: Hawlucha
|-boost|p1a: Hawlucha|atk|1
|-boost|p1a: Hawlucha|def|1
|move|p2a: Skarmory|Stealth Rock||[still]
|-fail|p2a: Skarmory
|
|-end|p2a: Skarmory|Encore
|upkeep
|turn|9
|
|t:|1605369900
|move|p1a: Hawlucha|Encore|p2a: Skarmory
|-start|p2a: Skarmory|Encore
|move|p2a: Skarmory|Stealth Rock||[still]
|-fail|p2a: Skarmory
|
|upkeep
|turn|10
|
|t:|1605369902
|move|p1a: Hawlucha|Bulk Up|p1a: Hawlucha
|-boost|p1a: Hawlucha|atk|1
|-boost|p1a: Hawlucha|def|1
|move|p2a: Skarmory|Stealth Rock||[still]
|-fail|p2a: Skarmory
|
|upkeep
|turn|11
|
|t:|1605369904
|move|p1a: Hawlucha|Bulk Up|p1a: Hawlucha
|-boost|p1a: Hawlucha|atk|1
|-boost|p1a: Hawlucha|def|1
|move|p2a: Skarmory|Stealth Rock||[still]
|-fail|p2a: Skarmory
|
|-end|p2a: Skarmory|Encore
|upkeep
|turn|12
|
|t:|1605369908
|move|p1a: Hawlucha|Encore|p2a: Skarmory
|-start|p2a: Skarmory|Encore
|move|p2a: Skarmory|Stealth Rock||[still]
|-fail|p2a: Skarmory
|
|upkeep
|turn|13
|
|t:|1605369925
|move|p1a: Hawlucha|Encore||[still]
|-fail|p1a: Hawlucha
|move|p2a: Skarmory|Stealth Rock||[still]
|-fail|p2a: Skarmory
|
|upkeep
|turn|14
|inactive|Battle timer is ON: inactive players will automatically lose when time's up. (requested by Forcemew2)
|
|t:|1605369930
|move|p1a: Hawlucha|Encore||[still]
|-fail|p1a: Hawlucha
|move|p2a: Skarmory|Stealth Rock||[still]
|-fail|p2a: Skarmory
|
|-end|p2a: Skarmory|Encore
|upkeep
|turn|15
|
|t:|1605369937
|move|p1a: Hawlucha|Encore|p2a: Skarmory
|-start|p2a: Skarmory|Encore
|move|p2a: Skarmory|Stealth Rock||[still]
|-fail|p2a: Skarmory
|
|upkeep
|turn|16
|
|t:|1605369940
|move|p1a: Hawlucha|Encore||[still]
|-fail|p1a: Hawlucha
|-enditem|p1a: Hawlucha|Leppa Berry|[eat]
|-activate|p1a: Hawlucha|item: Leppa Berry|Encore|[consumed]
|move|p2a: Skarmory|Stealth Rock||[still]
|-fail|p2a: Skarmory
|
|upkeep
|turn|17
|
|t:|1605369948
|move|p1a: Hawlucha|Acrobatics|p2a: Skarmory
|-resisted|p2a: Skarmory
|-damage|p2a: Skarmory|34/100
|-damage|p1a: Hawlucha|54/100|[from] item: Rocky Helmet|[of] p2a: Skarmory
|move|p2a: Skarmory|Stealth Rock||[still]
|-fail|p2a: Skarmory
|
|-end|p2a: Skarmory|Encore
|upkeep
|turn|18
|
|t:|1605369964
|move|p1a: Hawlucha|Acrobatics|p2a: Skarmory
|-resisted|p2a: Skarmory
|-damage|p2a: Skarmory|0 fnt
|-damage|p1a: Hawlucha|37/100|[from] item: Rocky Helmet|[of] p2a: Skarmory
|faint|p2a: Skarmory
|
|upkeep
|inactive|Forcemew2 has 120 seconds left.
|
|t:|1605370001
|switch|p2a: Heatran|Heatran, M|100/100
|turn|19
|
|t:|1605370004
|move|p1a: Hawlucha|Acrobatics|p2a: Heatran
|-resisted|p2a: Heatran
|-damage|p2a: Heatran|0 fnt
|faint|p2a: Heatran
|
|upkeep
|
|t:|1605370013
|switch|p2a: Dragonite|Dragonite, F|100/100
|turn|20
|
|t:|1605370016
|move|p1a: Hawlucha|Acrobatics|p2a: Dragonite
|-damage|p2a: Dragonite|9/100
|move|p2a: Dragonite|Dragon Claw|p1a: Hawlucha
|-damage|p1a: Hawlucha|21/100
|
|upkeep
|turn|21
|
|t:|1605370023
|move|p1a: Hawlucha|Acrobatics|p2a: Dragonite
|-damage|p2a: Dragonite|0 fnt
|faint|p2a: Dragonite
|
|upkeep
|
|t:|1605370025
|switch|p2a: Mamoswine|Mamoswine, F|100/100
|turn|22
|
|t:|1605370028
|move|p2a: Mamoswine|Ice Shard|p1a: Hawlucha
|-supereffective|p1a: Hawlucha
|-damage|p1a: Hawlucha|0 fnt
|-damage|p2a: Mamoswine|91/100|[from] item: Life Orb
|faint|p1a: Hawlucha
|
|upkeep
|
|t:|1605370049
|switch|p1a: Melmetal|Melmetal|100/100
|-damage|p1a: Melmetal|94/100|[from] Stealth Rock
|turn|23
|
|t:|1605370066
|switch|p2a: Latios|Latios, M|100/100
|move|p1a: Melmetal|Double Iron Bash|p2a: Latios
|-damage|p2a: Latios|42/100
|-damage|p2a: Latios|0 fnt
|-hitcount|p2a: Latios|2
|faint|p2a: Latios
|
|upkeep
|
|t:|1605370069
|switch|p2a: Pheromosa|Pheromosa|100/100
|turn|24
|
|t:|1605370083
|switch|p1a: Tapu Koko|Tapu Koko|100/100
|-damage|p1a: Tapu Koko|88/100|[from] Stealth Rock
|-fieldstart|move: Electric Terrain|[from] ability: Electric Surge|[of] p1a: Tapu Koko
|move|p2a: Pheromosa|Close Combat|p1a: Tapu Koko
|-resisted|p1a: Tapu Koko
|-damage|p1a: Tapu Koko|48/100
|-unboost|p2a: Pheromosa|def|1
|-unboost|p2a: Pheromosa|spd|1
|
|upkeep
|turn|25
|
|t:|1605370099
|move|p2a: Pheromosa|U-turn|p1a: Tapu Koko
|-resisted|p1a: Tapu Koko
|-damage|p1a: Tapu Koko|27/100
|
|t:|1605370102
|switch|p2a: Mamoswine|Mamoswine, F|91/100|[from]move: U-turn
|move|p1a: Tapu Koko|Dazzling Gleam|p2a: Mamoswine
|-damage|p2a: Mamoswine|53/100
|
|upkeep
|turn|26
|
|t:|1605370108
|move|p2a: Mamoswine|Ice Shard|p1a: Tapu Koko
|-damage|p1a: Tapu Koko|0 fnt
|-damage|p2a: Mamoswine|43/100|[from] item: Life Orb
|faint|p1a: Tapu Koko
|
|upkeep
|
|t:|1605370121
|switch|p1a: Melmetal|Melmetal|94/100
|-damage|p1a: Melmetal|88/100|[from] Stealth Rock
|turn|27
|
|t:|1605370125
|move|p2a: Mamoswine|Earthquake|p1a: Melmetal
|-supereffective|p1a: Melmetal
|-damage|p1a: Melmetal|0 fnt
|-damage|p2a: Mamoswine|33/100|[from] item: Life Orb
|faint|p1a: Melmetal
|
|upkeep
|
|t:|1605370138
|switch|p1a: Regieleki|Regieleki|100/100
|-damage|p1a: Regieleki|88/100|[from] Stealth Rock
|turn|28
|
|t:|1605370152
|move|p1a: Regieleki|Trick|p2a: Mamoswine
|-activate|p1a: Regieleki|move: Trick|[of] p2a: Mamoswine
|-item|p2a: Mamoswine|Ring Target|[from] move: Trick
|-item|p1a: Regieleki|Life Orb|[from] move: Trick
|move|p2a: Mamoswine|Earthquake|p1a: Regieleki
|-damage|p1a: Regieleki|0 fnt
|replace|p1a: Zoroark|Zoroark, M
|-end|p1a: Zoroark|Illusion
|faint|p1a: Zoroark
|
|upkeep
|
|t:|1605370154
|switch|p1a: Regieleki|Regieleki|100/100
|-damage|p1a: Regieleki|88/100|[from] Stealth Rock
|turn|29
|
|t:|1605370163
|move|p1a: Regieleki|Rising Voltage|p2a: Mamoswine
|-damage|p2a: Mamoswine|0 fnt
|faint|p2a: Mamoswine
|
|upkeep
|
|t:|1605370169
|switch|p2a: Pheromosa|Pheromosa|100/100
|turn|30
|
|t:|1605370172
|move|p1a: Regieleki|Rising Voltage|p2a: Pheromosa
|-crit|p2a: Pheromosa
|-damage|p2a: Pheromosa|0 fnt
|faint|p2a: Pheromosa
|
|win|Poop-ou
|l|☆Forcemew2
|raw|Poop-ou's rating: 1384 &rarr; <strong>1411</strong><br />(+27 for winning)
|raw|Forcemew2's rating: 1510 &rarr; <strong>1483</strong><br />(-27 for losing)
