|j|☆Platinum Arceus
|j|☆Maitredouard2
|t:|1655808159
|gametype|singles
|player|p1|Platinum Arceus|pokemonbreeder|1617
|player|p2|Maitredouard2|lance|1700
|teamsize|p1|6
|teamsize|p2|6
|gen|8
|tier|[Gen 8] OU
|rated|
|rule|Sleep Clause Mod: Limit one foe put to sleep
|rule|Species Clause: Limit one of each Pokémon
|rule|OHKO Clause: OHKO moves are banned
|rule|Evasion Moves Clause: Evasion moves are banned
|rule|Endless Battle Clause: Forcing endless battles is banned
|rule|HP Percentage Mod: HP is shown in percentages
|rule|Dynamax Clause: You cannot dynamax
|clearpoke
|poke|p1|Urshifu-*, M|
|poke|p1|Dragapult, F|
|poke|p1|Slowking-Galar, M|
|poke|p1|Buzzwole|
|poke|p1|Zapdos|
|poke|p1|Excadrill, F|
|poke|p2|Mandibuzz, F|
|poke|p2|Landorus-Therian, M|
|poke|p2|Blissey, F|
|poke|p2|Heatran, F|
|poke|p2|Toxapex, M|
|poke|p2|Tapu Lele|
|teampreview
|inactive|Battle timer is ON: inactive players will automatically lose when time's up. (requested by Platinum Arceus)
|
|t:|1655808185
|start
|switch|p1a: Urshifu|Urshifu-Rapid-Strike, M|100/100
|switch|p2a: Tapu Lele|Tapu Lele|100/100
|-fieldstart|move: Psychic Terrain|[from] ability: Psychic Surge|[of] p2a: Tapu Lele
|turn|1
|
|t:|1655808192
|switch|p1a: Excadrill|Excadrill, F, shiny|100/100
|-ability|p1a: Excadrill|Mold Breaker
|move|p2a: Tapu Lele|Psyshock|p1a: Excadrill
|-resisted|p1a: Excadrill
|-damage|p1a: Excadrill|51/100
|
|-heal|p1a: Excadrill|58/100|[from] item: Leftovers
|upkeep
|turn|2
|
|t:|1655808202
|switch|p2a: Toxapex|Toxapex, M|100/100
|move|p1a: Excadrill|Toxic|p2a: Toxapex
|-immune|p2a: Toxapex
|
|-heal|p1a: Excadrill|64/100|[from] item: Leftovers
|upkeep
|turn|3
|
|t:|1655808210
|move|p1a: Excadrill|Stealth Rock|p2a: Toxapex
|-sidestart|p2: Maitredouard2|move: Stealth Rock
|move|p2a: Toxapex|Scald|p1a: Excadrill
|-supereffective|p1a: Excadrill
|-damage|p1a: Excadrill|40/100
|
|-heal|p1a: Excadrill|46/100|[from] item: Leftovers
|upkeep
|turn|4
|
|t:|1655808227
|switch|p1a: Slowking|Slowking-Galar, M|100/100
|move|p2a: Toxapex|Scald|p1a: Slowking
|-damage|p1a: Slowking|92/100
|
|upkeep
|turn|5
|
|t:|1655808236
|switch|p2a: Landorus|Landorus-Therian, M|100/100
|-damage|p2a: Landorus|88/100|[from] Stealth Rock
|-ability|p2a: Landorus|Intimidate|boost
|-unboost|p1a: Slowking|atk|1
|move|p1a: Slowking|Future Sight|p2a: Landorus
|-start|p1a: Slowking|move: Future Sight
|
|-fieldend|move: Psychic Terrain
|upkeep
|turn|6
|
|t:|1655808247
|switch|p1a: Zapdos|Zapdos|100/100
|move|p2a: Landorus|Knock Off|p1a: Zapdos
|-damage|p1a: Zapdos|76/100
|-enditem|p1a: Zapdos|Heavy-Duty Boots|[from] move: Knock Off|[of] p2a: Landorus
|
|upkeep
|turn|7
|
|t:|1655808254
|switch|p2a: Blissey|Blissey, F|100/100
|move|p1a: Zapdos|Hurricane|p2a: Blissey
|-damage|p2a: Blissey|85/100
|
|-end|p2a: Blissey|move: Future Sight
|-damage|p2a: Blissey|64/100
|upkeep
|turn|8
|
|t:|1655808263
|move|p1a: Zapdos|Volt Switch|p2a: Blissey
|-damage|p2a: Blissey|54/100
|
|t:|1655808270
|switch|p1a: Buzzwole|Buzzwole, shiny|100/100|[from]move: Volt Switch
|move|p2a: Blissey|Soft-Boiled|p2a: Blissey
|-heal|p2a: Blissey|100/100
|
|upkeep
|turn|9
|
|t:|1655808280
|switch|p2a: Toxapex|Toxapex, M|100/100
|-damage|p2a: Toxapex|88/100|[from] Stealth Rock
|move|p1a: Buzzwole|Earthquake|p2a: Toxapex
|-supereffective|p2a: Toxapex
|-damage|p2a: Toxapex|40/100
|
|upkeep
|turn|10
|
|t:|1655808292
|switch|p1a: Urshifu|Urshifu-Rapid-Strike, M|100/100
|move|p2a: Toxapex|Recover|p2a: Toxapex
|-heal|p2a: Toxapex|90/100
|
|upkeep
|turn|11
|
|t:|1655808298
|move|p1a: Urshifu|U-turn|p2a: Toxapex
|-resisted|p2a: Toxapex
|-damage|p2a: Toxapex|83/100
|
|t:|1655808302
|switch|p1a: Zapdos|Zapdos|76/100|[from]move: U-turn
|move|p2a: Toxapex|Scald|p1a: Zapdos
|-damage|p1a: Zapdos|60/100
|
|upkeep
|turn|12
|
|t:|1655808311
|switch|p2a: Tapu Lele|Tapu Lele|100/100
|-damage|p2a: Tapu Lele|88/100|[from] Stealth Rock
|-fieldstart|move: Psychic Terrain|[from] ability: Psychic Surge|[of] p2a: Tapu Lele
|move|p1a: Zapdos|Roost|p1a: Zapdos
|-heal|p1a: Zapdos|100/100
|-singleturn|p1a: Zapdos|move: Roost
|
|upkeep
|turn|13
|
|t:|1655808320
|move|p2a: Tapu Lele|Psyshock|p1a: Zapdos
|-damage|p1a: Zapdos|41/100
|move|p1a: Zapdos|Volt Switch|p2a: Tapu Lele
|-damage|p2a: Tapu Lele|57/100
|
|t:|1655808333
|switch|p1a: Excadrill|Excadrill, F, shiny|46/100|[from]move: Volt Switch
|-ability|p1a: Excadrill|Mold Breaker
|
|-heal|p1a: Excadrill|52/100|[from] item: Leftovers
|upkeep
|turn|14
|
|t:|1655808340
|move|p2a: Tapu Lele|Psyshock|p1a: Excadrill
|-resisted|p1a: Excadrill
|-damage|p1a: Excadrill|1/100
|move|p1a: Excadrill|Earthquake|p2a: Tapu Lele
|-damage|p2a: Tapu Lele|0 fnt
|faint|p2a: Tapu Lele
|
|-heal|p1a: Excadrill|7/100|[from] item: Leftovers
|upkeep
|
|t:|1655808350
|switch|p2a: Landorus|Landorus-Therian, M|88/100
|-damage|p2a: Landorus|75/100|[from] Stealth Rock
|-ability|p2a: Landorus|Intimidate|boost
|-unboost|p1a: Excadrill|atk|1
|turn|15
|
|t:|1655808357
|switch|p1a: Zapdos|Zapdos|41/100
|move|p2a: Landorus|Knock Off|p1a: Zapdos
|-damage|p1a: Zapdos|25/100
|-status|p2a: Landorus|par|[from] ability: Static|[of] p1a: Zapdos
|
|upkeep
|turn|16
|
|t:|1655808365
|switch|p2a: Heatran|Heatran, F|100/100
|-damage|p2a: Heatran|88/100|[from] Stealth Rock
|-item|p2a: Heatran|Air Balloon
|move|p1a: Zapdos|Roost|p1a: Zapdos
|-heal|p1a: Zapdos|75/100
|-singleturn|p1a: Zapdos|move: Roost
|
|-fieldend|move: Psychic Terrain
|upkeep
|turn|17
|
|t:|1655808375
|move|p1a: Zapdos|Volt Switch|p2a: Heatran
|-damage|p2a: Heatran|62/100
|-enditem|p2a: Heatran|Air Balloon
|
|t:|1655808395
|switch|p1a: Slowking|Slowking-Galar, M|100/100|[from]move: Volt Switch
|move|p2a: Heatran|Magma Storm|p1a: Slowking|[miss]
|-miss|p2a: Heatran|p1a: Slowking
|
|upkeep
|turn|18
|
|t:|1655808402
|move|p2a: Heatran|Magma Storm|p1a: Slowking
|-damage|p1a: Slowking|73/100
|-activate|p1a: Slowking|move: Magma Storm|[of] p2a: Heatran
|move|p1a: Slowking|Scald|p2a: Heatran
|-supereffective|p2a: Heatran
|-damage|p2a: Heatran|19/100
|
|-damage|p1a: Slowking|61/100|[from] move: Magma Storm|[partiallytrapped]
|upkeep
|turn|19
|
|t:|1655808412
|move|p2a: Heatran|Earth Power|p1a: Slowking
|-supereffective|p1a: Slowking
|-damage|p1a: Slowking|26/100
|move|p1a: Slowking|Scald|p2a: Heatran
|-supereffective|p2a: Heatran
|-damage|p2a: Heatran|0 fnt
|faint|p2a: Heatran
|
|-end|p1a: Slowking|Magma Storm|[partiallytrapped]|[silent]
|upkeep
|
|t:|1655808421
|switch|p2a: Landorus|Landorus-Therian, M|75/100 par
|-damage|p2a: Landorus|63/100 par|[from] Stealth Rock
|-ability|p2a: Landorus|Intimidate|boost
|-unboost|p1a: Slowking|atk|1
|turn|20
|
|t:|1655808427
|switch|p1a: Zapdos|Zapdos|75/100
|move|p2a: Landorus|Explosion|p1a: Zapdos
|-damage|p1a: Zapdos|5/100
|faint|p2a: Landorus
|
|upkeep
|
|t:|1655808435
|switch|p2a: Blissey|Blissey, F|100/100
|turn|21
|
|t:|1655808438
|move|p1a: Zapdos|Roost|p1a: Zapdos
|-heal|p1a: Zapdos|55/100
|-singleturn|p1a: Zapdos|move: Roost
|move|p2a: Blissey|Toxic|p1a: Zapdos
|-status|p1a: Zapdos|tox
|
|-damage|p1a: Zapdos|49/100 tox|[from] psn
|upkeep
|turn|22
|
|t:|1655808447
|move|p1a: Zapdos|Roost|p1a: Zapdos
|-heal|p1a: Zapdos|99/100 tox
|-singleturn|p1a: Zapdos|move: Roost
|move|p2a: Blissey|Toxic|p1a: Zapdos
|-fail|p1a: Zapdos|tox
|
|-damage|p1a: Zapdos|87/100 tox|[from] psn
|upkeep
|turn|23
|
|t:|1655808456
|move|p1a: Zapdos|Volt Switch|p2a: Blissey
|-damage|p2a: Blissey|89/100
|
|t:|1655808459
|switch|p1a: Slowking|Slowking-Galar, M|60/100|[from]move: Volt Switch
|move|p2a: Blissey|Toxic|p1a: Slowking
|-immune|p1a: Slowking
|
|upkeep
|turn|24
|
|t:|1655808466
|move|p2a: Blissey|Seismic Toss|p1a: Slowking
|-damage|p1a: Slowking|34/100
|move|p1a: Slowking|Future Sight|p2a: Blissey
|-start|p1a: Slowking|move: Future Sight
|
|upkeep
|turn|25
|
|t:|1655808472
|switch|p1a: Zapdos|Zapdos|87/100 tox
|move|p2a: Blissey|Toxic|p1a: Zapdos
|-fail|p1a: Zapdos|tox
|
|-damage|p1a: Zapdos|81/100 tox|[from] psn
|upkeep
|turn|26
|
|t:|1655808481
|move|p1a: Zapdos|Hurricane|p2a: Blissey
|-damage|p2a: Blissey|72/100
|-start|p2a: Blissey|confusion
|-activate|p2a: Blissey|confusion
|move|p2a: Blissey|Seismic Toss|p1a: Zapdos
|-damage|p1a: Zapdos|55/100 tox
|
|-end|p2a: Blissey|move: Future Sight
|-damage|p2a: Blissey|53/100
|-damage|p1a: Zapdos|43/100 tox|[from] psn
|upkeep
|turn|27
|
|t:|1655808492
|move|p1a: Zapdos|Roost|p1a: Zapdos
|-heal|p1a: Zapdos|93/100 tox
|-singleturn|p1a: Zapdos|move: Roost
|-activate|p2a: Blissey|confusion
|move|p2a: Blissey|Soft-Boiled|p2a: Blissey
|-heal|p2a: Blissey|100/100
|
|-damage|p1a: Zapdos|75/100 tox|[from] psn
|upkeep
|turn|28
|
|t:|1655808504
|move|p1a: Zapdos|Volt Switch|p2a: Blissey
|-damage|p2a: Blissey|89/100
|j| tamadie
|
|t:|1655808507
|switch|p1a: Slowking|Slowking-Galar, M|68/100|[from]move: Volt Switch
|-activate|p2a: Blissey|confusion
|move|p2a: Blissey|Seismic Toss|p1a: Slowking
|-damage|p1a: Slowking|42/100
|
|upkeep
|turn|29
|j| ash_won_kalos
|
|t:|1655808516
|-activate|p2a: Blissey|confusion
|-damage|p2a: Blissey|88/100|[from] confusion
|move|p1a: Slowking|Future Sight|p2a: Blissey
|-start|p1a: Slowking|move: Future Sight
|
|upkeep
|turn|30
|
|t:|1655808521
|switch|p1a: Zapdos|Zapdos|75/100 tox
|-end|p2a: Blissey|confusion
|move|p2a: Blissey|Seismic Toss|p1a: Zapdos
|-damage|p1a: Zapdos|49/100 tox
|-status|p2a: Blissey|par|[from] ability: Static|[of] p1a: Zapdos
|
|-damage|p1a: Zapdos|43/100 tox|[from] psn
|upkeep
|turn|31
|j| Arnaud senju vgc
|
|t:|1655808531
|move|p1a: Zapdos|Roost|p1a: Zapdos
|-heal|p1a: Zapdos|93/100 tox
|-singleturn|p1a: Zapdos|move: Roost
|cant|p2a: Blissey|par
|
|-end|p2a: Blissey|move: Future Sight
|-damage|p2a: Blissey|66/100 par
|-damage|p1a: Zapdos|81/100 tox|[from] psn
|upkeep
|turn|32
|
|t:|1655808542
|move|p1a: Zapdos|Volt Switch|p2a: Blissey
|-damage|p2a: Blissey|56/100 par
|
|t:|1655808545
|switch|p1a: Urshifu|Urshifu-Rapid-Strike, M|100/100|[from]move: Volt Switch
|cant|p2a: Blissey|par
|
|upkeep
|turn|33
|
|t:|1655808551
|move|p1a: Urshifu|Close Combat|p2a: Blissey
|-supereffective|p2a: Blissey
|-damage|p2a: Blissey|0 fnt
|-unboost|p1a: Urshifu|def|1
|-unboost|p1a: Urshifu|spd|1
|faint|p2a: Blissey
|
|upkeep
|-message|Maitredouard2 forfeited.
|
|win|Platinum Arceus
|raw|Platinum Arceus's rating: 1617 &rarr; <strong>1642</strong><br />(+25 for winning)
|raw|Maitredouard2's rating: 1700 &rarr; <strong>1675</strong><br />(-25 for losing)
|l|☆Maitredouard2
|j|☆Maitredouard2
|player|p2|Maitredouard2|lance
|l|☆Maitredouard2
|player|p2|
|c|☆Platinum Arceus|gg
|l| ash_won_kalos
|l| tamadie
|l| Arnaud senju vgc
