|html|<div class="broadcast-blue"><strong>[Gen 8] OU is currently suspecting Melmetal! For information on how to participate check out the <a href="https://www.smogon.com/forums/threads/np-ss-ou-suspect-process-round-12-monster-mash.3709234/">suspect thread</a>.</strong></div>
|j|☆Felipequiron
|j|☆PedroGreg
|inactive|Battle timer is ON: inactive players will automatically lose when time's up.
|t:|1666361586
|gametype|singles
|player|p1|Felipequiron|alain|
|player|p2|PedroGreg|#wcop2022brazil|
|teamsize|p1|6
|teamsize|p2|6
|gen|8
|tier|[Gen 8] OU
|rated|Tournament battle
|rule|Sleep Clause Mod: Limit one foe put to sleep
|rule|Species Clause: Limit one of each Pokémon
|rule|OHKO Clause: OHKO moves are banned
|rule|Evasion Items Clause: Evasion items are banned
|rule|Evasion Moves Clause: Evasion moves are banned
|rule|Endless Battle Clause: Forcing endless battles is banned
|rule|HP Percentage Mod: HP is shown in percentages
|rule|Dynamax Clause: You cannot dynamax
|clearpoke
|poke|p1|Rillaboom, M|
|poke|p1|Inteleon, M|
|poke|p1|Mr. Rime, M|
|poke|p1|Charizard, M|
|poke|p1|Dragapult, M|
|poke|p1|Corviknight, M|
|poke|p2|Mamoswine, M|
|poke|p2|Heatran, M|
|poke|p2|Blacephalon|
|poke|p2|Urshifu-*, F|
|poke|p2|Tornadus-Therian, M|
|poke|p2|Clefable, M|
|teampreview
|j| blacky188
|c|☆PedroGreg|hf
|c| blacky188|vai la pedro greg
|
|t:|1666361599
|start
|switch|p1a: Mr. Rime|Mr. Rime, M|100/100
|switch|p2a: Clefable|Clefable, M|100/100
|turn|1
|j|%beto cachinhos†
|
|t:|1666361614
|switch|p1a: Inteleon|Inteleon, M|100/100
|switch|p2a: Heatran|Heatran, M|100/100
|
|upkeep
|turn|2
|
|t:|1666361620
|move|p1a: Inteleon|Snipe Shot|p2a: Heatran
|-supereffective|p2a: Heatran
|-crit|p2a: Heatran
|-damage|p2a: Heatran|0 fnt
|faint|p2a: Heatran
|
|upkeep
|c|%beto cachinhos†|caralho
|
|t:|1666361625
|switch|p2a: Urshifu|Urshifu-Rapid-Strike, F|100/100
|turn|3
|c|%beto cachinhos†|receba
|
|t:|1666361632
|move|p1a: Inteleon|Air Slash|p2a: Urshifu
|-supereffective|p2a: Urshifu
|-damage|p2a: Urshifu|21/100
|move|p2a: Urshifu|U-turn|p1a: Inteleon
|-damage|p1a: Inteleon|62/100
|
|t:|1666361638
|switch|p2a: Blacephalon|Blacephalon|100/100|[from]move: U-turn
|
|upkeep
|turn|4
|
|t:|1666361641
|move|p2a: Blacephalon|Shadow Ball|p1a: Inteleon
|-damage|p1a: Inteleon|0 fnt
|faint|p1a: Inteleon
|-ability|p2a: Blacephalon|Beast Boost|boost
|-boost|p2a: Blacephalon|spa|1
|
|upkeep
|
|t:|1666361647
|switch|p1a: Dragapult|Dragapult, M|100/100
|turn|5
|c|%beto cachinhos†|cabo
|
|t:|1666361650
|switch|p2a: Clefable|Clefable, M|100/100
|move|p1a: Dragapult|Phantom Force||[still]
|-prepare|p1a: Dragapult|Phantom Force
|
|upkeep
|turn|6
|l|%beto cachinhos†
|
|t:|1666361655
|move|p1a: Dragapult|Phantom Force|p2a: Clefable|[from]lockedmove
|-crit|p2a: Clefable
|-damage|p2a: Clefable|45/100
|move|p2a: Clefable|Stealth Rock|p1a: Dragapult
|-sidestart|p1: Felipequiron|move: Stealth Rock
|
|upkeep
|turn|7
|j| National Brasil
|c| blacky188|o item do inteleon era scope lens, chuto
|
|t:|1666361660
|switch|p1a: Corviknight|Corviknight, M|100/100
|move|p2a: Clefable|Soft-Boiled|p2a: Clefable
|-heal|p2a: Clefable|95/100
|
|upkeep
|turn|8
|
|t:|1666361664
|move|p1a: Corviknight|Defog|p2a: Clefable
|-unboost|p2a: Clefable|evasion|1
|-sideend|p1: Felipequiron|Stealth Rock|[from] move: Defog|[of] p1a: Corviknight
|move|p2a: Clefable|Trick|p1a: Corviknight
|-activate|p2a: Clefable|move: Trick|[of] p1a: Corviknight
|-item|p1a: Corviknight|Sticky Barb|[from] move: Trick
|-item|p2a: Clefable|Heavy-Duty Boots|[from] move: Trick
|
|-damage|p1a: Corviknight|88/100|[from] item: Sticky Barb
|upkeep
|turn|9
|
|t:|1666361667
|move|p1a: Corviknight|Iron Head|p2a: Clefable
|-supereffective|p2a: Clefable
|-damage|p2a: Clefable|41/100
|cant|p2a: Clefable|flinch
|
|-damage|p1a: Corviknight|76/100|[from] item: Sticky Barb
|upkeep
|turn|10
|
|t:|1666361680
|move|p1a: Corviknight|Iron Head|p2a: Clefable
|-supereffective|p2a: Clefable
|-damage|p2a: Clefable|0 fnt
|faint|p2a: Clefable
|
|-damage|p1a: Corviknight|64/100|[from] item: Sticky Barb
|upkeep
|
|t:|1666361682
|switch|p2a: Blacephalon|Blacephalon|100/100
|turn|11
|
|t:|1666361688
|move|p2a: Blacephalon|Shadow Ball|p1a: Corviknight
|-damage|p1a: Corviknight|21/100
|move|p1a: Corviknight|Drill Peck|p2a: Blacephalon
|-damage|p2a: Blacephalon|15/100
|
|-damage|p1a: Corviknight|8/100|[from] item: Sticky Barb
|upkeep
|turn|12
|
|t:|1666361693
|move|p2a: Blacephalon|Shadow Ball|p1a: Corviknight
|-crit|p1a: Corviknight
|-damage|p1a: Corviknight|0 fnt
|faint|p1a: Corviknight
|-ability|p2a: Blacephalon|Beast Boost|boost
|-boost|p2a: Blacephalon|spa|1
|
|upkeep
|
|t:|1666361706
|switch|p1a: Charizard|Charizard, M|100/100
|turn|13
|
|t:|1666361709
|move|p2a: Blacephalon|Shadow Ball|p1a: Charizard
|-crit|p1a: Charizard
|-damage|p1a: Charizard|0 fnt
|faint|p1a: Charizard
|-ability|p2a: Blacephalon|Beast Boost|boost
|-boost|p2a: Blacephalon|spa|1
|
|upkeep
|
|t:|1666361712
|switch|p1a: Dragapult|Dragapult, M|100/100
|turn|14
|
|t:|1666361718
|move|p2a: Blacephalon|Shadow Ball|p1a: Dragapult
|-supereffective|p1a: Dragapult
|-damage|p1a: Dragapult|0 fnt
|faint|p1a: Dragapult
|-ability|p2a: Blacephalon|Beast Boost|boost
|-boost|p2a: Blacephalon|spa|1
|
|upkeep
|
|t:|1666361721
|switch|p1a: Rillaboom|Rillaboom, M|100/100
|-fieldstart|move: Grassy Terrain|[from] ability: Grassy Surge|[of] p1a: Rillaboom
|-enditem|p1a: Rillaboom|Grassy Seed
|-boost|p1a: Rillaboom|def|1|[from] item: Grassy Seed
|turn|15
|
|t:|1666361734
|switch|p2a: Tornadus|Tornadus-Therian, M|100/100
|move|p1a: Rillaboom|Grassy Glide|p2a: Tornadus
|-resisted|p2a: Tornadus
|-damage|p2a: Tornadus|76/100
|
|upkeep
|turn|16
|j|%beto cachinhos†
|l|%beto cachinhos†
|c|☆Felipequiron|Pq cinderace e banido e isso nao?
|
|t:|1666361753
|move|p2a: Tornadus|Hurricane|p1a: Rillaboom|[miss]
|-miss|p2a: Tornadus|p1a: Rillaboom
|move|p1a: Rillaboom|Swords Dance|p1a: Rillaboom
|-boost|p1a: Rillaboom|atk|2
|
|upkeep
|turn|17
|
|t:|1666361761
|move|p2a: Tornadus|Hurricane|p1a: Rillaboom
|-supereffective|p1a: Rillaboom
|-damage|p1a: Rillaboom|0 fnt
|faint|p1a: Rillaboom
|
|upkeep
|
|t:|1666361764
|switch|p1a: Mr. Rime|Mr. Rime, M|100/100
|turn|18
|
|t:|1666361767
|move|p2a: Tornadus|Knock Off|p1a: Mr. Rime
|-supereffective|p1a: Mr. Rime
|-damage|p1a: Mr. Rime|49/100
|-enditem|p1a: Mr. Rime|Leftovers|[from] move: Knock Off|[of] p2a: Tornadus
|move|p1a: Mr. Rime|Ice Beam|p2a: Tornadus
|-supereffective|p2a: Tornadus
|-damage|p2a: Tornadus|0 fnt
|faint|p2a: Tornadus
|
|-heal|p1a: Mr. Rime|55/100|[from] Grassy Terrain
|upkeep
|
|t:|1666361773
|switch|p2a: Blacephalon|Blacephalon|15/100
|turn|19
|
|t:|1666361776
|move|p2a: Blacephalon|Flamethrower|p1a: Mr. Rime
|-supereffective|p1a: Mr. Rime
|-damage|p1a: Mr. Rime|0 fnt
|faint|p1a: Mr. Rime
|
|win|PedroGreg
|n|☆Felipequiron|felipequiron
|n|☆PedroGreg|pedrogreg
|n| blacky188|blacky188
|n| National Brasil|nationalbrasil
