|j|☆Elite4Donovan
|j|☆lukibrasil
|t:|1651474905
|gametype|singles
|player|p1|Elite4Donovan|brendan-contest|1695
|player|p2|lukibrasil|265|1603
|teamsize|p1|6
|teamsize|p2|6
|gen|8
|tier|[Gen 8] OU
|rated|
|rule|Sleep Clause Mod: Limit one foe put to sleep
|rule|Species Clause: Limit one of each Pokémon
|rule|OHKO Clause: OHKO moves are banned
|rule|Evasion Moves Clause: Evasion moves are banned
|rule|Endless Battle Clause: Forcing endless battles is banned
|rule|HP Percentage Mod: HP is shown in percentages
|rule|Dynamax Clause: You cannot dynamax
|clearpoke
|poke|p1|Regidrago|
|poke|p1|Weavile, F|
|poke|p1|Magnezone|
|poke|p1|Garchomp, F|
|poke|p1|Tapu Fini|
|poke|p1|Corviknight, M|
|poke|p2|Rillaboom, M|
|poke|p2|Magnezone|
|poke|p2|Heatran, M|
|poke|p2|Buzzwole|
|poke|p2|Tapu Fini|
|poke|p2|Kartana|
|teampreview
|j| Philein
|j| mcflappingston
|l| Philein
|j| JasperM
|c| JasperM|mag
|c|☆Elite4Donovan|yes
|c| JasperM|luca brasi let's go
|inactive|Battle timer is ON: inactive players will automatically lose when time's up. (requested by Elite4Donovan)
|c|☆lukibrasil|ooh shit
|c|☆lukibrasil|my b
|inactive|lukibrasil has 120 seconds left.
|c|☆Elite4Donovan|no problem
|
|t:|1651475267
|start
|switch|p1a: Weavile|Weavile, F|100/100
|switch|p2a: Rillaboom|Rillaboom, M|100/100
|-ability|p1a: Weavile|Pressure
|-fieldstart|move: Grassy Terrain|[from] ability: Grassy Surge|[of] p2a: Rillaboom
|turn|1
|
|t:|1651475272
|switch|p1a: Corviknight|Corviknight, M|100/100
|-ability|p1a: Corviknight|Pressure
|move|p2a: Rillaboom|U-turn|p1a: Corviknight
|-resisted|p1a: Corviknight
|-damage|p1a: Corviknight|94/100
|
|t:|1651475275
|switch|p2a: Magnezone|Magnezone|100/100|[from]move: U-turn
|
|upkeep
|turn|2
|
|t:|1651475278
|switch|p1a: Garchomp|Garchomp, F|100/100
|move|p2a: Magnezone|Discharge|p1a: Garchomp
|-immune|p1a: Garchomp
|
|upkeep
|turn|3
|
|t:|1651475281
|switch|p2a: Buzzwole|Buzzwole|100/100
|move|p1a: Garchomp|Stealth Rock|p2a: Buzzwole
|-sidestart|p2: lukibrasil|move: Stealth Rock
|
|upkeep
|turn|4
|
|t:|1651475286
|switch|p1a: Tapu Fini|Tapu Fini|100/100
|-fieldstart|move: Misty Terrain|[from] ability: Misty Surge|[of] p1a: Tapu Fini
|move|p2a: Buzzwole|Ice Punch|p1a: Tapu Fini
|-resisted|p1a: Tapu Fini
|-damage|p1a: Tapu Fini|91/100
|
|-heal|p1a: Tapu Fini|97/100|[from] item: Leftovers
|upkeep
|turn|5
|
|t:|1651475294
|switch|p2a: Tapu Fini|Tapu Fini|100/100
|-damage|p2a: Tapu Fini|88/100|[from] Stealth Rock
|move|p1a: Tapu Fini|Nature's Madness|p2a: Tapu Fini
|-damage|p2a: Tapu Fini|45/100
|
|-heal|p1a: Tapu Fini|100/100|[from] item: Leftovers
|upkeep
|turn|6
|
|t:|1651475303
|move|p2a: Tapu Fini|Trick|p1a: Tapu Fini
|-activate|p2a: Tapu Fini|move: Trick|[of] p1a: Tapu Fini
|-item|p1a: Tapu Fini|Choice Scarf|[from] move: Trick
|-item|p2a: Tapu Fini|Leftovers|[from] move: Trick
|move|p1a: Tapu Fini|Whirlpool|p2a: Tapu Fini
|-resisted|p2a: Tapu Fini
|-damage|p2a: Tapu Fini|40/100
|-activate|p2a: Tapu Fini|move: Whirlpool|[of] p1a: Tapu Fini
|
|-heal|p2a: Tapu Fini|46/100|[from] item: Leftovers
|-damage|p2a: Tapu Fini|34/100|[from] move: Whirlpool|[partiallytrapped]
|upkeep
|turn|7
|
|t:|1651475308
|move|p1a: Tapu Fini|Whirlpool|p2a: Tapu Fini|[miss]
|-miss|p1a: Tapu Fini|p2a: Tapu Fini
|move|p2a: Tapu Fini|Defog|p1a: Tapu Fini
|-unboost|p1a: Tapu Fini|evasion|1
|-sideend|p2: lukibrasil|Stealth Rock|[from] move: Defog|[of] p2a: Tapu Fini
|-fieldend|Misty Terrain
|
|-heal|p2a: Tapu Fini|40/100|[from] item: Leftovers
|-damage|p2a: Tapu Fini|28/100|[from] move: Whirlpool|[partiallytrapped]
|upkeep
|turn|8
|
|t:|1651475311
|move|p1a: Tapu Fini|Whirlpool|p2a: Tapu Fini
|-resisted|p2a: Tapu Fini
|-damage|p2a: Tapu Fini|23/100
|move|p2a: Tapu Fini|Moonblast|p1a: Tapu Fini
|-damage|p1a: Tapu Fini|80/100
|-unboost|p1a: Tapu Fini|spa|1
|
|-heal|p2a: Tapu Fini|29/100|[from] item: Leftovers
|-damage|p2a: Tapu Fini|17/100|[from] move: Whirlpool|[partiallytrapped]
|upkeep
|turn|9
|
|t:|1651475313
|move|p1a: Tapu Fini|Whirlpool|p2a: Tapu Fini
|-resisted|p2a: Tapu Fini
|-damage|p2a: Tapu Fini|14/100
|move|p2a: Tapu Fini|Moonblast|p1a: Tapu Fini
|-damage|p1a: Tapu Fini|60/100
|
|-heal|p2a: Tapu Fini|20/100|[from] item: Leftovers
|-damage|p2a: Tapu Fini|8/100|[from] move: Whirlpool|[partiallytrapped]
|upkeep
|turn|10
|
|t:|1651475319
|move|p1a: Tapu Fini|Whirlpool|p2a: Tapu Fini
|-resisted|p2a: Tapu Fini
|-damage|p2a: Tapu Fini|5/100
|move|p2a: Tapu Fini|Moonblast|p1a: Tapu Fini
|-damage|p1a: Tapu Fini|39/100
|
|-heal|p2a: Tapu Fini|11/100|[from] item: Leftovers
|-damage|p2a: Tapu Fini|0 fnt|[from] move: Whirlpool|[partiallytrapped]
|faint|p2a: Tapu Fini
|upkeep
|
|t:|1651475326
|switch|p2a: Kartana|Kartana|100/100
|turn|11
|
|t:|1651475328
|switch|p1a: Garchomp|Garchomp, F|100/100
|move|p2a: Kartana|Knock Off|p1a: Garchomp
|-damage|p1a: Garchomp|36/100
|-damage|p2a: Kartana|88/100|[from] ability: Rough Skin|[of] p1a: Garchomp
|-enditem|p1a: Garchomp|Roseli Berry|[from] move: Knock Off|[of] p2a: Kartana
|
|upkeep
|turn|12
|
|t:|1651475340
|switch|p1a: Tapu Fini|Tapu Fini|39/100
|-fieldstart|move: Misty Terrain|[from] ability: Misty Surge|[of] p1a: Tapu Fini
|move|p2a: Kartana|Knock Off|p1a: Tapu Fini
|-resisted|p1a: Tapu Fini
|-damage|p1a: Tapu Fini|16/100
|-enditem|p1a: Tapu Fini|Choice Scarf|[from] move: Knock Off|[of] p2a: Kartana
|
|upkeep
|turn|13
|
|t:|1651475353
|move|p2a: Kartana|Knock Off|p1a: Tapu Fini
|-resisted|p1a: Tapu Fini
|-damage|p1a: Tapu Fini|0 fnt
|faint|p1a: Tapu Fini
|-ability|p2a: Kartana|Beast Boost|boost
|-boost|p2a: Kartana|atk|1
|
|upkeep
|inactive|Elite4Donovan has 120 seconds left.
|
|t:|1651475402
|switch|p1a: Weavile|Weavile, F|100/100
|-ability|p1a: Weavile|Pressure
|turn|14
|
|t:|1651475407
|switch|p2a: Buzzwole|Buzzwole|100/100
|move|p1a: Weavile|Triple Axel|p2a: Buzzwole
|-damage|p2a: Buzzwole|89/100
|-damage|p2a: Buzzwole|68/100
|-crit|p2a: Buzzwole
|-damage|p2a: Buzzwole|19/100
|-hitcount|p2a: Buzzwole|3
|
|upkeep
|turn|15
|
|t:|1651475418
|move|p1a: Weavile|Triple Axel|p2a: Buzzwole
|-damage|p2a: Buzzwole|8/100
|-damage|p2a: Buzzwole|0 fnt
|faint|p2a: Buzzwole
|-hitcount|p2: Buzzwole|2
|
|upkeep
|
|t:|1651475422
|switch|p2a: Rillaboom|Rillaboom, M|100/100
|-fieldstart|move: Grassy Terrain|[from] ability: Grassy Surge|[of] p2a: Rillaboom
|turn|16
|
|t:|1651475425
|switch|p1a: Magnezone|Magnezone|100/100
|move|p2a: Rillaboom|U-turn|p1a: Magnezone
|-resisted|p1a: Magnezone
|-damage|p1a: Magnezone|84/100
|
|t:|1651475428
|switch|p2a: Heatran|Heatran, M|100/100|[from]move: U-turn
|
|-heal|p1a: Magnezone|90/100|[from] Grassy Terrain
|-heal|p1a: Magnezone|96/100|[from] item: Leftovers
|upkeep
|turn|17
|
|t:|1651475434
|move|p2a: Heatran|Eruption|p1a: Magnezone
|-supereffective|p1a: Magnezone
|-damage|p1a: Magnezone|0 fnt
|faint|p1a: Magnezone
|
|upkeep
|
|t:|1651475437
|switch|p1a: Regidrago|Regidrago|100/100
|turn|18
|
|t:|1651475439
|move|p1a: Regidrago|Dragon Energy|p2a: Heatran
|-resisted|p2a: Heatran
|-damage|p2a: Heatran|49/100
|move|p2a: Heatran|Eruption|p1a: Regidrago
|-resisted|p1a: Regidrago
|-crit|p1a: Regidrago
|-damage|p1a: Regidrago|68/100
|
|-heal|p1a: Regidrago|74/100|[from] Grassy Terrain
|-heal|p2a: Heatran|56/100|[from] Grassy Terrain
|upkeep
|turn|19
|
|t:|1651475445
|switch|p2a: Magnezone|Magnezone|100/100
|move|p1a: Regidrago|Dragon Energy|p2a: Magnezone
|-resisted|p2a: Magnezone
|-damage|p2a: Magnezone|56/100
|
|-heal|p1a: Regidrago|80/100|[from] Grassy Terrain
|-heal|p2a: Magnezone|62/100|[from] Grassy Terrain
|-heal|p2a: Magnezone|68/100|[from] item: Leftovers
|upkeep
|turn|20
|
|t:|1651475452
|move|p1a: Regidrago|Dragon Energy|p2a: Magnezone
|-resisted|p2a: Magnezone
|-damage|p2a: Magnezone|20/100
|move|p2a: Magnezone|Body Press|p1a: Regidrago
|-damage|p1a: Regidrago|52/100
|
|-heal|p1a: Regidrago|58/100|[from] Grassy Terrain
|-heal|p2a: Magnezone|26/100|[from] Grassy Terrain
|-heal|p2a: Magnezone|32/100|[from] item: Leftovers
|-fieldend|move: Grassy Terrain
|upkeep
|turn|21
|
|t:|1651475455
|move|p1a: Regidrago|Dragon Energy|p2a: Magnezone
|-resisted|p2a: Magnezone
|-damage|p2a: Magnezone|0 fnt
|faint|p2a: Magnezone
|
|upkeep
|
|t:|1651475460
|switch|p2a: Rillaboom|Rillaboom, M|100/100
|-fieldstart|move: Grassy Terrain|[from] ability: Grassy Surge|[of] p2a: Rillaboom
|turn|22
|
|t:|1651475463
|switch|p1a: Corviknight|Corviknight, M|94/100
|-ability|p1a: Corviknight|Pressure
|move|p2a: Rillaboom|Grassy Glide|p1a: Corviknight
|-resisted|p1a: Corviknight
|-damage|p1a: Corviknight|83/100
|
|upkeep
|turn|23
|
|t:|1651475466
|switch|p2a: Kartana|Kartana|88/100
|move|p1a: Corviknight|U-turn|p2a: Kartana
|-damage|p2a: Kartana|73/100
|
|t:|1651475468
|switch|p1a: Regidrago|Regidrago|58/100|[from]move: U-turn
|
|-heal|p1a: Regidrago|64/100|[from] Grassy Terrain
|-heal|p2a: Kartana|79/100|[from] Grassy Terrain
|upkeep
|turn|24
|
|t:|1651475473
|move|p1a: Regidrago|Draco Meteor|p2a: Kartana
|-resisted|p2a: Kartana
|-damage|p2a: Kartana|0 fnt
|-unboost|p1a: Regidrago|spa|2
|faint|p2a: Kartana
|
|-heal|p1a: Regidrago|70/100|[from] Grassy Terrain
|upkeep
|
|t:|1651475478
|switch|p2a: Heatran|Heatran, M|56/100
|turn|25
|
|t:|1651475484
|switch|p1a: Garchomp|Garchomp, F|36/100
|move|p2a: Heatran|Lava Plume|p1a: Garchomp
|-resisted|p1a: Garchomp
|-damage|p1a: Garchomp|11/100
|
|-heal|p2a: Heatran|62/100|[from] Grassy Terrain
|-heal|p1a: Garchomp|17/100|[from] Grassy Terrain
|upkeep
|turn|26
|
|t:|1651475490
|move|p2a: Heatran|Lava Plume|p1a: Garchomp
|-resisted|p1a: Garchomp
|-damage|p1a: Garchomp|0 fnt
|faint|p1a: Garchomp
|
|-heal|p2a: Heatran|68/100|[from] Grassy Terrain
|-fieldend|move: Grassy Terrain
|upkeep
|
|t:|1651475493
|switch|p1a: Regidrago|Regidrago|70/100
|turn|27
|
|t:|1651475496
|move|p1a: Regidrago|Dragon Energy|p2a: Heatran
|-resisted|p2a: Heatran
|-damage|p2a: Heatran|34/100
|move|p2a: Heatran|Lava Plume|p1a: Regidrago
|-resisted|p1a: Regidrago
|-damage|p1a: Regidrago|44/100
|
|upkeep
|turn|28
|
|t:|1651475510
|move|p1a: Regidrago|Dragon Energy|p2a: Heatran
|-resisted|p2a: Heatran
|-damage|p2a: Heatran|12/100
|move|p2a: Heatran|Lava Plume|p1a: Regidrago
|-resisted|p1a: Regidrago
|-damage|p1a: Regidrago|21/100
|
|upkeep
|turn|29
|
|t:|1651475516
|switch|p2a: Rillaboom|Rillaboom, M|100/100
|-fieldstart|move: Grassy Terrain|[from] ability: Grassy Surge|[of] p2a: Rillaboom
|move|p1a: Regidrago|Dragon Energy|p2a: Rillaboom
|-damage|p2a: Rillaboom|75/100
|
|-heal|p1a: Regidrago|27/100|[from] Grassy Terrain
|-heal|p2a: Rillaboom|81/100|[from] Grassy Terrain
|upkeep
|turn|30
|
|t:|1651475523
|switch|p1a: Weavile|Weavile, F|100/100
|-ability|p1a: Weavile|Pressure
|move|p2a: Rillaboom|U-turn|p1a: Weavile
|-supereffective|p1a: Weavile
|-damage|p1a: Weavile|0 fnt
|faint|p1a: Weavile
|
|t:|1651475530
|switch|p2a: Heatran|Heatran, M|12/100|[from]move: U-turn
|
|-heal|p2a: Heatran|18/100|[from] Grassy Terrain
|upkeep
|
|t:|1651475532
|switch|p1a: Regidrago|Regidrago|27/100
|turn|31
|
|t:|1651475535
|move|p1a: Regidrago|Dragon Pulse|p2a: Heatran
|-resisted|p2a: Heatran
|-damage|p2a: Heatran|0 fnt
|faint|p2a: Heatran
|
|-heal|p1a: Regidrago|33/100|[from] Grassy Terrain
|upkeep
|
|t:|1651475538
|switch|p2a: Rillaboom|Rillaboom, M|81/100
|turn|32
|c|☆lukibrasil|fuck im such an idiot
|
|t:|1651475546
|move|p1a: Regidrago|Dragon Pulse|p2a: Rillaboom
|-damage|p2a: Rillaboom|8/100
|move|p2a: Rillaboom|Knock Off|p1a: Regidrago
|-damage|p1a: Regidrago|0 fnt
|-enditem|p1a: Regidrago|Choice Scarf|[from] move: Knock Off|[of] p2a: Rillaboom
|faint|p1a: Regidrago
|
|-heal|p2a: Rillaboom|15/100|[from] Grassy Terrain
|upkeep
|
|t:|1651475551
|switch|p1a: Corviknight|Corviknight, M|83/100
|-ability|p1a: Corviknight|Pressure
|turn|33
|
|t:|1651475555
|move|p2a: Rillaboom|Knock Off|p1a: Corviknight
|-damage|p1a: Corviknight|50/100
|-enditem|p1a: Corviknight|Shed Shell|[from] move: Knock Off|[of] p2a: Rillaboom
|move|p1a: Corviknight|Body Press|p2a: Rillaboom
|-damage|p2a: Rillaboom|0 fnt
|faint|p2a: Rillaboom
|
|win|Elite4Donovan
|raw|Elite4Donovan's rating: 1695 &rarr; <strong>1710</strong><br />(+15 for winning)
|raw|lukibrasil's rating: 1603 &rarr; <strong>1588</strong><br />(-15 for losing)
|c|☆lukibrasil|gg
|c|☆Elite4Donovan|gg
|l|☆lukibrasil
