|j|☆jajajj
|j|☆d18l
|t:|1662862793
|gametype|singles
|player|p1|jajajj|169|1765
|player|p2|d18l|backpacker|1736
|teamsize|p1|6
|teamsize|p2|6
|gen|8
|tier|[Gen 8] OU
|rated|
|rule|Sleep Clause Mod: Limit one foe put to sleep
|rule|Species Clause: Limit one of each Pokémon
|rule|OHKO Clause: OHKO moves are banned
|rule|Evasion Items Clause: Evasion items are banned
|rule|Evasion Moves Clause: Evasion moves are banned
|rule|Endless Battle Clause: Forcing endless battles is banned
|rule|HP Percentage Mod: HP is shown in percentages
|rule|Dynamax Clause: You cannot dynamax
|clearpoke
|poke|p1|Zapdos|
|poke|p1|Weavile, M|
|poke|p1|Kartana|
|poke|p1|Landorus-Therian, M|
|poke|p1|Volcanion|
|poke|p1|Melmetal|
|poke|p2|Tapu Koko|
|poke|p2|Victini|
|poke|p2|Landorus-Therian, M|
|poke|p2|Tornadus-Therian, M|
|poke|p2|Rotom-Wash|
|poke|p2|Ferrothorn, F|
|teampreview
|j| Diameter✯Xtreme
|inactive|Battle timer is ON: inactive players will automatically lose when time's up. (requested by d18l)
|j| trisew
|inactive|jajajj has 120 seconds left.
|inactive|jajajj has 90 seconds left.
|inactive|jajajj has 60 seconds left.
|j| Teamtest725
|inactive|jajajj has 30 seconds left.
|
|t:|1662862959
|start
|switch|p1a: Landorus|Landorus-Therian, M|100/100
|switch|p2a: Tapu Koko|Tapu Koko|100/100
|-fieldstart|move: Electric Terrain|[from] ability: Electric Surge|[of] p2a: Tapu Koko
|-ability|p1a: Landorus|Intimidate|boost
|-unboost|p2a: Tapu Koko|atk|1
|turn|1
|
|t:|1662862968
|switch|p2a: Rotom|Rotom-Wash|100/100
|move|p1a: Landorus|Stealth Rock|p2a: Rotom
|-sidestart|p2: d18l|move: Stealth Rock
|
|upkeep
|turn|2
|
|t:|1662862980
|move|p1a: Landorus|U-turn|p2a: Rotom
|-damage|p2a: Rotom|82/100
|
|t:|1662862984
|switch|p1a: Zapdos|Zapdos|100/100|[from]move: U-turn
|move|p2a: Rotom|Will-O-Wisp|p1a: Zapdos
|-status|p1a: Zapdos|brn
|
|-heal|p2a: Rotom|88/100|[from] item: Leftovers
|-damage|p1a: Zapdos|94/100 brn|[from] brn
|upkeep
|turn|3
|
|t:|1662862996
|switch|p2a: Landorus|Landorus-Therian, M|100/100
|-damage|p2a: Landorus|88/100|[from] Stealth Rock
|-ability|p2a: Landorus|Intimidate|boost
|-unboost|p1a: Zapdos|atk|1
|move|p1a: Zapdos|Thunderbolt|p2a: Landorus
|-immune|p2a: Landorus
|
|-heal|p2a: Landorus|94/100|[from] item: Leftovers
|-damage|p1a: Zapdos|88/100 brn|[from] brn
|upkeep
|turn|4
|
|t:|1662863000
|move|p1a: Zapdos|Hurricane|p2a: Landorus|[miss]
|-miss|p1a: Zapdos|p2a: Landorus
|move|p2a: Landorus|Defog|p1a: Zapdos
|-unboost|p1a: Zapdos|evasion|1
|-sideend|p2: d18l|Stealth Rock|[from] move: Defog|[of] p2a: Landorus
|-fieldend|move: Electric Terrain
|
|-heal|p2a: Landorus|99/100|[from] item: Leftovers
|-damage|p1a: Zapdos|82/100 brn|[from] brn
|upkeep
|turn|5
|
|t:|1662863002
|switch|p2a: Tapu Koko|Tapu Koko|100/100
|-fieldstart|move: Electric Terrain|[from] ability: Electric Surge|[of] p2a: Tapu Koko
|move|p1a: Zapdos|Hurricane|p2a: Tapu Koko|[miss]
|-miss|p1a: Zapdos|p2a: Tapu Koko
|
|-damage|p1a: Zapdos|76/100 brn|[from] brn
|upkeep
|turn|6
|
|t:|1662863007
|move|p2a: Tapu Koko|Dazzling Gleam|p1a: Zapdos
|-damage|p1a: Zapdos|20/100 brn
|move|p1a: Zapdos|Hurricane|p2a: Tapu Koko
|-resisted|p2a: Tapu Koko
|-damage|p2a: Tapu Koko|51/100
|
|-damage|p1a: Zapdos|14/100 brn|[from] brn
|upkeep
|turn|7
|
|t:|1662863015
|switch|p1a: Landorus|Landorus-Therian, M|100/100
|-ability|p1a: Landorus|Intimidate|boost
|-unboost|p2a: Tapu Koko|atk|1
|move|p2a: Tapu Koko|Dazzling Gleam|p1a: Landorus
|-damage|p1a: Landorus|61/100
|
|-heal|p1a: Landorus|67/100|[from] item: Leftovers
|upkeep
|turn|8
|
|t:|1662863020
|switch|p2a: Landorus|Landorus-Therian, M|99/100
|-ability|p2a: Landorus|Intimidate|boost
|-unboost|p1a: Landorus|atk|1
|move|p1a: Landorus|Stealth Rock|p2a: Landorus
|-sidestart|p2: d18l|move: Stealth Rock
|
|-heal|p2a: Landorus|100/100|[from] item: Leftovers
|-heal|p1a: Landorus|73/100|[from] item: Leftovers
|upkeep
|turn|9
|
|t:|1662863023
|move|p2a: Landorus|Defog|p1a: Landorus
|-unboost|p1a: Landorus|evasion|1
|-sideend|p2: d18l|Stealth Rock|[from] move: Defog|[of] p2a: Landorus
|-fieldend|move: Electric Terrain
|move|p1a: Landorus|U-turn|p2a: Landorus
|-resisted|p2a: Landorus
|-damage|p2a: Landorus|93/100
|
|t:|1662863026
|switch|p1a: Weavile|Weavile, M|100/100|[from]move: U-turn
|-ability|p1a: Weavile|Pressure
|
|-heal|p2a: Landorus|99/100|[from] item: Leftovers
|upkeep
|turn|10
|
|t:|1662863033
|switch|p2a: Ferrothorn|Ferrothorn, F|100/100
|move|p1a: Weavile|Beat Up|p2a: Ferrothorn
|-damage|p2a: Ferrothorn|92/100
|-damage|p2a: Ferrothorn|83/100
|-damage|p2a: Ferrothorn|73/100
|-damage|p2a: Ferrothorn|66/100
|-damage|p2a: Ferrothorn|58/100
|-hitcount|p2a: Ferrothorn|5
|
|upkeep
|turn|11
|
|t:|1662863038
|move|p1a: Weavile|Beat Up|p2a: Ferrothorn
|-damage|p2a: Ferrothorn|51/100
|-damage|p2a: Ferrothorn|43/100
|-damage|p2a: Ferrothorn|33/100
|-damage|p2a: Ferrothorn|26/100
|-damage|p2a: Ferrothorn|18/100
|-hitcount|p2a: Ferrothorn|5
|move|p2a: Ferrothorn|Body Press|p1a: Weavile
|-supereffective|p1a: Weavile
|-damage|p1a: Weavile|0 fnt
|faint|p1a: Weavile
|
|upkeep
|
|t:|1662863041
|switch|p1a: Volcanion|Volcanion|100/100
|turn|12
|j| oklmlv
|
|t:|1662863055
|move|p1a: Volcanion|Steam Eruption|p2a: Ferrothorn
|-resisted|p2a: Ferrothorn
|-damage|p2a: Ferrothorn|0 fnt
|faint|p2a: Ferrothorn
|
|upkeep
|
|t:|1662863059
|switch|p2a: Tapu Koko|Tapu Koko|51/100
|-fieldstart|move: Electric Terrain|[from] ability: Electric Surge|[of] p2a: Tapu Koko
|turn|13
|
|t:|1662863062
|move|p2a: Tapu Koko|Thunderbolt|p1a: Volcanion
|-supereffective|p1a: Volcanion
|-damage|p1a: Volcanion|0 fnt
|faint|p1a: Volcanion
|
|upkeep
|
|t:|1662863064
|switch|p1a: Landorus|Landorus-Therian, M|73/100
|-ability|p1a: Landorus|Intimidate|boost
|-unboost|p2a: Tapu Koko|atk|1
|turn|14
|
|t:|1662863067
|switch|p2a: Landorus|Landorus-Therian, M|99/100
|-ability|p2a: Landorus|Intimidate|boost
|-unboost|p1a: Landorus|atk|1
|move|p1a: Landorus|Stealth Rock|p2a: Landorus
|-sidestart|p2: d18l|move: Stealth Rock
|
|-heal|p2a: Landorus|100/100|[from] item: Leftovers
|-heal|p1a: Landorus|79/100|[from] item: Leftovers
|upkeep
|turn|15
|
|t:|1662863070
|switch|p1a: Melmetal|Melmetal|100/100
|move|p2a: Landorus|Toxic|p1a: Melmetal
|-immune|p1a: Melmetal
|
|upkeep
|turn|16
|
|t:|1662863075
|move|p2a: Landorus|Defog|p1a: Melmetal
|-unboost|p1a: Melmetal|evasion|1
|-sideend|p2: d18l|Stealth Rock|[from] move: Defog|[of] p2a: Landorus
|-fieldend|move: Electric Terrain
|move|p1a: Melmetal|Double Iron Bash|p2a: Landorus
|-crit|p2a: Landorus
|-damage|p2a: Landorus|9/100
|-damage|p2a: Landorus|0 fnt
|faint|p2a: Landorus
|-hitcount|p2: Landorus|2
|
|upkeep
|l| oklmlv
|
|t:|1662863081
|switch|p2a: Rotom|Rotom-Wash|88/100
|turn|17
|
|t:|1662863084
|switch|p1a: Landorus|Landorus-Therian, M|79/100
|-ability|p1a: Landorus|Intimidate|boost
|-unboost|p2a: Rotom|atk|1
|move|p2a: Rotom|Hydro Pump|p1a: Landorus
|-supereffective|p1a: Landorus
|-damage|p1a: Landorus|17/100
|
|-heal|p1a: Landorus|23/100|[from] item: Leftovers
|-heal|p2a: Rotom|94/100|[from] item: Leftovers
|upkeep
|turn|18
|
|t:|1662863089
|move|p1a: Landorus|Stealth Rock|p2a: Rotom
|-sidestart|p2: d18l|move: Stealth Rock
|move|p2a: Rotom|Hydro Pump|p1a: Landorus
|-supereffective|p1a: Landorus
|-damage|p1a: Landorus|0 fnt
|faint|p1a: Landorus
|
|-heal|p2a: Rotom|99/100|[from] item: Leftovers
|upkeep
|
|t:|1662863093
|switch|p1a: Zapdos|Zapdos|14/100 brn
|turn|19
|j| I'M AT MY LIMIT!
|
|t:|1662863097
|move|p1a: Zapdos|Roost|p1a: Zapdos
|-heal|p1a: Zapdos|64/100 brn
|-singleturn|p1a: Zapdos|move: Roost
|move|p2a: Rotom|Volt Switch|p1a: Zapdos
|-resisted|p1a: Zapdos
|-damage|p1a: Zapdos|50/100 brn
|
|t:|1662863100
|switch|p2a: Tapu Koko|Tapu Koko|51/100|[from]move: Volt Switch
|-damage|p2a: Tapu Koko|38/100|[from] Stealth Rock
|-fieldstart|move: Electric Terrain|[from] ability: Electric Surge|[of] p2a: Tapu Koko
|
|-damage|p1a: Zapdos|44/100 brn|[from] brn
|upkeep
|turn|20
|l| I'M AT MY LIMIT!
|
|t:|1662863105
|move|p2a: Tapu Koko|Thunderbolt|p1a: Zapdos
|-damage|p1a: Zapdos|0 fnt
|faint|p1a: Zapdos
|
|upkeep
|
|t:|1662863107
|switch|p1a: Melmetal|Melmetal|100/100
|turn|21
|l| Teamtest725
|
|t:|1662863110
|switch|p2a: Rotom|Rotom-Wash|99/100
|-damage|p2a: Rotom|87/100|[from] Stealth Rock
|move|p1a: Melmetal|Thunder Punch|p2a: Rotom
|-damage|p2a: Rotom|20/100
|
|-heal|p2a: Rotom|26/100|[from] item: Leftovers
|upkeep
|turn|22
|
|t:|1662863119
|move|p2a: Rotom|Will-O-Wisp|p1a: Melmetal
|-status|p1a: Melmetal|brn
|move|p1a: Melmetal|Thunder Punch|p2a: Rotom
|-damage|p2a: Rotom|0 fnt
|faint|p2a: Rotom
|
|-damage|p1a: Melmetal|94/100 brn|[from] brn
|upkeep
|
|t:|1662863133
|switch|p2a: Tapu Koko|Tapu Koko|38/100
|-damage|p2a: Tapu Koko|26/100|[from] Stealth Rock
|turn|23
|
|t:|1662863137
|move|p2a: Tapu Koko|Thunderbolt|p1a: Melmetal
|-damage|p1a: Melmetal|2/100 brn
|move|p1a: Melmetal|Thunder Punch|p2a: Tapu Koko
|-resisted|p2a: Tapu Koko
|-damage|p2a: Tapu Koko|1/100
|
|-damage|p1a: Melmetal|0 fnt|[from] brn
|faint|p1a: Melmetal
|-fieldend|move: Electric Terrain
|upkeep
|
|t:|1662863142
|switch|p1a: Kartana|Kartana|100/100
|turn|24
|
|t:|1662863144
|move|p1a: Kartana|Knock Off|p2a: Tapu Koko
|-resisted|p2a: Tapu Koko
|-damage|p2a: Tapu Koko|0 fnt
|-enditem|p2a: Tapu Koko|Choice Specs|[from] move: Knock Off|[of] p1a: Kartana
|faint|p2a: Tapu Koko
|-ability|p1a: Kartana|Beast Boost|boost
|-boost|p1a: Kartana|atk|1
|
|upkeep
|
|t:|1662863147
|switch|p2a: Tornadus|Tornadus-Therian, M|100/100
|-damage|p2a: Tornadus|76/100|[from] Stealth Rock
|turn|25
|
|t:|1662863150
|move|p1a: Kartana|Knock Off|p2a: Tornadus
|-damage|p2a: Tornadus|10/100
|-enditem|p2a: Tornadus|Assault Vest|[from] move: Knock Off|[of] p1a: Kartana
|move|p2a: Tornadus|Heat Wave|p1a: Kartana
|-supereffective|p1a: Kartana
|-damage|p1a: Kartana|0 fnt
|faint|p1a: Kartana
|
|win|d18l
|raw|jajajj's rating: 1790 &rarr; <strong>1767</strong><br />(-23 for losing)
|raw|d18l's rating: 1736 &rarr; <strong>1759</strong><br />(+23 for winning)
