|j|☆gotsnsd
|j|☆testingteams888
|inactive|Battle timer is ON: inactive players will automatically lose when time's up.
|t:|1664719923
|gametype|singles
|player|p1|gotsnsd|beauty-gen2jp|
|player|p2|testingteams888|lucas|
|teamsize|p1|6
|teamsize|p2|6
|gen|8
|tier|[Gen 8] OU
|rated|Tournament battle
|rule|Sleep Clause Mod: Limit one foe put to sleep
|rule|Species Clause: Limit one of each Pokémon
|rule|OHKO Clause: OHKO moves are banned
|rule|Evasion Items Clause: Evasion items are banned
|rule|Evasion Moves Clause: Evasion moves are banned
|rule|Endless Battle Clause: Forcing endless battles is banned
|rule|HP Percentage Mod: HP is shown in percentages
|rule|Dynamax Clause: You cannot dynamax
|clearpoke
|poke|p1|Melmetal|
|poke|p1|Weavile, F|
|poke|p1|Blacephalon|
|poke|p1|Ferrothorn, M|
|poke|p1|Tapu Fini|
|poke|p1|Landorus-Therian, M|
|poke|p2|Tapu Lele|
|poke|p2|Corviknight, F|
|poke|p2|Heatran, F|
|poke|p2|Gastrodon-East, F|
|poke|p2|Weavile, F|
|poke|p2|Clefable, F|
|teampreview
|
|t:|1664719931
|start
|switch|p1a: Tapu Fini|Tapu Fini|100/100
|switch|p2a: Weavile|Weavile, F|100/100
|-ability|p2a: Weavile|Pressure
|-fieldstart|move: Misty Terrain|[from] ability: Misty Surge|[of] p1a: Tapu Fini
|turn|1
|
|t:|1664719938
|switch|p2a: Gastrodon|Gastrodon-East, F|100/100
|move|p1a: Tapu Fini|Moonblast|p2a: Gastrodon
|-damage|p2a: Gastrodon|80/100
|-unboost|p2a: Gastrodon|spa|1
|
|-heal|p2a: Gastrodon|86/100|[from] item: Leftovers
|upkeep
|turn|2
|
|t:|1664719946
|switch|p1a: Ferrothorn|Ferrothorn, M|100/100
|move|p2a: Gastrodon|Earthquake|p1a: Ferrothorn
|-damage|p1a: Ferrothorn|81/100
|
|-heal|p2a: Gastrodon|92/100|[from] item: Leftovers
|upkeep
|turn|3
|
|t:|1664719952
|switch|p2a: Heatran|Heatran, F|100/100
|move|p1a: Ferrothorn|Knock Off|p2a: Heatran
|-damage|p2a: Heatran|81/100
|-enditem|p2a: Heatran|Leftovers|[from] move: Knock Off|[of] p1a: Ferrothorn
|
|upkeep
|turn|4
|
|t:|1664719958
|switch|p1a: Landorus|Landorus-Therian, M|100/100
|-ability|p1a: Landorus|Intimidate|boost
|-unboost|p2a: Heatran|atk|1
|move|p2a: Heatran|Stealth Rock|p1a: Landorus
|-sidestart|p1: gotsnsd|move: Stealth Rock
|
|upkeep
|turn|5
|
|t:|1664719961
|switch|p2a: Corviknight|Corviknight, F|100/100
|-ability|p2a: Corviknight|Pressure
|move|p1a: Landorus|Defog|p2a: Corviknight
|-unboost|p2a: Corviknight|evasion|1
|-sideend|p1: gotsnsd|Stealth Rock|[from] move: Defog|[of] p1a: Landorus
|-fieldend|Misty Terrain
|
|upkeep
|turn|6
|
|t:|1664719966
|switch|p1a: Ferrothorn|Ferrothorn, M|81/100
|move|p2a: Corviknight|U-turn|p1a: Ferrothorn
|-damage|p1a: Ferrothorn|72/100
|-damage|p2a: Corviknight|88/100|[from] ability: Iron Barbs|[of] p1a: Ferrothorn
|-damage|p2a: Corviknight|71/100|[from] item: Rocky Helmet|[of] p1a: Ferrothorn
|
|t:|1664719968
|switch|p2a: Heatran|Heatran, F|81/100|[from]move: U-turn
|
|upkeep
|turn|7
|
|t:|1664719973
|switch|p1a: Tapu Fini|Tapu Fini|100/100
|-fieldstart|move: Misty Terrain|[from] ability: Misty Surge|[of] p1a: Tapu Fini
|move|p2a: Heatran|Magma Storm|p1a: Tapu Fini
|-resisted|p1a: Tapu Fini
|-damage|p1a: Tapu Fini|88/100
|-activate|p1a: Tapu Fini|move: Magma Storm|[of] p2a: Heatran
|
|-heal|p1a: Tapu Fini|94/100|[from] item: Leftovers
|-damage|p1a: Tapu Fini|82/100|[from] move: Magma Storm|[partiallytrapped]
|upkeep
|turn|8
|
|t:|1664719978
|switch|p2a: Gastrodon|Gastrodon-East, F|92/100
|move|p1a: Tapu Fini|Whirlpool|p2a: Gastrodon
|-ability|p2a: Gastrodon|Storm Drain|boost
|-boost|p2a: Gastrodon|spa|1
|
|-heal|p1a: Tapu Fini|88/100|[from] item: Leftovers
|-heal|p2a: Gastrodon|98/100|[from] item: Leftovers
|-end|p1a: Tapu Fini|Magma Storm|[partiallytrapped]|[silent]
|upkeep
|turn|9
|
|t:|1664720000
|move|p1a: Tapu Fini|Nature's Madness|p2a: Gastrodon
|-damage|p2a: Gastrodon|49/100
|move|p2a: Gastrodon|Scald|p1a: Tapu Fini
|-resisted|p1a: Tapu Fini
|-damage|p1a: Tapu Fini|75/100
|
|-heal|p1a: Tapu Fini|81/100|[from] item: Leftovers
|-heal|p2a: Gastrodon|55/100|[from] item: Leftovers
|upkeep
|turn|10
|
|t:|1664720007
|switch|p1a: Ferrothorn|Ferrothorn, M|72/100
|move|p2a: Gastrodon|Recover|p2a: Gastrodon
|-heal|p2a: Gastrodon|100/100
|
|upkeep
|turn|11
|
|t:|1664720012
|switch|p2a: Heatran|Heatran, F|81/100
|move|p1a: Ferrothorn|Stealth Rock|p2a: Heatran
|-sidestart|p2: testingteams888|move: Stealth Rock
|
|-fieldend|Misty Terrain
|upkeep
|turn|12
|
|t:|1664720018
|switch|p1a: Landorus|Landorus-Therian, M|100/100
|-ability|p1a: Landorus|Intimidate|boost
|-unboost|p2a: Heatran|atk|1
|move|p2a: Heatran|Magma Storm|p1a: Landorus
|-damage|p1a: Landorus|65/100
|-activate|p1a: Landorus|move: Magma Storm|[of] p2a: Heatran
|
|-heal|p1a: Landorus|71/100|[from] item: Leftovers
|-damage|p1a: Landorus|59/100|[from] move: Magma Storm|[partiallytrapped]
|upkeep
|turn|13
|
|t:|1664720023
|switch|p2a: Corviknight|Corviknight, F|71/100
|-damage|p2a: Corviknight|59/100|[from] Stealth Rock
|-ability|p2a: Corviknight|Pressure
|move|p1a: Landorus|U-turn|p2a: Corviknight
|-resisted|p2a: Corviknight
|-damage|p2a: Corviknight|56/100
|
|t:|1664720026
|switch|p1a: Blacephalon|Blacephalon|100/100|[from]move: U-turn
|
|-heal|p2a: Corviknight|62/100|[from] item: Leftovers
|upkeep
|turn|14
|
|t:|1664720032
|switch|p2a: Gastrodon|Gastrodon-East, F|100/100
|-damage|p2a: Gastrodon|94/100|[from] Stealth Rock
|move|p1a: Blacephalon|Shadow Ball|p2a: Gastrodon
|-damage|p2a: Gastrodon|48/100
|
|-heal|p2a: Gastrodon|54/100|[from] item: Leftovers
|upkeep
|turn|15
|
|t:|1664720044
|switch|p1a: Ferrothorn|Ferrothorn, M|72/100
|move|p2a: Gastrodon|Recover|p2a: Gastrodon
|-heal|p2a: Gastrodon|100/100
|
|upkeep
|turn|16
|
|t:|1664720047
|switch|p2a: Corviknight|Corviknight, F|62/100
|-damage|p2a: Corviknight|49/100|[from] Stealth Rock
|-ability|p2a: Corviknight|Pressure
|move|p1a: Ferrothorn|Leech Seed|p2a: Corviknight
|-start|p2a: Corviknight|move: Leech Seed
|
|-heal|p2a: Corviknight|56/100|[from] item: Leftovers
|-damage|p2a: Corviknight|43/100|[from] Leech Seed|[of] p1a: Ferrothorn
|-heal|p1a: Ferrothorn|86/100|[silent]
|upkeep
|turn|17
|
|t:|1664720051
|switch|p1a: Blacephalon|Blacephalon|100/100
|move|p2a: Corviknight|Defog|p1a: Blacephalon
|-unboost|p1a: Blacephalon|evasion|1
|-sideend|p2: testingteams888|Stealth Rock|[from] move: Defog|[of] p2a: Corviknight
|
|-heal|p2a: Corviknight|49/100|[from] item: Leftovers
|-damage|p2a: Corviknight|37/100|[from] Leech Seed|[of] p1a: Blacephalon
|upkeep
|turn|18
|
|t:|1664720054
|switch|p2a: Heatran|Heatran, F|81/100
|move|p1a: Blacephalon|Shadow Ball|p2a: Heatran
|-damage|p2a: Heatran|38/100
|
|upkeep
|turn|19
|
|t:|1664720068
|switch|p2a: Weavile|Weavile, F|100/100
|-ability|p2a: Weavile|Pressure
|move|p1a: Blacephalon|Shadow Ball|p2a: Weavile
|-resisted|p2a: Weavile
|-damage|p2a: Weavile|52/100
|
|upkeep
|turn|20
|
|t:|1664720082
|switch|p1a: Ferrothorn|Ferrothorn, M|86/100
|move|p2a: Weavile|Low Kick|p1a: Ferrothorn
|-supereffective|p1a: Ferrothorn
|-damage|p1a: Ferrothorn|26/100
|-damage|p2a: Weavile|40/100|[from] ability: Iron Barbs|[of] p1a: Ferrothorn
|-damage|p2a: Weavile|24/100|[from] item: Rocky Helmet|[of] p1a: Ferrothorn
|
|upkeep
|turn|21
|
|t:|1664720102
|switch|p2a: Heatran|Heatran, F|38/100
|move|p1a: Ferrothorn|Stealth Rock|p2a: Heatran
|-sidestart|p2: testingteams888|move: Stealth Rock
|
|upkeep
|turn|22
|
|t:|1664720107
|switch|p1a: Blacephalon|Blacephalon|100/100
|move|p2a: Heatran|Stealth Rock|p1a: Blacephalon
|-sidestart|p1: gotsnsd|move: Stealth Rock
|
|upkeep
|turn|23
|
|t:|1664720111
|move|p1a: Blacephalon|Shadow Ball|p2a: Heatran
|-damage|p2a: Heatran|0 fnt
|faint|p2a: Heatran
|-ability|p1a: Blacephalon|Beast Boost|boost
|-boost|p1a: Blacephalon|spa|1
|
|upkeep
|
|t:|1664720113
|switch|p2a: Weavile|Weavile, F|24/100
|-damage|p2a: Weavile|0 fnt|[from] Stealth Rock
|faint|p2a: Weavile
|-message|testingteams888 forfeited.
|
|win|gotsnsd
|n|☆gotsnsd|gotsnsd
|n|☆testingteams888|testingteams888
|l|☆testingteams888
