|j|☆DK Chillin
|j|☆SuperTheoryBros
|t:|1640560974
|gametype|singles
|player|p1|DK Chillin|burglar|1585
|player|p2|SuperTheoryBros|169|1687
|teamsize|p1|6
|teamsize|p2|6
|gen|8
|tier|[Gen 8] OU
|rated|
|rule|Sleep Clause Mod: Limit one foe put to sleep
|rule|Species Clause: Limit one of each Pokémon
|rule|OHKO Clause: OHKO moves are banned
|rule|Evasion Moves Clause: Evasion moves are banned
|rule|Endless Battle Clause: Forcing endless battles is banned
|rule|HP Percentage Mod: HP is shown in percentages
|rule|Dynamax Clause: You cannot dynamax
|clearpoke
|poke|p1|Rotom-Frost|
|poke|p1|Ninetales-Alola, M|
|poke|p1|Arctozolt|
|poke|p1|Moltres|
|poke|p1|Garchomp, M|
|poke|p1|Kartana|
|poke|p2|Shedinja|
|poke|p2|Avalugg, M|
|poke|p2|Landorus-Therian, M|
|poke|p2|Heatran, F|
|poke|p2|Skarmory, M|
|poke|p2|Blissey, F|
|teampreview
|inactive|Battle timer is ON: inactive players will automatically lose when time's up. (requested by SuperTheoryBros)
|
|t:|1640560996
|start
|switch|p1a: Ninetales|Ninetales-Alola, M|100/100
|switch|p2a: Blissey|Blissey, F|100/100
|-weather|Hail|[from] ability: Snow Warning|[of] p1a: Ninetales
|turn|1
|
|t:|1640561001
|move|p1a: Ninetales|Hypnosis|p2a: Blissey|[miss]
|-miss|p1a: Ninetales|p2a: Blissey
|move|p2a: Blissey|Thunder Wave|p1a: Ninetales
|-status|p1a: Ninetales|par
|
|-weather|Hail|[upkeep]
|-damage|p2a: Blissey|94/100|[from] Hail
|upkeep
|turn|2
|j| Maxing
|
|t:|1640561010
|move|p1a: Ninetales|Hypnosis|p2a: Blissey
|-status|p2a: Blissey|slp|[from] move: Hypnosis
|cant|p2a: Blissey|slp
|
|-weather|Hail|[upkeep]
|-damage|p2a: Blissey|88/100 slp|[from] Hail
|upkeep
|turn|3
|
|t:|1640561028
|switch|p1a: Garchomp|Garchomp, M|100/100
|-curestatus|p2a: Blissey|slp|[msg]
|move|p2a: Blissey|Teleport|p2a: Blissey
|inactive|SuperTheoryBros has 120 seconds left.
|
|t:|1640561056
|switch|p2a: Landorus|Landorus-Therian, M|100/100|[from]move: Teleport
|-ability|p2a: Landorus|Intimidate|boost
|-unboost|p1a: Garchomp|atk|1
|
|-weather|Hail|[upkeep]
|-damage|p1a: Garchomp|94/100|[from] Hail
|-damage|p2a: Landorus|94/100|[from] Hail
|-heal|p1a: Garchomp|100/100|[from] item: Leftovers
|upkeep
|turn|4
|
|t:|1640561066
|switch|p1a: Moltres|Moltres|100/100
|move|p2a: Landorus|Earthquake|p1a: Moltres
|-immune|p1a: Moltres
|
|-weather|Hail|[upkeep]
|-damage|p1a: Moltres|94/100|[from] Hail
|-damage|p2a: Landorus|88/100|[from] Hail
|upkeep
|turn|5
|j| Krokmouyoyo
|
|t:|1640561079
|move|p1a: Moltres|Weather Ball|p2a: Landorus
|-supereffective|p2a: Landorus
|-damage|p2a: Landorus|0 fnt
|faint|p2a: Landorus
|
|-weather|Hail|[upkeep]
|-damage|p1a: Moltres|88/100|[from] Hail
|upkeep
|inactive|SuperTheoryBros has 120 seconds left.
|
|t:|1640561093
|switch|p2a: Blissey|Blissey, F|88/100
|turn|6
|-message|SuperTheoryBros forfeited.
|
|win|DK Chillin
|raw|DK Chillin's rating: 1585 &rarr; <strong>1611</strong><br />(+26 for winning)
|raw|SuperTheoryBros's rating: 1687 &rarr; <strong>1661</strong><br />(-26 for losing)
|l|☆SuperTheoryBros
|l| Maxing
