|j|☆thearmyant
|j|☆2(H2O)
|t:|1663493423
|gametype|singles
|player|p1|thearmyant|1|1724
|player|p2|2(H2O)|chase|1772
|teamsize|p1|6
|teamsize|p2|6
|gen|8
|tier|[Gen 8] OU
|rated|
|rule|Sleep Clause Mod: Limit one foe put to sleep
|rule|Species Clause: Limit one of each Pokémon
|rule|OHKO Clause: OHKO moves are banned
|rule|Evasion Items Clause: Evasion items are banned
|rule|Evasion Moves Clause: Evasion moves are banned
|rule|Endless Battle Clause: Forcing endless battles is banned
|rule|HP Percentage Mod: HP is shown in percentages
|rule|Dynamax Clause: You cannot dynamax
|clearpoke
|poke|p1|Tapu Koko|
|poke|p1|Dragonite, M|
|poke|p1|Victini|
|poke|p1|Ferrothorn, F|
|poke|p1|Landorus-Therian, M|
|poke|p1|Clefable, F|
|poke|p2|Hatterene, F|
|poke|p2|Cresselia, F|
|poke|p2|Porygon2|
|poke|p2|Torkoal, F|
|poke|p2|Marowak-Alola, F|
|poke|p2|Stakataka|
|teampreview
|inactive|Battle timer is ON: inactive players will automatically lose when time's up. (requested by 2(H2O))
|
|t:|1663493434
|start
|switch|p1a: Landorus|Landorus-Therian, M|100/100
|switch|p2a: Hatterene|Hatterene, F, shiny|100/100
|-ability|p1a: Landorus|Intimidate|boost
|-unboost|p2a: Hatterene|atk|1
|turn|1
|
|t:|1663493437
|move|p1a: Landorus|U-turn|p2a: Hatterene
|-crit|p2a: Hatterene
|-damage|p2a: Hatterene|64/100
|
|t:|1663493442
|switch|p1a: Victini|Victini|100/100|[from]move: U-turn
|move|p2a: Hatterene|Trick Room|p2a: Hatterene
|-fieldstart|move: Trick Room|[of] p2a: Hatterene
|
|upkeep
|turn|2
|
|t:|1663493448
|move|p2a: Hatterene|Healing Wish|p2a: Hatterene
|faint|p2a: Hatterene
|move|p1a: Victini|U-turn|p2: Hatterene|[notarget]
|-fail|p1a: Victini
|
|upkeep
|j| ydk916
|
|t:|1663493452
|switch|p2a: Torkoal|Torkoal, F|100/100
|-weather|SunnyDay|[from] ability: Drought|[of] p2a: Torkoal
|turn|3
|
|t:|1663493458
|move|p2a: Torkoal|Eruption|p1a: Victini
|-resisted|p1a: Victini
|-damage|p1a: Victini|28/100
|move|p1a: Victini|Encore|p2a: Torkoal
|-start|p2a: Torkoal|Encore
|
|-weather|SunnyDay|[upkeep]
|upkeep
|turn|4
|
|t:|1663493468
|move|p2a: Torkoal|Eruption|p1a: Victini
|-resisted|p1a: Victini
|-damage|p1a: Victini|0 fnt
|faint|p1a: Victini
|
|-weather|SunnyDay|[upkeep]
|upkeep
|
|t:|1663493470
|switch|p1a: Dragonite|Dragonite, M|100/100
|turn|5
|
|t:|1663493472
|move|p2a: Torkoal|Eruption|p1a: Dragonite
|-resisted|p1a: Dragonite
|-damage|p1a: Dragonite|70/100
|move|p1a: Dragonite|Dragon Dance|p1a: Dragonite
|-boost|p1a: Dragonite|atk|1
|-boost|p1a: Dragonite|spe|1
|
|-weather|SunnyDay|[upkeep]
|-fieldend|move: Trick Room
|upkeep
|turn|6
|
|t:|1663493481
|switch|p2a: Cresselia|Cresselia, F|100/100
|move|p1a: Dragonite|Dual Wingbeat|p2a: Cresselia
|-damage|p2a: Cresselia|86/100
|-damage|p2a: Cresselia|72/100
|-hitcount|p2a: Cresselia|2
|
|-weather|SunnyDay|[upkeep]
|upkeep
|turn|7
|
|t:|1663493487
|move|p1a: Dragonite|Roost|p1a: Dragonite
|-heal|p1a: Dragonite|100/100
|-singleturn|p1a: Dragonite|move: Roost
|move|p2a: Cresselia|Ice Beam|p1a: Dragonite
|-supereffective|p1a: Dragonite
|-damage|p1a: Dragonite|85/100
|
|-weather|none
|upkeep
|turn|8
|j| i-TigEr4
|
|t:|1663493511
|move|p1a: Dragonite|Dragon Dance|p1a: Dragonite
|-boost|p1a: Dragonite|atk|1
|-boost|p1a: Dragonite|spe|1
|move|p2a: Cresselia|Trick Room|p2a: Cresselia
|-fieldstart|move: Trick Room|[of] p2a: Cresselia
|
|upkeep
|turn|9
|
|t:|1663493513
|move|p2a: Cresselia|Ice Beam|p1a: Dragonite
|-supereffective|p1a: Dragonite
|-damage|p1a: Dragonite|28/100
|move|p1a: Dragonite|Roost|p1a: Dragonite
|-heal|p1a: Dragonite|78/100
|-singleturn|p1a: Dragonite|move: Roost
|
|upkeep
|turn|10
|
|t:|1663493520
|move|p2a: Cresselia|Ice Beam|p1a: Dragonite
|-supereffective|p1a: Dragonite
|-damage|p1a: Dragonite|16/100
|move|p1a: Dragonite|Roost|p1a: Dragonite
|-heal|p1a: Dragonite|66/100
|-singleturn|p1a: Dragonite|move: Roost
|
|upkeep
|turn|11
|
|t:|1663493523
|move|p2a: Cresselia|Ice Beam|p1a: Dragonite
|-supereffective|p1a: Dragonite
|-damage|p1a: Dragonite|8/100
|move|p1a: Dragonite|Roost|p1a: Dragonite
|-heal|p1a: Dragonite|58/100
|-singleturn|p1a: Dragonite|move: Roost
|
|upkeep
|turn|12
|
|t:|1663493526
|move|p2a: Cresselia|Ice Beam|p1a: Dragonite
|-supereffective|p1a: Dragonite
|-damage|p1a: Dragonite|2/100
|move|p1a: Dragonite|Roost|p1a: Dragonite
|-heal|p1a: Dragonite|52/100
|-singleturn|p1a: Dragonite|move: Roost
|
|-fieldend|move: Trick Room
|upkeep
|turn|13
|
|t:|1663493528
|move|p1a: Dragonite|Roost|p1a: Dragonite
|-heal|p1a: Dragonite|100/100
|-singleturn|p1a: Dragonite|move: Roost
|move|p2a: Cresselia|Ice Beam|p1a: Dragonite
|-supereffective|p1a: Dragonite
|-damage|p1a: Dragonite|87/100
|-status|p1a: Dragonite|frz
|
|upkeep
|turn|14
|
|t:|1663493531
|cant|p1a: Dragonite|frz
|move|p2a: Cresselia|Trick Room|p2a: Cresselia
|-fieldstart|move: Trick Room|[of] p2a: Cresselia
|
|upkeep
|turn|15
|
|t:|1663493535
|switch|p1a: Ferrothorn|Ferrothorn, F|100/100
|move|p2a: Cresselia|Ice Beam|p1a: Ferrothorn
|-damage|p1a: Ferrothorn|87/100
|
|upkeep
|turn|16
|
|t:|1663493538
|switch|p2a: Torkoal|Torkoal, F|100/100
|-weather|SunnyDay|[from] ability: Drought|[of] p2a: Torkoal
|move|p1a: Ferrothorn|Knock Off|p2a: Torkoal
|-damage|p2a: Torkoal|83/100
|-enditem|p2a: Torkoal|Choice Specs|[from] move: Knock Off|[of] p1a: Ferrothorn
|
|-weather|SunnyDay|[upkeep]
|upkeep
|turn|17
|
|t:|1663493549
|switch|p1a: Dragonite|Dragonite, M|87/100 frz
|move|p2a: Torkoal|Weather Ball|p1a: Dragonite
|-resisted|p1a: Dragonite
|-damage|p1a: Dragonite|57/100 frz
|-curestatus|p1a: Dragonite|frz|[msg]
|
|-weather|SunnyDay|[upkeep]
|upkeep
|turn|18
|
|t:|1663493557
|switch|p2a: Marowak|Marowak-Alola, F|100/100
|move|p1a: Dragonite|Roost|p1a: Dragonite
|-heal|p1a: Dragonite|100/100
|-singleturn|p1a: Dragonite|move: Roost
|
|-weather|SunnyDay|[upkeep]
|-fieldend|move: Trick Room
|upkeep
|turn|19
|
|t:|1663493562
|switch|p2a: Cresselia|Cresselia, F|72/100
|-heal|p2a: Cresselia|100/100|[from] move: Healing Wish
|move|p1a: Dragonite|Earthquake|p2a: Cresselia
|-immune|p2a: Cresselia|[from] ability: Levitate
|
|-weather|SunnyDay|[upkeep]
|upkeep
|turn|20
|l| i-TigEr4
|
|t:|1663493566
|switch|p1a: Ferrothorn|Ferrothorn, F|87/100
|move|p2a: Cresselia|Trick Room|p2a: Cresselia
|-fieldstart|move: Trick Room|[of] p2a: Cresselia
|
|-weather|none
|upkeep
|turn|21
|
|t:|1663493569
|switch|p2a: Torkoal|Torkoal, F|83/100
|-weather|SunnyDay|[from] ability: Drought|[of] p2a: Torkoal
|move|p1a: Ferrothorn|Knock Off|p2a: Torkoal
|-damage|p2a: Torkoal|73/100
|
|-weather|SunnyDay|[upkeep]
|upkeep
|turn|22
|
|t:|1663493576
|switch|p1a: Dragonite|Dragonite, M|100/100
|switch|p2a: Stakataka|Stakataka, shiny|100/100
|
|-weather|SunnyDay|[upkeep]
|upkeep
|turn|23
|
|t:|1663493579
|move|p2a: Stakataka|Stone Edge|p1a: Dragonite|[miss]
|-miss|p2a: Stakataka|p1a: Dragonite
|move|p1a: Dragonite|Earthquake|p2a: Stakataka
|-supereffective|p2a: Stakataka
|-damage|p2a: Stakataka|18/100
|
|-weather|SunnyDay|[upkeep]
|upkeep
|turn|24
|
|t:|1663493585
|move|p2a: Stakataka|Stone Edge|p1a: Dragonite
|-supereffective|p1a: Dragonite
|-damage|p1a: Dragonite|25/100
|-damage|p2a: Stakataka|8/100|[from] item: Life Orb
|move|p1a: Dragonite|Earthquake|p2a: Stakataka
|-supereffective|p2a: Stakataka
|-damage|p2a: Stakataka|0 fnt
|faint|p2a: Stakataka
|
|-weather|SunnyDay|[upkeep]
|-fieldend|move: Trick Room
|upkeep
|
|t:|1663493589
|switch|p2a: Marowak|Marowak-Alola, F|100/100
|turn|25
|
|t:|1663493601
|move|p1a: Dragonite|Earthquake|p2a: Marowak
|-supereffective|p2a: Marowak
|-damage|p2a: Marowak|35/100
|move|p2a: Marowak|Poltergeist|p1a: Dragonite
|-activate|p1a: Dragonite|move: Poltergeist|Heavy-Duty Boots
|-damage|p1a: Dragonite|0 fnt
|faint|p1a: Dragonite
|
|-weather|none
|upkeep
|
|t:|1663493613
|switch|p1a: Landorus|Landorus-Therian, M|100/100
|-ability|p1a: Landorus|Intimidate|boost
|-unboost|p2a: Marowak|atk|1
|turn|26
|j| Ran Kob
|
|t:|1663493624
|switch|p2a: Cresselia|Cresselia, F|100/100
|move|p1a: Landorus|Stealth Rock|p2a: Cresselia
|-sidestart|p2: 2(H2O)|move: Stealth Rock
|
|upkeep
|turn|27
|
|t:|1663493629
|move|p1a: Landorus|U-turn|p2a: Cresselia
|-supereffective|p2a: Cresselia
|-damage|p2a: Cresselia|77/100
|
|t:|1663493631
|switch|p1a: Ferrothorn|Ferrothorn, F|87/100|[from]move: U-turn
|move|p2a: Cresselia|Trick Room|p2a: Cresselia
|-fieldstart|move: Trick Room|[of] p2a: Cresselia
|
|upkeep
|turn|28
|
|t:|1663493633
|switch|p2a: Torkoal|Torkoal, F|73/100
|-damage|p2a: Torkoal|48/100|[from] Stealth Rock
|-weather|SunnyDay|[from] ability: Drought|[of] p2a: Torkoal
|move|p1a: Ferrothorn|Knock Off|p2a: Torkoal
|-damage|p2a: Torkoal|37/100
|
|-weather|SunnyDay|[upkeep]
|upkeep
|turn|29
|
|t:|1663493647
|switch|p1a: Clefable|Clefable, F, shiny|100/100
|move|p2a: Torkoal|Weather Ball|p1a: Clefable
|-damage|p1a: Clefable|49/100
|
|-weather|SunnyDay|[upkeep]
|upkeep
|turn|30
|
|t:|1663493664
|move|p2a: Torkoal|Weather Ball|p1a: Clefable
|-damage|p1a: Clefable|0 fnt
|faint|p1a: Clefable
|
|-weather|SunnyDay|[upkeep]
|upkeep
|
|t:|1663493668
|switch|p1a: Landorus|Landorus-Therian, M|100/100
|-ability|p1a: Landorus|Intimidate|boost
|-unboost|p2a: Torkoal|atk|1
|turn|31
|
|t:|1663493675
|move|p2a: Torkoal|Weather Ball|p1a: Landorus
|-damage|p1a: Landorus|48/100
|move|p1a: Landorus|U-turn|p2a: Torkoal
|-resisted|p2a: Torkoal
|-damage|p2a: Torkoal|29/100
|
|t:|1663493677
|switch|p1a: Tapu Koko|Tapu Koko|100/100|[from]move: U-turn
|-fieldstart|move: Electric Terrain|[from] ability: Electric Surge|[of] p1a: Tapu Koko
|
|-weather|SunnyDay|[upkeep]
|-fieldend|move: Trick Room
|upkeep
|turn|32
|
|t:|1663493683
|switch|p2a: Porygon2|Porygon2, shiny|100/100
|-damage|p2a: Porygon2|88/100|[from] Stealth Rock
|-ability|p2a: Porygon2|Electric Surge|[from] ability: Trace|[of] p1a: Tapu Koko
|move|p1a: Tapu Koko|Thunderbolt|p2a: Porygon2
|-damage|p2a: Porygon2|67/100
|
|-weather|none
|upkeep
|turn|33
|
|t:|1663493686
|switch|p1a: Ferrothorn|Ferrothorn, F|87/100
|move|p2a: Porygon2|Trick Room|p2a: Porygon2
|-fieldstart|move: Trick Room|[of] p2a: Porygon2
|
|upkeep
|turn|34
|
|t:|1663493690
|move|p1a: Ferrothorn|Leech Seed|p2a: Porygon2|[miss]
|-miss|p1a: Ferrothorn|p2a: Porygon2
|move|p2a: Porygon2|Teleport|p2a: Porygon2
|
|t:|1663493693
|switch|p2a: Torkoal|Torkoal, F|29/100|[from]move: Teleport
|-damage|p2a: Torkoal|5/100|[from] Stealth Rock
|-weather|SunnyDay|[from] ability: Drought|[of] p2a: Torkoal
|
|-weather|SunnyDay|[upkeep]
|upkeep
|turn|35
|
|t:|1663493697
|switch|p1a: Landorus|Landorus-Therian, M|48/100
|-ability|p1a: Landorus|Intimidate|boost
|-unboost|p2a: Torkoal|atk|1
|move|p2a: Torkoal|Weather Ball|p1a: Landorus
|-damage|p1a: Landorus|0 fnt
|faint|p1a: Landorus
|
|-weather|SunnyDay|[upkeep]
|-fieldend|move: Electric Terrain
|upkeep
|
|t:|1663493699
|switch|p1a: Ferrothorn|Ferrothorn, F|87/100
|turn|36
|
|t:|1663493701
|move|p2a: Torkoal|Weather Ball|p1a: Ferrothorn
|-supereffective|p1a: Ferrothorn
|-damage|p1a: Ferrothorn|0 fnt
|faint|p1a: Ferrothorn
|
|-weather|SunnyDay|[upkeep]
|upkeep
|-message|thearmyant forfeited.
|
|win|2(H2O)
|raw|thearmyant's rating: 1724 &rarr; <strong>1707</strong><br />(-17 for losing)
|raw|2(H2O)'s rating: 1772 &rarr; <strong>1789</strong><br />(+17 for winning)
|l|☆thearmyant
