|j|☆Rainer2424
|j|☆2(H2O)
|t:|1658279528
|gametype|singles
|player|p1|Rainer2424|volkner|1524
|player|p2|2(H2O)|chase|1564
|teamsize|p1|6
|teamsize|p2|6
|gen|8
|tier|[Gen 8] OU
|rated|
|rule|Sleep Clause Mod: Limit one foe put to sleep
|rule|Species Clause: Limit one of each Pokémon
|rule|OHKO Clause: OHKO moves are banned
|rule|Evasion Moves Clause: Evasion moves are banned
|rule|Endless Battle Clause: Forcing endless battles is banned
|rule|HP Percentage Mod: HP is shown in percentages
|rule|Dynamax Clause: You cannot dynamax
|clearpoke
|poke|p1|Blissey, F|
|poke|p1|Clefable, M|
|poke|p1|Hippowdon, F|
|poke|p1|Toxapex, F|
|poke|p1|Corviknight, M|
|poke|p1|Ditto|
|poke|p2|Tapu Lele|
|poke|p2|Victini|
|poke|p2|Melmetal|
|poke|p2|Dragonite, M|
|poke|p2|Landorus-Therian, M|
|poke|p2|Urshifu-*, M|
|teampreview
|j| Goop N Poop
|c|☆Rainer2424|Good luck
|inactive|Battle timer is ON: inactive players will automatically lose when time's up. (requested by 2(H2O))
|j| cvbnmklkllkk
|
|t:|1658279551
|start
|switch|p1a: Hippowdon|Hippowdon, F|100/100
|switch|p2a: Urshifu|Urshifu-Rapid-Strike, M|100/100
|-weather|Sandstorm|[from] ability: Sand Stream|[of] p1a: Hippowdon
|turn|1
|
|t:|1658279556
|switch|p2a: Tapu Lele|Tapu Lele|100/100
|-fieldstart|move: Psychic Terrain|[from] ability: Psychic Surge|[of] p2a: Tapu Lele
|switch|p1a: Toxapex|Toxapex, F|100/100
|
|-weather|Sandstorm|[upkeep]
|-damage|p2a: Tapu Lele|94/100|[from] Sandstorm
|-damage|p1a: Toxapex|95/100|[from] Sandstorm
|upkeep
|turn|2
|
|t:|1658279560
|move|p1a: Toxapex|Baneful Bunker|p1a: Toxapex
|-singleturn|p1a: Toxapex|move: Protect
|move|p2a: Tapu Lele|Future Sight|p1a: Toxapex
|-start|p2a: Tapu Lele|move: Future Sight
|
|-weather|Sandstorm|[upkeep]
|-damage|p2a: Tapu Lele|88/100|[from] Sandstorm
|-damage|p1a: Toxapex|89/100|[from] Sandstorm
|upkeep
|turn|3
|
|t:|1658279572
|switch|p2a: Victini|Victini|100/100
|switch|p1a: Corviknight|Corviknight, M|100/100
|-ability|p1a: Corviknight|Pressure
|
|-weather|Sandstorm|[upkeep]
|-damage|p2a: Victini|94/100|[from] Sandstorm
|upkeep
|turn|4
|
|t:|1658279577
|switch|p1a: Hippowdon|Hippowdon, F|100/100
|move|p2a: Victini|V-create|p1a: Hippowdon
|-damage|p1a: Hippowdon|43/100
|-unboost|p2a: Victini|spe|1
|-unboost|p2a: Victini|def|1
|-unboost|p2a: Victini|spd|1
|
|-weather|Sandstorm|[upkeep]
|-damage|p2a: Victini|88/100|[from] Sandstorm
|-end|p1a: Hippowdon|move: Future Sight
|-crit|p1a: Hippowdon
|-damage|p1a: Hippowdon|0 fnt
|faint|p1a: Hippowdon
|upkeep
|
|t:|1658279588
|switch|p1a: Toxapex|Toxapex, F|100/100
|turn|5
|
|t:|1658279591
|move|p2a: Victini|Expanding Force|p1a: Toxapex
|-supereffective|p1a: Toxapex
|-damage|p1a: Toxapex|13/100
|move|p1a: Toxapex|Scald|p2a: Victini
|-supereffective|p2a: Victini
|-damage|p2a: Victini|42/100
|
|-weather|none
|-fieldend|move: Psychic Terrain
|upkeep
|turn|6
|
|t:|1658279597
|switch|p1a: Clefable|Clefable, M|100/100
|move|p2a: Victini|V-create|p1a: Clefable
|-damage|p1a: Clefable|36/100
|-unboost|p2a: Victini|spe|1
|-unboost|p2a: Victini|def|1
|-unboost|p2a: Victini|spd|1
|
|-heal|p1a: Clefable|42/100|[from] item: Leftovers
|upkeep
|turn|7
|-message|Rainer2424 forfeited.
|
|win|2(H2O)
|raw|Rainer2424's rating: 1524 &rarr; <strong>1506</strong><br />(-18 for losing)
|raw|2(H2O)'s rating: 1564 &rarr; <strong>1582</strong><br />(+18 for winning)
|l|☆Rainer2424
