|j|☆Wheezer
|j|‽outh needle nuts
|t:|1640723226
|gametype|singles
|player|p1|Wheezer|petrel|1643
|player|p2|outh needle nuts|aromalady|1918
|teamsize|p1|6
|teamsize|p2|6
|gen|8
|tier|[Gen 8] OU
|rated|
|rule|Sleep Clause Mod: Limit one foe put to sleep
|rule|Species Clause: Limit one of each Pokémon
|rule|OHKO Clause: OHKO moves are banned
|rule|Evasion Moves Clause: Evasion moves are banned
|rule|Endless Battle Clause: Forcing endless battles is banned
|rule|HP Percentage Mod: HP is shown in percentages
|rule|Dynamax Clause: You cannot dynamax
|clearpoke
|poke|p1|Suicune|
|poke|p1|Ditto|
|poke|p1|Garchomp, M|
|poke|p1|Heatran, F|
|poke|p1|Togekiss, M|
|poke|p1|Dragonite, M|
|poke|p2|Melmetal|
|poke|p2|Rotom-Wash|
|poke|p2|Toxapex, M|
|poke|p2|Heatran, M|
|poke|p2|Weavile, M|
|poke|p2|Landorus-Therian, M|
|teampreview
|
|t:|1640723248
|start
|switch|p1a: Suicune|Suicune|100/100
|switch|p2a: Landorus|Landorus-Therian, M|100/100
|-ability|p1a: Suicune|Pressure
|-ability|p2a: Landorus|Intimidate|boost
|-unboost|p1a: Suicune|atk|1
|turn|1
|
|t:|1640723254
|switch|p2a: Toxapex|Toxapex, M|100/100
|move|p1a: Suicune|Substitute|p1a: Suicune
|-start|p1a: Suicune|Substitute
|-damage|p1a: Suicune|75/100
|
|-heal|p1a: Suicune|82/100|[from] item: Leftovers
|upkeep
|turn|2
|
|t:|1640723258
|move|p1a: Suicune|Calm Mind|p1a: Suicune
|-boost|p1a: Suicune|spa|1
|-boost|p1a: Suicune|spd|1
|move|p2a: Toxapex|Haze|p2a: Toxapex
|-clearallboost
|
|-heal|p1a: Suicune|88/100|[from] item: Leftovers
|upkeep
|turn|3
|j| Roza Melano
|
|t:|1640723262
|switch|p2a: Rotom|Rotom-Wash|100/100
|move|p1a: Suicune|Scald|p2a: Rotom
|-resisted|p2a: Rotom
|-damage|p2a: Rotom|88/100
|
|-heal|p1a: Suicune|94/100|[from] item: Leftovers
|upkeep
|turn|4
|
|t:|1640723267
|move|p1a: Suicune|Protect|p1a: Suicune
|-singleturn|p1a: Suicune|Protect
|move|p2a: Rotom|Volt Switch|p1a: Suicune
|-activate|p1a: Suicune|move: Protect
|
|-heal|p1a: Suicune|99/100|[from] item: Leftovers
|upkeep
|turn|5
|
|t:|1640723269
|move|p1a: Suicune|Scald|p2a: Rotom
|-resisted|p2a: Rotom
|-damage|p2a: Rotom|75/100
|-status|p2a: Rotom|brn
|move|p2a: Rotom|Volt Switch|p1a: Suicune
|-supereffective|p1a: Suicune
|-end|p1a: Suicune|Substitute
|
|t:|1640723273
|switch|p2a: Weavile|Weavile, M|100/100|[from]move: Volt Switch
|-ability|p2a: Weavile|Pressure
|
|-heal|p1a: Suicune|100/100|[from] item: Leftovers
|upkeep
|turn|6
|
|t:|1640723278
|switch|p1a: Garchomp|Garchomp, M|100/100
|move|p2a: Weavile|Knock Off|p1a: Garchomp
|-damage|p1a: Garchomp|51/100
|-damage|p2a: Weavile|88/100|[from] ability: Rough Skin|[of] p1a: Garchomp
|-damage|p2a: Weavile|72/100|[from] item: Rocky Helmet|[of] p1a: Garchomp
|-enditem|p1a: Garchomp|Rocky Helmet|[from] move: Knock Off|[of] p2a: Weavile
|
|upkeep
|turn|7
|
|t:|1640723284
|switch|p2a: Landorus|Landorus-Therian, M|100/100
|-ability|p2a: Landorus|Intimidate|boost
|-unboost|p1a: Garchomp|atk|1
|move|p1a: Garchomp|Stealth Rock|p2a: Landorus
|-sidestart|p2: outh needle nuts|move: Stealth Rock
|
|upkeep
|turn|8
|j| The Dragon Gyrados
|
|t:|1640723288
|move|p1a: Garchomp|Toxic|p2a: Landorus
|-status|p2a: Landorus|tox
|move|p2a: Landorus|Toxic|p1a: Garchomp
|-status|p1a: Garchomp|tox
|
|-damage|p1a: Garchomp|45/100 tox|[from] psn
|-damage|p2a: Landorus|94/100 tox|[from] psn
|upkeep
|turn|9
|c| The Dragon Gyrados|sup
|
|t:|1640723311
|move|p1a: Garchomp|Toxic|p2a: Landorus
|-fail|p2a: Landorus|tox
|move|p2a: Landorus|Defog|p1a: Garchomp
|-unboost|p1a: Garchomp|evasion|1
|-sideend|p2: outh needle nuts|Stealth Rock|[from] move: Defog|[of] p2a: Landorus
|
|-heal|p2a: Landorus|100/100 tox|[from] item: Leftovers
|-damage|p1a: Garchomp|32/100 tox|[from] psn
|-damage|p2a: Landorus|88/100 tox|[from] psn
|upkeep
|turn|10
|
|t:|1640723316
|move|p1a: Garchomp|Stealth Rock|p2a: Landorus
|-sidestart|p2: outh needle nuts|move: Stealth Rock
|move|p2a: Landorus|Defog|p1a: Garchomp
|-unboost|p1a: Garchomp|evasion|1
|-sideend|p2: outh needle nuts|Stealth Rock|[from] move: Defog|[of] p2a: Landorus
|
|-heal|p2a: Landorus|94/100 tox|[from] item: Leftovers
|-damage|p1a: Garchomp|14/100 tox|[from] psn
|-damage|p2a: Landorus|76/100 tox|[from] psn
|upkeep
|turn|11
|
|t:|1640723319
|move|p1a: Garchomp|Rest|p1a: Garchomp
|-status|p1a: Garchomp|slp|[from] move: Rest
|-heal|p1a: Garchomp|100/100 slp|[silent]
|move|p2a: Landorus|Defog|p1a: Garchomp
|-unboost|p1a: Garchomp|evasion|1
|
|-heal|p2a: Landorus|82/100 tox|[from] item: Leftovers
|-damage|p2a: Landorus|58/100 tox|[from] psn
|upkeep
|turn|12
|
|t:|1640723324
|cant|p1a: Garchomp|slp
|move|p2a: Landorus|Earthquake|p1a: Garchomp
|-crit|p1a: Garchomp
|-damage|p1a: Garchomp|57/100 slp
|
|-heal|p2a: Landorus|64/100 tox|[from] item: Leftovers
|-damage|p2a: Landorus|34/100 tox|[from] psn
|upkeep
|turn|13
|
|t:|1640723327
|cant|p1a: Garchomp|slp
|move|p2a: Landorus|Earthquake|p1a: Garchomp
|-damage|p1a: Garchomp|24/100 slp
|
|-heal|p2a: Landorus|40/100 tox|[from] item: Leftovers
|-damage|p2a: Landorus|4/100 tox|[from] psn
|upkeep
|turn|14
|
|t:|1640723331
|-curestatus|p1a: Garchomp|slp|[msg]
|move|p1a: Garchomp|Stealth Rock|p2a: Landorus
|-sidestart|p2: outh needle nuts|move: Stealth Rock
|move|p2a: Landorus|Earthquake|p1a: Garchomp
|-damage|p1a: Garchomp|0 fnt
|faint|p1a: Garchomp
|
|-heal|p2a: Landorus|10/100 tox|[from] item: Leftovers
|-damage|p2a: Landorus|0 fnt|[from] psn
|faint|p2a: Landorus
|upkeep
|j| OU make me yawn ½
|
|t:|1640723353
|switch|p1a: Ditto|Ditto|100/100
|switch|p2a: Rotom|Rotom-Wash|75/100 brn
|-damage|p2a: Rotom|63/100 brn|[from] Stealth Rock
|-transform|p1a: Ditto|p2a: Rotom|[from] ability: Imposter
|turn|15
|
|t:|1640723357
|move|p1a: Ditto|Volt Switch|p2a: Rotom
|-crit|p2a: Rotom
|-damage|p2a: Rotom|24/100 brn
|
|t:|1640723363
|switch|p1a: Heatran|Heatran, F|100/100|[from]move: Volt Switch
|move|p2a: Rotom|Pain Split|p1a: Heatran
|-sethp|p1a: Heatran|59/100|[from] move: Pain Split|[silent]
|-sethp|p2a: Rotom|75/100 brn|[from] move: Pain Split
|
|-heal|p1a: Heatran|66/100|[from] item: Leftovers
|-damage|p2a: Rotom|69/100 brn|[from] brn
|upkeep
|turn|16
|
|t:|1640723367
|switch|p1a: Suicune|Suicune|100/100
|-ability|p1a: Suicune|Pressure
|move|p2a: Rotom|Volt Switch|p1a: Suicune
|-supereffective|p1a: Suicune
|-damage|p1a: Suicune|64/100
|
|t:|1640723372
|switch|p2a: Weavile|Weavile, M|72/100|[from]move: Volt Switch
|-damage|p2a: Weavile|47/100|[from] Stealth Rock
|-ability|p2a: Weavile|Pressure
|
|-heal|p1a: Suicune|71/100|[from] item: Leftovers
|upkeep
|turn|17
|
|t:|1640723375
|move|p1a: Suicune|Protect|p1a: Suicune
|-singleturn|p1a: Suicune|Protect
|move|p2a: Weavile|Knock Off|p1a: Suicune
|-activate|p1a: Suicune|move: Protect
|
|-heal|p1a: Suicune|77/100|[from] item: Leftovers
|upkeep
|turn|18
|
|t:|1640723389
|move|p2a: Weavile|Knock Off|p1a: Suicune
|-damage|p1a: Suicune|13/100
|-enditem|p1a: Suicune|Leftovers|[from] move: Knock Off|[of] p2a: Weavile
|move|p1a: Suicune|Scald|p2a: Weavile
|-damage|p2a: Weavile|14/100
|
|upkeep
|turn|19
|
|t:|1640723395
|move|p2a: Weavile|Knock Off|p1a: Suicune
|-damage|p1a: Suicune|0 fnt
|faint|p1a: Suicune
|
|upkeep
|j| hfeath
|
|t:|1640723398
|switch|p1a: Ditto|Ditto|100/100
|-transform|p1a: Ditto|p2a: Weavile|[from] ability: Imposter
|-ability|p1a: Ditto|Pressure
|turn|20
|
|t:|1640723401
|switch|p2a: Toxapex|Toxapex, M|100/100
|-damage|p2a: Toxapex|88/100|[from] Stealth Rock
|move|p1a: Ditto|Knock Off|p2a: Toxapex
|-damage|p2a: Toxapex|49/100
|-enditem|p2a: Toxapex|Eject Button|[from] move: Knock Off|[of] p1a: Ditto
|
|upkeep
|turn|21
|
|t:|1640723413
|switch|p1a: Togekiss|Togekiss, M|100/100
|move|p2a: Toxapex|Recover|p2a: Toxapex
|-heal|p2a: Toxapex|99/100
|
|upkeep
|turn|22
|
|t:|1640723417
|move|p1a: Togekiss|Trick|p2a: Toxapex
|-activate|p1a: Togekiss|move: Trick|[of] p2a: Toxapex
|-item|p2a: Toxapex|Choice Scarf|[from] move: Trick
|-enditem|p1a: Togekiss|Choice Scarf|[silent]|[from] move: Trick
|move|p2a: Toxapex|Knock Off|p1a: Togekiss
|-resisted|p1a: Togekiss
|-damage|p1a: Togekiss|94/100
|
|upkeep
|turn|23
|
|t:|1640723423
|switch|p2a: Heatran|Heatran, M|100/100
|-damage|p2a: Heatran|88/100|[from] Stealth Rock
|move|p1a: Togekiss|Substitute|p1a: Togekiss
|-start|p1a: Togekiss|Substitute
|-damage|p1a: Togekiss|70/100
|
|-heal|p2a: Heatran|94/100|[from] item: Leftovers
|upkeep
|turn|24
|
|t:|1640723427
|move|p1a: Togekiss|Trick|p2a: Heatran
|-activate|p1a: Togekiss|move: Trick|[of] p2a: Heatran
|-enditem|p2a: Heatran|Leftovers|[silent]|[from] move: Trick
|-item|p1a: Togekiss|Leftovers|[from] move: Trick
|move|p2a: Heatran|Stealth Rock|p1a: Togekiss
|-sidestart|p1: Wheezer|move: Stealth Rock
|
|-heal|p1a: Togekiss|76/100|[from] item: Leftovers
|upkeep
|turn|25
|
|t:|1640723433
|move|p1a: Togekiss|Nasty Plot|p1a: Togekiss
|-boost|p1a: Togekiss|spa|2
|move|p2a: Heatran|Magma Storm|p1a: Togekiss
|-end|p1a: Togekiss|Substitute
|
|-heal|p1a: Togekiss|82/100|[from] item: Leftovers
|upkeep
|turn|26
|j| aerhsrtj
|
|t:|1640723436
|move|p1a: Togekiss|Air Slash|p2a: Heatran
|-resisted|p2a: Heatran
|-damage|p2a: Heatran|72/100
|cant|p2a: Heatran|flinch
|
|-heal|p1a: Togekiss|88/100|[from] item: Leftovers
|upkeep
|turn|27
|
|t:|1640723441
|move|p1a: Togekiss|Air Slash|p2a: Heatran
|-resisted|p2a: Heatran
|-damage|p2a: Heatran|51/100
|move|p2a: Heatran|Magma Storm|p1a: Togekiss|[miss]
|-miss|p2a: Heatran|p1a: Togekiss
|
|-heal|p1a: Togekiss|94/100|[from] item: Leftovers
|upkeep
|turn|28
|
|t:|1640723443
|move|p1a: Togekiss|Substitute|p1a: Togekiss
|-start|p1a: Togekiss|Substitute
|-damage|p1a: Togekiss|69/100
|move|p2a: Heatran|Magma Storm|p1a: Togekiss
|-end|p1a: Togekiss|Substitute
|
|-heal|p1a: Togekiss|75/100|[from] item: Leftovers
|upkeep
|turn|29
|
|t:|1640723446
|switch|p2a: Melmetal|Melmetal|100/100
|-damage|p2a: Melmetal|94/100|[from] Stealth Rock
|move|p1a: Togekiss|Air Slash|p2a: Melmetal
|-resisted|p2a: Melmetal
|-damage|p2a: Melmetal|60/100
|
|-heal|p1a: Togekiss|82/100|[from] item: Leftovers
|-heal|p2a: Melmetal|66/100|[from] item: Leftovers
|upkeep
|turn|30
|
|t:|1640723449
|move|p1a: Togekiss|Air Slash|p2a: Melmetal
|-resisted|p2a: Melmetal
|-damage|p2a: Melmetal|30/100
|cant|p2a: Melmetal|flinch
|
|-heal|p1a: Togekiss|88/100|[from] item: Leftovers
|-heal|p2a: Melmetal|36/100|[from] item: Leftovers
|upkeep
|turn|31
|
|t:|1640723453
|move|p2a: Melmetal|Protect|p2a: Melmetal
|-singleturn|p2a: Melmetal|Protect
|move|p1a: Togekiss|Air Slash|p2a: Melmetal
|-activate|p2a: Melmetal|move: Protect
|
|-heal|p1a: Togekiss|94/100|[from] item: Leftovers
|-heal|p2a: Melmetal|42/100|[from] item: Leftovers
|upkeep
|turn|32
|
|t:|1640723457
|move|p1a: Togekiss|Air Slash|p2a: Melmetal
|-resisted|p2a: Melmetal
|-crit|p2a: Melmetal
|-damage|p2a: Melmetal|0 fnt
|faint|p2a: Melmetal
|
|-heal|p1a: Togekiss|99/100|[from] item: Leftovers
|upkeep
|-message|outh needle nuts forfeited.
|
|win|Wheezer
|raw|Wheezer's rating: 1643 &rarr; <strong>1676</strong><br />(+33 for winning)
|raw|outh needle nuts's rating: 1918 &rarr; <strong>1885</strong><br />(-33 for losing)
|j| Yungster_Testboi
|l|‽outh needle nuts
|l| Yungster_Testboi
|c|☆Wheezer|LOL
|c| The Dragon Gyrados|damn
|c|☆Wheezer|wait what you were 1900 points
|c|☆Wheezer|this game sucks now huh
|l|☆Wheezer
|c| The Dragon Gyrados|woah
