|raw|<div class="broadcast-blue"><strong>This battle is required to be public due to a player having a name starting with 'lt94je'.</div>
|j|☆LT94JE DS
|j|☆bramitoboy
|t:|1661518548
|gametype|singles
|player|p1|LT94JE DS|lucas|1803
|player|p2|bramitoboy|1|1987
|teamsize|p1|6
|teamsize|p2|6
|gen|8
|tier|[Gen 8] OU
|rated|
|rule|Sleep Clause Mod: Limit one foe put to sleep
|rule|Species Clause: Limit one of each Pokémon
|rule|OHKO Clause: OHKO moves are banned
|rule|Evasion Items Clause: Evasion items are banned
|rule|Evasion Moves Clause: Evasion moves are banned
|rule|Endless Battle Clause: Forcing endless battles is banned
|rule|HP Percentage Mod: HP is shown in percentages
|rule|Dynamax Clause: You cannot dynamax
|clearpoke
|poke|p1|Dragapult, F|
|poke|p1|Tapu Fini|
|poke|p1|Blacephalon|
|poke|p1|Tapu Lele|
|poke|p1|Landorus-Therian, M|
|poke|p1|Melmetal|
|poke|p2|Zarude-Dada|
|poke|p2|Keldeo-Resolute|
|poke|p2|Tapu Lele|
|poke|p2|Tapu Koko|
|poke|p2|Heatran, M|
|poke|p2|Landorus-Therian, M|
|teampreview
|inactive|Battle timer is ON: inactive players will automatically lose when time's up. (requested by bramitoboy)
|
|t:|1661518564
|start
|switch|p1a: Tapu Fini|Tapu Fini|100/100
|switch|p2a: Tapu Lele|Tapu Lele|100/100
|-fieldstart|move: Psychic Terrain|[from] ability: Psychic Surge|[of] p2a: Tapu Lele
|-fieldstart|move: Misty Terrain|[from] ability: Misty Surge|[of] p1a: Tapu Fini
|turn|1
|
|t:|1661518569
|move|p2a: Tapu Lele|Thunderbolt|p1a: Tapu Fini
|-supereffective|p1a: Tapu Fini
|-damage|p1a: Tapu Fini|45/100
|move|p1a: Tapu Fini|Nature's Madness|p2a: Tapu Lele|[miss]
|-miss|p1a: Tapu Fini|p2a: Tapu Lele
|
|-heal|p1a: Tapu Fini|51/100|[from] item: Leftovers
|upkeep
|turn|2
|j| Quagshi
|j| wish kisser
|j| cypherstest
|j| LT94JE Genesis
|
|t:|1661518577
|switch|p1a: Melmetal|Melmetal|100/100
|move|p2a: Tapu Lele|Moonblast|p1a: Melmetal
|-resisted|p1a: Melmetal
|-damage|p1a: Melmetal|78/100
|
|-heal|p1a: Melmetal|84/100|[from] item: Leftovers
|upkeep
|turn|3
|
|t:|1661518584
|switch|p2a: Landorus|Landorus-Therian, M|100/100
|-ability|p2a: Landorus|Intimidate|boost
|-unboost|p1a: Melmetal|atk|1
|move|p1a: Melmetal|Superpower|p2a: Landorus
|-resisted|p2a: Landorus
|-damage|p2a: Landorus|88/100
|-unboost|p1a: Melmetal|atk|1
|-unboost|p1a: Melmetal|def|1
|-damage|p1a: Melmetal|67/100|[from] item: Rocky Helmet|[of] p2a: Landorus
|
|-heal|p1a: Melmetal|73/100|[from] item: Leftovers
|upkeep
|turn|4
|
|t:|1661518590
|move|p1a: Melmetal|Protect|p1a: Melmetal
|-singleturn|p1a: Melmetal|Protect
|move|p2a: Landorus|Swords Dance|p2a: Landorus
|-boost|p2a: Landorus|atk|2
|
|-heal|p1a: Melmetal|80/100|[from] item: Leftovers
|upkeep
|turn|5
|
|t:|1661518594
|switch|p1a: Landorus|Landorus-Therian, M|100/100
|-ability|p1a: Landorus|Intimidate|boost
|-unboost|p2a: Landorus|atk|1
|move|p2a: Landorus|Swords Dance|p2a: Landorus
|-boost|p2a: Landorus|atk|2
|
|-fieldend|Misty Terrain
|upkeep
|turn|6
|
|t:|1661518600
|move|p2a: Landorus|Knock Off|p1a: Landorus
|-damage|p1a: Landorus|23/100
|-enditem|p1a: Landorus|Leftovers|[from] move: Knock Off|[of] p2a: Landorus
|move|p1a: Landorus|U-turn|p2a: Landorus
|-resisted|p2a: Landorus
|-damage|p2a: Landorus|80/100
|-damage|p1a: Landorus|6/100|[from] item: Rocky Helmet|[of] p2a: Landorus
|
|t:|1661518603
|switch|p1a: Blacephalon|Blacephalon|100/100|[from]move: U-turn
|
|upkeep
|turn|7
|
|t:|1661518612
|switch|p2a: Heatran|Heatran, M|100/100
|-item|p2a: Heatran|Air Balloon
|move|p1a: Blacephalon|Overheat|p2a: Heatran
|-start|p2a: Heatran|ability: Flash Fire
|
|upkeep
|turn|8
|
|t:|1661518620
|switch|p1a: Tapu Fini|Tapu Fini|51/100
|-fieldstart|move: Misty Terrain|[from] ability: Misty Surge|[of] p1a: Tapu Fini
|move|p2a: Heatran|Stealth Rock|p1a: Tapu Fini
|-sidestart|p1: LT94JE DS|move: Stealth Rock
|
|-heal|p1a: Tapu Fini|57/100|[from] item: Leftovers
|upkeep
|turn|9
|
|t:|1661518626
|-end|p2a: Heatran|ability: Flash Fire|[silent]
|switch|p2a: Zarude|Zarude-Dada|100/100
|move|p1a: Tapu Fini|Nature's Madness|p2a: Zarude
|-damage|p2a: Zarude|50/100
|
|-heal|p1a: Tapu Fini|63/100|[from] item: Leftovers
|upkeep
|turn|10
|
|t:|1661518631
|switch|p1a: Dragapult|Dragapult, F|100/100
|-damage|p1a: Dragapult|88/100|[from] Stealth Rock
|move|p2a: Zarude|Power Whip|p1a: Dragapult
|-resisted|p1a: Dragapult
|-damage|p1a: Dragapult|39/100
|-damage|p2a: Zarude|41/100|[from] item: Life Orb
|
|upkeep
|turn|11
|
|t:|1661518638
|switch|p2a: Landorus|Landorus-Therian, M|80/100
|-ability|p2a: Landorus|Intimidate|boost
|-unboost|p1a: Dragapult|atk|1
|move|p1a: Dragapult|U-turn|p2a: Landorus
|-resisted|p2a: Landorus
|-damage|p2a: Landorus|75/100
|-damage|p1a: Dragapult|22/100|[from] item: Rocky Helmet|[of] p2a: Landorus
|
|t:|1661518641
|switch|p1a: Blacephalon|Blacephalon|100/100|[from]move: U-turn
|-damage|p1a: Blacephalon|76/100|[from] Stealth Rock
|
|upkeep
|turn|12
|j| Gwaaarn
|j| Ctannn
|
|t:|1661518645
|switch|p2a: Keldeo|Keldeo-Resolute|100/100
|move|p1a: Blacephalon|Shadow Ball|p2a: Keldeo
|-damage|p2a: Keldeo|25/100
|-unboost|p2a: Keldeo|spd|1
|
|-heal|p2a: Keldeo|31/100|[from] item: Leftovers
|-fieldend|Misty Terrain
|upkeep
|turn|13
|
|t:|1661518652
|switch|p1a: Tapu Fini|Tapu Fini|63/100
|-damage|p1a: Tapu Fini|51/100|[from] Stealth Rock
|-fieldstart|move: Misty Terrain|[from] ability: Misty Surge|[of] p1a: Tapu Fini
|move|p2a: Keldeo|Scald|p1a: Tapu Fini
|-resisted|p1a: Tapu Fini
|-damage|p1a: Tapu Fini|36/100
|
|-heal|p2a: Keldeo|38/100|[from] item: Leftovers
|-heal|p1a: Tapu Fini|42/100|[from] item: Leftovers
|upkeep
|turn|14
|
|t:|1661518657
|switch|p2a: Tapu Lele|Tapu Lele|100/100
|-fieldstart|move: Psychic Terrain|[from] ability: Psychic Surge|[of] p2a: Tapu Lele
|move|p1a: Tapu Fini|Defog|p2a: Tapu Lele
|-unboost|p2a: Tapu Lele|evasion|1
|-sideend|p1: LT94JE DS|Stealth Rock|[from] move: Defog|[of] p1a: Tapu Fini
|-fieldend|move: Psychic Terrain
|
|-heal|p1a: Tapu Fini|49/100|[from] item: Leftovers
|upkeep
|turn|15
|
|t:|1661518662
|switch|p1a: Melmetal|Melmetal|80/100
|move|p2a: Tapu Lele|Thunderbolt|p1a: Melmetal
|-damage|p1a: Melmetal|51/100
|
|-heal|p1a: Melmetal|57/100|[from] item: Leftovers
|upkeep
|turn|16
|
|t:|1661518669
|switch|p2a: Heatran|Heatran, M|100/100
|-item|p2a: Heatran|Air Balloon
|switch|p1a: Blacephalon|Blacephalon|76/100
|
|upkeep
|turn|17
|j| ufjrjtjjtkt
|
|t:|1661518675
|switch|p1a: Tapu Fini|Tapu Fini|49/100
|-fieldstart|move: Misty Terrain|[from] ability: Misty Surge|[of] p1a: Tapu Fini
|move|p2a: Heatran|Earth Power|p1a: Tapu Fini
|-damage|p1a: Tapu Fini|20/100
|
|-heal|p1a: Tapu Fini|26/100|[from] item: Leftovers
|upkeep
|turn|18
|
|t:|1661518688
|switch|p1a: Blacephalon|Blacephalon|76/100
|move|p2a: Heatran|Taunt|p1a: Blacephalon
|-start|p1a: Blacephalon|move: Taunt
|
|upkeep
|turn|19
|
|t:|1661518697
|switch|p1a: Landorus|Landorus-Therian, M|6/100
|-ability|p1a: Landorus|Intimidate|boost
|-unboost|p2a: Heatran|atk|1
|move|p2a: Heatran|Stealth Rock|p1a: Landorus
|-sidestart|p1: LT94JE DS|move: Stealth Rock
|
|upkeep
|turn|20
|
|t:|1661518705
|switch|p2a: Landorus|Landorus-Therian, M|75/100
|-ability|p2a: Landorus|Intimidate|boost
|-unboost|p1a: Landorus|atk|1
|move|p1a: Landorus|Stealth Rock|p2a: Landorus
|-sidestart|p2: bramitoboy|move: Stealth Rock
|
|upkeep
|turn|21
|
|t:|1661518709
|move|p2a: Landorus|Knock Off|p1a: Landorus
|-damage|p1a: Landorus|0 fnt
|faint|p1a: Landorus
|
|-fieldend|Misty Terrain
|upkeep
|
|t:|1661518718
|switch|p1a: Blacephalon|Blacephalon|76/100
|-damage|p1a: Blacephalon|51/100|[from] Stealth Rock
|turn|22
|
|t:|1661518728
|switch|p2a: Zarude|Zarude-Dada|41/100
|-damage|p2a: Zarude|28/100|[from] Stealth Rock
|move|p1a: Blacephalon|Shadow Ball|p2a: Zarude
|-resisted|p2a: Zarude
|-damage|p2a: Zarude|0 fnt
|faint|p2a: Zarude
|-ability|p1a: Blacephalon|Beast Boost|boost
|-boost|p1a: Blacephalon|spa|1
|
|upkeep
|
|t:|1661518733
|switch|p2a: Tapu Koko|Tapu Koko|100/100
|-damage|p2a: Tapu Koko|88/100|[from] Stealth Rock
|-fieldstart|move: Electric Terrain|[from] ability: Electric Surge|[of] p2a: Tapu Koko
|turn|23
|
|t:|1661518738
|switch|p1a: Tapu Fini|Tapu Fini|26/100
|-damage|p1a: Tapu Fini|14/100|[from] Stealth Rock
|-fieldstart|move: Misty Terrain|[from] ability: Misty Surge|[of] p1a: Tapu Fini
|move|p2a: Tapu Koko|Thunderbolt|p1a: Tapu Fini
|-supereffective|p1a: Tapu Fini
|-damage|p1a: Tapu Fini|0 fnt
|faint|p1a: Tapu Fini
|
|upkeep
|
|t:|1661518742
|switch|p1a: Melmetal|Melmetal|57/100
|-damage|p1a: Melmetal|51/100|[from] Stealth Rock
|turn|24
|
|t:|1661518747
|switch|p2a: Landorus|Landorus-Therian, M|75/100
|-damage|p2a: Landorus|63/100|[from] Stealth Rock
|-ability|p2a: Landorus|Intimidate|boost
|-unboost|p1a: Melmetal|atk|1
|switch|p1a: Blacephalon|Blacephalon|51/100
|-damage|p1a: Blacephalon|26/100|[from] Stealth Rock
|
|upkeep
|turn|25
|
|t:|1661518757
|move|p1a: Blacephalon|Shadow Ball|p2a: Landorus
|-damage|p2a: Landorus|0 fnt
|faint|p2a: Landorus
|-ability|p1a: Blacephalon|Beast Boost|boost
|-boost|p1a: Blacephalon|spa|1
|
|upkeep
|
|t:|1661518760
|switch|p2a: Tapu Koko|Tapu Koko|88/100
|-damage|p2a: Tapu Koko|76/100|[from] Stealth Rock
|-fieldstart|move: Electric Terrain|[from] ability: Electric Surge|[of] p2a: Tapu Koko
|turn|26
|
|t:|1661518767
|move|p2a: Tapu Koko|Thunderbolt|p1a: Blacephalon
|-damage|p1a: Blacephalon|0 fnt
|faint|p1a: Blacephalon
|
|upkeep
|
|t:|1661518769
|switch|p1a: Melmetal|Melmetal|51/100
|-damage|p1a: Melmetal|45/100|[from] Stealth Rock
|turn|27
|
|t:|1661518778
|switch|p2a: Heatran|Heatran, M|100/100
|-damage|p2a: Heatran|88/100|[from] Stealth Rock
|-item|p2a: Heatran|Air Balloon
|move|p1a: Melmetal|Superpower|p2a: Heatran
|-supereffective|p2a: Heatran
|-damage|p2a: Heatran|7/100
|-unboost|p1a: Melmetal|atk|1
|-unboost|p1a: Melmetal|def|1
|-enditem|p2a: Heatran|Air Balloon
|
|-heal|p1a: Melmetal|51/100|[from] item: Leftovers
|upkeep
|turn|28
|
|t:|1661518781
|move|p1a: Melmetal|Protect|p1a: Melmetal
|-singleturn|p1a: Melmetal|Protect
|move|p2a: Heatran|Earth Power|p1a: Melmetal
|-activate|p1a: Melmetal|move: Protect
|
|-heal|p1a: Melmetal|57/100|[from] item: Leftovers
|upkeep
|turn|29
|
|t:|1661518784
|switch|p1a: Tapu Lele|Tapu Lele|100/100
|-damage|p1a: Tapu Lele|88/100|[from] Stealth Rock
|-fieldstart|move: Psychic Terrain|[from] ability: Psychic Surge|[of] p1a: Tapu Lele
|move|p2a: Heatran|Earth Power|p1a: Tapu Lele
|-damage|p1a: Tapu Lele|54/100
|
|upkeep
|turn|30
|l| Ctannn
|
|t:|1661518793
|move|p1a: Tapu Lele|Moonblast|p2a: Heatran
|-resisted|p2a: Heatran
|-damage|p2a: Heatran|0 fnt
|faint|p2a: Heatran
|
|upkeep
|
|t:|1661518798
|switch|p2a: Tapu Koko|Tapu Koko|76/100
|-damage|p2a: Tapu Koko|63/100|[from] Stealth Rock
|-fieldstart|move: Electric Terrain|[from] ability: Electric Surge|[of] p2a: Tapu Koko
|turn|31
|
|t:|1661518806
|move|p2a: Tapu Koko|Thunderbolt|p1a: Tapu Lele
|-damage|p1a: Tapu Lele|0 fnt
|faint|p1a: Tapu Lele
|
|upkeep
|j| LT94JE Herv
|
|t:|1661518809
|switch|p1a: Melmetal|Melmetal|57/100
|-damage|p1a: Melmetal|51/100|[from] Stealth Rock
|turn|32
|
|t:|1661518837
|move|p2a: Tapu Koko|Thunderbolt|p1a: Melmetal
|-damage|p1a: Melmetal|6/100
|-status|p1a: Melmetal|par
|cant|p1a: Melmetal|par
|
|-heal|p1a: Melmetal|12/100 par|[from] item: Leftovers
|upkeep
|turn|33
|l| LT94JE Genesis
|-message|LT94JE DS forfeited.
|
|win|bramitoboy
|raw|LT94JE DS's rating: 1803 &rarr; <strong>1793</strong><br />(-10 for losing)
|raw|bramitoboy's rating: 1987 &rarr; <strong>1997</strong><br />(+10 for winning)
|l|☆LT94JE DS
|l| Quagshi
|l|☆bramitoboy
|l| LT94JE Herv
|l| ufjrjtjjtkt
