|j|☆JooshP
|j|☆Pok et glace
|t:|1662811387
|gametype|singles
|player|p1|JooshP|red|1750
|player|p2|Pok et glace|cynthia-masters|1757
|teamsize|p1|6
|teamsize|p2|6
|gen|8
|tier|[Gen 8] OU
|rated|
|rule|Sleep Clause Mod: Limit one foe put to sleep
|rule|Species Clause: Limit one of each Pokémon
|rule|OHKO Clause: OHKO moves are banned
|rule|Evasion Items Clause: Evasion items are banned
|rule|Evasion Moves Clause: Evasion moves are banned
|rule|Endless Battle Clause: Forcing endless battles is banned
|rule|HP Percentage Mod: HP is shown in percentages
|rule|Dynamax Clause: You cannot dynamax
|clearpoke
|poke|p1|Blacephalon|
|poke|p1|Tornadus-Therian, M|
|poke|p1|Skarmory, F|
|poke|p1|Slowking-Galar, M|
|poke|p1|Garchomp, F|
|poke|p1|Jirachi|
|poke|p2|Mew|
|poke|p2|Crawdaunt, F|
|poke|p2|Celesteela|
|poke|p2|Garchomp, M|
|poke|p2|Weavile, F|
|poke|p2|Blacephalon|
|teampreview
|inactive|Battle timer is ON: inactive players will automatically lose when time's up. (requested by JooshP)
|j| Chiwis Del Norte
|
|t:|1662811405
|start
|switch|p1a: Tornadus|Tornadus-Therian, M|100/100
|switch|p2a: Blacephalon|Blacephalon|100/100
|turn|1
|
|t:|1662811413
|switch|p2a: Hair|Weavile, F|100/100
|move|p1a: Tornadus|Knock Off|p2a: Hair
|-resisted|p2a: Hair
|-damage|p2a: Hair|83/100
|-enditem|p2a: Hair|Life Orb|[from] move: Knock Off|[of] p1a: Tornadus
|-enditem|p1a: Tornadus|Heavy-Duty Boots|[silent]|[from] ability: Pickpocket|[of] p1a: Tornadus
|-item|p2a: Hair|Heavy-Duty Boots|[from] ability: Pickpocket|[of] p1a: Tornadus
|
|upkeep
|turn|2
|
|t:|1662811418
|switch|p1a: Skarmory|Skarmory, F|100/100
|move|p2a: Hair|Knock Off|p1a: Skarmory
|-damage|p1a: Skarmory|72/100
|-damage|p2a: Hair|67/100|[from] item: Rocky Helmet|[of] p1a: Skarmory
|-enditem|p1a: Skarmory|Rocky Helmet|[from] move: Knock Off|[of] p2a: Hair
|
|upkeep
|turn|3
|
|t:|1662811425
|switch|p2a: Sperm thing|Mew|100/100
|move|p1a: Skarmory|Roost|p1a: Skarmory
|-heal|p1a: Skarmory|100/100
|-singleturn|p1a: Skarmory|move: Roost
|
|upkeep
|turn|4
|
|t:|1662811430
|move|p2a: Sperm thing|Taunt|p1a: Skarmory
|-start|p1a: Skarmory|move: Taunt
|cant|p1a: Skarmory|move: Taunt|Spikes
|
|upkeep
|turn|5
|
|t:|1662811433
|switch|p1a: Tornadus|Tornadus-Therian, M|100/100
|move|p2a: Sperm thing|Thunder Wave|p1a: Tornadus
|-status|p1a: Tornadus|par
|
|upkeep
|turn|6
|
|t:|1662811436
|move|p2a: Sperm thing|Stealth Rock|p1a: Tornadus
|-sidestart|p1: JooshP|move: Stealth Rock
|cant|p1a: Tornadus|par
|
|upkeep
|turn|7
|
|t:|1662811441
|move|p2a: Sperm thing|Spikes|p1a: Tornadus
|-sidestart|p1: JooshP|Spikes
|move|p1a: Tornadus|Defog|p2a: Sperm thing
|-unboost|p2a: Sperm thing|evasion|1
|-sideend|p1: JooshP|Spikes|[from] move: Defog|[of] p1a: Tornadus
|-sideend|p1: JooshP|Stealth Rock|[from] move: Defog|[of] p1a: Tornadus
|
|upkeep
|turn|8
|
|t:|1662811444
|move|p2a: Sperm thing|Stealth Rock|p1a: Tornadus
|-sidestart|p1: JooshP|move: Stealth Rock
|move|p1a: Tornadus|Hurricane|p2a: Sperm thing
|-damage|p2a: Sperm thing|66/100
|
|upkeep
|turn|9
|
|t:|1662811448
|move|p2a: Sperm thing|Taunt|p1a: Tornadus
|-start|p1a: Tornadus|move: Taunt
|cant|p1a: Tornadus|par
|
|upkeep
|turn|10
|
|t:|1662811452
|move|p2a: Sperm thing|Spikes|p1a: Tornadus
|-sidestart|p1: JooshP|Spikes
|move|p1a: Tornadus|U-turn|p2a: Sperm thing
|-supereffective|p2a: Sperm thing
|-damage|p2a: Sperm thing|41/100
|
|t:|1662811455
|switch|p1a: Garchomp|Garchomp, F|100/100|[from]move: U-turn
|-damage|p1a: Garchomp|94/100|[from] Stealth Rock
|-damage|p1a: Garchomp|82/100|[from] Spikes
|
|-heal|p1a: Garchomp|88/100|[from] item: Leftovers
|upkeep
|turn|11
|
|t:|1662811460
|move|p1a: Garchomp|Stealth Rock|p2a: Sperm thing
|-sidestart|p2: Pok et glace|move: Stealth Rock
|move|p2a: Sperm thing|Spikes|p1a: Garchomp
|-sidestart|p1: JooshP|Spikes
|
|-heal|p1a: Garchomp|94/100|[from] item: Leftovers
|upkeep
|turn|12
|
|t:|1662811466
|move|p1a: Garchomp|Earthquake|p2a: Sperm thing
|-damage|p2a: Sperm thing|0 fnt
|faint|p2a: Sperm thing
|
|-heal|p1a: Garchomp|100/100|[from] item: Leftovers
|upkeep
|
|t:|1662811470
|switch|p2a: Bod|Celesteela|100/100
|-damage|p2a: Bod|88/100|[from] Stealth Rock
|turn|13
|
|t:|1662811472
|switch|p1a: Jirachi|Jirachi|100/100
|-damage|p1a: Jirachi|94/100|[from] Stealth Rock
|-damage|p1a: Jirachi|78/100|[from] Spikes
|move|p2a: Bod|Autotomize|p2a: Bod
|-boost|p2a: Bod|spe|2
|-start|p2a: Bod|Autotomize
|
|upkeep
|turn|14
|
|t:|1662811475
|move|p2a: Bod|Fire Blast|p1a: Jirachi
|-supereffective|p1a: Jirachi
|-damage|p1a: Jirachi|5/100
|move|p1a: Jirachi|Thunder|p2a: Bod
|-supereffective|p2a: Bod
|-damage|p2a: Bod|0 fnt
|faint|p2a: Bod
|
|upkeep
|
|t:|1662811485
|switch|p2a: Garchomp|Garchomp, M|100/100
|-damage|p2a: Garchomp|94/100|[from] Stealth Rock
|turn|15
|
|t:|1662811489
|switch|p1a: Skarmory|Skarmory, F|100/100
|-damage|p1a: Skarmory|88/100|[from] Stealth Rock
|move|p2a: Garchomp|Swords Dance|p2a: Garchomp
|-boost|p2a: Garchomp|atk|2
|
|upkeep
|turn|16
|
|t:|1662811493
|move|p2a: Garchomp|Aqua Tail|p1a: Skarmory
|-crit|p1a: Skarmory
|-damage|p1a: Skarmory|33/100
|move|p1a: Skarmory|Roost|p1a: Skarmory
|-heal|p1a: Skarmory|83/100
|-singleturn|p1a: Skarmory|move: Roost
|
|upkeep
|turn|17
|
|t:|1662811499
|move|p2a: Garchomp|Swords Dance|p2a: Garchomp
|-boost|p2a: Garchomp|atk|2
|move|p1a: Skarmory|Whirlwind|p2a: Garchomp
|drag|p2a: Blacephalon|Blacephalon|100/100
|-damage|p2a: Blacephalon|76/100|[from] Stealth Rock
|
|upkeep
|turn|18
|
|t:|1662811506
|switch|p1a: Jirachi|Jirachi|5/100
|-damage|p1a: Jirachi|0 fnt|[from] Stealth Rock
|faint|p1a: Jirachi
|move|p2a: Blacephalon|Shadow Ball|p1: Jirachi|[notarget]
|-fail|p2a: Blacephalon
|
|upkeep
|
|t:|1662811508
|switch|p1a: Tornadus|Tornadus-Therian, M|100/100 par
|-damage|p1a: Tornadus|76/100 par|[from] Stealth Rock
|turn|19
|
|t:|1662811513
|switch|p2a: Garchomp|Garchomp, M|94/100
|-damage|p2a: Garchomp|88/100|[from] Stealth Rock
|cant|p1a: Tornadus|par
|
|upkeep
|turn|20
|
|t:|1662811518
|move|p2a: Garchomp|Swords Dance|p2a: Garchomp
|-boost|p2a: Garchomp|atk|2
|move|p1a: Tornadus|Defog|p2a: Garchomp
|-unboost|p2a: Garchomp|evasion|1
|-sideend|p2: Pok et glace|Stealth Rock|[from] move: Defog|[of] p1a: Tornadus
|-sideend|p1: JooshP|Spikes|[from] move: Defog|[of] p1a: Tornadus
|-sideend|p1: JooshP|Stealth Rock|[from] move: Defog|[of] p1a: Tornadus
|
|upkeep
|turn|21
|
|t:|1662811523
|move|p2a: Garchomp|Aqua Tail|p1a: Tornadus
|-damage|p1a: Tornadus|0 fnt
|faint|p1a: Tornadus
|
|upkeep
|
|t:|1662811527
|switch|p1a: Skarmory|Skarmory, F|83/100
|turn|22
|
|t:|1662811532
|move|p2a: Garchomp|Aqua Tail|p1a: Skarmory
|-damage|p1a: Skarmory|46/100
|move|p1a: Skarmory|Spikes|p2a: Garchomp
|-sidestart|p2: Pok et glace|Spikes
|
|upkeep
|turn|23
|
|t:|1662811536
|move|p2a: Garchomp|Swords Dance|p2a: Garchomp
|-boost|p2a: Garchomp|atk|2
|move|p1a: Skarmory|Roost|p1a: Skarmory
|-heal|p1a: Skarmory|96/100
|-singleturn|p1a: Skarmory|move: Roost
|
|upkeep
|turn|24
|
|t:|1662811539
|move|p2a: Garchomp|Aqua Tail|p1a: Skarmory
|-damage|p1a: Skarmory|37/100
|move|p1a: Skarmory|Whirlwind|p2a: Garchomp
|drag|p2a: Hair|Weavile, F|67/100
|
|upkeep
|turn|25
|
|t:|1662811546
|move|p2a: Hair|Triple Axel|p1a: Skarmory
|-damage|p1a: Skarmory|29/100
|-damage|p1a: Skarmory|17/100
|-damage|p1a: Skarmory|0 fnt
|faint|p1a: Skarmory
|-hitcount|p1: Skarmory|3
|
|upkeep
|
|t:|1662811552
|switch|p1a: Blacephalon|Blacephalon|100/100
|turn|26
|
|t:|1662811557
|switch|p2a: Garchomp|Garchomp, M|88/100
|-damage|p2a: Garchomp|76/100|[from] Spikes
|move|p1a: Blacephalon|Flamethrower|p2a: Garchomp
|-resisted|p2a: Garchomp
|-damage|p2a: Garchomp|45/100
|
|upkeep
|turn|27
|j| AnJian
|
|t:|1662811568
|switch|p1a: Garchomp|Garchomp, F|100/100
|move|p2a: Garchomp|Earthquake|p1a: Garchomp
|-damage|p1a: Garchomp|46/100
|
|-heal|p1a: Garchomp|53/100|[from] item: Leftovers
|upkeep
|turn|28
|
|t:|1662811573
|move|p2a: Garchomp|Scale Shot|p1a: Garchomp
|-supereffective|p1a: Garchomp
|-damage|p1a: Garchomp|27/100
|-supereffective|p1a: Garchomp
|-damage|p1a: Garchomp|0 fnt
|faint|p1a: Garchomp
|-hitcount|p1: Garchomp|2
|-unboost|p2a: Garchomp|def|1
|-boost|p2a: Garchomp|spe|1
|
|upkeep
|
|t:|1662811576
|switch|p1a: Blacephalon|Blacephalon|100/100
|turn|29
|
|t:|1662811578
|move|p1a: Blacephalon|Shadow Ball|p2a: Garchomp
|-damage|p2a: Garchomp|0 fnt
|faint|p2a: Garchomp
|-ability|p1a: Blacephalon|Beast Boost|boost
|-boost|p1a: Blacephalon|spa|1
|
|upkeep
|
|t:|1662811585
|switch|p2a: Hair|Weavile, F|67/100
|turn|30
|
|t:|1662811601
|move|p1a: Blacephalon|Shadow Ball|p2a: Hair
|-resisted|p2a: Hair
|-damage|p2a: Hair|22/100
|move|p2a: Hair|Knock Off|p1a: Blacephalon
|-supereffective|p1a: Blacephalon
|-damage|p1a: Blacephalon|0 fnt
|-enditem|p1a: Blacephalon|Choice Scarf|[from] move: Knock Off|[of] p2a: Hair
|faint|p1a: Blacephalon
|
|upkeep
|
|t:|1662811604
|switch|p1a: Slowking|Slowking-Galar, M|100/100
|turn|31
|
|t:|1662811607
|move|p2a: Hair|Knock Off|p1a: Slowking
|-supereffective|p1a: Slowking
|-damage|p1a: Slowking|0 fnt
|-enditem|p1a: Slowking|Assault Vest|[from] move: Knock Off|[of] p2a: Hair
|faint|p1a: Slowking
|
|win|Pok et glace
|raw|JooshP's rating: 1750 &rarr; <strong>1730</strong><br />(-20 for losing)
|raw|Pok et glace's rating: 1757 &rarr; <strong>1777</strong><br />(+20 for winning)
|l|☆Pok et glace
|l|☆JooshP
||Ladder isn't responding, score probably updated but might not have (Request timeout).
|l| AnJian
