|j|☆SuperTheoryBros
|j|☆Steez Ibanez
|t:|1631567761
|gametype|singles
|player|p1|SuperTheoryBros|1|1772
|player|p2|Steez Ibanez|pokemonranger-gen4|1993
|teamsize|p1|6
|teamsize|p2|6
|gen|8
|tier|[Gen 8] OU
|rated|
|rule|Sleep Clause Mod: Limit one foe put to sleep
|rule|Species Clause: Limit one of each Pokémon
|rule|OHKO Clause: OHKO moves are banned
|rule|Evasion Moves Clause: Evasion moves are banned
|rule|Endless Battle Clause: Forcing endless battles is banned
|rule|HP Percentage Mod: HP is shown in percentages
|rule|Dynamax Clause: You cannot dynamax
|clearpoke
|poke|p1|Chansey, F|
|poke|p1|Toxapex, F|
|poke|p1|Dragapult, F|
|poke|p1|Landorus-Therian, M|
|poke|p1|Ferrothorn, M|
|poke|p1|Hatterene, F|
|poke|p2|Ferrothorn, M|
|poke|p2|Tapu Fini|
|poke|p2|Landorus-Therian, M|
|poke|p2|Regieleki|
|poke|p2|Kyurem|
|poke|p2|Heatran, M|
|teampreview
|inactive|Battle timer is ON: inactive players will automatically lose when time's up. (requested by SuperTheoryBros)
|j| vepp
|
|t:|1631567769
|start
|switch|p1a: Landorus|Landorus-Therian, M|100/100
|switch|p2a: Simba|Landorus-Therian, M|100/100
|-ability|p2a: Simba|Intimidate|boost
|-unboost|p1a: Landorus|atk|1
|-ability|p1a: Landorus|Intimidate|boost
|-unboost|p2a: Simba|atk|1
|turn|1
|
|t:|1631567780
|switch|p2a: Abomination|Ferrothorn, M|100/100
|move|p1a: Landorus|Stealth Rock|p2a: Abomination
|-sidestart|p2: Steez Ibanez|move: Stealth Rock
|
|upkeep
|turn|2
|j| OU make me yawn♤
|j| Hayer
|j| isa200bela
|
|t:|1631567801
|switch|p1a: Ferrothorn|Ferrothorn, M|100/100
|move|p2a: Abomination|Knock Off|p1a: Ferrothorn
|-damage|p1a: Ferrothorn|88/100
|-damage|p2a: Abomination|88/100|[from] ability: Iron Barbs|[of] p1a: Ferrothorn
|-enditem|p1a: Ferrothorn|Leftovers|[from] move: Knock Off|[of] p2a: Abomination
|
|upkeep
|turn|3
|
|t:|1631567813
|move|p2a: Abomination|Knock Off|p1a: Ferrothorn
|-damage|p1a: Ferrothorn|79/100
|-damage|p2a: Abomination|76/100|[from] ability: Iron Barbs|[of] p1a: Ferrothorn
|move|p1a: Ferrothorn|Spikes|p2a: Abomination
|-sidestart|p2: Steez Ibanez|Spikes
|
|upkeep
|turn|4
|
|t:|1631567820
|switch|p1a: Hatterene|Hatterene, F|100/100
|move|p2a: Abomination|Knock Off|p1a: Hatterene
|-damage|p1a: Hatterene|81/100
|-enditem|p1a: Hatterene|Leftovers|[from] move: Knock Off|[of] p2a: Abomination
|
|upkeep
|turn|5
|
|t:|1631567836
|switch|p1a: Dragapult|Dragapult, F|100/100
|switch|p2a: Hephaestus|Heatran, M|100/100
|-damage|p2a: Hephaestus|88/100|[from] Stealth Rock
|-damage|p2a: Hephaestus|76/100|[from] Spikes
|
|-heal|p2a: Hephaestus|82/100|[from] item: Leftovers
|upkeep
|turn|6
|
|t:|1631567847
|move|p1a: Dragapult|Thunder Wave|p2a: Hephaestus
|-status|p2a: Hephaestus|par
|move|p2a: Hephaestus|Stealth Rock|p1a: Dragapult
|-sidestart|p1: SuperTheoryBros|move: Stealth Rock
|
|-heal|p2a: Hephaestus|88/100 par|[from] item: Leftovers
|upkeep
|turn|7
|
|t:|1631567860
|switch|p1a: Toxapex|Toxapex, F|100/100
|-damage|p1a: Toxapex|88/100|[from] Stealth Rock
|switch|p2a: Watcher|Tapu Fini|100/100
|-damage|p2a: Watcher|88/100|[from] Spikes
|-damage|p2a: Watcher|76/100|[from] Stealth Rock
|-fieldstart|move: Misty Terrain|[from] ability: Misty Surge|[of] p2a: Watcher
|
|-heal|p2a: Watcher|82/100|[from] item: Leftovers
|upkeep
|turn|8
|l| Hayer
|
|t:|1631567868
|switch|p2a: Abomination|Ferrothorn, M|76/100
|-damage|p2a: Abomination|64/100|[from] Spikes
|-damage|p2a: Abomination|58/100|[from] Stealth Rock
|move|p1a: Toxapex|Knock Off|p2a: Abomination
|-damage|p2a: Abomination|50/100
|-damage|p1a: Toxapex|76/100|[from] ability: Iron Barbs|[of] p2a: Abomination
|-damage|p1a: Toxapex|60/100|[from] item: Rocky Helmet|[of] p2a: Abomination
|-enditem|p2a: Abomination|Rocky Helmet|[from] move: Knock Off|[of] p1a: Toxapex
|
|upkeep
|turn|9
|j| cypherstest
|
|t:|1631567879
|move|p1a: Toxapex|Toxic Spikes|p2a: Abomination
|-sidestart|p2: Steez Ibanez|move: Toxic Spikes
|move|p2a: Abomination|Gyro Ball|p1a: Toxapex
|-resisted|p1a: Toxapex
|-damage|p1a: Toxapex|53/100
|
|upkeep
|turn|10
|
|t:|1631567889
|switch|p1a: Hatterene|Hatterene, F|81/100
|-damage|p1a: Hatterene|69/100|[from] Stealth Rock
|move|p2a: Abomination|Gyro Ball|p1a: Hatterene
|-supereffective|p1a: Hatterene
|-damage|p1a: Hatterene|33/100
|
|upkeep
|turn|11
|
|t:|1631567902
|switch|p2a: Hephaestus|Heatran, M|88/100 par
|-damage|p2a: Hephaestus|76/100 par|[from] Stealth Rock
|-damage|p2a: Hephaestus|63/100 par|[from] Spikes
|move|p1a: Hatterene|Mystical Fire|p2a: Hephaestus
|-start|p2a: Hephaestus|ability: Flash Fire
|
|-heal|p2a: Hephaestus|69/100 par|[from] item: Leftovers
|-fieldend|Misty Terrain
|upkeep
|turn|12
|
|t:|1631567916
|switch|p1a: Toxapex|Toxapex, F|86/100
|-damage|p1a: Toxapex|74/100|[from] Stealth Rock
|cant|p2a: Hephaestus|par
|
|-heal|p2a: Hephaestus|76/100 par|[from] item: Leftovers
|upkeep
|turn|13
|
|t:|1631567927
|-end|p2a: Hephaestus|ability: Flash Fire|[silent]
|switch|p2a: Abomination|Ferrothorn, M|50/100
|-damage|p2a: Abomination|44/100|[from] Stealth Rock
|-damage|p2a: Abomination|32/100|[from] Spikes
|move|p1a: Toxapex|Knock Off|p2a: Abomination
|-damage|p2a: Abomination|27/100
|-damage|p1a: Toxapex|62/100|[from] ability: Iron Barbs|[of] p2a: Abomination
|
|upkeep
|turn|14
|j| Alt account 6969
|
|t:|1631567940
|switch|p1a: Ferrothorn|Ferrothorn, M|79/100
|-damage|p1a: Ferrothorn|73/100|[from] Stealth Rock
|move|p2a: Abomination|Spikes|p1a: Ferrothorn
|-sidestart|p1: SuperTheoryBros|Spikes
|
|upkeep
|turn|15
|
|t:|1631567950
|move|p1a: Ferrothorn|Spikes|p2a: Abomination
|-sidestart|p2: Steez Ibanez|Spikes
|move|p2a: Abomination|Spikes|p1a: Ferrothorn
|-sidestart|p1: SuperTheoryBros|Spikes
|
|upkeep
|turn|16
|
|t:|1631567963
|switch|p2a: Ethernet|Regieleki|100/100
|move|p1a: Ferrothorn|Spikes|p2a: Ethernet
|-sidestart|p2: Steez Ibanez|Spikes
|
|upkeep
|turn|17
|
|t:|1631567973
|switch|p1a: Dragapult|Dragapult, F|100/100
|-damage|p1a: Dragapult|84/100|[from] Spikes
|-damage|p1a: Dragapult|72/100|[from] Stealth Rock
|move|p2a: Ethernet|Rapid Spin|p1a: Dragapult
|-immune|p1a: Dragapult
|
|upkeep
|turn|18
|
|t:|1631567983
|move|p1a: Dragapult|Dragon Darts|p2a: Ethernet
|-damage|p2a: Ethernet|49/100
|-anim|p1a: Dragapult|Dragon Darts|p2a: Ethernet
|-damage|p2a: Ethernet|0 fnt
|faint|p2a: Ethernet
|
|upkeep
|c|☆Steez Ibanez|Lmao
|c|☆Steez Ibanez|no way
|
|t:|1631567992
|switch|p2a: Simba|Landorus-Therian, M|100/100
|-damage|p2a: Simba|88/100|[from] Stealth Rock
|-ability|p2a: Simba|Intimidate|boost
|-unboost|p1a: Dragapult|atk|1
|turn|19
|j| fluffy cow9
|
|t:|1631568004
|switch|p1a: Landorus|Landorus-Therian, M|100/100
|-damage|p1a: Landorus|88/100|[from] Stealth Rock
|-ability|p1a: Landorus|Intimidate|boost
|-unboost|p2a: Simba|atk|1
|move|p2a: Simba|Knock Off|p1a: Landorus
|-damage|p1a: Landorus|64/100
|-enditem|p1a: Landorus|Scope Lens|[from] move: Knock Off|[of] p2a: Simba
|
|upkeep
|turn|20
|j| kromage2icey
|inactive|SuperTheoryBros has 120 seconds left.
|
|t:|1631568038
|switch|p2a: Abomination|Ferrothorn, M|27/100
|-damage|p2a: Abomination|2/100|[from] Spikes
|-damage|p2a: Abomination|0 fnt|[from] Stealth Rock
|faint|p2a: Abomination
|move|p1a: Landorus|Stone Edge|p2: Abomination|[notarget]
|-fail|p1a: Landorus
|
|upkeep
|
|t:|1631568041
|switch|p2a: Simba|Landorus-Therian, M|88/100
|-damage|p2a: Simba|76/100|[from] Stealth Rock
|-ability|p2a: Simba|Intimidate|boost
|-unboost|p1a: Landorus|atk|1
|turn|21
|l| kromage2icey
|l| Alt account 6969
|inactive|SuperTheoryBros has 120 seconds left.
|j| Alt account 6969
|
|t:|1631568063
|switch|p1a: Ferrothorn|Ferrothorn, M|73/100
|-damage|p1a: Ferrothorn|67/100|[from] Stealth Rock
|-damage|p1a: Ferrothorn|50/100|[from] Spikes
|move|p2a: Simba|Stone Edge|p1a: Ferrothorn
|-resisted|p1a: Ferrothorn
|-crit|p1a: Ferrothorn
|-damage|p1a: Ferrothorn|33/100
|
|upkeep
|turn|22
|inactive|SuperTheoryBros has 120 seconds left.
|
|t:|1631568075
|switch|p2a: Hephaestus|Heatran, M|76/100 par
|-damage|p2a: Hephaestus|51/100 par|[from] Spikes
|-damage|p2a: Hephaestus|38/100 par|[from] Stealth Rock
|move|p1a: Ferrothorn|Leech Seed|p2a: Hephaestus
|-start|p2a: Hephaestus|move: Leech Seed
|
|-heal|p2a: Hephaestus|45/100 par|[from] item: Leftovers
|-damage|p2a: Hephaestus|32/100 par|[from] Leech Seed|[of] p1a: Ferrothorn
|-heal|p1a: Ferrothorn|47/100|[silent]
|upkeep
|turn|23
|inactive|SuperTheoryBros has 120 seconds left.
|
|t:|1631568091
|switch|p2a: Simba|Landorus-Therian, M|76/100
|-damage|p2a: Simba|64/100|[from] Stealth Rock
|-ability|p2a: Simba|Intimidate|boost
|-unboost|p1a: Ferrothorn|atk|1
|move|p1a: Ferrothorn|Gyro Ball|p2a: Simba
|-damage|p2a: Simba|29/100
|
|upkeep
|turn|24
|
|t:|1631568105
|switch|p1a: Landorus|Landorus-Therian, M|64/100
|-damage|p1a: Landorus|52/100|[from] Stealth Rock
|-ability|p1a: Landorus|Intimidate|boost
|-unboost|p2a: Simba|atk|1
|move|p2a: Simba|Earthquake|p1a: Landorus
|-immune|p1a: Landorus
|
|upkeep
|turn|25
|
|t:|1631568114
|switch|p2a: Hephaestus|Heatran, M|32/100 par
|-damage|p2a: Hephaestus|20/100 par|[from] Stealth Rock
|-damage|p2a: Hephaestus|0 fnt|[from] Spikes
|faint|p2a: Hephaestus
|move|p1a: Landorus|Stone Edge|p2: Hephaestus|[notarget]
|-fail|p1a: Landorus
|
|upkeep
|
|t:|1631568118
|switch|p2a: Simba|Landorus-Therian, M|29/100
|-damage|p2a: Simba|17/100|[from] Stealth Rock
|-ability|p2a: Simba|Intimidate|boost
|-unboost|p1a: Landorus|atk|1
|turn|26
|inactive|SuperTheoryBros has 120 seconds left.
|
|t:|1631568145
|move|p2a: Simba|Stone Edge|p1a: Landorus
|-damage|p1a: Landorus|12/100
|move|p1a: Landorus|Stone Edge|p2a: Simba
|-damage|p2a: Simba|0 fnt
|faint|p2a: Simba
|
|upkeep
|
|t:|1631568148
|switch|p2a: Watcher|Tapu Fini|82/100
|-status|p2a: Watcher|psn
|-damage|p2a: Watcher|57/100 psn|[from] Spikes
|-damage|p2a: Watcher|45/100 psn|[from] Stealth Rock
|-fieldstart|move: Misty Terrain|[from] ability: Misty Surge|[of] p2a: Watcher
|turn|27
|
|t:|1631568163
|move|p1a: Landorus|Earthquake|p2a: Watcher
|-damage|p2a: Watcher|19/100 psn
|move|p2a: Watcher|Surf|p1a: Landorus
|-supereffective|p1a: Landorus
|-damage|p1a: Landorus|0 fnt
|faint|p1a: Landorus
|
|-heal|p2a: Watcher|26/100 psn|[from] item: Leftovers
|-damage|p2a: Watcher|13/100 psn|[from] psn
|upkeep
|inactive|SuperTheoryBros has 90 seconds left.
|
|t:|1631568189
|switch|p1a: Toxapex|Toxapex, F|95/100
|-damage|p1a: Toxapex|78/100|[from] Spikes
|-damage|p1a: Toxapex|66/100|[from] Stealth Rock
|turn|28
|
|t:|1631568196
|move|p2a: Watcher|Taunt|p1a: Toxapex
|-start|p1a: Toxapex|move: Taunt
|move|p1a: Toxapex|Knock Off|p2a: Watcher
|-resisted|p2a: Watcher
|-damage|p2a: Watcher|9/100 psn
|-enditem|p2a: Watcher|Leftovers|[from] move: Knock Off|[of] p1a: Toxapex
|
|-damage|p2a: Watcher|0 fnt|[from] psn
|faint|p2a: Watcher
|upkeep
|
|t:|1631568198
|switch|p2a: Baldor|Kyurem|100/100
|-damage|p2a: Baldor|76/100|[from] Spikes
|-damage|p2a: Baldor|51/100|[from] Stealth Rock
|-ability|p2a: Baldor|Pressure
|turn|29
|
|t:|1631568214
|move|p2a: Baldor|Substitute|p2a: Baldor
|-start|p2a: Baldor|Substitute
|-damage|p2a: Baldor|26/100
|move|p1a: Toxapex|Knock Off|p2a: Baldor
|-activate|p2a: Baldor|move: Substitute|[damage]
|
|-heal|p2a: Baldor|32/100|[from] item: Leftovers
|upkeep
|turn|30
|inactive|SuperTheoryBros has 90 seconds left.
|
|t:|1631568243
|switch|p1a: Ferrothorn|Ferrothorn, M|47/100
|-damage|p1a: Ferrothorn|31/100|[from] Spikes
|-damage|p1a: Ferrothorn|24/100|[from] Stealth Rock
|move|p2a: Baldor|Ice Beam|p1a: Ferrothorn
|-damage|p1a: Ferrothorn|0 fnt
|faint|p1a: Ferrothorn
|
|-heal|p2a: Baldor|38/100|[from] item: Leftovers
|upkeep
|
|t:|1631568249
|switch|p1a: Dragapult|Dragapult, F|72/100
|-damage|p1a: Dragapult|55/100|[from] Spikes
|-damage|p1a: Dragapult|43/100|[from] Stealth Rock
|turn|31
|
|t:|1631568269
|move|p1a: Dragapult|Dragon Darts|p2a: Baldor
|-supereffective|p2a: Baldor
|-damage|p2a: Baldor|14/100
|-anim|p1a: Dragapult|Dragon Darts|p2a: Baldor
|-supereffective|p2a: Baldor
|-damage|p2a: Baldor|0 fnt
|faint|p2a: Baldor
|
|win|SuperTheoryBros
|raw|SuperTheoryBros's rating: 1772 &rarr; <strong>1804</strong><br />(+32 for winning)
|raw|Steez Ibanez's rating: 2012 &rarr; <strong>1980</strong><br />(-32 for losing)
|l|☆Steez Ibanez
|c| OU make me yawn♤|Scarf 😳
|l| cypherstest
|l| isa200bela
|l| fluffy cow9
||Ladder isn't responding, score probably updated but might not have (Request timeout).
