|j|☆cump2
|j|☆hotman101
|t:|1633111839
|gametype|singles
|player|p1|cump2|2|1665
|player|p2|hotman101|firebreather|1688
|teamsize|p1|6
|teamsize|p2|6
|gen|8
|tier|[Gen 8] OU
|rated|
|rule|Sleep Clause Mod: Limit one foe put to sleep
|rule|Species Clause: Limit one of each Pokémon
|rule|OHKO Clause: OHKO moves are banned
|rule|Evasion Moves Clause: Evasion moves are banned
|rule|Endless Battle Clause: Forcing endless battles is banned
|rule|HP Percentage Mod: HP is shown in percentages
|rule|Dynamax Clause: You cannot dynamax
|clearpoke
|poke|p1|Landorus-Therian, M|
|poke|p1|Urshifu-*, F|
|poke|p1|Dragapult, F|
|poke|p1|Corviknight, M|
|poke|p1|Slowking-Galar, M|
|poke|p1|Kartana|
|poke|p2|Weavile, M|
|poke|p2|Landorus-Therian, M|
|poke|p2|Melmetal|
|poke|p2|Tapu Fini|
|poke|p2|Dragapult, F|
|poke|p2|Volcarona, F|
|teampreview
|inactive|Battle timer is ON: inactive players will automatically lose when time's up. (requested by hotman101)
|
|t:|1633111859
|start
|switch|p1a: Urshifu|Urshifu-Rapid-Strike, F, shiny|100/100
|switch|p2a: Dragapult|Dragapult, F, shiny|100/100
|turn|1
|
|t:|1633111864
|switch|p1a: Landorus|Landorus-Therian, M|100/100
|-ability|p1a: Landorus|Intimidate|boost
|-fail|p2a: Dragapult|unboost|[from] ability: Clear Body|[of] p2a: Dragapult
|move|p2a: Dragapult|Dragon Darts|p1a: Landorus
|-damage|p1a: Landorus|61/100
|-anim|p2a: Dragapult|Dragon Darts|p1a: Landorus
|-damage|p1a: Landorus|21/100
|
|-heal|p1a: Landorus|28/100|[from] item: Leftovers
|upkeep
|turn|2
|
|t:|1633111867
|move|p2a: Dragapult|Dragon Darts|p1a: Landorus
|-damage|p1a: Landorus|0 fnt
|faint|p1a: Landorus
|
|upkeep
|
|t:|1633111873
|switch|p1a: Kartana|Kartana, shiny|100/100
|turn|3
|
|t:|1633111884
|switch|p2a: Landorus|Landorus-Therian, M, shiny|100/100
|-ability|p2a: Landorus|Intimidate|boost
|-unboost|p1a: Kartana|atk|1
|move|p1a: Kartana|Knock Off|p2a: Landorus
|-damage|p2a: Landorus|75/100
|-enditem|p2a: Landorus|Leftovers|[from] move: Knock Off|[of] p1a: Kartana
|
|upkeep
|turn|4
|inactive|hotman101 has 120 seconds left.
|
|t:|1633111923
|switch|p1a: Corviknight|Corviknight, M|100/100
|-ability|p1a: Corviknight|Pressure
|move|p2a: Landorus|U-turn|p1a: Corviknight
|-resisted|p1a: Corviknight
|-damage|p1a: Corviknight|97/100
|-damage|p2a: Landorus|58/100|[from] item: Rocky Helmet|[of] p1a: Corviknight
|
|t:|1633111936
|switch|p2a: Volcarona|Volcarona, F|100/100|[from]move: U-turn
|
|upkeep
|turn|5
|
|t:|1633111949
|move|p2a: Volcarona|Fiery Dance|p1a: Corviknight
|-supereffective|p1a: Corviknight
|-damage|p1a: Corviknight|31/100
|move|p1a: Corviknight|U-turn|p2a: Volcarona
|-resisted|p2a: Volcarona
|-damage|p2a: Volcarona|91/100
|
|t:|1633111952
|switch|p1a: Urshifu|Urshifu-Rapid-Strike, F, shiny|100/100|[from]move: U-turn
|
|upkeep
|turn|6
|inactive|hotman101 has 120 seconds left.
|
|t:|1633111976
|move|p2a: Volcarona|Psychic|p1a: Urshifu
|-supereffective|p1a: Urshifu
|-damage|p1a: Urshifu|23/100
|move|p1a: Urshifu|Surging Strikes|p2a: Volcarona
|-supereffective|p2a: Volcarona
|-crit|p2a: Volcarona
|-damage|p2a: Volcarona|17/100
|-supereffective|p2a: Volcarona
|-crit|p2a: Volcarona
|-damage|p2a: Volcarona|0 fnt
|faint|p2a: Volcarona
|-hitcount|p2: Volcarona|2
|
|upkeep
|
|t:|1633111981
|switch|p2a: Dragapult|Dragapult, F, shiny|100/100
|turn|7
|
|t:|1633111991
|switch|p1a: Corviknight|Corviknight, M|31/100
|-ability|p1a: Corviknight|Pressure
|move|p2a: Dragapult|Dragon Darts|p1a: Corviknight
|-resisted|p1a: Corviknight
|-damage|p1a: Corviknight|20/100
|-anim|p2a: Dragapult|Dragon Darts|p1a: Corviknight
|-resisted|p1a: Corviknight
|-damage|p1a: Corviknight|7/100
|
|upkeep
|turn|8
|
|t:|1633111993
|move|p2a: Dragapult|Dragon Darts|p1a: Corviknight
|-resisted|p1a: Corviknight
|-crit|p1a: Corviknight
|-damage|p1a: Corviknight|0 fnt
|faint|p1a: Corviknight
|
|upkeep
|
|t:|1633111995
|switch|p1a: Kartana|Kartana, shiny|100/100
|turn|9
|
|t:|1633112005
|switch|p2a: Melmetal|Melmetal, shiny|100/100
|move|p1a: Kartana|Knock Off|p2a: Melmetal
|-damage|p2a: Melmetal|79/100
|-enditem|p2a: Melmetal|Choice Band|[from] move: Knock Off|[of] p1a: Kartana
|
|upkeep
|turn|10
|
|t:|1633112013
|switch|p1a: Dragapult|Dragapult, F, shiny|100/100
|move|p2a: Melmetal|Double Iron Bash|p1a: Dragapult
|-damage|p1a: Dragapult|41/100
|-damage|p1a: Dragapult|0 fnt
|faint|p1a: Dragapult
|-hitcount|p1: Dragapult|2
|
|upkeep
|
|t:|1633112014
|switch|p1a: Urshifu|Urshifu-Rapid-Strike, F, shiny|23/100
|turn|11
|
|t:|1633112019
|switch|p2a: Dragapult|Dragapult, F, shiny|100/100
|move|p1a: Urshifu|Surging Strikes|p2a: Dragapult
|-resisted|p2a: Dragapult
|-crit|p2a: Dragapult
|-damage|p2a: Dragapult|79/100
|-resisted|p2a: Dragapult
|-crit|p2a: Dragapult
|-damage|p2a: Dragapult|57/100
|-resisted|p2a: Dragapult
|-crit|p2a: Dragapult
|-damage|p2a: Dragapult|36/100
|-hitcount|p2a: Dragapult|3
|
|upkeep
|turn|12
|
|t:|1633112026
|switch|p1a: Kartana|Kartana, shiny|100/100
|move|p2a: Dragapult|Dragon Darts|p1a: Kartana
|-resisted|p1a: Kartana
|-damage|p1a: Kartana|78/100
|-anim|p2a: Dragapult|Dragon Darts|p1a: Kartana
|-resisted|p1a: Kartana
|-damage|p1a: Kartana|59/100
|
|upkeep
|turn|13
|
|t:|1633112033
|switch|p2a: Melmetal|Melmetal, shiny|79/100
|move|p1a: Kartana|Knock Off|p2a: Melmetal
|-damage|p2a: Melmetal|64/100
|
|upkeep
|turn|14
|
|t:|1633112037
|switch|p1a: Urshifu|Urshifu-Rapid-Strike, F, shiny|23/100
|move|p2a: Melmetal|Double Iron Bash|p1a: Urshifu
|-resisted|p1a: Urshifu
|-damage|p1a: Urshifu|0 fnt
|faint|p1a: Urshifu
|-hitcount|p1: Urshifu|1
|
|upkeep
|
|t:|1633112038
|switch|p1a: Slowking|Slowking-Galar, M, shiny|100/100
|turn|15
|
|t:|1633112046
|move|p2a: Melmetal|Double Iron Bash|p1a: Slowking
|-damage|p1a: Slowking|53/100
|-damage|p1a: Slowking|4/100
|-hitcount|p1a: Slowking|2
|cant|p1a: Slowking|flinch
|
|upkeep
|turn|16
|-message|cump2 forfeited.
|
|win|hotman101
|raw|cump2's rating: 1665 &rarr; <strong>1646</strong><br />(-19 for losing)
|raw|hotman101's rating: 1688 &rarr; <strong>1707</strong><br />(+19 for winning)
|l|☆cump2
||Ladder isn't responding, score probably updated but might not have (Request timeout).
