|j|☆IIIodyne
|j|☆JoJo Reference #10
|t:|1664500232
|gametype|singles
|player|p1|IIIodyne|170|1737
|player|p2|JoJo Reference #10|1|1748
|teamsize|p1|6
|teamsize|p2|6
|gen|8
|tier|[Gen 8] OU
|rated|
|rule|Sleep Clause Mod: Limit one foe put to sleep
|rule|Species Clause: Limit one of each Pokémon
|rule|OHKO Clause: OHKO moves are banned
|rule|Evasion Items Clause: Evasion items are banned
|rule|Evasion Moves Clause: Evasion moves are banned
|rule|Endless Battle Clause: Forcing endless battles is banned
|rule|HP Percentage Mod: HP is shown in percentages
|rule|Dynamax Clause: You cannot dynamax
|clearpoke
|poke|p1|Snorlax, F|
|poke|p1|Suicune|
|poke|p1|Melmetal|
|poke|p1|Victini|
|poke|p1|Landorus-Therian, M|
|poke|p1|Zapdos|
|poke|p2|Torkoal, F|
|poke|p2|Venusaur, F|
|poke|p2|Heatran, M|
|poke|p2|Mandibuzz, F|
|poke|p2|Rhyperior, M|
|poke|p2|Volcanion|
|teampreview
|
|t:|1664500250
|start
|switch|p1a: Landorus|Landorus-Therian, M|100/100
|switch|p2a: Torkoal|Torkoal, F|100/100
|-ability|p1a: Landorus|Intimidate|boost
|-unboost|p2a: Torkoal|atk|1
|-weather|SunnyDay|[from] ability: Drought|[of] p2a: Torkoal
|turn|1
|
|t:|1664500254
|move|p1a: Landorus|Earthquake|p2a: Torkoal
|-supereffective|p2a: Torkoal
|-damage|p2a: Torkoal|34/100
|move|p2a: Torkoal|Stealth Rock|p1a: Landorus
|-sidestart|p1: IIIodyne|move: Stealth Rock
|
|-weather|SunnyDay|[upkeep]
|upkeep
|turn|2
|
|t:|1664500260
|switch|p2a: Mandibuzz|Mandibuzz, F|100/100
|move|p1a: Landorus|Earthquake|p2a: Mandibuzz
|-immune|p2a: Mandibuzz
|
|-weather|SunnyDay|[upkeep]
|upkeep
|turn|3
|
|t:|1664500263
|switch|p1a: Zapdos|Zapdos|100/100
|move|p2a: Mandibuzz|U-turn|p1a: Zapdos
|-resisted|p1a: Zapdos
|-damage|p1a: Zapdos|94/100
|
|t:|1664500269
|switch|p2a: Heatran|Heatran, M|100/100|[from]move: U-turn
|
|-weather|SunnyDay|[upkeep]
|upkeep
|turn|4
|j| Iphone312
|
|t:|1664500275
|switch|p1a: Snorlax|Snorlax, F|100/100
|-damage|p1a: Snorlax|88/100|[from] Stealth Rock
|move|p2a: Heatran|Magma Storm|p1a: Snorlax
|-damage|p1a: Snorlax|72/100
|-activate|p1a: Snorlax|move: Magma Storm|[of] p2a: Heatran
|
|-weather|SunnyDay|[upkeep]
|-heal|p1a: Snorlax|78/100|[from] item: Leftovers
|-damage|p1a: Snorlax|66/100|[from] move: Magma Storm|[partiallytrapped]
|upkeep
|turn|5
|
|t:|1664500282
|switch|p2a: Rhyperior|Rhyperior, M|100/100
|move|p1a: Snorlax|Body Slam|p2a: Rhyperior
|-resisted|p2a: Rhyperior
|-damage|p2a: Rhyperior|89/100
|
|-weather|SunnyDay|[upkeep]
|-heal|p2a: Rhyperior|96/100|[from] item: Leftovers
|-heal|p1a: Snorlax|72/100|[from] item: Leftovers
|-end|p1a: Snorlax|Magma Storm|[partiallytrapped]|[silent]
|upkeep
|turn|6
|
|t:|1664500306
|switch|p1a: Melmetal|Melmetal|100/100
|-damage|p1a: Melmetal|94/100|[from] Stealth Rock
|move|p2a: Rhyperior|Swords Dance|p2a: Rhyperior
|-boost|p2a: Rhyperior|atk|2
|
|-weather|SunnyDay|[upkeep]
|-heal|p2a: Rhyperior|100/100|[from] item: Leftovers
|upkeep
|turn|7
|
|t:|1664500313
|switch|p1a: Landorus|Landorus-Therian, M|100/100
|-damage|p1a: Landorus|88/100|[from] Stealth Rock
|-ability|p1a: Landorus|Intimidate|boost
|-unboost|p2a: Rhyperior|atk|1
|move|p2a: Rhyperior|Earthquake|p1a: Landorus
|-immune|p1a: Landorus
|
|-weather|SunnyDay|[upkeep]
|upkeep
|turn|8
|j| HaxxIsPain
|
|t:|1664500319
|move|p1a: Landorus|U-turn|p2a: Rhyperior
|-damage|p2a: Rhyperior|81/100
|
|t:|1664500321
|switch|p1a: Suicune|Suicune|100/100|[from]move: U-turn
|-damage|p1a: Suicune|88/100|[from] Stealth Rock
|-ability|p1a: Suicune|Pressure
|move|p2a: Rhyperior|Stone Edge|p1a: Suicune
|-crit|p1a: Suicune
|-damage|p1a: Suicune|8/100
|
|-weather|none
|-heal|p1a: Suicune|14/100|[from] item: Leftovers
|-heal|p2a: Rhyperior|87/100|[from] item: Leftovers
|upkeep
|turn|9
|j| Tactics4630
|
|t:|1664500328
|switch|p2a: Volcanion|Volcanion|100/100
|move|p1a: Suicune|Scald|p2a: Volcanion
|-immune|p2a: Volcanion|[from] ability: Water Absorb
|
|-heal|p1a: Suicune|20/100|[from] item: Leftovers
|upkeep
|turn|10
|
|t:|1664500340
|move|p2a: Volcanion|Steam Eruption|p1a: Suicune
|-resisted|p1a: Suicune
|-damage|p1a: Suicune|0 fnt
|faint|p1a: Suicune
|
|upkeep
|
|t:|1664500344
|switch|p1a: Zapdos|Zapdos|94/100
|turn|11
|
|t:|1664500348
|switch|p2a: Rhyperior|Rhyperior, M|87/100
|move|p1a: Zapdos|Defog|p2a: Rhyperior
|-unboost|p2a: Rhyperior|evasion|1
|-sideend|p1: IIIodyne|Stealth Rock|[from] move: Defog|[of] p1a: Zapdos
|
|-heal|p2a: Rhyperior|93/100|[from] item: Leftovers
|upkeep
|turn|12
|
|t:|1664500350
|move|p1a: Zapdos|Volt Switch|p2a: Rhyperior
|-immune|p2a: Rhyperior
|move|p2a: Rhyperior|Stone Edge|p1a: Zapdos|[miss]
|-miss|p2a: Rhyperior|p1a: Zapdos
|
|-heal|p2a: Rhyperior|99/100|[from] item: Leftovers
|upkeep
|turn|13
|
|t:|1664500358
|switch|p1a: Melmetal|Melmetal|94/100
|move|p2a: Rhyperior|Swords Dance|p2a: Rhyperior
|-boost|p2a: Rhyperior|atk|2
|
|-heal|p2a: Rhyperior|100/100|[from] item: Leftovers
|upkeep
|turn|14
|
|t:|1664500365
|move|p2a: Rhyperior|Earthquake|p1a: Melmetal
|-supereffective|p1a: Melmetal
|-damage|p1a: Melmetal|0 fnt
|faint|p1a: Melmetal
|
|upkeep
|
|t:|1664500372
|switch|p1a: Landorus|Landorus-Therian, M|88/100
|-ability|p1a: Landorus|Intimidate|boost
|-unboost|p2a: Rhyperior|atk|1
|turn|15
|
|t:|1664500375
|move|p1a: Landorus|Earthquake|p2a: Rhyperior
|-supereffective|p2a: Rhyperior
|-damage|p2a: Rhyperior|43/100
|move|p2a: Rhyperior|Stone Edge|p1a: Landorus
|-damage|p1a: Landorus|0 fnt
|faint|p1a: Landorus
|
|-heal|p2a: Rhyperior|49/100|[from] item: Leftovers
|upkeep
|
|t:|1664500383
|switch|p1a: Victini|Victini|100/100
|turn|16
|
|t:|1664500385
|move|p1a: Victini|V-create|p2a: Rhyperior
|-resisted|p2a: Rhyperior
|-damage|p2a: Rhyperior|5/100
|-unboost|p1a: Victini|spe|1
|-unboost|p1a: Victini|def|1
|-unboost|p1a: Victini|spd|1
|move|p2a: Rhyperior|Stone Edge|p1a: Victini
|-supereffective|p1a: Victini
|-damage|p1a: Victini|0 fnt
|faint|p1a: Victini
|
|-heal|p2a: Rhyperior|11/100|[from] item: Leftovers
|upkeep
|-message|IIIodyne forfeited.
|
|win|JoJo Reference #10
|raw|IIIodyne's rating: 1737 &rarr; <strong>1718</strong><br />(-19 for losing)
|raw|JoJo Reference #10's rating: 1748 &rarr; <strong>1767</strong><br />(+19 for winning)
