|html|<div class="broadcast-blue"><strong>[Gen 8] OU is currently suspecting Melmetal! For information on how to participate check out the <a href="https://www.smogon.com/forums/threads/np-ss-ou-suspect-process-round-12-monster-mash.3709234/">suspect thread</a>.</strong></div>
|j|☆Steez Ibanez
|j|☆Daevank5
|t:|1665852396
|gametype|singles
|player|p1|Steez Ibanez|acetrainer-gen7|1686
|player|p2|Daevank5|workerice|1824
|teamsize|p1|6
|teamsize|p2|6
|gen|8
|tier|[Gen 8] OU
|rated|
|rule|Sleep Clause Mod: Limit one foe put to sleep
|rule|Species Clause: Limit one of each Pokémon
|rule|OHKO Clause: OHKO moves are banned
|rule|Evasion Items Clause: Evasion items are banned
|rule|Evasion Moves Clause: Evasion moves are banned
|rule|Endless Battle Clause: Forcing endless battles is banned
|rule|HP Percentage Mod: HP is shown in percentages
|rule|Dynamax Clause: You cannot dynamax
|clearpoke
|poke|p1|Clefable, M|
|poke|p1|Zapdos-Galar|
|poke|p1|Tapu Koko|
|poke|p1|Melmetal|
|poke|p1|Garchomp, M|
|poke|p1|Ferrothorn, M|
|poke|p2|Bisharp, M|
|poke|p2|Slowking, F|
|poke|p2|Zapdos|
|poke|p2|Diggersby, F|
|poke|p2|Gengar, M|
|poke|p2|Buzzwole|
|teampreview
|
|t:|1665852424
|start
|switch|p1a: Kenny Omega|Zapdos-Galar|100/100
|switch|p2a: Diggersby|Diggersby, F|100/100
|turn|1
|
|t:|1665852437
|switch|p1a: Samehada|Garchomp, M|100/100
|move|p2a: Diggersby|Earthquake|p1a: Samehada
|-damage|p1a: Samehada|23/100
|
|-heal|p1a: Samehada|30/100|[from] item: Leftovers
|upkeep
|turn|2
|
|t:|1665852444
|move|p1a: Samehada|Stealth Rock|p2a: Diggersby
|-sidestart|p2: Daevank5|move: Stealth Rock
|move|p2a: Diggersby|Earthquake|p1a: Samehada
|-damage|p1a: Samehada|0 fnt
|faint|p1a: Samehada
|
|upkeep
|
|t:|1665852448
|switch|p1a: Kenny Omega|Zapdos-Galar|100/100
|turn|3
|inactive|Battle timer is ON: inactive players will automatically lose when time's up. (requested by Daevank5)
|
|t:|1665852453
|switch|p2a: Zapdos|Zapdos|100/100
|move|p1a: Kenny Omega|Thunderous Kick|p2a: Zapdos
|-resisted|p2a: Zapdos
|-damage|p2a: Zapdos|74/100
|-unboost|p2a: Zapdos|def|1
|
|upkeep
|turn|4
|
|t:|1665852458
|move|p1a: Kenny Omega|Thunderous Kick|p2a: Zapdos
|-resisted|p2a: Zapdos
|-damage|p2a: Zapdos|37/100
|-unboost|p2a: Zapdos|def|1
|-status|p1a: Kenny Omega|par|[from] ability: Static|[of] p2a: Zapdos
|move|p2a: Zapdos|Discharge|p1a: Kenny Omega
|-supereffective|p1a: Kenny Omega
|-damage|p1a: Kenny Omega|20/100 par
|
|upkeep
|turn|5
|
|t:|1665852465
|move|p2a: Zapdos|Discharge|p1a: Kenny Omega
|-supereffective|p1a: Kenny Omega
|-damage|p1a: Kenny Omega|0 fnt
|faint|p1a: Kenny Omega
|
|upkeep
|
|t:|1665852467
|switch|p1a: Birdman|Tapu Koko|100/100
|-fieldstart|move: Electric Terrain|[from] ability: Electric Surge|[of] p1a: Birdman
|turn|6
|
|t:|1665852480
|move|p1a: Birdman|Volt Switch|p2a: Zapdos
|-damage|p2a: Zapdos|0 fnt
|faint|p2a: Zapdos
|j| WlhTMort
|
|t:|1665852486
|switch|p1a: Majinn|Clefable, M|100/100|[from]move: Volt Switch
|
|upkeep
|
|t:|1665852500
|switch|p2a: Bisharp|Bisharp, M|100/100
|-damage|p2a: Bisharp|95/100|[from] Stealth Rock
|turn|7
|
|t:|1665852504
|move|p2a: Bisharp|Iron Head|p1a: Majinn
|-supereffective|p1a: Majinn
|-damage|p1a: Majinn|20/100
|cant|p1a: Majinn|flinch
|
|upkeep
|turn|8
|
|t:|1665852507
|move|p2a: Bisharp|Knock Off|p1a: Majinn
|-resisted|p1a: Majinn
|-damage|p1a: Majinn|0 fnt
|-enditem|p1a: Majinn|Sticky Barb|[from] move: Knock Off|[of] p2a: Bisharp
|faint|p1a: Majinn
|
|upkeep
|
|t:|1665852514
|switch|p1a: Birdman|Tapu Koko|100/100
|turn|9
|
|t:|1665852519
|move|p1a: Birdman|U-turn|p2a: Bisharp
|-damage|p2a: Bisharp|75/100
|
|t:|1665852521
|switch|p1a: Abomination|Ferrothorn, M|100/100|[from]move: U-turn
|move|p2a: Bisharp|Swords Dance|p2a: Bisharp
|-boost|p2a: Bisharp|atk|2
|
|upkeep
|turn|10
|
|t:|1665852524
|move|p2a: Bisharp|Knock Off|p1a: Abomination
|-damage|p1a: Abomination|19/100
|-damage|p2a: Bisharp|63/100|[from] ability: Iron Barbs|[of] p1a: Abomination
|-damage|p2a: Bisharp|46/100|[from] item: Rocky Helmet|[of] p1a: Abomination
|-enditem|p1a: Abomination|Rocky Helmet|[from] move: Knock Off|[of] p2a: Bisharp
|move|p1a: Abomination|Spikes|p2a: Bisharp
|-sidestart|p2: Daevank5|Spikes
|
|-fieldend|move: Electric Terrain
|upkeep
|turn|11
|
|t:|1665852527
|move|p2a: Bisharp|Knock Off|p1a: Abomination
|-damage|p1a: Abomination|0 fnt
|-damage|p2a: Bisharp|34/100|[from] ability: Iron Barbs|[of] p1a: Abomination
|faint|p1a: Abomination
|
|upkeep
|
|t:|1665852529
|switch|p1a: Birdman|Tapu Koko|100/100
|-fieldstart|move: Electric Terrain|[from] ability: Electric Surge|[of] p1a: Birdman
|turn|12
|
|t:|1665852531
|move|p2a: Bisharp|Sucker Punch|p1a: Birdman
|-resisted|p1a: Birdman
|-damage|p1a: Birdman|31/100
|move|p1a: Birdman|Dazzling Gleam|p2a: Bisharp
|-damage|p2a: Bisharp|0 fnt
|faint|p2a: Bisharp
|
|upkeep
|
|t:|1665852535
|switch|p2a: Gengar|Gengar, M|100/100
|-damage|p2a: Gengar|88/100|[from] Stealth Rock
|-damage|p2a: Gengar|76/100|[from] Spikes
|turn|13
|
|t:|1665852538
|switch|p1a: Luke Cage|Melmetal|100/100
|move|p2a: Gengar|Shadow Ball|p1a: Luke Cage
|-damage|p1a: Luke Cage|60/100
|
|upkeep
|turn|14
|
|t:|1665852542
|switch|p2a: Buzzwole|Buzzwole|100/100
|move|p1a: Luke Cage|Double Iron Bash|p2a: Buzzwole
|-damage|p2a: Buzzwole|72/100
|-damage|p2a: Buzzwole|41/100
|-hitcount|p2a: Buzzwole|2
|
|upkeep
|turn|15
|
|t:|1665852548
|move|p2a: Buzzwole|Close Combat|p1a: Luke Cage
|-supereffective|p1a: Luke Cage
|-damage|p1a: Luke Cage|0 fnt
|-unboost|p2a: Buzzwole|def|1
|-unboost|p2a: Buzzwole|spd|1
|faint|p1a: Luke Cage
|-ability|p2a: Buzzwole|Beast Boost|boost
|-boost|p2a: Buzzwole|atk|1
|
|upkeep
|
|t:|1665852550
|switch|p1a: Birdman|Tapu Koko|31/100
|turn|16
|
|t:|1665852553
|move|p1a: Birdman|Dazzling Gleam|p2a: Buzzwole
|-supereffective|p2a: Buzzwole
|-damage|p2a: Buzzwole|0 fnt
|faint|p2a: Buzzwole
|
|-fieldend|move: Electric Terrain
|upkeep
|
|t:|1665852557
|switch|p2a: Gengar|Gengar, M|76/100
|-damage|p2a: Gengar|64/100|[from] Stealth Rock
|-damage|p2a: Gengar|51/100|[from] Spikes
|turn|17
|
|t:|1665852560
|move|p2a: Gengar|Sludge Wave|p1a: Birdman
|-supereffective|p1a: Birdman
|-damage|p1a: Birdman|0 fnt
|faint|p1a: Birdman
|
|win|Daevank5
|raw|Steez Ibanez's rating: 1686 &rarr; <strong>1674</strong><br />(-12 for losing)
|raw|Daevank5's rating: 1824 &rarr; <strong>1836</strong><br />(+12 for winning)
|l|☆Steez Ibanez
||Ladder isn't responding, score probably updated but might not have (Request timeout).
