|j|☆Meroz
|j|☆codenamehyacinth
|player|p1|Meroz|101|1791
|player|p2|codenamehyacinth|benga|1712
|teamsize|p1|6
|teamsize|p2|6
|gametype|singles
|gen|8
|tier|[Gen 8] OU
|rated|
|clearpoke
|poke|p1|Gengar, M|
|poke|p1|Magearna|
|poke|p1|Kommo-o, M|
|poke|p1|Terrakion|
|poke|p1|Comfey, M|
|poke|p1|Cinderace, F|
|poke|p2|Rillaboom, F|
|poke|p2|Rotom-Heat|
|poke|p2|Toxapex, F|
|poke|p2|Magearna|
|poke|p2|Marowak-Alola, M|
|poke|p2|Mienshao, F|
|rule|Sleep Clause Mod: Limit one foe put to sleep
|rule|Species Clause: Limit one of each Pokémon
|rule|OHKO Clause: OHKO moves are banned
|rule|Evasion Moves Clause: Evasion moves are banned
|rule|Endless Battle Clause: Forcing endless battles is banned
|rule|HP Percentage Mod: HP is shown in percentages
|rule|Dynamax Clause: You cannot dynamax
|teampreview
|j| ITHB
|inactive|Battle timer is ON: inactive players will automatically lose when time's up. (requested by codenamehyacinth)
|
|start
|switch|p1a: Cinderace|Cinderace, F|100/100
|switch|p2a: Rillaboom|Rillaboom, F|100/100
|-fieldstart|move: Grassy Terrain|[from] ability: Grassy Surge|[of] p2a: Rillaboom
|turn|1
|
|switch|p1a: Kommo-o|Kommo-o, M|100/100
|switch|p2a: Toxapex|Toxapex, F|100/100
|
|upkeep
|turn|2
|
|switch|p1a: Magearna|Magearna|100/100
|switch|p2a: Magearna|Magearna|100/100
|
|upkeep
|turn|3
|
|move|p2a: Magearna|Volt Switch|p1a: Magearna
|-damage|p1a: Magearna|84/100
|
|switch|p2a: Rotom|Rotom-Heat|100/100|[from]move: Volt Switch
|move|p1a: Magearna|Volt Switch|p2a: Rotom
|-resisted|p2a: Rotom
|-damage|p2a: Rotom|88/100
|
|switch|p1a: Kommo-o|Kommo-o, M|100/100|[from]move: Volt Switch
|
|upkeep
|turn|4
|
|move|p2a: Rotom|Volt Switch|p1a: Kommo-o
|-resisted|p1a: Kommo-o
|-damage|p1a: Kommo-o|86/100
|
|switch|p2a: Toxapex|Toxapex, F|100/100|[from]move: Volt Switch
|move|p1a: Kommo-o|Stealth Rock|p2a: Toxapex
|-sidestart|p2: codenamehyacinth|move: Stealth Rock
|
|-heal|p1a: Kommo-o|92/100|[from] item: Leftovers
|-heal|p1a: Kommo-o|98/100|[from] Grassy Terrain
|upkeep
|turn|5
|
|switch|p1a: Magearna|Magearna|84/100
|move|p2a: Toxapex|Scald|p1a: Magearna
|-crit|p1a: Magearna
|-damage|p1a: Magearna|66/100
|
|-heal|p1a: Magearna|72/100|[from] Grassy Terrain
|-fieldend|move: Grassy Terrain
|upkeep
|turn|6
|
|switch|p1a: Kommo-o|Kommo-o, M|98/100
|move|p2a: Toxapex|Scald|p1a: Kommo-o
|-resisted|p1a: Kommo-o
|-damage|p1a: Kommo-o|91/100
|
|-heal|p1a: Kommo-o|97/100|[from] item: Leftovers
|upkeep
|turn|7
|
|switch|p1a: Magearna|Magearna|72/100
|move|p2a: Toxapex|Scald|p1a: Magearna
|-damage|p1a: Magearna|61/100
|-status|p1a: Magearna|brn
|
|-damage|p1a: Magearna|55/100 brn|[from] brn
|upkeep
|turn|8
|
|switch|p2a: Marowak|Marowak-Alola, M|100/100
|-damage|p2a: Marowak|76/100|[from] Stealth Rock
|move|p1a: Magearna|Thunderbolt|p2a: Marowak
|-ability|p2a: Marowak|Lightning Rod|boost
|-boost|p2a: Marowak|spa|1
|
|-damage|p1a: Magearna|49/100 brn|[from] brn
|upkeep
|-enditem|p1a: Magearna|Sitrus Berry|[eat]
|-heal|p1a: Magearna|74/100 brn|[from] item: Sitrus Berry
|turn|9
|
|switch|p1a: Kommo-o|Kommo-o, M|97/100
|move|p2a: Marowak|Shadow Bone|p1a: Kommo-o
|-damage|p1a: Kommo-o|58/100
|-unboost|p1a: Kommo-o|def|1
|
|-heal|p1a: Kommo-o|65/100|[from] item: Leftovers
|upkeep
|turn|10
|
|switch|p2a: Rotom|Rotom-Heat|88/100
|move|p1a: Kommo-o|Earthquake|p2a: Rotom
|-immune|p2a: Rotom|[from] ability: Levitate
|
|-heal|p1a: Kommo-o|71/100|[from] item: Leftovers
|upkeep
|turn|11
|
|move|p2a: Rotom|Defog|p1a: Kommo-o
|-unboost|p1a: Kommo-o|evasion|1
|-sideend|p2: codenamehyacinth|Stealth Rock|[from] move: Defog|[of] p2a: Rotom
|move|p1a: Kommo-o|Toxic|p2a: Rotom|[miss]
|-miss|p1a: Kommo-o|p2a: Rotom
|
|-heal|p1a: Kommo-o|77/100|[from] item: Leftovers
|upkeep
|turn|12
|
|move|p2a: Rotom|Volt Switch|p1a: Kommo-o
|-resisted|p1a: Kommo-o
|-damage|p1a: Kommo-o|62/100
|
|switch|p2a: Magearna|Magearna|100/100|[from]move: Volt Switch
|move|p1a: Kommo-o|Stealth Rock|p2a: Magearna
|-sidestart|p2: codenamehyacinth|move: Stealth Rock
|
|-heal|p1a: Kommo-o|68/100|[from] item: Leftovers
|upkeep
|turn|13
|
|switch|p1a: Magearna|Magearna|74/100 brn
|move|p2a: Magearna|Flash Cannon|p1a: Magearna
|-damage|p1a: Magearna|42/100 brn
|
|-damage|p1a: Magearna|36/100 brn|[from] brn
|upkeep
|turn|14
|
|move|p2a: Magearna|Flash Cannon|p1a: Magearna
|-damage|p1a: Magearna|5/100 brn
|move|p1a: Magearna|Volt Switch|p2a: Magearna
|-damage|p2a: Magearna|89/100
|
|switch|p1a: Cinderace|Cinderace, F|100/100|[from]move: Volt Switch
|
|upkeep
|turn|15
|
|switch|p2a: Toxapex|Toxapex, F|100/100
|-damage|p2a: Toxapex|88/100|[from] Stealth Rock
|move|p1a: Cinderace|Pyro Ball|p2a: Toxapex
|-resisted|p2a: Toxapex
|-damage|p2a: Toxapex|70/100
|
|-heal|p2a: Toxapex|76/100|[from] item: Black Sludge
|upkeep
|turn|16
|
|move|p1a: Cinderace|U-turn|p2a: Toxapex
|-start|p1a: Cinderace|typechange|Bug|[from] ability: Libero
|-resisted|p2a: Toxapex
|-damage|p2a: Toxapex|66/100
|
|switch|p1a: Magearna|Magearna|5/100 brn|[from]move: U-turn
|move|p2a: Toxapex|Recover|p2a: Toxapex
|-heal|p2a: Toxapex|100/100
|
|-damage|p1a: Magearna|0 fnt|[from] brn
|faint|p1a: Magearna
|upkeep
|
|switch|p1a: Gengar|Gengar, M|100/100
|turn|17
|
|switch|p2a: Magearna|Magearna|89/100
|-damage|p2a: Magearna|83/100|[from] Stealth Rock
|move|p1a: Gengar|Nasty Plot|p1a: Gengar
|-boost|p1a: Gengar|spa|2
|
|upkeep
|turn|18
|
|move|p1a: Gengar|Shadow Ball|p2a: Magearna
|-damage|p2a: Magearna|36/100
|move|p2a: Magearna|Shadow Ball|p1a: Gengar
|-supereffective|p1a: Gengar
|-damage|p1a: Gengar|0 fnt
|faint|p1a: Gengar
|-ability|p2a: Magearna|Soul-Heart|boost
|-boost|p2a: Magearna|spa|1
|
|upkeep
|
|switch|p1a: Cinderace|Cinderace, F|100/100
|turn|19
|
|move|p1a: Cinderace|U-turn|p2a: Magearna
|-start|p1a: Cinderace|typechange|Bug|[from] ability: Libero
|-resisted|p2a: Magearna
|-damage|p2a: Magearna|29/100
|
|switch|p1a: Kommo-o|Kommo-o, M|68/100|[from]move: U-turn
|move|p2a: Magearna|Draining Kiss|p1a: Kommo-o
|-supereffective|p1a: Kommo-o
|-damage|p1a: Kommo-o|0 fnt
|-heal|p2a: Magearna|83/100|[from] drain|[of] p1a: Kommo-o
|faint|p1a: Kommo-o
|-ability|p2a: Magearna|Soul-Heart|boost
|-boost|p2a: Magearna|spa|1
|
|upkeep
|-message|Meroz forfeited.
|
|win|codenamehyacinth
|l|☆Meroz
|raw|Meroz's rating: 1791 &rarr; <strong>1767</strong><br />(-24 for losing)
|raw|codenamehyacinth's rating: 1712 &rarr; <strong>1737</strong><br />(+25 for winning)
|l|☆codenamehyacinth
