|j|☆El Stefano
|j|☆AltoFGC
|t:|1651766382
|gametype|singles
|player|p1|El Stefano|102|1492
|player|p2|AltoFGC|lusamine-nihilego|1424
|teamsize|p1|6
|teamsize|p2|6
|gen|8
|tier|[Gen 8] OU
|rated|
|rule|Sleep Clause Mod: Limit one foe put to sleep
|rule|Species Clause: Limit one of each Pokémon
|rule|OHKO Clause: OHKO moves are banned
|rule|Evasion Moves Clause: Evasion moves are banned
|rule|Endless Battle Clause: Forcing endless battles is banned
|rule|HP Percentage Mod: HP is shown in percentages
|rule|Dynamax Clause: You cannot dynamax
|clearpoke
|poke|p1|Ninetales, F|
|poke|p1|Shiftry, M|
|poke|p1|Gastrodon, F|
|poke|p1|Darmanitan, F|
|poke|p1|Mandibuzz, F|
|poke|p1|Dragapult, F|
|poke|p2|Zapdos-Galar|
|poke|p2|Latias, F|
|poke|p2|Rotom-Heat|
|poke|p2|Ferrothorn, F|
|poke|p2|Corviknight, M|
|poke|p2|Mamoswine, M|
|teampreview
|inactive|Battle timer is ON: inactive players will automatically lose when time's up. (requested by AltoFGC)
|
|t:|1651766392
|start
|switch|p1a: Darmanitan|Darmanitan, F|100/100
|switch|p2a: Latias|Latias, F|100/100
|turn|1
|
|t:|1651766397
|move|p1a: Darmanitan|U-turn|p2a: Latias
|-supereffective|p2a: Latias
|-damage|p2a: Latias|55/100
|-enditem|p2a: Latias|Weakness Policy
|-boost|p2a: Latias|atk|2|[from] item: Weakness Policy
|-boost|p2a: Latias|spa|2|[from] item: Weakness Policy
|
|t:|1651766406
|switch|p1a: Mandibuzz|Mandibuzz, F|100/100|[from]move: U-turn
|move|p2a: Latias|Agility|p2a: Latias
|-boost|p2a: Latias|spe|2
|
|upkeep
|turn|2
|
|t:|1651766411
|move|p2a: Latias|Aura Sphere|p1a: Mandibuzz
|-damage|p1a: Mandibuzz|77/100
|move|p1a: Mandibuzz|Foul Play|p2a: Latias
|-supereffective|p2a: Latias
|-damage|p2a: Latias|0 fnt
|faint|p2a: Latias
|
|upkeep
|
|t:|1651766416
|switch|p2a: Mamoswine|Mamoswine, M|100/100
|turn|3
|
|t:|1651766423
|move|p2a: Mamoswine|Icicle Crash|p1a: Mandibuzz
|-supereffective|p1a: Mandibuzz
|-damage|p1a: Mandibuzz|13/100
|cant|p1a: Mandibuzz|flinch
|
|upkeep
|turn|4
|
|t:|1651766433
|switch|p1a: Ninetales|Ninetales, F|100/100
|-weather|SunnyDay|[from] ability: Drought|[of] p1a: Ninetales
|move|p2a: Mamoswine|Icicle Crash|p1a: Ninetales|[miss]
|-miss|p2a: Mamoswine|p1a: Ninetales
|
|-weather|SunnyDay|[upkeep]
|upkeep
|turn|5
|
|t:|1651766440
|move|p1a: Ninetales|Flamethrower|p2a: Mamoswine
|-supereffective|p2a: Mamoswine
|-damage|p2a: Mamoswine|0 fnt
|faint|p2a: Mamoswine
|
|-weather|SunnyDay|[upkeep]
|upkeep
|
|t:|1651766443
|switch|p2a: Rotom|Rotom-Heat|100/100
|turn|6
|
|t:|1651766448
|switch|p1a: Gastrodon|Gastrodon, F|100/100
|move|p2a: Rotom|Nasty Plot|p2a: Rotom
|-boost|p2a: Rotom|spa|2
|
|-weather|SunnyDay|[upkeep]
|upkeep
|turn|7
|
|t:|1651766454
|move|p2a: Rotom|Overheat|p1a: Gastrodon
|-resisted|p1a: Gastrodon
|-damage|p1a: Gastrodon|34/100
|-unboost|p2a: Rotom|spa|2
|move|p1a: Gastrodon|Toxic|p2a: Rotom
|-status|p2a: Rotom|tox
|
|-weather|SunnyDay|[upkeep]
|-heal|p1a: Gastrodon|40/100|[from] item: Leftovers
|-damage|p2a: Rotom|95/100 tox|[from] psn
|upkeep
|turn|8
|
|t:|1651766460
|move|p2a: Rotom|Overheat|p1a: Gastrodon
|-resisted|p1a: Gastrodon
|-damage|p1a: Gastrodon|6/100
|-unboost|p2a: Rotom|spa|2
|move|p1a: Gastrodon|Recover|p1a: Gastrodon
|-heal|p1a: Gastrodon|56/100
|
|-weather|SunnyDay|[upkeep]
|-heal|p1a: Gastrodon|62/100|[from] item: Leftovers
|-damage|p2a: Rotom|83/100 tox|[from] psn
|upkeep
|turn|9
|
|t:|1651766464
|switch|p2a: Ferrothorn|Ferrothorn, F|100/100
|move|p1a: Gastrodon|Recover|p1a: Gastrodon
|-heal|p1a: Gastrodon|100/100
|
|-weather|SunnyDay|[upkeep]
|upkeep
|turn|10
|
|t:|1651766469
|switch|p1a: Mandibuzz|Mandibuzz, F|13/100
|switch|p2a: Rotom|Rotom-Heat|83/100 tox
|
|-weather|SunnyDay|[upkeep]
|-damage|p2a: Rotom|77/100 tox|[from] psn
|upkeep
|turn|11
|
|t:|1651766473
|switch|p1a: Gastrodon|Gastrodon, F|100/100
|move|p2a: Rotom|Nasty Plot|p2a: Rotom
|-boost|p2a: Rotom|spa|2
|
|-weather|none
|-damage|p2a: Rotom|65/100 tox|[from] psn
|upkeep
|turn|12
|
|t:|1651766480
|move|p2a: Rotom|Pain Split|p1a: Gastrodon
|-sethp|p1a: Gastrodon|73/100|[from] move: Pain Split|[silent]
|-sethp|p2a: Rotom|100/100 tox|[from] move: Pain Split
|move|p1a: Gastrodon|Earthquake|p2a: Rotom
|-immune|p2a: Rotom|[from] ability: Levitate
|
|-heal|p1a: Gastrodon|79/100|[from] item: Leftovers
|-damage|p2a: Rotom|83/100 tox|[from] psn
|upkeep
|turn|13
|
|t:|1651766484
|switch|p2a: Zapdos|Zapdos-Galar|100/100
|move|p1a: Gastrodon|Recover|p1a: Gastrodon
|-heal|p1a: Gastrodon|100/100
|
|upkeep
|turn|14
|
|t:|1651766493
|move|p2a: Zapdos|Brave Bird|p1a: Gastrodon
|-damage|p1a: Gastrodon|35/100
|-damage|p2a: Zapdos|72/100|[from] Recoil
|move|p1a: Gastrodon|Yawn|p2a: Zapdos
|-start|p2a: Zapdos|move: Yawn|[of] p1a: Gastrodon
|
|-heal|p1a: Gastrodon|41/100|[from] item: Leftovers
|upkeep
|turn|15
|
|t:|1651766499
|switch|p1a: Ninetales|Ninetales, F|100/100
|-weather|SunnyDay|[from] ability: Drought|[of] p1a: Ninetales
|move|p2a: Zapdos|Brave Bird|p1a: Ninetales
|-damage|p1a: Ninetales|0 fnt
|faint|p1a: Ninetales
|-damage|p2a: Zapdos|42/100|[from] Recoil
|
|-weather|SunnyDay|[upkeep]
|-end|p2a: Zapdos|move: Yawn|[silent]
|-status|p2a: Zapdos|slp
|upkeep
|
|t:|1651766504
|switch|p1a: Shiftry|Shiftry, M|100/100
|turn|16
|
|t:|1651766509
|move|p1a: Shiftry|Growth|p1a: Shiftry
|-boost|p1a: Shiftry|atk|2
|-boost|p1a: Shiftry|spa|2
|cant|p2a: Zapdos|slp
|
|-weather|SunnyDay|[upkeep]
|upkeep
|turn|17
|
|t:|1651766514
|move|p1a: Shiftry|Heat Wave|p2a: Zapdos
|-damage|p2a: Zapdos|0 fnt
|faint|p2a: Zapdos
|-damage|p1a: Shiftry|91/100|[from] item: Life Orb
|
|-weather|SunnyDay|[upkeep]
|upkeep
|
|t:|1651766515
|switch|p2a: Rotom|Rotom-Heat|83/100 tox
|turn|18
|
|t:|1651766518
|move|p1a: Shiftry|Sucker Punch|p2a: Rotom
|-damage|p2a: Rotom|0 fnt
|faint|p2a: Rotom
|-damage|p1a: Shiftry|81/100|[from] item: Life Orb
|
|-weather|SunnyDay|[upkeep]
|upkeep
|
|t:|1651766521
|switch|p2a: Corviknight|Corviknight, M|100/100
|-ability|p2a: Corviknight|Pressure
|turn|19
|
|t:|1651766525
|move|p1a: Shiftry|Heat Wave|p2a: Corviknight
|-supereffective|p2a: Corviknight
|-damage|p2a: Corviknight|0 fnt
|faint|p2a: Corviknight
|-damage|p1a: Shiftry|71/100|[from] item: Life Orb
|
|-weather|SunnyDay|[upkeep]
|upkeep
|
|t:|1651766527
|switch|p2a: Ferrothorn|Ferrothorn, F|100/100
|turn|20
|
|t:|1651766529
|move|p1a: Shiftry|Heat Wave|p2a: Ferrothorn
|-supereffective|p2a: Ferrothorn
|-damage|p2a: Ferrothorn|0 fnt
|faint|p2a: Ferrothorn
|-damage|p1a: Shiftry|61/100|[from] item: Life Orb
|
|win|El Stefano
|raw|El Stefano's rating: 1492 &rarr; <strong>1508</strong><br />(+16 for winning)
|raw|AltoFGC's rating: 1424 &rarr; <strong>1408</strong><br />(-16 for losing)
|l|☆AltoFGC
