|j|☆minimax_ai
|j|☆Bloody Busybody
|t:|1665585011
|gametype|singles
|player|p1|minimax_ai|lusamine-nihilego|1644
|player|p2|Bloody Busybody|bugcatcher|1743
|teamsize|p1|6
|teamsize|p2|6
|gen|8
|tier|[Gen 8] OU
|rated|
|rule|Sleep Clause Mod: Limit one foe put to sleep
|rule|Species Clause: Limit one of each Pokémon
|rule|OHKO Clause: OHKO moves are banned
|rule|Evasion Items Clause: Evasion items are banned
|rule|Evasion Moves Clause: Evasion moves are banned
|rule|Endless Battle Clause: Forcing endless battles is banned
|rule|HP Percentage Mod: HP is shown in percentages
|rule|Dynamax Clause: You cannot dynamax
|clearpoke
|poke|p1|Rotom-Wash|
|poke|p1|Weavile, F|
|poke|p1|Landorus-Therian, M|
|poke|p1|Heatran, M|
|poke|p1|Tangrowth, M|
|poke|p1|Melmetal|
|poke|p2|Volcanion|
|poke|p2|Corviknight, M|
|poke|p2|Mamoswine, M|
|poke|p2|Blissey, F|
|poke|p2|Rillaboom, F|
|poke|p2|Hydreigon, M|
|teampreview
|c|☆minimax_ai|hf
|inactive|Battle timer is ON: inactive players will automatically lose when time's up. (requested by Bloody Busybody)
|inactive|minimax_ai also wants the timer to be on.
|
|t:|1665585016
|start
|switch|p1a: Melmetal|Melmetal|100/100
|switch|p2a: Volcanion|Volcanion|100/100
|turn|1
|
|t:|1665585022
|switch|p1a: rotomwash|Rotom-Wash|100/100
|move|p2a: Volcanion|Fire Blast|p1a: rotomwash
|-resisted|p1a: rotomwash
|-damage|p1a: rotomwash|47/100
|
|-heal|p1a: rotomwash|53/100|[from] item: Leftovers
|upkeep
|turn|2
|
|t:|1665585025
|switch|p2a: Blissey|Blissey, F|100/100
|move|p1a: rotomwash|Pain Split|p2a: Blissey
|-sethp|p2a: Blissey|62/100|[from] move: Pain Split|[silent]
|-sethp|p1a: rotomwash|100/100|[from] move: Pain Split
|
|upkeep
|turn|3
|
|t:|1665585027
|move|p1a: rotomwash|Pain Split|p2a: Blissey
|-sethp|p2a: Blissey|52/100|[from] move: Pain Split|[silent]
|-sethp|p1a: rotomwash|100/100|[from] move: Pain Split
|move|p2a: Blissey|Toxic|p1a: rotomwash
|-status|p1a: rotomwash|tox
|
|-damage|p1a: rotomwash|94/100 tox|[from] psn
|upkeep
|turn|4
|
|t:|1665585030
|move|p1a: rotomwash|Thunderbolt|p2a: Blissey
|-damage|p2a: Blissey|40/100
|move|p2a: Blissey|Soft-Boiled|p2a: Blissey
|-heal|p2a: Blissey|90/100
|
|-heal|p1a: rotomwash|100/100 tox|[from] item: Leftovers
|-damage|p1a: rotomwash|88/100 tox|[from] psn
|upkeep
|turn|5
|
|t:|1665585032
|move|p1a: rotomwash|Pain Split|p2a: Blissey
|-sethp|p2a: Blissey|64/100|[from] move: Pain Split|[silent]
|-sethp|p1a: rotomwash|100/100 tox|[from] move: Pain Split
|move|p2a: Blissey|Seismic Toss|p1a: rotomwash
|-damage|p1a: rotomwash|68/100 tox
|
|-heal|p1a: rotomwash|74/100 tox|[from] item: Leftovers
|-damage|p1a: rotomwash|55/100 tox|[from] psn
|upkeep
|turn|6
|
|t:|1665585036
|move|p1a: rotomwash|Pain Split|p2a: Blissey
|-sethp|p2a: Blissey|44/100|[from] move: Pain Split|[silent]
|-sethp|p1a: rotomwash|100/100 tox|[from] move: Pain Split
|move|p2a: Blissey|Seismic Toss|p1a: rotomwash
|-damage|p1a: rotomwash|68/100 tox
|
|-heal|p1a: rotomwash|74/100 tox|[from] item: Leftovers
|-damage|p1a: rotomwash|49/100 tox|[from] psn
|upkeep
|turn|7
|j| Bad Feeling
|
|t:|1665585041
|move|p1a: rotomwash|Pain Split|p2a: Blissey
|-sethp|p2a: Blissey|32/100|[from] move: Pain Split|[silent]
|-sethp|p1a: rotomwash|75/100 tox|[from] move: Pain Split
|move|p2a: Blissey|Seismic Toss|p1a: rotomwash
|-damage|p1a: rotomwash|43/100 tox
|
|-heal|p1a: rotomwash|49/100 tox|[from] item: Leftovers
|-damage|p1a: rotomwash|18/100 tox|[from] psn
|upkeep
|turn|8
|
|t:|1665585045
|move|p1a: rotomwash|Pain Split|p2a: Blissey
|-sethp|p2a: Blissey|20/100|[from] move: Pain Split|[silent]
|-sethp|p1a: rotomwash|47/100 tox|[from] move: Pain Split
|move|p2a: Blissey|Soft-Boiled|p2a: Blissey
|-heal|p2a: Blissey|70/100
|
|-heal|p1a: rotomwash|53/100 tox|[from] item: Leftovers
|-damage|p1a: rotomwash|15/100 tox|[from] psn
|upkeep
|turn|9
|
|t:|1665585048
|move|p1a: rotomwash|Pain Split|p2a: Blissey
|-sethp|p2a: Blissey|38/100|[from] move: Pain Split|[silent]
|-sethp|p1a: rotomwash|90/100 tox|[from] move: Pain Split
|move|p2a: Blissey|Soft-Boiled|p2a: Blissey
|-heal|p2a: Blissey|88/100
|
|-heal|p1a: rotomwash|96/100 tox|[from] item: Leftovers
|-damage|p1a: rotomwash|52/100 tox|[from] psn
|upkeep
|turn|10
|
|t:|1665585051
|move|p1a: rotomwash|Pain Split|p2a: Blissey
|-sethp|p2a: Blissey|55/100|[from] move: Pain Split|[silent]
|-sethp|p1a: rotomwash|100/100 tox|[from] move: Pain Split
|move|p2a: Blissey|Seismic Toss|p1a: rotomwash
|-damage|p1a: rotomwash|68/100 tox
|
|-heal|p1a: rotomwash|74/100 tox|[from] item: Leftovers
|-damage|p1a: rotomwash|24/100 tox|[from] psn
|upkeep
|turn|11
|j| Youressi
|
|t:|1665585056
|move|p1a: rotomwash|Pain Split|p2a: Blissey
|-sethp|p2a: Blissey|33/100|[from] move: Pain Split|[silent]
|-sethp|p1a: rotomwash|76/100 tox|[from] move: Pain Split
|move|p2a: Blissey|Seismic Toss|p1a: rotomwash
|-damage|p1a: rotomwash|44/100 tox
|
|-heal|p1a: rotomwash|50/100 tox|[from] item: Leftovers
|-damage|p1a: rotomwash|0 fnt|[from] psn
|faint|p1a: rotomwash
|upkeep
|
|t:|1665585056
|switch|p1a: Weavile|Weavile, F|100/100
|-ability|p1a: Weavile|Pressure
|turn|12
|
|t:|1665585059
|switch|p2a: Corviknight|Corviknight, M|100/100
|-ability|p2a: Corviknight|Pressure
|move|p1a: Weavile|Knock Off|p2a: Corviknight
|-damage|p2a: Corviknight|56/100
|-damage|p1a: Weavile|84/100|[from] item: Rocky Helmet|[of] p2a: Corviknight
|-enditem|p2a: Corviknight|Rocky Helmet|[from] move: Knock Off|[of] p1a: Weavile
|
|upkeep
|turn|13
|
|t:|1665585061
|switch|p1a: Melmetal|Melmetal|100/100
|move|p2a: Corviknight|Roost|p2a: Corviknight
|-heal|p2a: Corviknight|100/100
|-singleturn|p2a: Corviknight|move: Roost
|
|upkeep
|turn|14
|
|t:|1665585066
|move|p2a: Corviknight|U-turn|p1a: Melmetal
|-resisted|p1a: Melmetal
|-damage|p1a: Melmetal|97/100
|
|t:|1665585067
|switch|p2a: Volcanion|Volcanion|100/100|[from]move: U-turn
|move|p1a: Melmetal|Thunder Punch|p2a: Volcanion
|-supereffective|p2a: Volcanion
|-damage|p2a: Volcanion|50/100
|
|upkeep
|turn|15
|
|t:|1665585070
|move|p2a: Volcanion|Fire Blast|p1a: Melmetal
|-supereffective|p1a: Melmetal
|-damage|p1a: Melmetal|0 fnt
|faint|p1a: Melmetal
|
|upkeep
|
|t:|1665585070
|switch|p1a: Heatran|Heatran, M|100/100
|-item|p1a: Heatran|Air Balloon
|turn|16
|
|t:|1665585074
|switch|p2a: Hydreigon|Hydreigon, M|100/100
|move|p1a: Heatran|Eruption|p2a: Hydreigon
|-resisted|p2a: Hydreigon
|-damage|p2a: Hydreigon|55/100
|
|upkeep
|turn|17
|
|t:|1665585078
|move|p2a: Hydreigon|Dark Pulse|p1a: Heatran
|-damage|p1a: Heatran|52/100
|-enditem|p1a: Heatran|Air Balloon
|-damage|p2a: Hydreigon|45/100|[from] item: Life Orb
|move|p1a: Heatran|Stealth Rock|p2a: Hydreigon
|-sidestart|p2: Bloody Busybody|move: Stealth Rock
|
|upkeep
|turn|18
|
|t:|1665585081
|switch|p1a: landorustherian|Landorus-Therian, M|100/100
|-ability|p1a: landorustherian|Intimidate|boost
|-unboost|p2a: Hydreigon|atk|1
|move|p2a: Hydreigon|Roost|p2a: Hydreigon
|-heal|p2a: Hydreigon|95/100
|-singleturn|p2a: Hydreigon|move: Roost
|
|upkeep
|turn|19
|
|t:|1665585085
|move|p2a: Hydreigon|Draco Meteor|p1a: landorustherian
|-damage|p1a: landorustherian|36/100
|-unboost|p2a: Hydreigon|spa|2
|-damage|p2a: Hydreigon|85/100|[from] item: Life Orb
|move|p1a: landorustherian|U-turn|p2a: Hydreigon
|-supereffective|p2a: Hydreigon
|-damage|p2a: Hydreigon|32/100
|
|t:|1665585085
|switch|p1a: Weavile|Weavile, F|84/100|[from]move: U-turn
|-ability|p1a: Weavile|Pressure
|
|upkeep
|turn|20
|
|t:|1665585090
|switch|p2a: Corviknight|Corviknight, M|100/100
|-damage|p2a: Corviknight|88/100|[from] Stealth Rock
|-ability|p2a: Corviknight|Pressure
|move|p1a: Weavile|Triple Axel|p2a: Corviknight
|-damage|p2a: Corviknight|78/100
|-damage|p2a: Corviknight|62/100
|-damage|p2a: Corviknight|33/100
|-hitcount|p2a: Corviknight|3
|
|upkeep
|turn|21
|
|t:|1665585099
|switch|p2a: Hydreigon|Hydreigon, M|32/100
|-damage|p2a: Hydreigon|20/100|[from] Stealth Rock
|move|p1a: Weavile|Triple Axel|p2a: Hydreigon
|-supereffective|p2a: Hydreigon
|-damage|p2a: Hydreigon|0 fnt
|faint|p2a: Hydreigon
|-hitcount|p2: Hydreigon|1
|
|upkeep
|
|t:|1665585100
|switch|p2a: Rillaboom|Rillaboom, F|100/100
|-damage|p2a: Rillaboom|88/100|[from] Stealth Rock
|-fieldstart|move: Grassy Terrain|[from] ability: Grassy Surge|[of] p2a: Rillaboom
|turn|22
|
|t:|1665585102
|switch|p1a: Tangrowth|Tangrowth, M|100/100
|move|p2a: Rillaboom|Grassy Glide|p1a: Tangrowth
|-resisted|p1a: Tangrowth
|-damage|p1a: Tangrowth|80/100
|-damage|p2a: Rillaboom|72/100|[from] item: Rocky Helmet|[of] p1a: Tangrowth
|
|-heal|p2a: Rillaboom|78/100|[from] Grassy Terrain
|-heal|p1a: Tangrowth|86/100|[from] Grassy Terrain
|upkeep
|turn|23
|
|t:|1665585107
|switch|p2a: Blissey|Blissey, F|33/100
|move|p1a: Tangrowth|Focus Blast|p2a: Blissey
|-supereffective|p2a: Blissey
|-damage|p2a: Blissey|10/100
|
|-heal|p2a: Blissey|16/100|[from] Grassy Terrain
|-heal|p1a: Tangrowth|92/100|[from] Grassy Terrain
|upkeep
|turn|24
|
|t:|1665585109
|switch|p1a: Weavile|Weavile, F|84/100
|-ability|p1a: Weavile|Pressure
|move|p2a: Blissey|Soft-Boiled|p2a: Blissey
|-heal|p2a: Blissey|66/100
|
|-heal|p1a: Weavile|90/100|[from] Grassy Terrain
|-heal|p2a: Blissey|72/100|[from] Grassy Terrain
|upkeep
|turn|25
|j| ribbit meow
|
|t:|1665585119
|move|p1a: Weavile|Knock Off|p2a: Blissey
|-crit|p2a: Blissey
|-damage|p2a: Blissey|0 fnt
|-enditem|p2a: Blissey|Heavy-Duty Boots|[from] move: Knock Off|[of] p1a: Weavile
|faint|p2a: Blissey
|
|-heal|p1a: Weavile|96/100|[from] Grassy Terrain
|upkeep
|
|t:|1665585120
|switch|p2a: Rillaboom|Rillaboom, F|78/100
|-damage|p2a: Rillaboom|66/100|[from] Stealth Rock
|turn|26
|l| ribbit meow
|
|t:|1665585122
|switch|p1a: Heatran|Heatran, M|52/100
|move|p2a: Rillaboom|U-turn|p1a: Heatran
|-resisted|p1a: Heatran
|-damage|p1a: Heatran|42/100
|
|t:|1665585126
|switch|p2a: Volcanion|Volcanion|50/100|[from]move: U-turn
|-damage|p2a: Volcanion|25/100|[from] Stealth Rock
|
|-heal|p1a: Heatran|48/100|[from] Grassy Terrain
|-heal|p2a: Volcanion|31/100|[from] Grassy Terrain
|-fieldend|move: Grassy Terrain
|upkeep
|turn|27
|
|t:|1665585130
|move|p1a: Heatran|Earth Power|p2a: Volcanion
|-supereffective|p2a: Volcanion
|-damage|p2a: Volcanion|0 fnt
|faint|p2a: Volcanion
|
|upkeep
|
|t:|1665585133
|switch|p2a: Rillaboom|Rillaboom, F|66/100
|-damage|p2a: Rillaboom|53/100|[from] Stealth Rock
|-fieldstart|move: Grassy Terrain|[from] ability: Grassy Surge|[of] p2a: Rillaboom
|turn|28
|
|t:|1665585136
|move|p1a: Heatran|Magma Storm|p2a: Rillaboom|[miss]
|-miss|p1a: Heatran|p2a: Rillaboom
|move|p2a: Rillaboom|High Horsepower|p1a: Heatran
|-supereffective|p1a: Heatran
|-damage|p1a: Heatran|0 fnt
|faint|p1a: Heatran
|
|-heal|p2a: Rillaboom|59/100|[from] Grassy Terrain
|upkeep
|
|t:|1665585136
|switch|p1a: Weavile|Weavile, F|96/100
|-ability|p1a: Weavile|Pressure
|turn|29
|
|t:|1665585148
|switch|p2a: Corviknight|Corviknight, M|33/100
|-damage|p2a: Corviknight|21/100|[from] Stealth Rock
|-ability|p2a: Corviknight|Pressure
|move|p1a: Weavile|Knock Off|p2a: Corviknight
|-damage|p2a: Corviknight|0 fnt
|faint|p2a: Corviknight
|
|-heal|p1a: Weavile|100/100|[from] Grassy Terrain
|upkeep
|
|t:|1665585151
|switch|p2a: Mamoswine|Mamoswine, M|100/100
|-damage|p2a: Mamoswine|88/100|[from] Stealth Rock
|turn|30
|
|t:|1665585154
|move|p1a: Weavile|Knock Off|p2a: Mamoswine
|-damage|p2a: Mamoswine|12/100
|-enditem|p2a: Mamoswine|Focus Sash|[from] move: Knock Off|[of] p1a: Weavile
|move|p2a: Mamoswine|Stealth Rock|p1a: Weavile
|-sidestart|p1: minimax_ai|move: Stealth Rock
|
|-heal|p2a: Mamoswine|18/100|[from] Grassy Terrain
|upkeep
|turn|31
|
|t:|1665585161
|move|p2a: Mamoswine|Ice Shard|p1a: Weavile
|-resisted|p1a: Weavile
|-damage|p1a: Weavile|83/100
|move|p1a: Weavile|Knock Off|p2a: Mamoswine
|-damage|p2a: Mamoswine|0 fnt
|faint|p2a: Mamoswine
|
|-heal|p1a: Weavile|89/100|[from] Grassy Terrain
|upkeep
|-message|Bloody Busybody forfeited.
|
|win|minimax_ai
|raw|minimax_ai's rating: 1644 &rarr; <strong>1670</strong><br />(+26 for winning)
|raw|Bloody Busybody's rating: 1743 &rarr; <strong>1717</strong><br />(-26 for losing)
|c|☆minimax_ai|gg
|l|☆Bloody Busybody
