|html|<div class="broadcast-blue"><strong>[Gen 8] OU is currently suspecting Melmetal! For information on how to participate check out the <a href="https://www.smogon.com/forums/threads/np-ss-ou-suspect-process-round-12-monster-mash.3709234/">suspect thread</a>.</strong></div>
|j|☆mimilimi
|j|☆Raboot Sauce
|inactive|Battle timer is ON: inactive players will automatically lose when time's up.
|t:|1666601775
|gametype|singles
|player|p1|mimilimi|juggler|
|player|p2|Raboot Sauce|lance|
|teamsize|p1|6
|teamsize|p2|6
|gen|8
|tier|[Gen 8] OU
|rated|Tournament battle
|rule|Sleep Clause Mod: Limit one foe put to sleep
|rule|Species Clause: Limit one of each Pokémon
|rule|OHKO Clause: OHKO moves are banned
|rule|Evasion Items Clause: Evasion items are banned
|rule|Evasion Moves Clause: Evasion moves are banned
|rule|Endless Battle Clause: Forcing endless battles is banned
|rule|HP Percentage Mod: HP is shown in percentages
|rule|Dynamax Clause: You cannot dynamax
|clearpoke
|poke|p1|Alakazam, F|
|poke|p1|Tyranitar, F|
|poke|p1|Tornadus-Therian, M|
|poke|p1|Zeraora|
|poke|p1|Slowbro, M|
|poke|p1|Ferrothorn, M|
|poke|p2|Dragapult, F|
|poke|p2|Garchomp, M|
|poke|p2|Heatran, M|
|poke|p2|Kartana|
|poke|p2|Moltres-Galar|
|poke|p2|Slowbro, F|
|teampreview
|c|☆mimilimi|gl
|c|☆Raboot Sauce|u2
|
|t:|1666601793
|start
|switch|p1a: Tornadus|Tornadus-Therian, M|100/100
|switch|p2a: Dragapult|Dragapult, F|100/100
|turn|1
|inactive|Raboot Sauce has 120 seconds left.
|
|t:|1666601831
|move|p2a: Dragapult|U-turn|p1a: Tornadus
|-resisted|p1a: Tornadus
|-damage|p1a: Tornadus|82/100
|
|t:|1666601844
|switch|p2a: Heatran|Heatran, M|100/100|[from]move: U-turn
|-item|p2a: Heatran|Air Balloon
|move|p1a: Tornadus|Knock Off|p2a: Heatran
|-damage|p2a: Heatran|79/100
|-enditem|p2a: Heatran|Air Balloon
|
|upkeep
|turn|2
|
|t:|1666601854
|move|p1a: Tornadus|U-turn|p2a: Heatran
|-resisted|p2a: Heatran
|-damage|p2a: Heatran|75/100
|
|t:|1666601859
|switch|p1a: Tyranitar|Tyranitar, F|100/100|[from]move: U-turn
|-weather|Sandstorm|[from] ability: Sand Stream|[of] p1a: Tyranitar
|move|p2a: Heatran|Stealth Rock|p1a: Tyranitar
|-sidestart|p1: mimilimi|move: Stealth Rock
|
|-weather|Sandstorm|[upkeep]
|upkeep
|turn|3
|
|t:|1666601863
|switch|p2a: Garchomp|Garchomp, M|100/100
|move|p1a: Tyranitar|Crunch|p2a: Garchomp
|-damage|p2a: Garchomp|31/100
|-damage|p1a: Tyranitar|88/100|[from] ability: Rough Skin|[of] p2a: Garchomp
|
|-weather|Sandstorm|[upkeep]
|-heal|p2a: Garchomp|37/100|[from] item: Leftovers
|upkeep
|turn|4
|j| SatorinKomeiji
|l| SatorinKomeiji
|inactive|mimilimi has 120 seconds left.
|
|t:|1666601898
|switch|p1a: Slowbro|Slowbro, M|100/100
|-damage|p1a: Slowbro|88/100|[from] Stealth Rock
|move|p2a: Garchomp|Earthquake|p1a: Slowbro
|-damage|p1a: Slowbro|57/100
|
|-weather|Sandstorm|[upkeep]
|-damage|p1a: Slowbro|51/100|[from] Sandstorm
|-heal|p2a: Garchomp|43/100|[from] item: Leftovers
|upkeep
|turn|5
|inactive|mimilimi has 120 seconds left.
|inactive|Raboot Sauce has 120 seconds left.
|inactive|mimilimi has 90 seconds left.
|
|t:|1666601934
|switch|p2a: Moltres|Moltres-Galar|100/100
|move|p1a: Slowbro|Teleport|p1a: Slowbro
|
|t:|1666601938
|switch|p1a: Tyranitar|Tyranitar, F|88/100|[from]move: Teleport
|-damage|p1a: Tyranitar|76/100|[from] Stealth Rock
|
|-weather|Sandstorm|[upkeep]
|-damage|p2a: Moltres|94/100|[from] Sandstorm
|upkeep
|turn|6
|
|t:|1666601942
|switch|p2a: Slowbro|Slowbro, F|100/100
|move|p1a: Tyranitar|Crunch|p2a: Slowbro
|-supereffective|p2a: Slowbro
|-damage|p2a: Slowbro|18/100
|-enditem|p2a: Slowbro|Eject Button
|
|t:|1666601950
|switch|p2a: Kartana|Kartana|100/100
|
|-weather|none
|upkeep
|turn|7
|
|t:|1666601955
|switch|p1a: Tornadus|Tornadus-Therian, M|100/100
|move|p2a: Kartana|Knock Off|p1a: Tornadus
|-damage|p1a: Tornadus|49/100
|-enditem|p1a: Tornadus|Heavy-Duty Boots|[from] move: Knock Off|[of] p2a: Kartana
|
|upkeep
|turn|8
|
|t:|1666601966
|switch|p2a: Moltres|Moltres-Galar|94/100
|move|p1a: Tornadus|Defog|p2a: Moltres
|-unboost|p2a: Moltres|evasion|1
|-sideend|p1: mimilimi|Stealth Rock|[from] move: Defog|[of] p1a: Tornadus
|
|upkeep
|turn|9
|
|t:|1666601984
|switch|p2a: Dragapult|Dragapult, F|100/100
|move|p1a: Tornadus|U-turn|p2a: Dragapult
|-resisted|p2a: Dragapult
|-damage|p2a: Dragapult|91/100
|j| Volcaronium
|
|t:|1666602001
|switch|p1a: Zeraora|Zeraora|100/100|[from]move: U-turn
|
|upkeep
|turn|10
|
|t:|1666602005
|switch|p2a: Heatran|Heatran, M|75/100
|move|p1a: Zeraora|Knock Off|p2a: Heatran
|-damage|p2a: Heatran|56/100
|
|upkeep
|turn|11
|
|t:|1666602015
|move|p1a: Zeraora|Close Combat|p2a: Heatran
|-supereffective|p2a: Heatran
|-damage|p2a: Heatran|0 fnt
|-unboost|p1a: Zeraora|def|1
|-unboost|p1a: Zeraora|spd|1
|faint|p2a: Heatran
|
|upkeep
|
|t:|1666602028
|switch|p2a: Kartana|Kartana|100/100
|turn|12
|
|t:|1666602043
|switch|p2a: Dragapult|Dragapult, F|91/100
|switch|p1a: Ferrothorn|Ferrothorn, M|100/100
|
|upkeep
|turn|13
|
|t:|1666602063
|switch|p2a: Moltres|Moltres-Galar|94/100
|move|p1a: Ferrothorn|Stealth Rock|p2a: Moltres
|-sidestart|p2: Raboot Sauce|move: Stealth Rock
|
|upkeep
|turn|14
|c|☆mimilimi|:)
|
|t:|1666602075
|switch|p1a: Tyranitar|Tyranitar, F|76/100
|-weather|Sandstorm|[from] ability: Sand Stream|[of] p1a: Tyranitar
|move|p2a: Moltres|Nasty Plot|p2a: Moltres
|-boost|p2a: Moltres|spa|2
|
|-weather|Sandstorm|[upkeep]
|-damage|p2a: Moltres|88/100|[from] Sandstorm
|upkeep
|turn|15
|
|t:|1666602090
|move|p2a: Moltres|Fiery Wrath|p1a: Tyranitar
|-resisted|p1a: Tyranitar
|-damage|p1a: Tyranitar|47/100
|move|p1a: Tyranitar|Stone Edge|p2a: Moltres|[miss]
|-miss|p1a: Tyranitar|p2a: Moltres
|
|-weather|Sandstorm|[upkeep]
|-damage|p2a: Moltres|82/100|[from] Sandstorm
|upkeep
|turn|16
|c|☆mimilimi|ah
|c|☆Raboot Sauce|I'm gonna dodge again
|c|☆mimilimi|ye
|
|t:|1666602106
|switch|p2a: Kartana|Kartana|100/100
|-damage|p2a: Kartana|94/100|[from] Stealth Rock
|move|p1a: Tyranitar|Stone Edge|p2a: Kartana
|-resisted|p2a: Kartana
|-damage|p2a: Kartana|48/100
|
|-weather|Sandstorm|[upkeep]
|upkeep
|turn|17
|c|☆mimilimi|;(
|
|t:|1666602116
|switch|p1a: Tornadus|Tornadus-Therian, M|82/100
|move|p2a: Kartana|Smart Strike|p1a: Tornadus
|-damage|p1a: Tornadus|33/100
|
|-weather|Sandstorm|[upkeep]
|-damage|p1a: Tornadus|27/100|[from] Sandstorm
|upkeep
|turn|18
|
|t:|1666602137
|switch|p2a: Garchomp|Garchomp, M|43/100
|-damage|p2a: Garchomp|37/100|[from] Stealth Rock
|switch|p1a: Slowbro|Slowbro, M|84/100
|
|-weather|none
|-heal|p2a: Garchomp|43/100|[from] item: Leftovers
|upkeep
|turn|19
|
|t:|1666602146
|switch|p2a: Dragapult|Dragapult, F|91/100
|-damage|p2a: Dragapult|79/100|[from] Stealth Rock
|move|p1a: Slowbro|Scald|p2a: Dragapult
|-resisted|p2a: Dragapult
|-damage|p2a: Dragapult|60/100
|
|upkeep
|turn|20
|
|t:|1666602151
|switch|p1a: Tyranitar|Tyranitar, F|47/100
|-weather|Sandstorm|[from] ability: Sand Stream|[of] p1a: Tyranitar
|move|p2a: Dragapult|U-turn|p1a: Tyranitar
|-supereffective|p1a: Tyranitar
|-damage|p1a: Tyranitar|0 fnt
|faint|p1a: Tyranitar
|c|☆Raboot Sauce|thank fuck
|c|☆mimilimi|:(
|
|t:|1666602167
|switch|p2a: Kartana|Kartana|48/100|[from]move: U-turn
|-damage|p2a: Kartana|42/100|[from] Stealth Rock
|
|-weather|Sandstorm|[upkeep]
|upkeep
|
|t:|1666602173
|switch|p1a: Tornadus|Tornadus-Therian, M|60/100
|turn|21
|
|t:|1666602187
|switch|p2a: Slowbro|Slowbro, F|51/100
|-damage|p2a: Slowbro|39/100|[from] Stealth Rock
|move|p1a: Tornadus|U-turn|p2a: Slowbro
|-supereffective|p2a: Slowbro
|-damage|p2a: Slowbro|22/100
|
|t:|1666602191
|switch|p1a: Zeraora|Zeraora|100/100|[from]move: U-turn
|
|-weather|Sandstorm|[upkeep]
|-damage|p1a: Zeraora|95/100|[from] Sandstorm
|-damage|p2a: Slowbro|16/100|[from] Sandstorm
|upkeep
|turn|22
|
|t:|1666602197
|move|p1a: Zeraora|Knock Off|p2a: Slowbro
|-supereffective|p2a: Slowbro
|-damage|p2a: Slowbro|0 fnt
|faint|p2a: Slowbro
|
|-weather|Sandstorm|[upkeep]
|-damage|p1a: Zeraora|89/100|[from] Sandstorm
|upkeep
|
|t:|1666602209
|switch|p2a: Kartana|Kartana|42/100
|-damage|p2a: Kartana|36/100|[from] Stealth Rock
|turn|23
|l| Volcaronium
|j| btlt6 tropico
|
|t:|1666602224
|switch|p1a: Ferrothorn|Ferrothorn, M|100/100
|move|p2a: Kartana|Sacred Sword|p1a: Ferrothorn
|-supereffective|p1a: Ferrothorn
|-damage|p1a: Ferrothorn|50/100
|-damage|p2a: Kartana|23/100|[from] ability: Iron Barbs|[of] p1a: Ferrothorn
|
|-weather|Sandstorm|[upkeep]
|-heal|p1a: Ferrothorn|56/100|[from] item: Leftovers
|upkeep
|turn|24
|c|☆mimilimi|wp
|j| cymatics
|
|t:|1666602241
|switch|p2a: Dragapult|Dragapult, F|60/100
|-damage|p2a: Dragapult|48/100|[from] Stealth Rock
|switch|p1a: Tornadus|Tornadus-Therian, M|94/100
|
|-weather|none
|upkeep
|turn|25
|
|t:|1666602246
|move|p2a: Dragapult|Dragon Darts|p1a: Tornadus
|-damage|p1a: Tornadus|51/100
|-anim|p2a: Dragapult|Dragon Darts|p1a: Tornadus
|-damage|p1a: Tornadus|12/100
|move|p1a: Tornadus|Knock Off|p2a: Dragapult
|-supereffective|p2a: Dragapult
|-damage|p2a: Dragapult|0 fnt
|-enditem|p2a: Dragapult|Choice Band|[from] move: Knock Off|[of] p1a: Tornadus
|faint|p2a: Dragapult
|
|upkeep
|inactive|Raboot Sauce has 120 seconds left.
|
|t:|1666602279
|switch|p2a: Moltres|Moltres-Galar|82/100
|turn|26
|
|t:|1666602286
|move|p1a: Tornadus|U-turn|p2a: Moltres
|-damage|p2a: Moltres|66/100
|
|t:|1666602290
|switch|p1a: Zeraora|Zeraora|89/100|[from]move: U-turn
|move|p2a: Moltres|Fiery Wrath|p1a: Zeraora
|-damage|p1a: Zeraora|28/100
|
|upkeep
|turn|27
|
|t:|1666602297
|switch|p2a: Garchomp|Garchomp, M|43/100
|-damage|p2a: Garchomp|37/100|[from] Stealth Rock
|move|p1a: Zeraora|Toxic|p2a: Garchomp
|-status|p2a: Garchomp|tox
|
|-heal|p2a: Garchomp|43/100 tox|[from] item: Leftovers
|-damage|p2a: Garchomp|37/100 tox|[from] psn
|upkeep
|turn|28
|
|t:|1666602300
|switch|p1a: Slowbro|Slowbro, M|100/100
|move|p2a: Garchomp|Earthquake|p1a: Slowbro
|-damage|p1a: Slowbro|69/100
|
|-heal|p2a: Garchomp|43/100 tox|[from] item: Leftovers
|-damage|p2a: Garchomp|31/100 tox|[from] psn
|upkeep
|turn|29
|
|t:|1666602302
|move|p2a: Garchomp|Swords Dance|p2a: Garchomp
|-boost|p2a: Garchomp|atk|2
|move|p1a: Slowbro|Teleport|p1a: Slowbro
|
|t:|1666602304
|switch|p1a: Alakazam|Alakazam, F|100/100|[from]move: Teleport
|
|-heal|p2a: Garchomp|37/100 tox|[from] item: Leftovers
|-damage|p2a: Garchomp|18/100 tox|[from] psn
|upkeep
|turn|30
|
|t:|1666602316
|move|p1a: Alakazam|Psyshock|p2a: Garchomp
|-damage|p2a: Garchomp|0 fnt
|faint|p2a: Garchomp
|
|upkeep
|j| SatorinKomeiji
|
|t:|1666602337
|switch|p2a: Kartana|Kartana|23/100
|-damage|p2a: Kartana|17/100|[from] Stealth Rock
|turn|31
|
|t:|1666602345
|switch|p1a: Ferrothorn|Ferrothorn, M|56/100
|move|p2a: Kartana|Knock Off|p1a: Ferrothorn
|-damage|p1a: Ferrothorn|32/100
|-damage|p2a: Kartana|5/100|[from] ability: Iron Barbs|[of] p1a: Ferrothorn
|-enditem|p1a: Ferrothorn|Leftovers|[from] move: Knock Off|[of] p2a: Kartana
|
|upkeep
|turn|32
|
|t:|1666602362
|switch|p1a: Tornadus|Tornadus-Therian, M|45/100
|move|p2a: Kartana|Knock Off|p1a: Tornadus
|-damage|p1a: Tornadus|11/100
|
|upkeep
|turn|33
|
|t:|1666602377
|move|p2a: Kartana|Knock Off|p1a: Tornadus
|-damage|p1a: Tornadus|0 fnt
|faint|p1a: Tornadus
|-ability|p2a: Kartana|Beast Boost|boost
|-boost|p2a: Kartana|atk|1
|
|upkeep
|
|t:|1666602378
|switch|p1a: Ferrothorn|Ferrothorn, M|32/100
|turn|34
|
|t:|1666602387
|switch|p2a: Moltres|Moltres-Galar|66/100
|move|p1a: Ferrothorn|Thunder Wave|p2a: Moltres
|-status|p2a: Moltres|par
|
|upkeep
|turn|35
|c|☆Raboot Sauce|fucjk
|c|☆Raboot Sauce|gg
|
|t:|1666602392
|switch|p1a: Alakazam|Alakazam, F|100/100
|cant|p2a: Moltres|par
|
|upkeep
|turn|36
|c|☆mimilimi|gg
|
|t:|1666602398
|move|p1a: Alakazam|Nasty Plot|p1a: Alakazam
|-boost|p1a: Alakazam|spa|2
|move|p2a: Moltres|Agility|p2a: Moltres
|-boost|p2a: Moltres|spe|2
|
|upkeep
|turn|37
|c|☆mimilimi|finish
|c|☆Raboot Sauce|you played that end perfectly
|
|t:|1666602409
|move|p1a: Alakazam|Encore|p2a: Moltres
|-start|p2a: Moltres|Encore
|move|p2a: Moltres|Agility|p2a: Moltres
|-boost|p2a: Moltres|spe|2
|
|upkeep
|turn|38
|c|☆mimilimi|thx
|
|t:|1666602415
|switch|p1a: Zeraora|Zeraora|28/100
|move|p2a: Moltres|Agility|p2a: Moltres
|-boost|p2a: Moltres|spe|2
|
|upkeep
|turn|39
|
|t:|1666602421
|move|p2a: Moltres|Agility|p2a: Moltres
|-boost|p2a: Moltres|spe|0
|move|p1a: Zeraora|Plasma Fists|p2a: Moltres
|-supereffective|p2a: Moltres
|-damage|p2a: Moltres|0 fnt
|-fieldactivate|move: Ion Deluge
|-hint|Normal-type moves become Electric-type after using Plasma Fists.
|faint|p2a: Moltres
|
|upkeep
|
|t:|1666602423
|switch|p2a: Kartana|Kartana|5/100
|-damage|p2a: Kartana|0 fnt|[from] Stealth Rock
|faint|p2a: Kartana
|
|win|mimilimi
|n|☆mimilimi|mimilimi
|n|☆Raboot Sauce|rabootsauce
|n| btlt6 tropico|btlt6tropico
|n| cymatics|cymatics
|n| SatorinKomeiji|satorinkomeiji
|l| SatorinKomeiji
|c|☆Raboot Sauce|if I hit the ferro
|c|☆Raboot Sauce|you got the zera in
|c|☆mimilimi|ye
|c|☆Raboot Sauce|wp
|c|☆mimilimi|that's why i sac tornadus
|c|☆mimilimi|u2
|c|☆Raboot Sauce|ty
|l|☆Raboot Sauce
