|raw|<div class="broadcast-blue"><strong>This battle is required to be public due to a player having a name starting with 'lt92pf'.</div>
|j|☆LT92PFKadedesu
|j|☆Greengamer12
|t:|1659677332
|gametype|singles
|player|p1|LT92PFKadedesu|akari|1469
|player|p2|Greengamer12|266|1412
|teamsize|p1|6
|teamsize|p2|6
|gen|8
|tier|[Gen 8] OU
|rated|
|rule|Sleep Clause Mod: Limit one foe put to sleep
|rule|Species Clause: Limit one of each Pokémon
|rule|OHKO Clause: OHKO moves are banned
|rule|Evasion Items Clause: Evasion items are banned
|rule|Evasion Moves Clause: Evasion moves are banned
|rule|Endless Battle Clause: Forcing endless battles is banned
|rule|HP Percentage Mod: HP is shown in percentages
|rule|Dynamax Clause: You cannot dynamax
|clearpoke
|poke|p1|Cresselia, F|
|poke|p1|Marowak-Alola, M|
|poke|p1|Torkoal, F|
|poke|p1|Melmetal|
|poke|p1|Hatterene, F|
|poke|p1|Porygon2|
|poke|p2|Dragapult, F|
|poke|p2|Aegislash, M|
|poke|p2|Toxapex, F|
|poke|p2|Ferrothorn, F|
|poke|p2|Landorus-Therian, M|
|poke|p2|Heatran, M|
|teampreview
|
|t:|1659677341
|start
|switch|p1a: Porygon2|Porygon2|100/100
|switch|p2a: Sneaker|Aegislash, M|100/100
|turn|1
|
|t:|1659677348
|move|p2a: Sneaker|Substitute|p2a: Sneaker
|-start|p2a: Sneaker|Substitute
|-damage|p2a: Sneaker|76/100
|move|p1a: Porygon2|Trick Room|p1a: Porygon2
|-fieldstart|move: Trick Room|[of] p1a: Porygon2
|
|-heal|p2a: Sneaker|82/100|[from] item: Leftovers
|upkeep
|turn|2
|
|t:|1659677352
|-formechange|p2a: Sneaker|Aegislash-Blade||[from] ability: Stance Change
|move|p2a: Sneaker|Close Combat|p1a: Porygon2
|-supereffective|p1a: Porygon2
|-damage|p1a: Porygon2|42/100
|-unboost|p2a: Sneaker|def|1
|-unboost|p2a: Sneaker|spd|1
|move|p1a: Porygon2|Teleport|p1a: Porygon2
|
|t:|1659677362
|switch|p1a: Melmetal|Melmetal|100/100|[from]move: Teleport
|
|-heal|p2a: Sneaker|88/100|[from] item: Leftovers
|upkeep
|turn|3
|
|t:|1659677367
|-formechange|p2a: Sneaker|Aegislash||[from] ability: Stance Change
|move|p2a: Sneaker|King's Shield|p2a: Sneaker
|-singleturn|p2a: Sneaker|Protect
|move|p1a: Melmetal|Earthquake|p2a: Sneaker
|-activate|p2a: Sneaker|move: Protect
|
|-heal|p2a: Sneaker|94/100|[from] item: Leftovers
|upkeep
|turn|4
|inactive|Battle timer is ON: inactive players will automatically lose when time's up. (requested by LT92PFKadedesu)
|
|t:|1659677391
|move|p1a: Melmetal|Earthquake|p2a: Sneaker
|-supereffective|p2a: Sneaker
|-end|p2a: Sneaker|Substitute
|move|p2a: Sneaker|Substitute|p2a: Sneaker
|-start|p2a: Sneaker|Substitute
|-damage|p2a: Sneaker|69/100
|
|-heal|p2a: Sneaker|75/100|[from] item: Leftovers
|upkeep
|turn|5
|
|t:|1659677399
|move|p1a: Melmetal|Earthquake|p2a: Sneaker
|-supereffective|p2a: Sneaker
|-end|p2a: Sneaker|Substitute
|-formechange|p2a: Sneaker|Aegislash-Blade||[from] ability: Stance Change
|move|p2a: Sneaker|Close Combat|p1a: Melmetal
|-supereffective|p1a: Melmetal
|-damage|p1a: Melmetal|57/100
|-unboost|p2a: Sneaker|def|1
|-unboost|p2a: Sneaker|spd|1
|
|-heal|p2a: Sneaker|81/100|[from] item: Leftovers
|-fieldend|move: Trick Room
|upkeep
|turn|6
|
|t:|1659677408
|-formechange|p2a: Sneaker|Aegislash||[from] ability: Stance Change
|move|p2a: Sneaker|King's Shield|p2a: Sneaker
|-singleturn|p2a: Sneaker|Protect
|move|p1a: Melmetal|Earthquake|p2a: Sneaker
|-activate|p2a: Sneaker|move: Protect
|
|-heal|p2a: Sneaker|88/100|[from] item: Leftovers
|upkeep
|turn|7
|
|t:|1659677412
|switch|p2a: NOT THE ICE|Landorus-Therian, M|100/100
|-ability|p2a: NOT THE ICE|Intimidate|boost
|-unboost|p1a: Melmetal|atk|1
|move|p1a: Melmetal|Earthquake|p2a: NOT THE ICE
|-immune|p2a: NOT THE ICE
|
|upkeep
|turn|8
|
|t:|1659677419
|switch|p1a: Hatterene|Hatterene, F|100/100
|move|p2a: NOT THE ICE|U-turn|p1a: Hatterene
|-damage|p1a: Hatterene|82/100
|
|t:|1659677427
|switch|p2a: Heatran|Heatran, M|100/100|[from]move: U-turn
|-item|p2a: Heatran|Air Balloon
|
|upkeep
|turn|9
|
|t:|1659677434
|move|p2a: Heatran|Eruption|p1a: Hatterene
|-damage|p1a: Hatterene|4/100
|move|p1a: Hatterene|Trick Room|p1a: Hatterene
|-fieldstart|move: Trick Room|[of] p1a: Hatterene
|
|upkeep
|turn|10
|
|t:|1659677458
|switch|p2a: Sneaker|Aegislash, M|88/100
|move|p1a: Hatterene|Misty Explosion|p2a: Sneaker
|-resisted|p2a: Sneaker
|-damage|p2a: Sneaker|68/100
|faint|p1a: Hatterene
|
|-heal|p2a: Sneaker|74/100|[from] item: Leftovers
|upkeep
|
|t:|1659677466
|switch|p1a: Marowak|Marowak-Alola, M|100/100
|turn|11
|
|t:|1659677471
|move|p2a: Sneaker|King's Shield|p2a: Sneaker
|-singleturn|p2a: Sneaker|Protect
|move|p1a: Marowak|Poltergeist|p2a: Sneaker
|-activate|p2a: Sneaker|move: Protect
|
|-heal|p2a: Sneaker|80/100|[from] item: Leftovers
|upkeep
|turn|12
|
|t:|1659677478
|switch|p2a: Texapox|Toxapex, F|100/100
|move|p1a: Marowak|Poltergeist|p2a: Texapox
|-activate|p2a: Texapox|move: Poltergeist|Eject Button
|-damage|p2a: Texapox|46/100
|-enditem|p2a: Texapox|Eject Button
|
|t:|1659677480
|switch|p2a: NOT THE ICE|Landorus-Therian, M|100/100
|-ability|p2a: NOT THE ICE|Intimidate|boost
|-unboost|p1a: Marowak|atk|1
|
|upkeep
|turn|13
|
|t:|1659677487
|switch|p2a: Texapox|Toxapex, F|79/100
|move|p1a: Marowak|Poltergeist||[still]
|-fail|p1a: Marowak
|
|-fieldend|move: Trick Room
|upkeep
|turn|14
|
|t:|1659677501
|switch|p2a: Sneaker|Aegislash, M|80/100
|move|p1a: Marowak|Earthquake|p2a: Sneaker
|-supereffective|p2a: Sneaker
|-damage|p2a: Sneaker|7/100
|
|-heal|p2a: Sneaker|13/100|[from] item: Leftovers
|upkeep
|turn|15
|
|t:|1659677522
|-formechange|p2a: Sneaker|Aegislash-Blade||[from] ability: Stance Change
|move|p2a: Sneaker|Shadow Ball|p1a: Marowak
|-supereffective|p1a: Marowak
|-damage|p1a: Marowak|0 fnt
|faint|p1a: Marowak
|
|-heal|p2a: Sneaker|19/100|[from] item: Leftovers
|upkeep
|
|t:|1659677532
|switch|p1a: Cresselia|Cresselia, F|100/100
|turn|16
|
|t:|1659677535
|move|p2a: Sneaker|Shadow Ball|p1a: Cresselia
|-supereffective|p1a: Cresselia
|-damage|p1a: Cresselia|55/100
|move|p1a: Cresselia|Trick Room|p1a: Cresselia
|-fieldstart|move: Trick Room|[of] p1a: Cresselia
|
|-heal|p2a: Sneaker|25/100|[from] item: Leftovers
|upkeep
|turn|17
|
|t:|1659677545
|switch|p1a: Torkoal|Torkoal, F|100/100
|-weather|SunnyDay|[from] ability: Drought|[of] p1a: Torkoal
|-formechange|p2a: Sneaker|Aegislash||[from] ability: Stance Change
|move|p2a: Sneaker|King's Shield||[still]
|-fail|p2a: Sneaker
|
|-weather|SunnyDay|[upkeep]
|-heal|p2a: Sneaker|31/100|[from] item: Leftovers
|upkeep
|turn|18
|
|t:|1659677557
|move|p2a: Sneaker|King's Shield|p2a: Sneaker
|-singleturn|p2a: Sneaker|Protect
|move|p1a: Torkoal|Solar Beam||[still]
|-prepare|p1a: Torkoal|Solar Beam
|-anim|p1a: Torkoal|Solar Beam|p2a: Sneaker
|-activate|p2a: Sneaker|move: Protect
|
|-weather|SunnyDay|[upkeep]
|-heal|p2a: Sneaker|37/100|[from] item: Leftovers
|upkeep
|turn|19
|
|t:|1659677571
|switch|p2a: Heatran|Heatran, M|100/100
|-item|p2a: Heatran|Air Balloon
|move|p1a: Torkoal|Solar Beam||[still]
|-prepare|p1a: Torkoal|Solar Beam
|-anim|p1a: Torkoal|Solar Beam|p2a: Heatran
|-resisted|p2a: Heatran
|-damage|p2a: Heatran|88/100
|-enditem|p2a: Heatran|Air Balloon
|
|-weather|SunnyDay|[upkeep]
|upkeep
|turn|20
|
|t:|1659677577
|switch|p1a: Porygon2|Porygon2|42/100
|-ability|p1a: Porygon2|Flash Fire|[from] ability: Trace|[of] p2a: Heatran
|move|p2a: Heatran|Earth Power|p1a: Porygon2
|-damage|p1a: Porygon2|27/100
|
|-weather|SunnyDay|[upkeep]
|-fieldend|move: Trick Room
|upkeep
|turn|21
|
|t:|1659677583
|move|p2a: Heatran|Eruption|p1a: Porygon2
|-start|p1a: Porygon2|ability: Flash Fire
|move|p1a: Porygon2|Trick Room|p1a: Porygon2
|-fieldstart|move: Trick Room|[of] p1a: Porygon2
|
|-weather|none
|upkeep
|turn|22
|c|☆Greengamer12|Wow im dumb
|
|t:|1659677595
|move|p1a: Porygon2|Recover|p1a: Porygon2
|-heal|p1a: Porygon2|77/100
|move|p2a: Heatran|Toxic|p1a: Porygon2
|-status|p1a: Porygon2|tox
|
|-damage|p1a: Porygon2|71/100 tox|[from] psn
|upkeep
|turn|23
|
|t:|1659677606
|switch|p2a: Sneaker|Aegislash, M|37/100
|move|p1a: Porygon2|Teleport|p1a: Porygon2
|
|t:|1659677614
|-end|p1a: Porygon2|ability: Flash Fire|[silent]
|switch|p1a: Melmetal|Melmetal|57/100|[from]move: Teleport
|
|-heal|p2a: Sneaker|43/100|[from] item: Leftovers
|upkeep
|turn|24
|
|t:|1659677622
|switch|p1a: Torkoal|Torkoal, F|100/100
|-weather|SunnyDay|[from] ability: Drought|[of] p1a: Torkoal
|move|p2a: Sneaker|King's Shield||[still]
|-fail|p2a: Sneaker
|
|-weather|SunnyDay|[upkeep]
|-heal|p2a: Sneaker|49/100|[from] item: Leftovers
|upkeep
|turn|25
|
|t:|1659677628
|move|p2a: Sneaker|King's Shield|p2a: Sneaker
|-singleturn|p2a: Sneaker|Protect
|move|p1a: Torkoal|Earth Power|p2a: Sneaker
|-activate|p2a: Sneaker|move: Protect
|
|-weather|SunnyDay|[upkeep]
|-heal|p2a: Sneaker|55/100|[from] item: Leftovers
|-fieldend|move: Trick Room
|upkeep
|turn|26
|
|t:|1659677642
|switch|p1a: Melmetal|Melmetal|57/100
|-formechange|p2a: Sneaker|Aegislash-Blade||[from] ability: Stance Change
|move|p2a: Sneaker|Shadow Ball|p1a: Melmetal
|-damage|p1a: Melmetal|7/100
|
|-weather|SunnyDay|[upkeep]
|-heal|p2a: Sneaker|62/100|[from] item: Leftovers
|upkeep
|turn|27
|
|t:|1659677649
|move|p2a: Sneaker|Close Combat|p1a: Melmetal
|-supereffective|p1a: Melmetal
|-damage|p1a: Melmetal|0 fnt
|-unboost|p2a: Sneaker|def|1
|-unboost|p2a: Sneaker|spd|1
|faint|p1a: Melmetal
|
|-weather|SunnyDay|[upkeep]
|-heal|p2a: Sneaker|68/100|[from] item: Leftovers
|upkeep
|
|t:|1659677652
|switch|p1a: Torkoal|Torkoal, F|100/100
|turn|28
|
|t:|1659677655
|move|p2a: Sneaker|Shadow Ball|p1a: Torkoal
|-damage|p1a: Torkoal|39/100
|-unboost|p1a: Torkoal|spd|1
|move|p1a: Torkoal|Earth Power|p2a: Sneaker
|-supereffective|p2a: Sneaker
|-damage|p2a: Sneaker|0 fnt
|faint|p2a: Sneaker
|
|-weather|none
|upkeep
|
|t:|1659677673
|switch|p2a: dragon deez|Dragapult, F|100/100
|turn|29
|
|t:|1659677676
|switch|p1a: Porygon2|Porygon2|71/100 tox
|-ability|p1a: Porygon2|Infiltrator|[from] ability: Trace|[of] p2a: dragon deez
|move|p2a: dragon deez|U-turn|p1a: Porygon2
|-damage|p1a: Porygon2|60/100 tox
|
|t:|1659677685
|switch|p2a: DONT GO TRAN|Ferrothorn, F|100/100|[from]move: U-turn
|
|-damage|p1a: Porygon2|54/100 tox|[from] psn
|upkeep
|turn|30
|
|t:|1659677692
|move|p2a: DONT GO TRAN|Knock Off|p1a: Porygon2
|-damage|p1a: Porygon2|40/100 tox
|-enditem|p1a: Porygon2|Eviolite|[from] move: Knock Off|[of] p2a: DONT GO TRAN
|move|p1a: Porygon2|Trick Room|p1a: Porygon2
|-fieldstart|move: Trick Room|[of] p1a: Porygon2
|
|-damage|p1a: Porygon2|27/100 tox|[from] psn
|upkeep
|turn|31
|
|t:|1659677697
|move|p2a: DONT GO TRAN|Stealth Rock|p1a: Porygon2
|-sidestart|p1: LT92PFKadedesu|move: Stealth Rock
|move|p1a: Porygon2|Teleport|p1a: Porygon2
|
|t:|1659677705
|switch|p1a: Torkoal|Torkoal, F|39/100|[from]move: Teleport
|-damage|p1a: Torkoal|14/100|[from] Stealth Rock
|-weather|SunnyDay|[from] ability: Drought|[of] p1a: Torkoal
|
|-weather|SunnyDay|[upkeep]
|upkeep
|turn|32
|
|t:|1659677713
|switch|p2a: NOT THE ICE|Landorus-Therian, M|100/100
|-ability|p2a: NOT THE ICE|Intimidate|boost
|-unboost|p1a: Torkoal|atk|1
|move|p1a: Torkoal|Earth Power|p2a: NOT THE ICE
|-immune|p2a: NOT THE ICE
|
|-weather|SunnyDay|[upkeep]
|upkeep
|turn|33
|
|t:|1659677721
|switch|p1a: Cresselia|Cresselia, F|55/100
|-damage|p1a: Cresselia|42/100|[from] Stealth Rock
|move|p2a: NOT THE ICE|U-turn|p1a: Cresselia
|-supereffective|p1a: Cresselia
|-damage|p1a: Cresselia|18/100
|
|t:|1659677725
|switch|p2a: DONT GO TRAN|Ferrothorn, F|100/100|[from]move: U-turn
|
|-weather|SunnyDay|[upkeep]
|upkeep
|turn|34
|
|t:|1659677743
|move|p2a: DONT GO TRAN|Knock Off|p1a: Cresselia
|-supereffective|p1a: Cresselia
|-damage|p1a: Cresselia|0 fnt
|-enditem|p1a: Cresselia|Mental Herb|[from] move: Knock Off|[of] p2a: DONT GO TRAN
|faint|p1a: Cresselia
|
|-weather|SunnyDay|[upkeep]
|-fieldend|move: Trick Room
|upkeep
|
|t:|1659677748
|switch|p1a: Torkoal|Torkoal, F|14/100
|-damage|p1a: Torkoal|0 fnt|[from] Stealth Rock
|faint|p1a: Torkoal
|-message|LT92PFKadedesu forfeited.
|
|win|Greengamer12
|raw|LT92PFKadedesu's rating: 1469 &rarr; <strong>1446</strong><br />(-23 for losing)
|raw|Greengamer12's rating: 1412 &rarr; <strong>1435</strong><br />(+23 for winning)
|l|☆LT92PFKadedesu
