|raw|<div class="broadcast-blue"><strong>This battle is required to be public due to a player having a name starting with 'lt81yl'.</div>
|j|☆LT81YL Highv0ltag3
|j|☆supersam10001
|t:|1625146719
|gametype|singles
|player|p1|LT81YL Highv0ltag3|veteran|1626
|player|p2|supersam10001|wallace|1630
|teamsize|p1|6
|teamsize|p2|6
|gen|8
|tier|[Gen 8] OU
|rated|
|rule|Sleep Clause Mod: Limit one foe put to sleep
|rule|Species Clause: Limit one of each Pokémon
|rule|OHKO Clause: OHKO moves are banned
|rule|Evasion Moves Clause: Evasion moves are banned
|rule|Endless Battle Clause: Forcing endless battles is banned
|rule|HP Percentage Mod: HP is shown in percentages
|rule|Dynamax Clause: You cannot dynamax
|clearpoke
|poke|p1|Tangrowth, F|
|poke|p1|Blissey, F|
|poke|p1|Toxapex, F|
|poke|p1|Corviknight, F|
|poke|p1|Gastrodon, M|
|poke|p1|Jirachi|
|poke|p2|Tapu Koko|
|poke|p2|Diggersby, F|
|poke|p2|Bisharp, F|
|poke|p2|Hawlucha, F|
|poke|p2|Scizor, F|
|poke|p2|Reuniclus, F|
|teampreview
|inactive|Battle timer is ON: inactive players will automatically lose when time's up. (requested by supersam10001)
|
|t:|1625146724
|start
|switch|p1a: Poggers|Tangrowth, F|100/100
|switch|p2a: Tapu Koko|Tapu Koko|100/100
|-fieldstart|move: Electric Terrain|[from] ability: Electric Surge|[of] p2a: Tapu Koko
|turn|1
|
|t:|1625146729
|move|p2a: Tapu Koko|Light Screen|p2a: Tapu Koko
|-sidestart|p2: supersam10001|move: Light Screen
|move|p1a: Poggers|Knock Off|p2a: Tapu Koko
|-resisted|p2a: Tapu Koko
|-damage|p2a: Tapu Koko|88/100
|-enditem|p2a: Tapu Koko|Light Clay|[from] move: Knock Off|[of] p1a: Poggers
|
|upkeep
|turn|2
|
|t:|1625146733
|switch|p1a: Fuck fire fang|Corviknight, F|100/100
|-ability|p1a: Fuck fire fang|Pressure
|move|p2a: Tapu Koko|Reflect|p2a: Tapu Koko
|-sidestart|p2: supersam10001|Reflect
|
|upkeep
|turn|3
|
|t:|1625146739
|switch|p1a: Beautiful creature|Toxapex, F|100/100
|move|p2a: Tapu Koko|U-turn|p1a: Beautiful creature
|-resisted|p1a: Beautiful creature
|-damage|p1a: Beautiful creature|95/100
|-damage|p2a: Tapu Koko|72/100|[from] item: Rocky Helmet|[of] p1a: Beautiful creature
|
|t:|1625146741
|switch|p2a: Diggersby|Diggersby, F|100/100|[from]move: U-turn
|
|upkeep
|turn|4
|
|t:|1625146746
|switch|p1a: Poggers|Tangrowth, F|100/100
|move|p2a: Diggersby|Earthquake|p1a: Poggers
|-resisted|p1a: Poggers
|-crit|p1a: Poggers
|-damage|p1a: Poggers|72/100
|
|upkeep
|turn|5
|
|t:|1625146749
|move|p2a: Diggersby|Swords Dance|p2a: Diggersby
|-boost|p2a: Diggersby|atk|2
|move|p1a: Poggers|Knock Off|p2a: Diggersby
|-damage|p2a: Diggersby|87/100
|-enditem|p2a: Diggersby|Focus Sash|[from] move: Knock Off|[of] p1a: Poggers
|
|-fieldend|move: Electric Terrain
|upkeep
|turn|6
|
|t:|1625146756
|move|p2a: Diggersby|Fire Punch|p1a: Poggers
|-supereffective|p1a: Poggers
|-damage|p1a: Poggers|1/100
|move|p1a: Poggers|Giga Drain|p2a: Diggersby
|-supereffective|p2a: Diggersby
|-damage|p2a: Diggersby|48/100
|-heal|p1a: Poggers|16/100|[from] drain|[of] p2a: Diggersby
|
|-sideend|p2: supersam10001|Reflect
|upkeep
|turn|7
|
|t:|1625146767
|move|p2a: Diggersby|Earthquake|p1a: Poggers
|-resisted|p1a: Poggers
|-damage|p1a: Poggers|0 fnt
|faint|p1a: Poggers
|
|upkeep
|j| Patate de forrain
|
|t:|1625146791
|switch|p1a: Your mom|Blissey, F|100/100
|turn|8
|
|t:|1625146796
|move|p2a: Diggersby|Earthquake|p1a: Your mom
|-crit|p1a: Your mom
|-damage|p1a: Your mom|0 fnt
|faint|p1a: Your mom
|
|-sideend|p2: supersam10001|move: Light Screen
|upkeep
|
|t:|1625146805
|switch|p1a: Fuck fire fang|Corviknight, F|100/100
|-ability|p1a: Fuck fire fang|Pressure
|turn|9
|
|t:|1625146810
|move|p2a: Diggersby|Fire Punch|p1a: Fuck fire fang
|-supereffective|p1a: Fuck fire fang
|-damage|p1a: Fuck fire fang|25/100
|move|p1a: Fuck fire fang|Iron Defense|p1a: Fuck fire fang
|-boost|p1a: Fuck fire fang|def|2
|
|upkeep
|turn|10
|-message|LT81YL Highv0ltag3 forfeited.
|
|win|supersam10001
|raw|LT81YL Highv0ltag3's rating: 1626 &rarr; <strong>1606</strong><br />(-20 for losing)
|raw|supersam10001's rating: 1630 &rarr; <strong>1650</strong><br />(+20 for winning)
|l|☆LT81YL Highv0ltag3
|l| Patate de forrain
|j| Patate de forrain
