|j|☆Q114
|j|☆Truebeliver
|player|p1|Q114|169|1669
|player|p2|Truebeliver|twins-gen4|1767
|teamsize|p1|6
|teamsize|p2|6
|gametype|singles
|gen|8
|tier|[Gen 8] OU
|rated|
|html|<div class="broadcast-blue"><strong>OU is currently suspecting Dracovish! For information on how to participate check out the <a href="https://www.smogon.com/forums/threads/3664521/">suspect thread</a>.</strong></div>
|clearpoke
|poke|p1|Toxapex, F|
|poke|p1|Ferrothorn, M|
|poke|p1|Seismitoad, F|
|poke|p1|Tyranitar, M|
|poke|p1|Clefable, M|
|poke|p1|Corviknight, F|
|poke|p2|Dracovish|
|poke|p2|Clefable, F|
|poke|p2|Corviknight, F|
|poke|p2|Seismitoad, F|
|poke|p2|Mimikyu, M|
|poke|p2|Zeraora|
|rule|Sleep Clause Mod: Limit one foe put to sleep
|rule|Species Clause: Limit one of each Pokémon
|rule|OHKO Clause: OHKO moves are banned
|rule|Evasion Moves Clause: Evasion moves are banned
|rule|Endless Battle Clause: Forcing endless battles is banned
|rule|HP Percentage Mod: HP is shown in percentages
|rule|Dynamax Clause: You cannot dynamax
|teampreview
|
|start
|switch|p1a: Toxapex|Toxapex, F|100/100
|switch|p2a: Zeraora|Zeraora|100/100
|turn|1
|inactive|Battle timer is ON: inactive players will automatically lose when time's up. (requested by Truebeliver)
|
|switch|p2a: Clefable|Clefable, F|100/100
|move|p1a: Toxapex|Toxic Spikes|p2a: Clefable
|-sidestart|p2: Truebeliver|move: Toxic Spikes
|
|upkeep
|turn|2
|
|move|p1a: Toxapex|Knock Off|p2a: Clefable
|-resisted|p2a: Clefable
|-damage|p2a: Clefable|92/100
|-enditem|p2a: Clefable|Leftovers|[from] move: Knock Off|[of] p1a: Toxapex
|move|p2a: Clefable|Teleport|p2a: Clefable
|
|switch|p2a: Corviknight|Corviknight, F|100/100|[from]move: Teleport
|-ability|p2a: Corviknight|Pressure
|
|upkeep
|turn|3
|
|move|p2a: Corviknight|Defog|p1a: Toxapex
|-unboost|p1a: Toxapex|evasion|1
|-sideend|p2: Truebeliver|Toxic Spikes|[from] move: Defog|[of] p2a: Corviknight
|move|p1a: Toxapex|Knock Off|p2a: Corviknight
|-damage|p2a: Corviknight|92/100
|-enditem|p2a: Corviknight|Leftovers|[from] move: Knock Off|[of] p1a: Toxapex
|
|upkeep
|turn|4
|
|switch|p2a: Clefable|Clefable, F|92/100
|move|p1a: Toxapex|Toxic Spikes|p2a: Clefable
|-sidestart|p2: Truebeliver|move: Toxic Spikes
|
|upkeep
|turn|5
|
|switch|p2a: Corviknight|Corviknight, F|92/100
|-ability|p2a: Corviknight|Pressure
|move|p1a: Toxapex|Toxic Spikes|p2a: Corviknight
|-sidestart|p2: Truebeliver|move: Toxic Spikes
|
|upkeep
|turn|6
|
|switch|p2a: Clefable|Clefable, F|92/100
|-status|p2a: Clefable|tox
|move|p1a: Toxapex|Scald|p2a: Clefable
|-damage|p2a: Clefable|81/100 tox
|
|upkeep
|turn|7
|
|switch|p2a: Corviknight|Corviknight, F|92/100
|-ability|p2a: Corviknight|Pressure
|move|p1a: Toxapex|Scald|p2a: Corviknight
|-damage|p2a: Corviknight|77/100
|
|upkeep
|turn|8
|
|move|p2a: Corviknight|Defog|p1a: Toxapex
|-unboost|p1a: Toxapex|evasion|1
|-sideend|p2: Truebeliver|Toxic Spikes|[from] move: Defog|[of] p2a: Corviknight
|move|p1a: Toxapex|Scald|p2a: Corviknight
|-damage|p2a: Corviknight|61/100
|
|upkeep
|turn|9
|
|move|p2a: Corviknight|Roost|p2a: Corviknight
|-heal|p2a: Corviknight|100/100
|-singleturn|p2a: Corviknight|move: Roost
|move|p1a: Toxapex|Toxic Spikes|p2a: Corviknight
|-sidestart|p2: Truebeliver|move: Toxic Spikes
|
|upkeep
|turn|10
|
|switch|p2a: Clefable|Clefable, F|81/100 tox
|move|p1a: Toxapex|Scald|p2a: Clefable
|-damage|p2a: Clefable|70/100 tox
|
|upkeep
|turn|11
|
|move|p2a: Clefable|Wish|p2a: Clefable
|move|p1a: Toxapex|Scald|p2a: Clefable
|-damage|p2a: Clefable|58/100 tox
|
|upkeep
|turn|12
|
|move|p2a: Clefable|Moonblast|p1a: Toxapex
|-resisted|p1a: Toxapex
|-damage|p1a: Toxapex|87/100
|move|p1a: Toxapex|Knock Off|p2a: Clefable
|-resisted|p2a: Clefable
|-damage|p2a: Clefable|53/100 tox
|
|-heal|p2a: Clefable|100/100 tox|[from] move: Wish|[wisher] Clefable
|-heal|p1a: Toxapex|93/100|[from] item: Black Sludge
|upkeep
|turn|13
|
|switch|p2a: Corviknight|Corviknight, F|100/100
|-ability|p2a: Corviknight|Pressure
|move|p1a: Toxapex|Knock Off|p2a: Corviknight
|-damage|p2a: Corviknight|94/100
|
|-heal|p1a: Toxapex|99/100|[from] item: Black Sludge
|upkeep
|turn|14
|
|switch|p2a: Clefable|Clefable, F|100/100 tox
|move|p1a: Toxapex|Scald|p2a: Clefable
|-damage|p2a: Clefable|89/100 tox
|
|-heal|p1a: Toxapex|100/100|[from] item: Black Sludge
|upkeep
|turn|15
|
|move|p1a: Toxapex|Scald|p2a: Clefable
|-damage|p2a: Clefable|77/100 tox
|move|p2a: Clefable|Teleport|p2a: Clefable
|
|switch|p2a: Corviknight|Corviknight, F|94/100|[from]move: Teleport
|-ability|p2a: Corviknight|Pressure
|
|upkeep
|turn|16
|
|move|p2a: Corviknight|Defog|p1a: Toxapex
|-unboost|p1a: Toxapex|evasion|1
|-sideend|p2: Truebeliver|Toxic Spikes|[from] move: Defog|[of] p2a: Corviknight
|move|p1a: Toxapex|Scald|p2a: Corviknight
|-damage|p2a: Corviknight|78/100
|
|upkeep
|turn|17
|
|switch|p2a: Clefable|Clefable, F|77/100 tox
|move|p1a: Toxapex|Toxic Spikes|p2a: Clefable
|-sidestart|p2: Truebeliver|move: Toxic Spikes
|
|upkeep
|turn|18
|
|move|p2a: Clefable|Wish|p2a: Clefable
|move|p1a: Toxapex|Scald|p2a: Clefable
|-damage|p2a: Clefable|66/100 tox
|
|upkeep
|turn|19
|
|move|p2a: Clefable|Moonblast|p1a: Toxapex
|-resisted|p1a: Toxapex
|-damage|p1a: Toxapex|88/100
|move|p1a: Toxapex|Knock Off|p2a: Clefable
|-resisted|p2a: Clefable
|-damage|p2a: Clefable|59/100 tox
|
|-heal|p2a: Clefable|100/100 tox|[from] move: Wish|[wisher] Clefable
|-heal|p1a: Toxapex|94/100|[from] item: Black Sludge
|upkeep
|turn|20
|
|move|p2a: Clefable|Wish|p2a: Clefable
|move|p1a: Toxapex|Knock Off|p2a: Clefable
|-resisted|p2a: Clefable
|-damage|p2a: Clefable|94/100 tox
|
|-heal|p1a: Toxapex|99/100|[from] item: Black Sludge
|upkeep
|turn|21
|
|move|p1a: Toxapex|Scald|p2a: Clefable
|-damage|p2a: Clefable|83/100 tox
|move|p2a: Clefable|Teleport|p2a: Clefable
|
|switch|p2a: Corviknight|Corviknight, F|78/100|[from]move: Teleport
|-ability|p2a: Corviknight|Pressure
|
|-heal|p2a: Corviknight|100/100|[from] move: Wish|[wisher] Clefable
|-heal|p1a: Toxapex|100/100|[from] item: Black Sludge
|upkeep
|turn|22
|
|move|p2a: Corviknight|Defog|p1a: Toxapex
|-unboost|p1a: Toxapex|evasion|1
|-sideend|p2: Truebeliver|Toxic Spikes|[from] move: Defog|[of] p2a: Corviknight
|move|p1a: Toxapex|Scald|p2a: Corviknight
|-damage|p2a: Corviknight|83/100
|
|upkeep
|turn|23
|
|switch|p2a: Clefable|Clefable, F|83/100 tox
|move|p1a: Toxapex|Toxic Spikes|p2a: Clefable
|-sidestart|p2: Truebeliver|move: Toxic Spikes
|
|upkeep
|turn|24
|
|move|p2a: Clefable|Wish|p2a: Clefable
|move|p1a: Toxapex|Knock Off|p2a: Clefable
|-resisted|p2a: Clefable
|-damage|p2a: Clefable|77/100 tox
|
|upkeep
|turn|25
|
|move|p1a: Toxapex|Knock Off|p2a: Clefable
|-resisted|p2a: Clefable
|-damage|p2a: Clefable|71/100 tox
|move|p2a: Clefable|Teleport|p2a: Clefable
|
|switch|p2a: Corviknight|Corviknight, F|83/100|[from]move: Teleport
|-ability|p2a: Corviknight|Pressure
|
|-heal|p2a: Corviknight|100/100|[from] move: Wish|[wisher] Clefable
|upkeep
|turn|26
|
|switch|p2a: Clefable|Clefable, F|71/100 tox
|move|p1a: Toxapex|Scald|p2a: Clefable
|-damage|p2a: Clefable|59/100 tox
|
|upkeep
|turn|27
|
|move|p2a: Clefable|Wish|p2a: Clefable
|move|p1a: Toxapex|Knock Off|p2a: Clefable
|-resisted|p2a: Clefable
|-damage|p2a: Clefable|54/100 tox
|
|upkeep
|turn|28
|
|move|p2a: Clefable|Protect|p2a: Clefable
|-singleturn|p2a: Clefable|Protect
|move|p1a: Toxapex|Knock Off|p2a: Clefable
|-activate|p2a: Clefable|move: Protect
|
|-heal|p2a: Clefable|100/100 tox|[from] move: Wish|[wisher] Clefable
|upkeep
|turn|29
|
|move|p1a: Toxapex|Knock Off|p2a: Clefable
|-resisted|p2a: Clefable
|-damage|p2a: Clefable|95/100 tox
|move|p2a: Clefable|Teleport|p2a: Clefable
|
|switch|p2a: Corviknight|Corviknight, F|100/100|[from]move: Teleport
|-ability|p2a: Corviknight|Pressure
|
|upkeep
|turn|30
|
|switch|p2a: Clefable|Clefable, F|95/100 tox
|move|p1a: Toxapex|Scald|p2a: Clefable
|-damage|p2a: Clefable|85/100 tox
|
|upkeep
|turn|31
|
|move|p1a: Toxapex|Knock Off|p2a: Clefable
|-resisted|p2a: Clefable
|-damage|p2a: Clefable|78/100 tox
|move|p2a: Clefable|Teleport|p2a: Clefable
|
|switch|p2a: Corviknight|Corviknight, F|100/100|[from]move: Teleport
|-ability|p2a: Corviknight|Pressure
|
|upkeep
|turn|32
|
|switch|p2a: Clefable|Clefable, F|78/100 tox
|move|p1a: Toxapex|Scald|p2a: Clefable
|-damage|p2a: Clefable|66/100 tox
|
|upkeep
|turn|33
|
|move|p2a: Clefable|Wish|p2a: Clefable
|move|p1a: Toxapex|Knock Off|p2a: Clefable
|-resisted|p2a: Clefable
|-damage|p2a: Clefable|60/100 tox
|
|upkeep
|turn|34
|
|move|p2a: Clefable|Protect|p2a: Clefable
|-singleturn|p2a: Clefable|Protect
|move|p1a: Toxapex|Haze|p1a: Toxapex
|-clearallboost
|
|-heal|p2a: Clefable|100/100 tox|[from] move: Wish|[wisher] Clefable
|upkeep
|turn|35
|
|switch|p2a: Corviknight|Corviknight, F|100/100
|-ability|p2a: Corviknight|Pressure
|move|p1a: Toxapex|Knock Off|p2a: Corviknight
|-damage|p2a: Corviknight|94/100
|
|upkeep
|turn|36
|
|move|p2a: Corviknight|Defog|p1a: Toxapex
|-unboost|p1a: Toxapex|evasion|1
|-sideend|p2: Truebeliver|Toxic Spikes|[from] move: Defog|[of] p2a: Corviknight
|move|p1a: Toxapex|Scald|p2a: Corviknight
|-damage|p2a: Corviknight|78/100
|-status|p2a: Corviknight|brn
|
|-damage|p2a: Corviknight|72/100 brn|[from] brn
|upkeep
|turn|37
|
|move|p2a: Corviknight|Roost|p2a: Corviknight
|-heal|p2a: Corviknight|100/100 brn
|-singleturn|p2a: Corviknight|move: Roost
|move|p1a: Toxapex|Toxic Spikes|p2a: Corviknight
|-sidestart|p2: Truebeliver|move: Toxic Spikes
|
|-damage|p2a: Corviknight|94/100 brn|[from] brn
|upkeep
|turn|38
|j| rgrn
|
|switch|p1a: Corviknight|Corviknight, F|100/100
|-ability|p1a: Corviknight|Pressure
|move|p2a: Corviknight|Defog|p1a: Corviknight
|-unboost|p1a: Corviknight|evasion|1
|-sideend|p2: Truebeliver|Toxic Spikes|[from] move: Defog|[of] p2a: Corviknight
|
|-damage|p2a: Corviknight|88/100 brn|[from] brn
|upkeep
|turn|39
|
|switch|p1a: Toxapex|Toxapex, F|100/100
|switch|p2a: Seismitoad|Seismitoad, F|100/100
|
|upkeep
|turn|40
|
|move|p2a: Seismitoad|Earth Power|p1a: Toxapex
|-supereffective|p1a: Toxapex
|-crit|p1a: Toxapex
|-damage|p1a: Toxapex|29/100
|move|p1a: Toxapex|Toxic Spikes|p2a: Seismitoad
|-sidestart|p2: Truebeliver|move: Toxic Spikes
|
|-heal|p1a: Toxapex|34/100|[from] item: Black Sludge
|upkeep
|turn|41
|
|switch|p1a: Ferrothorn|Ferrothorn, M|100/100
|move|p2a: Seismitoad|Scald|p1a: Ferrothorn
|-resisted|p1a: Ferrothorn
|-damage|p1a: Ferrothorn|93/100
|
|-heal|p1a: Ferrothorn|99/100|[from] item: Leftovers
|upkeep
|turn|42
|
|move|p2a: Seismitoad|Scald|p1a: Ferrothorn
|-resisted|p1a: Ferrothorn
|-damage|p1a: Ferrothorn|92/100
|-status|p1a: Ferrothorn|brn
|move|p1a: Ferrothorn|Knock Off|p2a: Seismitoad
|-damage|p2a: Seismitoad|93/100
|-enditem|p2a: Seismitoad|Leftovers|[from] move: Knock Off|[of] p1a: Ferrothorn
|
|-heal|p1a: Ferrothorn|98/100 brn|[from] item: Leftovers
|-damage|p1a: Ferrothorn|92/100 brn|[from] brn
|upkeep
|turn|43
|
|switch|p2a: Corviknight|Corviknight, F|88/100 brn
|-ability|p2a: Corviknight|Pressure
|move|p1a: Ferrothorn|Leech Seed|p2a: Corviknight
|-start|p2a: Corviknight|move: Leech Seed
|
|-heal|p1a: Ferrothorn|98/100 brn|[from] item: Leftovers
|-damage|p2a: Corviknight|76/100 brn|[from] Leech Seed|[of] p1a: Ferrothorn
|-heal|p1a: Ferrothorn|100/100 brn|[silent]
|-damage|p2a: Corviknight|70/100 brn|[from] brn
|-damage|p1a: Ferrothorn|95/100 brn|[from] brn
|upkeep
|turn|44
|
|switch|p2a: Clefable|Clefable, F|100/100 tox
|switch|p1a: Corviknight|Corviknight, F|100/100
|-ability|p1a: Corviknight|Pressure
|
|upkeep
|turn|45
|
|switch|p1a: Clefable|Clefable, M|100/100
|move|p2a: Clefable|Protect||[still]
|-fail|p2a: Clefable
|
|upkeep
|turn|46
|
|switch|p2a: Corviknight|Corviknight, F|70/100 brn
|-ability|p2a: Corviknight|Pressure
|move|p1a: Clefable|Aromatherapy|p1a: Clefable
|-activate|p1a: Clefable|move: Aromatherapy
|-curestatus|p1: Ferrothorn|brn|[msg]
|
|-damage|p2a: Corviknight|64/100 brn|[from] brn
|upkeep
|turn|47
|j| HELPINGHANSVIB
|
|switch|p1a: Corviknight|Corviknight, F|100/100
|-ability|p1a: Corviknight|Pressure
|move|p2a: Corviknight|Defog|p1a: Corviknight
|-unboost|p1a: Corviknight|evasion|1
|-sideend|p2: Truebeliver|Toxic Spikes|[from] move: Defog|[of] p2a: Corviknight
|
|-damage|p2a: Corviknight|58/100 brn|[from] brn
|upkeep
|turn|48
|
|switch|p1a: Toxapex|Toxapex, F|68/100
|switch|p2a: Zeraora|Zeraora|100/100
|
|-heal|p1a: Toxapex|74/100|[from] item: Black Sludge
|upkeep
|turn|49
|
|switch|p1a: Clefable|Clefable, M|100/100
|move|p2a: Zeraora|Knock Off|p1a: Clefable
|-resisted|p1a: Clefable
|-damage|p1a: Clefable|86/100
|-enditem|p1a: Clefable|Leftovers|[from] move: Knock Off|[of] p2a: Zeraora
|-damage|p2a: Zeraora|91/100|[from] item: Life Orb
|
|upkeep
|turn|50
|
|move|p2a: Zeraora|Plasma Fists|p1a: Clefable
|-damage|p1a: Clefable|41/100
|-fieldactivate|move: Ion Deluge
|-damage|p2a: Zeraora|81/100|[from] item: Life Orb
|move|p1a: Clefable|Wish|p1a: Clefable
|
|upkeep
|turn|51
|
|switch|p2a: Corviknight|Corviknight, F|58/100 brn
|-ability|p2a: Corviknight|Pressure
|move|p1a: Clefable|Protect||[still]
|-fail|p1a: Clefable
|
|-heal|p1a: Clefable|91/100|[from] move: Wish|[wisher] Clefable
|-damage|p2a: Corviknight|52/100 brn|[from] brn
|upkeep
|turn|52
|
|switch|p1a: Corviknight|Corviknight, F|100/100
|-ability|p1a: Corviknight|Pressure
|move|p2a: Corviknight|Roost|p2a: Corviknight
|-heal|p2a: Corviknight|100/100 brn
|-singleturn|p2a: Corviknight|move: Roost
|
|-damage|p2a: Corviknight|94/100 brn|[from] brn
|upkeep
|turn|53
|
|switch|p1a: Toxapex|Toxapex, F|100/100
|switch|p2a: Seismitoad|Seismitoad, F|93/100
|
|upkeep
|turn|54
|
|switch|p2a: Corviknight|Corviknight, F|94/100 brn
|-ability|p2a: Corviknight|Pressure
|move|p1a: Toxapex|Toxic Spikes|p2a: Corviknight
|-sidestart|p2: Truebeliver|move: Toxic Spikes
|
|-damage|p2a: Corviknight|88/100 brn|[from] brn
|upkeep
|turn|55
|
|switch|p2a: Clefable|Clefable, F|100/100 tox
|switch|p1a: Corviknight|Corviknight, F|100/100
|-ability|p1a: Corviknight|Pressure
|
|upkeep
|turn|56
|
|switch|p1a: Toxapex|Toxapex, F|100/100
|switch|p2a: Corviknight|Corviknight, F|88/100 brn
|-ability|p2a: Corviknight|Pressure
|
|-damage|p2a: Corviknight|82/100 brn|[from] brn
|upkeep
|turn|57
|
|switch|p2a: Clefable|Clefable, F|100/100 tox
|switch|p1a: Corviknight|Corviknight, F|100/100
|-ability|p1a: Corviknight|Pressure
|
|upkeep
|turn|58
|
|switch|p1a: Toxapex|Toxapex, F|100/100
|switch|p2a: Corviknight|Corviknight, F|82/100 brn
|-ability|p2a: Corviknight|Pressure
|
|-damage|p2a: Corviknight|76/100 brn|[from] brn
|upkeep
|turn|59
|
|switch|p1a: Corviknight|Corviknight, F|100/100
|-ability|p1a: Corviknight|Pressure
|move|p2a: Corviknight|Defog|p1a: Corviknight
|-unboost|p1a: Corviknight|evasion|1
|-sideend|p2: Truebeliver|Toxic Spikes|[from] move: Defog|[of] p2a: Corviknight
|
|-damage|p2a: Corviknight|70/100 brn|[from] brn
|upkeep
|turn|60
|
|switch|p1a: Toxapex|Toxapex, F|100/100
|switch|p2a: Dracovish|Dracovish|100/100
|
|upkeep
|turn|61
|
|move|p2a: Dracovish|Substitute|p2a: Dracovish
|-start|p2a: Dracovish|Substitute
|-damage|p2a: Dracovish|76/100
|move|p1a: Toxapex|Knock Off|p2a: Dracovish
|-activate|p2a: Dracovish|move: Substitute|[damage]
|
|upkeep
|turn|62
|
|move|p2a: Dracovish|Whirlpool|p1a: Toxapex|[miss]
|-miss|p2a: Dracovish|p1a: Toxapex
|move|p1a: Toxapex|Haze|p1a: Toxapex
|-clearallboost
|
|upkeep
|turn|63
|
|switch|p1a: Seismitoad|Seismitoad, F|100/100
|move|p2a: Dracovish|Psychic Fangs|p1a: Seismitoad
|-damage|p1a: Seismitoad|75/100
|
|-heal|p1a: Seismitoad|81/100|[from] item: Leftovers
|upkeep
|turn|64
|
|move|p2a: Dracovish|Psychic Fangs|p1a: Seismitoad
|-damage|p1a: Seismitoad|55/100
|move|p1a: Seismitoad|Knock Off|p2a: Dracovish
|-end|p2a: Dracovish|Substitute
|
|-heal|p1a: Seismitoad|61/100|[from] item: Leftovers
|upkeep
|turn|65
|c|☆Truebeliver|Unlucky miss right?
|inactive|Truebeliver has 120 seconds left.
|
|switch|p2a: Clefable|Clefable, F|100/100 tox
|move|p1a: Seismitoad|Knock Off|p2a: Clefable
|-resisted|p2a: Clefable
|-damage|p2a: Clefable|93/100 tox
|
|-heal|p1a: Seismitoad|67/100|[from] item: Leftovers
|upkeep
|turn|66
|inactive|Truebeliver has 120 seconds left.
|
|move|p1a: Seismitoad|Stealth Rock|p2a: Clefable
|-sidestart|p2: Truebeliver|move: Stealth Rock
|move|p2a: Clefable|Moonblast|p1a: Seismitoad
|-damage|p1a: Seismitoad|32/100
|
|-heal|p1a: Seismitoad|38/100|[from] item: Leftovers
|upkeep
|turn|67
|
|switch|p1a: Clefable|Clefable, M|91/100
|switch|p2a: Dracovish|Dracovish|76/100
|-damage|p2a: Dracovish|63/100|[from] Stealth Rock
|
|upkeep
|turn|68
|
|move|p2a: Dracovish|Substitute|p2a: Dracovish
|-start|p2a: Dracovish|Substitute
|-damage|p2a: Dracovish|38/100
|move|p1a: Clefable|Wish|p1a: Clefable
|
|upkeep
|turn|69
|
|move|p2a: Dracovish|Psychic Fangs|p1a: Clefable
|-damage|p1a: Clefable|61/100
|move|p1a: Clefable|Moonblast|p2a: Dracovish
|-supereffective|p2a: Dracovish
|-end|p2a: Dracovish|Substitute
|
|-heal|p1a: Clefable|100/100|[from] move: Wish|[wisher] Clefable
|upkeep
|turn|70
|
|move|p2a: Dracovish|Substitute|p2a: Dracovish
|-start|p2a: Dracovish|Substitute
|-damage|p2a: Dracovish|13/100
|move|p1a: Clefable|Wish|p1a: Clefable
|
|upkeep
|turn|71
|
|move|p2a: Dracovish|Psychic Fangs|p1a: Clefable
|-damage|p1a: Clefable|73/100
|move|p1a: Clefable|Moonblast|p2a: Dracovish
|-supereffective|p2a: Dracovish
|-end|p2a: Dracovish|Substitute
|
|-heal|p1a: Clefable|100/100|[from] move: Wish|[wisher] Clefable
|upkeep
|turn|72
|
|move|p2a: Dracovish|Fishious Rend|p1a: Clefable
|-damage|p1a: Clefable|10/100
|move|p1a: Clefable|Wish|p1a: Clefable
|
|upkeep
|turn|73
|
|switch|p1a: Corviknight|Corviknight, F|100/100
|-ability|p1a: Corviknight|Pressure
|move|p2a: Dracovish|Psychic Fangs|p1a: Corviknight
|-resisted|p1a: Corviknight
|-damage|p1a: Corviknight|89/100
|
|-heal|p1a: Corviknight|100/100|[from] move: Wish|[wisher] Clefable
|upkeep
|turn|74
|
|switch|p2a: Clefable|Clefable, F|93/100 tox
|move|p1a: Corviknight|Body Press|p2a: Clefable
|-resisted|p2a: Clefable
|-damage|p2a: Clefable|77/100 tox
|
|upkeep
|turn|75
|inactive|Q114 has 120 seconds left.
|j| HeavenStar
|
|switch|p1a: Toxapex|Toxapex, F|100/100
|move|p2a: Clefable|Wish|p2a: Clefable
|
|upkeep
|turn|76
|
|switch|p2a: Corviknight|Corviknight, F|70/100 brn
|-damage|p2a: Corviknight|58/100 brn|[from] Stealth Rock
|-ability|p2a: Corviknight|Pressure
|move|p1a: Toxapex|Toxic Spikes|p2a: Corviknight
|-sidestart|p2: Truebeliver|move: Toxic Spikes
|
|-heal|p2a: Corviknight|100/100 brn|[from] move: Wish|[wisher] Clefable
|-damage|p2a: Corviknight|94/100 brn|[from] brn
|upkeep
|turn|77
|
|switch|p1a: Clefable|Clefable, M|10/100
|move|p2a: Corviknight|Defog|p1a: Clefable
|-unboost|p1a: Clefable|evasion|1
|-sideend|p2: Truebeliver|Toxic Spikes|[from] move: Defog|[of] p2a: Corviknight
|-sideend|p2: Truebeliver|Stealth Rock|[from] move: Defog|[of] p2a: Corviknight
|
|-damage|p2a: Corviknight|88/100 brn|[from] brn
|upkeep
|turn|78
|
|move|p2a: Corviknight|Iron Head|p1a: Clefable
|-supereffective|p1a: Clefable
|-damage|p1a: Clefable|0 fnt
|faint|p1a: Clefable
|
|-damage|p2a: Corviknight|82/100 brn|[from] brn
|upkeep
|
|switch|p1a: Seismitoad|Seismitoad, F|38/100
|turn|79
|l| rgrn
|
|switch|p2a: Clefable|Clefable, F|77/100 tox
|move|p1a: Seismitoad|Stealth Rock|p2a: Clefable
|-sidestart|p2: Truebeliver|move: Stealth Rock
|
|-heal|p1a: Seismitoad|44/100|[from] item: Leftovers
|upkeep
|turn|80
|
|switch|p1a: Toxapex|Toxapex, F|100/100
|move|p2a: Clefable|Wish|p2a: Clefable
|
|upkeep
|turn|81
|
|switch|p2a: Zeraora|Zeraora|81/100
|-damage|p2a: Zeraora|69/100|[from] Stealth Rock
|move|p1a: Toxapex|Toxic Spikes|p2a: Zeraora
|-sidestart|p2: Truebeliver|move: Toxic Spikes
|
|-heal|p2a: Zeraora|100/100|[from] move: Wish|[wisher] Clefable
|upkeep
|turn|82
|
|switch|p2a: Corviknight|Corviknight, F|82/100 brn
|-damage|p2a: Corviknight|70/100 brn|[from] Stealth Rock
|-ability|p2a: Corviknight|Pressure
|move|p1a: Toxapex|Scald|p2a: Corviknight
|-damage|p2a: Corviknight|54/100 brn
|
|-damage|p2a: Corviknight|48/100 brn|[from] brn
|upkeep
|turn|83
|
|switch|p1a: Corviknight|Corviknight, F|100/100
|-ability|p1a: Corviknight|Pressure
|move|p2a: Corviknight|Defog|p1a: Corviknight
|-unboost|p1a: Corviknight|evasion|1
|-sideend|p2: Truebeliver|Toxic Spikes|[from] move: Defog|[of] p2a: Corviknight
|-sideend|p2: Truebeliver|Stealth Rock|[from] move: Defog|[of] p2a: Corviknight
|
|-damage|p2a: Corviknight|42/100 brn|[from] brn
|upkeep
|turn|84
|
|switch|p1a: Seismitoad|Seismitoad, F|44/100
|move|p2a: Corviknight|Roost|p2a: Corviknight
|-heal|p2a: Corviknight|92/100 brn
|-singleturn|p2a: Corviknight|move: Roost
|
|-heal|p1a: Seismitoad|50/100|[from] item: Leftovers
|-damage|p2a: Corviknight|86/100 brn|[from] brn
|upkeep
|turn|85
|
|switch|p2a: Zeraora|Zeraora|100/100
|move|p1a: Seismitoad|Stealth Rock|p2a: Zeraora
|-sidestart|p2: Truebeliver|move: Stealth Rock
|
|-heal|p1a: Seismitoad|56/100|[from] item: Leftovers
|upkeep
|turn|86
|
|switch|p1a: Toxapex|Toxapex, F|100/100
|move|p2a: Zeraora|Grass Knot|p1a: Toxapex
|-damage|p1a: Toxapex|90/100
|-damage|p2a: Zeraora|91/100|[from] item: Life Orb
|
|-heal|p1a: Toxapex|96/100|[from] item: Black Sludge
|upkeep
|turn|87
|
|switch|p2a: Corviknight|Corviknight, F|86/100 brn
|-damage|p2a: Corviknight|73/100 brn|[from] Stealth Rock
|-ability|p2a: Corviknight|Pressure
|move|p1a: Toxapex|Toxic Spikes|p2a: Corviknight
|-sidestart|p2: Truebeliver|move: Toxic Spikes
|
|-heal|p1a: Toxapex|100/100|[from] item: Black Sludge
|-damage|p2a: Corviknight|67/100 brn|[from] brn
|upkeep
|turn|88
|
|switch|p1a: Corviknight|Corviknight, F|100/100
|-ability|p1a: Corviknight|Pressure
|move|p2a: Corviknight|Defog|p1a: Corviknight
|-unboost|p1a: Corviknight|evasion|1
|-sideend|p2: Truebeliver|Toxic Spikes|[from] move: Defog|[of] p2a: Corviknight
|-sideend|p2: Truebeliver|Stealth Rock|[from] move: Defog|[of] p2a: Corviknight
|
|-damage|p2a: Corviknight|61/100 brn|[from] brn
|upkeep
|turn|89
|
|switch|p1a: Seismitoad|Seismitoad, F|56/100
|switch|p2a: Zeraora|Zeraora|91/100
|
|-heal|p1a: Seismitoad|62/100|[from] item: Leftovers
|upkeep
|turn|90
|
|switch|p1a: Toxapex|Toxapex, F|100/100
|move|p2a: Zeraora|Knock Off|p1a: Toxapex
|-damage|p1a: Toxapex|76/100
|-enditem|p1a: Toxapex|Black Sludge|[from] move: Knock Off|[of] p2a: Zeraora
|-damage|p2a: Zeraora|81/100|[from] item: Life Orb
|
|upkeep
|turn|91
|
|move|p2a: Zeraora|Plasma Fists|p1a: Toxapex
|-supereffective|p1a: Toxapex
|-damage|p1a: Toxapex|4/100
|-fieldactivate|move: Ion Deluge
|-damage|p2a: Zeraora|71/100|[from] item: Life Orb
|move|p1a: Toxapex|Scald|p2a: Zeraora
|-damage|p2a: Zeraora|49/100
|
|upkeep
|turn|92
|
|switch|p1a: Ferrothorn|Ferrothorn, M|95/100
|move|p2a: Zeraora|Knock Off|p1a: Ferrothorn
|-damage|p1a: Ferrothorn|65/100
|-damage|p2a: Zeraora|37/100|[from] ability: Iron Barbs|[of] p1a: Ferrothorn
|-enditem|p1a: Ferrothorn|Leftovers|[from] move: Knock Off|[of] p2a: Zeraora
|-damage|p2a: Zeraora|27/100|[from] item: Life Orb
|
|upkeep
|turn|93
|
|switch|p2a: Clefable|Clefable, F|77/100 tox
|move|p1a: Ferrothorn|Leech Seed|p2a: Clefable|[miss]
|-miss|p1a: Ferrothorn|p2a: Clefable
|
|upkeep
|turn|94
|
|move|p2a: Clefable|Wish|p2a: Clefable
|move|p1a: Ferrothorn|Spikes|p2a: Clefable
|-sidestart|p2: Truebeliver|Spikes
|
|upkeep
|turn|95
|
|move|p1a: Ferrothorn|Spikes|p2a: Clefable
|-sidestart|p2: Truebeliver|Spikes
|move|p2a: Clefable|Teleport|p2a: Clefable
|
|switch|p2a: Zeraora|Zeraora|27/100|[from]move: Teleport
|-damage|p2a: Zeraora|11/100|[from] Spikes
|
|-heal|p2a: Zeraora|73/100|[from] move: Wish|[wisher] Clefable
|upkeep
|turn|96
|
|move|p2a: Zeraora|Close Combat|p1a: Ferrothorn
|-supereffective|p1a: Ferrothorn
|-damage|p1a: Ferrothorn|0 fnt
|-unboost|p2a: Zeraora|def|1
|-unboost|p2a: Zeraora|spd|1
|-damage|p2a: Zeraora|60/100|[from] ability: Iron Barbs|[of] p1a: Ferrothorn
|-damage|p2a: Zeraora|51/100|[from] item: Life Orb
|faint|p1a: Ferrothorn
|
|upkeep
|
|switch|p1a: Corviknight|Corviknight, F|100/100
|-ability|p1a: Corviknight|Pressure
|turn|97
|
|switch|p2a: Corviknight|Corviknight, F|61/100 brn
|-ability|p2a: Corviknight|Pressure
|move|p1a: Corviknight|Body Press|p2a: Corviknight
|-damage|p2a: Corviknight|45/100 brn
|
|-damage|p2a: Corviknight|39/100 brn|[from] brn
|upkeep
|turn|98
|
|move|p1a: Corviknight|Bulk Up|p1a: Corviknight
|-boost|p1a: Corviknight|atk|1
|-boost|p1a: Corviknight|def|1
|move|p2a: Corviknight|Defog|p1a: Corviknight
|-unboost|p1a: Corviknight|evasion|1
|-sideend|p2: Truebeliver|Spikes|[from] move: Defog|[of] p2a: Corviknight
|
|-damage|p2a: Corviknight|33/100 brn|[from] brn
|upkeep
|turn|99
|inactive|Truebeliver has 120 seconds left.
|
|switch|p2a: Mimikyu|Mimikyu, M|100/100
|move|p1a: Corviknight|Bulk Up|p1a: Corviknight
|-boost|p1a: Corviknight|atk|1
|-boost|p1a: Corviknight|def|1
|
|upkeep
|turn|100
|
|move|p2a: Mimikyu|Swords Dance|p2a: Mimikyu
|-boost|p2a: Mimikyu|atk|2
|move|p1a: Corviknight|Bulk Up|p1a: Corviknight
|-boost|p1a: Corviknight|atk|1
|-boost|p1a: Corviknight|def|1
|
|upkeep
|turn|101
|
|move|p2a: Mimikyu|Swords Dance|p2a: Mimikyu
|-boost|p2a: Mimikyu|atk|2
|move|p1a: Corviknight|Bulk Up|p1a: Corviknight
|-boost|p1a: Corviknight|atk|1
|-boost|p1a: Corviknight|def|1
|
|upkeep
|turn|102
|inactive|Truebeliver has 120 seconds left.
|
|move|p2a: Mimikyu|Shadow Claw|p1a: Corviknight
|-damage|p1a: Corviknight|78/100
|-damage|p2a: Mimikyu|84/100|[from] item: Rocky Helmet|[of] p1a: Corviknight
|-damage|p2a: Mimikyu|74/100|[from] item: Life Orb
|move|p1a: Corviknight|Bulk Up|p1a: Corviknight
|-boost|p1a: Corviknight|atk|1
|-boost|p1a: Corviknight|def|1
|
|upkeep
|turn|103
|inactive|Truebeliver has 120 seconds left.
|
|move|p2a: Mimikyu|Shadow Claw|p1a: Corviknight
|-damage|p1a: Corviknight|59/100
|-damage|p2a: Mimikyu|58/100|[from] item: Rocky Helmet|[of] p1a: Corviknight
|-damage|p2a: Mimikyu|48/100|[from] item: Life Orb
|move|p1a: Corviknight|Bulk Up|p1a: Corviknight
|-boost|p1a: Corviknight|atk|1
|-boost|p1a: Corviknight|def|1
|
|upkeep
|turn|104
|inactive|Truebeliver has 120 seconds left.
|
|move|p2a: Mimikyu|Shadow Claw|p1a: Corviknight
|-damage|p1a: Corviknight|42/100
|-damage|p2a: Mimikyu|32/100|[from] item: Rocky Helmet|[of] p1a: Corviknight
|-damage|p2a: Mimikyu|22/100|[from] item: Life Orb
|move|p1a: Corviknight|Roost|p1a: Corviknight
|-heal|p1a: Corviknight|92/100
|-singleturn|p1a: Corviknight|move: Roost
|
|upkeep
|turn|105
|
|switch|p2a: Clefable|Clefable, F|77/100 tox
|move|p1a: Corviknight|Roost|p1a: Corviknight
|-heal|p1a: Corviknight|100/100
|-singleturn|p1a: Corviknight|move: Roost
|
|upkeep
|turn|106
|
|move|p1a: Corviknight|Body Press|p2a: Clefable
|-resisted|p2a: Clefable
|-damage|p2a: Clefable|19/100 tox
|move|p2a: Clefable|Wish|p2a: Clefable
|
|upkeep
|turn|107
|
|move|p2a: Clefable|Protect|p2a: Clefable
|-singleturn|p2a: Clefable|Protect
|move|p1a: Corviknight|Body Press|p2a: Clefable
|-activate|p2a: Clefable|move: Protect
|
|-heal|p2a: Clefable|69/100 tox|[from] move: Wish|[wisher] Clefable
|upkeep
|turn|108
|
|move|p1a: Corviknight|Body Press|p2a: Clefable
|-resisted|p2a: Clefable
|-damage|p2a: Clefable|12/100 tox
|move|p2a: Clefable|Wish|p2a: Clefable
|
|upkeep
|turn|109
|
|switch|p2a: Mimikyu|Mimikyu, M|22/100
|move|p1a: Corviknight|Bulk Up|p1a: Corviknight
|-boost|p1a: Corviknight|atk|0
|-boost|p1a: Corviknight|def|0
|
|-heal|p2a: Mimikyu|99/100|[from] move: Wish|[wisher] Clefable
|upkeep
|turn|110
|
|move|p2a: Mimikyu|Swords Dance|p2a: Mimikyu
|-boost|p2a: Mimikyu|atk|2
|move|p1a: Corviknight|Bulk Up|p1a: Corviknight
|-boost|p1a: Corviknight|atk|0
|-boost|p1a: Corviknight|def|0
|
|upkeep
|turn|111
|
|move|p2a: Mimikyu|Swords Dance|p2a: Mimikyu
|-boost|p2a: Mimikyu|atk|2
|move|p1a: Corviknight|Bulk Up|p1a: Corviknight
|-boost|p1a: Corviknight|atk|0
|-boost|p1a: Corviknight|def|0
|
|upkeep
|turn|112
|
|move|p2a: Mimikyu|Swords Dance|p2a: Mimikyu
|-boost|p2a: Mimikyu|atk|2
|move|p1a: Corviknight|Bulk Up|p1a: Corviknight
|-boost|p1a: Corviknight|atk|0
|-boost|p1a: Corviknight|def|0
|
|upkeep
|turn|113
|inactive|Truebeliver has 90 seconds left.
|c|☆Truebeliver|Gimme that crit
|
|move|p2a: Mimikyu|Shadow Claw|p1a: Corviknight
|-damage|p1a: Corviknight|77/100
|-damage|p2a: Mimikyu|84/100|[from] item: Rocky Helmet|[of] p1a: Corviknight
|-damage|p2a: Mimikyu|74/100|[from] item: Life Orb
|move|p1a: Corviknight|Bulk Up|p1a: Corviknight
|-boost|p1a: Corviknight|atk|0
|-boost|p1a: Corviknight|def|0
|
|upkeep
|turn|114
|
|move|p2a: Mimikyu|Shadow Claw|p1a: Corviknight
|-damage|p1a: Corviknight|54/100
|-damage|p2a: Mimikyu|57/100|[from] item: Rocky Helmet|[of] p1a: Corviknight
|-damage|p2a: Mimikyu|48/100|[from] item: Life Orb
|move|p1a: Corviknight|Roost|p1a: Corviknight
|-heal|p1a: Corviknight|100/100
|-singleturn|p1a: Corviknight|move: Roost
|
|upkeep
|turn|115
|
|move|p2a: Mimikyu|Shadow Claw|p1a: Corviknight
|-damage|p1a: Corviknight|78/100
|-damage|p2a: Mimikyu|31/100|[from] item: Rocky Helmet|[of] p1a: Corviknight
|-damage|p2a: Mimikyu|21/100|[from] item: Life Orb
|move|p1a: Corviknight|Bulk Up|p1a: Corviknight
|-boost|p1a: Corviknight|atk|0
|-boost|p1a: Corviknight|def|0
|
|upkeep
|turn|116
|c|☆Truebeliver|Excuse me?
|c| HELPINGHANSVIB|why not knock off the helmet
|c| HELPINGHANSVIB|owo
|c|☆Truebeliver|Only matters
|inactive|Truebeliver has 60 seconds left.
|c|☆Truebeliver|If im unlucky
|c|☆Truebeliver|Af
|c|☆Truebeliver|Like the whole game
|c|☆Truebeliver|I was unlucky
|
|switch|p2a: Dracovish|Dracovish|13/100
|move|p1a: Corviknight|Roost|p1a: Corviknight
|-heal|p1a: Corviknight|100/100
|-singleturn|p1a: Corviknight|move: Roost
|
|upkeep
|turn|117
|
|move|p2a: Dracovish|Whirlpool|p1a: Corviknight
|-damage|p1a: Corviknight|93/100
|-activate|p1a: Corviknight|move: Whirlpool|[of] p2a: Dracovish
|move|p1a: Corviknight|Body Press|p2a: Dracovish
|-damage|p2a: Dracovish|0 fnt
|faint|p2a: Dracovish
|
|-end|p1a: Corviknight|Whirlpool|[partiallytrapped]|[silent]
|upkeep
|
|switch|p2a: Zeraora|Zeraora|51/100
|turn|118
|
|move|p2a: Zeraora|Knock Off|p1a: Corviknight
|-damage|p1a: Corviknight|87/100
|-damage|p2a: Zeraora|34/100|[from] item: Rocky Helmet|[of] p1a: Corviknight
|-enditem|p1a: Corviknight|Rocky Helmet|[from] move: Knock Off|[of] p2a: Zeraora
|-damage|p2a: Zeraora|24/100|[from] item: Life Orb
|move|p1a: Corviknight|Body Press|p2a: Zeraora
|-damage|p2a: Zeraora|0 fnt
|faint|p2a: Zeraora
|
|upkeep
|
|switch|p2a: Mimikyu|Mimikyu, M|21/100
|turn|119
|
|move|p2a: Mimikyu|Swords Dance|p2a: Mimikyu
|-boost|p2a: Mimikyu|atk|2
|move|p1a: Corviknight|Roost|p1a: Corviknight
|-heal|p1a: Corviknight|100/100
|-singleturn|p1a: Corviknight|move: Roost
|
|upkeep
|turn|120
|
|move|p2a: Mimikyu|Swords Dance|p2a: Mimikyu
|-boost|p2a: Mimikyu|atk|2
|move|p1a: Corviknight|Bulk Up|p1a: Corviknight
|-boost|p1a: Corviknight|atk|0
|-boost|p1a: Corviknight|def|0
|
|upkeep
|turn|121
|
|move|p2a: Mimikyu|Swords Dance|p2a: Mimikyu
|-boost|p2a: Mimikyu|atk|2
|move|p1a: Corviknight|Bulk Up|p1a: Corviknight
|-boost|p1a: Corviknight|atk|0
|-boost|p1a: Corviknight|def|0
|
|upkeep
|turn|122
|
|move|p2a: Mimikyu|Shadow Claw|p1a: Corviknight
|-damage|p1a: Corviknight|78/100
|-damage|p2a: Mimikyu|11/100|[from] item: Life Orb
|move|p1a: Corviknight|Bulk Up|p1a: Corviknight
|-boost|p1a: Corviknight|atk|0
|-boost|p1a: Corviknight|def|0
|
|upkeep
|turn|123
|c| HELPINGHANSVIB|maybe too late for now
|c|☆Truebeliver|Maybe
|inactive|Truebeliver has 60 seconds left.
|c|☆Truebeliver|Shluldv won
|c|☆Truebeliver|Like
|c|☆Truebeliver|80turn
|c|☆Truebeliver|Ago
|c|☆Truebeliver|?
|c|☆Truebeliver|But you know mon is a traqh game
|c|☆Truebeliver|So whatever
|
|move|p2a: Mimikyu|Shadow Claw|p1a: Corviknight
|-damage|p1a: Corviknight|57/100
|-damage|p2a: Mimikyu|1/100|[from] item: Life Orb
|move|p1a: Corviknight|Roost|p1a: Corviknight
|-heal|p1a: Corviknight|100/100
|-singleturn|p1a: Corviknight|move: Roost
|
|upkeep
|turn|124
|c| HELPINGHANSVIB|enjoy it
|c| HELPINGHANSVIB|owo
|inactive|Truebeliver has 30 seconds left.
|c|☆Truebeliver|Well outplayed by the odds
|inactive|Truebeliver has 20 seconds left.
|c|☆Truebeliver|Even the guy is terrible
|inactive|Truebeliver has 15 seconds left.
|c|☆Truebeliver|Ttar waswinning pmay
|inactive|Truebeliver has 10 seconds left.
|c|☆Truebeliver|Here
|inactive|Truebeliver has 5 seconds left.
|c|☆Truebeliver|Like 20turn ago
|
|move|p2a: Mimikyu|Shadow Claw|p1a: Corviknight
|-damage|p1a: Corviknight|78/100
|-damage|p2a: Mimikyu|0 fnt|[from] item: Life Orb
|faint|p2a: Mimikyu
|move|p1a: Corviknight|Roost|p1a: Corviknight
|-heal|p1a: Corviknight|100/100
|-singleturn|p1a: Corviknight|move: Roost
|
|upkeep
|inactive|Truebeliver has 10 seconds left this turn.
|inactive|Truebeliver has 5 seconds left.
|c|☆Truebeliver|Whatever
|-message|Truebeliver lost due to inactivity.
|
|win|Q114
|c|☆Truebeliver|Gg
|l|☆Truebeliver
|raw|Q114's rating: 1669 &rarr; <strong>1695</strong><br />(+26 for winning)
|raw|Truebeliver's rating: 1767 &rarr; <strong>1741</strong><br />(-26 for losing)
|c| HELPINGHANSVIB|gg
|l| HELPINGHANSVIB
