|j|☆SCU Wamr
|j|☆A
|player|p1|SCU Wamr|eusine|1495
|player|p2|A|clemont|1461
|teamsize|p1|6
|teamsize|p2|6
|gametype|singles
|gen|8
|tier|[Gen 8] OU
|rated|
|clearpoke
|poke|p1|Rillaboom, F|
|poke|p1|Hawlucha, M|
|poke|p1|Zeraora|
|poke|p1|Bisharp, F|
|poke|p1|Excadrill, F|
|poke|p1|Dragapult, F|
|poke|p2|Aegislash, M|
|poke|p2|Jellicent, M|
|poke|p2|Jirachi|
|poke|p2|Rillaboom, M|
|poke|p2|Togekiss, M|
|poke|p2|Arcanine, F|
|rule|Sleep Clause Mod: Limit one foe put to sleep
|rule|Species Clause: Limit one of each Pokémon
|rule|OHKO Clause: OHKO moves are banned
|rule|Evasion Moves Clause: Evasion moves are banned
|rule|Endless Battle Clause: Forcing endless battles is banned
|rule|HP Percentage Mod: HP is shown in percentages
|rule|Dynamax Clause: You cannot dynamax
|teampreview
|
|start
|switch|p1a: Excadrill|Excadrill, F|100/100
|switch|p2a: HIM|Aegislash, M, shiny|100/100
|-ability|p1a: Excadrill|Mold Breaker
|turn|1
|inactive|Battle timer is ON: inactive players will automatically lose when time's up. (requested by SCU Wamr)
|inactive|A has 120 seconds left.
|
|switch|p2a: mr gamer man|Rillaboom, M, shiny|100/100
|-fieldstart|move: Grassy Terrain|[from] ability: Grassy Surge|[of] p2a: mr gamer man
|move|p1a: Excadrill|Stealth Rock|p2a: mr gamer man
|-sidestart|p2: A|move: Stealth Rock
|
|upkeep
|turn|2
|
|move|p1a: Excadrill|Steel Beam|p2a: mr gamer man
|-damage|p2a: mr gamer man|67/100
|-damage|p1a: Excadrill|50/100|[from] mindblown
|move|p2a: mr gamer man|Knock Off|p1a: Excadrill
|-damage|p1a: Excadrill|0 fnt
|-enditem|p1a: Excadrill|Focus Sash|[from] move: Knock Off|[of] p2a: mr gamer man
|faint|p1a: Excadrill
|
|-heal|p2a: mr gamer man|73/100|[from] item: Leftovers
|-heal|p2a: mr gamer man|79/100|[from] Grassy Terrain
|upkeep
|
|switch|p1a: Hawlucha|Hawlucha, M|100/100
|-enditem|p1a: Hawlucha|Grassy Seed
|-boost|p1a: Hawlucha|def|1|[from] item: Grassy Seed
|turn|3
|
|switch|p2a: gamer girl|Arcanine, F, shiny|100/100
|-ability|p2a: gamer girl|Intimidate|boost
|-unboost|p1a: Hawlucha|atk|1
|move|p1a: Hawlucha|Swords Dance|p1a: Hawlucha
|-boost|p1a: Hawlucha|atk|2
|
|upkeep
|turn|4
|
|move|p1a: Hawlucha|Swords Dance|p1a: Hawlucha
|-boost|p1a: Hawlucha|atk|2
|move|p2a: gamer girl|Flamethrower|p1a: Hawlucha
|-damage|p1a: Hawlucha|53/100
|
|upkeep
|turn|5
|
|switch|p2a: actually lame|Jellicent, M|100/100
|-damage|p2a: actually lame|88/100|[from] Stealth Rock
|move|p1a: Hawlucha|Acrobatics|p2a: actually lame
|-damage|p2a: actually lame|0 fnt
|faint|p2a: actually lame
|
|-fieldend|move: Grassy Terrain
|upkeep
|
|switch|p2a: HIM|Aegislash, M, shiny|100/100
|-damage|p2a: HIM|94/100|[from] Stealth Rock
|turn|6
|
|move|p1a: Hawlucha|Acrobatics|p2a: HIM
|-resisted|p2a: HIM
|-damage|p2a: HIM|41/100
|-formechange|p2a: HIM|Aegislash-Blade||[from] ability: Stance Change
|move|p2a: HIM|Iron Head|p1a: Hawlucha
|-damage|p1a: Hawlucha|6/100
|
|upkeep
|turn|7
|
|move|p2a: HIM|Shadow Sneak|p1a: Hawlucha
|-damage|p1a: Hawlucha|0 fnt
|faint|p1a: Hawlucha
|
|upkeep
|
|switch|p1a: Bisharp|Bisharp, F|100/100
|turn|8
|
|move|p1a: Bisharp|Knock Off|p2a: HIM
|-supereffective|p2a: HIM
|-crit|p2a: HIM
|-damage|p2a: HIM|0 fnt
|-enditem|p2a: HIM|Assault Vest|[from] move: Knock Off|[of] p1a: Bisharp
|faint|p2a: HIM
|
|upkeep
|
|switch|p2a: mr gamer man|Rillaboom, M, shiny|79/100
|-damage|p2a: mr gamer man|66/100|[from] Stealth Rock
|-fieldstart|move: Grassy Terrain|[from] ability: Grassy Surge|[of] p2a: mr gamer man
|turn|9
|
|move|p2a: mr gamer man|Drain Punch|p1a: Bisharp
|-supereffective|p1a: Bisharp
|-damage|p1a: Bisharp|0 fnt
|-heal|p2a: mr gamer man|100/100|[from] drain|[of] p1a: Bisharp
|faint|p1a: Bisharp
|
|upkeep
|
|switch|p1a: Zeraora|Zeraora|100/100
|turn|10
|
|move|p1a: Zeraora|Bulk Up|p1a: Zeraora
|-boost|p1a: Zeraora|atk|1
|-boost|p1a: Zeraora|def|1
|move|p2a: mr gamer man|Drum Beating|p1a: Zeraora
|-damage|p1a: Zeraora|48/100
|-unboost|p1a: Zeraora|spe|1
|
|-heal|p1a: Zeraora|54/100|[from] item: Leftovers
|-heal|p1a: Zeraora|60/100|[from] Grassy Terrain
|upkeep
|turn|11
|
|move|p1a: Zeraora|Knock Off|p2a: mr gamer man
|-damage|p2a: mr gamer man|56/100
|-enditem|p2a: mr gamer man|Leftovers|[from] move: Knock Off|[of] p1a: Zeraora
|move|p2a: mr gamer man|Drum Beating|p1a: Zeraora
|-damage|p1a: Zeraora|11/100
|-unboost|p1a: Zeraora|spe|1
|
|-heal|p2a: mr gamer man|62/100|[from] Grassy Terrain
|-heal|p1a: Zeraora|17/100|[from] item: Leftovers
|-heal|p1a: Zeraora|23/100|[from] Grassy Terrain
|upkeep
|turn|12
|
|move|p2a: mr gamer man|Drum Beating|p1a: Zeraora
|-damage|p1a: Zeraora|0 fnt
|faint|p1a: Zeraora
|
|-heal|p2a: mr gamer man|68/100|[from] Grassy Terrain
|upkeep
|
|switch|p1a: Dragapult|Dragapult, F|100/100
|turn|13
|
|move|p1a: Dragapult|Dragon Dance|p1a: Dragapult
|-boost|p1a: Dragapult|atk|1
|-boost|p1a: Dragapult|spe|1
|move|p2a: mr gamer man|Knock Off|p1a: Dragapult
|-supereffective|p1a: Dragapult
|-damage|p1a: Dragapult|0 fnt
|-enditem|p1a: Dragapult|Life Orb|[from] move: Knock Off|[of] p2a: mr gamer man
|faint|p1a: Dragapult
|
|-heal|p2a: mr gamer man|74/100|[from] Grassy Terrain
|-fieldend|move: Grassy Terrain
|upkeep
|
|switch|p1a: Rillaboom|Rillaboom, F|100/100
|-fieldstart|move: Grassy Terrain|[from] ability: Grassy Surge|[of] p1a: Rillaboom
|turn|14
|
|move|p1a: Rillaboom|Knock Off|p2a: mr gamer man
|-damage|p2a: mr gamer man|39/100
|move|p2a: mr gamer man|Swords Dance|p2a: mr gamer man
|-boost|p2a: mr gamer man|atk|2
|
|-heal|p2a: mr gamer man|45/100|[from] Grassy Terrain
|upkeep
|turn|15
|
|move|p1a: Rillaboom|Knock Off|p2a: mr gamer man
|-damage|p2a: mr gamer man|6/100
|move|p2a: mr gamer man|Drum Beating|p1a: Rillaboom
|-resisted|p1a: Rillaboom
|-damage|p1a: Rillaboom|35/100
|-unboost|p1a: Rillaboom|spe|1
|
|-heal|p2a: mr gamer man|12/100|[from] Grassy Terrain
|-heal|p1a: Rillaboom|41/100|[from] Grassy Terrain
|upkeep
|turn|16
|
|move|p2a: mr gamer man|Drum Beating|p1a: Rillaboom
|-resisted|p1a: Rillaboom
|-damage|p1a: Rillaboom|0 fnt
|faint|p1a: Rillaboom
|
|win|A
|l|☆SCU Wamr
