|j|☆instadap2
|j|‽8balljacketguy
|t:|1625551574
|gametype|singles
|player|p1|instadap2|266|1179
|player|p2|8balljacketguy|red|1200
|teamsize|p1|6
|teamsize|p2|6
|gen|8
|tier|[Gen 8] OU
|rated|
|rule|Sleep Clause Mod: Limit one foe put to sleep
|rule|Species Clause: Limit one of each Pokémon
|rule|OHKO Clause: OHKO moves are banned
|rule|Evasion Moves Clause: Evasion moves are banned
|rule|Endless Battle Clause: Forcing endless battles is banned
|rule|HP Percentage Mod: HP is shown in percentages
|rule|Dynamax Clause: You cannot dynamax
|clearpoke
|poke|p1|Mamoswine, M|
|poke|p1|Zeraora|
|poke|p1|Heatran, M|
|poke|p1|Toxapex, F|
|poke|p1|Togekiss, F|
|poke|p1|Garchomp, F|
|poke|p2|Volcanion|
|poke|p2|Kommo-o, M|
|poke|p2|Rillaboom, M|
|poke|p2|Hawlucha, M|
|poke|p2|Landorus-Therian, M|
|poke|p2|Tapu Fini|
|teampreview
|inactive|Battle timer is ON: inactive players will automatically lose when time's up. (requested by 8balljacketguy)
|
|t:|1625551604
|start
|switch|p1a: Mamoswine|Mamoswine, M|100/100
|switch|p2a: Volcanion|Volcanion|100/100
|turn|1
|
|t:|1625551616
|switch|p1a: Toxapex|Toxapex, F|100/100
|move|p2a: Volcanion|Steam Eruption|p1a: Toxapex
|-resisted|p1a: Toxapex
|-damage|p1a: Toxapex|73/100
|
|-heal|p1a: Toxapex|79/100|[from] item: Black Sludge
|upkeep
|turn|2
|
|t:|1625551626
|switch|p2a: Tapu Fini|Tapu Fini|100/100
|-fieldstart|move: Misty Terrain|[from] ability: Misty Surge|[of] p2a: Tapu Fini
|move|p1a: Toxapex|Toxic|p2a: Tapu Fini
|-activate|p2a: Tapu Fini|move: Misty Terrain
|
|-heal|p1a: Toxapex|85/100|[from] item: Black Sludge
|upkeep
|turn|3
|
|t:|1625551643
|switch|p1a: Zeraora|Zeraora|100/100
|move|p2a: Tapu Fini|Trick|p1a: Zeraora
|-activate|p2a: Tapu Fini|move: Trick|[of] p1a: Zeraora
|-item|p1a: Zeraora|Choice Scarf|[from] move: Trick
|-item|p2a: Tapu Fini|Choice Band|[from] move: Trick
|
|upkeep
|turn|4
|
|t:|1625551654
|switch|p2a: Landorus|Landorus-Therian, M|100/100
|-ability|p2a: Landorus|Intimidate|boost
|-unboost|p1a: Zeraora|atk|1
|move|p1a: Zeraora|Volt Switch|p2a: Landorus
|-immune|p2a: Landorus
|
|upkeep
|turn|5
|
|t:|1625551662
|switch|p1a: Mamoswine|Mamoswine, M|100/100
|move|p2a: Landorus|Stealth Rock|p1a: Mamoswine
|-sidestart|p1: instadap2|move: Stealth Rock
|
|upkeep
|turn|6
|
|t:|1625551668
|switch|p2a: Tapu Fini|Tapu Fini|100/100
|move|p1a: Mamoswine|Ice Shard|p2a: Tapu Fini
|-resisted|p2a: Tapu Fini
|-damage|p2a: Tapu Fini|84/100
|
|-fieldend|Misty Terrain
|upkeep
|turn|7
|
|t:|1625551679
|switch|p1a: Togekiss|Togekiss, F|100/100
|move|p2a: Tapu Fini|Trick|p1a: Togekiss
|-activate|p2a: Tapu Fini|move: Trick|[of] p1a: Togekiss
|-item|p1a: Togekiss|Choice Band|[from] move: Trick
|-item|p2a: Tapu Fini|Heavy-Duty Boots|[from] move: Trick
|
|upkeep
|turn|8
|
|t:|1625551691
|move|p2a: Tapu Fini|Taunt|p1a: Togekiss
|-start|p1a: Togekiss|move: Taunt
|cant|p1a: Togekiss|move: Taunt|Defog
|
|upkeep
|turn|9
|
|t:|1625551706
|move|p2a: Tapu Fini|Scald|p1a: Togekiss
|-damage|p1a: Togekiss|75/100
|move|p1a: Togekiss|Air Slash|p2a: Tapu Fini
|-damage|p2a: Tapu Fini|50/100
|
|upkeep
|turn|10
|inactive|8balljacketguy has 120 seconds left.
|
|t:|1625551752
|switch|p2a: Landorus|Landorus-Therian, M|100/100
|-ability|p2a: Landorus|Intimidate|boost
|-unboost|p1a: Togekiss|atk|1
|switch|p1a: Toxapex|Toxapex, F|100/100
|-damage|p1a: Toxapex|88/100|[from] Stealth Rock
|
|-heal|p1a: Toxapex|94/100|[from] item: Black Sludge
|upkeep
|turn|11
|
|t:|1625551769
|move|p1a: Toxapex|Baneful Bunker|p1a: Toxapex
|-singleturn|p1a: Toxapex|move: Protect
|move|p2a: Landorus|Toxic|p1a: Toxapex
|-activate|p1a: Toxapex|move: Protect
|
|-heal|p1a: Toxapex|100/100|[from] item: Black Sludge
|upkeep
|turn|12
|
|t:|1625551777
|move|p2a: Landorus|Earthquake|p1a: Toxapex
|-supereffective|p1a: Toxapex
|-damage|p1a: Toxapex|33/100
|move|p1a: Toxapex|Toxic|p2a: Landorus
|-status|p2a: Landorus|tox
|
|-heal|p1a: Toxapex|39/100|[from] item: Black Sludge
|-damage|p2a: Landorus|94/100 tox|[from] psn
|upkeep
|turn|13
|
|t:|1625551788
|switch|p2a: Rillaboom|Rillaboom, M|100/100
|-fieldstart|move: Grassy Terrain|[from] ability: Grassy Surge|[of] p2a: Rillaboom
|switch|p1a: Togekiss|Togekiss, F|75/100
|-damage|p1a: Togekiss|50/100|[from] Stealth Rock
|
|upkeep
|turn|14
|
|t:|1625551805
|switch|p1a: Toxapex|Toxapex, F|72/100
|-damage|p1a: Toxapex|60/100|[from] Stealth Rock
|move|p2a: Rillaboom|U-turn|p1a: Toxapex
|-resisted|p1a: Toxapex
|-damage|p1a: Toxapex|47/100
|
|t:|1625551814
|switch|p2a: Landorus|Landorus-Therian, M|94/100 tox|[from]move: U-turn
|-ability|p2a: Landorus|Intimidate|boost
|-unboost|p1a: Toxapex|atk|1
|
|-heal|p2a: Landorus|100/100 tox|[from] item: Leftovers
|-heal|p1a: Toxapex|53/100|[from] Grassy Terrain
|-heal|p1a: Toxapex|60/100|[from] item: Black Sludge
|-damage|p2a: Landorus|94/100 tox|[from] psn
|upkeep
|turn|15
|
|t:|1625551829
|move|p1a: Toxapex|Baneful Bunker|p1a: Toxapex
|-singleturn|p1a: Toxapex|move: Protect
|move|p2a: Landorus|Earthquake|p1a: Toxapex
|-activate|p1a: Toxapex|move: Protect
|
|-heal|p2a: Landorus|100/100 tox|[from] item: Leftovers
|-heal|p1a: Toxapex|66/100|[from] Grassy Terrain
|-heal|p1a: Toxapex|72/100|[from] item: Black Sludge
|-damage|p2a: Landorus|88/100 tox|[from] psn
|upkeep
|turn|16
|
|t:|1625551848
|switch|p1a: Heatran|Heatran, M|100/100
|-damage|p1a: Heatran|88/100|[from] Stealth Rock
|-item|p1a: Heatran|Air Balloon
|move|p2a: Landorus|Earthquake|p1a: Heatran
|-immune|p1a: Heatran
|
|-heal|p2a: Landorus|94/100 tox|[from] item: Leftovers
|-damage|p2a: Landorus|76/100 tox|[from] psn
|upkeep
|turn|17
|inactive|instadap2 has 120 seconds left.
|
|t:|1625551866
|switch|p2a: Tapu Fini|Tapu Fini|50/100
|-fieldstart|move: Misty Terrain|[from] ability: Misty Surge|[of] p2a: Tapu Fini
|move|p1a: Heatran|Flamethrower|p2a: Tapu Fini
|-resisted|p2a: Tapu Fini
|-damage|p2a: Tapu Fini|29/100
|
|upkeep
|turn|18
|inactive|instadap2 has 120 seconds left.
|
|t:|1625551876
|move|p2a: Tapu Fini|Scald|p1a: Heatran
|-supereffective|p1a: Heatran
|-damage|p1a: Heatran|33/100
|-enditem|p1a: Heatran|Air Balloon
|move|p1a: Heatran|Toxic|p2a: Tapu Fini
|-activate|p2a: Tapu Fini|move: Misty Terrain
|
|upkeep
|turn|19
|inactive|instadap2 has 120 seconds left.
|
|t:|1625551889
|switch|p1a: Toxapex|Toxapex, F|100/100
|-damage|p1a: Toxapex|88/100|[from] Stealth Rock
|move|p2a: Tapu Fini|Scald|p1a: Toxapex
|-resisted|p1a: Toxapex
|-damage|p1a: Toxapex|75/100
|
|-heal|p1a: Toxapex|81/100|[from] item: Black Sludge
|upkeep
|turn|20
|inactive|instadap2 has 120 seconds left.
|
|t:|1625551901
|move|p2a: Tapu Fini|Taunt|p1a: Toxapex
|-start|p1a: Toxapex|move: Taunt
|cant|p1a: Toxapex|move: Taunt|Toxic
|
|-heal|p1a: Toxapex|87/100|[from] item: Black Sludge
|upkeep
|turn|21
|inactive|instadap2 has 120 seconds left.
|
|t:|1625551935
|switch|p2a: Kommo-o|Kommo-o, M|100/100
|-activate|p1a: Toxapex|move: Struggle
|move|p1a: Toxapex|Struggle|p2a: Kommo-o
|-damage|p2a: Kommo-o|95/100
|-damage|p1a: Toxapex|62/100|[from] recoil
|
|-heal|p1a: Toxapex|69/100|[from] item: Black Sludge
|-fieldend|Misty Terrain
|upkeep
|turn|22
|inactive|instadap2 has 90 seconds left.
|
|t:|1625551958
|switch|p1a: Garchomp|Garchomp, F|100/100
|-damage|p1a: Garchomp|94/100|[from] Stealth Rock
|move|p2a: Kommo-o|Clangorous Soul|p2a: Kommo-o
|-boost|p2a: Kommo-o|atk|1
|-boost|p2a: Kommo-o|def|1
|-boost|p2a: Kommo-o|spa|1
|-boost|p2a: Kommo-o|spd|1
|-boost|p2a: Kommo-o|spe|1
|-damage|p2a: Kommo-o|62/100
|
|upkeep
|turn|23
|inactive|instadap2 has 90 seconds left.
|
|t:|1625551974
|switch|p1a: Toxapex|Toxapex, F|100/100
|-damage|p1a: Toxapex|88/100|[from] Stealth Rock
|move|p2a: Kommo-o|Clanging Scales|p1a: Toxapex
|-damage|p1a: Toxapex|25/100
|-unboost|p2a: Kommo-o|def|1
|
|-heal|p1a: Toxapex|31/100|[from] item: Black Sludge
|upkeep
|turn|24
|inactive|instadap2 has 90 seconds left.
|
|t:|1625551985
|move|p1a: Toxapex|Baneful Bunker|p1a: Toxapex
|-singleturn|p1a: Toxapex|move: Protect
|move|p2a: Kommo-o|Clangorous Soul|p2a: Kommo-o
|-boost|p2a: Kommo-o|atk|1
|-boost|p2a: Kommo-o|def|1
|-boost|p2a: Kommo-o|spa|1
|-boost|p2a: Kommo-o|spd|1
|-boost|p2a: Kommo-o|spe|1
|-damage|p2a: Kommo-o|30/100
|
|-heal|p1a: Toxapex|37/100|[from] item: Black Sludge
|upkeep
|turn|25
|inactive|instadap2 has 90 seconds left.
|
|t:|1625552002
|move|p1a: Toxapex|Baneful Bunker|p1a: Toxapex
|-singleturn|p1a: Toxapex|move: Protect
|move|p2a: Kommo-o|Rest|p2a: Kommo-o
|-status|p2a: Kommo-o|slp|[from] move: Rest
|-heal|p2a: Kommo-o|100/100 slp|[silent]
|-enditem|p2a: Kommo-o|Chesto Berry|[eat]
|-curestatus|p2a: Kommo-o|slp|[msg]
|
|-heal|p1a: Toxapex|44/100|[from] item: Black Sludge
|upkeep
|turn|26
|
|t:|1625552014
|move|p2a: Kommo-o|Boomburst|p1a: Toxapex
|-crit|p1a: Toxapex
|-damage|p1a: Toxapex|0 fnt
|faint|p1a: Toxapex
|
|upkeep
|
|t:|1625552022
|switch|p1a: Zeraora|Zeraora|100/100
|-damage|p1a: Zeraora|88/100|[from] Stealth Rock
|turn|27
|
|t:|1625552027
|move|p1a: Zeraora|Plasma Fists|p2a: Kommo-o
|-resisted|p2a: Kommo-o
|-damage|p2a: Kommo-o|86/100
|move|p2a: Kommo-o|Boomburst|p1a: Zeraora
|-heal|p1a: Zeraora|100/100|[from] ability: Volt Absorb|[of] p2a: Kommo-o
|
|upkeep
|turn|28
|inactive|instadap2 has 90 seconds left.
|
|t:|1625552050
|switch|p1a: Togekiss|Togekiss, F|50/100
|-damage|p1a: Togekiss|25/100|[from] Stealth Rock
|move|p2a: Kommo-o|Clanging Scales|p1a: Togekiss
|-immune|p1a: Togekiss
|
|upkeep
|turn|29
|inactive|instadap2 has 90 seconds left.
|
|t:|1625552061
|switch|p1a: Mamoswine|Mamoswine, M|100/100
|-damage|p1a: Mamoswine|88/100|[from] Stealth Rock
|move|p2a: Kommo-o|Boomburst|p1a: Mamoswine
|-damage|p1a: Mamoswine|0 fnt
|faint|p1a: Mamoswine
|
|upkeep
|inactive|instadap2 has 90 seconds left.
|-message|instadap2 forfeited.
|
|win|8balljacketguy
|raw|instadap2's rating: 1179 &rarr; <strong>1156</strong><br />(-23 for losing)
|raw|8balljacketguy's rating: 1200 &rarr; <strong>1223</strong><br />(+23 for winning)
|l|☆instadap2
