|html|<div class="broadcast-blue"><strong>[Gen 8] OU is currently suspecting Melmetal! For information on how to participate check out the <a href="https://www.smogon.com/forums/threads/np-ss-ou-suspect-process-round-12-monster-mash.3709234/">suspect thread</a>.</strong></div>
|j|☆Mamaw31180
|j|☆ImCrayolaah
|t:|1666783695
|gametype|singles
|player|p1|Mamaw31180|lucas|1819
|player|p2|ImCrayolaah|265|1655
|teamsize|p1|6
|teamsize|p2|6
|gen|8
|tier|[Gen 8] OU
|rated|
|rule|Sleep Clause Mod: Limit one foe put to sleep
|rule|Species Clause: Limit one of each Pokémon
|rule|OHKO Clause: OHKO moves are banned
|rule|Evasion Items Clause: Evasion items are banned
|rule|Evasion Moves Clause: Evasion moves are banned
|rule|Endless Battle Clause: Forcing endless battles is banned
|rule|HP Percentage Mod: HP is shown in percentages
|rule|Dynamax Clause: You cannot dynamax
|clearpoke
|poke|p1|Kartana|
|poke|p1|Blacephalon|
|poke|p1|Landorus-Therian, M|
|poke|p1|Slowbro, M|
|poke|p1|Zapdos|
|poke|p1|Tyranitar, M|
|poke|p2|Dragapult, M|
|poke|p2|Melmetal|
|poke|p2|Blissey, F|
|poke|p2|Tapu Lele|
|poke|p2|Corviknight, M|
|poke|p2|Garchomp, F|
|teampreview
|inactive|Battle timer is ON: inactive players will automatically lose when time's up. (requested by Mamaw31180)
|
|t:|1666783721
|start
|switch|p1a: Slowbro|Slowbro, M|100/100
|switch|p2a: Garchomp|Garchomp, F|100/100
|turn|1
|
|t:|1666783730
|move|p2a: Garchomp|Toxic|p1a: Slowbro
|-status|p1a: Slowbro|tox
|move|p1a: Slowbro|Ice Beam|p2a: Garchomp
|-supereffective|p2a: Garchomp
|-damage|p2a: Garchomp|17/100
|
|-damage|p1a: Slowbro|94/100 tox|[from] psn
|upkeep
|turn|2
|
|t:|1666783738
|move|p2a: Garchomp|Stealth Rock|p1a: Slowbro
|-sidestart|p1: Mamaw31180|move: Stealth Rock
|move|p1a: Slowbro|Ice Beam|p2a: Garchomp
|-supereffective|p2a: Garchomp
|-damage|p2a: Garchomp|0 fnt
|faint|p2a: Garchomp
|
|-damage|p1a: Slowbro|82/100 tox|[from] psn
|upkeep
|
|t:|1666783750
|switch|p2a: Tapu Lele|Tapu Lele|100/100
|-fieldstart|move: Psychic Terrain|[from] ability: Psychic Surge|[of] p2a: Tapu Lele
|turn|3
|
|t:|1666783752
|move|p2a: Tapu Lele|Moonblast|p1a: Slowbro
|-damage|p1a: Slowbro|0 fnt
|faint|p1a: Slowbro
|
|upkeep
|
|t:|1666783759
|switch|p1a: Blacephalon|Blacephalon|100/100
|-damage|p1a: Blacephalon|76/100|[from] Stealth Rock
|turn|4
|
|t:|1666783763
|switch|p2a: Blissey|Blissey, F|100/100
|move|p1a: Blacephalon|Overheat|p2a: Blissey
|-damage|p2a: Blissey|55/100
|-unboost|p1a: Blacephalon|spa|2
|
|upkeep
|turn|5
|
|t:|1666783770
|switch|p1a: Tyranitar|Tyranitar, M|100/100
|-damage|p1a: Tyranitar|88/100|[from] Stealth Rock
|-weather|Sandstorm|[from] ability: Sand Stream|[of] p1a: Tyranitar
|move|p2a: Blissey|Teleport|p2a: Blissey
|
|t:|1666783777
|switch|p2a: Melmetal|Melmetal|100/100|[from]move: Teleport
|
|-weather|Sandstorm|[upkeep]
|upkeep
|turn|6
|
|t:|1666783780
|switch|p1a: Zapdos|Zapdos|100/100
|move|p2a: Melmetal|Double Iron Bash|p1a: Zapdos
|-resisted|p1a: Zapdos
|-damage|p1a: Zapdos|82/100
|-resisted|p1a: Zapdos
|-damage|p1a: Zapdos|65/100
|-hitcount|p1a: Zapdos|2
|
|-weather|Sandstorm|[upkeep]
|-damage|p1a: Zapdos|59/100|[from] Sandstorm
|upkeep
|turn|7
|
|t:|1666783790
|switch|p2a: Tapu Lele|Tapu Lele|100/100
|move|p1a: Zapdos|Defog|p2a: Tapu Lele
|-unboost|p2a: Tapu Lele|evasion|1
|-sideend|p1: Mamaw31180|Stealth Rock|[from] move: Defog|[of] p1a: Zapdos
|-fieldend|move: Psychic Terrain
|
|-weather|Sandstorm|[upkeep]
|-damage|p2a: Tapu Lele|94/100|[from] Sandstorm
|-damage|p1a: Zapdos|53/100|[from] Sandstorm
|upkeep
|turn|8
|
|t:|1666783798
|move|p2a: Tapu Lele|Moonblast|p1a: Zapdos
|-damage|p1a: Zapdos|0 fnt
|faint|p1a: Zapdos
|
|-weather|Sandstorm|[upkeep]
|-damage|p2a: Tapu Lele|88/100|[from] Sandstorm
|upkeep
|
|t:|1666783800
|switch|p1a: Blacephalon|Blacephalon|76/100
|turn|9
|j| monkaSaur
|
|t:|1666783809
|switch|p2a: Blissey|Blissey, F|55/100
|move|p1a: Blacephalon|Flamethrower|p2a: Blissey
|-damage|p2a: Blissey|26/100
|
|-weather|none
|upkeep
|turn|10
|
|t:|1666783815
|switch|p2a: Dragapult|Dragapult, M|100/100
|move|p1a: Blacephalon|Flamethrower|p2a: Dragapult
|-resisted|p2a: Dragapult
|-damage|p2a: Dragapult|45/100
|
|upkeep
|turn|11
|
|t:|1666783823
|switch|p1a: Landorus|Landorus-Therian, M|100/100
|-ability|p1a: Landorus|Intimidate|boost
|-unboost|p2a: Dragapult|atk|1
|move|p2a: Dragapult|U-turn|p1a: Landorus
|-resisted|p1a: Landorus
|-damage|p1a: Landorus|95/100
|
|t:|1666783840
|switch|p2a: Tapu Lele|Tapu Lele|88/100|[from]move: U-turn
|-fieldstart|move: Psychic Terrain|[from] ability: Psychic Surge|[of] p2a: Tapu Lele
|
|-heal|p1a: Landorus|100/100|[from] item: Leftovers
|upkeep
|turn|12
|
|t:|1666783851
|switch|p1a: Tyranitar|Tyranitar, M|88/100
|-weather|Sandstorm|[from] ability: Sand Stream|[of] p1a: Tyranitar
|move|p2a: Tapu Lele|Moonblast|p1a: Tyranitar
|-supereffective|p1a: Tyranitar
|-damage|p1a: Tyranitar|0 fnt
|faint|p1a: Tyranitar
|
|-weather|Sandstorm|[upkeep]
|-damage|p2a: Tapu Lele|82/100|[from] Sandstorm
|upkeep
|
|t:|1666783853
|switch|p1a: Blacephalon|Blacephalon|76/100
|turn|13
|
|t:|1666783862
|switch|p2a: Blissey|Blissey, F|26/100
|move|p1a: Blacephalon|Flamethrower|p2a: Blissey
|-damage|p2a: Blissey|0 fnt
|faint|p2a: Blissey
|-ability|p1a: Blacephalon|Beast Boost|boost
|-boost|p1a: Blacephalon|spa|1
|
|-weather|Sandstorm|[upkeep]
|-damage|p1a: Blacephalon|70/100|[from] Sandstorm
|upkeep
|
|t:|1666783865
|switch|p2a: Dragapult|Dragapult, M|45/100
|turn|14
|
|t:|1666783868
|switch|p1a: Landorus|Landorus-Therian, M|100/100
|-ability|p1a: Landorus|Intimidate|boost
|-unboost|p2a: Dragapult|atk|1
|move|p2a: Dragapult|Shadow Ball|p1a: Landorus
|-damage|p1a: Landorus|63/100
|
|-weather|Sandstorm|[upkeep]
|-damage|p2a: Dragapult|39/100|[from] Sandstorm
|-heal|p1a: Landorus|69/100|[from] item: Leftovers
|upkeep
|turn|15
|
|t:|1666783874
|switch|p2a: Corviknight|Corviknight, M|100/100
|-ability|p2a: Corviknight|Pressure
|move|p1a: Landorus|U-turn|p2a: Corviknight
|-resisted|p2a: Corviknight
|-damage|p2a: Corviknight|97/100
|
|t:|1666783876
|switch|p1a: Blacephalon|Blacephalon|70/100|[from]move: U-turn
|
|-weather|Sandstorm|[upkeep]
|-damage|p1a: Blacephalon|64/100|[from] Sandstorm
|-heal|p2a: Corviknight|100/100|[from] item: Leftovers
|-fieldend|move: Psychic Terrain
|upkeep
|turn|16
|
|t:|1666783882
|switch|p2a: Melmetal|Melmetal|100/100
|move|p1a: Blacephalon|Flamethrower|p2a: Melmetal
|-supereffective|p2a: Melmetal
|-damage|p2a: Melmetal|0 fnt
|faint|p2a: Melmetal
|-ability|p1a: Blacephalon|Beast Boost|boost
|-boost|p1a: Blacephalon|spa|1
|
|-weather|none
|upkeep
|
|t:|1666783885
|switch|p2a: Dragapult|Dragapult, M|39/100
|turn|17
|inactive|Mamaw31180 has 120 seconds left.
|j| KappaHalo
|
|t:|1666783940
|switch|p1a: Landorus|Landorus-Therian, M|69/100
|-ability|p1a: Landorus|Intimidate|boost
|-unboost|p2a: Dragapult|atk|1
|move|p2a: Dragapult|Draco Meteor|p1a: Landorus
|-damage|p1a: Landorus|1/100
|-unboost|p2a: Dragapult|spa|2
|
|-heal|p1a: Landorus|7/100|[from] item: Leftovers
|upkeep
|turn|18
|
|t:|1666783947
|move|p2a: Dragapult|Draco Meteor|p1a: Landorus
|-damage|p1a: Landorus|0 fnt
|-unboost|p2a: Dragapult|spa|2
|faint|p1a: Landorus
|
|upkeep
|
|t:|1666783950
|switch|p1a: Blacephalon|Blacephalon|64/100
|turn|19
|
|t:|1666783955
|switch|p2a: Tapu Lele|Tapu Lele|82/100
|-fieldstart|move: Psychic Terrain|[from] ability: Psychic Surge|[of] p2a: Tapu Lele
|move|p1a: Blacephalon|Flamethrower|p2a: Tapu Lele
|-damage|p2a: Tapu Lele|0 fnt
|faint|p2a: Tapu Lele
|-ability|p1a: Blacephalon|Beast Boost|boost
|-boost|p1a: Blacephalon|spa|1
|
|upkeep
|
|t:|1666783957
|switch|p2a: Dragapult|Dragapult, M|39/100
|turn|20
|
|t:|1666783960
|move|p2a: Dragapult|Shadow Ball|p1a: Blacephalon
|-supereffective|p1a: Blacephalon
|-damage|p1a: Blacephalon|0 fnt
|faint|p1a: Blacephalon
|
|upkeep
|
|t:|1666783962
|switch|p1a: Kartana|Kartana|100/100
|turn|21
|
|t:|1666783966
|move|p1a: Kartana|Knock Off|p2a: Dragapult
|-supereffective|p2a: Dragapult
|-damage|p2a: Dragapult|0 fnt
|-enditem|p2a: Dragapult|Choice Specs|[from] move: Knock Off|[of] p1a: Kartana
|faint|p2a: Dragapult
|-ability|p1a: Kartana|Beast Boost|boost
|-boost|p1a: Kartana|atk|1
|
|upkeep
|
|t:|1666783968
|switch|p2a: Corviknight|Corviknight, M|100/100
|-ability|p2a: Corviknight|Pressure
|turn|22
|
|t:|1666783971
|move|p1a: Kartana|Knock Off|p2a: Corviknight
|-damage|p2a: Corviknight|56/100
|-enditem|p2a: Corviknight|Leftovers|[from] move: Knock Off|[of] p1a: Kartana
|move|p2a: Corviknight|Roost|p2a: Corviknight
|-heal|p2a: Corviknight|100/100
|-singleturn|p2a: Corviknight|move: Roost
|
|upkeep
|turn|23
|
|t:|1666783974
|move|p1a: Kartana|Knock Off|p2a: Corviknight
|-damage|p2a: Corviknight|73/100
|move|p2a: Corviknight|Roost|p2a: Corviknight
|-heal|p2a: Corviknight|100/100
|-singleturn|p2a: Corviknight|move: Roost
|
|-fieldend|move: Psychic Terrain
|upkeep
|turn|24
|
|t:|1666783976
|move|p1a: Kartana|Knock Off|p2a: Corviknight
|-damage|p2a: Corviknight|75/100
|move|p2a: Corviknight|Roost|p2a: Corviknight
|-heal|p2a: Corviknight|100/100
|-singleturn|p2a: Corviknight|move: Roost
|
|upkeep
|turn|25
|
|t:|1666783981
|move|p1a: Kartana|Knock Off|p2a: Corviknight
|-damage|p2a: Corviknight|71/100
|move|p2a: Corviknight|Roost|p2a: Corviknight
|-heal|p2a: Corviknight|100/100
|-singleturn|p2a: Corviknight|move: Roost
|
|upkeep
|turn|26
|
|t:|1666783984
|move|p1a: Kartana|Knock Off|p2a: Corviknight
|-damage|p2a: Corviknight|71/100
|move|p2a: Corviknight|Roost|p2a: Corviknight
|-heal|p2a: Corviknight|100/100
|-singleturn|p2a: Corviknight|move: Roost
|
|upkeep
|turn|27
|
|t:|1666783986
|move|p1a: Kartana|Knock Off|p2a: Corviknight
|-damage|p2a: Corviknight|75/100
|move|p2a: Corviknight|Roost|p2a: Corviknight
|-heal|p2a: Corviknight|100/100
|-singleturn|p2a: Corviknight|move: Roost
|
|upkeep
|turn|28
|-message|Mamaw31180 forfeited.
|
|win|ImCrayolaah
|raw|Mamaw31180's rating: 1819 &rarr; <strong>1790</strong><br />(-29 for losing)
|raw|ImCrayolaah's rating: 1655 &rarr; <strong>1684</strong><br />(+29 for winning)
|l|☆Mamaw31180
|l|☆ImCrayolaah
