|j|☆ultimategoogolplex
|j|☆will-i-am2
|t:|1667441888
|gametype|singles
|player|p1|ultimategoogolplex|2|1664
|player|p2|will-i-am2|2|1691
|teamsize|p1|6
|teamsize|p2|6
|gen|8
|tier|[Gen 8] OU
|rated|
|rule|Sleep Clause Mod: Limit one foe put to sleep
|rule|Species Clause: Limit one of each Pokémon
|rule|OHKO Clause: OHKO moves are banned
|rule|Evasion Items Clause: Evasion items are banned
|rule|Evasion Moves Clause: Evasion moves are banned
|rule|Endless Battle Clause: Forcing endless battles is banned
|rule|HP Percentage Mod: HP is shown in percentages
|rule|Dynamax Clause: You cannot dynamax
|clearpoke
|poke|p1|Weavile, M|
|poke|p1|Volcanion|
|poke|p1|Zapdos|
|poke|p1|Landorus-Therian, M|
|poke|p1|Kartana|
|poke|p1|Melmetal|
|poke|p2|Registeel|
|poke|p2|Hydreigon, F|
|poke|p2|Slowbro, F|
|poke|p2|Mandibuzz, F|
|poke|p2|Mamoswine, F|
|poke|p2|Mimikyu, M|
|teampreview
|inactive|Battle timer is ON: inactive players will automatically lose when time's up. (requested by ultimategoogolplex)
|inactive|ultimategoogolplex has 120 seconds left.
|inactive|will-i-am2 has 120 seconds left.
|
|t:|1667441936
|start
|switch|p1a: Weavile|Weavile, M|100/100
|switch|p2a: Mamoswine|Mamoswine, F|100/100
|-ability|p1a: Weavile|Pressure
|turn|1
|
|t:|1667441948
|switch|p2a: Mandibuzz|Mandibuzz, F|100/100
|move|p1a: Weavile|Beat Up|p2a: Mandibuzz
|-resisted|p2a: Mandibuzz
|-damage|p2a: Mandibuzz|97/100
|-resisted|p2a: Mandibuzz
|-damage|p2a: Mandibuzz|93/100
|-resisted|p2a: Mandibuzz
|-damage|p2a: Mandibuzz|90/100
|-resisted|p2a: Mandibuzz
|-crit|p2a: Mandibuzz
|-damage|p2a: Mandibuzz|82/100
|-resisted|p2a: Mandibuzz
|-damage|p2a: Mandibuzz|77/100
|-resisted|p2a: Mandibuzz
|-damage|p2a: Mandibuzz|72/100
|-hitcount|p2a: Mandibuzz|6
|
|upkeep
|turn|2
|inactive|ultimategoogolplex has 120 seconds left.
|inactive|will-i-am2 has 120 seconds left.
|
|t:|1667441992
|switch|p1a: Zapdos|Zapdos|100/100
|move|p2a: Mandibuzz|Foul Play|p1a: Zapdos
|-damage|p1a: Zapdos|82/100
|-status|p2a: Mandibuzz|par|[from] ability: Static|[of] p1a: Zapdos
|
|upkeep
|turn|3
|inactive|ultimategoogolplex has 120 seconds left.
|
|t:|1667441999
|switch|p1a: Weavile|Weavile, M|100/100
|-ability|p1a: Weavile|Pressure
|switch|p2a: Registeel|Registeel|100/100
|
|upkeep
|turn|4
|inactive|ultimategoogolplex has 120 seconds left.
|
|t:|1667442010
|switch|p1a: Landorus|Landorus-Therian, M|100/100
|-ability|p1a: Landorus|Intimidate|boost
|-fail|p2a: Registeel|unboost|[from] ability: Clear Body|[of] p2a: Registeel
|switch|p2a: Mandibuzz|Mandibuzz, F|72/100 par
|
|upkeep
|turn|5
|
|t:|1667442017
|move|p1a: Landorus|U-turn|p2a: Mandibuzz
|-damage|p2a: Mandibuzz|60/100 par
|
|t:|1667442022
|switch|p1a: Melmetal|Melmetal|100/100|[from]move: U-turn
|cant|p2a: Mandibuzz|par
|
|upkeep
|turn|6
|
|t:|1667442029
|switch|p2a: Slowbro|Slowbro, F|100/100
|move|p1a: Melmetal|Double Iron Bash|p2a: Slowbro
|-resisted|p2a: Slowbro
|-damage|p2a: Slowbro|86/100
|-resisted|p2a: Slowbro
|-damage|p2a: Slowbro|70/100
|-hitcount|p2a: Slowbro|2
|
|-heal|p2a: Slowbro|76/100|[from] item: Leftovers
|upkeep
|turn|7
|
|t:|1667442036
|switch|p1a: Volcanion|Volcanion|100/100
|move|p2a: Slowbro|Scald|p1a: Volcanion
|-immune|p1a: Volcanion|[from] ability: Water Absorb
|
|-heal|p2a: Slowbro|82/100|[from] item: Leftovers
|upkeep
|turn|8
|
|t:|1667442045
|move|p1a: Volcanion|Steam Eruption|p2a: Slowbro
|-resisted|p2a: Slowbro
|-damage|p2a: Slowbro|38/100
|move|p2a: Slowbro|Psychic|p1a: Volcanion
|-damage|p1a: Volcanion|46/100
|
|-heal|p2a: Slowbro|44/100|[from] item: Leftovers
|upkeep
|turn|9
|
|t:|1667442055
|switch|p1a: Weavile|Weavile, M|100/100
|-ability|p1a: Weavile|Pressure
|switch|p2a: Hydreigon|Hydreigon, F|100/100
|
|upkeep
|turn|10
|
|t:|1667442065
|switch|p2a: Registeel|Registeel|100/100
|move|p1a: Weavile|Knock Off|p2a: Registeel
|-damage|p2a: Registeel|49/100
|-enditem|p2a: Registeel|Leftovers|[from] move: Knock Off|[of] p1a: Weavile
|
|upkeep
|turn|11
|
|t:|1667442071
|switch|p1a: Landorus|Landorus-Therian, M|100/100
|-ability|p1a: Landorus|Intimidate|boost
|-fail|p2a: Registeel|unboost|[from] ability: Clear Body|[of] p2a: Registeel
|move|p2a: Registeel|Stealth Rock|p1a: Landorus
|-sidestart|p1: ultimategoogolplex|move: Stealth Rock
|
|upkeep
|turn|12
|
|t:|1667442079
|switch|p2a: Mamoswine|Mamoswine, F|100/100
|move|p1a: Landorus|U-turn|p2a: Mamoswine
|-damage|p2a: Mamoswine|73/100
|
|t:|1667442084
|switch|p1a: Kartana|Kartana|100/100|[from]move: U-turn
|-damage|p1a: Kartana|94/100|[from] Stealth Rock
|
|upkeep
|turn|13
|
|t:|1667442089
|switch|p2a: Mandibuzz|Mandibuzz, F|60/100 par
|move|p1a: Kartana|Knock Off|p2a: Mandibuzz
|-resisted|p2a: Mandibuzz
|-damage|p2a: Mandibuzz|49/100 par
|-enditem|p2a: Mandibuzz|Heavy-Duty Boots|[from] move: Knock Off|[of] p1a: Kartana
|
|upkeep
|turn|14
|
|t:|1667442096
|switch|p1a: Zapdos|Zapdos|82/100
|cant|p2a: Mandibuzz|par
|
|upkeep
|turn|15
|
|t:|1667442102
|switch|p2a: Mamoswine|Mamoswine, F|73/100
|move|p1a: Zapdos|Hurricane|p2a: Mamoswine
|-damage|p2a: Mamoswine|6/100
|
|upkeep
|turn|16
|
|t:|1667442110
|switch|p1a: Kartana|Kartana|94/100
|-damage|p1a: Kartana|88/100|[from] Stealth Rock
|move|p2a: Mamoswine|Earthquake|p1a: Kartana
|-damage|p1a: Kartana|13/100
|
|upkeep
|turn|17
|
|t:|1667442126
|switch|p2a: Mandibuzz|Mandibuzz, F|49/100 par
|move|p1a: Kartana|Smart Strike|p2a: Mandibuzz
|-damage|p2a: Mandibuzz|23/100 par
|
|upkeep
|turn|18
|
|t:|1667442133
|switch|p1a: Zapdos|Zapdos|82/100
|switch|p2a: Registeel|Registeel|49/100
|
|upkeep
|turn|19
|
|t:|1667442145
|move|p1a: Zapdos|Defog|p2a: Registeel
|-fail|p2a: Registeel|unboost|[from] ability: Clear Body|[of] p2a: Registeel
|-sideend|p1: ultimategoogolplex|Stealth Rock|[from] move: Defog|[of] p1a: Zapdos
|move|p2a: Registeel|Seismic Toss|p1a: Zapdos
|-damage|p1a: Zapdos|56/100
|
|upkeep
|turn|20
|
|t:|1667442152
|switch|p1a: Volcanion|Volcanion|46/100
|move|p2a: Registeel|Stealth Rock|p1a: Volcanion
|-sidestart|p1: ultimategoogolplex|move: Stealth Rock
|
|upkeep
|turn|21
|
|t:|1667442157
|switch|p2a: Mandibuzz|Mandibuzz, F|23/100 par
|move|p1a: Volcanion|Steam Eruption|p2a: Mandibuzz
|-damage|p2a: Mandibuzz|0 fnt
|faint|p2a: Mandibuzz
|
|upkeep
|
|t:|1667442160
|switch|p2a: Hydreigon|Hydreigon, F|100/100
|turn|22
|
|t:|1667442163
|switch|p1a: Melmetal|Melmetal|100/100
|-damage|p1a: Melmetal|94/100|[from] Stealth Rock
|move|p2a: Hydreigon|Dark Pulse|p1a: Melmetal
|-damage|p1a: Melmetal|71/100
|
|upkeep
|turn|23
|
|t:|1667442171
|switch|p2a: Slowbro|Slowbro, F|77/100
|move|p1a: Melmetal|Earthquake|p2a: Slowbro
|-damage|p2a: Slowbro|48/100
|
|-heal|p2a: Slowbro|54/100|[from] item: Leftovers
|upkeep
|turn|24
|
|t:|1667442179
|move|p1a: Melmetal|Thunder Punch|p2a: Slowbro
|-supereffective|p2a: Slowbro
|-damage|p2a: Slowbro|0 fnt
|faint|p2a: Slowbro
|
|upkeep
|
|t:|1667442182
|switch|p2a: Mamoswine|Mamoswine, F|6/100
|turn|25
|
|t:|1667442206
|switch|p1a: Kartana|Kartana|13/100
|-damage|p1a: Kartana|7/100|[from] Stealth Rock
|move|p2a: Mamoswine|Icicle Crash|p1a: Kartana
|-damage|p1a: Kartana|0 fnt
|faint|p1a: Kartana
|
|upkeep
|
|t:|1667442215
|switch|p1a: Weavile|Weavile, M|100/100
|-damage|p1a: Weavile|76/100|[from] Stealth Rock
|-ability|p1a: Weavile|Pressure
|turn|26
|
|t:|1667442222
|switch|p2a: Registeel|Registeel|49/100
|move|p1a: Weavile|Triple Axel|p2a: Registeel
|-resisted|p2a: Registeel
|-damage|p2a: Registeel|43/100
|-resisted|p2a: Registeel
|-damage|p2a: Registeel|33/100
|-resisted|p2a: Registeel
|-damage|p2a: Registeel|18/100
|-hitcount|p2a: Registeel|3
|
|upkeep
|turn|27
|
|t:|1667442232
|move|p1a: Weavile|Triple Axel|p2a: Registeel
|-resisted|p2a: Registeel
|-damage|p2a: Registeel|13/100
|-resisted|p2a: Registeel
|-damage|p2a: Registeel|4/100
|-hitcount|p2a: Registeel|2
|move|p2a: Registeel|Iron Head|p1a: Weavile
|-supereffective|p1a: Weavile
|-damage|p1a: Weavile|4/100
|
|upkeep
|turn|28
|
|t:|1667442237
|move|p1a: Weavile|Triple Axel|p2a: Registeel
|-resisted|p2a: Registeel
|-damage|p2a: Registeel|0 fnt
|faint|p2a: Registeel
|-hitcount|p2: Registeel|1
|
|upkeep
|
|t:|1667442240
|switch|p2a: Mimikyu|Mimikyu, M|100/100
|turn|29
|
|t:|1667442247
|switch|p1a: Landorus|Landorus-Therian, M|100/100
|-damage|p1a: Landorus|88/100|[from] Stealth Rock
|-ability|p1a: Landorus|Intimidate|boost
|-unboost|p2a: Mimikyu|atk|1
|move|p2a: Mimikyu|Shadow Sneak|p1a: Landorus
|-crit|p1a: Landorus
|-damage|p1a: Landorus|61/100
|-damage|p2a: Mimikyu|91/100|[from] item: Life Orb
|
|-heal|p1a: Landorus|67/100|[from] item: Leftovers
|upkeep
|turn|30
|
|t:|1667442257
|move|p2a: Mimikyu|Swords Dance|p2a: Mimikyu
|-boost|p2a: Mimikyu|atk|2
|move|p1a: Landorus|U-turn|p2a: Mimikyu
|-activate|p2a: Mimikyu|ability: Disguise
|-damage|p2a: Mimikyu|91/100
|detailschange|p2a: Mimikyu|Mimikyu-Busted, M
|-damage|p2a: Mimikyu|78/100|[from] pokemon: Mimikyu-Busted
|
|t:|1667442265
|switch|p1a: Melmetal|Melmetal|71/100|[from]move: U-turn
|-damage|p1a: Melmetal|65/100|[from] Stealth Rock
|
|upkeep
|turn|31
|
|t:|1667442269
|move|p2a: Mimikyu|Drain Punch|p1a: Melmetal
|-supereffective|p1a: Melmetal
|-damage|p1a: Melmetal|14/100
|-heal|p2a: Mimikyu|100/100|[from] drain|[of] p1a: Melmetal
|-damage|p2a: Mimikyu|91/100|[from] item: Life Orb
|move|p1a: Melmetal|Double Iron Bash|p2a: Mimikyu
|-supereffective|p2a: Mimikyu
|-damage|p2a: Mimikyu|0 fnt
|faint|p2a: Mimikyu
|-hitcount|p2: Mimikyu|1
|
|upkeep
|
|t:|1667442275
|switch|p2a: Hydreigon|Hydreigon, F|100/100
|turn|32
|
|t:|1667442280
|move|p2a: Hydreigon|Dark Pulse|p1a: Melmetal
|-damage|p1a: Melmetal|0 fnt
|faint|p1a: Melmetal
|
|upkeep
|
|t:|1667442284
|switch|p1a: Zapdos|Zapdos|56/100
|turn|33
|
|t:|1667442289
|move|p2a: Hydreigon|Draco Meteor|p1a: Zapdos
|-damage|p1a: Zapdos|0 fnt
|-unboost|p2a: Hydreigon|spa|2
|faint|p1a: Zapdos
|
|upkeep
|
|t:|1667442299
|switch|p1a: Landorus|Landorus-Therian, M|67/100
|-damage|p1a: Landorus|55/100|[from] Stealth Rock
|-ability|p1a: Landorus|Intimidate|boost
|-unboost|p2a: Hydreigon|atk|1
|turn|34
|
|t:|1667442309
|move|p2a: Hydreigon|Nasty Plot|p2a: Hydreigon
|-boost|p2a: Hydreigon|spa|2
|move|p1a: Landorus|U-turn|p2a: Hydreigon
|-supereffective|p2a: Hydreigon
|-damage|p2a: Hydreigon|51/100
|-message|ultimategoogolplex forfeited.
|
|win|will-i-am2
|raw|ultimategoogolplex's rating: 1664 &rarr; <strong>1646</strong><br />(-18 for losing)
|raw|will-i-am2's rating: 1691 &rarr; <strong>1709</strong><br />(+18 for winning)
|l|☆ultimategoogolplex
