|j|☆Antonazz
|j|☆pathooblers
|t:|1640031995
|gametype|singles
|player|p1|Antonazz|palmer|1489
|player|p2|pathooblers|2|1472
|teamsize|p1|6
|teamsize|p2|6
|gen|8
|tier|[Gen 8] OU
|rated|
|rule|Sleep Clause Mod: Limit one foe put to sleep
|rule|Species Clause: Limit one of each Pokémon
|rule|OHKO Clause: OHKO moves are banned
|rule|Evasion Moves Clause: Evasion moves are banned
|rule|Endless Battle Clause: Forcing endless battles is banned
|rule|HP Percentage Mod: HP is shown in percentages
|rule|Dynamax Clause: You cannot dynamax
|clearpoke
|poke|p1|Torkoal, F|
|poke|p1|Charizard, F|
|poke|p1|Latias, F|
|poke|p1|Buzzwole|
|poke|p1|Blaziken, F|
|poke|p1|Scizor, F|
|poke|p2|Urshifu-*, M|
|poke|p2|Corviknight, F|
|poke|p2|Landorus-Therian, M|
|poke|p2|Slowking-Galar, F|
|poke|p2|Hydreigon, F|
|poke|p2|Zeraora|
|teampreview
|
|t:|1640032002
|start
|switch|p1a: Torkoal|Torkoal, F|100/100
|switch|p2a: Slowking|Slowking-Galar, F|100/100
|-weather|SunnyDay|[from] ability: Drought|[of] p1a: Torkoal
|turn|1
|
|t:|1640032006
|move|p2a: Slowking|Future Sight|p1a: Torkoal
|-start|p2a: Slowking|move: Future Sight
|move|p1a: Torkoal|Stealth Rock|p2a: Slowking
|-sidestart|p2: pathooblers|move: Stealth Rock
|
|-weather|SunnyDay|[upkeep]
|upkeep
|turn|2
|
|t:|1640032012
|switch|p1a: Latias|Latias, F|100/100
|move|p2a: Slowking|Sludge Bomb|p1a: Latias
|-damage|p1a: Latias|66/100
|
|-weather|SunnyDay|[upkeep]
|upkeep
|turn|3
|
|t:|1640032016
|move|p1a: Latias|Psyshock|p2a: Slowking
|-damage|p2a: Slowking|58/100
|-damage|p1a: Latias|56/100|[from] item: Life Orb
|move|p2a: Slowking|Ice Beam|p1a: Latias
|-supereffective|p1a: Latias
|-damage|p1a: Latias|14/100
|
|-weather|SunnyDay|[upkeep]
|-end|p1a: Latias|move: Future Sight
|-resisted|p1a: Latias
|-damage|p1a: Latias|0 fnt
|faint|p1a: Latias
|upkeep
|
|t:|1640032031
|switch|p1a: Charizard|Charizard, F|100/100
|turn|4
|
|t:|1640032036
|move|p1a: Charizard|Weather Ball|p2a: Slowking
|-damage|p2a: Slowking|0 fnt
|faint|p2a: Slowking
|
|-weather|SunnyDay|[upkeep]
|-damage|p1a: Charizard|88/100|[from] ability: Solar Power|[of] p1a: Charizard
|upkeep
|
|t:|1640032043
|switch|p2a: Hydreigon|Hydreigon, F|100/100
|-damage|p2a: Hydreigon|88/100|[from] Stealth Rock
|turn|5
|
|t:|1640032046
|move|p1a: Charizard|Weather Ball|p2a: Hydreigon
|-resisted|p2a: Hydreigon
|-damage|p2a: Hydreigon|8/100
|move|p2a: Hydreigon|Nasty Plot|p2a: Hydreigon
|-boost|p2a: Hydreigon|spa|2
|
|-weather|SunnyDay|[upkeep]
|-damage|p1a: Charizard|76/100|[from] ability: Solar Power|[of] p1a: Charizard
|-heal|p2a: Hydreigon|14/100|[from] item: Leftovers
|upkeep
|turn|6
|
|t:|1640032050
|move|p1a: Charizard|Weather Ball|p2a: Hydreigon
|-resisted|p2a: Hydreigon
|-damage|p2a: Hydreigon|0 fnt
|faint|p2a: Hydreigon
|
|-weather|SunnyDay|[upkeep]
|-damage|p1a: Charizard|63/100|[from] ability: Solar Power|[of] p1a: Charizard
|upkeep
|-message|pathooblers forfeited.
|
|win|Antonazz
|raw|Antonazz's rating: 1489 &rarr; <strong>1508</strong><br />(+19 for winning)
|raw|pathooblers's rating: 1472 &rarr; <strong>1453</strong><br />(-19 for losing)
|l|☆pathooblers
