|j|☆minimax_ai
|j|☆samohi0
|t:|1662177830
|gametype|singles
|player|p1|minimax_ai|102|1492
|player|p2|samohi0|102|1526
|teamsize|p1|6
|teamsize|p2|6
|gen|8
|tier|[Gen 8] OU
|rated|
|rule|Sleep Clause Mod: Limit one foe put to sleep
|rule|Species Clause: Limit one of each Pokémon
|rule|OHKO Clause: OHKO moves are banned
|rule|Evasion Items Clause: Evasion items are banned
|rule|Evasion Moves Clause: Evasion moves are banned
|rule|Endless Battle Clause: Forcing endless battles is banned
|rule|HP Percentage Mod: HP is shown in percentages
|rule|Dynamax Clause: You cannot dynamax
|clearpoke
|poke|p1|Rotom-Wash|
|poke|p1|Weavile, F|
|poke|p1|Landorus-Therian, M|
|poke|p1|Heatran, M|
|poke|p1|Tangrowth, F|
|poke|p1|Melmetal|
|poke|p2|Dragapult, M|
|poke|p2|Urshifu-*, F|
|poke|p2|Tapu Lele|
|poke|p2|Landorus-Therian, M|
|poke|p2|Zapdos|
|poke|p2|Melmetal|
|teampreview
|c|☆minimax_ai|hf
|inactive|Battle timer is ON: inactive players will automatically lose when time's up. (requested by minimax_ai)
|
|t:|1662177862
|start
|switch|p1a: landorustherian|Landorus-Therian, M|100/100
|switch|p2a: Dragapult|Dragapult, M|100/100
|-ability|p1a: landorustherian|Intimidate|boost
|-unboost|p2a: Dragapult|atk|1
|turn|1
|
|t:|1662177871
|move|p2a: Dragapult|Shadow Ball|p1a: landorustherian
|-damage|p1a: landorustherian|59/100
|move|p1a: landorustherian|Toxic|p2a: Dragapult
|-status|p2a: Dragapult|tox
|
|-heal|p1a: landorustherian|65/100|[from] item: Leftovers
|-damage|p2a: Dragapult|95/100 tox|[from] psn
|upkeep
|turn|2
|
|t:|1662177881
|move|p2a: Dragapult|Shadow Ball|p1a: landorustherian
|-damage|p1a: landorustherian|23/100
|move|p1a: landorustherian|Earthquake|p2a: Dragapult
|-damage|p2a: Dragapult|28/100 tox
|
|-heal|p1a: landorustherian|29/100|[from] item: Leftovers
|-damage|p2a: Dragapult|16/100 tox|[from] psn
|upkeep
|turn|3
|
|t:|1662177891
|switch|p1a: rotomwash|Rotom-Wash|100/100
|move|p2a: Dragapult|Shadow Ball|p1a: rotomwash
|-damage|p1a: rotomwash|37/100
|
|-heal|p1a: rotomwash|44/100|[from] item: Leftovers
|-damage|p2a: Dragapult|0 fnt|[from] psn
|faint|p2a: Dragapult
|upkeep
|
|t:|1662177895
|switch|p2a: Tapu Lele|Tapu Lele|100/100
|-fieldstart|move: Psychic Terrain|[from] ability: Psychic Surge|[of] p2a: Tapu Lele
|turn|4
|
|t:|1662177897
|switch|p1a: Melmetal|Melmetal|100/100
|move|p2a: Tapu Lele|Future Sight|p1a: Melmetal
|-start|p2a: Tapu Lele|move: Future Sight
|
|upkeep
|turn|5
|
|t:|1662177901
|switch|p2a: Zapdos|Zapdos|100/100
|move|p1a: Melmetal|Thunder Punch|p2a: Zapdos
|-damage|p2a: Zapdos|60/100
|
|upkeep
|turn|6
|
|t:|1662177904
|move|p2a: Zapdos|Heat Wave|p1a: Melmetal
|-supereffective|p1a: Melmetal
|-damage|p1a: Melmetal|63/100
|move|p1a: Melmetal|Ice Punch|p2a: Zapdos
|-supereffective|p2a: Zapdos
|-damage|p2a: Zapdos|0 fnt
|faint|p2a: Zapdos
|
|-end|p1a: Melmetal|move: Future Sight
|-resisted|p1a: Melmetal
|-damage|p1a: Melmetal|37/100
|upkeep
|
|t:|1662177909
|switch|p2a: Urshifu|Urshifu-Rapid-Strike, F|100/100
|turn|7
|
|t:|1662177912
|switch|p1a: Tangrowth|Tangrowth, F|100/100
|move|p2a: Urshifu|U-turn|p1a: Tangrowth
|-supereffective|p1a: Tangrowth
|-damage|p1a: Tangrowth|60/100
|-damage|p2a: Urshifu|84/100|[from] item: Rocky Helmet|[of] p1a: Tangrowth
|
|t:|1662177914
|switch|p2a: Tapu Lele|Tapu Lele|100/100|[from]move: U-turn
|
|upkeep
|turn|8
|
|t:|1662177916
|switch|p1a: Heatran|Heatran, M|100/100
|-item|p1a: Heatran|Air Balloon
|move|p2a: Tapu Lele|Future Sight|p1a: Heatran
|-start|p2a: Tapu Lele|move: Future Sight
|
|-fieldend|move: Psychic Terrain
|upkeep
|turn|9
|
|t:|1662177919
|switch|p2a: Landorus|Landorus-Therian, M|100/100
|-ability|p2a: Landorus|Intimidate|boost
|-unboost|p1a: Heatran|atk|1
|move|p1a: Heatran|Eruption|p2a: Landorus
|-damage|p2a: Landorus|44/100
|
|-heal|p2a: Landorus|50/100|[from] item: Leftovers
|upkeep
|turn|10
|
|t:|1662177920
|move|p1a: Heatran|Eruption|p2a: Landorus
|-damage|p2a: Landorus|0 fnt
|faint|p2a: Landorus
|
|-end|p1a: Heatran|move: Future Sight
|-resisted|p1a: Heatran
|-damage|p1a: Heatran|69/100
|-enditem|p1a: Heatran|Air Balloon
|upkeep
|
|t:|1662177922
|switch|p2a: Urshifu|Urshifu-Rapid-Strike, F|84/100
|turn|11
|
|t:|1662177924
|switch|p1a: Tangrowth|Tangrowth, F|94/100
|move|p2a: Urshifu|Close Combat|p1a: Tangrowth
|-damage|p1a: Tangrowth|47/100
|-unboost|p2a: Urshifu|def|1
|-unboost|p2a: Urshifu|spd|1
|-damage|p2a: Urshifu|68/100|[from] item: Rocky Helmet|[of] p1a: Tangrowth
|
|upkeep
|turn|12
|
|t:|1662177928
|switch|p1a: Melmetal|Melmetal|37/100
|move|p2a: Urshifu|Close Combat|p1a: Melmetal
|-supereffective|p1a: Melmetal
|-damage|p1a: Melmetal|0 fnt
|-unboost|p2a: Urshifu|def|1
|-unboost|p2a: Urshifu|spd|1
|faint|p1a: Melmetal
|
|upkeep
|
|t:|1662177928
|switch|p1a: Weavile|Weavile, F|100/100
|-ability|p1a: Weavile|Pressure
|turn|13
|
|t:|1662177930
|switch|p2a: Melmetal|Melmetal|100/100
|move|p1a: Weavile|Knock Off|p2a: Melmetal
|-damage|p2a: Melmetal|55/100
|-enditem|p2a: Melmetal|Leftovers|[from] move: Knock Off|[of] p1a: Weavile
|
|upkeep
|turn|14
|
|t:|1662177942
|switch|p1a: Tangrowth|Tangrowth, F|80/100
|move|p2a: Melmetal|Toxic|p1a: Tangrowth
|-status|p1a: Tangrowth|tox
|
|-damage|p1a: Tangrowth|74/100 tox|[from] psn
|upkeep
|turn|15
|
|t:|1662177944
|move|p2a: Melmetal|Protect|p2a: Melmetal
|-singleturn|p2a: Melmetal|Protect
|move|p1a: Tangrowth|Sleep Powder|p2a: Melmetal
|-activate|p2a: Melmetal|move: Protect
|
|-damage|p1a: Tangrowth|62/100 tox|[from] psn
|upkeep
|turn|16
|
|t:|1662177949
|move|p1a: Tangrowth|Sleep Powder|p2a: Melmetal|[miss]
|-miss|p1a: Tangrowth|p2a: Melmetal
|move|p2a: Melmetal|Double Iron Bash|p1a: Tangrowth
|-damage|p1a: Tangrowth|39/100 tox
|-damage|p2a: Melmetal|39/100|[from] item: Rocky Helmet|[of] p1a: Tangrowth
|-damage|p1a: Tangrowth|16/100 tox
|-damage|p2a: Melmetal|22/100|[from] item: Rocky Helmet|[of] p1a: Tangrowth
|-hitcount|p1a: Tangrowth|2
|
|-damage|p1a: Tangrowth|0 fnt|[from] psn
|faint|p1a: Tangrowth
|upkeep
|
|t:|1662177949
|switch|p1a: landorustherian|Landorus-Therian, M|29/100
|-ability|p1a: landorustherian|Intimidate|boost
|-unboost|p2a: Melmetal|atk|1
|turn|17
|
|t:|1662177952
|move|p2a: Melmetal|Protect|p2a: Melmetal
|-singleturn|p2a: Melmetal|Protect
|move|p1a: landorustherian|Earthquake|p2a: Melmetal
|-activate|p2a: Melmetal|move: Protect
|
|-heal|p1a: landorustherian|35/100|[from] item: Leftovers
|upkeep
|turn|18
|
|t:|1662177954
|move|p1a: landorustherian|Earthquake|p2a: Melmetal
|-supereffective|p2a: Melmetal
|-damage|p2a: Melmetal|0 fnt
|faint|p2a: Melmetal
|
|-heal|p1a: landorustherian|41/100|[from] item: Leftovers
|upkeep
|
|t:|1662177955
|switch|p2a: Urshifu|Urshifu-Rapid-Strike, F|68/100
|turn|19
|
|t:|1662177957
|move|p2a: Urshifu|Surging Strikes|p1a: landorustherian
|-supereffective|p1a: landorustherian
|-crit|p1a: landorustherian
|-damage|p1a: landorustherian|0 fnt
|faint|p1a: landorustherian
|-hitcount|p1: landorustherian|1
|
|upkeep
|
|t:|1662177957
|switch|p1a: Heatran|Heatran, M|69/100
|turn|20
|
|t:|1662177958
|switch|p1a: rotomwash|Rotom-Wash|44/100
|move|p2a: Urshifu|Surging Strikes|p1a: rotomwash
|-resisted|p1a: rotomwash
|-crit|p1a: rotomwash
|-damage|p1a: rotomwash|27/100
|-resisted|p1a: rotomwash
|-crit|p1a: rotomwash
|-damage|p1a: rotomwash|11/100
|-resisted|p1a: rotomwash
|-crit|p1a: rotomwash
|-damage|p1a: rotomwash|0 fnt
|faint|p1a: rotomwash
|-hitcount|p1: rotomwash|3
|
|upkeep
|
|t:|1662177958
|switch|p1a: Weavile|Weavile, F|100/100
|-ability|p1a: Weavile|Pressure
|turn|21
|
|t:|1662177960
|move|p1a: Weavile|Low Kick|p2a: Urshifu
|-damage|p2a: Urshifu|22/100
|move|p2a: Urshifu|Surging Strikes|p1a: Weavile
|-crit|p1a: Weavile
|-damage|p1a: Weavile|53/100
|-crit|p1a: Weavile
|-damage|p1a: Weavile|0 fnt
|faint|p1a: Weavile
|-hitcount|p1: Weavile|2
|
|upkeep
|
|t:|1662177960
|switch|p1a: Heatran|Heatran, M|69/100
|turn|22
|
|t:|1662177962
|move|p2a: Urshifu|Surging Strikes|p1a: Heatran
|-supereffective|p1a: Heatran
|-crit|p1a: Heatran
|-damage|p1a: Heatran|7/100
|-supereffective|p1a: Heatran
|-crit|p1a: Heatran
|-damage|p1a: Heatran|0 fnt
|faint|p1a: Heatran
|-hitcount|p1: Heatran|2
|
|win|samohi0
|raw|minimax_ai's rating: 1492 &rarr; <strong>1473</strong><br />(-19 for losing)
|raw|samohi0's rating: 1511 &rarr; <strong>1530</strong><br />(+19 for winning)
|c|☆minimax_ai|gg
