|j|☆Yisus piola xd
|j|☆mimilimi ♫☯
|inactive|Battle timer is ON: inactive players will automatically lose when time's up.
|t:|1663510213
|gametype|singles
|player|p1|Yisus piola xd|palmer|
|player|p2|mimilimi ♫☯|juggler|
|teamsize|p1|6
|teamsize|p2|6
|gen|8
|tier|[Gen 8] OU
|rated|Tournament battle
|rule|Sleep Clause Mod: Limit one foe put to sleep
|rule|Species Clause: Limit one of each Pokémon
|rule|OHKO Clause: OHKO moves are banned
|rule|Evasion Items Clause: Evasion items are banned
|rule|Evasion Moves Clause: Evasion moves are banned
|rule|Endless Battle Clause: Forcing endless battles is banned
|rule|HP Percentage Mod: HP is shown in percentages
|rule|Dynamax Clause: You cannot dynamax
|clearpoke
|poke|p1|Urshifu-*, M|
|poke|p1|Slowbro, M|
|poke|p1|Dragapult, M|
|poke|p1|Landorus-Therian, M|
|poke|p1|Ferrothorn, M|
|poke|p1|Tapu Fini|
|poke|p2|Buzzwole|
|poke|p2|Slowking-Galar, M|
|poke|p2|Heatran, F|
|poke|p2|Clefable, F|
|poke|p2|Hydreigon, M|
|poke|p2|Zapdos|
|teampreview
|inactive|mimilimi ♫☯ has 120 seconds left.
|j| Lost Existence
|c|☆mimilimi ♫☯|gl
|inactive|mimilimi ♫☯ has 90 seconds left.
|
|t:|1663510278
|start
|switch|p1a: Lanpepe|Landorus-Therian, M|100/100
|switch|p2a: Clefable|Clefable, F|100/100
|-ability|p1a: Lanpepe|Intimidate|boost
|-unboost|p2a: Clefable|atk|1
|turn|1
|
|t:|1663510290
|move|p1a: Lanpepe|Knock Off|p2a: Clefable
|-resisted|p2a: Clefable
|-damage|p2a: Clefable|87/100
|-enditem|p2a: Clefable|Leftovers|[from] move: Knock Off|[of] p1a: Lanpepe
|move|p2a: Clefable|Stealth Rock|p1a: Lanpepe
|-sidestart|p1: Yisus piola xd|move: Stealth Rock
|
|upkeep
|turn|2
|
|t:|1663510298
|switch|p2a: Buzzwole|Buzzwole|100/100
|move|p1a: Lanpepe|U-turn|p2a: Buzzwole
|-resisted|p2a: Buzzwole
|-damage|p2a: Buzzwole|91/100
|
|t:|1663510305
|switch|p1a: Griffindor|Dragapult, M|100/100|[from]move: U-turn
|-damage|p1a: Griffindor|88/100|[from] Stealth Rock
|
|upkeep
|turn|3
|
|t:|1663510310
|switch|p2a: Heatran|Heatran, F|100/100
|move|p1a: Griffindor|U-turn|p2a: Heatran
|-resisted|p2a: Heatran
|-damage|p2a: Heatran|97/100
|
|t:|1663510318
|switch|p1a: Lanpepe|Landorus-Therian, M|100/100|[from]move: U-turn
|-damage|p1a: Lanpepe|88/100|[from] Stealth Rock
|-ability|p1a: Lanpepe|Intimidate|boost
|-unboost|p2a: Heatran|atk|1
|
|-heal|p1a: Lanpepe|94/100|[from] item: Leftovers
|-heal|p2a: Heatran|100/100|[from] item: Leftovers
|upkeep
|turn|4
|
|t:|1663510328
|switch|p2a: Buzzwole|Buzzwole|91/100
|move|p1a: Lanpepe|Defog|p2a: Buzzwole
|-unboost|p2a: Buzzwole|evasion|1
|-sideend|p1: Yisus piola xd|Stealth Rock|[from] move: Defog|[of] p1a: Lanpepe
|
|-heal|p1a: Lanpepe|99/100|[from] item: Leftovers
|upkeep
|turn|5
|
|t:|1663510337
|switch|p2a: Zapdos|Zapdos|100/100
|move|p1a: Lanpepe|U-turn|p2a: Zapdos
|-resisted|p2a: Zapdos
|-damage|p2a: Zapdos|87/100
|-status|p1a: Lanpepe|par|[from] ability: Static|[of] p2a: Zapdos
|
|t:|1663510350
|switch|p1a: Tapufino filipino|Tapu Fini|100/100|[from]move: U-turn
|-fieldstart|move: Misty Terrain|[from] ability: Misty Surge|[of] p1a: Tapufino filipino
|
|upkeep
|turn|6
|
|t:|1663510368
|switch|p1a: Lanpepe|Landorus-Therian, M|99/100 par
|-ability|p1a: Lanpepe|Intimidate|boost
|-unboost|p2a: Zapdos|atk|1
|move|p2a: Zapdos|Volt Switch|p1a: Lanpepe
|-immune|p1a: Lanpepe
|
|-heal|p1a: Lanpepe|100/100 par|[from] item: Leftovers
|upkeep
|turn|7
|
|t:|1663510378
|move|p2a: Zapdos|Hurricane|p1a: Lanpepe
|-damage|p1a: Lanpepe|39/100 par
|-start|p1a: Lanpepe|confusion
|-activate|p1a: Lanpepe|confusion
|move|p1a: Lanpepe|Knock Off|p2a: Zapdos
|-damage|p2a: Zapdos|46/100
|-enditem|p2a: Zapdos|Heavy-Duty Boots|[from] move: Knock Off|[of] p1a: Lanpepe
|
|-heal|p1a: Lanpepe|45/100 par|[from] item: Leftovers
|upkeep
|turn|8
|
|t:|1663510394
|move|p2a: Zapdos|Hurricane|p1a: Lanpepe
|-damage|p1a: Lanpepe|0 fnt
|faint|p1a: Lanpepe
|
|upkeep
|
|t:|1663510402
|switch|p1a: Griffindor|Dragapult, M|88/100
|turn|9
|
|t:|1663510428
|switch|p2a: Hydreigon|Hydreigon, M|100/100
|move|p1a: Griffindor|Shadow Ball|p2a: Hydreigon
|-resisted|p2a: Hydreigon
|-damage|p2a: Hydreigon|79/100
|-unboost|p2a: Hydreigon|spd|1
|
|-heal|p2a: Hydreigon|85/100|[from] item: Leftovers
|-fieldend|Misty Terrain
|upkeep
|turn|10
|
|t:|1663510439
|switch|p1a: Hermano coraza|Slowbro, M|100/100
|move|p2a: Hydreigon|U-turn|p1a: Hermano coraza
|-supereffective|p1a: Hermano coraza
|-damage|p1a: Hermano coraza|80/100
|-damage|p2a: Hydreigon|69/100|[from] item: Rocky Helmet|[of] p1a: Hermano coraza
|
|t:|1663510456
|switch|p2a: Zapdos|Zapdos|46/100|[from]move: U-turn
|
|upkeep
|turn|11
|
|t:|1663510461
|switch|p1a: Ferroviaria|Ferrothorn, M|100/100
|move|p2a: Zapdos|Volt Switch|p1a: Ferroviaria
|-resisted|p1a: Ferroviaria
|-damage|p1a: Ferroviaria|89/100
|
|t:|1663510480
|switch|p2a: Heatran|Heatran, F|100/100|[from]move: Volt Switch
|
|-heal|p1a: Ferroviaria|95/100|[from] item: Leftovers
|upkeep
|turn|12
|
|t:|1663510495
|switch|p1a: Bruce lee|Urshifu-Rapid-Strike, M|100/100
|move|p2a: Heatran|Magma Storm|p1a: Bruce lee
|-resisted|p1a: Bruce lee
|-damage|p1a: Bruce lee|67/100
|-activate|p1a: Bruce lee|move: Magma Storm|[of] p2a: Heatran
|
|-damage|p1a: Bruce lee|55/100|[from] move: Magma Storm|[partiallytrapped]
|upkeep
|turn|13
|
|t:|1663510512
|switch|p2a: Slowking|Slowking-Galar, M|100/100
|move|p1a: Bruce lee|U-turn|p2a: Slowking
|-damage|p2a: Slowking|83/100
|
|t:|1663510519
|switch|p1a: Griffindor|Dragapult, M|88/100|[from]move: U-turn
|
|upkeep
|turn|14
|
|t:|1663510541
|switch|p2a: Heatran|Heatran, F|100/100
|move|p1a: Griffindor|U-turn|p2a: Heatran
|-resisted|p2a: Heatran
|-damage|p2a: Heatran|96/100
|
|t:|1663510547
|switch|p1a: Bruce lee|Urshifu-Rapid-Strike, M|55/100|[from]move: U-turn
|
|-heal|p2a: Heatran|100/100|[from] item: Leftovers
|upkeep
|turn|15
|
|t:|1663510554
|switch|p2a: Slowking|Slowking-Galar, M|100/100
|move|p1a: Bruce lee|Surging Strikes|p2a: Slowking
|-crit|p2a: Slowking
|-damage|p2a: Slowking|86/100
|-crit|p2a: Slowking
|-damage|p2a: Slowking|72/100
|-crit|p2a: Slowking
|-damage|p2a: Slowking|58/100
|-hitcount|p2a: Slowking|3
|
|upkeep
|turn|16
|
|t:|1663510564
|move|p1a: Bruce lee|U-turn|p2a: Slowking
|-crit|p2a: Slowking
|-damage|p2a: Slowking|31/100
|
|t:|1663510572
|switch|p1a: Tapufino filipino|Tapu Fini|100/100|[from]move: U-turn
|-fieldstart|move: Misty Terrain|[from] ability: Misty Surge|[of] p1a: Tapufino filipino
|move|p2a: Slowking|Slack Off|p2a: Slowking
|-heal|p2a: Slowking|81/100
|
|upkeep
|turn|17
|
|t:|1663510581
|move|p1a: Tapufino filipino|Trick|p2a: Slowking
|-activate|p1a: Tapufino filipino|move: Trick|[of] p2a: Slowking
|-item|p2a: Slowking|Choice Scarf|[from] move: Trick
|-item|p1a: Tapufino filipino|Shuca Berry|[from] move: Trick
|move|p2a: Slowking|Calm Mind|p2a: Slowking
|-boost|p2a: Slowking|spa|1
|-boost|p2a: Slowking|spd|1
|
|upkeep
|turn|18
|inactive|mimilimi ♫☯ has 120 seconds left.
|
|t:|1663510632
|switch|p2a: Zapdos|Zapdos|46/100
|move|p1a: Tapufino filipino|Scald|p2a: Zapdos
|-damage|p2a: Zapdos|14/100
|-status|p2a: Zapdos|brn
|
|-damage|p2a: Zapdos|7/100 brn|[from] brn
|upkeep
|turn|19
|
|t:|1663510648
|switch|p1a: Ferroviaria|Ferrothorn, M|95/100
|move|p2a: Zapdos|Roost|p2a: Zapdos
|-heal|p2a: Zapdos|58/100 brn
|-singleturn|p2a: Zapdos|move: Roost
|
|-heal|p1a: Ferroviaria|100/100|[from] item: Leftovers
|-damage|p2a: Zapdos|51/100 brn|[from] brn
|upkeep
|turn|20
|inactive|mimilimi ♫☯ has 90 seconds left.
|j| im tofa
|inactive|mimilimi ♫☯ has 60 seconds left.
|
|t:|1663510709
|move|p2a: Zapdos|Hurricane|p1a: Ferroviaria|[miss]
|-miss|p2a: Zapdos|p1a: Ferroviaria
|move|p1a: Ferroviaria|Leech Seed|p2a: Zapdos
|-start|p2a: Zapdos|move: Leech Seed
|
|-damage|p2a: Zapdos|39/100 brn|[from] Leech Seed|[of] p1a: Ferroviaria
|-damage|p2a: Zapdos|33/100 brn|[from] brn
|-fieldend|Misty Terrain
|upkeep
|turn|21
|
|t:|1663510720
|switch|p1a: Tapufino filipino|Tapu Fini|100/100
|-fieldstart|move: Misty Terrain|[from] ability: Misty Surge|[of] p1a: Tapufino filipino
|move|p2a: Zapdos|Volt Switch|p1a: Tapufino filipino
|-supereffective|p1a: Tapufino filipino
|-damage|p1a: Tapufino filipino|54/100
|
|t:|1663510729
|switch|p2a: Heatran|Heatran, F|100/100|[from]move: Volt Switch
|
|upkeep
|turn|22
|
|t:|1663510746
|switch|p1a: Bruce lee|Urshifu-Rapid-Strike, M|55/100
|move|p2a: Heatran|Magma Storm|p1a: Bruce lee
|-resisted|p1a: Bruce lee
|-damage|p1a: Bruce lee|24/100
|-activate|p1a: Bruce lee|move: Magma Storm|[of] p2a: Heatran
|
|-damage|p1a: Bruce lee|12/100|[from] move: Magma Storm|[partiallytrapped]
|upkeep
|turn|23
|
|t:|1663510756
|switch|p2a: Slowking|Slowking-Galar, M|100/100
|move|p1a: Bruce lee|Surging Strikes|p2a: Slowking
|-crit|p2a: Slowking
|-damage|p2a: Slowking|86/100
|-crit|p2a: Slowking
|-damage|p2a: Slowking|71/100
|-crit|p2a: Slowking
|-damage|p2a: Slowking|57/100
|-hitcount|p2a: Slowking|3
|
|-end|p1a: Bruce lee|Magma Storm|[partiallytrapped]|[silent]
|upkeep
|turn|24
|inactive|mimilimi ♫☯ has 90 seconds left.
|
|t:|1663510767
|move|p1a: Bruce lee|U-turn|p2a: Slowking
|-damage|p2a: Slowking|38/100
|
|t:|1663510769
|switch|p1a: Ferroviaria|Ferrothorn, M|100/100|[from]move: U-turn
|move|p2a: Slowking|Psyshock|p1a: Ferroviaria
|-resisted|p1a: Ferroviaria
|-damage|p1a: Ferroviaria|89/100
|
|-heal|p1a: Ferroviaria|95/100|[from] item: Leftovers
|upkeep
|turn|25
|inactive|mimilimi ♫☯ has 90 seconds left.
|
|t:|1663510780
|switch|p2a: Clefable|Clefable, F|87/100
|move|p1a: Ferroviaria|Leech Seed|p2a: Clefable|[miss]
|-miss|p1a: Ferroviaria|p2a: Clefable
|
|-heal|p1a: Ferroviaria|100/100|[from] item: Leftovers
|-fieldend|Misty Terrain
|upkeep
|turn|26
|
|t:|1663510789
|move|p2a: Clefable|Stealth Rock|p1a: Ferroviaria
|-sidestart|p1: Yisus piola xd|move: Stealth Rock
|move|p1a: Ferroviaria|Knock Off|p2a: Clefable
|-resisted|p2a: Clefable
|-damage|p2a: Clefable|80/100
|
|upkeep
|turn|27
|inactive|mimilimi ♫☯ has 90 seconds left.
|
|t:|1663510810
|move|p2a: Clefable|Thunder Wave|p1a: Ferroviaria
|-status|p1a: Ferroviaria|par
|cant|p1a: Ferroviaria|par
|
|upkeep
|turn|28
|inactive|mimilimi ♫☯ has 90 seconds left.
|inactive|mimilimi ♫☯ has 60 seconds left.
|
|t:|1663510854
|move|p2a: Clefable|Moonblast|p1a: Ferroviaria
|-resisted|p1a: Ferroviaria
|-damage|p1a: Ferroviaria|91/100 par
|move|p1a: Ferroviaria|Stealth Rock|p2a: Clefable
|-sidestart|p2: mimilimi ♫☯|move: Stealth Rock
|
|-heal|p1a: Ferroviaria|97/100 par|[from] item: Leftovers
|upkeep
|turn|29
|
|t:|1663510866
|switch|p1a: Tapufino filipino|Tapu Fini|54/100
|-damage|p1a: Tapufino filipino|42/100|[from] Stealth Rock
|-fieldstart|move: Misty Terrain|[from] ability: Misty Surge|[of] p1a: Tapufino filipino
|move|p2a: Clefable|Moonblast|p1a: Tapufino filipino
|-damage|p1a: Tapufino filipino|22/100
|-unboost|p1a: Tapufino filipino|spa|1
|
|upkeep
|turn|30
|inactive|mimilimi ♫☯ has 60 seconds left.
|inactive|mimilimi ♫☯ has 30 seconds left.
|inactive|mimilimi ♫☯ has 20 seconds left.
|inactive|mimilimi ♫☯ has 15 seconds left.
|inactive|mimilimi ♫☯ has 10 seconds left.
|
|t:|1663510931
|move|p1a: Tapufino filipino|Nature's Madness|p2a: Clefable
|-damage|p2a: Clefable|41/100
|move|p2a: Clefable|Moonblast|p1a: Tapufino filipino
|-damage|p1a: Tapufino filipino|1/100
|-unboost|p1a: Tapufino filipino|spa|1
|
|upkeep
|turn|31
|inactive|mimilimi ♫☯ has 20 seconds left this turn.
|
|t:|1663510939
|move|p1a: Tapufino filipino|Moonblast|p2a: Clefable
|-damage|p2a: Clefable|28/100
|-unboost|p2a: Clefable|spa|1
|move|p2a: Clefable|Soft-Boiled|p2a: Clefable
|-heal|p2a: Clefable|78/100
|
|upkeep
|turn|32
|inactive|mimilimi ♫☯ has 30 seconds left this turn.
|
|t:|1663510947
|move|p1a: Tapufino filipino|Nature's Madness|p2a: Clefable
|-damage|p2a: Clefable|39/100
|move|p2a: Clefable|Moonblast|p1a: Tapufino filipino
|-damage|p1a: Tapufino filipino|0 fnt
|faint|p1a: Tapufino filipino
|
|upkeep
|inactive|mimilimi ♫☯ has 30 seconds left this turn.
|
|t:|1663510955
|switch|p1a: Bruce lee|Urshifu-Rapid-Strike, M|12/100
|-damage|p1a: Bruce lee|6/100|[from] Stealth Rock
|turn|33
|
|t:|1663510964
|switch|p2a: Buzzwole|Buzzwole|91/100
|-damage|p2a: Buzzwole|79/100|[from] Stealth Rock
|move|p1a: Bruce lee|Surging Strikes|p2a: Buzzwole
|-crit|p2a: Buzzwole
|-damage|p2a: Buzzwole|64/100
|-crit|p2a: Buzzwole
|-damage|p2a: Buzzwole|48/100
|-crit|p2a: Buzzwole
|-damage|p2a: Buzzwole|32/100
|-hitcount|p2a: Buzzwole|3
|
|-fieldend|Misty Terrain
|upkeep
|turn|34
|j|@Mimikyu Stardust
|
|t:|1663510976
|move|p2a: Buzzwole|Leech Life|p1a: Bruce lee
|-resisted|p1a: Bruce lee
|-damage|p1a: Bruce lee|0 fnt
|-heal|p2a: Buzzwole|35/100|[from] drain|[of] p1a: Bruce lee
|faint|p1a: Bruce lee
|-ability|p2a: Buzzwole|Beast Boost|boost
|-boost|p2a: Buzzwole|atk|1
|
|upkeep
|
|t:|1663510986
|switch|p1a: Griffindor|Dragapult, M|88/100
|-damage|p1a: Griffindor|76/100|[from] Stealth Rock
|turn|35
|
|t:|1663511010
|switch|p2a: Hydreigon|Hydreigon, M|69/100
|-damage|p2a: Hydreigon|56/100|[from] Stealth Rock
|move|p1a: Griffindor|U-turn|p2a: Hydreigon
|-supereffective|p2a: Hydreigon
|-damage|p2a: Hydreigon|18/100
|
|t:|1663511016
|switch|p1a: Hermano coraza|Slowbro, M|100/100|[from]move: U-turn
|-damage|p1a: Hermano coraza|88/100|[from] Stealth Rock
|
|-heal|p2a: Hydreigon|24/100|[from] item: Leftovers
|upkeep
|turn|36
|
|t:|1663511028
|move|p2a: Hydreigon|Roost|p2a: Hydreigon
|-heal|p2a: Hydreigon|74/100
|-singleturn|p2a: Hydreigon|move: Roost
|move|p1a: Hermano coraza|Future Sight|p2a: Hydreigon
|-start|p1a: Hermano coraza|move: Future Sight
|
|-heal|p2a: Hydreigon|80/100|[from] item: Leftovers
|upkeep
|turn|37
|
|t:|1663511036
|move|p2a: Hydreigon|Dark Pulse|p1a: Hermano coraza
|-supereffective|p1a: Hermano coraza
|-damage|p1a: Hermano coraza|18/100
|move|p1a: Hermano coraza|Scald|p2a: Hydreigon
|-resisted|p2a: Hydreigon
|-damage|p2a: Hydreigon|68/100
|-status|p2a: Hydreigon|brn
|
|-heal|p2a: Hydreigon|74/100 brn|[from] item: Leftovers
|-damage|p2a: Hydreigon|68/100 brn|[from] brn
|upkeep
|turn|38
|
|t:|1663511048
|switch|p1a: Ferroviaria|Ferrothorn, M|97/100 par
|-damage|p1a: Ferroviaria|91/100 par|[from] Stealth Rock
|move|p2a: Hydreigon|Dark Pulse|p1a: Ferroviaria
|-damage|p1a: Ferroviaria|69/100 par
|
|-end|p2a: Hydreigon|move: Future Sight
|-immune|p2a: Hydreigon
|-heal|p2a: Hydreigon|74/100 brn|[from] item: Leftovers
|-heal|p1a: Ferroviaria|75/100 par|[from] item: Leftovers
|-damage|p2a: Hydreigon|68/100 brn|[from] brn
|upkeep
|turn|39
|
|t:|1663511063
|switch|p2a: Clefable|Clefable, F|39/100
|move|p1a: Ferroviaria|Leech Seed|p2a: Clefable
|-start|p2a: Clefable|move: Leech Seed
|
|-heal|p1a: Ferroviaria|81/100 par|[from] item: Leftovers
|upkeep
|turn|40
|j| Ladder Prodigy
|
|t:|1663511071
|move|p2a: Clefable|Soft-Boiled|p2a: Clefable
|-heal|p2a: Clefable|89/100
|cant|p1a: Ferroviaria|par
|
|-heal|p1a: Ferroviaria|88/100 par|[from] item: Leftovers
|upkeep
|turn|41
|
|t:|1663511081
|move|p2a: Clefable|Moonblast|p1a: Ferroviaria
|-resisted|p1a: Ferroviaria
|-damage|p1a: Ferroviaria|77/100 par
|move|p1a: Ferroviaria|Leech Seed||[still]
|-fail|p1a: Ferroviaria
|
|-heal|p1a: Ferroviaria|83/100 par|[from] item: Leftovers
|upkeep
|turn|42
|
|t:|1663511093
|switch|p2a: Heatran|Heatran, F|100/100
|-damage|p2a: Heatran|88/100|[from] Stealth Rock
|cant|p1a: Ferroviaria|par
|
|-heal|p2a: Heatran|94/100|[from] item: Leftovers
|-heal|p1a: Ferroviaria|90/100 par|[from] item: Leftovers
|upkeep
|turn|43
|
|t:|1663511104
|move|p2a: Heatran|Magma Storm|p1a: Ferroviaria
|-supereffective|p1a: Ferroviaria
|-damage|p1a: Ferroviaria|0 fnt
|faint|p1a: Ferroviaria
|
|-heal|p2a: Heatran|100/100|[from] item: Leftovers
|upkeep
|c|☆mimilimi ♫☯|gg?
|
|t:|1663511112
|switch|p1a: Griffindor|Dragapult, M|76/100
|-damage|p1a: Griffindor|64/100|[from] Stealth Rock
|turn|44
|
|t:|1663511125
|move|p1a: Griffindor|U-turn|p2a: Heatran
|-resisted|p2a: Heatran
|-damage|p2a: Heatran|96/100
|
|t:|1663511129
|switch|p1a: Hermano coraza|Slowbro, M|51/100|[from]move: U-turn
|-damage|p1a: Hermano coraza|38/100|[from] Stealth Rock
|move|p2a: Heatran|Magma Storm|p1a: Hermano coraza
|-resisted|p1a: Hermano coraza
|-damage|p1a: Hermano coraza|15/100
|-activate|p1a: Hermano coraza|move: Magma Storm|[of] p2a: Heatran
|
|-heal|p2a: Heatran|100/100|[from] item: Leftovers
|-damage|p1a: Hermano coraza|2/100|[from] move: Magma Storm|[partiallytrapped]
|upkeep
|turn|45
|
|t:|1663511143
|move|p2a: Heatran|Earth Power|p1a: Hermano coraza
|-damage|p1a: Hermano coraza|0 fnt
|faint|p1a: Hermano coraza
|
|upkeep
|c|☆mimilimi ♫☯|gg
|
|t:|1663511148
|switch|p1a: Griffindor|Dragapult, M|64/100
|-damage|p1a: Griffindor|51/100|[from] Stealth Rock
|turn|46
|
|t:|1663511153
|move|p1a: Griffindor|Shadow Ball|p2a: Heatran
|-damage|p2a: Heatran|66/100
|move|p2a: Heatran|Earth Power|p1a: Griffindor
|-damage|p1a: Griffindor|9/100
|
|-heal|p2a: Heatran|72/100|[from] item: Leftovers
|upkeep
|turn|47
|
|t:|1663511162
|move|p1a: Griffindor|Shadow Ball|p2a: Heatran
|-damage|p2a: Heatran|37/100
|move|p2a: Heatran|Earth Power|p1a: Griffindor
|-damage|p1a: Griffindor|0 fnt
|faint|p1a: Griffindor
|
|win|mimilimi ♫☯
|n|☆Yisus piola xd|yisuspiolaxd
|n|☆mimilimi ♫☯|mimilimi
|n| Lost Existence|lostexistence
|n| im tofa|imtofa
|n| Mimikyu Stardust|mimikyustardust
|n| Ladder Prodigy|ladderprodigy
|l| im tofa
|l| Lost Existence
|l| Ladder Prodigy
|l|☆mimilimi ♫☯
|l|☆Yisus piola xd
|l| Mimikyu Stardust
|j| Lost Existence
