|j|☆Batataplays
|j|☆RaulGB44
|t:|1652806089
|gametype|singles
|player|p1|Batataplays|dawn-gen4pt|1623
|player|p2|RaulGB44|170|1641
|teamsize|p1|6
|teamsize|p2|6
|gen|8
|tier|[Gen 8] OU
|rated|
|rule|Sleep Clause Mod: Limit one foe put to sleep
|rule|Species Clause: Limit one of each Pokémon
|rule|OHKO Clause: OHKO moves are banned
|rule|Evasion Moves Clause: Evasion moves are banned
|rule|Endless Battle Clause: Forcing endless battles is banned
|rule|HP Percentage Mod: HP is shown in percentages
|rule|Dynamax Clause: You cannot dynamax
|clearpoke
|poke|p1|Landorus-Therian, M|
|poke|p1|Weavile, F|
|poke|p1|Kartana|
|poke|p1|Melmetal|
|poke|p1|Volcanion|
|poke|p1|Dragonite, F|
|poke|p2|Tapu Fini|
|poke|p2|Celesteela|
|poke|p2|Mew|
|poke|p2|Landorus-Therian, M|
|poke|p2|Dragapult, M|
|poke|p2|Weavile, F|
|teampreview
|inactive|Battle timer is ON: inactive players will automatically lose when time's up. (requested by RaulGB44)
|
|t:|1652806093
|start
|switch|p1a: Weavile|Weavile, F, shiny|100/100
|switch|p2a: Mew|Mew|100/100
|-ability|p1a: Weavile|Pressure
|turn|1
|
|t:|1652806099
|move|p1a: Weavile|Beat Up|p2a: Mew
|-supereffective|p2a: Mew
|-damage|p2a: Mew|74/100
|-supereffective|p2a: Mew
|-damage|p2a: Mew|45/100
|-supereffective|p2a: Mew
|-damage|p2a: Mew|10/100
|-supereffective|p2a: Mew
|-damage|p2a: Mew|0 fnt
|faint|p2a: Mew
|-hitcount|p2: Mew|4
|
|upkeep
|
|t:|1652806110
|switch|p2a: Tapu Fini|Tapu Fini|100/100
|-fieldstart|move: Misty Terrain|[from] ability: Misty Surge|[of] p2a: Tapu Fini
|turn|2
|
|t:|1652806123
|switch|p1a: Home Depot|Melmetal, shiny|100/100
|switch|p2a: Landorus|Landorus-Therian, M|100/100
|-ability|p2a: Landorus|Intimidate|boost
|-unboost|p1a: Home Depot|atk|1
|
|upkeep
|turn|3
|j| clozap9
|
|t:|1652806133
|move|p2a: Landorus|Earthquake|p1a: Home Depot
|-supereffective|p1a: Home Depot
|-damage|p1a: Home Depot|11/100
|move|p1a: Home Depot|Ice Punch|p2a: Landorus
|-supereffective|p2a: Landorus
|-crit|p2a: Landorus
|-damage|p2a: Landorus|0 fnt
|faint|p2a: Landorus
|
|upkeep
|
|t:|1652806145
|switch|p2a: Weavile|Weavile, F|100/100
|-ability|p2a: Weavile|Pressure
|turn|4
|j| fist_foolish
|
|t:|1652806155
|move|p2a: Weavile|Knock Off|p1a: Home Depot
|-damage|p1a: Home Depot|0 fnt
|-enditem|p1a: Home Depot|Assault Vest|[from] move: Knock Off|[of] p2a: Weavile
|faint|p1a: Home Depot
|
|upkeep
|
|t:|1652806157
|switch|p1a: Kartana|Kartana, shiny|100/100
|turn|5
|
|t:|1652806181
|move|p1a: Kartana|Knock Off|p2a: Weavile
|-resisted|p2a: Weavile
|-damage|p2a: Weavile|61/100
|-enditem|p2a: Weavile|Choice Band|[from] move: Knock Off|[of] p1a: Kartana
|move|p2a: Weavile|Knock Off|p1a: Kartana
|-damage|p1a: Kartana|52/100
|-enditem|p1a: Kartana|Choice Scarf|[from] move: Knock Off|[of] p2a: Weavile
|
|upkeep
|turn|6
|
|t:|1652806187
|move|p2a: Weavile|Triple Axel|p1a: Kartana|[miss]
|-miss|p2a: Weavile|p1a: Kartana
|move|p1a: Kartana|Sacred Sword|p2a: Weavile
|-supereffective|p2a: Weavile
|-damage|p2a: Weavile|0 fnt
|faint|p2a: Weavile
|-ability|p1a: Kartana|Beast Boost|boost
|-boost|p1a: Kartana|atk|1
|
|-fieldend|Misty Terrain
|upkeep
|l| clozap9
|
|t:|1652806193
|switch|p2a: Dragapult|Dragapult, M|100/100
|turn|7
|
|t:|1652806199
|move|p2a: Dragapult|Fire Blast|p1a: Kartana
|-supereffective|p1a: Kartana
|-damage|p1a: Kartana|0 fnt
|faint|p1a: Kartana
|-damage|p2a: Dragapult|91/100|[from] item: Life Orb
|
|upkeep
|
|t:|1652806206
|switch|p1a: Landorus|Landorus-Therian, M, shiny|100/100
|-ability|p1a: Landorus|Intimidate|boost
|-fail|p2a: Dragapult|unboost|[from] ability: Clear Body|[of] p2a: Dragapult
|turn|8
|
|t:|1652806220
|move|p2a: Dragapult|Dragon Darts|p1a: Landorus
|-damage|p1a: Landorus|79/100
|-anim|p2a: Dragapult|Dragon Darts|p1a: Landorus
|-damage|p1a: Landorus|55/100
|-damage|p2a: Dragapult|81/100|[from] item: Life Orb
|move|p1a: Landorus|U-turn|p2a: Dragapult
|-resisted|p2a: Dragapult
|-damage|p2a: Dragapult|65/100
|
|t:|1652806234
|switch|p1a: Volcanion|Volcanion|100/100|[from]move: U-turn
|
|upkeep
|turn|9
|
|t:|1652806242
|move|p2a: Dragapult|Dragon Darts|p1a: Volcanion
|-damage|p1a: Volcanion|72/100
|-anim|p2a: Dragapult|Dragon Darts|p1a: Volcanion
|-damage|p1a: Volcanion|40/100
|-damage|p2a: Dragapult|55/100|[from] item: Life Orb
|move|p1a: Volcanion|Steam Eruption|p2a: Dragapult
|-resisted|p2a: Dragapult
|-damage|p2a: Dragapult|0 fnt
|faint|p2a: Dragapult
|
|upkeep
|
|t:|1652806255
|switch|p2a: Tapu Fini|Tapu Fini|100/100
|-fieldstart|move: Misty Terrain|[from] ability: Misty Surge|[of] p2a: Tapu Fini
|turn|10
|
|t:|1652806257
|move|p2a: Tapu Fini|Calm Mind|p2a: Tapu Fini
|-boost|p2a: Tapu Fini|spa|1
|-boost|p2a: Tapu Fini|spd|1
|move|p1a: Volcanion|Steam Eruption|p2a: Tapu Fini
|-resisted|p2a: Tapu Fini
|-damage|p2a: Tapu Fini|74/100
|
|-heal|p2a: Tapu Fini|80/100|[from] item: Leftovers
|upkeep
|turn|11
|
|t:|1652806261
|move|p2a: Tapu Fini|Calm Mind|p2a: Tapu Fini
|-boost|p2a: Tapu Fini|spa|1
|-boost|p2a: Tapu Fini|spd|1
|move|p1a: Volcanion|Steam Eruption|p2a: Tapu Fini
|-resisted|p2a: Tapu Fini
|-damage|p2a: Tapu Fini|63/100
|
|-heal|p2a: Tapu Fini|69/100|[from] item: Leftovers
|upkeep
|turn|12
|
|t:|1652806264
|move|p2a: Tapu Fini|Draining Kiss|p1a: Volcanion
|-resisted|p1a: Volcanion
|-damage|p1a: Volcanion|22/100
|-heal|p2a: Tapu Fini|81/100|[from] drain|[of] p1a: Volcanion
|move|p1a: Volcanion|Steam Eruption|p2a: Tapu Fini
|-resisted|p2a: Tapu Fini
|-damage|p2a: Tapu Fini|61/100
|
|-heal|p2a: Tapu Fini|67/100|[from] item: Leftovers
|upkeep
|turn|13
|
|t:|1652806269
|move|p2a: Tapu Fini|Calm Mind|p2a: Tapu Fini
|-boost|p2a: Tapu Fini|spa|1
|-boost|p2a: Tapu Fini|spd|1
|move|p1a: Volcanion|Steam Eruption|p2a: Tapu Fini
|-resisted|p2a: Tapu Fini
|-damage|p2a: Tapu Fini|51/100
|
|-heal|p2a: Tapu Fini|57/100|[from] item: Leftovers
|upkeep
|turn|14
|
|t:|1652806271
|move|p2a: Tapu Fini|Draining Kiss|p1a: Volcanion
|-resisted|p1a: Volcanion
|-damage|p1a: Volcanion|0 fnt
|-heal|p2a: Tapu Fini|71/100|[from] drain|[of] p1a: Volcanion
|faint|p1a: Volcanion
|
|-heal|p2a: Tapu Fini|77/100|[from] item: Leftovers
|-fieldend|Misty Terrain
|upkeep
|
|t:|1652806277
|switch|p1a: Weavile|Weavile, F, shiny|100/100
|-ability|p1a: Weavile|Pressure
|turn|15
|
|t:|1652806281
|move|p1a: Weavile|Triple Axel|p2a: Tapu Fini
|-resisted|p2a: Tapu Fini
|-damage|p2a: Tapu Fini|72/100
|-resisted|p2a: Tapu Fini
|-damage|p2a: Tapu Fini|60/100
|-resisted|p2a: Tapu Fini
|-damage|p2a: Tapu Fini|41/100
|-hitcount|p2a: Tapu Fini|3
|move|p2a: Tapu Fini|Draining Kiss|p1a: Weavile
|-supereffective|p1a: Weavile
|-damage|p1a: Weavile|0 fnt
|-heal|p2a: Tapu Fini|100/100|[from] drain|[of] p1a: Weavile
|faint|p1a: Weavile
|
|upkeep
|-message|Batataplays forfeited.
|
|win|RaulGB44
|raw|Batataplays's rating: 1623 &rarr; <strong>1604</strong><br />(-19 for losing)
|raw|RaulGB44's rating: 1641 &rarr; <strong>1660</strong><br />(+19 for winning)
|l|☆Batataplays
