|html|<div class="broadcast-blue"><strong>[Gen 8] OU is currently suspecting Melmetal! For information on how to participate check out the <a href="https://www.smogon.com/forums/threads/np-ss-ou-suspect-process-round-12-monster-mash.3709234/">suspect thread</a>.</strong></div>
|j|☆Mel2345
|j|☆mimilimi
|inactive|Battle timer is ON: inactive players will automatically lose when time's up.
|t:|1666428069
|gametype|singles
|player|p1|Mel2345|cheren-gen5bw2|
|player|p2|mimilimi|preschooler|
|teamsize|p1|6
|teamsize|p2|6
|gen|8
|tier|[Gen 8] OU
|rated|Tournament battle
|rule|Sleep Clause Mod: Limit one foe put to sleep
|rule|Species Clause: Limit one of each Pokémon
|rule|OHKO Clause: OHKO moves are banned
|rule|Evasion Items Clause: Evasion items are banned
|rule|Evasion Moves Clause: Evasion moves are banned
|rule|Endless Battle Clause: Forcing endless battles is banned
|rule|HP Percentage Mod: HP is shown in percentages
|rule|Dynamax Clause: You cannot dynamax
|clearpoke
|poke|p1|Weavile, F|
|poke|p1|Tapu Koko|
|poke|p1|Victini|
|poke|p1|Landorus-Therian, M|
|poke|p1|Tapu Fini|
|poke|p1|Corviknight, M|
|poke|p2|Buzzwole|
|poke|p2|Zapdos|
|poke|p2|Clefable, M|
|poke|p2|Hydreigon, M|
|poke|p2|Slowking-Galar, F|
|poke|p2|Heatran, M|
|teampreview
|j|%moondazing
|c|☆Mel2345|hf
|c|☆mimilimi|Gl
|j| sendpais
|j| outdsmoolicalt
|
|t:|1666428096
|start
|switch|p1a: Landorus|Landorus-Therian, M|100/100
|switch|p2a: Buzzwole|Buzzwole|100/100
|-ability|p1a: Landorus|Intimidate|boost
|-unboost|p2a: Buzzwole|atk|1
|turn|1
|
|t:|1666428103
|switch|p1a: Corviknight|Corviknight, M|100/100
|-ability|p1a: Corviknight|Pressure
|move|p2a: Buzzwole|Ice Punch|p1a: Corviknight
|-damage|p1a: Corviknight|88/100
|-damage|p2a: Buzzwole|84/100|[from] item: Rocky Helmet|[of] p1a: Corviknight
|
|upkeep
|turn|2
|
|t:|1666428106
|switch|p2a: Zapdos|Zapdos|100/100
|move|p1a: Corviknight|U-turn|p2a: Zapdos
|-resisted|p2a: Zapdos
|-damage|p2a: Zapdos|91/100
|
|t:|1666428112
|switch|p1a: Tapu Koko|Tapu Koko|100/100|[from]move: U-turn
|-fieldstart|move: Electric Terrain|[from] ability: Electric Surge|[of] p1a: Tapu Koko
|
|upkeep
|turn|3
|
|t:|1666428121
|move|p1a: Tapu Koko|Thunderbolt|p2a: Zapdos
|-damage|p2a: Zapdos|37/100
|move|p2a: Zapdos|Roost|p2a: Zapdos
|-heal|p2a: Zapdos|87/100
|-singleturn|p2a: Zapdos|move: Roost
|
|upkeep
|turn|4
|
|t:|1666428129
|switch|p2a: Heatran|Heatran, M|100/100
|move|p1a: Tapu Koko|Thunderbolt|p2a: Heatran
|-damage|p2a: Heatran|68/100
|
|-heal|p2a: Heatran|75/100|[from] item: Leftovers
|upkeep
|turn|5
|
|t:|1666428132
|move|p1a: Tapu Koko|U-turn|p2a: Heatran
|-resisted|p2a: Heatran
|-damage|p2a: Heatran|71/100
|
|t:|1666428136
|switch|p1a: Tapu Fini|Tapu Fini|100/100|[from]move: U-turn
|-fieldstart|move: Misty Terrain|[from] ability: Misty Surge|[of] p1a: Tapu Fini
|move|p2a: Heatran|Toxic|p1a: Tapu Fini
|-activate|p1a: Tapu Fini|move: Misty Terrain
|
|-heal|p2a: Heatran|77/100|[from] item: Leftovers
|upkeep
|turn|6
|
|t:|1666428142
|switch|p2a: Slowking|Slowking-Galar, F|100/100
|move|p1a: Tapu Fini|Whirlpool|p2a: Slowking
|-damage|p2a: Slowking|91/100
|-activate|p2a: Slowking|move: Whirlpool|[of] p1a: Tapu Fini
|
|-damage|p2a: Slowking|79/100|[from] move: Whirlpool|[partiallytrapped]
|upkeep
|turn|7
|
|t:|1666428148
|move|p1a: Tapu Fini|Nature's Madness|p2a: Slowking
|-damage|p2a: Slowking|40/100
|move|p2a: Slowking|Calm Mind|p2a: Slowking
|-boost|p2a: Slowking|spa|1
|-boost|p2a: Slowking|spd|1
|
|-damage|p2a: Slowking|27/100|[from] move: Whirlpool|[partiallytrapped]
|upkeep
|turn|8
|
|t:|1666428156
|switch|p1a: Landorus|Landorus-Therian, M|100/100
|-ability|p1a: Landorus|Intimidate|boost
|-unboost|p2a: Slowking|atk|1
|move|p2a: Slowking|Psyshock|p1a: Landorus
|-damage|p1a: Landorus|67/100
|
|-heal|p1a: Landorus|73/100|[from] item: Leftovers
|-end|p2a: Slowking|Whirlpool|[partiallytrapped]|[silent]
|upkeep
|turn|9
|
|t:|1666428163
|move|p1a: Landorus|Stealth Rock|p2a: Slowking
|-sidestart|p2: mimilimi|move: Stealth Rock
|move|p2a: Slowking|Scald|p1a: Landorus
|-supereffective|p1a: Landorus
|-damage|p1a: Landorus|5/100
|
|-heal|p1a: Landorus|11/100|[from] item: Leftovers
|-fieldend|Misty Terrain
|upkeep
|turn|10
|
|t:|1666428168
|switch|p2a: Zapdos|Zapdos|87/100
|move|p1a: Landorus|U-turn|p2a: Zapdos
|-resisted|p2a: Zapdos
|-crit|p2a: Zapdos
|-damage|p2a: Zapdos|66/100
|j| IIIodyne
|
|t:|1666428177
|switch|p1a: Tapu Koko|Tapu Koko|100/100|[from]move: U-turn
|-fieldstart|move: Electric Terrain|[from] ability: Electric Surge|[of] p1a: Tapu Koko
|
|upkeep
|turn|11
|
|t:|1666428183
|move|p1a: Tapu Koko|Thunderbolt|p2a: Zapdos
|-damage|p2a: Zapdos|6/100
|move|p2a: Zapdos|Volt Switch|p1a: Tapu Koko
|-resisted|p1a: Tapu Koko
|-damage|p1a: Tapu Koko|75/100
|
|t:|1666428199
|switch|p2a: Clefable|Clefable, M|100/100|[from]move: Volt Switch
|
|upkeep
|turn|12
|
|t:|1666428203
|move|p1a: Tapu Koko|U-turn|p2a: Clefable
|-resisted|p2a: Clefable
|-damage|p2a: Clefable|94/100
|n| IVodyne|iiiodyne
|
|t:|1666428206
|switch|p1a: Victini|Victini|100/100|[from]move: U-turn
|move|p2a: Clefable|Stealth Rock|p1a: Victini
|-sidestart|p1: Mel2345|move: Stealth Rock
|
|-heal|p2a: Clefable|99/100|[from] item: Leftovers
|upkeep
|turn|13
|
|t:|1666428211
|move|p1a: Victini|Bolt Strike|p2a: Clefable
|-damage|p2a: Clefable|55/100
|-status|p2a: Clefable|par
|cant|p2a: Clefable|par
|
|-heal|p2a: Clefable|61/100 par|[from] item: Leftovers
|upkeep
|turn|14
|n| Vodyne|ivodyne
|c|☆Mel2345|mb
|c|☆mimilimi|:(
|
|t:|1666428219
|switch|p2a: Hydreigon|Hydreigon, M|100/100
|-damage|p2a: Hydreigon|88/100|[from] Stealth Rock
|move|p1a: Victini|V-create|p2a: Hydreigon
|-resisted|p2a: Hydreigon
|-damage|p2a: Hydreigon|47/100
|-unboost|p1a: Victini|spe|1
|-unboost|p1a: Victini|def|1
|-unboost|p1a: Victini|spd|1
|
|-heal|p2a: Hydreigon|54/100|[from] item: Leftovers
|-fieldend|move: Electric Terrain
|upkeep
|turn|15
|
|t:|1666428223
|switch|p1a: Landorus|Landorus-Therian, M|11/100
|-damage|p1a: Landorus|0 fnt|[from] Stealth Rock
|faint|p1a: Landorus
|move|p2a: Hydreigon|U-turn|p1: Landorus|[notarget]
|-fail|p2a: Hydreigon
|
|-heal|p2a: Hydreigon|60/100|[from] item: Leftovers
|upkeep
|
|t:|1666428228
|switch|p1a: Tapu Koko|Tapu Koko|75/100
|-fieldstart|move: Electric Terrain|[from] ability: Electric Surge|[of] p1a: Tapu Koko
|turn|16
|
|t:|1666428240
|move|p1a: Tapu Koko|Thunderbolt|p2a: Hydreigon
|-resisted|p2a: Hydreigon
|-damage|p2a: Hydreigon|39/100
|move|p2a: Hydreigon|U-turn|p1a: Tapu Koko
|-resisted|p1a: Tapu Koko
|-damage|p1a: Tapu Koko|64/100
|c| sendpais|lol
|
|t:|1666428261
|switch|p2a: Slowking|Slowking-Galar, F|61/100|[from]move: U-turn
|-damage|p2a: Slowking|48/100|[from] Stealth Rock
|
|upkeep
|turn|17
|n| IIodyne|vodyne
|
|t:|1666428266
|move|p1a: Tapu Koko|U-turn|p2a: Slowking
|-damage|p2a: Slowking|37/100
|
|t:|1666428270
|switch|p1a: Weavile|Weavile, F|100/100|[from]move: U-turn
|-ability|p1a: Weavile|Pressure
|move|p2a: Slowking|Slack Off|p2a: Slowking
|-heal|p2a: Slowking|87/100
|
|upkeep
|turn|18
|
|t:|1666428275
|switch|p2a: Hydreigon|Hydreigon, M|39/100
|-damage|p2a: Hydreigon|26/100|[from] Stealth Rock
|move|p1a: Weavile|Knock Off|p2a: Hydreigon
|-resisted|p2a: Hydreigon
|-damage|p2a: Hydreigon|3/100
|-enditem|p2a: Hydreigon|Leftovers|[from] move: Knock Off|[of] p1a: Weavile
|
|upkeep
|turn|19
|
|t:|1666428279
|move|p1a: Weavile|Ice Shard|p2a: Hydreigon
|-supereffective|p2a: Hydreigon
|-damage|p2a: Hydreigon|0 fnt
|faint|p2a: Hydreigon
|
|upkeep
|
|t:|1666428280
|switch|p2a: Buzzwole|Buzzwole|84/100
|-damage|p2a: Buzzwole|72/100|[from] Stealth Rock
|turn|20
|
|t:|1666428286
|switch|p2a: Zapdos|Zapdos|6/100
|switch|p1a: Corviknight|Corviknight, M|88/100
|-damage|p1a: Corviknight|76/100|[from] Stealth Rock
|-ability|p1a: Corviknight|Pressure
|
|-fieldend|move: Electric Terrain
|upkeep
|turn|21
|
|t:|1666428293
|move|p2a: Zapdos|Roost|p2a: Zapdos
|-heal|p2a: Zapdos|56/100
|-singleturn|p2a: Zapdos|move: Roost
|move|p1a: Corviknight|Roost|p1a: Corviknight
|-heal|p1a: Corviknight|100/100
|-singleturn|p1a: Corviknight|move: Roost
|
|upkeep
|turn|22
|
|t:|1666428301
|switch|p1a: Tapu Koko|Tapu Koko|64/100
|-fieldstart|move: Electric Terrain|[from] ability: Electric Surge|[of] p1a: Tapu Koko
|move|p2a: Zapdos|Roost|p2a: Zapdos
|-heal|p2a: Zapdos|100/100
|-singleturn|p2a: Zapdos|move: Roost
|
|upkeep
|turn|23
|
|t:|1666428306
|switch|p2a: Slowking|Slowking-Galar, F|100/100
|-damage|p2a: Slowking|88/100|[from] Stealth Rock
|move|p1a: Tapu Koko|Roost|p1a: Tapu Koko
|-heal|p1a: Tapu Koko|100/100
|-singleturn|p1a: Tapu Koko|move: Roost
|
|upkeep
|turn|24
|
|t:|1666428311
|move|p1a: Tapu Koko|U-turn|p2a: Slowking
|-damage|p2a: Slowking|75/100
|
|t:|1666428314
|switch|p1a: Weavile|Weavile, F|100/100|[from]move: U-turn
|-ability|p1a: Weavile|Pressure
|move|p2a: Slowking|Scald|p1a: Weavile
|-damage|p1a: Weavile|72/100
|
|upkeep
|turn|25
|
|t:|1666428320
|switch|p2a: Clefable|Clefable, M|61/100 par
|move|p1a: Weavile|Knock Off|p2a: Clefable
|-resisted|p2a: Clefable
|-crit|p2a: Clefable
|-damage|p2a: Clefable|27/100 par
|-enditem|p2a: Clefable|Leftovers|[from] move: Knock Off|[of] p1a: Weavile
|
|upkeep
|turn|26
|
|t:|1666428325
|move|p1a: Weavile|Triple Axel|p2a: Clefable|[miss]
|-miss|p1a: Weavile|p2a: Clefable
|cant|p2a: Clefable|par
|
|-fieldend|move: Electric Terrain
|upkeep
|turn|27
|j| Kinak
|
|t:|1666428331
|move|p1a: Weavile|Triple Axel|p2a: Clefable
|-damage|p2a: Clefable|18/100 par
|-damage|p2a: Clefable|1/100 par
|-damage|p2a: Clefable|0 fnt
|faint|p2a: Clefable
|-hitcount|p2: Clefable|3
|
|upkeep
|c|☆mimilimi|Lol
|
|t:|1666428336
|switch|p2a: Buzzwole|Buzzwole|72/100
|-damage|p2a: Buzzwole|59/100|[from] Stealth Rock
|turn|28
|
|t:|1666428339
|switch|p1a: Corviknight|Corviknight, M|100/100
|-damage|p1a: Corviknight|88/100|[from] Stealth Rock
|-ability|p1a: Corviknight|Pressure
|move|p2a: Buzzwole|Close Combat|p1a: Corviknight
|-damage|p1a: Corviknight|47/100
|-unboost|p2a: Buzzwole|def|1
|-unboost|p2a: Buzzwole|spd|1
|-damage|p2a: Buzzwole|43/100|[from] item: Rocky Helmet|[of] p1a: Corviknight
|
|upkeep
|turn|29
|
|t:|1666428349
|switch|p2a: Heatran|Heatran, M|77/100
|-damage|p2a: Heatran|65/100|[from] Stealth Rock
|move|p1a: Corviknight|Roost|p1a: Corviknight
|-heal|p1a: Corviknight|97/100
|-singleturn|p1a: Corviknight|move: Roost
|
|-heal|p2a: Heatran|71/100|[from] item: Leftovers
|upkeep
|turn|30
|
|t:|1666428352
|switch|p1a: Tapu Fini|Tapu Fini|100/100
|-damage|p1a: Tapu Fini|88/100|[from] Stealth Rock
|-fieldstart|move: Misty Terrain|[from] ability: Misty Surge|[of] p1a: Tapu Fini
|move|p2a: Heatran|Magma Storm|p1a: Tapu Fini
|-resisted|p1a: Tapu Fini
|-damage|p1a: Tapu Fini|74/100
|-activate|p1a: Tapu Fini|move: Magma Storm|[of] p2a: Heatran
|
|-heal|p1a: Tapu Fini|80/100|[from] item: Leftovers
|-heal|p2a: Heatran|77/100|[from] item: Leftovers
|-damage|p1a: Tapu Fini|68/100|[from] move: Magma Storm|[partiallytrapped]
|upkeep
|turn|31
|
|t:|1666428358
|move|p1a: Tapu Fini|Whirlpool|p2a: Heatran|[miss]
|-miss|p1a: Tapu Fini|p2a: Heatran
|move|p2a: Heatran|Earth Power|p1a: Tapu Fini
|-damage|p1a: Tapu Fini|50/100
|
|-heal|p1a: Tapu Fini|56/100|[from] item: Leftovers
|-heal|p2a: Heatran|83/100|[from] item: Leftovers
|-damage|p1a: Tapu Fini|43/100|[from] move: Magma Storm|[partiallytrapped]
|upkeep
|turn|32
|
|t:|1666428360
|move|p1a: Tapu Fini|Whirlpool|p2a: Heatran
|-supereffective|p2a: Heatran
|-damage|p2a: Heatran|68/100
|-activate|p2a: Heatran|move: Whirlpool|[of] p1a: Tapu Fini
|move|p2a: Heatran|Earth Power|p1a: Tapu Fini
|-damage|p1a: Tapu Fini|23/100
|
|-heal|p1a: Tapu Fini|30/100|[from] item: Leftovers
|-heal|p2a: Heatran|74/100|[from] item: Leftovers
|-damage|p1a: Tapu Fini|17/100|[from] move: Magma Storm|[partiallytrapped]
|-damage|p2a: Heatran|62/100|[from] move: Whirlpool|[partiallytrapped]
|upkeep
|turn|33
|
|t:|1666428366
|move|p1a: Tapu Fini|Nature's Madness|p2a: Heatran
|-damage|p2a: Heatran|31/100
|move|p2a: Heatran|Earth Power|p1a: Tapu Fini
|-damage|p1a: Tapu Fini|0 fnt
|faint|p1a: Tapu Fini
|
|-heal|p2a: Heatran|37/100|[from] item: Leftovers
|-end|p2a: Heatran|Whirlpool|[partiallytrapped]|[silent]
|upkeep
|
|t:|1666428375
|switch|p1a: Tapu Koko|Tapu Koko|100/100
|-fieldstart|move: Electric Terrain|[from] ability: Electric Surge|[of] p1a: Tapu Koko
|turn|34
|
|t:|1666428380
|move|p1a: Tapu Koko|Thunderbolt|p2a: Heatran
|-damage|p2a: Heatran|5/100
|move|p2a: Heatran|Magma Storm|p1a: Tapu Koko|[miss]
|-miss|p2a: Heatran|p1a: Tapu Koko
|
|-heal|p2a: Heatran|11/100|[from] item: Leftovers
|upkeep
|turn|35
|
|t:|1666428383
|move|p1a: Tapu Koko|Thunderbolt|p2a: Heatran
|-damage|p2a: Heatran|0 fnt
|faint|p2a: Heatran
|
|upkeep
|
|t:|1666428407
|switch|p2a: Slowking|Slowking-Galar, F|100/100
|-damage|p2a: Slowking|88/100|[from] Stealth Rock
|turn|36
|
|t:|1666428413
|move|p1a: Tapu Koko|Thunderbolt|p2a: Slowking
|-damage|p2a: Slowking|47/100
|move|p2a: Slowking|Scald|p1a: Tapu Koko
|-damage|p1a: Tapu Koko|72/100
|
|upkeep
|turn|37
|
|t:|1666428423
|move|p1a: Tapu Koko|U-turn|p2a: Slowking
|-damage|p2a: Slowking|33/100
|
|t:|1666428426
|switch|p1a: Victini|Victini|100/100|[from]move: U-turn
|move|p2a: Slowking|Scald|p1a: Victini
|-supereffective|p1a: Victini
|-crit|p1a: Victini
|-damage|p1a: Victini|41/100
|
|upkeep
|turn|38
|
|t:|1666428430
|switch|p2a: Zapdos|Zapdos|100/100
|move|p1a: Victini|V-create|p2a: Zapdos
|-damage|p2a: Zapdos|0 fnt
|-unboost|p1a: Victini|spe|1
|-unboost|p1a: Victini|def|1
|-unboost|p1a: Victini|spd|1
|faint|p2a: Zapdos
|
|-fieldend|move: Electric Terrain
|upkeep
|
|t:|1666428434
|switch|p2a: Buzzwole|Buzzwole|43/100
|-damage|p2a: Buzzwole|30/100|[from] Stealth Rock
|turn|39
|c|☆mimilimi|Gg
|
|t:|1666428445
|switch|p1a: Corviknight|Corviknight, M|97/100
|-damage|p1a: Corviknight|85/100|[from] Stealth Rock
|-ability|p1a: Corviknight|Pressure
|move|p2a: Buzzwole|Close Combat|p1a: Corviknight
|-damage|p1a: Corviknight|46/100
|-unboost|p2a: Buzzwole|def|1
|-unboost|p2a: Buzzwole|spd|1
|-damage|p2a: Buzzwole|14/100|[from] item: Rocky Helmet|[of] p1a: Corviknight
|
|upkeep
|turn|40
|c|☆Mel2345|gg
|
|t:|1666428453
|move|p2a: Buzzwole|Close Combat|p1a: Corviknight
|-damage|p1a: Corviknight|4/100
|-unboost|p2a: Buzzwole|def|1
|-unboost|p2a: Buzzwole|spd|1
|-damage|p2a: Buzzwole|0 fnt|[from] item: Rocky Helmet|[of] p1a: Corviknight
|faint|p2a: Buzzwole
|move|p1a: Corviknight|U-turn|p2: Buzzwole|[notarget]
|-fail|p1a: Corviknight
|
|upkeep
|c|☆mimilimi|Horrible Rocky helmet
|
|t:|1666428462
|switch|p2a: Slowking|Slowking-Galar, F|67/100
|-damage|p2a: Slowking|54/100|[from] Stealth Rock
|turn|41
|
|t:|1666428465
|move|p1a: Corviknight|U-turn|p2a: Slowking
|-damage|p2a: Slowking|43/100
|
|t:|1666428467
|switch|p1a: Victini|Victini|41/100|[from]move: U-turn
|move|p2a: Slowking|Slack Off|p2a: Slowking
|-heal|p2a: Slowking|93/100
|
|upkeep
|turn|42
|
|t:|1666428473
|move|p1a: Victini|V-create|p2a: Slowking
|-damage|p2a: Slowking|31/100
|-unboost|p1a: Victini|spe|1
|-unboost|p1a: Victini|def|1
|-unboost|p1a: Victini|spd|1
|move|p2a: Slowking|Slack Off|p2a: Slowking
|-heal|p2a: Slowking|81/100
|
|upkeep
|turn|43
|
|t:|1666428476
|move|p1a: Victini|V-create|p2a: Slowking
|-damage|p2a: Slowking|21/100
|-unboost|p1a: Victini|spe|1
|-unboost|p1a: Victini|def|1
|-unboost|p1a: Victini|spd|1
|move|p2a: Slowking|Slack Off|p2a: Slowking
|-heal|p2a: Slowking|71/100
|
|upkeep
|turn|44
|
|t:|1666428483
|move|p1a: Victini|V-create|p2a: Slowking
|-damage|p2a: Slowking|15/100
|-unboost|p1a: Victini|spe|1
|-unboost|p1a: Victini|def|1
|-unboost|p1a: Victini|spd|1
|move|p2a: Slowking|Slack Off|p2a: Slowking
|-heal|p2a: Slowking|65/100
|
|upkeep
|turn|45
|
|t:|1666428491
|move|p1a: Victini|V-create|p2a: Slowking
|-damage|p2a: Slowking|4/100
|-unboost|p1a: Victini|spe|1
|-unboost|p1a: Victini|def|1
|-unboost|p1a: Victini|spd|1
|move|p2a: Slowking|Slack Off|p2a: Slowking
|-heal|p2a: Slowking|54/100
|
|upkeep
|turn|46
|
|t:|1666428496
|move|p1a: Victini|V-create|p2a: Slowking
|-damage|p2a: Slowking|0 fnt
|-unboost|p1a: Victini|spe|1
|-unboost|p1a: Victini|def|1
|-unboost|p1a: Victini|spd|1
|faint|p2a: Slowking
|
|win|Mel2345
|n|☆Mel2345|mel2345
|n|☆mimilimi|mimilimi
|n|+moondazing|moondazing
|n| sendpais|sendpais
|n| outdsmoolicalt|outdsmoolicalt
|n| IIodyne|iiodyne
|n| Kinak|kinak
