|raw|<div class="broadcast-blue"><strong>This battle is required to be public due to a player having a name starting with 'lt92pf'.</div>
|j|☆cute pink team
|j|☆LT92PF Eeveectory
|t:|1659967229
|gametype|singles
|player|p1|cute pink team|misty-gen1|1786
|player|p2|LT92PF Eeveectory|acetrainersnow|1882
|teamsize|p1|6
|teamsize|p2|6
|gen|8
|tier|[Gen 8] OU
|rated|
|rule|Sleep Clause Mod: Limit one foe put to sleep
|rule|Species Clause: Limit one of each Pokémon
|rule|OHKO Clause: OHKO moves are banned
|rule|Evasion Items Clause: Evasion items are banned
|rule|Evasion Moves Clause: Evasion moves are banned
|rule|Endless Battle Clause: Forcing endless battles is banned
|rule|HP Percentage Mod: HP is shown in percentages
|rule|Dynamax Clause: You cannot dynamax
|clearpoke
|poke|p1|Tyranitar, M|
|poke|p1|Corviknight, F|
|poke|p1|Volcanion|
|poke|p1|Zapdos|
|poke|p1|Blacephalon|
|poke|p1|Quagsire, M|
|poke|p2|Kingdra, F|
|poke|p2|Barraskewda, F|
|poke|p2|Pelipper, M|
|poke|p2|Ferrothorn, F|
|poke|p2|Landorus-Therian, M|
|poke|p2|Zapdos|
|teampreview
|c|☆LT92PF Eeveectory|that team is neither cute, nor pink
|
|t:|1659967249
|start
|switch|p1a: Zapdos|Zapdos|100/100
|switch|p2a: Zapdosorio|Zapdos|100/100
|turn|1
|
|t:|1659967252
|move|p2a: Zapdosorio|Volt Switch|p1a: Zapdos
|-damage|p1a: Zapdos|57/100
|
|t:|1659967255
|switch|p2a: Landlord|Landorus-Therian, M|100/100|[from]move: Volt Switch
|-ability|p2a: Landlord|Intimidate|boost
|-unboost|p1a: Zapdos|atk|1
|move|p1a: Zapdos|Volt Switch|p2a: Landlord
|-immune|p2a: Landlord
|
|upkeep
|turn|2
|j| 0SiegeWarfare
|
|t:|1659967258
|switch|p1a: Corviknight|Corviknight, F|100/100
|-ability|p1a: Corviknight|Pressure
|move|p2a: Landlord|Stealth Rock|p1a: Corviknight
|-sidestart|p1: cute pink team|move: Stealth Rock
|
|upkeep
|turn|3
|
|t:|1659967261
|move|p2a: Landlord|U-turn|p1a: Corviknight
|-resisted|p1a: Corviknight
|-damage|p1a: Corviknight|96/100
|
|t:|1659967264
|switch|p2a: Stormfather|Pelipper, M|100/100|[from]move: U-turn
|-weather|RainDance|[from] ability: Drizzle|[of] p2a: Stormfather
|move|p1a: Corviknight|Defog|p2a: Stormfather
|-unboost|p2a: Stormfather|evasion|1
|-sideend|p1: cute pink team|Stealth Rock|[from] move: Defog|[of] p1a: Corviknight
|
|-weather|RainDance|[upkeep]
|-heal|p1a: Corviknight|100/100|[from] item: Leftovers
|upkeep
|turn|4
|
|t:|1659967267
|move|p1a: Corviknight|Brave Bird|p2a: Stormfather
|-damage|p2a: Stormfather|74/100
|-damage|p1a: Corviknight|93/100|[from] Recoil
|move|p2a: Stormfather|U-turn|p1a: Corviknight
|-resisted|p1a: Corviknight
|-damage|p1a: Corviknight|92/100
|
|t:|1659967271
|switch|p2a: Horsi|Kingdra, F|100/100|[from]move: U-turn
|
|-weather|RainDance|[upkeep]
|-heal|p1a: Corviknight|98/100|[from] item: Leftovers
|upkeep
|turn|5
|
|t:|1659967275
|move|p2a: Horsi|Focus Energy|p2a: Horsi
|-start|p2a: Horsi|move: Focus Energy
|move|p1a: Corviknight|U-turn|p2a: Horsi
|-damage|p2a: Horsi|82/100
|
|t:|1659967279
|switch|p1a: Tyranitar|Tyranitar, M|100/100|[from]move: U-turn
|-weather|Sandstorm|[from] ability: Sand Stream|[of] p1a: Tyranitar
|
|-weather|Sandstorm|[upkeep]
|-damage|p2a: Horsi|76/100|[from] Sandstorm
|upkeep
|turn|6
|
|t:|1659967284
|switch|p1a: Volcanion|Volcanion|100/100
|move|p2a: Horsi|Surf|p1a: Volcanion
|-immune|p1a: Volcanion|[from] ability: Water Absorb
|
|-weather|Sandstorm|[upkeep]
|-damage|p2a: Horsi|70/100|[from] Sandstorm
|-damage|p1a: Volcanion|95/100|[from] Sandstorm
|upkeep
|turn|7
|inactive|Battle timer is ON: inactive players will automatically lose when time's up. (requested by LT92PF Eeveectory)
|
|t:|1659967291
|switch|p1a: Corviknight|Corviknight, F|98/100
|-ability|p1a: Corviknight|Pressure
|move|p2a: Horsi|Draco Meteor|p1a: Corviknight
|-resisted|p1a: Corviknight
|-crit|p1a: Corviknight
|-damage|p1a: Corviknight|49/100
|-unboost|p2a: Horsi|spa|2
|
|-weather|Sandstorm|[upkeep]
|-damage|p2a: Horsi|64/100|[from] Sandstorm
|-heal|p1a: Corviknight|56/100|[from] item: Leftovers
|upkeep
|turn|8
|
|t:|1659967298
|move|p2a: Horsi|Surf|p1a: Corviknight
|-crit|p1a: Corviknight
|-damage|p1a: Corviknight|0 fnt
|faint|p1a: Corviknight
|
|-weather|Sandstorm|[upkeep]
|-damage|p2a: Horsi|58/100|[from] Sandstorm
|upkeep
|
|t:|1659967300
|switch|p1a: Zapdos|Zapdos|57/100
|turn|9
|
|t:|1659967304
|switch|p2a: Landlord|Landorus-Therian, M|100/100
|-ability|p2a: Landlord|Intimidate|boost
|-unboost|p1a: Zapdos|atk|1
|move|p1a: Zapdos|Hurricane|p2a: Landlord
|-damage|p2a: Landlord|33/100
|
|-weather|none
|upkeep
|turn|10
|j| tytyui↻
|
|t:|1659967309
|switch|p1a: Blacephalon|Blacephalon|100/100
|switch|p2a: Zapdosorio|Zapdos|100/100
|
|upkeep
|turn|11
|
|t:|1659967315
|move|p1a: Blacephalon|Mind Blown|p2a: Zapdosorio
|-damage|p2a: Zapdosorio|0 fnt
|-damage|p1a: Blacephalon|50/100|[from] mindblown
|faint|p2a: Zapdosorio
|-ability|p1a: Blacephalon|Beast Boost|boost
|-boost|p1a: Blacephalon|spa|1
|
|upkeep
|
|t:|1659967318
|switch|p2a: Stormfather|Pelipper, M|74/100
|-weather|RainDance|[from] ability: Drizzle|[of] p2a: Stormfather
|turn|12
|
|t:|1659967321
|switch|p1a: Tyranitar|Tyranitar, M|100/100
|-weather|Sandstorm|[from] ability: Sand Stream|[of] p1a: Tyranitar
|move|p2a: Stormfather|U-turn|p1a: Tyranitar
|-supereffective|p1a: Tyranitar
|-damage|p1a: Tyranitar|83/100
|
|t:|1659967325
|switch|p2a: Landlord|Landorus-Therian, M|33/100|[from]move: U-turn
|-ability|p2a: Landlord|Intimidate|boost
|-unboost|p1a: Tyranitar|atk|1
|
|-weather|Sandstorm|[upkeep]
|upkeep
|turn|13
|
|t:|1659967328
|move|p1a: Tyranitar|Ice Punch|p2a: Landlord
|-supereffective|p2a: Landlord
|-damage|p2a: Landlord|0 fnt
|faint|p2a: Landlord
|
|-weather|Sandstorm|[upkeep]
|upkeep
|
|t:|1659967334
|switch|p2a: Horsi|Kingdra, F|58/100
|turn|14
|
|t:|1659967340
|switch|p1a: Quagsire|Quagsire, M|100/100
|move|p2a: Horsi|Draco Meteor|p1a: Quagsire
|-damage|p1a: Quagsire|27/100
|-unboost|p2a: Horsi|spa|2
|
|-weather|Sandstorm|[upkeep]
|-damage|p2a: Horsi|51/100|[from] Sandstorm
|-heal|p1a: Quagsire|33/100|[from] item: Leftovers
|upkeep
|turn|15
|j| lt92pf fenomeno
|
|t:|1659967348
|switch|p1a: Volcanion|Volcanion|95/100
|move|p2a: Horsi|Surf|p1a: Volcanion
|-heal|p1a: Volcanion|100/100|[from] ability: Water Absorb|[of] p2a: Horsi
|
|-weather|Sandstorm|[upkeep]
|-damage|p2a: Horsi|45/100|[from] Sandstorm
|-damage|p1a: Volcanion|95/100|[from] Sandstorm
|upkeep
|turn|16
|
|t:|1659967358
|move|p2a: Horsi|Draco Meteor|p1a: Volcanion
|-damage|p1a: Volcanion|57/100
|-unboost|p2a: Horsi|spa|2
|move|p1a: Volcanion|Sludge Wave|p2a: Horsi
|-damage|p2a: Horsi|0 fnt
|faint|p2a: Horsi
|
|-weather|none
|upkeep
|
|t:|1659967363
|switch|p2a: Stormfather|Pelipper, M|74/100
|-weather|RainDance|[from] ability: Drizzle|[of] p2a: Stormfather
|turn|17
|
|t:|1659967365
|switch|p2a: Irene Noren|Ferrothorn, F|100/100
|move|p1a: Volcanion|Sludge Wave|p2a: Irene Noren
|-immune|p2a: Irene Noren
|
|-weather|RainDance|[upkeep]
|upkeep
|turn|18
|
|t:|1659967368
|switch|p1a: Zapdos|Zapdos|57/100
|switch|p2a: Bad Fish|Barraskewda, F|100/100
|
|-weather|RainDance|[upkeep]
|upkeep
|turn|19
|
|t:|1659967372
|switch|p1a: Blacephalon|Blacephalon|50/100
|move|p2a: Bad Fish|Liquidation|p1a: Blacephalon
|-supereffective|p1a: Blacephalon
|-damage|p1a: Blacephalon|0 fnt
|faint|p1a: Blacephalon
|
|-weather|RainDance|[upkeep]
|upkeep
|
|t:|1659967373
|switch|p1a: Volcanion|Volcanion|57/100
|turn|20
|
|t:|1659967375
|switch|p2a: Irene Noren|Ferrothorn, F|100/100
|move|p1a: Volcanion|Steam Eruption|p2a: Irene Noren
|-resisted|p2a: Irene Noren
|-damage|p2a: Irene Noren|58/100
|-status|p2a: Irene Noren|brn
|
|-weather|RainDance|[upkeep]
|-heal|p2a: Irene Noren|64/100 brn|[from] item: Leftovers
|-damage|p2a: Irene Noren|58/100 brn|[from] brn
|upkeep
|turn|21
|l| tytyui↻
|
|t:|1659967379
|move|p1a: Volcanion|Steam Eruption|p2a: Irene Noren
|-resisted|p2a: Irene Noren
|-damage|p2a: Irene Noren|12/100 brn
|move|p2a: Irene Noren|Thunder Wave|p1a: Volcanion|[miss]
|-miss|p2a: Irene Noren|p1a: Volcanion
|
|-weather|RainDance|[upkeep]
|-heal|p2a: Irene Noren|18/100 brn|[from] item: Leftovers
|-damage|p2a: Irene Noren|12/100 brn|[from] brn
|upkeep
|turn|22
|
|t:|1659967382
|move|p1a: Volcanion|Steam Eruption|p2a: Irene Noren
|-resisted|p2a: Irene Noren
|-damage|p2a: Irene Noren|0 fnt
|faint|p2a: Irene Noren
|
|-weather|RainDance|[upkeep]
|upkeep
|
|t:|1659967385
|switch|p2a: Bad Fish|Barraskewda, F|100/100
|turn|23
|
|t:|1659967387
|switch|p1a: Quagsire|Quagsire, M|33/100
|move|p2a: Bad Fish|Close Combat|p1a: Quagsire
|-damage|p1a: Quagsire|0 fnt
|-unboost|p2a: Bad Fish|def|1
|-unboost|p2a: Bad Fish|spd|1
|faint|p1a: Quagsire
|
|-weather|RainDance|[upkeep]
|upkeep
|
|t:|1659967390
|switch|p1a: Zapdos|Zapdos|57/100
|turn|24
|
|t:|1659967392
|switch|p2a: Stormfather|Pelipper, M|74/100
|move|p1a: Zapdos|Volt Switch|p2a: Stormfather
|-supereffective|p2a: Stormfather
|-damage|p2a: Stormfather|0 fnt
|faint|p2a: Stormfather
|
|t:|1659967395
|switch|p1a: Tyranitar|Tyranitar, M|83/100|[from]move: Volt Switch
|-weather|Sandstorm|[from] ability: Sand Stream|[of] p1a: Tyranitar
|
|-weather|Sandstorm|[upkeep]
|upkeep
|
|t:|1659967397
|switch|p2a: Bad Fish|Barraskewda, F|100/100
|turn|25
|
|t:|1659967399
|move|p2a: Bad Fish|Close Combat|p1a: Tyranitar
|-supereffective|p1a: Tyranitar
|-damage|p1a: Tyranitar|0 fnt
|-unboost|p2a: Bad Fish|def|1
|-unboost|p2a: Bad Fish|spd|1
|faint|p1a: Tyranitar
|
|-weather|Sandstorm|[upkeep]
|-damage|p2a: Bad Fish|94/100|[from] Sandstorm
|upkeep
|
|t:|1659967402
|switch|p1a: Zapdos|Zapdos|57/100
|turn|26
|
|t:|1659967403
|move|p2a: Bad Fish|Close Combat|p1a: Zapdos
|-resisted|p1a: Zapdos
|-damage|p1a: Zapdos|20/100
|-unboost|p2a: Bad Fish|def|1
|-unboost|p2a: Bad Fish|spd|1
|move|p1a: Zapdos|Volt Switch|p2a: Bad Fish
|-supereffective|p2a: Bad Fish
|-damage|p2a: Bad Fish|0 fnt
|faint|p2a: Bad Fish
|
|win|cute pink team
|raw|cute pink team's rating: 1786 &rarr; <strong>1811</strong><br />(+25 for winning)
|raw|LT92PF Eeveectory's rating: 1882 &rarr; <strong>1857</strong><br />(-25 for losing)
|l|☆LT92PF Eeveectory
|c|☆cute pink team|gg
|l|☆cute pink team
|j| Harrocross
|l| Harrocross
||Ladder isn't responding, score probably updated but might not have (Request timeout).
|j| LT92PF croo
|j| altcuzimyui
|j| arnavgupta
|l| 0SiegeWarfare
|j| LT92PF bigstomp
|j| SOSSWORLD
|l| SOSSWORLD
|l| LT92PF croo
|l| arnavgupta
