|j|☆Sombra Diurna
|j|☆End Of Timess
|t:|1624302233
|gametype|singles
|player|p1|Sombra Diurna|blue|1839
|player|p2|End Of Timess|unknown|1750
|teamsize|p1|6
|teamsize|p2|6
|gen|8
|tier|[Gen 8] OU
|rated|
|rule|Sleep Clause Mod: Limit one foe put to sleep
|rule|Species Clause: Limit one of each Pokémon
|rule|OHKO Clause: OHKO moves are banned
|rule|Evasion Moves Clause: Evasion moves are banned
|rule|Endless Battle Clause: Forcing endless battles is banned
|rule|HP Percentage Mod: HP is shown in percentages
|rule|Dynamax Clause: You cannot dynamax
|clearpoke
|poke|p1|Slowbro, F|
|poke|p1|Hatterene, F|
|poke|p1|Marowak-Alola, M|
|poke|p1|Ferrothorn, M|
|poke|p1|Garchomp, F|
|poke|p1|Drampa, F|
|poke|p2|Slowbro, F|
|poke|p2|Slowking-Galar, F|
|poke|p2|Corviknight, F|
|poke|p2|Zapdos|
|poke|p2|Tyranitar, F|
|poke|p2|Mamoswine, F|
|teampreview
|j| zCompuLsive
|
|t:|1624302255
|start
|switch|p1a: Sonso|Slowbro, F|100/100
|switch|p2a: Slowking|Slowking-Galar, F|100/100
|turn|1
|
|t:|1624302262
|move|p2a: Slowking|Nasty Plot|p2a: Slowking
|-boost|p2a: Slowking|spa|2
|move|p1a: Sonso|Trick Room|p1a: Sonso
|-fieldstart|move: Trick Room|[of] p1a: Sonso
|
|upkeep
|turn|2
|
|t:|1624302267
|switch|p1a: Thorns|Ferrothorn, M|100/100
|move|p2a: Slowking|Sludge Bomb|p1a: Thorns
|-immune|p1a: Thorns
|
|upkeep
|turn|3
|
|t:|1624302273
|switch|p1a: Billy B.|Marowak-Alola, M|100/100
|move|p2a: Slowking|Flamethrower|p1a: Billy B.
|-resisted|p1a: Billy B.
|-damage|p1a: Billy B.|60/100
|
|upkeep
|turn|4
|
|t:|1624302280
|switch|p2a: Tyranitar|Tyranitar, F|100/100
|-weather|Sandstorm|[from] ability: Sand Stream|[of] p2a: Tyranitar
|move|p1a: Billy B.|Flare Blitz|p2a: Tyranitar
|-resisted|p2a: Tyranitar
|-damage|p2a: Tyranitar|61/100
|
|-weather|Sandstorm|[upkeep]
|-damage|p1a: Billy B.|54/100|[from] Sandstorm
|upkeep
|turn|5
|
|t:|1624302289
|switch|p1a: Thorns|Ferrothorn, M|100/100
|move|p2a: Tyranitar|Earthquake|p1a: Thorns
|-damage|p1a: Thorns|79/100
|
|-weather|Sandstorm|[upkeep]
|-heal|p1a: Thorns|85/100|[from] item: Leftovers
|-fieldend|move: Trick Room
|upkeep
|turn|6
|j| jamel 1
|
|t:|1624302298
|switch|p2a: Slowking|Slowking-Galar, F|100/100
|move|p1a: Thorns|Stealth Rock|p2a: Slowking
|-sidestart|p2: End Of Timess|move: Stealth Rock
|
|-weather|Sandstorm|[upkeep]
|-damage|p2a: Slowking|94/100|[from] Sandstorm
|-heal|p2a: Slowking|100/100|[from] item: Leftovers
|-heal|p1a: Thorns|91/100|[from] item: Leftovers
|upkeep
|turn|7
|
|t:|1624302307
|move|p2a: Slowking|Sludge Bomb|p1a: Thorns
|-immune|p1a: Thorns
|move|p1a: Thorns|Leech Seed|p2a: Slowking
|-start|p2a: Slowking|move: Leech Seed
|
|-weather|Sandstorm|[upkeep]
|-damage|p2a: Slowking|94/100|[from] Sandstorm
|-heal|p2a: Slowking|100/100|[from] item: Leftovers
|-heal|p1a: Thorns|97/100|[from] item: Leftovers
|-damage|p2a: Slowking|88/100|[from] Leech Seed|[of] p1a: Thorns
|-heal|p1a: Thorns|100/100|[silent]
|upkeep
|turn|8
|
|t:|1624302317
|move|p2a: Slowking|Flamethrower|p1a: Thorns
|-supereffective|p1a: Thorns
|-damage|p1a: Thorns|27/100
|move|p1a: Thorns|Leech Seed||[still]
|-fail|p1a: Thorns
|
|-weather|none
|-heal|p2a: Slowking|94/100|[from] item: Leftovers
|-heal|p1a: Thorns|33/100|[from] item: Leftovers
|-damage|p2a: Slowking|82/100|[from] Leech Seed|[of] p1a: Thorns
|-heal|p1a: Thorns|46/100|[silent]
|upkeep
|turn|9
|
|t:|1624302327
|switch|p2a: Corviknight|Corviknight, F|100/100
|-damage|p2a: Corviknight|88/100|[from] Stealth Rock
|switch|p1a: Sharpo|Garchomp, F|100/100
|
|-heal|p2a: Corviknight|94/100|[from] item: Leftovers
|upkeep
|turn|10
|
|t:|1624302335
|move|p1a: Sharpo|Swords Dance|p1a: Sharpo
|-boost|p1a: Sharpo|atk|2
|move|p2a: Corviknight|Defog|p1a: Sharpo
|-unboost|p1a: Sharpo|evasion|1
|-sideend|p2: End Of Timess|Stealth Rock|[from] move: Defog|[of] p2a: Corviknight
|
|-heal|p2a: Corviknight|100/100|[from] item: Leftovers
|upkeep
|turn|11
|
|t:|1624302342
|move|p1a: Sharpo|Stone Edge|p2a: Corviknight
|-damage|p2a: Corviknight|45/100
|move|p2a: Corviknight|U-turn|p1a: Sharpo
|-damage|p1a: Sharpo|86/100
|-damage|p2a: Corviknight|33/100|[from] ability: Rough Skin|[of] p1a: Sharpo
|
|t:|1624302346
|switch|p2a: Mamoswine|Mamoswine, F|100/100|[from]move: U-turn
|
|-heal|p1a: Sharpo|92/100|[from] item: Leftovers
|upkeep
|turn|12
|
|t:|1624302352
|switch|p1a: Sonso|Slowbro, F|100/100
|move|p2a: Mamoswine|Icicle Crash|p1a: Sonso
|-resisted|p1a: Sonso
|-damage|p1a: Sonso|88/100
|
|upkeep
|turn|13
|
|t:|1624302358
|switch|p2a: Slowking|Slowking-Galar, F|100/100
|move|p1a: Sonso|Trick Room|p1a: Sonso
|-fieldstart|move: Trick Room|[of] p1a: Sonso
|
|upkeep
|turn|14
|
|t:|1624302363
|switch|p1a: Billy B.|Marowak-Alola, M|54/100
|move|p2a: Slowking|Sludge Bomb|p1a: Billy B.
|-resisted|p1a: Billy B.
|-damage|p1a: Billy B.|23/100
|-status|p1a: Billy B.|psn
|
|-damage|p1a: Billy B.|11/100 psn|[from] psn
|upkeep
|turn|15
|c|☆Sombra Diurna|nice
|
|t:|1624302374
|switch|p1a: Falko|Drampa, F|100/100
|switch|p2a: Tyranitar|Tyranitar, F|61/100
|-weather|Sandstorm|[from] ability: Sand Stream|[of] p2a: Tyranitar
|
|-weather|Sandstorm|[upkeep]
|-damage|p1a: Falko|94/100|[from] Sandstorm
|upkeep
|turn|16
|
|t:|1624302383
|move|p1a: Falko|Focus Blast|p2a: Tyranitar
|-supereffective|p2a: Tyranitar
|-damage|p2a: Tyranitar|0 fnt
|faint|p2a: Tyranitar
|-damage|p1a: Falko|85/100|[from] item: Life Orb
|
|-weather|Sandstorm|[upkeep]
|-damage|p1a: Falko|78/100|[from] Sandstorm
|upkeep
|
|t:|1624302387
|switch|p2a: Slowking|Slowking-Galar, F|100/100
|turn|17
|
|t:|1624302396
|move|p1a: Falko|Hyper Voice|p2a: Slowking
|-damage|p2a: Slowking|45/100
|-damage|p1a: Falko|69/100|[from] item: Life Orb
|move|p2a: Slowking|Sludge Bomb|p1a: Falko
|-damage|p1a: Falko|24/100
|-ability|p1a: Falko|Berserk|boost
|-boost|p1a: Falko|spa|1
|
|-weather|Sandstorm|[upkeep]
|-damage|p1a: Falko|17/100|[from] Sandstorm
|-damage|p2a: Slowking|39/100|[from] Sandstorm
|-heal|p2a: Slowking|45/100|[from] item: Leftovers
|-fieldend|move: Trick Room
|upkeep
|turn|18
|
|t:|1624302413
|switch|p2a: Zapdos|Zapdos|100/100
|switch|p1a: Thorns|Ferrothorn, M|46/100
|
|-weather|Sandstorm|[upkeep]
|-damage|p2a: Zapdos|94/100|[from] Sandstorm
|-heal|p1a: Thorns|52/100|[from] item: Leftovers
|upkeep
|turn|19
|
|t:|1624302423
|move|p2a: Zapdos|Heat Wave|p1a: Thorns
|-supereffective|p1a: Thorns
|-damage|p1a: Thorns|0 fnt
|faint|p1a: Thorns
|
|-weather|none
|upkeep
|
|t:|1624302428
|switch|p1a: Sharpo|Garchomp, F|92/100
|turn|20
|
|t:|1624302432
|switch|p2a: Mamoswine|Mamoswine, F|100/100
|move|p1a: Sharpo|Swords Dance|p1a: Sharpo
|-boost|p1a: Sharpo|atk|2
|
|-heal|p1a: Sharpo|98/100|[from] item: Leftovers
|upkeep
|turn|21
|
|t:|1624302440
|switch|p1a: Sonso|Slowbro, F|100/100
|move|p2a: Mamoswine|Icicle Crash|p1a: Sonso
|-resisted|p1a: Sonso
|-crit|p1a: Sonso
|-damage|p1a: Sonso|82/100
|
|upkeep
|turn|22
|j| Maximo2614
|
|t:|1624302453
|switch|p2a: Slowking|Slowking-Galar, F|79/100
|switch|p1a: Hatterene|Hatterene, F|100/100
|
|-heal|p2a: Slowking|85/100|[from] item: Leftovers
|upkeep
|turn|23
|
|t:|1624302459
|move|p2a: Slowking|Sludge Bomb|p1a: Hatterene
|-supereffective|p1a: Hatterene
|-damage|p1a: Hatterene|25/100
|-status|p1a: Hatterene|psn
|move|p1a: Hatterene|Trick Room|p1a: Hatterene
|-fieldstart|move: Trick Room|[of] p1a: Hatterene
|
|-heal|p2a: Slowking|91/100|[from] item: Leftovers
|-damage|p1a: Hatterene|13/100 psn|[from] psn
|upkeep
|turn|24
|j| DragonHunter994
|
|t:|1624302468
|switch|p2a: Slowbro|Slowbro, F|100/100
|move|p1a: Hatterene|Healing Wish|p1a: Hatterene
|faint|p1a: Hatterene
|
|upkeep
|
|t:|1624302472
|switch|p1a: Billy B.|Marowak-Alola, M|11/100 psn
|-heal|p1a: Billy B.|100/100|[from] move: Healing Wish
|turn|25
|j| Normal thu ii
|j| ILikeMudkips4
|
|t:|1624302492
|switch|p2a: Corviknight|Corviknight, F|33/100
|move|p1a: Billy B.|Poltergeist|p2a: Corviknight
|-activate|p2a: Corviknight|move: Poltergeist|Leftovers
|-damage|p2a: Corviknight|0 fnt
|faint|p2a: Corviknight
|
|upkeep
|
|t:|1624302495
|switch|p2a: Zapdos|Zapdos|94/100
|turn|26
|
|t:|1624302513
|move|p1a: Billy B.|Flare Blitz|p2a: Zapdos
|-damage|p2a: Zapdos|21/100
|-status|p1a: Billy B.|par|[from] ability: Static|[of] p2a: Zapdos
|move|p2a: Zapdos|Roost|p2a: Zapdos
|-heal|p2a: Zapdos|71/100
|-singleturn|p2a: Zapdos|move: Roost
|
|upkeep
|turn|27
|
|t:|1624302526
|move|p1a: Billy B.|Poltergeist|p2a: Zapdos
|-activate|p2a: Zapdos|move: Poltergeist|Heavy-Duty Boots
|-damage|p2a: Zapdos|11/100
|move|p2a: Zapdos|Roost|p2a: Zapdos
|-heal|p2a: Zapdos|61/100
|-singleturn|p2a: Zapdos|move: Roost
|
|-fieldend|move: Trick Room
|upkeep
|turn|28
|
|t:|1624302535
|switch|p1a: Sharpo|Garchomp, F|98/100
|move|p2a: Zapdos|Roost|p2a: Zapdos
|-heal|p2a: Zapdos|100/100
|-singleturn|p2a: Zapdos|move: Roost
|
|-heal|p1a: Sharpo|100/100|[from] item: Leftovers
|upkeep
|turn|29
|
|t:|1624302543
|switch|p2a: Slowbro|Slowbro, F|100/100
|move|p1a: Sharpo|Swords Dance|p1a: Sharpo
|-boost|p1a: Sharpo|atk|2
|
|upkeep
|turn|30
|
|t:|1624302550
|move|p1a: Sharpo|Earthquake|p2a: Slowbro
|-damage|p2a: Slowbro|20/100
|move|p2a: Slowbro|Surf|p1a: Sharpo
|-damage|p1a: Sharpo|56/100
|
|-heal|p1a: Sharpo|62/100|[from] item: Leftovers
|upkeep
|turn|31
|
|t:|1624302558
|move|p1a: Sharpo|Scale Shot|p2a: Slowbro
|-damage|p2a: Slowbro|0 fnt
|faint|p2a: Slowbro
|-hitcount|p2: Slowbro|1
|-unboost|p1a: Sharpo|def|1
|-boost|p1a: Sharpo|spe|1
|
|-heal|p1a: Sharpo|68/100|[from] item: Leftovers
|upkeep
|
|t:|1624302561
|switch|p2a: Mamoswine|Mamoswine, F|100/100
|turn|32
|
|t:|1624302568
|switch|p1a: Sonso|Slowbro, F|100/100
|move|p2a: Mamoswine|Icicle Crash|p1a: Sonso
|-resisted|p1a: Sonso
|-damage|p1a: Sonso|89/100
|
|upkeep
|turn|33
|
|t:|1624302574
|switch|p2a: Slowking|Slowking-Galar, F|100/100
|move|p1a: Sonso|Trick Room|p1a: Sonso
|-fieldstart|move: Trick Room|[of] p1a: Sonso
|
|upkeep
|turn|34
|j| FrankRayquaza
|
|t:|1624302578
|switch|p1a: Falko|Drampa, F|17/100
|move|p2a: Slowking|Sludge Bomb|p1a: Falko
|-damage|p1a: Falko|0 fnt
|faint|p1a: Falko
|
|upkeep
|
|t:|1624302584
|switch|p1a: Billy B.|Marowak-Alola, M|100/100 par
|turn|35
|
|t:|1624302593
|switch|p2a: Zapdos|Zapdos|100/100
|move|p1a: Billy B.|Flare Blitz|p2a: Zapdos
|-damage|p2a: Zapdos|26/100
|
|upkeep
|turn|36
|
|t:|1624302598
|move|p1a: Billy B.|Flare Blitz|p2a: Zapdos
|-damage|p2a: Zapdos|0 fnt
|faint|p2a: Zapdos
|
|upkeep
|
|t:|1624302601
|switch|p2a: Mamoswine|Mamoswine, F|100/100
|turn|37
|
|t:|1624302605
|switch|p1a: Sonso|Slowbro, F|100/100
|move|p2a: Mamoswine|Earthquake|p1a: Sonso
|-damage|p1a: Sonso|70/100
|
|-fieldend|move: Trick Room
|upkeep
|turn|38
|
|t:|1624302613
|switch|p2a: Slowking|Slowking-Galar, F|100/100
|move|p1a: Sonso|Scald|p2a: Slowking
|-damage|p2a: Slowking|75/100
|
|-heal|p2a: Slowking|82/100|[from] item: Leftovers
|upkeep
|turn|39
|
|t:|1624302630
|switch|p1a: Sharpo|Garchomp, F|68/100
|move|p2a: Slowking|Nasty Plot|p2a: Slowking
|-boost|p2a: Slowking|spa|2
|
|-heal|p1a: Sharpo|74/100|[from] item: Leftovers
|-heal|p2a: Slowking|88/100|[from] item: Leftovers
|upkeep
|turn|40
|
|t:|1624302638
|switch|p2a: Mamoswine|Mamoswine, F|100/100
|move|p1a: Sharpo|Earthquake|p2a: Mamoswine
|-damage|p2a: Mamoswine|38/100
|
|-heal|p1a: Sharpo|81/100|[from] item: Leftovers
|upkeep
|turn|41
|
|t:|1624302645
|switch|p1a: Sonso|Slowbro, F|100/100
|move|p2a: Mamoswine|Icicle Crash|p1a: Sonso
|-resisted|p1a: Sonso
|-damage|p1a: Sonso|88/100
|
|upkeep
|turn|42
|
|t:|1624302652
|switch|p2a: Slowking|Slowking-Galar, F|100/100
|move|p1a: Sonso|Scald|p2a: Slowking
|-damage|p2a: Slowking|79/100
|
|-heal|p2a: Slowking|85/100|[from] item: Leftovers
|upkeep
|turn|43
|
|t:|1624302660
|switch|p1a: Sharpo|Garchomp, F|81/100
|move|p2a: Slowking|Sludge Bomb|p1a: Sharpo
|-resisted|p1a: Sharpo
|-damage|p1a: Sharpo|57/100
|-status|p1a: Sharpo|psn
|
|-heal|p1a: Sharpo|63/100 psn|[from] item: Leftovers
|-heal|p2a: Slowking|92/100|[from] item: Leftovers
|-damage|p1a: Sharpo|51/100 psn|[from] psn
|upkeep
|turn|44
|
|t:|1624302670
|move|p1a: Sharpo|Earthquake|p2a: Slowking
|-supereffective|p2a: Slowking
|-damage|p2a: Slowking|0 fnt
|faint|p2a: Slowking
|
|-heal|p1a: Sharpo|57/100 psn|[from] item: Leftovers
|-damage|p1a: Sharpo|45/100 psn|[from] psn
|upkeep
|-message|End Of Timess forfeited.
|
|win|Sombra Diurna
|raw|Sombra Diurna's rating: 1839 &rarr; <strong>1854</strong><br />(+15 for winning)
|raw|End Of Timess's rating: 1750 &rarr; <strong>1735</strong><br />(-15 for losing)
|l|☆End Of Timess
|l| DragonHunter994
|l| Normal thu ii
|l| jamel 1
|l| FrankRayquaza
|l| Maximo2614
||Ladder isn't responding, score probably updated but might not have (Request timeout).
|l| zCompuLsive
|l| ILikeMudkips4
|j| i lik9 cats
