|html|<div class="broadcast-blue"><strong>[Gen 8] OU is currently suspecting Melmetal! For information on how to participate check out the <a href="https://www.smogon.com/forums/threads/np-ss-ou-suspect-process-round-12-monster-mash.3709234/">suspect thread</a>.</strong></div>
|j|☆ASNUFSANGU
|j|☆Stads
|t:|1666617848
|gametype|singles
|player|p1|ASNUFSANGU|backpacker|1774
|player|p2|Stads|266|1856
|teamsize|p1|6
|teamsize|p2|6
|gen|8
|tier|[Gen 8] OU
|rated|
|rule|Sleep Clause Mod: Limit one foe put to sleep
|rule|Species Clause: Limit one of each Pokémon
|rule|OHKO Clause: OHKO moves are banned
|rule|Evasion Items Clause: Evasion items are banned
|rule|Evasion Moves Clause: Evasion moves are banned
|rule|Endless Battle Clause: Forcing endless battles is banned
|rule|HP Percentage Mod: HP is shown in percentages
|rule|Dynamax Clause: You cannot dynamax
|clearpoke
|poke|p1|Toxapex, M|
|poke|p1|Shedinja|
|poke|p1|Quagsire, M|
|poke|p1|Tornadus-Therian, M|
|poke|p1|Ferrothorn, F|
|poke|p1|Blissey, F|
|poke|p2|Tornadus-Therian, M|
|poke|p2|Corviknight, M|
|poke|p2|Kartana|
|poke|p2|Toxapex, M|
|poke|p2|Hippowdon, M|
|poke|p2|Heatran, M|
|teampreview
|j| FUckyourevan
|
|t:|1666617863
|start
|switch|p1a: Ferrothorn|Ferrothorn, F|100/100
|switch|p2a: Tornadus|Tornadus-Therian, M|100/100
|turn|1
|inactive|Battle timer is ON: inactive players will automatically lose when time's up. (requested by Stads)
|c|☆ASNUFSANGU|FUckyourevan your username scares me
|
|t:|1666617877
|switch|p1a: Toxapex|Toxapex, M|100/100
|move|p2a: Tornadus|Knock Off|p1a: Toxapex
|-damage|p1a: Toxapex|84/100
|-enditem|p1a: Toxapex|Shed Shell|[from] move: Knock Off|[of] p2a: Tornadus
|
|upkeep
|turn|2
|
|t:|1666617883
|move|p2a: Tornadus|U-turn|p1a: Toxapex
|-resisted|p1a: Toxapex
|-damage|p1a: Toxapex|78/100
|
|t:|1666617885
|switch|p2a: Toxapex|Toxapex, M|100/100|[from]move: U-turn
|move|p1a: Toxapex|Scald|p2a: Toxapex
|-resisted|p2a: Toxapex
|-damage|p2a: Toxapex|94/100
|-status|p2a: Toxapex|brn
|
|-damage|p2a: Toxapex|88/100 brn|[from] brn
|upkeep
|turn|3
|j| Dionysos
|
|t:|1666617891
|move|p1a: Toxapex|Toxic Spikes|p2a: Toxapex
|-sidestart|p2: Stads|move: Toxic Spikes
|move|p2a: Toxapex|Knock Off|p1a: Toxapex
|-damage|p1a: Toxapex|75/100
|
|-damage|p2a: Toxapex|82/100 brn|[from] brn
|upkeep
|turn|4
|
|t:|1666617894
|move|p2a: Toxapex|Scald|p1a: Toxapex
|-resisted|p1a: Toxapex
|-damage|p1a: Toxapex|70/100
|move|p1a: Toxapex|Scald|p2a: Toxapex
|-resisted|p2a: Toxapex
|-damage|p2a: Toxapex|75/100 brn
|
|-damage|p2a: Toxapex|68/100 brn|[from] brn
|upkeep
|turn|5
|
|t:|1666617901
|switch|p1a: Ferrothorn|Ferrothorn, F|100/100
|move|p2a: Toxapex|Scald|p1a: Ferrothorn
|-resisted|p1a: Ferrothorn
|-damage|p1a: Ferrothorn|94/100
|
|-heal|p1a: Ferrothorn|99/100|[from] item: Leftovers
|-damage|p2a: Toxapex|62/100 brn|[from] brn
|upkeep
|turn|6
|
|t:|1666617905
|move|p2a: Toxapex|Recover|p2a: Toxapex
|-heal|p2a: Toxapex|100/100 brn
|move|p1a: Ferrothorn|Leech Seed|p2a: Toxapex|[miss]
|-miss|p1a: Ferrothorn|p2a: Toxapex
|
|-heal|p1a: Ferrothorn|100/100|[from] item: Leftovers
|-damage|p2a: Toxapex|94/100 brn|[from] brn
|upkeep
|turn|7
|
|t:|1666617908
|move|p2a: Toxapex|Knock Off|p1a: Ferrothorn
|-damage|p1a: Ferrothorn|96/100
|-damage|p2a: Toxapex|82/100 brn|[from] ability: Iron Barbs|[of] p1a: Ferrothorn
|-enditem|p1a: Ferrothorn|Leftovers|[from] move: Knock Off|[of] p2a: Toxapex
|move|p1a: Ferrothorn|Knock Off|p2a: Toxapex
|-damage|p2a: Toxapex|68/100 brn
|-enditem|p2a: Toxapex|Shed Shell|[from] move: Knock Off|[of] p1a: Ferrothorn
|
|-damage|p2a: Toxapex|62/100 brn|[from] brn
|upkeep
|turn|8
|j| tapu moxo
|
|t:|1666617911
|move|p2a: Toxapex|Scald|p1a: Ferrothorn
|-resisted|p1a: Ferrothorn
|-damage|p1a: Ferrothorn|90/100
|move|p1a: Ferrothorn|Knock Off|p2a: Toxapex
|-crit|p2a: Toxapex
|-damage|p2a: Toxapex|49/100 brn
|
|-damage|p2a: Toxapex|43/100 brn|[from] brn
|upkeep
|turn|9
|
|t:|1666617914
|move|p2a: Toxapex|Recover|p2a: Toxapex
|-heal|p2a: Toxapex|93/100 brn
|move|p1a: Ferrothorn|Leech Seed|p2a: Toxapex
|-start|p2a: Toxapex|move: Leech Seed
|
|-damage|p2a: Toxapex|80/100 brn|[from] Leech Seed|[of] p1a: Ferrothorn
|-heal|p1a: Ferrothorn|100/100|[silent]
|-damage|p2a: Toxapex|74/100 brn|[from] brn
|upkeep
|turn|10
|
|t:|1666617917
|switch|p2a: Tornadus|Tornadus-Therian, M|100/100
|move|p1a: Ferrothorn|Knock Off|p2a: Tornadus
|-damage|p2a: Tornadus|75/100
|-enditem|p2a: Tornadus|Assault Vest|[from] move: Knock Off|[of] p1a: Ferrothorn
|
|upkeep
|turn|11
|
|t:|1666617920
|switch|p1a: Toxapex|Toxapex, M|100/100
|move|p2a: Tornadus|U-turn|p1a: Toxapex
|-resisted|p1a: Toxapex
|-damage|p1a: Toxapex|95/100
|
|t:|1666617922
|switch|p2a: Toxapex|Toxapex, M|100/100 brn|[from]move: U-turn
|-sideend|p2: Stads|move: Toxic Spikes|[of] p2a: Toxapex
|
|-damage|p2a: Toxapex|94/100 brn|[from] brn
|upkeep
|turn|12
|
|t:|1666617929
|move|p2a: Toxapex|Scald|p1a: Toxapex
|-resisted|p1a: Toxapex
|-damage|p1a: Toxapex|90/100
|move|p1a: Toxapex|Toxic Spikes|p2a: Toxapex
|-sidestart|p2: Stads|move: Toxic Spikes
|
|-damage|p2a: Toxapex|88/100 brn|[from] brn
|upkeep
|turn|13
|
|t:|1666617934
|move|p2a: Toxapex|Scald|p1a: Toxapex
|-resisted|p1a: Toxapex
|-damage|p1a: Toxapex|85/100
|move|p1a: Toxapex|Toxic Spikes|p2a: Toxapex
|-sidestart|p2: Stads|move: Toxic Spikes
|
|-damage|p2a: Toxapex|82/100 brn|[from] brn
|upkeep
|turn|14
|
|t:|1666617939
|switch|p1a: Blissey|Blissey, F|100/100
|move|p2a: Toxapex|Scald|p1a: Blissey
|-damage|p1a: Blissey|95/100
|
|-damage|p2a: Toxapex|75/100 brn|[from] brn
|upkeep
|turn|15
|
|t:|1666617943
|move|p1a: Blissey|Stealth Rock|p2a: Toxapex
|-sidestart|p2: Stads|move: Stealth Rock
|move|p2a: Toxapex|Knock Off|p1a: Blissey
|-damage|p1a: Blissey|89/100
|-enditem|p1a: Blissey|Heavy-Duty Boots|[from] move: Knock Off|[of] p2a: Toxapex
|
|-damage|p2a: Toxapex|69/100 brn|[from] brn
|upkeep
|turn|16
|
|t:|1666617948
|switch|p1a: Toxapex|Toxapex, M|100/100
|switch|p2a: Corviknight|Corviknight, M|100/100
|-damage|p2a: Corviknight|88/100|[from] Stealth Rock
|-ability|p2a: Corviknight|Pressure
|
|-heal|p2a: Corviknight|94/100|[from] item: Leftovers
|upkeep
|turn|17
|
|t:|1666617953
|switch|p2a: Toxapex|Toxapex, M|100/100 brn
|-sideend|p2: Stads|move: Toxic Spikes|[of] p2a: Toxapex
|-damage|p2a: Toxapex|88/100 brn|[from] Stealth Rock
|move|p1a: Toxapex|Scald|p2a: Toxapex
|-resisted|p2a: Toxapex
|-crit|p2a: Toxapex
|-damage|p2a: Toxapex|77/100 brn
|
|-damage|p2a: Toxapex|71/100 brn|[from] brn
|upkeep
|turn|18
|
|t:|1666617962
|switch|p2a: Hippowdon|Hippowdon, M|100/100
|-damage|p2a: Hippowdon|94/100|[from] Stealth Rock
|-weather|Sandstorm|[from] ability: Sand Stream|[of] p2a: Hippowdon
|move|p1a: Toxapex|Haze|p1a: Toxapex
|-clearallboost
|
|-weather|Sandstorm|[upkeep]
|-damage|p1a: Toxapex|94/100|[from] Sandstorm
|-heal|p2a: Hippowdon|100/100|[from] item: Leftovers
|upkeep
|turn|19
|
|t:|1666617967
|switch|p2a: Toxapex|Toxapex, M|100/100 brn
|-damage|p2a: Toxapex|88/100 brn|[from] Stealth Rock
|move|p1a: Toxapex|Scald|p2a: Toxapex
|-resisted|p2a: Toxapex
|-damage|p2a: Toxapex|82/100 brn
|
|-weather|Sandstorm|[upkeep]
|-damage|p2a: Toxapex|75/100 brn|[from] Sandstorm
|-damage|p1a: Toxapex|88/100|[from] Sandstorm
|-damage|p2a: Toxapex|69/100 brn|[from] brn
|upkeep
|turn|20
|
|t:|1666617976
|move|p1a: Toxapex|Toxic Spikes|p2a: Toxapex
|-sidestart|p2: Stads|move: Toxic Spikes
|move|p2a: Toxapex|Scald|p1a: Toxapex
|-resisted|p1a: Toxapex
|-damage|p1a: Toxapex|82/100
|
|-weather|Sandstorm|[upkeep]
|-damage|p2a: Toxapex|63/100 brn|[from] Sandstorm
|-damage|p1a: Toxapex|76/100|[from] Sandstorm
|-damage|p2a: Toxapex|57/100 brn|[from] brn
|upkeep
|turn|21
|
|t:|1666617979
|move|p2a: Toxapex|Scald|p1a: Toxapex
|-resisted|p1a: Toxapex
|-damage|p1a: Toxapex|71/100
|move|p1a: Toxapex|Scald|p2a: Toxapex
|-resisted|p2a: Toxapex
|-damage|p2a: Toxapex|50/100 brn
|
|-weather|Sandstorm|[upkeep]
|-damage|p2a: Toxapex|43/100 brn|[from] Sandstorm
|-damage|p1a: Toxapex|65/100|[from] Sandstorm
|-damage|p2a: Toxapex|37/100 brn|[from] brn
|upkeep
|turn|22
|c|☆Stads|Wtf my scald is broken
|
|t:|1666617986
|move|p1a: Toxapex|Haze|p1a: Toxapex
|-clearallboost
|move|p2a: Toxapex|Recover|p2a: Toxapex
|-heal|p2a: Toxapex|87/100 brn
|
|-weather|none
|-damage|p2a: Toxapex|81/100 brn|[from] brn
|upkeep
|turn|23
|
|t:|1666617991
|move|p2a: Toxapex|Scald|p1a: Toxapex
|-resisted|p1a: Toxapex
|-damage|p1a: Toxapex|59/100
|move|p1a: Toxapex|Scald|p2a: Toxapex
|-resisted|p2a: Toxapex
|-damage|p2a: Toxapex|74/100 brn
|
|-damage|p2a: Toxapex|67/100 brn|[from] brn
|upkeep
|turn|24
|
|t:|1666617996
|move|p2a: Toxapex|Scald|p1a: Toxapex
|-resisted|p1a: Toxapex
|-damage|p1a: Toxapex|54/100
|-status|p1a: Toxapex|brn
|move|p1a: Toxapex|Recover|p1a: Toxapex
|-heal|p1a: Toxapex|100/100 brn
|
|-damage|p1a: Toxapex|94/100 brn|[from] brn
|-damage|p2a: Toxapex|61/100 brn|[from] brn
|upkeep
|turn|25
|
|t:|1666618007
|move|p1a: Toxapex|Scald|p2a: Toxapex
|-resisted|p2a: Toxapex
|-damage|p2a: Toxapex|54/100 brn
|move|p2a: Toxapex|Haze|p2a: Toxapex
|-clearallboost
|
|-damage|p2a: Toxapex|48/100 brn|[from] brn
|-damage|p1a: Toxapex|88/100 brn|[from] brn
|upkeep
|turn|26
|
|t:|1666618016
|switch|p1a: Blissey|Blissey, F|89/100
|move|p2a: Toxapex|Recover|p2a: Toxapex
|-heal|p2a: Toxapex|98/100 brn
|
|-damage|p2a: Toxapex|91/100 brn|[from] brn
|upkeep
|turn|27
|
|t:|1666618019
|switch|p2a: Corviknight|Corviknight, M|94/100
|-damage|p2a: Corviknight|82/100|[from] Stealth Rock
|-ability|p2a: Corviknight|Pressure
|move|p1a: Blissey|Teleport|p1a: Blissey
|
|t:|1666618022
|switch|p1a: Toxapex|Toxapex, M|100/100 brn|[from]move: Teleport
|
|-heal|p2a: Corviknight|88/100|[from] item: Leftovers
|-damage|p1a: Toxapex|94/100 brn|[from] brn
|upkeep
|turn|28
|
|t:|1666618026
|move|p2a: Corviknight|Defog|p1a: Toxapex
|-unboost|p1a: Toxapex|evasion|1
|-sideend|p2: Stads|Toxic Spikes|[from] move: Defog|[of] p2a: Corviknight
|-sideend|p2: Stads|Stealth Rock|[from] move: Defog|[of] p2a: Corviknight
|move|p1a: Toxapex|Scald|p2a: Corviknight
|-damage|p2a: Corviknight|73/100
|
|-heal|p2a: Corviknight|80/100|[from] item: Leftovers
|-damage|p1a: Toxapex|88/100 brn|[from] brn
|upkeep
|turn|29
|
|t:|1666618033
|switch|p2a: Toxapex|Toxapex, M|100/100 brn
|move|p1a: Toxapex|Scald|p2a: Toxapex
|-resisted|p2a: Toxapex
|-damage|p2a: Toxapex|94/100 brn
|
|-damage|p2a: Toxapex|88/100 brn|[from] brn
|-damage|p1a: Toxapex|82/100 brn|[from] brn
|upkeep
|turn|30
|
|t:|1666618035
|switch|p2a: Tornadus|Tornadus-Therian, M|100/100
|switch|p1a: Blissey|Blissey, F|89/100
|
|upkeep
|turn|31
|
|t:|1666618039
|switch|p1a: Toxapex|Toxapex, M|100/100 brn
|move|p2a: Tornadus|U-turn|p1a: Toxapex
|-resisted|p1a: Toxapex
|-damage|p1a: Toxapex|95/100 brn
|
|t:|1666618042
|switch|p2a: Corviknight|Corviknight, M|80/100|[from]move: U-turn
|-ability|p2a: Corviknight|Pressure
|
|-heal|p2a: Corviknight|86/100|[from] item: Leftovers
|-damage|p1a: Toxapex|89/100 brn|[from] brn
|upkeep
|turn|32
|
|t:|1666618050
|switch|p2a: Toxapex|Toxapex, M|100/100 brn
|switch|p1a: Tornadus|Tornadus-Therian, M|100/100
|
|-damage|p2a: Toxapex|94/100 brn|[from] brn
|upkeep
|turn|33
|
|t:|1666618056
|switch|p1a: Toxapex|Toxapex, M|100/100 brn
|move|p2a: Toxapex|Knock Off|p1a: Toxapex
|-damage|p1a: Toxapex|97/100 brn
|
|-damage|p1a: Toxapex|90/100 brn|[from] brn
|-damage|p2a: Toxapex|88/100 brn|[from] brn
|upkeep
|turn|34
|
|t:|1666618061
|switch|p1a: Blissey|Blissey, F|89/100
|switch|p2a: Hippowdon|Hippowdon, M|100/100
|-weather|Sandstorm|[from] ability: Sand Stream|[of] p2a: Hippowdon
|
|-weather|Sandstorm|[upkeep]
|-damage|p1a: Blissey|83/100|[from] Sandstorm
|upkeep
|turn|35
|
|t:|1666618067
|move|p1a: Blissey|Stealth Rock|p2a: Hippowdon
|-sidestart|p2: Stads|move: Stealth Rock
|move|p2a: Hippowdon|Stealth Rock|p1a: Blissey
|-sidestart|p1: ASNUFSANGU|move: Stealth Rock
|
|-weather|Sandstorm|[upkeep]
|-damage|p1a: Blissey|77/100|[from] Sandstorm
|upkeep
|turn|36
|
|t:|1666618070
|switch|p1a: Ferrothorn|Ferrothorn, F|100/100
|-damage|p1a: Ferrothorn|94/100|[from] Stealth Rock
|move|p2a: Hippowdon|Earthquake|p1a: Ferrothorn
|-damage|p1a: Ferrothorn|74/100
|
|-weather|Sandstorm|[upkeep]
|upkeep
|turn|37
|
|t:|1666618075
|move|p2a: Hippowdon|Earthquake|p1a: Ferrothorn
|-damage|p1a: Ferrothorn|53/100
|move|p1a: Ferrothorn|Knock Off|p2a: Hippowdon
|-damage|p2a: Hippowdon|86/100
|-enditem|p2a: Hippowdon|Leftovers|[from] move: Knock Off|[of] p1a: Ferrothorn
|
|-weather|Sandstorm|[upkeep]
|upkeep
|turn|38
|l| Dionysos
|
|t:|1666618078
|move|p2a: Hippowdon|Earthquake|p1a: Ferrothorn
|-damage|p1a: Ferrothorn|32/100
|move|p1a: Ferrothorn|Leech Seed|p2a: Hippowdon|[miss]
|-miss|p1a: Ferrothorn|p2a: Hippowdon
|
|-weather|none
|upkeep
|turn|39
|
|t:|1666618082
|move|p2a: Hippowdon|Earthquake|p1a: Ferrothorn
|-damage|p1a: Ferrothorn|10/100
|move|p1a: Ferrothorn|Leech Seed|p2a: Hippowdon
|-start|p2a: Hippowdon|move: Leech Seed
|
|-damage|p2a: Hippowdon|74/100|[from] Leech Seed|[of] p1a: Ferrothorn
|-heal|p1a: Ferrothorn|25/100|[silent]
|upkeep
|turn|40
|j| Dionysos
|
|t:|1666618086
|switch|p2a: Tornadus|Tornadus-Therian, M|100/100
|-damage|p2a: Tornadus|75/100|[from] Stealth Rock
|move|p1a: Ferrothorn|Leech Seed|p2a: Tornadus
|-start|p2a: Tornadus|move: Leech Seed
|
|-damage|p2a: Tornadus|63/100|[from] Leech Seed|[of] p1a: Ferrothorn
|-heal|p1a: Ferrothorn|36/100|[silent]
|upkeep
|turn|41
|l| Dionysos
|
|t:|1666618100
|move|p2a: Tornadus|U-turn|p1a: Ferrothorn
|-damage|p1a: Ferrothorn|28/100
|-damage|p2a: Tornadus|51/100|[from] ability: Iron Barbs|[of] p1a: Ferrothorn
|
|t:|1666618102
|switch|p2a: Toxapex|Toxapex, M|100/100 brn|[from]move: U-turn
|-damage|p2a: Toxapex|88/100 brn|[from] Stealth Rock
|move|p1a: Ferrothorn|Leech Seed|p2a: Toxapex
|-start|p2a: Toxapex|move: Leech Seed
|
|-damage|p2a: Toxapex|75/100 brn|[from] Leech Seed|[of] p1a: Ferrothorn
|-heal|p1a: Ferrothorn|39/100|[silent]
|-damage|p2a: Toxapex|69/100 brn|[from] brn
|upkeep
|turn|42
|
|t:|1666618112
|switch|p2a: Tornadus|Tornadus-Therian, M|84/100
|-damage|p2a: Tornadus|59/100|[from] Stealth Rock
|switch|p1a: Toxapex|Toxapex, M|100/100 brn
|-damage|p1a: Toxapex|88/100 brn|[from] Stealth Rock
|
|-damage|p1a: Toxapex|82/100 brn|[from] brn
|upkeep
|turn|43
|
|t:|1666618116
|move|p2a: Tornadus|U-turn|p1a: Toxapex
|-resisted|p1a: Toxapex
|-damage|p1a: Toxapex|76/100 brn
|
|t:|1666618119
|switch|p2a: Toxapex|Toxapex, M|100/100 brn|[from]move: U-turn
|-damage|p2a: Toxapex|88/100 brn|[from] Stealth Rock
|move|p1a: Toxapex|Toxic Spikes|p2a: Toxapex
|-sidestart|p2: Stads|move: Toxic Spikes
|
|-damage|p1a: Toxapex|70/100 brn|[from] brn
|-damage|p2a: Toxapex|82/100 brn|[from] brn
|upkeep
|turn|44
|
|t:|1666618132
|switch|p2a: Corviknight|Corviknight, M|86/100
|-damage|p2a: Corviknight|73/100|[from] Stealth Rock
|-ability|p2a: Corviknight|Pressure
|switch|p1a: Blissey|Blissey, F|77/100
|-damage|p1a: Blissey|64/100|[from] Stealth Rock
|
|-heal|p2a: Corviknight|80/100|[from] item: Leftovers
|upkeep
|turn|45
|
|t:|1666618135
|switch|p1a: Toxapex|Toxapex, M|100/100 brn
|-damage|p1a: Toxapex|88/100 brn|[from] Stealth Rock
|move|p2a: Corviknight|Defog|p1a: Toxapex
|-unboost|p1a: Toxapex|evasion|1
|-sideend|p1: ASNUFSANGU|Stealth Rock|[from] move: Defog|[of] p2a: Corviknight
|-sideend|p2: Stads|Toxic Spikes|[from] move: Defog|[of] p2a: Corviknight
|-sideend|p2: Stads|Stealth Rock|[from] move: Defog|[of] p2a: Corviknight
|
|-heal|p2a: Corviknight|86/100|[from] item: Leftovers
|-damage|p1a: Toxapex|82/100 brn|[from] brn
|upkeep
|turn|46
|
|t:|1666618144
|switch|p2a: Toxapex|Toxapex, M|100/100 brn
|switch|p1a: Tornadus|Tornadus-Therian, M|100/100
|
|-damage|p2a: Toxapex|94/100 brn|[from] brn
|upkeep
|turn|47
|
|t:|1666618148
|switch|p1a: Blissey|Blissey, F|64/100
|switch|p2a: Hippowdon|Hippowdon, M|74/100
|-weather|Sandstorm|[from] ability: Sand Stream|[of] p2a: Hippowdon
|
|-weather|Sandstorm|[upkeep]
|-damage|p1a: Blissey|58/100|[from] Sandstorm
|upkeep
|turn|48
|
|t:|1666618151
|switch|p2a: Corviknight|Corviknight, M|86/100
|-ability|p2a: Corviknight|Pressure
|move|p1a: Blissey|Stealth Rock|p2a: Corviknight
|-sidestart|p2: Stads|move: Stealth Rock
|
|-weather|Sandstorm|[upkeep]
|-damage|p1a: Blissey|52/100|[from] Sandstorm
|-heal|p2a: Corviknight|92/100|[from] item: Leftovers
|upkeep
|turn|49
|
|t:|1666618155
|move|p2a: Corviknight|Defog|p1a: Blissey
|-unboost|p1a: Blissey|evasion|1
|-sideend|p2: Stads|Stealth Rock|[from] move: Defog|[of] p2a: Corviknight
|move|p1a: Blissey|Soft-Boiled|p1a: Blissey
|-heal|p1a: Blissey|100/100
|
|-weather|Sandstorm|[upkeep]
|-damage|p1a: Blissey|94/100|[from] Sandstorm
|-heal|p2a: Corviknight|98/100|[from] item: Leftovers
|upkeep
|turn|50
|
|t:|1666618157
|switch|p1a: Toxapex|Toxapex, M|100/100 brn
|move|p2a: Corviknight|Body Press|p1a: Toxapex
|-resisted|p1a: Toxapex
|-damage|p1a: Toxapex|92/100 brn
|
|-weather|Sandstorm|[upkeep]
|-damage|p1a: Toxapex|85/100 brn|[from] Sandstorm
|-heal|p2a: Corviknight|100/100|[from] item: Leftovers
|-damage|p1a: Toxapex|79/100 brn|[from] brn
|upkeep
|turn|51
|
|t:|1666618162
|switch|p2a: Tornadus|Tornadus-Therian, M|92/100
|move|p1a: Toxapex|Toxic Spikes|p2a: Tornadus
|-sidestart|p2: Stads|move: Toxic Spikes
|
|-weather|none
|-damage|p1a: Toxapex|73/100 brn|[from] brn
|upkeep
|turn|52
|
|t:|1666618172
|move|p2a: Tornadus|Hurricane|p1a: Toxapex
|-crit|p1a: Toxapex
|-damage|p1a: Toxapex|23/100 brn
|move|p1a: Toxapex|Scald|p2a: Tornadus
|-damage|p2a: Tornadus|70/100
|-status|p2a: Tornadus|brn
|
|-damage|p2a: Tornadus|63/100 brn|[from] brn
|-damage|p1a: Toxapex|16/100 brn|[from] brn
|upkeep
|turn|53
|
|t:|1666618179
|switch|p1a: Blissey|Blissey, F|94/100
|move|p2a: Tornadus|U-turn|p1a: Blissey
|-damage|p1a: Blissey|88/100
|j| TJ Too Smooth
|
|t:|1666618185
|switch|p2a: Toxapex|Toxapex, M|100/100 brn|[from]move: U-turn
|-sideend|p2: Stads|move: Toxic Spikes|[of] p2a: Toxapex
|
|-damage|p2a: Toxapex|94/100 brn|[from] brn
|upkeep
|turn|54
|
|t:|1666618191
|switch|p1a: Toxapex|Toxapex, M|50/100 brn
|switch|p2a: Corviknight|Corviknight, M|100/100
|-ability|p2a: Corviknight|Pressure
|
|-damage|p1a: Toxapex|43/100 brn|[from] brn
|upkeep
|turn|55
|
|t:|1666618194
|switch|p2a: Tornadus|Tornadus-Therian, M|97/100 brn
|move|p1a: Toxapex|Recover|p1a: Toxapex
|-heal|p1a: Toxapex|93/100 brn
|
|-damage|p2a: Tornadus|90/100 brn|[from] brn
|-damage|p1a: Toxapex|87/100 brn|[from] brn
|upkeep
|turn|56
|j| Spooky The Mimi
|
|t:|1666618197
|switch|p2a: Toxapex|Toxapex, M|100/100 brn
|move|p1a: Toxapex|Toxic Spikes|p2a: Toxapex
|-sidestart|p2: Stads|move: Toxic Spikes
|
|-damage|p2a: Toxapex|94/100 brn|[from] brn
|-damage|p1a: Toxapex|81/100 brn|[from] brn
|upkeep
|turn|57
|
|t:|1666618202
|switch|p2a: Tornadus|Tornadus-Therian, M|100/100 brn
|switch|p1a: Blissey|Blissey, F|88/100
|
|-damage|p2a: Tornadus|94/100 brn|[from] brn
|upkeep
|turn|58
|
|t:|1666618205
|switch|p2a: Corviknight|Corviknight, M|100/100
|-ability|p2a: Corviknight|Pressure
|move|p1a: Blissey|Teleport|p1a: Blissey
|
|t:|1666618207
|switch|p1a: Toxapex|Toxapex, M|100/100 brn|[from]move: Teleport
|
|-damage|p1a: Toxapex|94/100 brn|[from] brn
|upkeep
|turn|59
|
|t:|1666618210
|switch|p2a: Tornadus|Tornadus-Therian, M|100/100 brn
|move|p1a: Toxapex|Scald|p2a: Tornadus
|-damage|p2a: Tornadus|80/100 brn
|
|-damage|p2a: Tornadus|74/100 brn|[from] brn
|-damage|p1a: Toxapex|88/100 brn|[from] brn
|upkeep
|turn|60
|
|t:|1666618239
|switch|p2a: Toxapex|Toxapex, M|100/100 brn
|-sideend|p2: Stads|move: Toxic Spikes|[of] p2a: Toxapex
|switch|p1a: Blissey|Blissey, F|88/100
|
|-damage|p2a: Toxapex|94/100 brn|[from] brn
|upkeep
|turn|61
|j| zgiata 创世神
|
|t:|1666618245
|switch|p1a: Tornadus|Tornadus-Therian, M|100/100
|switch|p2a: Corviknight|Corviknight, M|100/100
|-ability|p2a: Corviknight|Pressure
|
|upkeep
|turn|62
|
|t:|1666618250
|switch|p2a: Hippowdon|Hippowdon, M|74/100
|-weather|Sandstorm|[from] ability: Sand Stream|[of] p2a: Hippowdon
|move|p1a: Tornadus|Knock Off|p2a: Hippowdon
|-damage|p2a: Hippowdon|64/100
|
|-weather|Sandstorm|[upkeep]
|-damage|p1a: Tornadus|94/100|[from] Sandstorm
|upkeep
|turn|63
|
|t:|1666618253
|move|p1a: Tornadus|Taunt|p2a: Hippowdon
|-start|p2a: Hippowdon|move: Taunt
|cant|p2a: Hippowdon|move: Taunt|Slack Off
|
|-weather|Sandstorm|[upkeep]
|-damage|p1a: Tornadus|88/100|[from] Sandstorm
|upkeep
|turn|64
|
|t:|1666618257
|switch|p2a: Toxapex|Toxapex, M|100/100 brn
|move|p1a: Tornadus|Hurricane|p2a: Toxapex
|-damage|p2a: Toxapex|68/100 brn
|
|-weather|Sandstorm|[upkeep]
|-damage|p1a: Tornadus|82/100|[from] Sandstorm
|-damage|p2a: Toxapex|62/100 brn|[from] Sandstorm
|-damage|p2a: Toxapex|55/100 brn|[from] brn
|upkeep
|turn|65
|
|t:|1666618263
|switch|p1a: Toxapex|Toxapex, M|100/100 brn
|move|p2a: Toxapex|Knock Off|p1a: Toxapex
|-damage|p1a: Toxapex|97/100 brn
|
|-weather|Sandstorm|[upkeep]
|-damage|p2a: Toxapex|49/100 brn|[from] Sandstorm
|-damage|p1a: Toxapex|91/100 brn|[from] Sandstorm
|-damage|p2a: Toxapex|43/100 brn|[from] brn
|-damage|p1a: Toxapex|85/100 brn|[from] brn
|upkeep
|turn|66
|
|t:|1666618270
|switch|p2a: Hippowdon|Hippowdon, M|64/100
|switch|p1a: Tornadus|Tornadus-Therian, M|100/100
|
|-weather|none
|upkeep
|turn|67
|
|t:|1666618278
|switch|p2a: Toxapex|Toxapex, M|76/100 brn
|move|p1a: Tornadus|Hurricane|p2a: Toxapex
|-damage|p2a: Toxapex|45/100 brn
|
|-damage|p2a: Toxapex|39/100 brn|[from] brn
|upkeep
|turn|68
|
|t:|1666618287
|switch|p1a: Toxapex|Toxapex, M|100/100 brn
|switch|p2a: Tornadus|Tornadus-Therian, M|100/100 brn
|
|-damage|p2a: Tornadus|94/100 brn|[from] brn
|-damage|p1a: Toxapex|94/100 brn|[from] brn
|upkeep
|turn|69
|
|t:|1666618291
|move|p2a: Tornadus|U-turn|p1a: Toxapex
|-resisted|p1a: Toxapex
|-damage|p1a: Toxapex|92/100 brn
|
|t:|1666618293
|switch|p2a: Hippowdon|Hippowdon, M|64/100|[from]move: U-turn
|-weather|Sandstorm|[from] ability: Sand Stream|[of] p2a: Hippowdon
|move|p1a: Toxapex|Toxic Spikes|p2a: Hippowdon
|-sidestart|p2: Stads|move: Toxic Spikes
|
|-weather|Sandstorm|[upkeep]
|-damage|p1a: Toxapex|85/100 brn|[from] Sandstorm
|-damage|p1a: Toxapex|79/100 brn|[from] brn
|upkeep
|turn|70
|
|t:|1666618295
|move|p2a: Hippowdon|Slack Off|p2a: Hippowdon
|-heal|p2a: Hippowdon|100/100
|move|p1a: Toxapex|Scald|p2a: Hippowdon
|-supereffective|p2a: Hippowdon
|-damage|p2a: Hippowdon|78/100
|
|-weather|Sandstorm|[upkeep]
|-damage|p1a: Toxapex|73/100 brn|[from] Sandstorm
|-damage|p1a: Toxapex|67/100 brn|[from] brn
|upkeep
|turn|71
|
|t:|1666618306
|switch|p2a: Toxapex|Toxapex, M|72/100 brn
|-sideend|p2: Stads|move: Toxic Spikes|[of] p2a: Toxapex
|move|p1a: Toxapex|Recover|p1a: Toxapex
|-heal|p1a: Toxapex|100/100 brn
|
|-weather|Sandstorm|[upkeep]
|-damage|p2a: Toxapex|66/100 brn|[from] Sandstorm
|-damage|p1a: Toxapex|94/100 brn|[from] Sandstorm
|-damage|p2a: Toxapex|60/100 brn|[from] brn
|-damage|p1a: Toxapex|88/100 brn|[from] brn
|upkeep
|turn|72
|l| tapu moxo
|
|t:|1666618313
|switch|p2a: Tornadus|Tornadus-Therian, M|100/100 brn
|move|p1a: Toxapex|Scald|p2a: Tornadus
|-damage|p2a: Tornadus|81/100 brn
|
|-weather|Sandstorm|[upkeep]
|-damage|p2a: Tornadus|75/100 brn|[from] Sandstorm
|-damage|p1a: Toxapex|82/100 brn|[from] Sandstorm
|-damage|p2a: Tornadus|69/100 brn|[from] brn
|-damage|p1a: Toxapex|75/100 brn|[from] brn
|upkeep
|turn|73
|
|t:|1666618316
|move|p2a: Tornadus|U-turn|p1a: Toxapex
|-resisted|p1a: Toxapex
|-damage|p1a: Toxapex|73/100 brn
|
|t:|1666618318
|switch|p2a: Toxapex|Toxapex, M|93/100 brn|[from]move: U-turn
|move|p1a: Toxapex|Toxic Spikes|p2a: Toxapex
|-sidestart|p2: Stads|move: Toxic Spikes
|
|-weather|none
|-damage|p2a: Toxapex|87/100 brn|[from] brn
|-damage|p1a: Toxapex|67/100 brn|[from] brn
|upkeep
|turn|74
|n| FUckyourevan|fuckyourevan
|
|t:|1666618327
|switch|p2a: Tornadus|Tornadus-Therian, M|100/100 brn
|switch|p1a: Blissey|Blissey, F|88/100
|
|-damage|p2a: Tornadus|94/100 brn|[from] brn
|upkeep
|turn|75
|
|t:|1666618330
|switch|p2a: Corviknight|Corviknight, M|100/100
|-ability|p2a: Corviknight|Pressure
|move|p1a: Blissey|Stealth Rock|p2a: Corviknight
|-sidestart|p2: Stads|move: Stealth Rock
|
|upkeep
|turn|76
|
|t:|1666618342
|switch|p1a: Quagsire|Quagsire, M|100/100
|move|p2a: Corviknight|Defog|p1a: Quagsire
|-unboost|p1a: Quagsire|evasion|1
|-sideend|p2: Stads|Toxic Spikes|[from] move: Defog|[of] p2a: Corviknight
|-sideend|p2: Stads|Stealth Rock|[from] move: Defog|[of] p2a: Corviknight
|
|upkeep
|turn|77
|
|t:|1666618344
|switch|p2a: Tornadus|Tornadus-Therian, M|100/100 brn
|move|p1a: Quagsire|Scald|p2a: Tornadus
|-damage|p2a: Tornadus|75/100 brn
|
|-damage|p2a: Tornadus|69/100 brn|[from] brn
|upkeep
|turn|78
|
|t:|1666618350
|switch|p1a: Blissey|Blissey, F|88/100
|move|p2a: Tornadus|U-turn|p1a: Blissey
|-crit|p1a: Blissey
|-damage|p1a: Blissey|79/100
|
|t:|1666618352
|switch|p2a: Hippowdon|Hippowdon, M|78/100|[from]move: U-turn
|-weather|Sandstorm|[from] ability: Sand Stream|[of] p2a: Hippowdon
|
|-weather|Sandstorm|[upkeep]
|-damage|p1a: Blissey|72/100|[from] Sandstorm
|upkeep
|turn|79
|
|t:|1666618356
|switch|p1a: Tornadus|Tornadus-Therian, M|100/100
|switch|p2a: Corviknight|Corviknight, M|100/100
|-ability|p2a: Corviknight|Pressure
|
|-weather|Sandstorm|[upkeep]
|-damage|p1a: Tornadus|94/100|[from] Sandstorm
|upkeep
|turn|80
|
|t:|1666618361
|switch|p2a: Toxapex|Toxapex, M|100/100 brn
|move|p1a: Tornadus|Knock Off|p2a: Toxapex
|-damage|p2a: Toxapex|92/100 brn
|
|-weather|Sandstorm|[upkeep]
|-damage|p1a: Tornadus|88/100|[from] Sandstorm
|-damage|p2a: Toxapex|86/100 brn|[from] Sandstorm
|-damage|p2a: Toxapex|80/100 brn|[from] brn
|upkeep
|turn|81
|n| JMBreen06|fuckyourevan
|
|t:|1666618371
|switch|p1a: Toxapex|Toxapex, M|99/100 brn
|switch|p2a: Tornadus|Tornadus-Therian, M|100/100 brn
|
|-weather|Sandstorm|[upkeep]
|-damage|p2a: Tornadus|94/100 brn|[from] Sandstorm
|-damage|p1a: Toxapex|94/100 brn|[from] Sandstorm
|-damage|p2a: Tornadus|88/100 brn|[from] brn
|-damage|p1a: Toxapex|87/100 brn|[from] brn
|upkeep
|turn|82
|
|t:|1666618376
|switch|p2a: Corviknight|Corviknight, M|100/100
|-ability|p2a: Corviknight|Pressure
|switch|p1a: Blissey|Blissey, F|72/100
|
|-weather|none
|upkeep
|turn|83
|
|t:|1666618382
|switch|p1a: Tornadus|Tornadus-Therian, M|100/100
|move|p2a: Corviknight|Body Press|p1a: Tornadus
|-resisted|p1a: Tornadus
|-damage|p1a: Tornadus|88/100
|
|upkeep
|turn|84
|n| FUckyourevan|jmbreen06
|
|t:|1666618392
|switch|p2a: Toxapex|Toxapex, M|100/100 brn
|move|p1a: Tornadus|Taunt|p2a: Toxapex
|-start|p2a: Toxapex|move: Taunt
|
|-damage|p2a: Toxapex|94/100 brn|[from] brn
|upkeep
|turn|85
|
|t:|1666618397
|switch|p1a: Toxapex|Toxapex, M|100/100 brn
|switch|p2a: Heatran|Heatran, M|100/100
|
|-damage|p1a: Toxapex|94/100 brn|[from] brn
|upkeep
|turn|86
|l| FUckyourevan
|c|☆ASNUFSANGU|he appears to have decided to win
|
|t:|1666618412
|switch|p2a: Tornadus|Tornadus-Therian, M|100/100 brn
|move|p1a: Toxapex|Scald|p2a: Tornadus
|-damage|p2a: Tornadus|81/100 brn
|
|-damage|p2a: Tornadus|75/100 brn|[from] brn
|-damage|p1a: Toxapex|88/100 brn|[from] brn
|upkeep
|turn|87
|c|☆ASNUFSANGU|or not
|
|t:|1666618420
|switch|p2a: Toxapex|Toxapex, M|100/100 brn
|move|p1a: Toxapex|Toxic Spikes|p2a: Toxapex
|-sidestart|p2: Stads|move: Toxic Spikes
|
|-damage|p1a: Toxapex|82/100 brn|[from] brn
|-damage|p2a: Toxapex|94/100 brn|[from] brn
|upkeep
|turn|88
|
|t:|1666618428
|switch|p1a: Blissey|Blissey, F|72/100
|switch|p2a: Tornadus|Tornadus-Therian, M|100/100 brn
|
|-damage|p2a: Tornadus|94/100 brn|[from] brn
|upkeep
|turn|89
|
|t:|1666618432
|move|p2a: Tornadus|U-turn|p1a: Blissey
|-damage|p1a: Blissey|66/100
|
|t:|1666618435
|switch|p2a: Corviknight|Corviknight, M|100/100|[from]move: U-turn
|-ability|p2a: Corviknight|Pressure
|move|p1a: Blissey|Stealth Rock|p2a: Corviknight
|-sidestart|p2: Stads|move: Stealth Rock
|
|upkeep
|turn|90
|j| Dionysos
|j| blu3
|
|t:|1666618444
|switch|p1a: Quagsire|Quagsire, M|100/100
|move|p2a: Corviknight|Defog|p1a: Quagsire
|-unboost|p1a: Quagsire|evasion|1
|-sideend|p2: Stads|Toxic Spikes|[from] move: Defog|[of] p2a: Corviknight
|-sideend|p2: Stads|Stealth Rock|[from] move: Defog|[of] p2a: Corviknight
|
|upkeep
|turn|91
|l| Dionysos
|
|t:|1666618451
|switch|p2a: Tornadus|Tornadus-Therian, M|100/100 brn
|switch|p1a: Toxapex|Toxapex, M|100/100 brn
|
|-damage|p2a: Tornadus|94/100 brn|[from] brn
|-damage|p1a: Toxapex|94/100 brn|[from] brn
|upkeep
|turn|92
|
|t:|1666618466
|switch|p2a: Heatran|Heatran, M|100/100
|switch|p1a: Quagsire|Quagsire, M|100/100
|
|upkeep
|turn|93
|
|t:|1666618470
|switch|p2a: Corviknight|Corviknight, M|100/100
|-ability|p2a: Corviknight|Pressure
|move|p1a: Quagsire|Protect||[still]
|-fail|p1a: Quagsire
|
|upkeep
|turn|94
|
|t:|1666618473
|switch|p2a: Tornadus|Tornadus-Therian, M|100/100 brn
|move|p1a: Quagsire|Scald|p2a: Tornadus
|-damage|p2a: Tornadus|78/100 brn
|
|-damage|p2a: Tornadus|72/100 brn|[from] brn
|upkeep
|turn|95
|
|t:|1666618482
|switch|p1a: Toxapex|Toxapex, M|100/100 brn
|move|p2a: Tornadus|U-turn|p1a: Toxapex
|-resisted|p1a: Toxapex
|-damage|p1a: Toxapex|98/100 brn
|
|t:|1666618484
|switch|p2a: Heatran|Heatran, M|100/100|[from]move: U-turn
|
|-damage|p1a: Toxapex|91/100 brn|[from] brn
|upkeep
|turn|96
|
|t:|1666618489
|move|p2a: Heatran|Toxic||[still]
|-fail|p2a: Heatran
|move|p1a: Toxapex|Scald|p2a: Heatran
|-supereffective|p2a: Heatran
|-damage|p2a: Heatran|81/100
|
|-heal|p2a: Heatran|88/100|[from] item: Leftovers
|-damage|p1a: Toxapex|85/100 brn|[from] brn
|upkeep
|turn|97
|
|t:|1666618496
|move|p2a: Heatran|Protect|p2a: Heatran
|-singleturn|p2a: Heatran|Protect
|move|p1a: Toxapex|Scald|p2a: Heatran
|-activate|p2a: Heatran|move: Protect
|
|-heal|p2a: Heatran|94/100|[from] item: Leftovers
|-damage|p1a: Toxapex|79/100 brn|[from] brn
|upkeep
|turn|98
|
|t:|1666618503
|switch|p2a: Tornadus|Tornadus-Therian, M|100/100 brn
|move|p1a: Toxapex|Scald|p2a: Tornadus
|-damage|p2a: Tornadus|80/100 brn
|
|-damage|p2a: Tornadus|74/100 brn|[from] brn
|-damage|p1a: Toxapex|73/100 brn|[from] brn
|upkeep
|turn|99
|
|t:|1666618514
|switch|p1a: Tornadus|Tornadus-Therian, M|100/100
|move|p2a: Tornadus|U-turn|p1a: Tornadus
|-resisted|p1a: Tornadus
|-damage|p1a: Tornadus|97/100
|
|t:|1666618517
|switch|p2a: Toxapex|Toxapex, M|100/100 brn|[from]move: U-turn
|
|-damage|p2a: Toxapex|94/100 brn|[from] brn
|upkeep
|turn|100
|
|t:|1666618521
|switch|p1a: Toxapex|Toxapex, M|100/100 brn
|move|p2a: Toxapex|Knock Off|p1a: Toxapex
|-damage|p1a: Toxapex|97/100 brn
|
|-damage|p1a: Toxapex|91/100 brn|[from] brn
|-damage|p2a: Toxapex|88/100 brn|[from] brn
|upkeep
|turn|101
|
|t:|1666618525
|switch|p1a: Blissey|Blissey, F|66/100
|switch|p2a: Corviknight|Corviknight, M|100/100
|-ability|p2a: Corviknight|Pressure
|
|upkeep
|turn|102
|
|t:|1666618529
|switch|p2a: Hippowdon|Hippowdon, M|78/100
|-weather|Sandstorm|[from] ability: Sand Stream|[of] p2a: Hippowdon
|switch|p1a: Toxapex|Toxapex, M|100/100 brn
|
|-weather|Sandstorm|[upkeep]
|-damage|p1a: Toxapex|94/100 brn|[from] Sandstorm
|-damage|p1a: Toxapex|88/100 brn|[from] brn
|upkeep
|turn|103
|
|t:|1666618540
|switch|p2a: Tornadus|Tornadus-Therian, M|100/100 brn
|switch|p1a: Tornadus|Tornadus-Therian, M|100/100
|
|-weather|Sandstorm|[upkeep]
|-damage|p2a: Tornadus|94/100 brn|[from] Sandstorm
|-damage|p1a: Tornadus|94/100|[from] Sandstorm
|-damage|p2a: Tornadus|88/100 brn|[from] brn
|upkeep
|turn|104
|
|t:|1666618545
|switch|p2a: Toxapex|Toxapex, M|100/100 brn
|switch|p1a: Toxapex|Toxapex, M|100/100 brn
|
|-weather|Sandstorm|[upkeep]
|-damage|p2a: Toxapex|94/100 brn|[from] Sandstorm
|-damage|p1a: Toxapex|94/100 brn|[from] Sandstorm
|-damage|p2a: Toxapex|88/100 brn|[from] brn
|-damage|p1a: Toxapex|88/100 brn|[from] brn
|upkeep
|turn|105
|
|t:|1666618559
|switch|p1a: Blissey|Blissey, F|66/100
|switch|p2a: Heatran|Heatran, M|94/100
|
|-weather|Sandstorm|[upkeep]
|-damage|p1a: Blissey|60/100|[from] Sandstorm
|-heal|p2a: Heatran|99/100|[from] item: Leftovers
|upkeep
|turn|106
|
|t:|1666618562
|switch|p2a: Corviknight|Corviknight, M|100/100
|-ability|p2a: Corviknight|Pressure
|move|p1a: Blissey|Soft-Boiled|p1a: Blissey
|-heal|p1a: Blissey|100/100
|
|-weather|none
|upkeep
|turn|107
|
|t:|1666618565
|switch|p1a: Toxapex|Toxapex, M|100/100 brn
|move|p2a: Corviknight|Body Press|p1a: Toxapex
|-resisted|p1a: Toxapex
|-damage|p1a: Toxapex|91/100 brn
|
|-damage|p1a: Toxapex|85/100 brn|[from] brn
|upkeep
|turn|108
|
|t:|1666618569
|switch|p1a: Tornadus|Tornadus-Therian, M|100/100
|move|p2a: Corviknight|U-turn|p1a: Tornadus
|-resisted|p1a: Tornadus
|-damage|p1a: Tornadus|94/100
|
|t:|1666618574
|switch|p2a: Toxapex|Toxapex, M|100/100 brn|[from]move: U-turn
|
|-damage|p2a: Toxapex|94/100 brn|[from] brn
|upkeep
|turn|109
|j| waste yrself
|
|t:|1666618582
|switch|p1a: Toxapex|Toxapex, M|100/100 brn
|move|p2a: Toxapex|Knock Off|p1a: Toxapex
|-damage|p1a: Toxapex|97/100 brn
|
|-damage|p2a: Toxapex|88/100 brn|[from] brn
|-damage|p1a: Toxapex|91/100 brn|[from] brn
|upkeep
|turn|110
ASNUFSANGU is offering a tie.
|j| yuwenzhao
Stads rejected the tie.
|
|t:|1666618591
|switch|p1a: Blissey|Blissey, F|100/100
|switch|p2a: Tornadus|Tornadus-Therian, M|100/100 brn
|
|-damage|p2a: Tornadus|94/100 brn|[from] brn
|upkeep
|turn|111
|l| waste yrself
|
|t:|1666618597
|move|p2a: Tornadus|U-turn|p1a: Blissey
|-damage|p1a: Blissey|94/100
|
|t:|1666618599
|switch|p2a: Corviknight|Corviknight, M|100/100|[from]move: U-turn
|-ability|p2a: Corviknight|Pressure
|move|p1a: Blissey|Teleport|p1a: Blissey
|
|t:|1666618602
|switch|p1a: Quagsire|Quagsire, M|100/100|[from]move: Teleport
|
|upkeep
|turn|112
|
|t:|1666618607
|switch|p1a: Tornadus|Tornadus-Therian, M|100/100
|move|p2a: Corviknight|U-turn|p1a: Tornadus
|-resisted|p1a: Tornadus
|-damage|p1a: Tornadus|92/100
|
|t:|1666618610
|switch|p2a: Heatran|Heatran, M|99/100|[from]move: U-turn
|
|-heal|p2a: Heatran|100/100|[from] item: Leftovers
|upkeep
|turn|113
|
|t:|1666618615
|switch|p1a: Blissey|Blissey, F|94/100
|switch|p2a: Toxapex|Toxapex, M|100/100 brn
|
|-damage|p2a: Toxapex|94/100 brn|[from] brn
|upkeep
|turn|114
|
|t:|1666618620
|switch|p2a: Corviknight|Corviknight, M|100/100
|-ability|p2a: Corviknight|Pressure
|move|p1a: Blissey|Seismic Toss|p2a: Corviknight
|-damage|p2a: Corviknight|75/100
|
|-heal|p2a: Corviknight|82/100|[from] item: Leftovers
|upkeep
|turn|115
|
|t:|1666618625
|switch|p1a: Toxapex|Toxapex, M|100/100 brn
|move|p2a: Corviknight|Body Press|p1a: Toxapex
|-resisted|p1a: Toxapex
|-damage|p1a: Toxapex|90/100 brn
|
|-heal|p2a: Corviknight|88/100|[from] item: Leftovers
|-damage|p1a: Toxapex|84/100 brn|[from] brn
|upkeep
|turn|116
|
|t:|1666618631
|move|p2a: Corviknight|U-turn|p1a: Toxapex
|-resisted|p1a: Toxapex
|-damage|p1a: Toxapex|78/100 brn
|
|t:|1666618634
|switch|p2a: Heatran|Heatran, M|100/100|[from]move: U-turn
|move|p1a: Toxapex|Toxic Spikes|p2a: Heatran
|-sidestart|p2: Stads|move: Toxic Spikes
|
|-damage|p1a: Toxapex|72/100 brn|[from] brn
|upkeep
|turn|117
|
|t:|1666618638
|switch|p1a: Blissey|Blissey, F|94/100
|move|p2a: Heatran|Magma Storm|p1a: Blissey
|-damage|p1a: Blissey|79/100
|-activate|p1a: Blissey|move: Magma Storm|[of] p2a: Heatran
|
|-damage|p1a: Blissey|67/100|[from] move: Magma Storm|[partiallytrapped]
|upkeep
|turn|118
|
|t:|1666618642
|move|p2a: Heatran|Taunt|p1a: Blissey
|-start|p1a: Blissey|move: Taunt
|move|p1a: Blissey|Seismic Toss|p2a: Heatran
|-damage|p2a: Heatran|75/100
|
|-heal|p2a: Heatran|81/100|[from] item: Leftovers
|-damage|p1a: Blissey|54/100|[from] move: Magma Storm|[partiallytrapped]
|upkeep
|turn|119
|j| xtyftugy
|
|t:|1666618646
|move|p2a: Heatran|Toxic|p1a: Blissey
|-status|p1a: Blissey|tox
|move|p1a: Blissey|Seismic Toss|p2a: Heatran
|-damage|p2a: Heatran|55/100
|
|-heal|p2a: Heatran|61/100|[from] item: Leftovers
|-damage|p1a: Blissey|48/100 tox|[from] psn
|-damage|p1a: Blissey|36/100 tox|[from] move: Magma Storm|[partiallytrapped]
|upkeep
|turn|120
|
|t:|1666618648
|move|p2a: Heatran|Protect|p2a: Heatran
|-singleturn|p2a: Heatran|Protect
|move|p1a: Blissey|Seismic Toss|p2a: Heatran
|-activate|p2a: Heatran|move: Protect
|
|-heal|p2a: Heatran|67/100|[from] item: Leftovers
|-damage|p1a: Blissey|23/100 tox|[from] psn
|-damage|p1a: Blissey|11/100 tox|[from] move: Magma Storm|[partiallytrapped]
|-end|p1a: Blissey|move: Taunt
|upkeep
|turn|121
|
|t:|1666618651
|move|p2a: Heatran|Taunt|p1a: Blissey
|-start|p1a: Blissey|move: Taunt
|move|p1a: Blissey|Seismic Toss|p2a: Heatran
|-damage|p2a: Heatran|41/100
|
|-heal|p2a: Heatran|48/100|[from] item: Leftovers
|-damage|p1a: Blissey|0 fnt|[from] psn
|faint|p1a: Blissey
|upkeep
|c|☆ASNUFSANGU|"well, he either doesnt have taunt or he doesnt have ep
|
|t:|1666618676
|switch|p1a: Toxapex|Toxapex, M|100/100 brn
|turn|122
|
|t:|1666618679
|move|p2a: Heatran|Protect|p2a: Heatran
|-singleturn|p2a: Heatran|Protect
|move|p1a: Toxapex|Haze|p1a: Toxapex
|-clearallboost
|
|-heal|p2a: Heatran|54/100|[from] item: Leftovers
|-damage|p1a: Toxapex|94/100 brn|[from] brn
|upkeep
|turn|123
|
|t:|1666618683
|switch|p2a: Toxapex|Toxapex, M|100/100 brn
|-sideend|p2: Stads|move: Toxic Spikes|[of] p2a: Toxapex
|move|p1a: Toxapex|Scald|p2a: Toxapex
|-resisted|p2a: Toxapex
|-damage|p2a: Toxapex|94/100 brn
|
|-damage|p2a: Toxapex|88/100 brn|[from] brn
|-damage|p1a: Toxapex|88/100 brn|[from] brn
|upkeep
|turn|124
|
|t:|1666618689
|switch|p1a: Tornadus|Tornadus-Therian, M|100/100
|switch|p2a: Tornadus|Tornadus-Therian, M|100/100 brn
|
|-damage|p2a: Tornadus|94/100 brn|[from] brn
|upkeep
|turn|125
|
|t:|1666618692
|move|p2a: Tornadus|Knock Off|p1a: Tornadus
|-damage|p1a: Tornadus|90/100
|-enditem|p1a: Tornadus|Heavy-Duty Boots|[from] move: Knock Off|[of] p2a: Tornadus
|move|p1a: Tornadus|Hurricane|p2a: Tornadus|[miss]
|-miss|p1a: Tornadus|p2a: Tornadus
|
|-damage|p2a: Tornadus|88/100 brn|[from] brn
|upkeep
|turn|126
|
|t:|1666618698
|move|p2a: Tornadus|U-turn|p1a: Tornadus
|-resisted|p1a: Tornadus
|-damage|p1a: Tornadus|86/100
|l| blu3
|j| nian9
|
|t:|1666618700
|switch|p2a: Toxapex|Toxapex, M|100/100 brn|[from]move: U-turn
|move|p1a: Tornadus|Knock Off|p2a: Toxapex
|-damage|p2a: Toxapex|92/100 brn
|
|-damage|p2a: Toxapex|85/100 brn|[from] brn
|upkeep
|turn|127
|
|t:|1666618705
|switch|p1a: Toxapex|Toxapex, M|100/100 brn
|move|p2a: Toxapex|Scald|p1a: Toxapex
|-resisted|p1a: Toxapex
|-damage|p1a: Toxapex|96/100 brn
|
|-damage|p1a: Toxapex|89/100 brn|[from] brn
|-damage|p2a: Toxapex|79/100 brn|[from] brn
|upkeep
|turn|128
|
|t:|1666618712
|switch|p1a: Ferrothorn|Ferrothorn, F|39/100
|switch|p2a: Hippowdon|Hippowdon, M|78/100
|-weather|Sandstorm|[from] ability: Sand Stream|[of] p2a: Hippowdon
|
|-weather|Sandstorm|[upkeep]
|upkeep
|turn|129
|
|t:|1666618715
|switch|p2a: Kartana|Kartana|100/100
|switch|p1a: Tornadus|Tornadus-Therian, M|100/100
|
|-weather|Sandstorm|[upkeep]
|-damage|p1a: Tornadus|94/100|[from] Sandstorm
|upkeep
|turn|130
|j| Terroxer
|
|t:|1666618721
|switch|p2a: Corviknight|Corviknight, M|88/100
|-ability|p2a: Corviknight|Pressure
|move|p1a: Tornadus|Hurricane|p2a: Corviknight
|-resisted|p2a: Corviknight
|-crit|p2a: Corviknight
|-damage|p2a: Corviknight|60/100
|-start|p2a: Corviknight|confusion
|
|-weather|Sandstorm|[upkeep]
|-damage|p1a: Tornadus|88/100|[from] Sandstorm
|-heal|p2a: Corviknight|66/100|[from] item: Leftovers
|upkeep
|turn|131
|l| TJ Too Smooth
|
|t:|1666618728
|switch|p2a: Toxapex|Toxapex, M|100/100 brn
|move|p1a: Tornadus|Knock Off|p2a: Toxapex
|-damage|p2a: Toxapex|92/100 brn
|
|-weather|Sandstorm|[upkeep]
|-damage|p1a: Tornadus|82/100|[from] Sandstorm
|-damage|p2a: Toxapex|85/100 brn|[from] Sandstorm
|-damage|p2a: Toxapex|79/100 brn|[from] brn
|upkeep
|turn|132
|
|t:|1666618732
|switch|p1a: Toxapex|Toxapex, M|100/100 brn
|move|p2a: Toxapex|Scald|p1a: Toxapex
|-resisted|p1a: Toxapex
|-crit|p1a: Toxapex
|-damage|p1a: Toxapex|93/100 brn
|
|-weather|none
|-damage|p2a: Toxapex|73/100 brn|[from] brn
|-damage|p1a: Toxapex|87/100 brn|[from] brn
|upkeep
|turn|133
|
|t:|1666618737
|switch|p1a: Tornadus|Tornadus-Therian, M|100/100
|switch|p2a: Tornadus|Tornadus-Therian, M|100/100 brn
|
|-damage|p2a: Tornadus|94/100 brn|[from] brn
|upkeep
|turn|134
|j| Ran Kob
|
|t:|1666618742
|switch|p1a: Toxapex|Toxapex, M|100/100 brn
|move|p2a: Tornadus|Hurricane|p1a: Toxapex
|-damage|p1a: Toxapex|70/100 brn
|
|-damage|p2a: Tornadus|88/100 brn|[from] brn
|-damage|p1a: Toxapex|64/100 brn|[from] brn
|upkeep
|turn|135
|l| nian9
|
|t:|1666618751
|switch|p1a: Tornadus|Tornadus-Therian, M|100/100
|move|p2a: Tornadus|U-turn|p1a: Tornadus
|-resisted|p1a: Tornadus
|-damage|p1a: Tornadus|97/100
|j| TJ Too Smooth
|
|t:|1666618755
|switch|p2a: Corviknight|Corviknight, M|66/100|[from]move: U-turn
|-ability|p2a: Corviknight|Pressure
|
|-heal|p2a: Corviknight|72/100|[from] item: Leftovers
|upkeep
|turn|136
|
|t:|1666618760
|switch|p2a: Toxapex|Toxapex, M|100/100 brn
|move|p1a: Tornadus|Knock Off|p2a: Toxapex
|-damage|p2a: Toxapex|91/100 brn
|
|-damage|p2a: Toxapex|85/100 brn|[from] brn
|upkeep
|turn|137
|
|t:|1666618762
|switch|p1a: Toxapex|Toxapex, M|97/100 brn
|move|p2a: Toxapex|Scald|p1a: Toxapex
|-resisted|p1a: Toxapex
|-damage|p1a: Toxapex|91/100 brn
|
|-damage|p1a: Toxapex|85/100 brn|[from] brn
|-damage|p2a: Toxapex|79/100 brn|[from] brn
|upkeep
|turn|138
|
|t:|1666618768
|switch|p1a: Tornadus|Tornadus-Therian, M|100/100
|move|p2a: Toxapex|Scald|p1a: Tornadus
|-damage|p1a: Tornadus|82/100
|-status|p1a: Tornadus|brn
|
|-damage|p1a: Tornadus|76/100 brn|[from] brn
|-damage|p2a: Toxapex|73/100 brn|[from] brn
|upkeep
|turn|139
|
|t:|1666618773
|switch|p1a: Toxapex|Toxapex, M|100/100 brn
|switch|p2a: Tornadus|Tornadus-Therian, M|100/100 brn
|
|-damage|p2a: Tornadus|94/100 brn|[from] brn
|-damage|p1a: Toxapex|94/100 brn|[from] brn
|upkeep
|turn|140
|
|t:|1666618778
|switch|p2a: Corviknight|Corviknight, M|72/100
|-ability|p2a: Corviknight|Pressure
|switch|p1a: Tornadus|Tornadus-Therian, M|100/100 brn
|
|-heal|p2a: Corviknight|79/100|[from] item: Leftovers
|-damage|p1a: Tornadus|94/100 brn|[from] brn
|upkeep
|turn|141
|j| nian9
|
|t:|1666618787
|switch|p1a: Ferrothorn|Ferrothorn, F|39/100
|switch|p2a: Tornadus|Tornadus-Therian, M|100/100 brn
|
|-damage|p2a: Tornadus|94/100 brn|[from] brn
|upkeep
|turn|142
|
|t:|1666618791
|switch|p1a: Toxapex|Toxapex, M|100/100 brn
|move|p2a: Tornadus|Heat Wave|p1a: Toxapex
|-resisted|p1a: Toxapex
|-damage|p1a: Toxapex|92/100 brn
|
|-damage|p2a: Tornadus|88/100 brn|[from] brn
|-damage|p1a: Toxapex|85/100 brn|[from] brn
|upkeep
|turn|143
|l| TJ Too Smooth
|
|t:|1666618798
|switch|p1a: Tornadus|Tornadus-Therian, M|100/100 brn
|move|p2a: Tornadus|U-turn|p1a: Tornadus
|-resisted|p1a: Tornadus
|-damage|p1a: Tornadus|97/100 brn
|j| TJ Too Smooth
|
|t:|1666618800
|switch|p2a: Heatran|Heatran, M|54/100|[from]move: U-turn
|
|-heal|p2a: Heatran|60/100|[from] item: Leftovers
|-damage|p1a: Tornadus|91/100 brn|[from] brn
|upkeep
|turn|144
|
|t:|1666618803
|switch|p1a: Toxapex|Toxapex, M|100/100 brn
|move|p2a: Heatran|Protect||[still]
|-fail|p2a: Heatran
|
|-heal|p2a: Heatran|66/100|[from] item: Leftovers
|-damage|p1a: Toxapex|94/100 brn|[from] brn
|upkeep
|turn|145
|
|t:|1666618807
|move|p2a: Heatran|Protect|p2a: Heatran
|-singleturn|p2a: Heatran|Protect
|move|p1a: Toxapex|Scald|p2a: Heatran
|-activate|p2a: Heatran|move: Protect
|
|-heal|p2a: Heatran|73/100|[from] item: Leftovers
|-damage|p1a: Toxapex|88/100 brn|[from] brn
|upkeep
|turn|146
|l| nian9
|
|t:|1666618811
|switch|p2a: Corviknight|Corviknight, M|79/100
|-ability|p2a: Corviknight|Pressure
|move|p1a: Toxapex|Scald|p2a: Corviknight
|-damage|p2a: Corviknight|63/100
|
|-heal|p2a: Corviknight|70/100|[from] item: Leftovers
|-damage|p1a: Toxapex|82/100 brn|[from] brn
|upkeep
|turn|147
|l| xtyftugy
|
|t:|1666618816
|switch|p1a: Tornadus|Tornadus-Therian, M|100/100 brn
|move|p2a: Corviknight|Roost|p2a: Corviknight
|-heal|p2a: Corviknight|100/100
|-singleturn|p2a: Corviknight|move: Roost
|
|-damage|p1a: Tornadus|94/100 brn|[from] brn
|upkeep
|turn|148
|l| yuwenzhao
|
|t:|1666618819
|switch|p2a: Toxapex|Toxapex, M|100/100 brn
|move|p1a: Tornadus|Knock Off|p2a: Toxapex
|-damage|p2a: Toxapex|96/100 brn
|
|-damage|p1a: Tornadus|88/100 brn|[from] brn
|-damage|p2a: Toxapex|90/100 brn|[from] brn
|upkeep
|turn|149
|
|t:|1666618824
|switch|p1a: Toxapex|Toxapex, M|100/100 brn
|move|p2a: Toxapex|Knock Off|p1a: Toxapex
|-damage|p1a: Toxapex|97/100 brn
|
|-damage|p1a: Toxapex|91/100 brn|[from] brn
|-damage|p2a: Toxapex|84/100 brn|[from] brn
|upkeep
|turn|150
|
|t:|1666618827
|switch|p1a: Tornadus|Tornadus-Therian, M|100/100 brn
|switch|p2a: Heatran|Heatran, M|73/100
|
|-heal|p2a: Heatran|79/100|[from] item: Leftovers
|-damage|p1a: Tornadus|94/100 brn|[from] brn
|upkeep
|turn|151
|
|t:|1666618834
|switch|p1a: Toxapex|Toxapex, M|100/100 brn
|move|p2a: Heatran|Protect||[still]
|-fail|p2a: Heatran
|
|-heal|p2a: Heatran|85/100|[from] item: Leftovers
|-damage|p1a: Toxapex|94/100 brn|[from] brn
|upkeep
|turn|152
|
|t:|1666618839
|move|p2a: Heatran|Protect|p2a: Heatran
|-singleturn|p2a: Heatran|Protect
|move|p1a: Toxapex|Toxic Spikes|p2a: Heatran
|-sidestart|p2: Stads|move: Toxic Spikes
|
|-heal|p2a: Heatran|91/100|[from] item: Leftovers
|-damage|p1a: Toxapex|88/100 brn|[from] brn
|upkeep
|turn|153
|c| TJ Too Smooth|Soooo many stallish pokes 😭
|
|t:|1666618850
|switch|p1a: Tornadus|Tornadus-Therian, M|100/100 brn
|move|p2a: Heatran|Magma Storm|p1a: Tornadus|[miss]
|-miss|p2a: Heatran|p1a: Tornadus
|
|-heal|p2a: Heatran|97/100|[from] item: Leftovers
|-damage|p1a: Tornadus|94/100 brn|[from] brn
|upkeep
|turn|154
|
|t:|1666618854
|switch|p1a: Toxapex|Toxapex, M|100/100 brn
|move|p2a: Heatran|Protect||[still]
|-fail|p2a: Heatran
|
|-heal|p2a: Heatran|100/100|[from] item: Leftovers
|-damage|p1a: Toxapex|94/100 brn|[from] brn
|upkeep
|turn|155
|
|t:|1666618861
|move|p2a: Heatran|Magma Storm|p1a: Toxapex
|-resisted|p1a: Toxapex
|-damage|p1a: Toxapex|80/100 brn
|-activate|p1a: Toxapex|move: Magma Storm|[of] p2a: Heatran
|move|p1a: Toxapex|Haze|p1a: Toxapex
|-clearallboost
|
|-damage|p1a: Toxapex|74/100 brn|[from] brn
|-damage|p1a: Toxapex|62/100 brn|[from] move: Magma Storm|[partiallytrapped]
|upkeep
|turn|156
|
|t:|1666618868
|move|p2a: Heatran|Taunt|p1a: Toxapex
|-start|p1a: Toxapex|move: Taunt
|cant|p1a: Toxapex|move: Taunt|Haze
|
|-damage|p1a: Toxapex|55/100 brn|[from] brn
|-damage|p1a: Toxapex|43/100 brn|[from] move: Magma Storm|[partiallytrapped]
|upkeep
|turn|157
|
|t:|1666618879
|move|p2a: Heatran|Magma Storm|p1a: Toxapex
|-resisted|p1a: Toxapex
|-damage|p1a: Toxapex|28/100 brn
|move|p1a: Toxapex|Scald|p2a: Heatran
|-supereffective|p2a: Heatran
|-damage|p2a: Heatran|79/100
|
|-heal|p2a: Heatran|85/100|[from] item: Leftovers
|-damage|p1a: Toxapex|22/100 brn|[from] brn
|-damage|p1a: Toxapex|10/100 brn|[from] move: Magma Storm|[partiallytrapped]
|upkeep
|turn|158
|c|☆ASNUFSANGU|gg
|-message|ASNUFSANGU forfeited.
|
|win|Stads
|raw|ASNUFSANGU's rating: 1774 &rarr; <strong>1759</strong><br />(-15 for losing)
|raw|Stads's rating: 1856 &rarr; <strong>1871</strong><br />(+15 for winning)
|l|☆ASNUFSANGU
|c|☆Stads|What's Torn's 4th move lol
|l| Ran Kob
||Ladder isn't responding, score probably updated but might not have (Request timeout).
