|j|☆return nirvana
|j|☆BigWes95
|inactive|Battle timer is ON: inactive players will automatically lose when time's up.
|t:|1667226158
|gametype|singles
|player|p1|return nirvana|tuber-gen6|
|player|p2|BigWes95|265|
|teamsize|p1|6
|teamsize|p2|6
|gen|8
|tier|[Gen 8] OU
|rated|Tournament battle
|rule|Sleep Clause Mod: Limit one foe put to sleep
|rule|Species Clause: Limit one of each Pokémon
|rule|OHKO Clause: OHKO moves are banned
|rule|Evasion Items Clause: Evasion items are banned
|rule|Evasion Moves Clause: Evasion moves are banned
|rule|Endless Battle Clause: Forcing endless battles is banned
|rule|HP Percentage Mod: HP is shown in percentages
|rule|Dynamax Clause: You cannot dynamax
|clearpoke
|poke|p1|Clefable, F|
|poke|p1|Zapdos|
|poke|p1|Shedinja|
|poke|p1|Skarmory, M|
|poke|p1|Kartana|
|poke|p1|Toxapex, F|
|poke|p2|Dragapult, M|
|poke|p2|Tapu Lele|
|poke|p2|Landorus-Therian, M|
|poke|p2|Kartana|
|poke|p2|Melmetal|
|poke|p2|Zapdos|
|teampreview
|inactive|BigWes95 also wants the timer to be on.
|inactive|return nirvana also wants the timer to be on.
|
|t:|1667226175
|start
|switch|p1a: Toxapex|Toxapex, F|100/100
|switch|p2a: Zapdos|Zapdos|100/100
|turn|1
|
|t:|1667226177
|move|p2a: Zapdos|Volt Switch|p1a: Toxapex
|-supereffective|p1a: Toxapex
|-damage|p1a: Toxapex|49/100
|
|t:|1667226180
|switch|p2a: Landorus|Landorus-Therian, M|100/100|[from]move: Volt Switch
|-ability|p2a: Landorus|Intimidate|boost
|-unboost|p1a: Toxapex|atk|1
|move|p1a: Toxapex|Toxic|p2a: Landorus
|-status|p2a: Landorus|tox
|
|-damage|p2a: Landorus|94/100 tox|[from] psn
|upkeep
|turn|2
|
|t:|1667226184
|switch|p1a: Skarmory|Skarmory, M|100/100
|move|p2a: Landorus|Knock Off|p1a: Skarmory
|-damage|p1a: Skarmory|83/100
|-damage|p2a: Landorus|78/100 tox|[from] item: Rocky Helmet|[of] p1a: Skarmory
|-enditem|p1a: Skarmory|Rocky Helmet|[from] move: Knock Off|[of] p2a: Landorus
|
|-heal|p2a: Landorus|84/100 tox|[from] item: Leftovers
|-damage|p2a: Landorus|72/100 tox|[from] psn
|upkeep
|turn|3
|
|t:|1667226187
|move|p2a: Landorus|U-turn|p1a: Skarmory
|-resisted|p1a: Skarmory
|-damage|p1a: Skarmory|79/100
|
|t:|1667226189
|switch|p2a: Zapdos|Zapdos|100/100|[from]move: U-turn
|move|p1a: Skarmory|Spikes|p2a: Zapdos
|-sidestart|p2: BigWes95|Spikes
|
|upkeep
|turn|4
|
|t:|1667226192
|switch|p1a: Toxapex|Toxapex, F|82/100
|move|p2a: Zapdos|Volt Switch|p1a: Toxapex
|-supereffective|p1a: Toxapex
|-crit|p1a: Toxapex
|-damage|p1a: Toxapex|6/100
|
|t:|1667226195
|switch|p2a: Melmetal|Melmetal|100/100|[from]move: Volt Switch
|-damage|p2a: Melmetal|88/100|[from] Spikes
|
|upkeep
|turn|5
|
|t:|1667226200
|switch|p1a: Shedinja|Shedinja|100/100
|move|p2a: Melmetal|Thunder Punch|p1a: Shedinja
|-immune|p1a: Shedinja|[from] ability: Wonder Guard
|
|upkeep
|turn|6
|
|t:|1667226205
|switch|p2a: Landorus|Landorus-Therian, M|72/100 tox
|-ability|p2a: Landorus|Intimidate|boost
|-unboost|p1a: Shedinja|atk|1
|move|p1a: Shedinja|Toxic|p2a: Landorus
|-fail|p2a: Landorus|tox
|
|-heal|p2a: Landorus|78/100 tox|[from] item: Leftovers
|-damage|p2a: Landorus|72/100 tox|[from] psn
|upkeep
|turn|7
|
|t:|1667226211
|switch|p1a: Clefable|Clefable, F|100/100
|move|p2a: Landorus|U-turn|p1a: Clefable
|-resisted|p1a: Clefable
|-damage|p1a: Clefable|90/100
|
|t:|1667226216
|switch|p2a: Melmetal|Melmetal|88/100|[from]move: U-turn
|-damage|p2a: Melmetal|76/100|[from] Spikes
|
|upkeep
|turn|8
|
|t:|1667226221
|switch|p1a: Zapdos|Zapdos|100/100
|-ability|p1a: Zapdos|Pressure
|move|p2a: Melmetal|Double Iron Bash|p1a: Zapdos
|-resisted|p1a: Zapdos
|-damage|p1a: Zapdos|78/100
|-resisted|p1a: Zapdos
|-damage|p1a: Zapdos|56/100
|-hitcount|p1a: Zapdos|2
|
|upkeep
|turn|9
|
|t:|1667226229
|switch|p2a: Zapdos|Zapdos|100/100
|move|p1a: Zapdos|Roost|p1a: Zapdos
|-heal|p1a: Zapdos|100/100
|-singleturn|p1a: Zapdos|move: Roost
|
|upkeep
|turn|10
|
|t:|1667226232
|move|p1a: Zapdos|Toxic|p2a: Zapdos
|-status|p2a: Zapdos|tox
|move|p2a: Zapdos|Heat Wave|p1a: Zapdos
|-crit|p1a: Zapdos
|-damage|p1a: Zapdos|45/100
|-status|p1a: Zapdos|brn
|
|-damage|p2a: Zapdos|94/100 tox|[from] psn
|-damage|p1a: Zapdos|39/100 brn|[from] brn
|upkeep
|turn|11
|
|t:|1667226234
|move|p1a: Zapdos|Roost|p1a: Zapdos
|-heal|p1a: Zapdos|90/100 brn
|-singleturn|p1a: Zapdos|move: Roost
|move|p2a: Zapdos|Volt Switch|p1a: Zapdos
|-resisted|p1a: Zapdos
|-damage|p1a: Zapdos|70/100 brn
|
|t:|1667226239
|switch|p2a: Dragapult|Dragapult, M|100/100|[from]move: Volt Switch
|-damage|p2a: Dragapult|88/100|[from] Spikes
|
|-damage|p1a: Zapdos|64/100 brn|[from] brn
|upkeep
|turn|12
|
|t:|1667226245
|move|p2a: Dragapult|Shadow Ball|p1a: Zapdos
|-damage|p1a: Zapdos|10/100 brn
|move|p1a: Zapdos|Roost|p1a: Zapdos
|-heal|p1a: Zapdos|60/100 brn
|-singleturn|p1a: Zapdos|move: Roost
|
|-damage|p1a: Zapdos|54/100 brn|[from] brn
|upkeep
|turn|13
|
|t:|1667226255
|switch|p1a: Clefable|Clefable, F|90/100
|move|p2a: Dragapult|Shadow Ball|p1a: Clefable
|-damage|p1a: Clefable|49/100
|
|upkeep
|turn|14
|
|t:|1667226262
|move|p2a: Dragapult|Shadow Ball|p1a: Clefable
|-damage|p1a: Clefable|9/100
|move|p1a: Clefable|Soft-Boiled|p1a: Clefable
|-heal|p1a: Clefable|59/100
|
|upkeep
|turn|15
|
|t:|1667226265
|switch|p2a: Melmetal|Melmetal|76/100
|-damage|p2a: Melmetal|63/100|[from] Spikes
|move|p1a: Clefable|Soft-Boiled|p1a: Clefable
|-heal|p1a: Clefable|100/100
|
|upkeep
|turn|16
|
|t:|1667226268
|move|p1a: Clefable|Stealth Rock|p2a: Melmetal
|-sidestart|p2: BigWes95|move: Stealth Rock
|move|p2a: Melmetal|Double Iron Bash|p1a: Clefable
|-supereffective|p1a: Clefable
|-damage|p1a: Clefable|11/100
|-supereffective|p1a: Clefable
|-crit|p1a: Clefable
|-damage|p1a: Clefable|0 fnt
|faint|p1a: Clefable
|-hitcount|p1: Clefable|2
|
|upkeep
|
|t:|1667226277
|switch|p1a: Toxapex|Toxapex, F|39/100
|turn|17
|
|t:|1667226284
|switch|p1a: Shedinja|Shedinja|100/100
|move|p2a: Melmetal|Double Iron Bash|p1a: Shedinja
|-immune|p1a: Shedinja|[from] ability: Wonder Guard
|
|upkeep
|turn|18
|
|t:|1667226289
|switch|p1a: Zapdos|Zapdos|54/100 brn
|-ability|p1a: Zapdos|Pressure
|switch|p2a: Zapdos|Zapdos|94/100 tox
|
|-damage|p2a: Zapdos|88/100 tox|[from] psn
|-damage|p1a: Zapdos|48/100 brn|[from] brn
|upkeep
|turn|19
|
|t:|1667226293
|move|p1a: Zapdos|Volt Switch|p2a: Zapdos
|-damage|p2a: Zapdos|59/100 tox
|
|t:|1667226295
|switch|p1a: Kartana|Kartana|100/100|[from]move: Volt Switch
|move|p2a: Zapdos|Volt Switch|p1a: Kartana
|-resisted|p1a: Kartana
|-damage|p1a: Kartana|38/100
|
|t:|1667226302
|switch|p2a: Landorus|Landorus-Therian, M|72/100 tox|[from]move: Volt Switch
|-damage|p2a: Landorus|60/100 tox|[from] Stealth Rock
|-ability|p2a: Landorus|Intimidate|boost
|-unboost|p1a: Kartana|atk|1
|
|-heal|p2a: Landorus|66/100 tox|[from] item: Leftovers
|-damage|p2a: Landorus|60/100 tox|[from] psn
|upkeep
|turn|20
|
|t:|1667226307
|switch|p1a: Skarmory|Skarmory, M|79/100
|move|p2a: Landorus|Defog|p1a: Skarmory
|-unboost|p1a: Skarmory|evasion|1
|-sideend|p2: BigWes95|Spikes|[from] move: Defog|[of] p2a: Landorus
|-sideend|p2: BigWes95|Stealth Rock|[from] move: Defog|[of] p2a: Landorus
|
|-heal|p2a: Landorus|66/100 tox|[from] item: Leftovers
|-damage|p2a: Landorus|54/100 tox|[from] psn
|upkeep
|turn|21
|
|t:|1667226309
|move|p2a: Landorus|U-turn|p1a: Skarmory
|-resisted|p1a: Skarmory
|-damage|p1a: Skarmory|76/100
|
|t:|1667226311
|switch|p2a: Zapdos|Zapdos|59/100 tox|[from]move: U-turn
|move|p1a: Skarmory|Spikes|p2a: Zapdos
|-sidestart|p2: BigWes95|Spikes
|
|-damage|p2a: Zapdos|53/100 tox|[from] psn
|upkeep
|turn|22
|
|t:|1667226313
|switch|p1a: Shedinja|Shedinja|100/100
|move|p2a: Zapdos|Volt Switch|p1a: Shedinja
|-immune|p1a: Shedinja|[from] ability: Wonder Guard
|
|-damage|p2a: Zapdos|41/100 tox|[from] psn
|upkeep
|turn|23
|
|t:|1667226316
|move|p1a: Shedinja|Shadow Sneak|p2a: Zapdos
|-damage|p2a: Zapdos|22/100 tox
|move|p2a: Zapdos|Roost|p2a: Zapdos
|-heal|p2a: Zapdos|72/100 tox
|-singleturn|p2a: Zapdos|move: Roost
|
|-damage|p2a: Zapdos|54/100 tox|[from] psn
|upkeep
|turn|24
|
|t:|1667226319
|move|p1a: Shedinja|Protect|p1a: Shedinja
|-singleturn|p1a: Shedinja|Protect
|move|p2a: Zapdos|Heat Wave|p1a: Shedinja
|-activate|p1a: Shedinja|move: Protect
|
|-damage|p2a: Zapdos|30/100 tox|[from] psn
|upkeep
|turn|25
|
|t:|1667226323
|move|p1a: Shedinja|Shadow Sneak|p2a: Zapdos
|-damage|p2a: Zapdos|13/100 tox
|move|p2a: Zapdos|Volt Switch|p1a: Shedinja
|-immune|p1a: Shedinja|[from] ability: Wonder Guard
|
|-damage|p2a: Zapdos|0 fnt|[from] psn
|faint|p2a: Zapdos
|upkeep
|
|t:|1667226326
|switch|p2a: Dragapult|Dragapult, M|88/100
|-damage|p2a: Dragapult|76/100|[from] Spikes
|turn|26
|
|t:|1667226334
|switch|p1a: Zapdos|Zapdos|48/100 brn
|-ability|p1a: Zapdos|Pressure
|move|p2a: Dragapult|Shadow Ball|p1a: Zapdos
|-damage|p1a: Zapdos|0 fnt
|faint|p1a: Zapdos
|
|upkeep
|
|t:|1667226336
|switch|p1a: Kartana|Kartana|38/100
|turn|27
|
|t:|1667226341
|switch|p2a: Landorus|Landorus-Therian, M|54/100 tox
|-ability|p2a: Landorus|Intimidate|boost
|-unboost|p1a: Kartana|atk|1
|move|p1a: Kartana|Knock Off|p2a: Landorus
|-damage|p2a: Landorus|24/100 tox
|-enditem|p2a: Landorus|Leftovers|[from] move: Knock Off|[of] p1a: Kartana
|
|-damage|p2a: Landorus|18/100 tox|[from] psn
|upkeep
|turn|28
|
|t:|1667226344
|move|p1a: Kartana|Knock Off|p2a: Landorus
|-damage|p2a: Landorus|0 fnt
|faint|p2a: Landorus
|-ability|p1a: Kartana|Beast Boost|boost
|-boost|p1a: Kartana|atk|1
|
|upkeep
|
|t:|1667226350
|switch|p2a: Kartana|Kartana|100/100
|-damage|p2a: Kartana|88/100|[from] Spikes
|turn|29
|
|t:|1667226352
|switch|p1a: Toxapex|Toxapex, F|73/100
|move|p2a: Kartana|Knock Off|p1a: Toxapex
|-damage|p1a: Toxapex|38/100
|-enditem|p1a: Toxapex|Shed Shell|[from] move: Knock Off|[of] p2a: Kartana
|
|upkeep
|turn|30
|
|t:|1667226357
|switch|p2a: Tapu Lele|Tapu Lele|100/100
|-damage|p2a: Tapu Lele|88/100|[from] Spikes
|-fieldstart|move: Psychic Terrain|[from] ability: Psychic Surge|[of] p2a: Tapu Lele
|move|p1a: Toxapex|Recover|p1a: Toxapex
|-heal|p1a: Toxapex|88/100
|
|upkeep
|turn|31
|
|t:|1667226362
|switch|p2a: Dragapult|Dragapult, M|76/100
|-damage|p2a: Dragapult|64/100|[from] Spikes
|switch|p1a: Shedinja|Shedinja|100/100
|
|upkeep
|turn|32
|
|t:|1667226364
|move|p1a: Shedinja|Protect|p1a: Shedinja
|-singleturn|p1a: Shedinja|Protect
|move|p2a: Dragapult|Shadow Ball|p1a: Shedinja
|-activate|p1a: Shedinja|move: Protect
|
|upkeep
|turn|33
|
|t:|1667226367
|switch|p1a: Toxapex|Toxapex, F|100/100
|move|p2a: Dragapult|Shadow Ball|p1a: Toxapex
|-crit|p1a: Toxapex
|-damage|p1a: Toxapex|43/100
|
|upkeep
|turn|34
|
|t:|1667226369
|move|p2a: Dragapult|Shadow Ball|p1a: Toxapex
|-damage|p1a: Toxapex|8/100
|-unboost|p1a: Toxapex|spd|1
|move|p1a: Toxapex|Knock Off|p2a: Dragapult
|-supereffective|p2a: Dragapult
|-damage|p2a: Dragapult|22/100
|-enditem|p2a: Dragapult|Choice Specs|[from] move: Knock Off|[of] p1a: Toxapex
|
|-fieldend|move: Psychic Terrain
|upkeep
|turn|35
|
|t:|1667226376
|move|p2a: Dragapult|Shadow Ball|p1a: Toxapex
|-damage|p1a: Toxapex|0 fnt
|faint|p1a: Toxapex
|
|upkeep
|
|t:|1667226377
|switch|p1a: Kartana|Kartana|38/100
|turn|36
|
|t:|1667226388
|move|p1a: Kartana|Knock Off|p2a: Dragapult
|-supereffective|p2a: Dragapult
|-damage|p2a: Dragapult|0 fnt
|faint|p2a: Dragapult
|-ability|p1a: Kartana|Beast Boost|boost
|-boost|p1a: Kartana|atk|1
|
|upkeep
|
|t:|1667226391
|switch|p2a: Kartana|Kartana|88/100
|-damage|p2a: Kartana|76/100|[from] Spikes
|turn|37
|
|t:|1667226394
|switch|p1a: Skarmory|Skarmory, M|76/100
|switch|p2a: Melmetal|Melmetal|63/100
|-damage|p2a: Melmetal|51/100|[from] Spikes
|
|upkeep
|turn|38
|
|t:|1667226397
|switch|p1a: Shedinja|Shedinja|100/100
|move|p2a: Melmetal|Thunder Punch|p1a: Shedinja
|-immune|p1a: Shedinja|[from] ability: Wonder Guard
|
|upkeep
|turn|39
|
|t:|1667226403
|switch|p2a: Tapu Lele|Tapu Lele|88/100
|-damage|p2a: Tapu Lele|76/100|[from] Spikes
|-fieldstart|move: Psychic Terrain|[from] ability: Psychic Surge|[of] p2a: Tapu Lele
|move|p1a: Shedinja|Will-O-Wisp|p2a: Tapu Lele|[miss]
|-miss|p1a: Shedinja|p2a: Tapu Lele
|
|upkeep
|turn|40
|
|t:|1667226406
|switch|p2a: Kartana|Kartana|76/100
|-damage|p2a: Kartana|63/100|[from] Spikes
|move|p1a: Shedinja|Protect||[still]
|-fail|p1a: Shedinja
|
|upkeep
|turn|41
|
|t:|1667226414
|switch|p2a: Tapu Lele|Tapu Lele|76/100
|-damage|p2a: Tapu Lele|63/100|[from] Spikes
|move|p1a: Shedinja|Protect||[still]
|-fail|p1a: Shedinja
|
|upkeep
|turn|42
|
|t:|1667226417
|switch|p2a: Kartana|Kartana|63/100
|-damage|p2a: Kartana|51/100|[from] Spikes
|move|p1a: Shedinja|Will-O-Wisp|p2a: Kartana|[miss]
|-miss|p1a: Shedinja|p2a: Kartana
|
|upkeep
|turn|43
|c|☆return nirvana|all this luck and you still losing rofl
|
|t:|1667226427
|switch|p1a: Skarmory|Skarmory, M|76/100
|move|p2a: Kartana|Knock Off|p1a: Skarmory
|-damage|p1a: Skarmory|59/100
|
|-fieldend|move: Psychic Terrain
|upkeep
|turn|44
|c|☆BigWes95|You're using shedinja stall
|c|☆BigWes95|You do realise that right?
|c|☆return nirvana|so?
|inactive|BigWes95 has 120 seconds left.
|c|☆BigWes95|And youre complaining?
|c|☆BigWes95|This is the cheapest shit
|
|t:|1667226471
|switch|p2a: Melmetal|Melmetal|51/100
|-damage|p2a: Melmetal|38/100|[from] Spikes
|move|p1a: Skarmory|Roost|p1a: Skarmory
|-heal|p1a: Skarmory|100/100
|-singleturn|p1a: Skarmory|move: Roost
|
|upkeep
|turn|45
|c|☆return nirvana|I'm not allowed to complain cuz I'm using stall?
|c|☆return nirvana|tell all the top players that
|
|t:|1667226484
|switch|p1a: Shedinja|Shedinja|100/100
|move|p2a: Melmetal|Thunder Punch|p1a: Shedinja
|-immune|p1a: Shedinja|[from] ability: Wonder Guard
|
|upkeep
|turn|46
|c|☆BigWes95|Yeah they don't cry about shit
|c|☆return nirvana|you def don't watch tours then
|c|☆return nirvana|easy win
|inactive|BigWes95 has 90 seconds left.
|c|☆return nirvana|gtfo
|c|☆BigWes95|Plus this melm is supposed to have toxic but I'm on my phone
|inactive|BigWes95 has 60 seconds left.
|j| SaltyPineapple27
|j| testingteams888
|inactive|BigWes95 has 30 seconds left.
|c|☆BigWes95|Lol if I was on my comp you wouldve lost easily
|c|☆BigWes95|gg
|c|☆BigWes95|gl
|c|☆return nirvana|you got lucky as fuck, lost, and you're still talking shit. lmao you're a joke kid
|inactive|BigWes95 has 20 seconds left.
|inactive|BigWes95 has 15 seconds left.
|inactive|BigWes95 has 10 seconds left.
|c|☆BigWes95|I wasn't saying anything lol
|c|☆return nirvana|take your L
|inactive|BigWes95 has 5 seconds left.
|c| SaltyPineapple27|damn what civil war did I just walk into
|c|☆BigWes95|You started talking shit
|-message|BigWes95 lost due to inactivity.
|
|win|return nirvana
|n|☆return nirvana|returnnirvana
|n|☆BigWes95|bigwes95
|n| SaltyPineapple27|saltypineapple27
|n| testingteams888|testingteams888
|c|☆BigWes95|I took my L lol
|c|☆return nirvana|apparently
|c|☆return nirvana|I'm not allowed to talk shit
|l| SaltyPineapple27
|c|☆return nirvana|cuz I'm using stall
|c|☆return nirvana|rofl...
