|j|☆im tofa
|j|☆nimed beatches
|inactive|Battle timer is ON: inactive players will automatically lose when time's up.
|t:|1665326655
|gametype|singles
|player|p1|im tofa|psychic-gen4|
|player|p2|nimed beatches|maid-gen6|
|teamsize|p1|6
|teamsize|p2|6
|gen|8
|tier|[Gen 8] OU
|rated|Tournament battle
|rule|Sleep Clause Mod: Limit one foe put to sleep
|rule|Species Clause: Limit one of each Pokémon
|rule|OHKO Clause: OHKO moves are banned
|rule|Evasion Items Clause: Evasion items are banned
|rule|Evasion Moves Clause: Evasion moves are banned
|rule|Endless Battle Clause: Forcing endless battles is banned
|rule|HP Percentage Mod: HP is shown in percentages
|rule|Dynamax Clause: You cannot dynamax
|clearpoke
|poke|p1|Cresselia, F|
|poke|p1|Ferrothorn, F|
|poke|p1|Heatran, M|
|poke|p1|Tsareena, F|
|poke|p1|Landorus-Therian, M|
|poke|p1|Umbreon, F|
|poke|p2|Tyranitar, M|
|poke|p2|Excadrill, M|
|poke|p2|Buzzwole|
|poke|p2|Ferrothorn, M|
|poke|p2|Tornadus-Therian, M|
|poke|p2|Slowbro, M|
|teampreview
|inactive|im tofa also wants the timer to be on.
|j| BloodFins˙︵˙
|j| GengarForFun
|inactive|im tofa has 120 seconds left.
|j|@Sww-Suwa
|
|t:|1665326692
|start
|switch|p1a: Landorus|Landorus-Therian, M|100/100
|switch|p2a: Tornadus|Tornadus-Therian, M, shiny|100/100
|-ability|p1a: Landorus|Intimidate|boost
|-unboost|p2a: Tornadus|atk|1
|turn|1
|
|t:|1665326714
|switch|p1a: Heatran|Heatran, M|100/100
|move|p2a: Tornadus|Toxic|p1a: Heatran
|-immune|p1a: Heatran
|
|upkeep
|turn|2
|
|t:|1665326726
|move|p2a: Tornadus|Knock Off|p1a: Heatran
|-damage|p1a: Heatran|89/100
|-enditem|p1a: Heatran|Leftovers|[from] move: Knock Off|[of] p2a: Tornadus
|move|p1a: Heatran|Toxic|p2a: Tornadus|[miss]
|-miss|p1a: Heatran|p2a: Tornadus
|
|upkeep
|turn|3
|
|t:|1665326736
|switch|p2a: Slowbro|Slowbro, M, shiny|100/100
|move|p1a: Heatran|Toxic|p2a: Slowbro
|-status|p2a: Slowbro|tox
|
|-damage|p2a: Slowbro|94/100 tox|[from] psn
|upkeep
|turn|4
|
|t:|1665326749
|move|p1a: Heatran|Stealth Rock|p2a: Slowbro
|-sidestart|p2: nimed beatches|move: Stealth Rock
|move|p2a: Slowbro|Scald|p1a: Heatran
|-supereffective|p1a: Heatran
|-crit|p1a: Heatran
|-damage|p1a: Heatran|34/100
|
|-damage|p2a: Slowbro|82/100 tox|[from] psn
|upkeep
|turn|5
|
|t:|1665326754
|switch|p1a: Umbreon|Umbreon, F|100/100
|move|p2a: Slowbro|Teleport|p2a: Slowbro
|
|t:|1665326759
|switch|p2a: Tornadus|Tornadus-Therian, M, shiny|100/100|[from]move: Teleport
|
|upkeep
|turn|6
|
|t:|1665326773
|move|p2a: Tornadus|Knock Off|p1a: Umbreon
|-resisted|p1a: Umbreon
|-damage|p1a: Umbreon|95/100
|-enditem|p1a: Umbreon|Leftovers|[from] move: Knock Off|[of] p2a: Tornadus
|move|p1a: Umbreon|Wish|p1a: Umbreon
|
|upkeep
|turn|7
|
|t:|1665326780
|switch|p1a: Heatran|Heatran, M|34/100
|move|p2a: Tornadus|U-turn|p1a: Heatran
|-resisted|p1a: Heatran
|-damage|p1a: Heatran|31/100
|
|t:|1665326785
|switch|p2a: Excadrill|Excadrill, M, shiny|100/100|[from]move: U-turn
|-damage|p2a: Excadrill|97/100|[from] Stealth Rock
|
|-heal|p1a: Heatran|82/100|[from] move: Wish|[wisher] Umbreon
|-heal|p2a: Excadrill|100/100|[from] item: Leftovers
|upkeep
|turn|8
|j| testingteams888
|
|t:|1665326789
|switch|p1a: Ferrothorn|Ferrothorn, F|100/100
|move|p2a: Excadrill|Earthquake|p1a: Ferrothorn
|-damage|p1a: Ferrothorn|58/100
|
|-heal|p1a: Ferrothorn|65/100|[from] item: Leftovers
|upkeep
|turn|9
|
|t:|1665326798
|move|p2a: Excadrill|Swords Dance|p2a: Excadrill
|-boost|p2a: Excadrill|atk|2
|move|p1a: Ferrothorn|Leech Seed|p2a: Excadrill|[miss]
|-miss|p1a: Ferrothorn|p2a: Excadrill
|
|-heal|p1a: Ferrothorn|71/100|[from] item: Leftovers
|upkeep
|turn|10
|
|t:|1665326824
|move|p2a: Excadrill|Iron Head|p1a: Ferrothorn
|-resisted|p1a: Ferrothorn
|-damage|p1a: Ferrothorn|37/100
|-damage|p2a: Excadrill|88/100|[from] ability: Iron Barbs|[of] p1a: Ferrothorn
|move|p1a: Ferrothorn|Leech Seed|p2a: Excadrill|[miss]
|-miss|p1a: Ferrothorn|p2a: Excadrill
|
|-heal|p2a: Excadrill|94/100|[from] item: Leftovers
|-heal|p1a: Ferrothorn|43/100|[from] item: Leftovers
|upkeep
|turn|11
|inactive|im tofa has 120 seconds left.
|
|t:|1665326854
|move|p2a: Excadrill|Iron Head|p1a: Ferrothorn
|-resisted|p1a: Ferrothorn
|-damage|p1a: Ferrothorn|11/100
|-damage|p2a: Excadrill|82/100|[from] ability: Iron Barbs|[of] p1a: Ferrothorn
|move|p1a: Ferrothorn|Leech Seed|p2a: Excadrill
|-start|p2a: Excadrill|move: Leech Seed
|
|-heal|p2a: Excadrill|88/100|[from] item: Leftovers
|-heal|p1a: Ferrothorn|17/100|[from] item: Leftovers
|-damage|p2a: Excadrill|75/100|[from] Leech Seed|[of] p1a: Ferrothorn
|-heal|p1a: Ferrothorn|30/100|[silent]
|upkeep
|turn|12
|j| Yeezy Lobster
|
|t:|1665326869
|switch|p1a: Landorus|Landorus-Therian, M|100/100
|-ability|p1a: Landorus|Intimidate|boost
|-unboost|p2a: Excadrill|atk|1
|move|p2a: Excadrill|Iron Head|p1a: Landorus
|-damage|p1a: Landorus|43/100
|
|-heal|p2a: Excadrill|81/100|[from] item: Leftovers
|-heal|p1a: Landorus|49/100|[from] item: Leftovers
|-damage|p2a: Excadrill|69/100|[from] Leech Seed|[of] p1a: Landorus
|-heal|p1a: Landorus|61/100|[silent]
|upkeep
|turn|13
|j| dungiman
|
|t:|1665326878
|switch|p2a: Tornadus|Tornadus-Therian, M, shiny|100/100
|move|p1a: Landorus|Protect||[still]
|-fail|p1a: Landorus
|
|-heal|p1a: Landorus|67/100|[from] item: Leftovers
|upkeep
|turn|14
|l| dungiman
|
|t:|1665326891
|switch|p1a: Umbreon|Umbreon, F|95/100
|move|p2a: Tornadus|Knock Off|p1a: Umbreon
|-resisted|p1a: Umbreon
|-damage|p1a: Umbreon|91/100
|
|upkeep
|turn|15
|
|t:|1665326893
|move|p2a: Tornadus|U-turn|p1a: Umbreon
|-supereffective|p1a: Umbreon
|-damage|p1a: Umbreon|73/100
|
|t:|1665326898
|switch|p2a: Ferrothorn|Ferrothorn, M, shiny|100/100|[from]move: U-turn
|-damage|p2a: Ferrothorn|94/100|[from] Stealth Rock
|move|p1a: Umbreon|Wish|p1a: Umbreon
|
|-heal|p2a: Ferrothorn|100/100|[from] item: Leftovers
|upkeep
|turn|16
|
|t:|1665326907
|switch|p1a: Heatran|Heatran, M|82/100
|move|p2a: Ferrothorn|Stealth Rock|p1a: Heatran
|-sidestart|p1: im tofa|move: Stealth Rock
|
|-heal|p1a: Heatran|100/100|[from] move: Wish|[wisher] Umbreon
|upkeep
|turn|17
|
|t:|1665326910
|switch|p2a: Tornadus|Tornadus-Therian, M, shiny|100/100
|move|p1a: Heatran|Magma Storm|p2a: Tornadus
|-damage|p2a: Tornadus|60/100
|-activate|p2a: Tornadus|move: Magma Storm|[of] p1a: Heatran
|
|-damage|p2a: Tornadus|48/100|[from] move: Magma Storm|[partiallytrapped]
|upkeep
|turn|18
|j| Forwards
|
|t:|1665326918
|move|p2a: Tornadus|U-turn|p1a: Heatran
|-resisted|p1a: Heatran
|-damage|p1a: Heatran|98/100
|
|t:|1665326921
|switch|p2a: Slowbro|Slowbro, M, shiny|100/100 tox|[from]move: U-turn
|move|p1a: Heatran|Magma Storm|p2a: Slowbro
|-resisted|p2a: Slowbro
|-damage|p2a: Slowbro|84/100 tox
|-activate|p2a: Slowbro|move: Magma Storm|[of] p1a: Heatran
|
|-damage|p2a: Slowbro|78/100 tox|[from] psn
|-damage|p2a: Slowbro|66/100 tox|[from] move: Magma Storm|[partiallytrapped]
|upkeep
|turn|19
|
|t:|1665326945
|switch|p1a: Cresselia|Cresselia, F|100/100
|-damage|p1a: Cresselia|88/100|[from] Stealth Rock
|move|p2a: Slowbro|Teleport|p2a: Slowbro
|l| Forwards
|j| Forwards
|
|t:|1665326959
|switch|p2a: Tyranitar|Tyranitar, M, shiny|100/100|[from]move: Teleport
|-damage|p2a: Tyranitar|88/100|[from] Stealth Rock
|-weather|Sandstorm|[from] ability: Sand Stream|[of] p2a: Tyranitar
|
|-weather|Sandstorm|[upkeep]
|-damage|p1a: Cresselia|82/100|[from] Sandstorm
|-heal|p1a: Cresselia|88/100|[from] item: Leftovers
|upkeep
|turn|20
|
|t:|1665326967
|switch|p1a: Ferrothorn|Ferrothorn, F|30/100
|-damage|p1a: Ferrothorn|24/100|[from] Stealth Rock
|move|p2a: Tyranitar|Crunch|p1a: Ferrothorn
|-damage|p1a: Ferrothorn|0 fnt
|-damage|p2a: Tyranitar|76/100|[from] ability: Iron Barbs|[of] p1a: Ferrothorn
|faint|p1a: Ferrothorn
|
|-weather|Sandstorm|[upkeep]
|upkeep
|
|t:|1665326988
|switch|p1a: Landorus|Landorus-Therian, M|67/100
|-damage|p1a: Landorus|54/100|[from] Stealth Rock
|-ability|p1a: Landorus|Intimidate|boost
|-unboost|p2a: Tyranitar|atk|1
|turn|21
|
|t:|1665327002
|switch|p2a: Tornadus|Tornadus-Therian, M, shiny|81/100
|move|p1a: Landorus|Knock Off|p2a: Tornadus
|-damage|p2a: Tornadus|50/100
|-enditem|p2a: Tornadus|Heavy-Duty Boots|[from] move: Knock Off|[of] p1a: Landorus
|
|-weather|Sandstorm|[upkeep]
|-damage|p2a: Tornadus|44/100|[from] Sandstorm
|-heal|p1a: Landorus|60/100|[from] item: Leftovers
|upkeep
|turn|22
|
|t:|1665327010
|move|p1a: Landorus|Protect|p1a: Landorus
|-singleturn|p1a: Landorus|Protect
|move|p2a: Tornadus|U-turn|p1a: Landorus
|-activate|p1a: Landorus|move: Protect
|
|-weather|Sandstorm|[upkeep]
|-damage|p2a: Tornadus|38/100|[from] Sandstorm
|-heal|p1a: Landorus|66/100|[from] item: Leftovers
|upkeep
|turn|23
|
|t:|1665327021
|switch|p1a: Umbreon|Umbreon, F|73/100
|-damage|p1a: Umbreon|61/100|[from] Stealth Rock
|move|p2a: Tornadus|U-turn|p1a: Umbreon
|-supereffective|p1a: Umbreon
|-damage|p1a: Umbreon|44/100
|
|t:|1665327032
|switch|p2a: Tyranitar|Tyranitar, M, shiny|76/100|[from]move: U-turn
|-damage|p2a: Tyranitar|64/100|[from] Stealth Rock
|
|-weather|none
|upkeep
|turn|24
|
|t:|1665327035
|move|p1a: Umbreon|Protect|p1a: Umbreon
|-singleturn|p1a: Umbreon|Protect
|move|p2a: Tyranitar|Stone Edge|p1a: Umbreon
|-activate|p1a: Umbreon|move: Protect
|
|upkeep
|turn|25
|j| text me maybe
|l| text me maybe
|
|t:|1665327058
|move|p2a: Tyranitar|Stone Edge|p1a: Umbreon
|-damage|p1a: Umbreon|0 fnt
|faint|p1a: Umbreon
|
|upkeep
|
|t:|1665327062
|switch|p1a: Tsareena|Tsareena, F|100/100
|turn|26
|
|t:|1665327072
|switch|p2a: Buzzwole|Buzzwole, shiny|100/100
|-damage|p2a: Buzzwole|88/100|[from] Stealth Rock
|move|p1a: Tsareena|Rapid Spin|p2a: Buzzwole
|-damage|p2a: Buzzwole|78/100
|-boost|p1a: Tsareena|spe|1
|-damage|p1a: Tsareena|84/100|[from] item: Rocky Helmet|[of] p2a: Buzzwole
|-sideend|p1: im tofa|Stealth Rock|[from] move: Rapid Spin|[of] p1a: Tsareena
|
|upkeep
|turn|27
|
|t:|1665327084
|switch|p1a: Cresselia|Cresselia, F|88/100
|move|p2a: Buzzwole|Toxic|p1a: Cresselia
|-status|p1a: Cresselia|tox
|
|-heal|p1a: Cresselia|94/100 tox|[from] item: Leftovers
|-damage|p1a: Cresselia|88/100 tox|[from] psn
|upkeep
|turn|28
|
|t:|1665327095
|switch|p2a: Slowbro|Slowbro, M, shiny|99/100 tox
|switch|p1a: Tsareena|Tsareena, F|84/100
|
|-damage|p2a: Slowbro|93/100 tox|[from] psn
|upkeep
|turn|29
|j| sufys12
|
|t:|1665327103
|switch|p2a: Ferrothorn|Ferrothorn, M, shiny|100/100
|-damage|p2a: Ferrothorn|94/100|[from] Stealth Rock
|move|p1a: Tsareena|Knock Off|p2a: Ferrothorn
|-damage|p2a: Ferrothorn|71/100
|-damage|p1a: Tsareena|72/100|[from] ability: Iron Barbs|[of] p2a: Ferrothorn
|-enditem|p2a: Ferrothorn|Leftovers|[from] move: Knock Off|[of] p1a: Tsareena
|
|upkeep
|turn|30
|
|t:|1665327109
|switch|p2a: Buzzwole|Buzzwole, shiny|78/100
|-damage|p2a: Buzzwole|65/100|[from] Stealth Rock
|move|p1a: Tsareena|High Jump Kick|p2a: Buzzwole
|-resisted|p2a: Buzzwole
|-damage|p2a: Buzzwole|51/100
|-damage|p1a: Tsareena|55/100|[from] item: Rocky Helmet|[of] p2a: Buzzwole
|
|upkeep
|turn|31
|j| BeastyJ157
|
|t:|1665327117
|move|p1a: Tsareena|Taunt|p2a: Buzzwole
|-start|p2a: Buzzwole|move: Taunt
|cant|p2a: Buzzwole|move: Taunt|Roost
|
|upkeep
|turn|32
|j| dungiman
|
|t:|1665327138
|switch|p1a: Cresselia|Cresselia, F|88/100 tox
|switch|p2a: Tornadus|Tornadus-Therian, M, shiny|71/100
|-damage|p2a: Tornadus|46/100|[from] Stealth Rock
|
|-heal|p1a: Cresselia|94/100 tox|[from] item: Leftovers
|-damage|p1a: Cresselia|88/100 tox|[from] psn
|upkeep
|turn|33
|inactive|im tofa has 120 seconds left.
|
|t:|1665327181
|switch|p1a: Landorus|Landorus-Therian, M|66/100
|-ability|p1a: Landorus|Intimidate|boost
|-unboost|p2a: Tornadus|atk|1
|move|p2a: Tornadus|U-turn|p1a: Landorus
|-resisted|p1a: Landorus
|-damage|p1a: Landorus|62/100
|
|t:|1665327192
|switch|p2a: Buzzwole|Buzzwole, shiny|51/100|[from]move: U-turn
|-damage|p2a: Buzzwole|38/100|[from] Stealth Rock
|
|-heal|p1a: Landorus|68/100|[from] item: Leftovers
|upkeep
|turn|34
|
|t:|1665327197
|move|p2a: Buzzwole|Roost|p2a: Buzzwole
|-heal|p2a: Buzzwole|88/100
|-singleturn|p2a: Buzzwole|move: Roost
|move|p1a: Landorus|Toxic|p2a: Buzzwole
|-status|p2a: Buzzwole|tox
|
|-heal|p1a: Landorus|74/100|[from] item: Leftovers
|-damage|p2a: Buzzwole|82/100 tox|[from] psn
|upkeep
|turn|35
|
|t:|1665327210
|switch|p2a: Ferrothorn|Ferrothorn, M, shiny|71/100
|-damage|p2a: Ferrothorn|65/100|[from] Stealth Rock
|switch|p1a: Heatran|Heatran, M|98/100
|
|upkeep
|turn|36
|
|t:|1665327220
|switch|p2a: Slowbro|Slowbro, M, shiny|100/100 tox
|move|p1a: Heatran|Magma Storm|p2a: Slowbro|[miss]
|-miss|p1a: Heatran|p2a: Slowbro
|
|-damage|p2a: Slowbro|94/100 tox|[from] psn
|upkeep
|turn|37
|
|t:|1665327225
|switch|p1a: Cresselia|Cresselia, F|88/100 tox
|move|p2a: Slowbro|Teleport|p2a: Slowbro
|
|t:|1665327229
|switch|p2a: Excadrill|Excadrill, M, shiny|69/100|[from]move: Teleport
|-damage|p2a: Excadrill|66/100|[from] Stealth Rock
|
|-heal|p2a: Excadrill|72/100|[from] item: Leftovers
|-heal|p1a: Cresselia|94/100 tox|[from] item: Leftovers
|-damage|p1a: Cresselia|88/100 tox|[from] psn
|upkeep
|turn|38
|
|t:|1665327234
|switch|p1a: Landorus|Landorus-Therian, M|74/100
|-ability|p1a: Landorus|Intimidate|boost
|-unboost|p2a: Excadrill|atk|1
|move|p2a: Excadrill|Rapid Spin|p1a: Landorus
|-damage|p1a: Landorus|63/100
|-boost|p2a: Excadrill|spe|1
|-sideend|p2: nimed beatches|Stealth Rock|[from] move: Rapid Spin|[of] p2a: Excadrill
|
|-heal|p2a: Excadrill|78/100|[from] item: Leftovers
|-heal|p1a: Landorus|69/100|[from] item: Leftovers
|upkeep
|turn|39
|
|t:|1665327243
|switch|p2a: Ferrothorn|Ferrothorn, M, shiny|65/100
|move|p1a: Landorus|Knock Off|p2a: Ferrothorn
|-damage|p2a: Ferrothorn|50/100
|-damage|p1a: Landorus|57/100|[from] ability: Iron Barbs|[of] p2a: Ferrothorn
|
|-heal|p1a: Landorus|63/100|[from] item: Leftovers
|upkeep
|turn|40
|c|☆im tofa|gg
|-message|im tofa forfeited.
|
|win|nimed beatches
|n|☆im tofa|imtofa
|n|☆nimed beatches|nimedbeatches
|n| BloodFins˙︵˙|bloodfins
|n| GengarForFun|gengarforfun
|n| Sww-Suwa|swwsuwa
|n| testingteams888|testingteams888
|n| Yeezy Lobster|yeezylobster
|n| Forwards|forwards
|n| sufys12|sufys12
|n| BeastyJ157|beastyj157
|n| dungiman|dungiman
|c|☆nimed beatches|gg
|l|☆nimed beatches
|l| dungiman
