|html|<div class="broadcast-blue"><strong>[Gen 8] OU is currently suspecting Melmetal! For information on how to participate check out the <a href="https://www.smogon.com/forums/threads/np-ss-ou-suspect-process-round-12-monster-mash.3709234/">suspect thread</a>.</strong></div>
|j|☆outdc7g9xn
|j|☆HQSNonsense
|t:|1666449231
|gametype|singles
|player|p1|outdc7g9xn|1|1670
|player|p2|HQSNonsense|veteranf|1676
|teamsize|p1|6
|teamsize|p2|6
|gen|8
|tier|[Gen 8] OU
|rated|
|rule|Sleep Clause Mod: Limit one foe put to sleep
|rule|Species Clause: Limit one of each Pokémon
|rule|OHKO Clause: OHKO moves are banned
|rule|Evasion Items Clause: Evasion items are banned
|rule|Evasion Moves Clause: Evasion moves are banned
|rule|Endless Battle Clause: Forcing endless battles is banned
|rule|HP Percentage Mod: HP is shown in percentages
|rule|Dynamax Clause: You cannot dynamax
|clearpoke
|poke|p1|Zapdos|
|poke|p1|Pelipper, M|
|poke|p1|Barraskewda, F|
|poke|p1|Ferrothorn, M|
|poke|p1|Seismitoad, F|
|poke|p1|Bisharp, F|
|poke|p2|Blacephalon|
|poke|p2|Tornadus-Therian, M|
|poke|p2|Ferrothorn, M|
|poke|p2|Landorus-Therian, M|
|poke|p2|Tapu Fini|
|poke|p2|Weavile, M|
|teampreview
|inactive|Battle timer is ON: inactive players will automatically lose when time's up. (requested by HQSNonsense)
|
|t:|1666449245
|start
|switch|p1a: Pelipper|Pelipper, M|100/100
|switch|p2a: Ferrothorn|Ferrothorn, M|100/100
|-weather|RainDance|[from] ability: Drizzle|[of] p1a: Pelipper
|turn|1
|j| Palladiawa F
|
|t:|1666449253
|move|p1a: Pelipper|Hurricane|p2a: Ferrothorn
|-damage|p2a: Ferrothorn|67/100
|-start|p2a: Ferrothorn|confusion
|-activate|p2a: Ferrothorn|confusion
|move|p2a: Ferrothorn|Spikes|p1a: Pelipper
|-sidestart|p1: outdc7g9xn|Spikes
|
|-weather|RainDance|[upkeep]
|-heal|p2a: Ferrothorn|74/100|[from] item: Leftovers
|upkeep
|turn|2
|j| pocus pocus
|
|t:|1666449259
|move|p1a: Pelipper|Hurricane|p2a: Ferrothorn
|-damage|p2a: Ferrothorn|44/100
|-end|p2a: Ferrothorn|confusion
|move|p2a: Ferrothorn|Leech Seed|p1a: Pelipper
|-start|p1a: Pelipper|move: Leech Seed
|
|-weather|RainDance|[upkeep]
|-heal|p2a: Ferrothorn|50/100|[from] item: Leftovers
|-damage|p1a: Pelipper|88/100|[from] Leech Seed|[of] p2a: Ferrothorn
|-heal|p2a: Ferrothorn|62/100|[silent]
|upkeep
|turn|3
|j| westcottike
|
|t:|1666449269
|switch|p1a: Ferrothorn|Ferrothorn, M|100/100
|-damage|p1a: Ferrothorn|88/100|[from] Spikes
|move|p2a: Ferrothorn|Thunder Wave|p1a: Ferrothorn
|-status|p1a: Ferrothorn|par
|
|-weather|RainDance|[upkeep]
|-heal|p2a: Ferrothorn|68/100|[from] item: Leftovers
|-heal|p1a: Ferrothorn|94/100 par|[from] item: Leftovers
|upkeep
|turn|4
|
|t:|1666449277
|move|p2a: Ferrothorn|Body Press|p1a: Ferrothorn
|-supereffective|p1a: Ferrothorn
|-damage|p1a: Ferrothorn|51/100 par
|-damage|p2a: Ferrothorn|56/100|[from] ability: Iron Barbs|[of] p1a: Ferrothorn
|move|p1a: Ferrothorn|Stealth Rock|p2a: Ferrothorn
|-sidestart|p2: HQSNonsense|move: Stealth Rock
|
|-weather|RainDance|[upkeep]
|-heal|p2a: Ferrothorn|62/100|[from] item: Leftovers
|-heal|p1a: Ferrothorn|57/100 par|[from] item: Leftovers
|upkeep
|turn|5
|j| VenusaursKingodom
|
|t:|1666449283
|switch|p1a: Pelipper|Pelipper, M|88/100
|move|p2a: Ferrothorn|Spikes|p1a: Pelipper
|-sidestart|p1: outdc7g9xn|Spikes
|
|-weather|RainDance|[upkeep]
|-heal|p2a: Ferrothorn|68/100|[from] item: Leftovers
|upkeep
|turn|6
|
|t:|1666449289
|move|p1a: Pelipper|Hurricane|p2a: Ferrothorn
|-damage|p2a: Ferrothorn|39/100
|move|p2a: Ferrothorn|Thunder Wave|p1a: Pelipper
|-status|p1a: Pelipper|par
|
|-weather|RainDance|[upkeep]
|-heal|p2a: Ferrothorn|45/100|[from] item: Leftovers
|upkeep
|turn|7
|
|t:|1666449308
|switch|p1a: Seismitoad|Seismitoad, F|100/100
|-damage|p1a: Seismitoad|84/100|[from] Spikes
|move|p2a: Ferrothorn|Leech Seed|p1a: Seismitoad
|-start|p1a: Seismitoad|move: Leech Seed
|
|-weather|RainDance|[upkeep]
|-heal|p2a: Ferrothorn|52/100|[from] item: Leftovers
|-damage|p1a: Seismitoad|72/100|[from] Leech Seed|[of] p2a: Ferrothorn
|-heal|p2a: Ferrothorn|64/100|[silent]
|upkeep
|turn|8
|l| pocus pocus
|
|t:|1666449316
|switch|p1a: Zapdos|Zapdos|100/100
|switch|p2a: Tapu Fini|Tapu Fini|100/100
|-damage|p2a: Tapu Fini|88/100|[from] Stealth Rock
|-fieldstart|move: Misty Terrain|[from] ability: Misty Surge|[of] p2a: Tapu Fini
|
|-weather|none
|upkeep
|turn|9
|j| ver. 艦上loyalty
|
|t:|1666449330
|move|p2a: Tapu Fini|Moonblast|p1a: Zapdos
|-crit|p1a: Zapdos
|-damage|p1a: Zapdos|40/100
|-unboost|p1a: Zapdos|spa|1
|move|p1a: Zapdos|Hurricane|p2a: Tapu Fini
|-damage|p2a: Tapu Fini|53/100
|
|upkeep
|turn|10
|
|t:|1666449340
|switch|p2a: Landorus|Landorus-Therian, M|100/100
|-damage|p2a: Landorus|88/100|[from] Stealth Rock
|-ability|p2a: Landorus|Intimidate|boost
|-unboost|p1a: Zapdos|atk|1
|move|p1a: Zapdos|Roost|p1a: Zapdos
|-heal|p1a: Zapdos|90/100
|-singleturn|p1a: Zapdos|move: Roost
|
|-heal|p2a: Landorus|94/100|[from] item: Leftovers
|upkeep
|turn|11
|
|t:|1666449346
|switch|p1a: Pelipper|Pelipper, M|88/100 par
|-weather|RainDance|[from] ability: Drizzle|[of] p1a: Pelipper
|move|p2a: Landorus|Stealth Rock|p1a: Pelipper
|-sidestart|p1: outdc7g9xn|move: Stealth Rock
|
|-weather|RainDance|[upkeep]
|-heal|p2a: Landorus|99/100|[from] item: Leftovers
|upkeep
|turn|12
|
|t:|1666449352
|move|p2a: Landorus|U-turn|p1a: Pelipper
|-resisted|p1a: Pelipper
|-damage|p1a: Pelipper|79/100 par
|
|t:|1666449356
|switch|p2a: Ferrothorn|Ferrothorn, M|64/100|[from]move: U-turn
|-damage|p2a: Ferrothorn|58/100|[from] Stealth Rock
|move|p1a: Pelipper|U-turn|p2a: Ferrothorn
|-damage|p2a: Ferrothorn|52/100
|-damage|p1a: Pelipper|67/100 par|[from] ability: Iron Barbs|[of] p2a: Ferrothorn
|c| Palladiawa F|can you defog?
|
|t:|1666449369
|switch|p1a: Zapdos|Zapdos|90/100|[from]move: U-turn
|
|-weather|RainDance|[upkeep]
|-heal|p2a: Ferrothorn|58/100|[from] item: Leftovers
|-fieldend|Misty Terrain
|upkeep
|turn|13
|
|t:|1666449375
|move|p1a: Zapdos|Hurricane|p2a: Ferrothorn
|-damage|p2a: Ferrothorn|12/100
|move|p2a: Ferrothorn|Leech Seed|p1a: Zapdos
|-start|p1a: Zapdos|move: Leech Seed
|
|-weather|RainDance|[upkeep]
|-heal|p2a: Ferrothorn|18/100|[from] item: Leftovers
|-damage|p1a: Zapdos|78/100|[from] Leech Seed|[of] p2a: Ferrothorn
|-heal|p2a: Ferrothorn|30/100|[silent]
|upkeep
|turn|14
|
|t:|1666449386
|switch|p2a: Landorus|Landorus-Therian, M|99/100
|-damage|p2a: Landorus|88/100|[from] Stealth Rock
|-ability|p2a: Landorus|Intimidate|boost
|-unboost|p1a: Zapdos|atk|1
|move|p1a: Zapdos|Hurricane|p2a: Landorus
|-damage|p2a: Landorus|46/100
|-start|p2a: Landorus|confusion
|
|-weather|RainDance|[upkeep]
|-heal|p2a: Landorus|52/100|[from] item: Leftovers
|-damage|p1a: Zapdos|66/100|[from] Leech Seed|[of] p2a: Landorus
|-heal|p2a: Landorus|63/100|[silent]
|upkeep
|turn|15
|
|t:|1666449398
|switch|p1a: Pelipper|Pelipper, M|67/100 par
|-damage|p1a: Pelipper|42/100 par|[from] Stealth Rock
|switch|p2a: Tapu Fini|Tapu Fini|53/100
|-damage|p2a: Tapu Fini|40/100|[from] Stealth Rock
|-fieldstart|move: Misty Terrain|[from] ability: Misty Surge|[of] p2a: Tapu Fini
|
|-weather|RainDance|[upkeep]
|upkeep
|turn|16
|
|t:|1666449404
|switch|p1a: Ferrothorn|Ferrothorn, M|57/100 par
|-damage|p1a: Ferrothorn|41/100 par|[from] Spikes
|-damage|p1a: Ferrothorn|35/100 par|[from] Stealth Rock
|move|p2a: Tapu Fini|Moonblast|p1a: Ferrothorn
|-resisted|p1a: Ferrothorn
|-damage|p1a: Ferrothorn|23/100 par
|
|-weather|RainDance|[upkeep]
|-heal|p1a: Ferrothorn|29/100 par|[from] item: Leftovers
|upkeep
|turn|17
|
|t:|1666449411
|switch|p2a: Ferrothorn|Ferrothorn, M|30/100
|-damage|p2a: Ferrothorn|24/100|[from] Stealth Rock
|cant|p1a: Ferrothorn|par
|
|-weather|RainDance|[upkeep]
|-heal|p2a: Ferrothorn|30/100|[from] item: Leftovers
|-heal|p1a: Ferrothorn|35/100 par|[from] item: Leftovers
|upkeep
|turn|18
|
|t:|1666449419
|move|p2a: Ferrothorn|Spikes|p1a: Ferrothorn
|-sidestart|p1: outdc7g9xn|Spikes
|move|p1a: Ferrothorn|Spikes|p2a: Ferrothorn
|-sidestart|p2: HQSNonsense|Spikes
|
|-weather|none
|-heal|p2a: Ferrothorn|37/100|[from] item: Leftovers
|-heal|p1a: Ferrothorn|41/100 par|[from] item: Leftovers
|upkeep
|turn|19
|
|t:|1666449424
|move|p2a: Ferrothorn|Body Press|p1a: Ferrothorn
|-supereffective|p1a: Ferrothorn
|-damage|p1a: Ferrothorn|0 fnt
|-damage|p2a: Ferrothorn|24/100|[from] ability: Iron Barbs|[of] p1a: Ferrothorn
|faint|p1a: Ferrothorn
|
|-heal|p2a: Ferrothorn|30/100|[from] item: Leftovers
|-fieldend|Misty Terrain
|upkeep
|
|t:|1666449432
|switch|p1a: Zapdos|Zapdos|66/100
|turn|20
|
|t:|1666449436
|switch|p2a: Landorus|Landorus-Therian, M|63/100
|-damage|p2a: Landorus|50/100|[from] Stealth Rock
|-ability|p2a: Landorus|Intimidate|boost
|-unboost|p1a: Zapdos|atk|1
|move|p1a: Zapdos|Hurricane|p2a: Landorus|[miss]
|-miss|p1a: Zapdos|p2a: Landorus
|
|-heal|p2a: Landorus|56/100|[from] item: Leftovers
|upkeep
|turn|21
|
|t:|1666449446
|move|p1a: Zapdos|Defog|p2a: Landorus
|-unboost|p2a: Landorus|evasion|1
|-sideend|p2: HQSNonsense|Spikes|[from] move: Defog|[of] p1a: Zapdos
|-sideend|p2: HQSNonsense|Stealth Rock|[from] move: Defog|[of] p1a: Zapdos
|-sideend|p1: outdc7g9xn|Spikes|[from] move: Defog|[of] p1a: Zapdos
|-sideend|p1: outdc7g9xn|Stealth Rock|[from] move: Defog|[of] p1a: Zapdos
|move|p2a: Landorus|Toxic|p1a: Zapdos
|-status|p1a: Zapdos|tox
|
|-heal|p2a: Landorus|62/100|[from] item: Leftovers
|-damage|p1a: Zapdos|59/100 tox|[from] psn
|upkeep
|turn|22
|
|t:|1666449453
|move|p1a: Zapdos|Roost|p1a: Zapdos
|-heal|p1a: Zapdos|100/100 tox
|-singleturn|p1a: Zapdos|move: Roost
|move|p2a: Landorus|Stealth Rock|p1a: Zapdos
|-sidestart|p1: outdc7g9xn|move: Stealth Rock
|
|-heal|p2a: Landorus|68/100|[from] item: Leftovers
|-damage|p1a: Zapdos|88/100 tox|[from] psn
|upkeep
|turn|23
|inactive|outdc7g9xn has 120 seconds left.
|
|t:|1666449484
|move|p1a: Zapdos|Hurricane|p2a: Landorus
|-damage|p2a: Landorus|32/100
|move|p2a: Landorus|U-turn|p1a: Zapdos
|-resisted|p1a: Zapdos
|-damage|p1a: Zapdos|75/100 tox
|-status|p2a: Landorus|par|[from] ability: Static|[of] p1a: Zapdos
|c| Palladiawa F|u r leaving the pace to he, this is a stupid game, I cannot watch it
|
|t:|1666449490
|switch|p2a: Blacephalon|Blacephalon|100/100|[from]move: U-turn
|
|-damage|p1a: Zapdos|57/100 tox|[from] psn
|upkeep
|turn|24
|j| OUTD 12
|l| Palladiawa F
|l| OUTD 12
|j| Iphone312
|inactive|outdc7g9xn has 120 seconds left.
|inactive|outdc7g9xn has 90 seconds left.
|j| Jongruenwald
|
|t:|1666449549
|switch|p1a: Pelipper|Pelipper, M|42/100 par
|-damage|p1a: Pelipper|17/100 par|[from] Stealth Rock
|-weather|RainDance|[from] ability: Drizzle|[of] p1a: Pelipper
|move|p2a: Blacephalon|Flamethrower|p1a: Pelipper
|-resisted|p1a: Pelipper
|-damage|p1a: Pelipper|0 fnt
|faint|p1a: Pelipper
|-ability|p2a: Blacephalon|Beast Boost|boost
|-boost|p2a: Blacephalon|spa|1
|
|-weather|RainDance|[upkeep]
|upkeep
|
|t:|1666449565
|switch|p1a: Seismitoad|Seismitoad, F|72/100
|-damage|p1a: Seismitoad|66/100|[from] Stealth Rock
|turn|25
|inactive|HQSNonsense has 120 seconds left.
|
|t:|1666449605
|switch|p2a: Tapu Fini|Tapu Fini|40/100
|-fieldstart|move: Misty Terrain|[from] ability: Misty Surge|[of] p2a: Tapu Fini
|move|p1a: Seismitoad|Weather Ball|p2a: Tapu Fini
|-resisted|p2a: Tapu Fini
|-damage|p2a: Tapu Fini|3/100
|-damage|p1a: Seismitoad|56/100|[from] item: Life Orb
|
|-weather|RainDance|[upkeep]
|upkeep
|turn|26
|inactive|HQSNonsense has 120 seconds left.
|
|t:|1666449615
|move|p1a: Seismitoad|Weather Ball|p2a: Tapu Fini
|-resisted|p2a: Tapu Fini
|-damage|p2a: Tapu Fini|0 fnt
|faint|p2a: Tapu Fini
|-damage|p1a: Seismitoad|46/100|[from] item: Life Orb
|
|-weather|RainDance|[upkeep]
|upkeep
|
|t:|1666449629
|switch|p2a: Ferrothorn|Ferrothorn, M|30/100
|turn|27
|inactive|outdc7g9xn has 90 seconds left.
|
|t:|1666449645
|switch|p2a: Landorus|Landorus-Therian, M|32/100 par
|-ability|p2a: Landorus|Intimidate|boost
|-unboost|p1a: Seismitoad|atk|1
|move|p1a: Seismitoad|Weather Ball|p2a: Landorus
|-supereffective|p2a: Landorus
|-damage|p2a: Landorus|0 fnt
|faint|p2a: Landorus
|-damage|p1a: Seismitoad|36/100|[from] item: Life Orb
|
|-weather|RainDance|[upkeep]
|upkeep
|inactive|HQSNonsense has 120 seconds left.
|
|t:|1666449657
|switch|p2a: Tornadus|Tornadus-Therian, M|100/100
|turn|28
|inactive|HQSNonsense has 120 seconds left.
|
|t:|1666449668
|switch|p2a: Ferrothorn|Ferrothorn, M|30/100
|move|p1a: Seismitoad|Weather Ball|p2a: Ferrothorn
|-resisted|p2a: Ferrothorn
|-damage|p2a: Ferrothorn|0 fnt
|faint|p2a: Ferrothorn
|-damage|p1a: Seismitoad|26/100|[from] item: Life Orb
|
|-weather|RainDance|[upkeep]
|upkeep
|inactive|HQSNonsense has 90 seconds left.
|
|t:|1666449699
|switch|p2a: Blacephalon|Blacephalon|100/100
|turn|29
|
|t:|1666449702
|move|p1a: Seismitoad|Weather Ball|p2a: Blacephalon
|-supereffective|p2a: Blacephalon
|-damage|p2a: Blacephalon|0 fnt
|faint|p2a: Blacephalon
|-damage|p1a: Seismitoad|16/100|[from] item: Life Orb
|
|-weather|RainDance|[upkeep]
|-fieldend|Misty Terrain
|upkeep
|
|t:|1666449705
|switch|p2a: Weavile|Weavile, M|100/100
|turn|30
|
|t:|1666449708
|move|p2a: Weavile|Ice Shard|p1a: Seismitoad
|-damage|p1a: Seismitoad|0 fnt
|faint|p1a: Seismitoad
|
|-weather|RainDance|[upkeep]
|upkeep
|
|t:|1666449714
|switch|p1a: Barraskewda|Barraskewda, F|100/100
|-damage|p1a: Barraskewda|88/100|[from] Stealth Rock
|turn|31
|
|t:|1666449721
|switch|p2a: Tornadus|Tornadus-Therian, M|100/100
|move|p1a: Barraskewda|Liquidation|p2a: Tornadus
|-damage|p2a: Tornadus|0 fnt
|faint|p2a: Tornadus
|
|-weather|none
|upkeep
|
|t:|1666449725
|switch|p2a: Weavile|Weavile, M|100/100
|turn|32
|
|t:|1666449729
|switch|p1a: Zapdos|Zapdos|57/100 tox
|move|p2a: Weavile|Knock Off|p1a: Zapdos
|-damage|p1a: Zapdos|7/100 tox
|-enditem|p1a: Zapdos|Heavy-Duty Boots|[from] move: Knock Off|[of] p2a: Weavile
|
|-damage|p1a: Zapdos|1/100 tox|[from] psn
|upkeep
|turn|33
|
|t:|1666449734
|move|p2a: Weavile|Ice Shard|p1a: Zapdos
|-supereffective|p1a: Zapdos
|-damage|p1a: Zapdos|0 fnt
|faint|p1a: Zapdos
|
|upkeep
|
|t:|1666449737
|switch|p1a: Bisharp|Bisharp, F|100/100
|-damage|p1a: Bisharp|95/100|[from] Stealth Rock
|turn|34
|
|t:|1666449756
|move|p2a: Weavile|Low Kick|p1a: Bisharp
|-supereffective|p1a: Bisharp
|-damage|p1a: Bisharp|0 fnt
|faint|p1a: Bisharp
|
|upkeep
|
|t:|1666449760
|switch|p1a: Barraskewda|Barraskewda, F|88/100
|-damage|p1a: Barraskewda|76/100|[from] Stealth Rock
|turn|35
|
|t:|1666449764
|move|p2a: Weavile|Knock Off|p1a: Barraskewda
|-damage|p1a: Barraskewda|0 fnt
|-enditem|p1a: Barraskewda|Choice Band|[from] move: Knock Off|[of] p2a: Weavile
|faint|p1a: Barraskewda
|
|win|HQSNonsense
|raw|outdc7g9xn's rating: 1670 &rarr; <strong>1650</strong><br />(-20 for losing)
|raw|HQSNonsense's rating: 1676 &rarr; <strong>1696</strong><br />(+20 for winning)
