|raw|<div class="broadcast-blue"><strong>This battle is required to be public due to a player having a name starting with 'lt92pf'.</div>
|j|☆LT92PF Pois
|j|☆dmt dreams
|t:|1659680770
|gametype|singles
|player|p1|LT92PF Pois|2|1783
|player|p2|dmt dreams|101|1936
|teamsize|p1|6
|teamsize|p2|6
|gen|8
|tier|[Gen 8] OU
|rated|
|rule|Sleep Clause Mod: Limit one foe put to sleep
|rule|Species Clause: Limit one of each Pokémon
|rule|OHKO Clause: OHKO moves are banned
|rule|Evasion Items Clause: Evasion items are banned
|rule|Evasion Moves Clause: Evasion moves are banned
|rule|Endless Battle Clause: Forcing endless battles is banned
|rule|HP Percentage Mod: HP is shown in percentages
|rule|Dynamax Clause: You cannot dynamax
|clearpoke
|poke|p1|Pelipper, M|
|poke|p1|Barraskewda, M|
|poke|p1|Tapu Lele|
|poke|p1|Ferrothorn, F|
|poke|p1|Regieleki|
|poke|p1|Landorus-Therian, M|
|poke|p2|Nihilego|
|poke|p2|Zeraora|
|poke|p2|Landorus-Therian, M|
|poke|p2|Melmetal|
|poke|p2|Kartana|
|poke|p2|Dragapult, F|
|teampreview
|inactive|Battle timer is ON: inactive players will automatically lose when time's up. (requested by LT92PF Pois)
|
|t:|1659680784
|start
|switch|p1a: Landorus|Landorus-Therian, M|100/100
|switch|p2a: Landorus|Landorus-Therian, M|100/100
|-ability|p1a: Landorus|Intimidate|boost
|-unboost|p2a: Landorus|atk|1
|-ability|p2a: Landorus|Intimidate|boost
|-unboost|p1a: Landorus|atk|1
|turn|1
|
|t:|1659680802
|move|p1a: Landorus|Toxic|p2a: Landorus
|-status|p2a: Landorus|tox
|move|p2a: Landorus|Stealth Rock|p1a: Landorus
|-sidestart|p1: LT92PF Pois|move: Stealth Rock
|
|-damage|p2a: Landorus|94/100 tox|[from] psn
|upkeep
|turn|2
|
|t:|1659680805
|move|p1a: Landorus|Stealth Rock|p2a: Landorus
|-sidestart|p2: dmt dreams|move: Stealth Rock
|move|p2a: Landorus|Toxic|p1a: Landorus
|-status|p1a: Landorus|tox
|
|-heal|p2a: Landorus|100/100 tox|[from] item: Leftovers
|-damage|p1a: Landorus|94/100 tox|[from] psn
|-damage|p2a: Landorus|88/100 tox|[from] psn
|upkeep
|turn|3
|j| Schroeder
|
|t:|1659680807
|move|p1a: Landorus|U-turn|p2a: Landorus
|-resisted|p2a: Landorus
|-damage|p2a: Landorus|81/100 tox
|
|t:|1659680808
|switch|p1a: Ferrothorn|Ferrothorn, F|100/100|[from]move: U-turn
|-damage|p1a: Ferrothorn|94/100|[from] Stealth Rock
|move|p2a: Landorus|U-turn|p1a: Ferrothorn
|-damage|p1a: Ferrothorn|84/100
|-damage|p2a: Landorus|68/100 tox|[from] ability: Iron Barbs|[of] p1a: Ferrothorn
|
|t:|1659680817
|switch|p2a: Dragapult|Dragapult, F|100/100|[from]move: U-turn
|-damage|p2a: Dragapult|88/100|[from] Stealth Rock
|
|-heal|p1a: Ferrothorn|90/100|[from] item: Leftovers
|upkeep
|turn|4
|
|t:|1659680819
|move|p2a: Dragapult|Flamethrower|p1a: Ferrothorn
|-supereffective|p1a: Ferrothorn
|-damage|p1a: Ferrothorn|0 fnt
|faint|p1a: Ferrothorn
|
|upkeep
|
|t:|1659680825
|switch|p1a: Pelipper|Pelipper, M|100/100
|-damage|p1a: Pelipper|76/100|[from] Stealth Rock
|-weather|RainDance|[from] ability: Drizzle|[of] p1a: Pelipper
|turn|5
|
|t:|1659680832
|switch|p2a: Landorus|Landorus-Therian, M|68/100 tox
|-damage|p2a: Landorus|56/100 tox|[from] Stealth Rock
|-ability|p2a: Landorus|Intimidate|boost
|-unboost|p1a: Pelipper|atk|1
|move|p1a: Pelipper|Weather Ball|p2a: Landorus
|-supereffective|p2a: Landorus
|-damage|p2a: Landorus|0 fnt
|faint|p2a: Landorus
|
|-weather|RainDance|[upkeep]
|upkeep
|
|t:|1659680834
|switch|p2a: Nihilego|Nihilego|100/100
|-damage|p2a: Nihilego|88/100|[from] Stealth Rock
|turn|6
|
|t:|1659680840
|switch|p1a: Landorus|Landorus-Therian, M|94/100 tox
|-damage|p1a: Landorus|82/100 tox|[from] Stealth Rock
|-ability|p1a: Landorus|Intimidate|boost
|-unboost|p2a: Nihilego|atk|1
|move|p2a: Nihilego|Meteor Beam||[still]
|-prepare|p2a: Nihilego|Meteor Beam
|-boost|p2a: Nihilego|spa|1
|-enditem|p2a: Nihilego|Power Herb
|-anim|p2a: Nihilego|Meteor Beam|p1a: Landorus
|-damage|p1a: Landorus|0 fnt
|faint|p1a: Landorus
|-ability|p2a: Nihilego|Beast Boost|boost
|-boost|p2a: Nihilego|spa|1
|
|-weather|RainDance|[upkeep]
|upkeep
|
|t:|1659680842
|switch|p1a: Barraskewda|Barraskewda, M|100/100
|-damage|p1a: Barraskewda|88/100|[from] Stealth Rock
|turn|7
|
|t:|1659680845
|move|p1a: Barraskewda|Liquidation|p2a: Nihilego
|-supereffective|p2a: Nihilego
|-damage|p2a: Nihilego|0 fnt
|faint|p2a: Nihilego
|
|-weather|RainDance|[upkeep]
|upkeep
|
|t:|1659680847
|switch|p2a: Kartana|Kartana|100/100
|-damage|p2a: Kartana|94/100|[from] Stealth Rock
|turn|8
|inactive|LT92PF Pois has 120 seconds left.
|j| Haxgo
|l| Haxgo
|
|t:|1659680885
|switch|p1a: Regieleki|Regieleki|100/100
|move|p2a: Kartana|Leaf Blade|p1a: Regieleki
|-damage|p1a: Regieleki|0 fnt
|faint|p1a: Regieleki
|-ability|p2a: Kartana|Beast Boost|boost
|-boost|p2a: Kartana|atk|1
|
|-weather|RainDance|[upkeep]
|upkeep
|
|t:|1659680888
|switch|p1a: Barraskewda|Barraskewda, M|88/100
|-damage|p1a: Barraskewda|75/100|[from] Stealth Rock
|turn|9
|
|t:|1659680894
|switch|p2a: Zeraora|Zeraora|100/100
|move|p1a: Barraskewda|Flip Turn|p2a: Zeraora
|-damage|p2a: Zeraora|0 fnt
|faint|p2a: Zeraora
|
|t:|1659680901
|switch|p1a: Tapu Lele|Tapu Lele|100/100|[from]move: Flip Turn
|-damage|p1a: Tapu Lele|88/100|[from] Stealth Rock
|-fieldstart|move: Psychic Terrain|[from] ability: Psychic Surge|[of] p1a: Tapu Lele
|
|-weather|none
|upkeep
|
|t:|1659680903
|switch|p2a: Kartana|Kartana|94/100
|-damage|p2a: Kartana|88/100|[from] Stealth Rock
|turn|10
|
|t:|1659680906
|switch|p1a: Pelipper|Pelipper, M|76/100
|-damage|p1a: Pelipper|51/100|[from] Stealth Rock
|-weather|RainDance|[from] ability: Drizzle|[of] p1a: Pelipper
|move|p2a: Kartana|Leaf Blade|p1a: Pelipper
|-damage|p1a: Pelipper|0 fnt
|faint|p1a: Pelipper
|-ability|p2a: Kartana|Beast Boost|boost
|-boost|p2a: Kartana|atk|1
|
|-weather|RainDance|[upkeep]
|upkeep
|
|t:|1659680908
|switch|p1a: Barraskewda|Barraskewda, M|75/100
|-damage|p1a: Barraskewda|63/100|[from] Stealth Rock
|turn|11
|
|t:|1659680914
|move|p1a: Barraskewda|Close Combat|p2a: Kartana
|-supereffective|p2a: Kartana
|-damage|p2a: Kartana|0 fnt
|-unboost|p1a: Barraskewda|def|1
|-unboost|p1a: Barraskewda|spd|1
|faint|p2a: Kartana
|
|-weather|RainDance|[upkeep]
|upkeep
|
|t:|1659680916
|switch|p2a: Dragapult|Dragapult, F|88/100
|-damage|p2a: Dragapult|76/100|[from] Stealth Rock
|turn|12
|inactive|LT92PF Pois has 120 seconds left.
|-message|LT92PF Pois forfeited.
|
|win|dmt dreams
|raw|LT92PF Pois's rating: 1783 &rarr; <strong>1771</strong><br />(-12 for losing)
|raw|dmt dreams's rating: 1936 &rarr; <strong>1948</strong><br />(+12 for winning)
|l|☆LT92PF Pois
