|raw|<div class="broadcast-blue"><strong>This battle is required to be public due to a player having a name starting with 'lt93oq'.</div>
|j|☆LT93OQ Templario
|j|‽kinetic chain
|t:|1660474512
|gametype|singles
|player|p1|LT93OQ Templario|2|1706
|player|p2|kinetic chain|silver-gen2|1878
|teamsize|p1|6
|teamsize|p2|6
|gen|8
|tier|[Gen 8] OU
|rated|
|rule|Sleep Clause Mod: Limit one foe put to sleep
|rule|Species Clause: Limit one of each Pokémon
|rule|OHKO Clause: OHKO moves are banned
|rule|Evasion Items Clause: Evasion items are banned
|rule|Evasion Moves Clause: Evasion moves are banned
|rule|Endless Battle Clause: Forcing endless battles is banned
|rule|HP Percentage Mod: HP is shown in percentages
|rule|Dynamax Clause: You cannot dynamax
|clearpoke
|poke|p1|Bisharp, M|
|poke|p1|Garchomp, F|
|poke|p1|Tapu Fini|
|poke|p1|Hawlucha, F|
|poke|p1|Zeraora|
|poke|p1|Melmetal|
|poke|p2|Dragapult, F|
|poke|p2|Tapu Fini|
|poke|p2|Zapdos|
|poke|p2|Melmetal|
|poke|p2|Landorus-Therian, M|
|poke|p2|Dragonite, M|
|teampreview
|inactive|Battle timer is ON: inactive players will automatically lose when time's up. (requested by LT93OQ Templario)
|j| the pharoah
|
|t:|1660474530
|start
|switch|p1a: Bisharp|Bisharp, M|100/100
|switch|p2a: Tapu Fini|Tapu Fini|100/100
|-fieldstart|move: Misty Terrain|[from] ability: Misty Surge|[of] p2a: Tapu Fini
|turn|1
|j| lt93O Quartos
|
|t:|1660474537
|move|p1a: Bisharp|Stealth Rock|p2a: Tapu Fini
|-sidestart|p2: kinetic chain|move: Stealth Rock
|move|p2a: Tapu Fini|Moonblast|p1a: Bisharp
|-damage|p1a: Bisharp|44/100
|
|upkeep
|turn|2
|
|t:|1660474542
|move|p1a: Bisharp|Iron Head|p2a: Tapu Fini
|-damage|p2a: Tapu Fini|69/100
|move|p2a: Tapu Fini|Moonblast|p1a: Bisharp
|-damage|p1a: Bisharp|0 fnt
|faint|p1a: Bisharp
|
|-heal|p2a: Tapu Fini|75/100|[from] item: Leftovers
|upkeep
|j| LT93OQ TROP CHAUD
|
|t:|1660474561
|switch|p1a: Tapu Fini|Tapu Fini|100/100
|turn|3
|
|t:|1660474566
|move|p1a: Tapu Fini|Taunt|p2a: Tapu Fini
|-start|p2a: Tapu Fini|move: Taunt
|move|p2a: Tapu Fini|Knock Off|p1a: Tapu Fini
|-resisted|p1a: Tapu Fini
|-damage|p1a: Tapu Fini|94/100
|-enditem|p1a: Tapu Fini|Leftovers|[from] move: Knock Off|[of] p2a: Tapu Fini
|
|-heal|p2a: Tapu Fini|81/100|[from] item: Leftovers
|upkeep
|turn|4
|
|t:|1660474572
|switch|p1a: Melmetal|Melmetal|100/100
|switch|p2a: Zapdos|Zapdos|100/100
|
|upkeep
|turn|5
|
|t:|1660474584
|switch|p1a: Garchomp|Garchomp, F|100/100
|move|p2a: Zapdos|Heat Wave|p1a: Garchomp
|-resisted|p1a: Garchomp
|-damage|p1a: Garchomp|84/100
|
|-heal|p1a: Garchomp|90/100|[from] item: Leftovers
|-fieldend|Misty Terrain
|upkeep
|turn|6
|
|t:|1660474594
|switch|p2a: Landorus|Landorus-Therian, M|100/100
|-damage|p2a: Landorus|88/100|[from] Stealth Rock
|-ability|p2a: Landorus|Intimidate|boost
|-unboost|p1a: Garchomp|atk|1
|move|p1a: Garchomp|Swords Dance|p1a: Garchomp
|-boost|p1a: Garchomp|atk|2
|
|-heal|p1a: Garchomp|97/100|[from] item: Leftovers
|-heal|p2a: Landorus|94/100|[from] item: Leftovers
|upkeep
|turn|7
|
|t:|1660474608
|move|p1a: Garchomp|Scale Shot|p2a: Landorus
|-damage|p2a: Landorus|73/100
|-damage|p2a: Landorus|53/100
|-damage|p2a: Landorus|35/100
|-hitcount|p2a: Landorus|3
|-unboost|p1a: Garchomp|def|1
|-boost|p1a: Garchomp|spe|1
|move|p2a: Landorus|U-turn|p1a: Garchomp
|-damage|p1a: Garchomp|61/100
|-damage|p2a: Landorus|23/100|[from] ability: Rough Skin|[of] p1a: Garchomp
|j| LT93OQ Yor
|
|t:|1660474614
|switch|p2a: Tapu Fini|Tapu Fini|81/100|[from]move: U-turn
|-damage|p2a: Tapu Fini|69/100|[from] Stealth Rock
|-fieldstart|move: Misty Terrain|[from] ability: Misty Surge|[of] p2a: Tapu Fini
|
|-heal|p1a: Garchomp|67/100|[from] item: Leftovers
|-heal|p2a: Tapu Fini|75/100|[from] item: Leftovers
|upkeep
|turn|8
|
|t:|1660474618
|move|p1a: Garchomp|Earthquake|p2a: Tapu Fini
|-damage|p2a: Tapu Fini|23/100
|move|p2a: Tapu Fini|Moonblast|p1a: Garchomp
|-supereffective|p1a: Garchomp
|-damage|p1a: Garchomp|0 fnt
|faint|p1a: Garchomp
|
|-heal|p2a: Tapu Fini|29/100|[from] item: Leftovers
|upkeep
|
|t:|1660474625
|switch|p1a: Hawlucha|Hawlucha, F|100/100
|-enditem|p1a: Hawlucha|Misty Seed
|-boost|p1a: Hawlucha|spd|1|[from] item: Misty Seed
|turn|9
|
|t:|1660474629
|move|p1a: Hawlucha|Swords Dance|p1a: Hawlucha
|-boost|p1a: Hawlucha|atk|2
|move|p2a: Tapu Fini|Moonblast|p1a: Hawlucha
|-supereffective|p1a: Hawlucha
|-damage|p1a: Hawlucha|43/100
|-unboost|p1a: Hawlucha|spa|1
|
|-heal|p2a: Tapu Fini|35/100|[from] item: Leftovers
|upkeep
|turn|10
|
|t:|1660474648
|move|p1a: Hawlucha|Acrobatics|p2a: Tapu Fini
|-damage|p2a: Tapu Fini|0 fnt
|faint|p2a: Tapu Fini
|
|upkeep
|
|t:|1660474651
|switch|p2a: Dragonite|Dragonite, M|100/100
|turn|11
|j| Alexlch
|l| LT93OQ Yor
|inactive|LT93OQ Templario has 120 seconds left.
|l| Alexlch
|
|t:|1660474707
|move|p1a: Hawlucha|Stone Edge|p2a: Dragonite
|-supereffective|p2a: Dragonite
|-damage|p2a: Dragonite|46/100
|move|p2a: Dragonite|Ice Punch|p1a: Hawlucha
|-supereffective|p1a: Hawlucha
|-damage|p1a: Hawlucha|0 fnt
|faint|p1a: Hawlucha
|
|-fieldend|Misty Terrain
|upkeep
|inactive|LT93OQ Templario has 90 seconds left.
|
|t:|1660474717
|switch|p1a: Zeraora|Zeraora|100/100
|turn|12
|
|t:|1660474728
|move|p1a: Zeraora|Bulk Up|p1a: Zeraora
|-boost|p1a: Zeraora|atk|1
|-boost|p1a: Zeraora|def|1
|move|p2a: Dragonite|Dragon Dance|p2a: Dragonite
|-boost|p2a: Dragonite|atk|1
|-boost|p2a: Dragonite|spe|1
|
|upkeep
|turn|13
|
|t:|1660474736
|move|p1a: Zeraora|Plasma Fists|p2a: Dragonite
|-damage|p2a: Dragonite|0 fnt
|-fieldactivate|move: Ion Deluge
|-hint|Normal-type moves become Electric-type after using Plasma Fists.
|faint|p2a: Dragonite
|
|upkeep
|
|t:|1660474744
|switch|p2a: Landorus|Landorus-Therian, M|23/100
|-damage|p2a: Landorus|10/100|[from] Stealth Rock
|-ability|p2a: Landorus|Intimidate|boost
|-unboost|p1a: Zeraora|atk|1
|turn|14
|
|t:|1660474759
|move|p1a: Zeraora|Knock Off|p2a: Landorus
|-damage|p2a: Landorus|0 fnt
|-enditem|p2a: Landorus|Leftovers|[from] move: Knock Off|[of] p1a: Zeraora
|faint|p2a: Landorus
|
|upkeep
|
|t:|1660474761
|switch|p2a: Melmetal|Melmetal|100/100
|-damage|p2a: Melmetal|94/100|[from] Stealth Rock
|turn|15
|j| Kyurem
|inactive|LT93OQ Templario has 120 seconds left.
|inactive|LT93OQ Templario has 90 seconds left.
|
|t:|1660474812
|move|p1a: Zeraora|Knock Off|p2a: Melmetal
|-damage|p2a: Melmetal|77/100
|-enditem|p2a: Melmetal|Leftovers|[from] move: Knock Off|[of] p1a: Zeraora
|move|p2a: Melmetal|Earthquake|p1a: Zeraora
|-supereffective|p1a: Zeraora
|-damage|p1a: Zeraora|22/100
|
|upkeep
|turn|16
|
|t:|1660474821
|move|p1a: Zeraora|Close Combat|p2a: Melmetal
|-supereffective|p2a: Melmetal
|-damage|p2a: Melmetal|30/100
|-unboost|p1a: Zeraora|def|1
|-unboost|p1a: Zeraora|spd|1
|move|p2a: Melmetal|Earthquake|p1a: Zeraora
|-supereffective|p1a: Zeraora
|-damage|p1a: Zeraora|0 fnt
|faint|p1a: Zeraora
|
|upkeep
|
|t:|1660474825
|switch|p1a: Melmetal|Melmetal|100/100
|turn|17
|
|t:|1660474841
|move|p1a: Melmetal|Earthquake|p2a: Melmetal
|-supereffective|p2a: Melmetal
|-damage|p2a: Melmetal|0 fnt
|faint|p2a: Melmetal
|
|upkeep
|
|t:|1660474844
|switch|p2a: Zapdos|Zapdos|100/100
|turn|18
|
|t:|1660474848
|move|p2a: Zapdos|Heat Wave|p1a: Melmetal
|-supereffective|p1a: Melmetal
|-damage|p1a: Melmetal|58/100
|move|p1a: Melmetal|Thunder Punch|p2a: Zapdos
|-damage|p2a: Zapdos|58/100
|
|upkeep
|turn|19
|inactive|LT93OQ Templario has 120 seconds left.
|
|t:|1660474854
|move|p2a: Zapdos|Heat Wave|p1a: Melmetal
|-supereffective|p1a: Melmetal
|-damage|p1a: Melmetal|13/100
|move|p1a: Melmetal|Earthquake|p2a: Zapdos
|-immune|p2a: Zapdos
|
|upkeep
|turn|20
|
|t:|1660474865
|move|p2a: Zapdos|Heat Wave|p1a: Melmetal
|-supereffective|p1a: Melmetal
|-damage|p1a: Melmetal|0 fnt
|faint|p1a: Melmetal
|
|upkeep
|
|t:|1660474867
|switch|p1a: Tapu Fini|Tapu Fini|94/100
|-fieldstart|move: Misty Terrain|[from] ability: Misty Surge|[of] p1a: Tapu Fini
|turn|21
|
|t:|1660474868
|move|p2a: Zapdos|Volt Switch|p1a: Tapu Fini
|-supereffective|p1a: Tapu Fini
|-damage|p1a: Tapu Fini|41/100
|
|t:|1660474871
|switch|p2a: Dragapult|Dragapult, F|100/100|[from]move: Volt Switch
|-damage|p2a: Dragapult|88/100|[from] Stealth Rock
|move|p1a: Tapu Fini|Calm Mind|p1a: Tapu Fini
|-boost|p1a: Tapu Fini|spa|1
|-boost|p1a: Tapu Fini|spd|1
|
|upkeep
|turn|22
|
|t:|1660474900
|move|p2a: Dragapult|Shadow Ball|p1a: Tapu Fini
|-damage|p1a: Tapu Fini|14/100
|move|p1a: Tapu Fini|Draining Kiss|p2a: Dragapult
|-supereffective|p2a: Dragapult
|-crit|p2a: Dragapult
|-damage|p2a: Dragapult|0 fnt
|-heal|p1a: Tapu Fini|74/100|[from] drain|[of] p2a: Dragapult
|faint|p2a: Dragapult
|
|upkeep
|
|t:|1660474905
|switch|p2a: Zapdos|Zapdos|58/100
|turn|23
|
|t:|1660474911
|move|p2a: Zapdos|Hurricane|p1a: Tapu Fini
|-damage|p1a: Tapu Fini|47/100
|move|p1a: Tapu Fini|Scald|p2a: Zapdos
|-damage|p2a: Zapdos|11/100
|
|upkeep
|turn|24
|
|t:|1660474919
|move|p2a: Zapdos|Volt Switch|p1a: Tapu Fini
|-supereffective|p1a: Tapu Fini
|-damage|p1a: Tapu Fini|7/100
|move|p1a: Tapu Fini|Scald|p2a: Zapdos
|-damage|p2a: Zapdos|0 fnt
|faint|p2a: Zapdos
|
|win|LT93OQ Templario
|raw|LT93OQ Templario's rating: 1706 &rarr; <strong>1735</strong><br />(+29 for winning)
|raw|kinetic chain's rating: 1878 &rarr; <strong>1849</strong><br />(-29 for losing)
|l| Kyurem
|l| LT93OQ TROP CHAUD
|l|‽kinetic chain
|l| lt93O Quartos
|j| xray
|l| xray
