|raw|<div class="broadcast-blue"><strong>This battle is required to be public due to a player having a name starting with 'lt91bb'.</div>
|j|☆ElTester2000
|j|☆lt91bb FJ2K
|t:|1659316235
|gametype|singles
|player|p1|ElTester2000|burglar|1644
|player|p2|lt91bb FJ2K|1|1742
|teamsize|p1|6
|teamsize|p2|6
|gen|8
|tier|[Gen 8] OU
|rated|
|rule|Sleep Clause Mod: Limit one foe put to sleep
|rule|Species Clause: Limit one of each Pokémon
|rule|OHKO Clause: OHKO moves are banned
|rule|Evasion Moves Clause: Evasion moves are banned
|rule|Endless Battle Clause: Forcing endless battles is banned
|rule|HP Percentage Mod: HP is shown in percentages
|rule|Dynamax Clause: You cannot dynamax
|clearpoke
|poke|p1|Obstagoon, M|
|poke|p1|Slowbro, M|
|poke|p1|Landorus-Therian, M|
|poke|p1|Melmetal|
|poke|p1|Clefable, F|
|poke|p1|Slowking-Galar, M|
|poke|p2|Tyranitar, F|
|poke|p2|Rotom-Wash|
|poke|p2|Ferrothorn, F|
|poke|p2|Excadrill, F|
|poke|p2|Dragapult, F|
|poke|p2|Clefable, F|
|teampreview
|inactive|Battle timer is ON: inactive players will automatically lose when time's up. (requested by ElTester2000)
|
|t:|1659316246
|start
|switch|p1a: Thrash|Obstagoon, M|100/100
|switch|p2a: Dragapult|Dragapult, F|100/100
|turn|1
|
|t:|1659316252
|move|p1a: Thrash|Obstruct|p1a: Thrash
|-singleturn|p1a: Thrash|Protect
|move|p2a: Dragapult|U-turn|p1a: Thrash
|-activate|p1a: Thrash|move: Protect
|-unboost|p2a: Dragapult|def|2
|
|-status|p1a: Thrash|brn|[from] item: Flame Orb
|upkeep
|turn|2
|
|t:|1659316257
|move|p2a: Dragapult|U-turn|p1a: Thrash
|-supereffective|p1a: Thrash
|-damage|p1a: Thrash|67/100 brn
|
|t:|1659316260
|switch|p2a: Clefable|Clefable, F|100/100|[from]move: U-turn
|move|p1a: Thrash|Close Combat|p2a: Clefable
|-resisted|p2a: Clefable
|-damage|p2a: Clefable|80/100
|-unboost|p1a: Thrash|def|1
|-unboost|p1a: Thrash|spd|1
|-damage|p1a: Thrash|51/100 brn|[from] item: Rocky Helmet|[of] p2a: Clefable
|
|-damage|p1a: Thrash|45/100 brn|[from] brn
|upkeep
|turn|3
|
|t:|1659316267
|move|p1a: Thrash|Facade|p2a: Clefable
|-damage|p2a: Clefable|14/100
|-damage|p1a: Thrash|28/100 brn|[from] item: Rocky Helmet|[of] p2a: Clefable
|move|p2a: Clefable|Moonblast|p1a: Thrash
|-supereffective|p1a: Thrash
|-damage|p1a: Thrash|0 fnt
|faint|p1a: Thrash
|
|upkeep
|
|t:|1659316270
|switch|p1a: King|Landorus-Therian, M|100/100
|-ability|p1a: King|Intimidate|boost
|-unboost|p2a: Clefable|atk|1
|turn|4
|
|t:|1659316273
|switch|p2a: Rotom|Rotom-Wash|100/100
|move|p1a: King|U-turn|p2a: Rotom
|-damage|p2a: Rotom|76/100
|
|t:|1659316280
|switch|p1a: Pink Demon|Clefable, F|100/100|[from]move: U-turn
|
|-heal|p2a: Rotom|82/100|[from] item: Leftovers
|upkeep
|turn|5
|
|t:|1659316286
|move|p2a: Rotom|Will-O-Wisp|p1a: Pink Demon
|-status|p1a: Pink Demon|brn
|move|p1a: Pink Demon|Moonblast|p2a: Rotom
|-damage|p2a: Rotom|39/100
|
|-heal|p2a: Rotom|45/100|[from] item: Leftovers
|upkeep
|turn|6
|
|t:|1659316289
|move|p2a: Rotom|Pain Split|p1a: Pink Demon
|-sethp|p1a: Pink Demon|68/100 brn|[from] move: Pain Split|[silent]
|-sethp|p2a: Rotom|87/100|[from] move: Pain Split
|move|p1a: Pink Demon|Soft-Boiled|p1a: Pink Demon
|-heal|p1a: Pink Demon|100/100 brn
|
|-heal|p2a: Rotom|94/100|[from] item: Leftovers
|upkeep
|turn|7
|
|t:|1659316293
|move|p2a: Rotom|Volt Switch|p1a: Pink Demon
|-damage|p1a: Pink Demon|76/100 brn
|
|t:|1659316296
|switch|p2a: Excadrill|Excadrill, F|100/100|[from]move: Volt Switch
|move|p1a: Pink Demon|Calm Mind|p1a: Pink Demon
|-boost|p1a: Pink Demon|spa|1
|-boost|p1a: Pink Demon|spd|1
|
|upkeep
|turn|8
|
|t:|1659316300
|switch|p1a: King|Landorus-Therian, M|100/100
|-ability|p1a: King|Intimidate|boost
|-unboost|p2a: Excadrill|atk|1
|move|p2a: Excadrill|Iron Head|p1a: King
|-damage|p1a: King|79/100
|
|-heal|p1a: King|85/100|[from] item: Leftovers
|upkeep
|turn|9
|
|t:|1659316308
|switch|p2a: Ferrothorn|Ferrothorn, F|100/100
|move|p1a: King|U-turn|p2a: Ferrothorn
|-damage|p2a: Ferrothorn|86/100
|-damage|p1a: King|73/100|[from] ability: Iron Barbs|[of] p2a: Ferrothorn
|
|t:|1659316311
|switch|p1a: Pink Demon|Clefable, F|76/100 brn|[from]move: U-turn
|
|-heal|p2a: Ferrothorn|92/100|[from] item: Leftovers
|upkeep
|turn|10
|
|t:|1659316316
|switch|p2a: Clefable|Clefable, F|14/100
|move|p1a: Pink Demon|Calm Mind|p1a: Pink Demon
|-boost|p1a: Pink Demon|spa|1
|-boost|p1a: Pink Demon|spd|1
|
|upkeep
|turn|11
|l|☆ElTester2000
|inactive|ElTester2000 disconnected and has a minute to reconnect!
|player|p1|
|j|☆ElTester2000
|inactive|ElTester2000 reconnected and has 130 seconds left.
|player|p1|ElTester2000|burglar
|
|t:|1659316339
|move|p1a: Pink Demon|Moonblast|p2a: Clefable
|-damage|p2a: Clefable|0 fnt
|faint|p2a: Clefable
|
|upkeep
|
|t:|1659316341
|switch|p2a: Excadrill|Excadrill, F|100/100
|turn|12
|
|t:|1659316346
|switch|p1a: SlowBRUH|Slowbro, M|100/100
|move|p2a: Excadrill|Iron Head|p1a: SlowBRUH
|-resisted|p1a: SlowBRUH
|-damage|p1a: SlowBRUH|87/100
|-damage|p2a: Excadrill|84/100|[from] item: Rocky Helmet|[of] p1a: SlowBRUH
|
|-heal|p2a: Excadrill|90/100|[from] item: Leftovers
|upkeep
|turn|13
|
|t:|1659316353
|switch|p2a: Tyranitar|Tyranitar, F|100/100
|-weather|Sandstorm|[from] ability: Sand Stream|[of] p2a: Tyranitar
|move|p1a: SlowBRUH|Teleport|p1a: SlowBRUH
|
|t:|1659316355
|switch|p1a: Melmetal|Melmetal|100/100|[from]move: Teleport
|
|-weather|Sandstorm|[upkeep]
|upkeep
|turn|14
|
|t:|1659316362
|switch|p2a: Ferrothorn|Ferrothorn, F|92/100
|move|p1a: Melmetal|Toxic|p2a: Ferrothorn
|-immune|p2a: Ferrothorn
|
|-weather|Sandstorm|[upkeep]
|-heal|p2a: Ferrothorn|99/100|[from] item: Leftovers
|upkeep
|turn|15
|
|t:|1659316366
|switch|p1a: Pink Demon|Clefable, F|76/100 brn
|move|p2a: Ferrothorn|Spikes|p1a: Pink Demon
|-sidestart|p1: ElTester2000|Spikes
|
|-weather|Sandstorm|[upkeep]
|-heal|p2a: Ferrothorn|100/100|[from] item: Leftovers
|upkeep
|turn|16
|
|t:|1659316376
|switch|p2a: Tyranitar|Tyranitar, F|100/100
|move|p1a: Pink Demon|Flamethrower|p2a: Tyranitar
|-resisted|p2a: Tyranitar
|-damage|p2a: Tyranitar|92/100
|
|-weather|Sandstorm|[upkeep]
|upkeep
|turn|17
|
|t:|1659316385
|switch|p1a: SlowBRUH|Slowbro, M|100/100
|-damage|p1a: SlowBRUH|88/100|[from] Spikes
|move|p2a: Tyranitar|Stone Edge|p1a: SlowBRUH
|-damage|p1a: SlowBRUH|38/100
|
|-weather|none
|upkeep
|turn|18
|
|t:|1659316388
|switch|p1a: Melmetal|Melmetal|100/100
|-damage|p1a: Melmetal|88/100|[from] Spikes
|move|p2a: Tyranitar|Stone Edge|p1a: Melmetal
|-resisted|p1a: Melmetal
|-damage|p1a: Melmetal|62/100
|
|-heal|p1a: Melmetal|68/100|[from] item: Leftovers
|upkeep
|turn|19
|
|t:|1659316391
|switch|p2a: Ferrothorn|Ferrothorn, F|100/100
|switch|p1a: King|Landorus-Therian, M|73/100
|-ability|p1a: King|Intimidate|boost
|-unboost|p2a: Ferrothorn|atk|1
|
|-heal|p1a: King|79/100|[from] item: Leftovers
|upkeep
|turn|20
|
|t:|1659316395
|move|p1a: King|Defog|p2a: Ferrothorn
|-unboost|p2a: Ferrothorn|evasion|1
|-sideend|p1: ElTester2000|Spikes|[from] move: Defog|[of] p1a: King
|move|p2a: Ferrothorn|Knock Off|p1a: King
|-damage|p1a: King|69/100
|-enditem|p1a: King|Leftovers|[from] move: Knock Off|[of] p2a: Ferrothorn
|
|upkeep
|turn|21
|
|t:|1659316399
|move|p1a: King|Stealth Rock|p2a: Ferrothorn
|-sidestart|p2: lt91bb FJ2K|move: Stealth Rock
|move|p2a: Ferrothorn|Spikes|p1a: King
|-sidestart|p1: ElTester2000|Spikes
|
|upkeep
|turn|22
|
|t:|1659316402
|switch|p1a: Pink Demon|Clefable, F|76/100 brn
|move|p2a: Ferrothorn|Spikes|p1a: Pink Demon
|-sidestart|p1: ElTester2000|Spikes
|
|upkeep
|turn|23
|
|t:|1659316405
|switch|p2a: Excadrill|Excadrill, F|90/100
|-damage|p2a: Excadrill|87/100|[from] Stealth Rock
|move|p1a: Pink Demon|Moonblast|p2a: Excadrill
|-resisted|p2a: Excadrill
|-damage|p2a: Excadrill|60/100
|
|-heal|p2a: Excadrill|66/100|[from] item: Leftovers
|upkeep
|turn|24
|
|t:|1659316408
|switch|p1a: King|Landorus-Therian, M|69/100
|-ability|p1a: King|Intimidate|boost
|-unboost|p2a: Excadrill|atk|1
|move|p2a: Excadrill|Iron Head|p1a: King
|-damage|p1a: King|46/100
|
|-heal|p2a: Excadrill|72/100|[from] item: Leftovers
|upkeep
|turn|25
|
|t:|1659316412
|switch|p2a: Rotom|Rotom-Wash|94/100
|-damage|p2a: Rotom|81/100|[from] Stealth Rock
|move|p1a: King|Earthquake|p2a: Rotom
|-immune|p2a: Rotom|[from] ability: Levitate
|
|-heal|p2a: Rotom|87/100|[from] item: Leftovers
|upkeep
|turn|26
|
|t:|1659316417
|switch|p1a: King BRUH|Slowking-Galar, M|100/100
|-damage|p1a: King BRUH|84/100|[from] Spikes
|move|p2a: Rotom|Hydro Pump|p1a: King BRUH
|-damage|p1a: King BRUH|66/100
|
|-heal|p2a: Rotom|94/100|[from] item: Leftovers
|upkeep
|turn|27
|
|t:|1659316422
|move|p2a: Rotom|Volt Switch|p1a: King BRUH
|-damage|p1a: King BRUH|55/100
|
|t:|1659316424
|switch|p2a: Tyranitar|Tyranitar, F|92/100|[from]move: Volt Switch
|-damage|p2a: Tyranitar|79/100|[from] Stealth Rock
|-weather|Sandstorm|[from] ability: Sand Stream|[of] p2a: Tyranitar
|move|p1a: King BRUH|Future Sight|p2a: Tyranitar
|-start|p1a: King BRUH|move: Future Sight
|
|-weather|Sandstorm|[upkeep]
|-damage|p1a: King BRUH|48/100|[from] Sandstorm
|upkeep
|turn|28
|
|t:|1659316436
|switch|p1a: Melmetal|Melmetal|68/100
|-damage|p1a: Melmetal|51/100|[from] Spikes
|move|p2a: Tyranitar|Crunch|p1a: Melmetal
|-damage|p1a: Melmetal|10/100
|-unboost|p1a: Melmetal|def|1
|
|-weather|Sandstorm|[upkeep]
|-heal|p1a: Melmetal|16/100|[from] item: Leftovers
|upkeep
|turn|29
|
|t:|1659316439
|switch|p1a: King|Landorus-Therian, M|46/100
|-ability|p1a: King|Intimidate|boost
|-unboost|p2a: Tyranitar|atk|1
|move|p2a: Tyranitar|Crunch|p1a: King
|-damage|p1a: King|11/100
|
|-weather|Sandstorm|[upkeep]
|-end|p2a: Tyranitar|move: Future Sight
|-immune|p2a: Tyranitar
|upkeep
|turn|30
|
|t:|1659316441
|switch|p1a: Pink Demon|Clefable, F|76/100 brn
|move|p2a: Tyranitar|Crunch|p1a: Pink Demon
|-resisted|p1a: Pink Demon
|-damage|p1a: Pink Demon|55/100 brn
|
|-weather|Sandstorm|[upkeep]
|upkeep
|turn|31
|
|t:|1659316446
|switch|p2a: Excadrill|Excadrill, F|72/100
|-damage|p2a: Excadrill|69/100|[from] Stealth Rock
|move|p1a: Pink Demon|Flamethrower|p2a: Excadrill
|-supereffective|p2a: Excadrill
|-damage|p2a: Excadrill|0 fnt
|faint|p2a: Excadrill
|
|-weather|none
|upkeep
|
|t:|1659316449
|switch|p2a: Tyranitar|Tyranitar, F|79/100
|-damage|p2a: Tyranitar|67/100|[from] Stealth Rock
|-weather|Sandstorm|[from] ability: Sand Stream|[of] p2a: Tyranitar
|turn|32
|
|t:|1659316454
|switch|p1a: King|Landorus-Therian, M|11/100
|-ability|p1a: King|Intimidate|boost
|-unboost|p2a: Tyranitar|atk|1
|move|p2a: Tyranitar|Stone Edge|p1a: King
|-crit|p1a: King
|-damage|p1a: King|0 fnt
|faint|p1a: King
|
|-weather|Sandstorm|[upkeep]
|upkeep
|
|t:|1659316461
|switch|p1a: SlowBRUH|Slowbro, M|72/100
|-damage|p1a: SlowBRUH|55/100|[from] Spikes
|turn|33
|
|t:|1659316467
|switch|p2a: Ferrothorn|Ferrothorn, F|100/100
|-damage|p2a: Ferrothorn|94/100|[from] Stealth Rock
|move|p1a: SlowBRUH|Teleport|p1a: SlowBRUH
|
|t:|1659316468
|switch|p1a: Pink Demon|Clefable, F|55/100 brn|[from]move: Teleport
|
|-weather|Sandstorm|[upkeep]
|-heal|p2a: Ferrothorn|100/100|[from] item: Leftovers
|upkeep
|turn|34
|
|t:|1659316476
|switch|p2a: Tyranitar|Tyranitar, F|67/100
|-damage|p2a: Tyranitar|54/100|[from] Stealth Rock
|move|p1a: Pink Demon|Moonblast|p2a: Tyranitar
|-supereffective|p2a: Tyranitar
|-damage|p2a: Tyranitar|0 fnt
|faint|p2a: Tyranitar
|
|-weather|Sandstorm|[upkeep]
|upkeep
|
|t:|1659316477
|switch|p2a: Dragapult|Dragapult, F|100/100
|-damage|p2a: Dragapult|88/100|[from] Stealth Rock
|turn|35
|
|t:|1659316488
|move|p2a: Dragapult|Hex|p1a: Pink Demon
|-damage|p1a: Pink Demon|0 fnt
|faint|p1a: Pink Demon
|
|-weather|Sandstorm|[upkeep]
|-damage|p2a: Dragapult|82/100|[from] Sandstorm
|upkeep
|
|t:|1659316495
|switch|p1a: King BRUH|Slowking-Galar, M|82/100
|-damage|p1a: King BRUH|65/100|[from] Spikes
|turn|36
|
|t:|1659316499
|switch|p2a: Rotom|Rotom-Wash|94/100
|-damage|p2a: Rotom|81/100|[from] Stealth Rock
|move|p1a: King BRUH|Future Sight|p2a: Rotom
|-start|p1a: King BRUH|move: Future Sight
|
|-weather|none
|-heal|p2a: Rotom|87/100|[from] item: Leftovers
|upkeep
|turn|37
|
|t:|1659316504
|move|p2a: Rotom|Will-O-Wisp|p1a: King BRUH
|-status|p1a: King BRUH|brn
|move|p1a: King BRUH|Sludge Bomb|p2a: Rotom
|-damage|p2a: Rotom|45/100
|
|-heal|p2a: Rotom|51/100|[from] item: Leftovers
|-damage|p1a: King BRUH|59/100 brn|[from] brn
|upkeep
|turn|38
|
|t:|1659316511
|move|p2a: Rotom|Volt Switch|p1a: King BRUH
|-damage|p1a: King BRUH|49/100 brn
|
|t:|1659316513
|switch|p2a: Ferrothorn|Ferrothorn, F|100/100|[from]move: Volt Switch
|-damage|p2a: Ferrothorn|94/100|[from] Stealth Rock
|move|p1a: King BRUH|Sludge Bomb|p2a: Ferrothorn
|-immune|p2a: Ferrothorn
|
|-end|p2a: Ferrothorn|move: Future Sight
|-resisted|p2a: Ferrothorn
|-damage|p2a: Ferrothorn|76/100
|-heal|p2a: Ferrothorn|83/100|[from] item: Leftovers
|-damage|p1a: King BRUH|43/100 brn|[from] brn
|upkeep
|turn|39
|
|t:|1659316516
|move|p1a: King BRUH|Flamethrower|p2a: Ferrothorn
|-supereffective|p2a: Ferrothorn
|-damage|p2a: Ferrothorn|11/100
|move|p2a: Ferrothorn|Knock Off|p1a: King BRUH
|-supereffective|p1a: King BRUH
|-damage|p1a: King BRUH|0 fnt
|-enditem|p1a: King BRUH|Assault Vest|[from] move: Knock Off|[of] p2a: Ferrothorn
|faint|p1a: King BRUH
|
|-heal|p2a: Ferrothorn|17/100|[from] item: Leftovers
|upkeep
|
|t:|1659316523
|switch|p1a: SlowBRUH|Slowbro, M|88/100
|-damage|p1a: SlowBRUH|72/100|[from] Spikes
|turn|40
|
|t:|1659316526
|move|p2a: Ferrothorn|Knock Off|p1a: SlowBRUH
|-supereffective|p1a: SlowBRUH
|-damage|p1a: SlowBRUH|48/100
|-damage|p2a: Ferrothorn|1/100|[from] item: Rocky Helmet|[of] p1a: SlowBRUH
|-enditem|p1a: SlowBRUH|Rocky Helmet|[from] move: Knock Off|[of] p2a: Ferrothorn
|move|p1a: SlowBRUH|Scald|p2a: Ferrothorn
|-resisted|p2a: Ferrothorn
|-damage|p2a: Ferrothorn|0 fnt
|faint|p2a: Ferrothorn
|
|upkeep
|
|t:|1659316528
|switch|p2a: Dragapult|Dragapult, F|82/100
|-damage|p2a: Dragapult|70/100|[from] Stealth Rock
|turn|41
|c|☆lt91bb FJ2K|gg
|
|t:|1659316535
|switch|p1a: Melmetal|Melmetal|16/100
|-damage|p1a: Melmetal|0 fnt|[from] Spikes
|faint|p1a: Melmetal
|move|p2a: Dragapult|Shadow Ball|p1: Melmetal|[notarget]
|-fail|p2a: Dragapult
|
|upkeep
|
|t:|1659316538
|switch|p1a: SlowBRUH|Slowbro, M|82/100
|-damage|p1a: SlowBRUH|65/100|[from] Spikes
|turn|42
|
|t:|1659316539
|move|p2a: Dragapult|Shadow Ball|p1a: SlowBRUH
|-supereffective|p1a: SlowBRUH
|-damage|p1a: SlowBRUH|0 fnt
|faint|p1a: SlowBRUH
|
|win|lt91bb FJ2K
|raw|ElTester2000's rating: 1644 &rarr; <strong>1629</strong><br />(-15 for losing)
|raw|lt91bb FJ2K's rating: 1742 &rarr; <strong>1757</strong><br />(+15 for winning)
|l|☆ElTester2000
||Ladder isn't responding, score probably updated but might not have (Request timeout).
