|j|☆minimax_ai
|j|☆Nestohr
|t:|1663507084
|gametype|singles
|player|p1|minimax_ai|lusamine-nihilego|1550
|player|p2|Nestohr|169|1566
|teamsize|p1|6
|teamsize|p2|6
|gen|8
|tier|[Gen 8] OU
|rated|
|rule|Sleep Clause Mod: Limit one foe put to sleep
|rule|Species Clause: Limit one of each Pokémon
|rule|OHKO Clause: OHKO moves are banned
|rule|Evasion Items Clause: Evasion items are banned
|rule|Evasion Moves Clause: Evasion moves are banned
|rule|Endless Battle Clause: Forcing endless battles is banned
|rule|HP Percentage Mod: HP is shown in percentages
|rule|Dynamax Clause: You cannot dynamax
|clearpoke
|poke|p1|Rotom-Wash|
|poke|p1|Weavile, F|
|poke|p1|Landorus-Therian, M|
|poke|p1|Heatran, M|
|poke|p1|Tangrowth, M|
|poke|p1|Melmetal|
|poke|p2|Ninetales-Alola, F|
|poke|p2|Dragapult, M|
|poke|p2|Rillaboom, F|
|poke|p2|Hawlucha, M|
|poke|p2|Volcarona, F|
|poke|p2|Tapu Fini|
|teampreview
|c|☆minimax_ai|hf
|inactive|Battle timer is ON: inactive players will automatically lose when time's up. (requested by minimax_ai)
|
|t:|1663507098
|start
|switch|p1a: landorustherian|Landorus-Therian, M|100/100
|switch|p2a: Ninetales|Ninetales-Alola, F|100/100
|-weather|Hail|[from] ability: Snow Warning|[of] p2a: Ninetales
|-ability|p1a: landorustherian|Intimidate|boost
|-unboost|p2a: Ninetales|atk|1
|turn|1
|
|t:|1663507107
|switch|p1a: Heatran|Heatran, M|100/100
|-item|p1a: Heatran|Air Balloon
|move|p2a: Ninetales|Freeze-Dry|p1a: Heatran
|-resisted|p1a: Heatran
|-damage|p1a: Heatran|96/100
|-enditem|p1a: Heatran|Air Balloon
|
|-weather|Hail|[upkeep]
|-damage|p1a: Heatran|89/100|[from] Hail
|upkeep
|turn|2
|j| bfghbufjrh
|l| bfghbufjrh
|
|t:|1663507133
|move|p2a: Ninetales|Aurora Veil|p2a: Ninetales
|-sidestart|p2: Nestohr|move: Aurora Veil
|move|p1a: Heatran|Magma Storm|p2a: Ninetales
|-supereffective|p2a: Ninetales
|-crit|p2a: Ninetales
|-damage|p2a: Ninetales|0 fnt
|faint|p2a: Ninetales
|
|-weather|Hail|[upkeep]
|-damage|p1a: Heatran|83/100|[from] Hail
|upkeep
|
|t:|1663507138
|switch|p2a: Dragapult|Dragapult, M|100/100
|turn|3
|
|t:|1663507142
|move|p2a: Dragapult|Dragon Dance|p2a: Dragapult
|-boost|p2a: Dragapult|atk|1
|-boost|p2a: Dragapult|spe|1
|move|p1a: Heatran|Stealth Rock|p2a: Dragapult
|-sidestart|p2: Nestohr|move: Stealth Rock
|
|-weather|Hail|[upkeep]
|-damage|p2a: Dragapult|95/100|[from] Hail
|-damage|p1a: Heatran|77/100|[from] Hail
|upkeep
|turn|4
|
|t:|1663507164
|switch|p1a: Melmetal|Melmetal|100/100
|move|p2a: Dragapult|Dragon Dance|p2a: Dragapult
|-boost|p2a: Dragapult|atk|1
|-boost|p2a: Dragapult|spe|1
|
|-weather|Hail|[upkeep]
|-damage|p2a: Dragapult|89/100|[from] Hail
|-damage|p1a: Melmetal|94/100|[from] Hail
|upkeep
|turn|5
|
|t:|1663507166
|move|p2a: Dragapult|Fire Blast|p1a: Melmetal|[miss]
|-miss|p2a: Dragapult|p1a: Melmetal
|move|p1a: Melmetal|Double Iron Bash|p2a: Dragapult
|-damage|p2a: Dragapult|59/100
|-damage|p2a: Dragapult|31/100
|-hitcount|p2a: Dragapult|2
|
|-weather|none
|upkeep
|turn|6
|
|t:|1663507168
|move|p2a: Dragapult|Phantom Force||[still]
|-prepare|p2a: Dragapult|Phantom Force
|move|p1a: Melmetal|Double Iron Bash|p2a: Dragapult|[miss]
|-miss|p1a: Melmetal|p2a: Dragapult
|
|upkeep
|turn|7
|
|t:|1663507170
|move|p2a: Dragapult|Phantom Force|p1a: Melmetal|[from]lockedmove
|-damage|p1a: Melmetal|35/100
|move|p1a: Melmetal|Double Iron Bash|p2a: Dragapult
|-damage|p2a: Dragapult|6/100
|-damage|p2a: Dragapult|0 fnt
|faint|p2a: Dragapult
|-hitcount|p2: Dragapult|2
|
|upkeep
|
|t:|1663507173
|switch|p2a: Volcarona|Volcarona, F|100/100
|turn|8
|
|t:|1663507176
|switch|p1a: landorustherian|Landorus-Therian, M|100/100
|-ability|p1a: landorustherian|Intimidate|boost
|-unboost|p2a: Volcarona|atk|1
|move|p2a: Volcarona|Quiver Dance|p2a: Volcarona
|-boost|p2a: Volcarona|spa|1
|-boost|p2a: Volcarona|spd|1
|-boost|p2a: Volcarona|spe|1
|
|upkeep
|turn|9
|
|t:|1663507178
|move|p2a: Volcarona|Quiver Dance|p2a: Volcarona
|-boost|p2a: Volcarona|spa|1
|-boost|p2a: Volcarona|spd|1
|-boost|p2a: Volcarona|spe|1
|move|p1a: landorustherian|Toxic|p2a: Volcarona
|-status|p2a: Volcarona|tox
|
|-damage|p2a: Volcarona|94/100 tox|[from] psn
|-sideend|p2: Nestohr|move: Aurora Veil
|upkeep
|turn|10
|
|t:|1663507179
|move|p2a: Volcarona|Flamethrower|p1a: landorustherian
|-damage|p1a: landorustherian|40/100
|move|p1a: landorustherian|Earthquake|p2a: Volcarona
|-damage|p2a: Volcarona|46/100 tox
|
|-heal|p1a: landorustherian|46/100|[from] item: Leftovers
|-damage|p2a: Volcarona|34/100 tox|[from] psn
|upkeep
|turn|11
|
|t:|1663507181
|switch|p1a: Heatran|Heatran, M|77/100
|move|p2a: Volcarona|Psychic|p1a: Heatran
|-resisted|p1a: Heatran
|-damage|p1a: Heatran|50/100
|
|-damage|p2a: Volcarona|15/100 tox|[from] psn
|upkeep
|turn|12
|
|t:|1663507183
|move|p2a: Volcarona|Psychic|p1a: Heatran
|-resisted|p1a: Heatran
|-damage|p1a: Heatran|24/100
|move|p1a: Heatran|Magma Storm|p2a: Volcarona
|-damage|p2a: Volcarona|0 fnt
|faint|p2a: Volcarona
|
|upkeep
|
|t:|1663507185
|switch|p2a: Hawlucha|Hawlucha, M|100/100
|-damage|p2a: Hawlucha|88/100|[from] Stealth Rock
|turn|13
|
|t:|1663507187
|switch|p1a: landorustherian|Landorus-Therian, M|46/100
|-ability|p1a: landorustherian|Intimidate|boost
|-unboost|p2a: Hawlucha|atk|1
|move|p2a: Hawlucha|Swords Dance|p2a: Hawlucha
|-boost|p2a: Hawlucha|atk|2
|
|-heal|p1a: landorustherian|52/100|[from] item: Leftovers
|upkeep
|turn|14
|
|t:|1663507190
|move|p2a: Hawlucha|Acrobatics|p1a: landorustherian
|-damage|p1a: landorustherian|16/100
|move|p1a: landorustherian|U-turn|p2a: Hawlucha
|-resisted|p2a: Hawlucha
|-damage|p2a: Hawlucha|80/100
|
|t:|1663507191
|switch|p1a: Weavile|Weavile, F|100/100|[from]move: U-turn
|-ability|p1a: Weavile|Pressure
|
|upkeep
|turn|15
|
|t:|1663507195
|switch|p2a: Rillaboom|Rillaboom, F|100/100
|-damage|p2a: Rillaboom|88/100|[from] Stealth Rock
|-fieldstart|move: Grassy Terrain|[from] ability: Grassy Surge|[of] p2a: Rillaboom
|move|p1a: Weavile|Triple Axel|p2a: Rillaboom
|-supereffective|p2a: Rillaboom
|-damage|p2a: Rillaboom|58/100
|-supereffective|p2a: Rillaboom
|-damage|p2a: Rillaboom|0 fnt
|faint|p2a: Rillaboom
|-hitcount|p2: Rillaboom|2
|
|upkeep
|
|t:|1663507197
|switch|p2a: Hawlucha|Hawlucha, M|80/100
|-damage|p2a: Hawlucha|67/100|[from] Stealth Rock
|-enditem|p2a: Hawlucha|Grassy Seed
|-boost|p2a: Hawlucha|def|1|[from] item: Grassy Seed
|turn|16
|
|t:|1663507198
|switch|p1a: landorustherian|Landorus-Therian, M|16/100
|-ability|p1a: landorustherian|Intimidate|boost
|-unboost|p2a: Hawlucha|atk|1
|move|p2a: Hawlucha|Close Combat|p1a: landorustherian
|-resisted|p1a: landorustherian
|-damage|p1a: landorustherian|0 fnt
|-unboost|p2a: Hawlucha|def|1
|-unboost|p2a: Hawlucha|spd|1
|faint|p1a: landorustherian
|
|upkeep
|
|t:|1663507198
|switch|p1a: rotomwash|Rotom-Wash|100/100
|turn|17
|
|t:|1663507201
|move|p2a: Hawlucha|Close Combat|p1a: rotomwash
|-damage|p1a: rotomwash|65/100
|-unboost|p2a: Hawlucha|def|1
|-unboost|p2a: Hawlucha|spd|1
|move|p1a: rotomwash|Thunderbolt|p2a: Hawlucha
|-supereffective|p2a: Hawlucha
|-damage|p2a: Hawlucha|0 fnt
|faint|p2a: Hawlucha
|
|-heal|p1a: rotomwash|71/100|[from] item: Leftovers
|upkeep
|-message|Nestohr forfeited.
|
|win|minimax_ai
|raw|minimax_ai's rating: 1550 &rarr; <strong>1571</strong><br />(+21 for winning)
|raw|Nestohr's rating: 1566 &rarr; <strong>1545</strong><br />(-21 for losing)
|c|☆minimax_ai|gg
|l|☆Nestohr
