|j|☆LT94JE Allistair
|j|☆Aim on mai wei
|t:|1667309515
|gametype|singles
|player|p1|LT94JE Allistair|170|1798
|player|p2|Aim on mai wei|266|1827
|teamsize|p1|6
|teamsize|p2|6
|gen|8
|tier|[Gen 8] OU
|rated|
|rule|Sleep Clause Mod: Limit one foe put to sleep
|rule|Species Clause: Limit one of each Pokémon
|rule|OHKO Clause: OHKO moves are banned
|rule|Evasion Items Clause: Evasion items are banned
|rule|Evasion Moves Clause: Evasion moves are banned
|rule|Endless Battle Clause: Forcing endless battles is banned
|rule|HP Percentage Mod: HP is shown in percentages
|rule|Dynamax Clause: You cannot dynamax
|clearpoke
|poke|p1|Mew|
|poke|p1|Slurpuff, F|
|poke|p1|Vanilluxe, F|
|poke|p1|Jirachi|
|poke|p1|Weavile, M|
|poke|p1|Nidoking, M|
|poke|p2|Rillaboom, M|
|poke|p2|Tornadus-Therian, M|
|poke|p2|Blaziken, F|
|poke|p2|Melmetal|
|poke|p2|Garchomp, F|
|poke|p2|Slowbro, F|
|teampreview
|
|t:|1667309525
|start
|switch|p1a: Slurpuff|Slurpuff, F|100/100
|switch|p2a: Melmetal|Melmetal|100/100
|turn|1
|
|t:|1667309527
|move|p1a: Slurpuff|Sticky Web|p2a: Melmetal
|-sidestart|p2: Aim on mai wei|move: Sticky Web
|move|p2a: Melmetal|Double Iron Bash|p1a: Slurpuff
|-supereffective|p1a: Slurpuff
|-damage|p1a: Slurpuff|24/100
|-supereffective|p1a: Slurpuff
|-damage|p1a: Slurpuff|0 fnt
|faint|p1a: Slurpuff
|-hitcount|p1: Slurpuff|2
|
|upkeep
|
|t:|1667309529
|switch|p1a: Nidoking|Nidoking, M|100/100
|turn|2
|
|t:|1667309534
|switch|p2a: Tornadus|Tornadus-Therian, M|100/100
|move|p1a: Nidoking|Earth Power|p2a: Tornadus
|-immune|p2a: Tornadus
|
|upkeep
|turn|3
|
|t:|1667309537
|move|p2a: Tornadus|Knock Off|p1a: Nidoking
|-damage|p1a: Nidoking|71/100
|-enditem|p1a: Nidoking|Life Orb|[from] move: Knock Off|[of] p2a: Tornadus
|move|p1a: Nidoking|Ice Beam|p2a: Tornadus
|-supereffective|p2a: Tornadus
|-damage|p2a: Tornadus|37/100
|
|upkeep
|turn|4
|
|t:|1667309553
|move|p2a: Tornadus|U-turn|p1a: Nidoking
|-resisted|p1a: Nidoking
|-damage|p1a: Nidoking|61/100
|
|t:|1667309555
|switch|p2a: Slowbro|Slowbro, F|100/100|[from]move: U-turn
|-activate|p2a: Slowbro|move: Sticky Web
|-unboost|p2a: Slowbro|spe|1
|move|p1a: Nidoking|Ice Beam|p2a: Slowbro
|-resisted|p2a: Slowbro
|-damage|p2a: Slowbro|84/100
|
|upkeep
|turn|5
|
|t:|1667309563
|switch|p1a: Vanilluxe|Vanilluxe, F|100/100
|-weather|Hail|[from] ability: Snow Warning|[of] p1a: Vanilluxe
|move|p2a: Slowbro|Scald|p1a: Vanilluxe
|-crit|p1a: Vanilluxe
|-damage|p1a: Vanilluxe|43/100
|-status|p1a: Vanilluxe|brn
|
|-weather|Hail|[upkeep]
|-damage|p2a: Slowbro|78/100|[from] Hail
|-damage|p1a: Vanilluxe|37/100 brn|[from] brn
|upkeep
|turn|6
|j| Jongruenwald
|
|t:|1667309572
|move|p1a: Vanilluxe|Aurora Veil|p1a: Vanilluxe
|-sidestart|p1: LT94JE Allistair|move: Aurora Veil
|move|p2a: Slowbro|Teleport|p2a: Slowbro
|
|t:|1667309577
|switch|p2a: Tornadus|Tornadus-Therian, M|70/100|[from]move: Teleport
|
|-weather|Hail|[upkeep]
|-damage|p2a: Tornadus|64/100|[from] Hail
|-damage|p1a: Vanilluxe|31/100 brn|[from] brn
|upkeep
|turn|7
|
|t:|1667309581
|move|p2a: Tornadus|Defog|p1a: Vanilluxe
|-unboost|p1a: Vanilluxe|evasion|1
|-sideend|p1: LT94JE Allistair|move: Aurora Veil
|-sideend|p2: Aim on mai wei|Sticky Web|[from] move: Defog|[of] p2a: Tornadus
|move|p1a: Vanilluxe|Explosion|p2a: Tornadus
|-damage|p2a: Tornadus|24/100
|faint|p1a: Vanilluxe
|
|-weather|Hail|[upkeep]
|-damage|p2a: Tornadus|18/100|[from] Hail
|upkeep
|
|t:|1667309586
|switch|p1a: Weavile|Weavile, M|100/100
|-ability|p1a: Weavile|Pressure
|turn|8
|
|t:|1667309595
|switch|p2a: Melmetal|Melmetal|100/100
|move|p1a: Weavile|Swords Dance|p1a: Weavile
|-boost|p1a: Weavile|atk|2
|
|-weather|Hail|[upkeep]
|-damage|p2a: Melmetal|94/100|[from] Hail
|-heal|p2a: Melmetal|100/100|[from] item: Leftovers
|upkeep
|turn|9
|
|t:|1667309600
|move|p1a: Weavile|Knock Off|p2a: Melmetal
|-damage|p2a: Melmetal|23/100
|-enditem|p2a: Melmetal|Leftovers|[from] move: Knock Off|[of] p1a: Weavile
|-damage|p1a: Weavile|91/100|[from] item: Life Orb
|move|p2a: Melmetal|Double Iron Bash|p1a: Weavile
|-supereffective|p1a: Weavile
|-damage|p1a: Weavile|0 fnt
|faint|p1a: Weavile
|-hitcount|p1: Weavile|1
|
|-weather|none
|upkeep
|
|t:|1667309603
|switch|p1a: Jirachi|Jirachi|100/100
|turn|10
|
|t:|1667309610
|move|p1a: Jirachi|Cosmic Power|p1a: Jirachi
|-boost|p1a: Jirachi|def|1
|-boost|p1a: Jirachi|spd|1
|move|p2a: Melmetal|Superpower|p1a: Jirachi
|-damage|p1a: Jirachi|73/100
|-unboost|p2a: Melmetal|atk|1
|-unboost|p2a: Melmetal|def|1
|
|upkeep
|turn|11
|
|t:|1667309618
|switch|p2a: Blaziken|Blaziken, F|100/100
|move|p1a: Jirachi|Cosmic Power|p1a: Jirachi
|-boost|p1a: Jirachi|def|1
|-boost|p1a: Jirachi|spd|1
|
|upkeep
|turn|12
|
|t:|1667309624
|move|p1a: Jirachi|Stored Power|p2a: Blaziken
|-supereffective|p2a: Blaziken
|-damage|p2a: Blaziken|3/100
|move|p2a: Blaziken|Swords Dance|p2a: Blaziken
|-boost|p2a: Blaziken|atk|2
|
|-heal|p2a: Blaziken|9/100|[from] item: Leftovers
|-ability|p2a: Blaziken|Speed Boost|boost
|-boost|p2a: Blaziken|spe|1
|upkeep
|turn|13
|
|t:|1667309645
|move|p2a: Blaziken|Flare Blitz|p1a: Jirachi
|-supereffective|p1a: Jirachi
|-damage|p1a: Jirachi|0 fnt
|faint|p1a: Jirachi
|-damage|p2a: Blaziken|0 fnt|[from] Recoil
|faint|p2a: Blaziken
|
|upkeep
|
|t:|1667309660
|switch|p1a: Nidoking|Nidoking, M|61/100
|switch|p2a: Tornadus|Tornadus-Therian, M|51/100
|turn|14
|
|t:|1667309665
|move|p2a: Tornadus|U-turn|p1a: Nidoking
|-resisted|p1a: Nidoking
|-damage|p1a: Nidoking|51/100
|
|t:|1667309670
|switch|p2a: Slowbro|Slowbro, F|100/100|[from]move: U-turn
|move|p1a: Nidoking|Ice Beam|p2a: Slowbro
|-resisted|p2a: Slowbro
|-damage|p2a: Slowbro|83/100
|
|upkeep
|turn|15
|
|t:|1667309674
|switch|p1a: Mew|Mew|100/100
|move|p2a: Slowbro|Future Sight|p1a: Mew
|-start|p2a: Slowbro|move: Future Sight
|
|upkeep
|turn|16
|
|t:|1667309683
|switch|p2a: Rillaboom|Rillaboom, M|100/100
|-fieldstart|move: Grassy Terrain|[from] ability: Grassy Surge|[of] p2a: Rillaboom
|move|p1a: Mew|Cosmic Power|p1a: Mew
|-boost|p1a: Mew|def|1
|-boost|p1a: Mew|spd|1
|
|upkeep
|turn|17
|
|t:|1667309689
|move|p1a: Mew|Taunt|p2a: Rillaboom
|-start|p2a: Rillaboom|move: Taunt
|cant|p2a: Rillaboom|move: Taunt|Swords Dance
|
|-end|p1a: Mew|move: Future Sight
|-resisted|p1a: Mew
|-damage|p1a: Mew|89/100
|-heal|p1a: Mew|95/100|[from] Grassy Terrain
|upkeep
|turn|18
|
|t:|1667309695
|move|p2a: Rillaboom|Grassy Glide|p1a: Mew
|-damage|p1a: Mew|67/100
|move|p1a: Mew|Cosmic Power|p1a: Mew
|-boost|p1a: Mew|def|1
|-boost|p1a: Mew|spd|1
|
|-heal|p1a: Mew|73/100|[from] Grassy Terrain
|upkeep
|turn|19
|j| o9ko
|
|t:|1667309710
|switch|p2a: Melmetal|Melmetal|23/100
|move|p1a: Mew|Cosmic Power|p1a: Mew
|-boost|p1a: Mew|def|1
|-boost|p1a: Mew|spd|1
|
|-heal|p1a: Mew|79/100|[from] Grassy Terrain
|-heal|p2a: Melmetal|30/100|[from] Grassy Terrain
|upkeep
|turn|20
|j| corumba
|
|t:|1667309713
|move|p1a: Mew|Taunt|p2a: Melmetal
|-start|p2a: Melmetal|move: Taunt
|move|p2a: Melmetal|Double Iron Bash|p1a: Mew
|-damage|p1a: Mew|64/100
|-damage|p1a: Mew|49/100
|-hitcount|p1a: Mew|2
|
|-heal|p1a: Mew|55/100|[from] Grassy Terrain
|-heal|p2a: Melmetal|36/100|[from] Grassy Terrain
|-fieldend|move: Grassy Terrain
|upkeep
|turn|21
|
|t:|1667309722
|move|p1a: Mew|Cosmic Power|p1a: Mew
|-boost|p1a: Mew|def|1
|-boost|p1a: Mew|spd|1
|move|p2a: Melmetal|Double Iron Bash|p1a: Mew
|-damage|p1a: Mew|42/100
|-damage|p1a: Mew|30/100
|-hitcount|p1a: Mew|2
|
|upkeep
|turn|22
|
|t:|1667309727
|move|p1a: Mew|Roost|p1a: Mew
|-heal|p1a: Mew|80/100
|-singleturn|p1a: Mew|move: Roost
|move|p2a: Melmetal|Double Iron Bash|p1a: Mew
|-damage|p1a: Mew|66/100
|-damage|p1a: Mew|52/100
|-hitcount|p1a: Mew|2
|
|-end|p2a: Melmetal|move: Taunt
|upkeep
|turn|23
|
|t:|1667309731
|move|p1a: Mew|Taunt|p2a: Melmetal
|-start|p2a: Melmetal|move: Taunt
|move|p2a: Melmetal|Double Iron Bash|p1a: Mew
|-damage|p1a: Mew|39/100
|-damage|p1a: Mew|27/100
|-hitcount|p1a: Mew|2
|
|upkeep
|turn|24
|
|t:|1667309734
|move|p1a: Mew|Roost|p1a: Mew
|-heal|p1a: Mew|77/100
|-singleturn|p1a: Mew|move: Roost
|move|p2a: Melmetal|Thunder Punch|p1a: Mew
|-damage|p1a: Mew|65/100
|
|upkeep
|turn|25
|l| corumba
|j| corumba
|
|t:|1667309741
|move|p1a: Mew|Cosmic Power|p1a: Mew
|-boost|p1a: Mew|def|1
|-boost|p1a: Mew|spd|1
|move|p2a: Melmetal|Thunder Punch|p1a: Mew
|-damage|p1a: Mew|56/100
|
|-end|p2a: Melmetal|move: Taunt
|upkeep
|turn|26
|
|t:|1667309746
|move|p1a: Mew|Taunt|p2a: Melmetal
|-start|p2a: Melmetal|move: Taunt
|move|p2a: Melmetal|Thunder Punch|p1a: Mew
|-damage|p1a: Mew|47/100
|-status|p1a: Mew|par
|-activate|p1a: Mew|ability: Synchronize
|-status|p2a: Melmetal|par
|
|upkeep
|turn|27
|l| corumba
|j| corumba
|
|t:|1667309759
|move|p1a: Mew|Roost|p1a: Mew
|-heal|p1a: Mew|97/100 par
|-singleturn|p1a: Mew|move: Roost
|move|p2a: Melmetal|Double Iron Bash|p1a: Mew
|-damage|p1a: Mew|85/100 par
|-damage|p1a: Mew|74/100 par
|-hitcount|p1a: Mew|2
|
|upkeep
|turn|28
|
|t:|1667309774
|switch|p2a: Slowbro|Slowbro, F|100/100
|cant|p1a: Mew|par
|
|upkeep
|turn|29
|
|t:|1667309777
|cant|p1a: Mew|par
|move|p2a: Slowbro|Future Sight|p1a: Mew
|-start|p2a: Slowbro|move: Future Sight
|
|upkeep
|turn|30
|
|t:|1667309780
|move|p1a: Mew|Cosmic Power|p1a: Mew
|-boost|p1a: Mew|def|1
|-boost|p1a: Mew|spd|1
|move|p2a: Slowbro|Teleport|p2a: Slowbro
|
|t:|1667309791
|switch|p2a: Rillaboom|Rillaboom, M|100/100|[from]move: Teleport
|-fieldstart|move: Grassy Terrain|[from] ability: Grassy Surge|[of] p2a: Rillaboom
|
|-heal|p1a: Mew|81/100 par|[from] Grassy Terrain
|upkeep
|turn|31
|l| o9ko
|j| izuminite
|
|t:|1667309798
|move|p2a: Rillaboom|Swords Dance|p2a: Rillaboom
|-boost|p2a: Rillaboom|atk|2
|move|p1a: Mew|Stored Power|p2a: Rillaboom
|-damage|p2a: Rillaboom|0 fnt
|faint|p2a: Rillaboom
|
|-end|p1a: Mew|move: Future Sight
|-resisted|p1a: Mew
|-damage|p1a: Mew|76/100 par
|-heal|p1a: Mew|82/100 par|[from] Grassy Terrain
|upkeep
|
|t:|1667309811
|switch|p2a: Slowbro|Slowbro, F|100/100
|turn|32
|
|t:|1667309813
|move|p1a: Mew|Taunt|p2a: Slowbro
|-start|p2a: Slowbro|move: Taunt
|cant|p2a: Slowbro|move: Taunt|Teleport
|
|-heal|p1a: Mew|88/100 par|[from] Grassy Terrain
|upkeep
|turn|33
|
|t:|1667309818
|cant|p1a: Mew|par
|move|p2a: Slowbro|Scald|p1a: Mew
|-damage|p1a: Mew|82/100 par
|
|-heal|p1a: Mew|88/100 par|[from] Grassy Terrain
|upkeep
|turn|34
|
|t:|1667309824
|move|p1a: Mew|Cosmic Power|p1a: Mew
|-boost|p1a: Mew|def|0
|-boost|p1a: Mew|spd|0
|move|p2a: Slowbro|Scald|p1a: Mew
|-damage|p1a: Mew|82/100 par
|
|-heal|p1a: Mew|88/100 par|[from] Grassy Terrain
|-end|p2a: Slowbro|move: Taunt
|-fieldend|move: Grassy Terrain
|upkeep
|turn|35
|
|t:|1667309828
|move|p1a: Mew|Taunt|p2a: Slowbro
|-start|p2a: Slowbro|move: Taunt
|cant|p2a: Slowbro|move: Taunt|Teleport
|
|upkeep
|turn|36
|
|t:|1667309830
|cant|p1a: Mew|par
|move|p2a: Slowbro|Scald|p1a: Mew
|-damage|p1a: Mew|82/100 par
|
|upkeep
|turn|37
|
|t:|1667309834
|move|p1a: Mew|Cosmic Power|p1a: Mew
|-boost|p1a: Mew|def|0
|-boost|p1a: Mew|spd|0
|move|p2a: Slowbro|Scald|p1a: Mew
|-damage|p1a: Mew|76/100 par
|
|-end|p2a: Slowbro|move: Taunt
|upkeep
|turn|38
|
|t:|1667309837
|move|p1a: Mew|Taunt|p2a: Slowbro
|-start|p2a: Slowbro|move: Taunt
|move|p2a: Slowbro|Future Sight|p1a: Mew
|-start|p2a: Slowbro|move: Future Sight
|
|upkeep
|turn|39
|
|t:|1667309841
|move|p1a: Mew|Stored Power|p2a: Slowbro
|-resisted|p2a: Slowbro
|-damage|p2a: Slowbro|57/100
|move|p2a: Slowbro|Scald|p1a: Mew
|-damage|p1a: Mew|70/100 par
|
|upkeep
|turn|40
|
|t:|1667309844
|move|p1a: Mew|Stored Power|p2a: Slowbro
|-resisted|p2a: Slowbro
|-damage|p2a: Slowbro|12/100
|move|p2a: Slowbro|Scald|p1a: Mew
|-damage|p1a: Mew|64/100 par
|
|-end|p1a: Mew|move: Future Sight
|-resisted|p1a: Mew
|-damage|p1a: Mew|59/100 par
|-end|p2a: Slowbro|move: Taunt
|upkeep
|turn|41
|
|t:|1667309849
|switch|p2a: Melmetal|Melmetal|36/100 par
|cant|p1a: Mew|par
|
|upkeep
|turn|42
|
|t:|1667309862
|move|p2a: Melmetal|Protect|p2a: Melmetal
|-singleturn|p2a: Melmetal|Protect
|move|p1a: Mew|Stored Power|p2a: Melmetal
|-activate|p2a: Melmetal|move: Protect
|
|upkeep
|turn|43
|
|t:|1667309869
|move|p2a: Melmetal|Protect|p2a: Melmetal
|-singleturn|p2a: Melmetal|Protect
|move|p1a: Mew|Stored Power|p2a: Melmetal
|-activate|p2a: Melmetal|move: Protect
|
|upkeep
|turn|44
|
|t:|1667309873
|move|p2a: Melmetal|Protect|p2a: Melmetal
|-singleturn|p2a: Melmetal|Protect
|move|p1a: Mew|Stored Power|p2a: Melmetal
|-activate|p2a: Melmetal|move: Protect
|
|upkeep
|turn|45
|j| Youressi
|
|t:|1667309893
|move|p1a: Mew|Stored Power|p2a: Melmetal
|-resisted|p2a: Melmetal
|-damage|p2a: Melmetal|0 fnt
|faint|p2a: Melmetal
|
|upkeep
|
|t:|1667309903
|switch|p2a: Slowbro|Slowbro, F|45/100
|turn|46
|
|t:|1667309909
|switch|p2a: Tornadus|Tornadus-Therian, M|84/100
|move|p1a: Mew|Taunt|p2a: Tornadus
|-start|p2a: Tornadus|move: Taunt
|
|upkeep
|turn|47
|
|t:|1667309917
|switch|p2a: Slowbro|Slowbro, F|79/100
|move|p1a: Mew|Stored Power|p2a: Slowbro
|-resisted|p2a: Slowbro
|-damage|p2a: Slowbro|35/100
|
|upkeep
|turn|48
|
|t:|1667309925
|switch|p2a: Tornadus|Tornadus-Therian, M|100/100
|move|p1a: Mew|Stored Power|p2a: Tornadus
|-damage|p2a: Tornadus|15/100
|
|upkeep
|turn|49
|
|t:|1667309934
|switch|p2a: Slowbro|Slowbro, F|68/100
|cant|p1a: Mew|par
|
|upkeep
|turn|50
|j| Lutzmw
|
|t:|1667309943
|cant|p1a: Mew|par
|move|p2a: Slowbro|Teleport|p2a: Slowbro
|
|t:|1667309945
|switch|p2a: Tornadus|Tornadus-Therian, M|48/100|[from]move: Teleport
|
|upkeep
|turn|51
|
|t:|1667309948
|switch|p2a: Slowbro|Slowbro, F|100/100
|move|p1a: Mew|Stored Power|p2a: Slowbro
|-resisted|p2a: Slowbro
|-damage|p2a: Slowbro|58/100
|
|upkeep
|turn|52
|
|t:|1667309956
|cant|p1a: Mew|par
|move|p2a: Slowbro|Teleport|p2a: Slowbro
|
|t:|1667309958
|switch|p2a: Tornadus|Tornadus-Therian, M|81/100|[from]move: Teleport
|
|upkeep
|turn|53
|
|t:|1667309961
|switch|p2a: Slowbro|Slowbro, F|91/100
|move|p1a: Mew|Roost|p1a: Mew
|-heal|p1a: Mew|100/100 par
|-singleturn|p1a: Mew|move: Roost
|
|upkeep
|turn|54
|
|t:|1667309967
|move|p1a: Mew|Stored Power|p2a: Slowbro
|-resisted|p2a: Slowbro
|-crit|p2a: Slowbro
|-damage|p2a: Slowbro|26/100
|move|p2a: Slowbro|Teleport|p2a: Slowbro
|
|t:|1667309970
|switch|p2a: Tornadus|Tornadus-Therian, M|100/100|[from]move: Teleport
|
|upkeep
|turn|55
|
|t:|1667309973
|switch|p2a: Slowbro|Slowbro, F|59/100
|cant|p1a: Mew|par
|
|upkeep
|turn|56
|
|t:|1667309977
|move|p1a: Mew|Stored Power|p2a: Slowbro
|-resisted|p2a: Slowbro
|-damage|p2a: Slowbro|10/100
|move|p2a: Slowbro|Teleport|p2a: Slowbro
|
|t:|1667309983
|switch|p2a: Garchomp|Garchomp, F|100/100|[from]move: Teleport
|
|upkeep
|turn|57
|
|t:|1667309987
|move|p2a: Garchomp|Protect|p2a: Garchomp
|-singleturn|p2a: Garchomp|Protect
|cant|p1a: Mew|par
|
|upkeep
|turn|58
|-message|LT94JE Allistair forfeited.
|
|win|Aim on mai wei
|raw|LT94JE Allistair's rating: 1798 &rarr; <strong>1780</strong><br />(-18 for losing)
|raw|Aim on mai wei's rating: 1827 &rarr; <strong>1845</strong><br />(+18 for winning)
|l|☆LT94JE Allistair
