|j|☆cump2
|j|☆yumu_76
|t:|1657468304
|gametype|singles
|player|p1|cump2|doctor|1553
|player|p2|yumu_76|skyla|1567
|teamsize|p1|6
|teamsize|p2|6
|gen|8
|tier|[Gen 8] OU
|rated|
|rule|Sleep Clause Mod: Limit one foe put to sleep
|rule|Species Clause: Limit one of each Pokémon
|rule|OHKO Clause: OHKO moves are banned
|rule|Evasion Moves Clause: Evasion moves are banned
|rule|Endless Battle Clause: Forcing endless battles is banned
|rule|HP Percentage Mod: HP is shown in percentages
|rule|Dynamax Clause: You cannot dynamax
|clearpoke
|poke|p1|Hippowdon, F|
|poke|p1|Slowking, M|
|poke|p1|Mandibuzz, F|
|poke|p1|Magnezone|
|poke|p1|Comfey, F|
|poke|p1|Kartana|
|poke|p2|Landorus-Therian, M|
|poke|p2|Blissey, F|
|poke|p2|Dragapult, F|
|poke|p2|Slowbro, M|
|poke|p2|Buzzwole|
|poke|p2|Magnezone|
|teampreview
|inactive|Battle timer is ON: inactive players will automatically lose when time's up. (requested by yumu_76)
|c|☆cump2|hf
|
|t:|1657468315
|start
|switch|p1a: Hippowdon|Hippowdon, F|100/100
|switch|p2a: Landorus|Landorus-Therian, M|100/100
|-ability|p2a: Landorus|Intimidate|boost
|-unboost|p1a: Hippowdon|atk|1
|-weather|Sandstorm|[from] ability: Sand Stream|[of] p1a: Hippowdon
|turn|1
|c|☆yumu_76|u2
|
|t:|1657468323
|move|p2a: Landorus|Stealth Rock|p1a: Hippowdon
|-sidestart|p1: cump2|move: Stealth Rock
|move|p1a: Hippowdon|Toxic|p2a: Landorus
|-status|p2a: Landorus|tox
|
|-weather|Sandstorm|[upkeep]
|-damage|p2a: Landorus|94/100 tox|[from] psn
|upkeep
|turn|2
|
|t:|1657468329
|switch|p1a: Mandibuzz|Mandibuzz, F|100/100
|move|p2a: Landorus|Knock Off|p1a: Mandibuzz
|-resisted|p1a: Mandibuzz
|-damage|p1a: Mandibuzz|92/100
|-enditem|p1a: Mandibuzz|Heavy-Duty Boots|[from] move: Knock Off|[of] p2a: Landorus
|
|-weather|Sandstorm|[upkeep]
|-heal|p2a: Landorus|100/100 tox|[from] item: Leftovers
|-damage|p2a: Landorus|88/100 tox|[from] psn
|upkeep
|turn|3
|
|t:|1657468338
|move|p2a: Landorus|U-turn|p1a: Mandibuzz
|-damage|p1a: Mandibuzz|79/100
|
|t:|1657468340
|switch|p2a: Magnezone|Magnezone|100/100|[from]move: U-turn
|move|p1a: Mandibuzz|Defog|p2a: Magnezone
|-unboost|p2a: Magnezone|evasion|1
|-sideend|p1: cump2|Stealth Rock|[from] move: Defog|[of] p1a: Mandibuzz
|
|-weather|Sandstorm|[upkeep]
|upkeep
|turn|4
|
|t:|1657468347
|switch|p1a: Hippowdon|Hippowdon, F|100/100
|move|p2a: Magnezone|Flash Cannon|p1a: Hippowdon
|-damage|p1a: Hippowdon|52/100
|
|-weather|Sandstorm|[upkeep]
|-heal|p1a: Hippowdon|58/100|[from] item: Leftovers
|upkeep
|turn|5
|
|t:|1657468356
|switch|p2a: Buzzwole|Buzzwole|100/100
|move|p1a: Hippowdon|Slack Off|p1a: Hippowdon
|-heal|p1a: Hippowdon|100/100
|
|-weather|none
|upkeep
|turn|6
|
|t:|1657468365
|switch|p1a: Slowking|Slowking, M, shiny|100/100
|move|p2a: Buzzwole|Ice Punch|p1a: Slowking
|-resisted|p1a: Slowking
|-damage|p1a: Slowking|85/100
|
|upkeep
|turn|7
|
|t:|1657468372
|switch|p2a: Dragapult|Dragapult, F|100/100
|move|p1a: Slowking|Toxic|p2a: Dragapult
|-status|p2a: Dragapult|tox
|
|-damage|p2a: Dragapult|95/100 tox|[from] psn
|upkeep
|turn|8
|
|t:|1657468378
|move|p2a: Dragapult|Shadow Ball|p1a: Slowking
|-supereffective|p1a: Slowking
|-damage|p1a: Slowking|19/100
|move|p1a: Slowking|Teleport|p1a: Slowking
|
|t:|1657468382
|switch|p1a: Mandibuzz|Mandibuzz, F|79/100|[from]move: Teleport
|
|-damage|p2a: Dragapult|83/100 tox|[from] psn
|upkeep
|turn|9
|
|t:|1657468390
|switch|p2a: Magnezone|Magnezone|100/100
|move|p1a: Mandibuzz|U-turn|p2a: Magnezone
|-resisted|p2a: Magnezone
|-damage|p2a: Magnezone|95/100
|
|t:|1657468393
|switch|p1a: Hippowdon|Hippowdon, F|100/100|[from]move: U-turn
|-weather|Sandstorm|[from] ability: Sand Stream|[of] p1a: Hippowdon
|
|-weather|Sandstorm|[upkeep]
|upkeep
|turn|10
|
|t:|1657468403
|switch|p2a: Blissey|Blissey, F|100/100
|move|p1a: Hippowdon|Stealth Rock|p2a: Blissey
|-sidestart|p2: yumu_76|move: Stealth Rock
|
|-weather|Sandstorm|[upkeep]
|-damage|p2a: Blissey|94/100|[from] Sandstorm
|upkeep
|turn|11
|
|t:|1657468409
|switch|p1a: Magnezone|Magnezone, shiny|100/100
|move|p2a: Blissey|Toxic|p1a: Magnezone
|-immune|p1a: Magnezone
|
|-weather|Sandstorm|[upkeep]
|-damage|p2a: Blissey|88/100|[from] Sandstorm
|upkeep
|turn|12
|
|t:|1657468415
|move|p1a: Magnezone|Magnet Rise|p1a: Magnezone
|-start|p1a: Magnezone|Magnet Rise
|move|p2a: Blissey|Teleport|p2a: Blissey
|
|t:|1657468419
|switch|p2a: Dragapult|Dragapult, F|83/100 tox|[from]move: Teleport
|-damage|p2a: Dragapult|70/100 tox|[from] Stealth Rock
|
|-weather|Sandstorm|[upkeep]
|-damage|p2a: Dragapult|64/100 tox|[from] Sandstorm
|-damage|p2a: Dragapult|58/100 tox|[from] psn
|upkeep
|turn|13
|
|t:|1657468426
|switch|p1a: Hippowdon|Hippowdon, F|100/100
|move|p2a: Dragapult|Flamethrower|p1a: Hippowdon
|-damage|p1a: Hippowdon|71/100
|
|-weather|none
|-heal|p1a: Hippowdon|77/100|[from] item: Leftovers
|-damage|p2a: Dragapult|46/100 tox|[from] psn
|upkeep
|turn|14
|
|t:|1657468434
|switch|p2a: Slowbro|Slowbro, M|100/100
|move|p1a: Hippowdon|Earthquake|p2a: Slowbro
|-damage|p2a: Slowbro|76/100
|
|-heal|p1a: Hippowdon|83/100|[from] item: Leftovers
|upkeep
|turn|15
|
|t:|1657468441
|switch|p1a: Slowking|Slowking, M, shiny|52/100
|move|p2a: Slowbro|Future Sight|p1a: Slowking
|-start|p2a: Slowbro|move: Future Sight
|
|upkeep
|turn|16
|
|t:|1657468445
|move|p1a: Slowking|Toxic|p2a: Slowbro
|-status|p2a: Slowbro|tox
|move|p2a: Slowbro|Teleport|p2a: Slowbro
|
|t:|1657468451
|switch|p2a: Magnezone|Magnezone|95/100|[from]move: Teleport
|-damage|p2a: Magnezone|89/100|[from] Stealth Rock
|
|upkeep
|turn|17
|
|t:|1657468456
|move|p2a: Magnezone|Flash Cannon|p1a: Slowking
|-resisted|p1a: Slowking
|-damage|p1a: Slowking|32/100
|move|p1a: Slowking|Teleport|p1a: Slowking
|
|t:|1657468459
|switch|p1a: Mandibuzz|Mandibuzz, F|79/100|[from]move: Teleport
|
|-end|p1a: Mandibuzz|move: Future Sight
|-immune|p1a: Mandibuzz
|upkeep
|turn|18
|
|t:|1657468464
|switch|p1a: Magnezone|Magnezone, shiny|100/100
|move|p2a: Magnezone|Flash Cannon|p1a: Magnezone
|-resisted|p1a: Magnezone
|-damage|p1a: Magnezone|80/100
|
|-heal|p1a: Magnezone|87/100|[from] item: Leftovers
|upkeep
|turn|19
|
|t:|1657468470
|move|p2a: Magnezone|Flash Cannon|p1a: Magnezone
|-resisted|p1a: Magnezone
|-damage|p1a: Magnezone|67/100
|move|p1a: Magnezone|Iron Defense|p1a: Magnezone
|-boost|p1a: Magnezone|def|2
|
|-heal|p1a: Magnezone|73/100|[from] item: Leftovers
|upkeep
|turn|20
|
|t:|1657468477
|move|p2a: Magnezone|Flash Cannon|p1a: Magnezone
|-resisted|p1a: Magnezone
|-damage|p1a: Magnezone|54/100
|move|p1a: Magnezone|Body Press|p2a: Magnezone
|-supereffective|p2a: Magnezone
|-damage|p2a: Magnezone|0 fnt
|faint|p2a: Magnezone
|
|-heal|p1a: Magnezone|60/100|[from] item: Leftovers
|upkeep
|
|t:|1657468488
|switch|p2a: Landorus|Landorus-Therian, M|88/100 tox
|-damage|p2a: Landorus|76/100 tox|[from] Stealth Rock
|-ability|p2a: Landorus|Intimidate|boost
|-unboost|p1a: Magnezone|atk|1
|turn|21
|
|t:|1657468493
|switch|p1a: Mandibuzz|Mandibuzz, F|79/100
|move|p2a: Landorus|Knock Off|p1a: Mandibuzz
|-resisted|p1a: Mandibuzz
|-damage|p1a: Mandibuzz|73/100
|
|-heal|p2a: Landorus|82/100 tox|[from] item: Leftovers
|-damage|p2a: Landorus|76/100 tox|[from] psn
|upkeep
|turn|22
|
|t:|1657468500
|move|p2a: Landorus|Stealth Rock|p1a: Mandibuzz
|-sidestart|p1: cump2|move: Stealth Rock
|move|p1a: Mandibuzz|Roost|p1a: Mandibuzz
|-heal|p1a: Mandibuzz|100/100
|-singleturn|p1a: Mandibuzz|move: Roost
|
|-heal|p2a: Landorus|82/100 tox|[from] item: Leftovers
|-damage|p2a: Landorus|70/100 tox|[from] psn
|upkeep
|turn|23
|
|t:|1657468508
|move|p2a: Landorus|U-turn|p1a: Mandibuzz
|-damage|p1a: Mandibuzz|87/100
|
|t:|1657468511
|switch|p2a: Blissey|Blissey, F|88/100|[from]move: U-turn
|move|p1a: Mandibuzz|U-turn|p2a: Blissey
|-damage|p2a: Blissey|79/100
|
|t:|1657468520
|switch|p1a: Magnezone|Magnezone, shiny|60/100|[from]move: U-turn
|-damage|p1a: Magnezone|54/100|[from] Stealth Rock
|
|-heal|p1a: Magnezone|60/100|[from] item: Leftovers
|upkeep
|turn|24
|
|t:|1657468527
|move|p1a: Magnezone|Body Press|p2a: Blissey
|-supereffective|p2a: Blissey
|-damage|p2a: Blissey|34/100
|move|p2a: Blissey|Seismic Toss|p1a: Magnezone
|-damage|p1a: Magnezone|29/100
|
|-heal|p1a: Magnezone|35/100|[from] item: Leftovers
|upkeep
|turn|25
|
|t:|1657468535
|switch|p2a: Landorus|Landorus-Therian, M|70/100 tox
|-damage|p2a: Landorus|58/100 tox|[from] Stealth Rock
|-ability|p2a: Landorus|Intimidate|boost
|-unboost|p1a: Magnezone|atk|1
|move|p1a: Magnezone|Discharge|p2a: Landorus
|-immune|p2a: Landorus
|
|-heal|p2a: Landorus|64/100 tox|[from] item: Leftovers
|-heal|p1a: Magnezone|41/100|[from] item: Leftovers
|-damage|p2a: Landorus|58/100 tox|[from] psn
|upkeep
|turn|26
|
|t:|1657468546
|move|p2a: Landorus|U-turn|p1a: Magnezone
|-resisted|p1a: Magnezone
|-damage|p1a: Magnezone|34/100
|j| xuwuhanjun
|
|t:|1657468551
|switch|p2a: Slowbro|Slowbro, M|100/100 tox|[from]move: U-turn
|move|p1a: Magnezone|Discharge|p2a: Slowbro
|-supereffective|p2a: Slowbro
|-damage|p2a: Slowbro|25/100 tox
|
|-heal|p1a: Magnezone|40/100|[from] item: Leftovers
|-damage|p2a: Slowbro|19/100 tox|[from] psn
|upkeep
|turn|27
|l| xuwuhanjun
|
|t:|1657468561
|switch|p2a: Landorus|Landorus-Therian, M|58/100 tox
|-damage|p2a: Landorus|46/100 tox|[from] Stealth Rock
|-ability|p2a: Landorus|Intimidate|boost
|-unboost|p1a: Magnezone|atk|1
|move|p1a: Magnezone|Discharge|p2a: Landorus
|-immune|p2a: Landorus
|
|-heal|p2a: Landorus|52/100 tox|[from] item: Leftovers
|-heal|p1a: Magnezone|46/100|[from] item: Leftovers
|-damage|p2a: Landorus|46/100 tox|[from] psn
|upkeep
|turn|28
|
|t:|1657468572
|switch|p1a: Mandibuzz|Mandibuzz, F|87/100
|-damage|p1a: Mandibuzz|62/100|[from] Stealth Rock
|move|p2a: Landorus|Knock Off|p1a: Mandibuzz
|-resisted|p1a: Mandibuzz
|-damage|p1a: Mandibuzz|57/100
|
|-heal|p2a: Landorus|52/100 tox|[from] item: Leftovers
|-damage|p2a: Landorus|40/100 tox|[from] psn
|upkeep
|turn|29
|
|t:|1657468580
|move|p2a: Landorus|U-turn|p1a: Mandibuzz
|-damage|p1a: Mandibuzz|42/100
|
|t:|1657468583
|switch|p2a: Blissey|Blissey, F|34/100|[from]move: U-turn
|move|p1a: Mandibuzz|Roost|p1a: Mandibuzz
|-heal|p1a: Mandibuzz|92/100
|-singleturn|p1a: Mandibuzz|move: Roost
|
|upkeep
|turn|30
|
|t:|1657468590
|move|p1a: Mandibuzz|U-turn|p2a: Blissey
|-damage|p2a: Blissey|25/100
|
|t:|1657468595
|switch|p1a: Kartana|Kartana, shiny|100/100|[from]move: U-turn
|-damage|p1a: Kartana|94/100|[from] Stealth Rock
|move|p2a: Blissey|Soft-Boiled|p2a: Blissey
|-heal|p2a: Blissey|75/100
|
|upkeep
|turn|31
|
|t:|1657468602
|switch|p2a: Buzzwole|Buzzwole|100/100
|-damage|p2a: Buzzwole|88/100|[from] Stealth Rock
|move|p1a: Kartana|Knock Off|p2a: Buzzwole
|-resisted|p2a: Buzzwole
|-damage|p2a: Buzzwole|73/100
|-damage|p1a: Kartana|78/100|[from] item: Rocky Helmet|[of] p2a: Buzzwole
|-enditem|p2a: Buzzwole|Rocky Helmet|[from] move: Knock Off|[of] p1a: Kartana
|
|upkeep
|turn|32
|
|t:|1657468610
|switch|p1a: Mandibuzz|Mandibuzz, F|92/100
|-damage|p1a: Mandibuzz|68/100|[from] Stealth Rock
|move|p2a: Buzzwole|Close Combat|p1a: Mandibuzz
|-damage|p1a: Mandibuzz|27/100
|-unboost|p2a: Buzzwole|def|1
|-unboost|p2a: Buzzwole|spd|1
|
|upkeep
|turn|33
|
|t:|1657468619
|move|p2a: Buzzwole|Ice Punch|p1a: Mandibuzz
|-supereffective|p1a: Mandibuzz
|-damage|p1a: Mandibuzz|0 fnt
|faint|p1a: Mandibuzz
|-ability|p2a: Buzzwole|Beast Boost|boost
|-boost|p2a: Buzzwole|atk|1
|
|upkeep
|
|t:|1657468622
|switch|p1a: Comfey|Comfey, F|100/100
|-damage|p1a: Comfey|88/100|[from] Stealth Rock
|turn|34
|
|t:|1657468631
|switch|p2a: Blissey|Blissey, F|75/100
|move|p1a: Comfey|Substitute|p1a: Comfey
|-start|p1a: Comfey|Substitute
|-damage|p1a: Comfey|63/100
|
|-heal|p1a: Comfey|69/100|[from] item: Leftovers
|upkeep
|turn|35
|
|t:|1657468637
|move|p1a: Comfey|Leech Seed|p2a: Blissey
|-start|p2a: Blissey|move: Leech Seed
|move|p2a: Blissey|Seismic Toss|p1a: Comfey
|-end|p1a: Comfey|Substitute
|
|-heal|p1a: Comfey|76/100|[from] item: Leftovers
|-damage|p2a: Blissey|62/100|[from] Leech Seed|[of] p1a: Comfey
|-heal|p1a: Comfey|100/100|[silent]
|upkeep
|turn|36
|
|t:|1657468645
|move|p1a: Comfey|Substitute|p1a: Comfey
|-start|p1a: Comfey|Substitute
|-damage|p1a: Comfey|76/100
|move|p2a: Blissey|Teleport|p2a: Blissey
|
|t:|1657468654
|switch|p2a: Dragapult|Dragapult, F|46/100 tox|[from]move: Teleport
|-damage|p2a: Dragapult|34/100 tox|[from] Stealth Rock
|
|-heal|p1a: Comfey|82/100|[from] item: Leftovers
|-damage|p2a: Dragapult|28/100 tox|[from] psn
|upkeep
|turn|37
|
|t:|1657468667
|switch|p2a: Slowbro|Slowbro, M|52/100 tox
|move|p1a: Comfey|Draining Kiss|p2a: Slowbro
|-damage|p2a: Slowbro|38/100 tox
|-heal|p1a: Comfey|95/100|[from] drain|[of] p2a: Slowbro
|
|-heal|p1a: Comfey|100/100|[from] item: Leftovers
|-damage|p2a: Slowbro|32/100 tox|[from] psn
|upkeep
|turn|38
|
|t:|1657468675
|move|p1a: Comfey|Calm Mind|p1a: Comfey
|-boost|p1a: Comfey|spa|1
|-boost|p1a: Comfey|spd|1
|move|p2a: Slowbro|Slack Off|p2a: Slowbro
|-heal|p2a: Slowbro|82/100 tox
|
|-damage|p2a: Slowbro|70/100 tox|[from] psn
|upkeep
|turn|39
|l|☆yumu_76
|inactive|yumu_76 disconnected and has a minute to reconnect!
|player|p2|
|inactive|yumu_76 has 30 seconds to reconnect!
|inactive|yumu_76 has 20 seconds to reconnect!
|inactive|yumu_76 has 15 seconds to reconnect!
|inactive|yumu_76 has 10 seconds to reconnect!
|inactive|yumu_76 has 5 seconds to reconnect!
|-message|yumu_76 lost due to inactivity.
|
|win|cump2
|raw|cump2's rating: 1553 &rarr; <strong>1574</strong><br />(+21 for winning)
|raw|yumu_76's rating: 1567 &rarr; <strong>1546</strong><br />(-21 for losing)
||Ladder isn't responding, score probably updated but might not have (Request timeout).
