|j|☆SakuraSumi
|j|☆enpathy
|t:|1647988628
|gametype|singles
|player|p1|SakuraSumi|cynthia-gen4|1716
|player|p2|enpathy|266|1779
|teamsize|p1|6
|teamsize|p2|6
|gen|8
|tier|[Gen 8] OU
|rated|
|rule|Sleep Clause Mod: Limit one foe put to sleep
|rule|Species Clause: Limit one of each Pokémon
|rule|OHKO Clause: OHKO moves are banned
|rule|Evasion Moves Clause: Evasion moves are banned
|rule|Endless Battle Clause: Forcing endless battles is banned
|rule|HP Percentage Mod: HP is shown in percentages
|rule|Dynamax Clause: You cannot dynamax
|clearpoke
|poke|p1|Arctozolt|
|poke|p1|Magnezone|
|poke|p1|Ninetales-Alola, M|
|poke|p1|Swampert, M|
|poke|p1|Dragapult, F|
|poke|p1|Mandibuzz, F|
|poke|p2|Slowbro, F|
|poke|p2|Blissey, F|
|poke|p2|Garchomp, M|
|poke|p2|Skarmory, M|
|poke|p2|Victini|
|poke|p2|Zeraora|
|teampreview
|
|t:|1647988646
|start
|switch|p1a: Dragapult|Dragapult, F|100/100
|switch|p2a: Blissey|Blissey, F|100/100
|turn|1
|inactive|Battle timer is ON: inactive players will automatically lose when time's up. (requested by SakuraSumi)
|
|t:|1647988649
|move|p1a: Dragapult|Dragon Darts|p2a: Blissey
|-damage|p2a: Blissey|62/100
|-anim|p1a: Dragapult|Dragon Darts|p2a: Blissey
|-damage|p2a: Blissey|24/100
|move|p2a: Blissey|Thunder Wave|p1a: Dragapult
|-status|p1a: Dragapult|par
|
|upkeep
|turn|2
|
|t:|1647988655
|switch|p1a: Magnezone|Magnezone|100/100
|switch|p2a: Slowbro|Slowbro, F|100/100
|
|upkeep
|turn|3
|
|t:|1647988661
|switch|p1a: Ninetales|Ninetales-Alola, M|100/100
|-weather|Hail|[from] ability: Snow Warning|[of] p1a: Ninetales
|switch|p2a: Garchomp|Garchomp, M|100/100
|
|-weather|Hail|[upkeep]
|-damage|p2a: Garchomp|94/100|[from] Hail
|upkeep
|turn|4
|
|t:|1647988665
|switch|p2a: Victini|Victini|100/100
|move|p1a: Ninetales|Nasty Plot|p1a: Ninetales
|-boost|p1a: Ninetales|spa|2
|
|-weather|Hail|[upkeep]
|-damage|p2a: Victini|94/100|[from] Hail
|upkeep
|turn|5
|
|t:|1647988670
|switch|p1a: Swampert|Swampert, M|100/100
|move|p2a: Victini|V-create|p1a: Swampert
|-resisted|p1a: Swampert
|-damage|p1a: Swampert|63/100
|-unboost|p2a: Victini|spe|1
|-unboost|p2a: Victini|def|1
|-unboost|p2a: Victini|spd|1
|
|-weather|Hail|[upkeep]
|-damage|p2a: Victini|88/100|[from] Hail
|-damage|p1a: Swampert|56/100|[from] Hail
|-heal|p1a: Swampert|63/100|[from] item: Leftovers
|upkeep
|turn|6
|
|t:|1647988672
|move|p2a: Victini|U-turn|p1a: Swampert
|-damage|p1a: Swampert|43/100
|
|t:|1647988675
|switch|p2a: Garchomp|Garchomp, M|94/100|[from]move: U-turn
|move|p1a: Swampert|Flip Turn|p2a: Garchomp
|-damage|p2a: Garchomp|80/100
|-damage|p1a: Swampert|31/100|[from] ability: Rough Skin|[of] p2a: Garchomp
|-damage|p1a: Swampert|14/100|[from] item: Rocky Helmet|[of] p2a: Garchomp
|
|t:|1647988682
|switch|p1a: Arctozolt|Arctozolt|100/100|[from]move: Flip Turn
|
|-weather|Hail|[upkeep]
|-damage|p2a: Garchomp|74/100|[from] Hail
|upkeep
|turn|7
|
|t:|1647988685
|switch|p2a: Skarmory|Skarmory, M|100/100
|move|p1a: Arctozolt|Freeze-Dry|p2a: Skarmory
|-damage|p2a: Skarmory|67/100
|
|-weather|Hail|[upkeep]
|-damage|p2a: Skarmory|61/100|[from] Hail
|upkeep
|turn|8
|
|t:|1647988690
|switch|p2a: Zeraora|Zeraora|100/100
|move|p1a: Arctozolt|Bolt Beak|p2a: Zeraora
|-immune|p2a: Zeraora|[from] ability: Volt Absorb
|
|-weather|Hail|[upkeep]
|-damage|p2a: Zeraora|95/100|[from] Hail
|upkeep
|turn|9
|
|t:|1647988698
|move|p1a: Arctozolt|Low Kick|p2a: Zeraora
|-damage|p2a: Zeraora|70/100
|move|p2a: Zeraora|Close Combat|p1a: Arctozolt
|-supereffective|p1a: Arctozolt
|-damage|p1a: Arctozolt|8/100
|-unboost|p2a: Zeraora|def|1
|-unboost|p2a: Zeraora|spd|1
|
|-weather|Hail|[upkeep]
|-damage|p2a: Zeraora|64/100|[from] Hail
|upkeep
|turn|10
|
|t:|1647988702
|switch|p2a: Skarmory|Skarmory, M|61/100
|move|p1a: Arctozolt|Freeze-Dry|p2a: Skarmory
|-damage|p2a: Skarmory|29/100
|
|-weather|none
|upkeep
|turn|11
|
|t:|1647988709
|switch|p2a: Victini|Victini|88/100
|move|p1a: Arctozolt|Freeze-Dry|p2a: Victini
|-resisted|p2a: Victini
|-damage|p2a: Victini|77/100
|
|upkeep
|turn|12
|
|t:|1647988711
|switch|p1a: Swampert|Swampert, M|14/100
|move|p2a: Victini|U-turn|p1a: Swampert
|-damage|p1a: Swampert|0 fnt
|faint|p1a: Swampert
|j| ayevon
|
|t:|1647988722
|switch|p2a: Slowbro|Slowbro, F|100/100|[from]move: U-turn
|
|upkeep
|
|t:|1647988725
|switch|p1a: Ninetales|Ninetales-Alola, M|100/100
|-weather|Hail|[from] ability: Snow Warning|[of] p1a: Ninetales
|turn|13
|
|t:|1647988728
|move|p1a: Ninetales|Aurora Veil|p1a: Ninetales
|-sidestart|p1: SakuraSumi|move: Aurora Veil
|move|p2a: Slowbro|Teleport|p2a: Slowbro
|
|t:|1647988733
|switch|p2a: Victini|Victini|77/100|[from]move: Teleport
|
|-weather|Hail|[upkeep]
|-damage|p2a: Victini|71/100|[from] Hail
|upkeep
|turn|14
|
|t:|1647988738
|switch|p1a: Dragapult|Dragapult, F|100/100 par
|move|p2a: Victini|V-create|p1a: Dragapult
|-resisted|p1a: Dragapult
|-damage|p1a: Dragapult|72/100 par
|-unboost|p2a: Victini|spe|1
|-unboost|p2a: Victini|def|1
|-unboost|p2a: Victini|spd|1
|
|-weather|Hail|[upkeep]
|-damage|p2a: Victini|64/100|[from] Hail
|-damage|p1a: Dragapult|66/100 par|[from] Hail
|upkeep
|turn|15
|
|t:|1647988743
|move|p2a: Victini|U-turn|p1a: Dragapult
|-resisted|p1a: Dragapult
|-damage|p1a: Dragapult|59/100 par
|
|t:|1647988744
|switch|p2a: Blissey|Blissey, F|24/100|[from]move: U-turn
|move|p1a: Dragapult|Dragon Darts|p2a: Blissey
|-damage|p2a: Blissey|0 fnt
|faint|p2a: Blissey
|
|-weather|Hail|[upkeep]
|-damage|p1a: Dragapult|53/100 par|[from] Hail
|upkeep
|
|t:|1647988748
|switch|p2a: Zeraora|Zeraora|64/100
|turn|16
|
|t:|1647988752
|switch|p2a: Slowbro|Slowbro, F|100/100
|move|p1a: Dragapult|Dragon Darts|p2a: Slowbro
|-damage|p2a: Slowbro|75/100
|-anim|p1a: Dragapult|Dragon Darts|p2a: Slowbro
|-damage|p2a: Slowbro|47/100
|
|-weather|Hail|[upkeep]
|-damage|p1a: Dragapult|47/100 par|[from] Hail
|-damage|p2a: Slowbro|41/100|[from] Hail
|upkeep
|turn|17
|
|t:|1647988761
|move|p1a: Dragapult|Dragon Darts|p2a: Slowbro
|-damage|p2a: Slowbro|13/100
|-anim|p1a: Dragapult|Dragon Darts|p2a: Slowbro
|-damage|p2a: Slowbro|0 fnt
|faint|p2a: Slowbro
|
|-weather|Hail|[upkeep]
|-damage|p1a: Dragapult|41/100 par|[from] Hail
|-sideend|p1: SakuraSumi|move: Aurora Veil
|upkeep
|
|t:|1647988764
|switch|p2a: Zeraora|Zeraora|64/100
|turn|18
|
|t:|1647988767
|move|p2a: Zeraora|Bulk Up|p2a: Zeraora
|-boost|p2a: Zeraora|atk|1
|-boost|p2a: Zeraora|def|1
|move|p1a: Dragapult|Dragon Darts|p2a: Zeraora
|-damage|p2a: Zeraora|28/100
|-anim|p1a: Dragapult|Dragon Darts|p2a: Zeraora
|-damage|p2a: Zeraora|0 fnt
|faint|p2a: Zeraora
|
|-weather|Hail|[upkeep]
|-damage|p1a: Dragapult|35/100 par|[from] Hail
|upkeep
|-message|enpathy forfeited.
|
|win|SakuraSumi
|raw|SakuraSumi's rating: 1716 &rarr; <strong>1740</strong><br />(+24 for winning)
|raw|enpathy's rating: 1779 &rarr; <strong>1755</strong><br />(-24 for losing)
|l|☆enpathy
||Ladder isn't responding, score probably updated but might not have (Request timeout).
