|html|<div class="broadcast-blue"><strong>[Gen 8] OU is currently suspecting Melmetal! For information on how to participate check out the <a href="https://www.smogon.com/forums/threads/np-ss-ou-suspect-process-round-12-monster-mash.3709234/">suspect thread</a>.</strong></div>
|j|☆Mad Lad 47
|j|☆Geenobe
|t:|1666314186
|gametype|singles
|player|p1|Mad Lad 47|lucas|1738
|player|p2|Geenobe|2|1707
|teamsize|p1|6
|teamsize|p2|6
|gen|8
|tier|[Gen 8] OU
|rated|
|rule|Sleep Clause Mod: Limit one foe put to sleep
|rule|Species Clause: Limit one of each Pokémon
|rule|OHKO Clause: OHKO moves are banned
|rule|Evasion Items Clause: Evasion items are banned
|rule|Evasion Moves Clause: Evasion moves are banned
|rule|Endless Battle Clause: Forcing endless battles is banned
|rule|HP Percentage Mod: HP is shown in percentages
|rule|Dynamax Clause: You cannot dynamax
|clearpoke
|poke|p1|Walrein, M|
|poke|p1|Shuckle, M|
|poke|p1|Cursola, M|
|poke|p1|Braviary, M|
|poke|p1|Nidoking, M|
|poke|p1|Bisharp, F|
|poke|p2|Melmetal|
|poke|p2|Nidoking, M|
|poke|p2|Weavile, F|
|poke|p2|Landorus-Therian, M|
|poke|p2|Ferrothorn, M|
|poke|p2|Dragapult, F|
|teampreview
|j| Spyer2k
|j| FuckyLucky
|c| Spyer2k|mad lad wins
|c| Spyer2k|he has a G team
|c| Spyer2k|geenobe loses, meta slave team
|
|t:|1666314223
|start
|switch|p1a: Nidoking|Nidoking, M|100/100
|switch|p2a: Melmetal|Melmetal|100/100
|turn|1
|
|t:|1666314232
|switch|p2a: Dragapult|Dragapult, F|100/100
|move|p1a: Nidoking|Earth Power|p2a: Dragapult
|-damage|p2a: Dragapult|9/100
|
|upkeep
|turn|2
|
|t:|1666314242
|switch|p1a: Braviary|Braviary, M|100/100
|move|p2a: Dragapult|Draco Meteor|p1a: Braviary
|-damage|p1a: Braviary|26/100
|-unboost|p2a: Dragapult|spa|2
|
|upkeep
|turn|3
|
|t:|1666314254
|switch|p1a: Shuckle|Shuckle, M|100/100
|switch|p2a: Ferrothorn|Ferrothorn, M|100/100
|
|upkeep
|turn|4
|j| Woody Fox
|
|t:|1666314268
|move|p2a: Ferrothorn|Leech Seed|p1a: Shuckle
|-start|p1a: Shuckle|move: Leech Seed
|move|p1a: Shuckle|Sticky Web|p2a: Ferrothorn
|-sidestart|p2: Geenobe|move: Sticky Web
|
|-damage|p1a: Shuckle|88/100|[from] Leech Seed|[of] p2a: Ferrothorn
|upkeep
|turn|5
|
|t:|1666314272
|move|p2a: Ferrothorn|Thunder Wave|p1a: Shuckle
|-status|p1a: Shuckle|par
|move|p1a: Shuckle|Stealth Rock|p2a: Ferrothorn
|-sidestart|p2: Geenobe|move: Stealth Rock
|
|-damage|p1a: Shuckle|76/100 par|[from] Leech Seed|[of] p2a: Ferrothorn
|upkeep
|turn|6
|
|t:|1666314279
|switch|p2a: Landorus|Landorus-Therian, M|100/100
|-damage|p2a: Landorus|88/100|[from] Stealth Rock
|-ability|p2a: Landorus|Intimidate|boost
|-unboost|p1a: Shuckle|atk|1
|move|p1a: Shuckle|Final Gambit|p2a: Landorus
|-damage|p2a: Landorus|40/100
|faint|p1a: Shuckle
|
|-heal|p2a: Landorus|46/100|[from] item: Leftovers
|upkeep
|
|t:|1666314291
|switch|p1a: Nidoking|Nidoking, M|100/100
|turn|7
|
|t:|1666314294
|switch|p2a: Dragapult|Dragapult, F|9/100
|move|p1a: Nidoking|Ice Beam|p2a: Dragapult
|-supereffective|p2a: Dragapult
|-damage|p2a: Dragapult|0 fnt
|faint|p2a: Dragapult
|
|upkeep
|
|t:|1666314303
|switch|p2a: Weavile|Weavile, F|100/100
|-ability|p2a: Weavile|Pressure
|turn|8
|
|t:|1666314310
|switch|p2a: Landorus|Landorus-Therian, M|46/100
|-damage|p2a: Landorus|34/100|[from] Stealth Rock
|-ability|p2a: Landorus|Intimidate|boost
|-unboost|p1a: Nidoking|atk|1
|switch|p1a: Braviary|Braviary, M|26/100
|
|-heal|p2a: Landorus|40/100|[from] item: Leftovers
|upkeep
|turn|9
|
|t:|1666314317
|move|p1a: Braviary|Brave Bird|p2a: Landorus
|-damage|p2a: Landorus|0 fnt
|faint|p2a: Landorus
|-damage|p1a: Braviary|11/100|[from] Recoil
|
|upkeep
|
|t:|1666314325
|switch|p2a: Weavile|Weavile, F|100/100
|-ability|p2a: Weavile|Pressure
|turn|10
|
|t:|1666314340
|switch|p1a: Bisharp|Bisharp, F|100/100
|move|p2a: Weavile|Ice Shard|p1a: Bisharp
|-resisted|p1a: Bisharp
|-damage|p1a: Bisharp|87/100
|
|upkeep
|turn|11
|
|t:|1666314355
|switch|p2a: Nidoking|Nidoking, M|100/100
|-activate|p2a: Nidoking|move: Sticky Web
|-unboost|p2a: Nidoking|spe|1
|-damage|p2a: Nidoking|95/100|[from] Stealth Rock
|switch|p1a: Cursola|Cursola, M|100/100
|
|upkeep
|turn|12
|
|t:|1666314385
|move|p2a: Nidoking|Earth Power|p1a: Cursola
|-damage|p1a: Cursola|39/100
|move|p1a: Cursola|Ice Beam|p2a: Nidoking
|-supereffective|p2a: Nidoking
|-damage|p2a: Nidoking|3/100
|
|upkeep
|turn|13
|
|t:|1666314392
|move|p2a: Nidoking|Flamethrower|p1a: Cursola
|-damage|p1a: Cursola|0 fnt
|faint|p1a: Cursola
|
|upkeep
|
|t:|1666314404
|switch|p1a: Braviary|Braviary, M|11/100
|turn|14
|
|t:|1666314408
|move|p1a: Braviary|Close Combat|p2a: Nidoking
|-resisted|p2a: Nidoking
|-damage|p2a: Nidoking|0 fnt
|-unboost|p1a: Braviary|def|1
|-unboost|p1a: Braviary|spd|1
|faint|p2a: Nidoking
|
|upkeep
|
|t:|1666314411
|switch|p2a: Weavile|Weavile, F|100/100
|-ability|p2a: Weavile|Pressure
|turn|15
|
|t:|1666314427
|switch|p1a: Bisharp|Bisharp, F|87/100
|move|p2a: Weavile|Knock Off|p1a: Bisharp
|-resisted|p1a: Bisharp
|-damage|p1a: Bisharp|53/100
|-enditem|p1a: Bisharp|Life Orb|[from] move: Knock Off|[of] p2a: Weavile
|
|upkeep
|turn|16
|
|t:|1666314432
|switch|p2a: Ferrothorn|Ferrothorn, M|100/100
|-activate|p2a: Ferrothorn|move: Sticky Web
|-unboost|p2a: Ferrothorn|spe|1
|-damage|p2a: Ferrothorn|94/100|[from] Stealth Rock
|switch|p1a: Braviary|Braviary, M|11/100
|
|-heal|p2a: Ferrothorn|100/100|[from] item: Leftovers
|upkeep
|turn|17
|
|t:|1666314442
|switch|p1a: Nidoking|Nidoking, M|100/100
|move|p2a: Ferrothorn|Stealth Rock|p1a: Nidoking
|-sidestart|p1: Mad Lad 47|move: Stealth Rock
|
|upkeep
|turn|18
|
|t:|1666314459
|switch|p2a: Melmetal|Melmetal|100/100
|-activate|p2a: Melmetal|move: Sticky Web
|-unboost|p2a: Melmetal|spe|1
|-damage|p2a: Melmetal|94/100|[from] Stealth Rock
|move|p1a: Nidoking|Flamethrower|p2a: Melmetal
|-supereffective|p2a: Melmetal
|-damage|p2a: Melmetal|14/100
|
|upkeep
|turn|19
|
|t:|1666314467
|move|p1a: Nidoking|Flamethrower|p2a: Melmetal
|-supereffective|p2a: Melmetal
|-damage|p2a: Melmetal|0 fnt
|faint|p2a: Melmetal
|
|upkeep
|
|t:|1666314469
|switch|p2a: Weavile|Weavile, F|100/100
|-ability|p2a: Weavile|Pressure
|turn|20
|
|t:|1666314482
|move|p2a: Weavile|Swords Dance|p2a: Weavile
|-boost|p2a: Weavile|atk|2
|move|p1a: Nidoking|Flamethrower|p2a: Weavile
|-supereffective|p2a: Weavile
|-damage|p2a: Weavile|0 fnt
|faint|p2a: Weavile
|
|upkeep
|
|t:|1666314484
|switch|p2a: Ferrothorn|Ferrothorn, M|100/100
|-activate|p2a: Ferrothorn|move: Sticky Web
|-unboost|p2a: Ferrothorn|spe|1
|-damage|p2a: Ferrothorn|94/100|[from] Stealth Rock
|turn|21
|c|☆Geenobe|ggwp
|c|☆Mad Lad 47|gg
|
|t:|1666314490
|move|p1a: Nidoking|Flamethrower|p2a: Ferrothorn
|-supereffective|p2a: Ferrothorn
|-damage|p2a: Ferrothorn|0 fnt
|faint|p2a: Ferrothorn
|
|win|Mad Lad 47
|raw|Mad Lad 47's rating: 1738 &rarr; <strong>1756</strong><br />(+18 for winning)
|raw|Geenobe's rating: 1707 &rarr; <strong>1689</strong><br />(-18 for losing)
|l| Spyer2k
|c|☆Mad Lad 47|you too
||Ladder isn't responding, score probably updated but might not have (Request timeout).
