|j|☆Vall_NB
|j|☆PQPP214
|t:|1646290867
|gametype|singles
|player|p1|Vall_NB|acetrainerf-gen4dp|1376
|player|p2|PQPP214|169|1414
|teamsize|p1|6
|teamsize|p2|6
|gen|8
|tier|[Gen 8] OU
|rated|
|rule|Sleep Clause Mod: Limit one foe put to sleep
|rule|Species Clause: Limit one of each Pokémon
|rule|OHKO Clause: OHKO moves are banned
|rule|Evasion Moves Clause: Evasion moves are banned
|rule|Endless Battle Clause: Forcing endless battles is banned
|rule|HP Percentage Mod: HP is shown in percentages
|rule|Dynamax Clause: You cannot dynamax
|clearpoke
|poke|p1|Regieleki|
|poke|p1|Melmetal|
|poke|p1|Blaziken, M|
|poke|p1|Slowking-Galar, F|
|poke|p1|Corviknight, F|
|poke|p1|Mamoswine, F|
|poke|p2|Landorus-Therian, M|
|poke|p2|Tornadus-Therian, M|
|poke|p2|Zeraora|
|poke|p2|Zapdos-Galar|
|poke|p2|Jirachi|
|poke|p2|Toxapex, F|
|teampreview
|inactive|Battle timer is ON: inactive players will automatically lose when time's up. (requested by Vall_NB)
|
|t:|1646290873
|start
|switch|p1a: Melmetal|Melmetal|100/100
|switch|p2a: Zapdos|Zapdos-Galar|100/100
|turn|1
|
|t:|1646290877
|move|p2a: Zapdos|Close Combat|p1a: Melmetal
|-supereffective|p1a: Melmetal
|-damage|p1a: Melmetal|0 fnt
|-unboost|p2a: Zapdos|def|1
|-unboost|p2a: Zapdos|spd|1
|faint|p1a: Melmetal
|
|upkeep
|
|t:|1646290883
|switch|p1a: Corviknight|Corviknight, F|100/100
|-ability|p1a: Corviknight|Pressure
|turn|2
|
|t:|1646290891
|switch|p2a: Landorus|Landorus-Therian, M, shiny|100/100
|-ability|p2a: Landorus|Intimidate|boost
|-unboost|p1a: Corviknight|atk|1
|move|p1a: Corviknight|Brave Bird|p2a: Landorus
|-damage|p2a: Landorus|80/100
|-damage|p1a: Corviknight|94/100|[from] Recoil
|
|-heal|p2a: Landorus|86/100|[from] item: Leftovers
|upkeep
|turn|3
|
|t:|1646290908
|switch|p2a: Tornadus|Tornadus-Therian, M, shiny|100/100
|move|p1a: Corviknight|Body Press|p2a: Tornadus
|-resisted|p2a: Tornadus
|-damage|p2a: Tornadus|87/100
|
|upkeep
|turn|4
|
|t:|1646290915
|move|p2a: Tornadus|Heat Wave|p1a: Corviknight
|-supereffective|p1a: Corviknight
|-damage|p1a: Corviknight|48/100
|move|p1a: Corviknight|Brave Bird|p2a: Tornadus
|-damage|p2a: Tornadus|65/100
|-damage|p1a: Corviknight|41/100|[from] Recoil
|
|upkeep
|turn|5
|
|t:|1646290926
|switch|p1a: Blaziken|Blaziken, M|100/100
|move|p2a: Tornadus|Knock Off|p1a: Blaziken
|-resisted|p1a: Blaziken
|-damage|p1a: Blaziken|85/100
|-enditem|p1a: Blaziken|Life Orb|[from] move: Knock Off|[of] p2a: Tornadus
|
|upkeep
|turn|6
|
|t:|1646290933
|move|p1a: Blaziken|Protect|p1a: Blaziken
|-singleturn|p1a: Blaziken|Protect
|move|p2a: Tornadus|Hurricane|p1a: Blaziken
|-activate|p1a: Blaziken|move: Protect
|
|-ability|p1a: Blaziken|Speed Boost|boost
|-boost|p1a: Blaziken|spe|1
|upkeep
|turn|7
|
|t:|1646290936
|move|p1a: Blaziken|Flare Blitz|p2a: Tornadus
|-damage|p2a: Tornadus|0 fnt
|faint|p2a: Tornadus
|-damage|p1a: Blaziken|59/100|[from] Recoil
|
|-ability|p1a: Blaziken|Speed Boost|boost
|-boost|p1a: Blaziken|spe|1
|upkeep
|
|t:|1646290940
|switch|p2a: Landorus|Landorus-Therian, M, shiny|86/100
|-ability|p2a: Landorus|Intimidate|boost
|-unboost|p1a: Blaziken|atk|1
|turn|8
|
|t:|1646290950
|switch|p2a: Zeraora|Zeraora, shiny|100/100
|move|p1a: Blaziken|Flare Blitz|p2a: Zeraora
|-damage|p2a: Zeraora|46/100
|-damage|p1a: Blaziken|40/100|[from] Recoil
|
|-ability|p1a: Blaziken|Speed Boost|boost
|-boost|p1a: Blaziken|spe|1
|upkeep
|turn|9
|
|t:|1646290957
|switch|p2a: Toxapex|Toxapex, F, shiny|100/100
|move|p1a: Blaziken|Flare Blitz|p2a: Toxapex
|-resisted|p2a: Toxapex
|-damage|p2a: Toxapex|88/100
|-damage|p1a: Blaziken|36/100|[from] Recoil
|-enditem|p2a: Toxapex|Eject Button
|
|t:|1646290964
|switch|p2a: Landorus|Landorus-Therian, M, shiny|86/100
|-ability|p2a: Landorus|Intimidate|boost
|-unboost|p1a: Blaziken|atk|1
|
|-heal|p2a: Landorus|92/100|[from] item: Leftovers
|-ability|p1a: Blaziken|Speed Boost|boost
|-boost|p1a: Blaziken|spe|1
|upkeep
|turn|10
|
|t:|1646290971
|switch|p1a: Corviknight|Corviknight, F|41/100
|-ability|p1a: Corviknight|Pressure
|switch|p2a: Zeraora|Zeraora, shiny|46/100
|
|upkeep
|turn|11
|
|t:|1646290979
|switch|p1a: Regieleki|Regieleki|100/100
|move|p2a: Zeraora|Close Combat|p1a: Regieleki
|-damage|p1a: Regieleki|21/100
|-unboost|p2a: Zeraora|def|1
|-unboost|p2a: Zeraora|spd|1
|
|upkeep
|turn|12
|
|t:|1646290986
|switch|p1a: Slowking|Slowking-Galar, F|100/100
|switch|p2a: Landorus|Landorus-Therian, M, shiny|92/100
|-ability|p2a: Landorus|Intimidate|boost
|-unboost|p1a: Slowking|atk|1
|
|-heal|p2a: Landorus|98/100|[from] item: Leftovers
|upkeep
|turn|13
|
|t:|1646290993
|switch|p1a: Corviknight|Corviknight, F|41/100
|-ability|p1a: Corviknight|Pressure
|move|p2a: Landorus|Earthquake|p1a: Corviknight
|-immune|p1a: Corviknight
|
|-heal|p2a: Landorus|100/100|[from] item: Leftovers
|upkeep
|turn|14
|
|t:|1646290997
|switch|p2a: Zeraora|Zeraora, shiny|46/100
|move|p1a: Corviknight|Roost|p1a: Corviknight
|-heal|p1a: Corviknight|91/100
|-singleturn|p1a: Corviknight|move: Roost
|
|upkeep
|turn|15
|
|t:|1646291006
|switch|p1a: Slowking|Slowking-Galar, F|100/100
|move|p2a: Zeraora|Plasma Fists|p1a: Slowking
|-damage|p1a: Slowking|55/100
|-fieldactivate|move: Ion Deluge
|-hint|Normal-type moves become Electric-type after using Plasma Fists.
|
|upkeep
|turn|16
|
|t:|1646291017
|switch|p2a: Landorus|Landorus-Therian, M, shiny|100/100
|-ability|p2a: Landorus|Intimidate|boost
|-unboost|p1a: Slowking|atk|1
|move|p1a: Slowking|Future Sight|p2a: Landorus
|-start|p1a: Slowking|move: Future Sight
|
|upkeep
|turn|17
|
|t:|1646291027
|switch|p1a: Corviknight|Corviknight, F|91/100
|-ability|p1a: Corviknight|Pressure
|move|p2a: Landorus|U-turn|p1a: Corviknight
|-resisted|p1a: Corviknight
|-damage|p1a: Corviknight|88/100
|-damage|p2a: Landorus|84/100|[from] item: Rocky Helmet|[of] p1a: Corviknight
|
|t:|1646291032
|switch|p2a: Jirachi|Jirachi, shiny|100/100|[from]move: U-turn
|
|upkeep
|turn|18
|inactive|Vall_NB has 120 seconds left.
|
|t:|1646291081
|move|p2a: Jirachi|Stealth Rock|p1a: Corviknight
|-sidestart|p1: Vall_NB|move: Stealth Rock
|move|p1a: Corviknight|Body Press|p2a: Jirachi
|-damage|p2a: Jirachi|78/100
|
|-end|p2a: Jirachi|move: Future Sight
|-resisted|p2a: Jirachi
|-damage|p2a: Jirachi|69/100
|-heal|p2a: Jirachi|76/100|[from] item: Leftovers
|upkeep
|turn|19
|
|t:|1646291099
|switch|p2a: Zapdos|Zapdos-Galar|100/100
|move|p1a: Corviknight|Defog|p2a: Zapdos
|-unboost|p2a: Zapdos|evasion|1
|-ability|p2a: Zapdos|Defiant
|-boost|p2a: Zapdos|atk|2
|-sideend|p1: Vall_NB|Stealth Rock|[from] move: Defog|[of] p1a: Corviknight
|
|upkeep
|turn|20
|inactive|Vall_NB has 120 seconds left.
|
|t:|1646291123
|move|p2a: Zapdos|Close Combat|p1a: Corviknight
|-damage|p1a: Corviknight|0 fnt
|-unboost|p2a: Zapdos|def|1
|-unboost|p2a: Zapdos|spd|1
|-damage|p2a: Zapdos|84/100|[from] item: Rocky Helmet|[of] p1a: Corviknight
|faint|p1a: Corviknight
|
|upkeep
|
|t:|1646291128
|switch|p1a: Mamoswine|Mamoswine, F|100/100
|turn|21
|
|t:|1646291144
|switch|p2a: Toxapex|Toxapex, F, shiny|100/100
|move|p1a: Mamoswine|Ice Shard|p2a: Toxapex
|-resisted|p2a: Toxapex
|-damage|p2a: Toxapex|91/100
|
|upkeep
|turn|22
|inactive|Vall_NB has 120 seconds left.
|
|t:|1646291156
|switch|p1a: Slowking|Slowking-Galar, F|88/100
|switch|p2a: Zapdos|Zapdos-Galar|84/100
|
|upkeep
|turn|23
|
|t:|1646291164
|move|p2a: Zapdos|Brave Bird|p1a: Slowking
|-damage|p1a: Slowking|0 fnt
|faint|p1a: Slowking
|-damage|p2a: Zapdos|48/100|[from] Recoil
|
|upkeep
|
|t:|1646291169
|switch|p1a: Mamoswine|Mamoswine, F|100/100
|turn|24
|
|t:|1646291176
|move|p2a: Zapdos|Brave Bird|p1a: Mamoswine
|-damage|p1a: Mamoswine|0 fnt
|faint|p1a: Mamoswine
|-damage|p2a: Zapdos|11/100|[from] Recoil
|
|upkeep
|-message|Vall_NB forfeited.
|
|win|PQPP214
|raw|Vall_NB's rating: 1376 &rarr; <strong>1358</strong><br />(-18 for losing)
|raw|PQPP214's rating: 1414 &rarr; <strong>1432</strong><br />(+18 for winning)
|l|☆Vall_NB
