|j|☆legitteambuilder
|j|☆godlywalrus
|t:|1616409369
|player|p1|legitteambuilder|lance|1783
|player|p2|godlywalrus|colress|1768
|teamsize|p1|6
|teamsize|p2|6
|gametype|singles
|gen|8
|tier|[Gen 8] OU
|rated|
|clearpoke
|poke|p1|Heatran, M|
|poke|p1|Dragapult, M|
|poke|p1|Corviknight, F|
|poke|p1|Tapu Lele|
|poke|p1|Garchomp, M|
|poke|p1|Ferrothorn, M|
|poke|p2|Tyrantrum, F|
|poke|p2|Tapu Fini|
|poke|p2|Kartana|
|poke|p2|Garchomp, F|
|poke|p2|Melmetal|
|poke|p2|Mandibuzz, F|
|rule|Sleep Clause Mod: Limit one foe put to sleep
|rule|Species Clause: Limit one of each Pokémon
|rule|OHKO Clause: OHKO moves are banned
|rule|Evasion Moves Clause: Evasion moves are banned
|rule|Endless Battle Clause: Forcing endless battles is banned
|rule|HP Percentage Mod: HP is shown in percentages
|rule|Dynamax Clause: You cannot dynamax
|teampreview
|j| el ghato
|j| BabyPigsAreLaughin
|inactive|Battle timer is ON: inactive players will automatically lose when time's up. (requested by legitteambuilder)
|
|t:|1616409393
|start
|switch|p1a: Ferrothorn|Ferrothorn, M|100/100
|switch|p2a: Garchomp|Garchomp, F|100/100
|turn|1
|
|t:|1616409397
|move|p2a: Garchomp|Fire Blast|p1a: Ferrothorn
|-supereffective|p1a: Ferrothorn
|-damage|p1a: Ferrothorn|9/100
|-damage|p2a: Garchomp|91/100|[from] item: Life Orb
|move|p1a: Ferrothorn|Spikes|p2a: Garchomp
|-sidestart|p2: godlywalrus|Spikes
|
|-heal|p1a: Ferrothorn|15/100|[from] item: Leftovers
|upkeep
|turn|2
|
|t:|1616409405
|switch|p1a: no zone pls :(|Corviknight, F, shiny|100/100
|-ability|p1a: no zone pls :(|Pressure
|move|p2a: Garchomp|Earthquake|p1a: no zone pls :(
|-immune|p1a: no zone pls :(
|
|upkeep
|turn|3
|j| impactx
|
|t:|1616409418
|move|p2a: Garchomp|Stealth Rock|p1a: no zone pls :(
|-sidestart|p1: legitteambuilder|move: Stealth Rock
|move|p1a: no zone pls :(|U-turn|p2a: Garchomp
|-damage|p2a: Garchomp|76/100
|-damage|p1a: no zone pls :(|88/100|[from] ability: Rough Skin|[of] p2a: Garchomp
|
|t:|1616409421
|switch|p1a: draga deez nuts|Dragapult, M, shiny|100/100|[from]move: U-turn
|-damage|p1a: draga deez nuts|88/100|[from] Stealth Rock
|
|upkeep
|turn|4
|
|t:|1616409424
|switch|p2a: Quicksilver|Melmetal|100/100
|-damage|p2a: Quicksilver|88/100|[from] Spikes
|move|p1a: draga deez nuts|U-turn|p2a: Quicksilver
|-resisted|p2a: Quicksilver
|-damage|p2a: Quicksilver|83/100
|inactive|legitteambuilder has 120 seconds left.
|l| impactx
|
|t:|1616409461
|switch|p1a: no zone pls :(|Corviknight, F, shiny|88/100|[from]move: U-turn
|-damage|p1a: no zone pls :(|75/100|[from] Stealth Rock
|-ability|p1a: no zone pls :(|Pressure
|
|-heal|p1a: no zone pls :(|82/100|[from] item: Leftovers
|upkeep
|turn|5
|
|t:|1616409466
|switch|p2a: Nice Resist|Tyrantrum, F|100/100
|-damage|p2a: Nice Resist|88/100|[from] Spikes
|move|p1a: no zone pls :(|U-turn|p2a: Nice Resist
|-damage|p2a: Nice Resist|73/100
|inactive|legitteambuilder has 120 seconds left.
|c|☆legitteambuilder|do these run scarf
|c|☆godlywalrus|yeah sometimes
|c|☆legitteambuilder|hmmmm
|inactive|legitteambuilder has 90 seconds left.
|
|t:|1616409512
|switch|p1a: Garchomp|Garchomp, M|100/100|[from]move: U-turn
|-damage|p1a: Garchomp|94/100|[from] Stealth Rock
|
|upkeep
|turn|6
|
|t:|1616409523
|switch|p1a: Tapu Lele|Tapu Lele|100/100
|-damage|p1a: Tapu Lele|88/100|[from] Stealth Rock
|-fieldstart|move: Psychic Terrain|[from] ability: Psychic Surge|[of] p1a: Tapu Lele
|switch|p2a: Tapu Fini|Tapu Fini|100/100
|-damage|p2a: Tapu Fini|88/100|[from] Spikes
|-fieldstart|move: Misty Terrain|[from] ability: Misty Surge|[of] p2a: Tapu Fini
|
|-heal|p2a: Tapu Fini|94/100|[from] item: Leftovers
|upkeep
|turn|7
|
|t:|1616409532
|switch|p2a: Quicksilver|Melmetal|83/100
|-damage|p2a: Quicksilver|71/100|[from] Spikes
|move|p1a: Tapu Lele|Moonblast|p2a: Quicksilver
|-resisted|p2a: Quicksilver
|-crit|p2a: Quicksilver
|-damage|p2a: Quicksilver|39/100
|
|upkeep
|turn|8
|
|t:|1616409540
|switch|p1a: Ferrothorn|Ferrothorn, M|15/100
|-damage|p1a: Ferrothorn|9/100|[from] Stealth Rock
|switch|p2a: Nice Resist|Tyrantrum, F|73/100
|-damage|p2a: Nice Resist|60/100|[from] Spikes
|
|-heal|p1a: Ferrothorn|15/100|[from] item: Leftovers
|upkeep
|turn|9
|
|t:|1616409547
|move|p2a: Nice Resist|Head Smash|p1a: Ferrothorn
|-resisted|p1a: Ferrothorn
|-damage|p1a: Ferrothorn|0 fnt
|-damage|p2a: Nice Resist|48/100|[from] ability: Iron Barbs|[of] p1a: Ferrothorn
|faint|p1a: Ferrothorn
|
|upkeep
|j| 123T
|
|t:|1616409554
|switch|p1a: Garchomp|Garchomp, M|94/100
|-damage|p1a: Garchomp|88/100|[from] Stealth Rock
|turn|10
|
|t:|1616409557
|switch|p2a: Quicksilver|Melmetal|39/100
|-damage|p2a: Quicksilver|27/100|[from] Spikes
|move|p1a: Garchomp|Swords Dance|p1a: Garchomp
|-boost|p1a: Garchomp|atk|2
|
|-fieldend|Misty Terrain
|upkeep
|turn|11
|inactive|legitteambuilder has 120 seconds left.
|j| impactx
|inactive|legitteambuilder has 90 seconds left.
|
|t:|1616409602
|move|p1a: Garchomp|Earthquake|p2a: Quicksilver
|-supereffective|p2a: Quicksilver
|-damage|p2a: Quicksilver|0 fnt
|-damage|p1a: Garchomp|78/100|[from] item: Life Orb
|faint|p2a: Quicksilver
|
|upkeep
|
|t:|1616409614
|switch|p2a: Kartana|Kartana|100/100
|-damage|p2a: Kartana|88/100|[from] Spikes
|turn|12
|inactive|legitteambuilder has 90 seconds left.
|
|t:|1616409632
|switch|p1a: no zone pls :(|Corviknight, F, shiny|82/100
|-damage|p1a: no zone pls :(|69/100|[from] Stealth Rock
|-ability|p1a: no zone pls :(|Pressure
|move|p2a: Kartana|Leaf Blade|p1a: no zone pls :(
|-resisted|p1a: no zone pls :(
|-damage|p1a: no zone pls :(|60/100
|
|-heal|p1a: no zone pls :(|66/100|[from] item: Leftovers
|upkeep
|turn|13
|
|t:|1616409636
|switch|p2a: Nice Resist|Tyrantrum, F|48/100
|-damage|p2a: Nice Resist|35/100|[from] Spikes
|move|p1a: no zone pls :(|U-turn|p2a: Nice Resist
|-damage|p2a: Nice Resist|20/100
|l| impactx
|
|t:|1616409644
|switch|p1a: Tapu Lele|Tapu Lele|88/100|[from]move: U-turn
|-damage|p1a: Tapu Lele|76/100|[from] Stealth Rock
|-fieldstart|move: Psychic Terrain|[from] ability: Psychic Surge|[of] p1a: Tapu Lele
|
|upkeep
|turn|14
|
|t:|1616409646
|move|p1a: Tapu Lele|Moonblast|p2a: Nice Resist
|-supereffective|p2a: Nice Resist
|-damage|p2a: Nice Resist|0 fnt
|faint|p2a: Nice Resist
|
|upkeep
|
|t:|1616409653
|switch|p2a: Kartana|Kartana|88/100
|-damage|p2a: Kartana|76/100|[from] Spikes
|turn|15
|inactive|legitteambuilder has 120 seconds left.
|j| H2Ocate
|
|t:|1616409670
|switch|p1a: no zone pls :(|Corviknight, F, shiny|66/100
|-damage|p1a: no zone pls :(|54/100|[from] Stealth Rock
|-ability|p1a: no zone pls :(|Pressure
|move|p2a: Kartana|Knock Off|p1a: no zone pls :(
|-damage|p1a: no zone pls :(|24/100
|-enditem|p1a: no zone pls :(|Leftovers|[from] move: Knock Off|[of] p2a: Kartana
|
|upkeep
|turn|16
|
|t:|1616409678
|move|p2a: Kartana|Knock Off|p1a: no zone pls :(
|-damage|p1a: no zone pls :(|4/100
|move|p1a: no zone pls :(|Roost|p1a: no zone pls :(
|-heal|p1a: no zone pls :(|54/100
|-singleturn|p1a: no zone pls :(|move: Roost
|
|upkeep
|turn|17
|
|t:|1616409684
|switch|p2a: Garchomp|Garchomp, F|76/100
|-damage|p2a: Garchomp|64/100|[from] Spikes
|move|p1a: no zone pls :(|Roost|p1a: no zone pls :(
|-heal|p1a: no zone pls :(|100/100
|-singleturn|p1a: no zone pls :(|move: Roost
|
|-fieldend|move: Psychic Terrain
|upkeep
|turn|18
|c|☆godlywalrus|not gamer
|
|t:|1616409691
|move|p2a: Garchomp|Fire Blast|p1a: no zone pls :(
|-supereffective|p1a: no zone pls :(
|-damage|p1a: no zone pls :(|50/100
|-damage|p2a: Garchomp|54/100|[from] item: Life Orb
|move|p1a: no zone pls :(|U-turn|p2a: Garchomp
|-damage|p2a: Garchomp|38/100
|-damage|p1a: no zone pls :(|38/100|[from] ability: Rough Skin|[of] p2a: Garchomp
|
|t:|1616409695
|switch|p1a: draga deez nuts|Dragapult, M, shiny|88/100|[from]move: U-turn
|-damage|p1a: draga deez nuts|76/100|[from] Stealth Rock
|
|upkeep
|turn|19
|
|t:|1616409703
|move|p1a: draga deez nuts|U-turn|p2a: Garchomp
|-damage|p2a: Garchomp|19/100
|-damage|p1a: draga deez nuts|64/100|[from] ability: Rough Skin|[of] p2a: Garchomp
|
|t:|1616409704
|switch|p1a: no zone pls :(|Corviknight, F, shiny|38/100|[from]move: U-turn
|-damage|p1a: no zone pls :(|25/100|[from] Stealth Rock
|-ability|p1a: no zone pls :(|Pressure
|move|p2a: Garchomp|Draco Meteor|p1a: no zone pls :(
|-resisted|p1a: no zone pls :(
|-damage|p1a: no zone pls :(|6/100
|-unboost|p2a: Garchomp|spa|2
|-damage|p2a: Garchomp|9/100|[from] item: Life Orb
|
|upkeep
|turn|20
|
|t:|1616409714
|move|p2a: Garchomp|Draco Meteor|p1a: no zone pls :(
|-resisted|p1a: no zone pls :(
|-damage|p1a: no zone pls :(|0 fnt
|-unboost|p2a: Garchomp|spa|2
|-damage|p2a: Garchomp|0 fnt|[from] item: Life Orb
|faint|p1a: no zone pls :(
|faint|p2a: Garchomp
|
|upkeep
|
|t:|1616409722
|switch|p2a: Tapu Fini|Tapu Fini|94/100
|switch|p1a: draga deez nuts|Dragapult, M, shiny|64/100
|-damage|p1a: draga deez nuts|51/100|[from] Stealth Rock
|-damage|p2a: Tapu Fini|82/100|[from] Spikes
|-fieldstart|move: Misty Terrain|[from] ability: Misty Surge|[of] p2a: Tapu Fini
|turn|21
|j| Dragonillis
|
|t:|1616409731
|move|p1a: draga deez nuts|U-turn|p2a: Tapu Fini
|-resisted|p2a: Tapu Fini
|-damage|p2a: Tapu Fini|75/100
|
|t:|1616409732
|switch|p1a: phrog|Heatran, M, shiny|100/100|[from]move: U-turn
|-damage|p1a: phrog|88/100|[from] Stealth Rock
|move|p2a: Tapu Fini|Scald|p1a: phrog
|-supereffective|p1a: phrog
|-damage|p1a: phrog|37/100
|
|-heal|p1a: phrog|44/100|[from] item: Leftovers
|-heal|p2a: Tapu Fini|82/100|[from] item: Leftovers
|upkeep
|turn|22
|j| Sacaen
|
|t:|1616409741
|move|p1a: phrog|Earth Power|p2a: Tapu Fini
|-damage|p2a: Tapu Fini|57/100
|move|p2a: Tapu Fini|Scald|p1a: phrog
|-supereffective|p1a: phrog
|-damage|p1a: phrog|0 fnt
|faint|p1a: phrog
|
|-heal|p2a: Tapu Fini|63/100|[from] item: Leftovers
|upkeep
|
|t:|1616409744
|switch|p1a: Tapu Lele|Tapu Lele|76/100
|-damage|p1a: Tapu Lele|63/100|[from] Stealth Rock
|-fieldstart|move: Psychic Terrain|[from] ability: Psychic Surge|[of] p1a: Tapu Lele
|turn|23
|
|t:|1616409747
|move|p1a: Tapu Lele|Moonblast|p2a: Tapu Fini
|-damage|p2a: Tapu Fini|0 fnt
|faint|p2a: Tapu Fini
|
|upkeep
|
|t:|1616409752
|switch|p2a: Kartana|Kartana|76/100
|-damage|p2a: Kartana|63/100|[from] Spikes
|turn|24
|
|t:|1616409758
|switch|p1a: Garchomp|Garchomp, M|78/100
|-damage|p1a: Garchomp|72/100|[from] Stealth Rock
|move|p2a: Kartana|Smart Strike|p1a: Garchomp
|-damage|p1a: Garchomp|24/100
|-damage|p2a: Kartana|51/100|[from] ability: Rough Skin|[of] p1a: Garchomp
|
|upkeep
|turn|25
|
|t:|1616409763
|move|p2a: Kartana|Smart Strike|p1a: Garchomp
|-damage|p1a: Garchomp|0 fnt
|-damage|p2a: Kartana|39/100|[from] ability: Rough Skin|[of] p1a: Garchomp
|faint|p1a: Garchomp
|-ability|p2a: Kartana|Beast Boost|boost
|-boost|p2a: Kartana|atk|1
|
|upkeep
|
|t:|1616409765
|switch|p1a: draga deez nuts|Dragapult, M, shiny|51/100
|-damage|p1a: draga deez nuts|39/100|[from] Stealth Rock
|turn|26
|
|t:|1616409768
|move|p1a: draga deez nuts|Shadow Ball|p2a: Kartana
|-damage|p2a: Kartana|0 fnt
|faint|p2a: Kartana
|
|upkeep
|c|☆godlywalrus|scarfpult
|c|☆godlywalrus|lmao
|c|☆legitteambuilder|yes :)
|c|☆legitteambuilder|its way too good
|c|☆godlywalrus|i hate that set with a passion
|c|☆legitteambuilder|honestly
|inactive|godlywalrus has 120 seconds left.
|l| H2Ocate
|c|☆legitteambuilder|fucks rain and any setup mon
|c|☆godlywalrus|pretty sure the only tier scarfpult does damage in is zu
|
|t:|1616409814
|switch|p2a: Mandibuzz|Mandibuzz, F|100/100
|turn|27
|j| angrrry
|c|☆legitteambuilder|yeah lmao i have lele for damglios
|-message|godlywalrus forfeited.
|
|win|legitteambuilder
|raw|legitteambuilder's rating: 1783 &rarr; <strong>1802</strong><br />(+19 for winning)
|raw|godlywalrus's rating: 1768 &rarr; <strong>1749</strong><br />(-19 for losing)
|l|☆godlywalrus
