|j|☆pzy1616
|j|☆demgeilem
|t:|1667994356
|gametype|singles
|player|p1|pzy1616|101|1564
|player|p2|demgeilem|ethan-masters|1575
|teamsize|p1|6
|teamsize|p2|6
|gen|8
|tier|[Gen 8] OU
|rated|
|rule|Sleep Clause Mod: Limit one foe put to sleep
|rule|Species Clause: Limit one of each Pokémon
|rule|OHKO Clause: OHKO moves are banned
|rule|Evasion Items Clause: Evasion items are banned
|rule|Evasion Moves Clause: Evasion moves are banned
|rule|Endless Battle Clause: Forcing endless battles is banned
|rule|HP Percentage Mod: HP is shown in percentages
|rule|Dynamax Clause: You cannot dynamax
|clearpoke
|poke|p1|Tapu Lele|
|poke|p1|Pelipper, F|
|poke|p1|Landorus-Therian, M|
|poke|p1|Barraskewda, F|
|poke|p1|Ferrothorn, F|
|poke|p1|Regieleki|
|poke|p2|Melmetal|
|poke|p2|Dragapult, M|
|poke|p2|Slowbro, F|
|poke|p2|Clefable, M|
|poke|p2|Landorus-Therian, M|
|poke|p2|Buzzwole|
|teampreview
|inactive|Battle timer is ON: inactive players will automatically lose when time's up. (requested by pzy1616)
|
|t:|1667994365
|start
|switch|p1a: Tapu Lele|Tapu Lele|100/100
|switch|p2a: Clefable|Clefable, M|100/100
|-fieldstart|move: Psychic Terrain|[from] ability: Psychic Surge|[of] p1a: Tapu Lele
|turn|1
|
|t:|1667994374
|move|p1a: Tapu Lele|Moonblast|p2a: Clefable
|-damage|p2a: Clefable|60/100
|move|p2a: Clefable|Soft-Boiled|p2a: Clefable
|-heal|p2a: Clefable|100/100
|
|upkeep
|turn|2
|
|t:|1667994379
|switch|p1a: Landorus|Landorus-Therian, M|100/100
|-ability|p1a: Landorus|Intimidate|boost
|-unboost|p2a: Clefable|atk|1
|move|p2a: Clefable|Stealth Rock|p1a: Landorus
|-sidestart|p1: pzy1616|move: Stealth Rock
|
|upkeep
|turn|3
|
|t:|1667994387
|switch|p2a: Melmetal|Melmetal|100/100
|move|p1a: Landorus|Stealth Rock|p2a: Melmetal
|-sidestart|p2: demgeilem|move: Stealth Rock
|
|upkeep
|turn|4
|
|t:|1667994394
|move|p1a: Landorus|Earthquake|p2a: Melmetal
|-supereffective|p2a: Melmetal
|-damage|p2a: Melmetal|48/100
|move|p2a: Melmetal|Double Iron Bash|p1a: Landorus
|-damage|p1a: Landorus|33/100
|-damage|p1a: Landorus|0 fnt
|faint|p1a: Landorus
|-hitcount|p1: Landorus|2
|
|upkeep
|
|t:|1667994406
|switch|p1a: Tapu Lele|Tapu Lele|100/100
|-damage|p1a: Tapu Lele|88/100|[from] Stealth Rock
|turn|5
|
|t:|1667994410
|switch|p1a: Ferrothorn|Ferrothorn, F|100/100
|-damage|p1a: Ferrothorn|94/100|[from] Stealth Rock
|move|p2a: Melmetal|Double Iron Bash|p1a: Ferrothorn
|-resisted|p1a: Ferrothorn
|-damage|p1a: Ferrothorn|75/100
|-damage|p2a: Melmetal|35/100|[from] ability: Iron Barbs|[of] p1a: Ferrothorn
|-resisted|p1a: Ferrothorn
|-damage|p1a: Ferrothorn|54/100
|-damage|p2a: Melmetal|23/100|[from] ability: Iron Barbs|[of] p1a: Ferrothorn
|-hitcount|p1a: Ferrothorn|2
|
|-heal|p1a: Ferrothorn|60/100|[from] item: Leftovers
|-fieldend|move: Psychic Terrain
|upkeep
|turn|6
|
|t:|1667994416
|switch|p1a: Tapu Lele|Tapu Lele|88/100
|-damage|p1a: Tapu Lele|76/100|[from] Stealth Rock
|-fieldstart|move: Psychic Terrain|[from] ability: Psychic Surge|[of] p1a: Tapu Lele
|move|p2a: Melmetal|Double Iron Bash|p1a: Tapu Lele
|-supereffective|p1a: Tapu Lele
|-damage|p1a: Tapu Lele|0 fnt
|faint|p1a: Tapu Lele
|-hitcount|p1: Tapu Lele|1
|
|upkeep
|
|t:|1667994422
|switch|p1a: Barraskewda|Barraskewda, F|100/100
|-damage|p1a: Barraskewda|88/100|[from] Stealth Rock
|turn|7
|
|t:|1667994426
|switch|p2a: Slowbro|Slowbro, F, shiny|100/100
|-damage|p2a: Slowbro|88/100|[from] Stealth Rock
|move|p1a: Barraskewda|Crunch|p2a: Slowbro
|-supereffective|p2a: Slowbro
|-damage|p2a: Slowbro|36/100
|-damage|p1a: Barraskewda|72/100|[from] item: Rocky Helmet|[of] p2a: Slowbro
|
|upkeep
|turn|8
|
|t:|1667994436
|switch|p1a: Pelipper|Pelipper, F, shiny|100/100
|-damage|p1a: Pelipper|76/100|[from] Stealth Rock
|-weather|RainDance|[from] ability: Drizzle|[of] p1a: Pelipper
|switch|p2a: Clefable|Clefable, M|100/100
|
|-weather|RainDance|[upkeep]
|upkeep
|turn|9
|
|t:|1667994440
|move|p1a: Pelipper|Hurricane|p2a: Clefable
|-damage|p2a: Clefable|42/100
|move|p2a: Clefable|Moonblast|p1a: Pelipper
|-damage|p1a: Pelipper|23/100
|-unboost|p1a: Pelipper|spa|1
|
|-weather|RainDance|[upkeep]
|-heal|p2a: Clefable|48/100|[from] item: Leftovers
|upkeep
|turn|10
|
|t:|1667994450
|move|p1a: Pelipper|Hurricane|p2a: Clefable
|-damage|p2a: Clefable|13/100
|-start|p2a: Clefable|confusion
|-activate|p2a: Clefable|confusion
|-damage|p2a: Clefable|8/100|[from] confusion
|
|-weather|RainDance|[upkeep]
|-heal|p2a: Clefable|14/100|[from] item: Leftovers
|-fieldend|move: Psychic Terrain
|upkeep
|turn|11
|
|t:|1667994455
|move|p1a: Pelipper|Hurricane|p2a: Clefable
|-crit|p2a: Clefable
|-damage|p2a: Clefable|0 fnt
|faint|p2a: Clefable
|
|-weather|RainDance|[upkeep]
|upkeep
|
|t:|1667994460
|switch|p2a: Dragapult|Dragapult, M|100/100
|-damage|p2a: Dragapult|88/100|[from] Stealth Rock
|turn|12
|
|t:|1667994464
|switch|p1a: Ferrothorn|Ferrothorn, F|60/100
|-damage|p1a: Ferrothorn|54/100|[from] Stealth Rock
|move|p2a: Dragapult|Shadow Ball|p1a: Ferrothorn
|-damage|p1a: Ferrothorn|3/100
|-unboost|p1a: Ferrothorn|spd|1
|
|-weather|none
|-heal|p1a: Ferrothorn|10/100|[from] item: Leftovers
|upkeep
|turn|13
|
|t:|1667994474
|move|p2a: Dragapult|Shadow Ball|p1a: Ferrothorn
|-damage|p1a: Ferrothorn|0 fnt
|faint|p1a: Ferrothorn
|
|upkeep
|
|t:|1667994479
|switch|p1a: Regieleki|Regieleki|100/100
|turn|14
|
|t:|1667994483
|move|p1a: Regieleki|Volt Switch|p2a: Dragapult
|-resisted|p2a: Dragapult
|-crit|p2a: Dragapult
|-damage|p2a: Dragapult|46/100
|
|t:|1667994486
|switch|p1a: Pelipper|Pelipper, F, shiny|23/100|[from]move: Volt Switch
|-damage|p1a: Pelipper|0 fnt|[from] Stealth Rock
|faint|p1a: Pelipper
|move|p2a: Dragapult|Shadow Ball|p1: Pelipper|[notarget]
|-fail|p2a: Dragapult
|
|upkeep
|
|t:|1667994488
|switch|p1a: Regieleki|Regieleki|100/100
|turn|15
|
|t:|1667994497
|switch|p2a: Landorus|Landorus-Therian, M|100/100
|-damage|p2a: Landorus|88/100|[from] Stealth Rock
|-ability|p2a: Landorus|Intimidate|boost
|-unboost|p1a: Regieleki|atk|1
|move|p1a: Regieleki|Rapid Spin|p2a: Landorus
|-damage|p2a: Landorus|81/100
|-boost|p1a: Regieleki|spe|1
|-sideend|p1: pzy1616|Stealth Rock|[from] move: Rapid Spin|[of] p1a: Regieleki
|
|-heal|p2a: Landorus|87/100|[from] item: Leftovers
|upkeep
|turn|16
|
|t:|1667994506
|switch|p1a: Barraskewda|Barraskewda, F|72/100
|move|p2a: Landorus|Earthquake|p1a: Barraskewda
|-damage|p1a: Barraskewda|0 fnt
|faint|p1a: Barraskewda
|
|-heal|p2a: Landorus|93/100|[from] item: Leftovers
|upkeep
|-message|pzy1616 forfeited.
|
|win|demgeilem
|raw|pzy1616's rating: 1564 &rarr; <strong>1545</strong><br />(-19 for losing)
|raw|demgeilem's rating: 1575 &rarr; <strong>1594</strong><br />(+19 for winning)
|l|☆pzy1616
