|html|<div class="broadcast-blue"><strong>[Gen 8] OU is currently suspecting Melmetal! For information on how to participate check out the <a href="https://www.smogon.com/forums/threads/np-ss-ou-suspect-process-round-12-monster-mash.3709234/">suspect thread</a>.</strong></div>
|j|☆toon arctozolt
|j|☆MM AZALEA
|t:|1666718519
|gametype|singles
|player|p1|toon arctozolt|harlequin|1661
|player|p2|MM AZALEA|ethan-masters|1631
|teamsize|p1|6
|teamsize|p2|6
|gen|8
|tier|[Gen 8] OU
|rated|
|rule|Sleep Clause Mod: Limit one foe put to sleep
|rule|Species Clause: Limit one of each Pokémon
|rule|OHKO Clause: OHKO moves are banned
|rule|Evasion Items Clause: Evasion items are banned
|rule|Evasion Moves Clause: Evasion moves are banned
|rule|Endless Battle Clause: Forcing endless battles is banned
|rule|HP Percentage Mod: HP is shown in percentages
|rule|Dynamax Clause: You cannot dynamax
|clearpoke
|poke|p1|Pelipper, F|
|poke|p1|Corviknight, M|
|poke|p1|Inteleon, M|
|poke|p1|Ferrothorn, F|
|poke|p1|Barraskewda, F|
|poke|p1|Seismitoad, M|
|poke|p2|Rillaboom, M|
|poke|p2|Tornadus-Therian, M|
|poke|p2|Blaziken, F|
|poke|p2|Melmetal|
|poke|p2|Garchomp, M|
|poke|p2|Slowbro, F|
|teampreview
|inactive|Battle timer is ON: inactive players will automatically lose when time's up. (requested by toon arctozolt)
|
|t:|1666718532
|start
|switch|p1a: Pelipper|Pelipper, F|100/100
|switch|p2a: Garchomp|Garchomp, M|100/100
|-weather|RainDance|[from] ability: Drizzle|[of] p1a: Pelipper
|turn|1
|
|t:|1666718540
|move|p2a: Garchomp|Stealth Rock|p1a: Pelipper
|-sidestart|p1: toon arctozolt|move: Stealth Rock
|move|p1a: Pelipper|Scald|p2a: Garchomp
|-damage|p2a: Garchomp|74/100
|-status|p2a: Garchomp|brn
|
|-weather|RainDance|[upkeep]
|-heal|p2a: Garchomp|80/100 brn|[from] item: Leftovers
|-damage|p2a: Garchomp|74/100 brn|[from] brn
|upkeep
|turn|2
|
|t:|1666718544
|move|p2a: Garchomp|Toxic|p1a: Pelipper
|-status|p1a: Pelipper|tox
|move|p1a: Pelipper|Defog|p2a: Garchomp
|-unboost|p2a: Garchomp|evasion|1
|-sideend|p1: toon arctozolt|Stealth Rock|[from] move: Defog|[of] p1a: Pelipper
|
|-weather|RainDance|[upkeep]
|-heal|p2a: Garchomp|80/100 brn|[from] item: Leftovers
|-damage|p1a: Pelipper|94/100 tox|[from] psn
|-damage|p2a: Garchomp|74/100 brn|[from] brn
|upkeep
|turn|3
|
|t:|1666718552
|switch|p1a: Barraskewda|Barraskewda, F|100/100
|move|p2a: Garchomp|Stealth Rock|p1a: Barraskewda
|-sidestart|p1: toon arctozolt|move: Stealth Rock
|
|-weather|RainDance|[upkeep]
|-heal|p2a: Garchomp|80/100 brn|[from] item: Leftovers
|-damage|p2a: Garchomp|74/100 brn|[from] brn
|upkeep
|turn|4
|
|t:|1666718556
|switch|p2a: Slowbro|Slowbro, F|100/100
|move|p1a: Barraskewda|Flip Turn|p2a: Slowbro
|-resisted|p2a: Slowbro
|-damage|p2a: Slowbro|79/100
|-damage|p1a: Barraskewda|84/100|[from] item: Rocky Helmet|[of] p2a: Slowbro
|
|t:|1666718560
|switch|p1a: Ferrothorn|Ferrothorn, F|100/100|[from]move: Flip Turn
|-damage|p1a: Ferrothorn|95/100|[from] Stealth Rock
|
|-weather|RainDance|[upkeep]
|-heal|p1a: Ferrothorn|100/100|[from] item: Leftovers
|upkeep
|turn|5
|
|t:|1666718573
|move|p1a: Ferrothorn|Knock Off|p2a: Slowbro
|-supereffective|p2a: Slowbro
|-damage|p2a: Slowbro|54/100
|-damage|p1a: Ferrothorn|84/100|[from] item: Rocky Helmet|[of] p2a: Slowbro
|-enditem|p2a: Slowbro|Rocky Helmet|[from] move: Knock Off|[of] p1a: Ferrothorn
|move|p2a: Slowbro|Teleport|p2a: Slowbro
|
|t:|1666718575
|switch|p2a: Blaziken|Blaziken, F|100/100|[from]move: Teleport
|
|-weather|RainDance|[upkeep]
|-heal|p1a: Ferrothorn|90/100|[from] item: Leftovers
|upkeep
|turn|6
|
|t:|1666718580
|switch|p1a: Barraskewda|Barraskewda, F|84/100
|-damage|p1a: Barraskewda|72/100|[from] Stealth Rock
|move|p2a: Blaziken|Swords Dance|p2a: Blaziken
|-boost|p2a: Blaziken|atk|2
|
|-weather|RainDance|[upkeep]
|-ability|p2a: Blaziken|Speed Boost|boost
|-boost|p2a: Blaziken|spe|1
|upkeep
|turn|7
|
|t:|1666718585
|move|p2a: Blaziken|Protect|p2a: Blaziken
|-singleturn|p2a: Blaziken|Protect
|move|p1a: Barraskewda|Flip Turn|p2a: Blaziken
|-activate|p2a: Blaziken|move: Protect
|
|-weather|RainDance|[upkeep]
|-ability|p2a: Blaziken|Speed Boost|boost
|-boost|p2a: Blaziken|spe|1
|upkeep
|turn|8
|
|t:|1666718599
|switch|p2a: Garchomp|Garchomp, M|74/100 brn
|move|p1a: Barraskewda|Flip Turn|p2a: Garchomp
|-damage|p2a: Garchomp|14/100 brn
|-damage|p1a: Barraskewda|60/100|[from] ability: Rough Skin|[of] p2a: Garchomp
|
|t:|1666718603
|switch|p1a: Inteleon|Inteleon, M|100/100|[from]move: Flip Turn
|-damage|p1a: Inteleon|88/100|[from] Stealth Rock
|
|-weather|none
|-heal|p2a: Garchomp|20/100 brn|[from] item: Leftovers
|-damage|p2a: Garchomp|14/100 brn|[from] brn
|upkeep
|turn|9
|
|t:|1666718608
|move|p1a: Inteleon|Snipe Shot|p2a: Garchomp
|-damage|p2a: Garchomp|0 fnt
|faint|p2a: Garchomp
|
|upkeep
|
|t:|1666718612
|switch|p2a: Rillaboom|Rillaboom, M|100/100
|-fieldstart|move: Grassy Terrain|[from] ability: Grassy Surge|[of] p2a: Rillaboom
|turn|10
|
|t:|1666718620
|switch|p1a: Corviknight|Corviknight, M|100/100
|-damage|p1a: Corviknight|88/100|[from] Stealth Rock
|-ability|p1a: Corviknight|Pressure
|move|p2a: Rillaboom|Swords Dance|p2a: Rillaboom
|-boost|p2a: Rillaboom|atk|2
|
|upkeep
|turn|11
|
|t:|1666718622
|move|p2a: Rillaboom|Knock Off|p1a: Corviknight
|-damage|p1a: Corviknight|45/100
|-damage|p2a: Rillaboom|84/100|[from] item: Rocky Helmet|[of] p1a: Corviknight
|-enditem|p1a: Corviknight|Rocky Helmet|[from] move: Knock Off|[of] p2a: Rillaboom
|move|p1a: Corviknight|Brave Bird|p2a: Rillaboom
|-supereffective|p2a: Rillaboom
|-damage|p2a: Rillaboom|20/100
|-damage|p1a: Corviknight|24/100|[from] Recoil
|
|-heal|p2a: Rillaboom|27/100|[from] Grassy Terrain
|-heal|p2a: Rillaboom|33/100|[from] item: Leftovers
|upkeep
|turn|12
|
|t:|1666718637
|switch|p1a: Pelipper|Pelipper, F|94/100 tox
|-damage|p1a: Pelipper|70/100 tox|[from] Stealth Rock
|-weather|RainDance|[from] ability: Drizzle|[of] p1a: Pelipper
|move|p2a: Rillaboom|Drain Punch|p1a: Pelipper
|-resisted|p1a: Pelipper
|-damage|p1a: Pelipper|49/100 tox
|-heal|p2a: Rillaboom|41/100|[from] drain|[of] p1a: Pelipper
|
|-weather|RainDance|[upkeep]
|-heal|p2a: Rillaboom|48/100|[from] Grassy Terrain
|-heal|p2a: Rillaboom|54/100|[from] item: Leftovers
|-damage|p1a: Pelipper|43/100 tox|[from] psn
|upkeep
|turn|13
|
|t:|1666718647
|move|p2a: Rillaboom|Grassy Glide|p1a: Pelipper
|-damage|p1a: Pelipper|0 fnt
|faint|p1a: Pelipper
|
|-weather|RainDance|[upkeep]
|-heal|p2a: Rillaboom|60/100|[from] Grassy Terrain
|-heal|p2a: Rillaboom|66/100|[from] item: Leftovers
|upkeep
|
|t:|1666718654
|switch|p1a: Inteleon|Inteleon, M|88/100
|-damage|p1a: Inteleon|76/100|[from] Stealth Rock
|turn|14
|
|t:|1666718664
|move|p2a: Rillaboom|Grassy Glide|p1a: Inteleon
|-supereffective|p1a: Inteleon
|-damage|p1a: Inteleon|0 fnt
|faint|p1a: Inteleon
|
|-weather|RainDance|[upkeep]
|-heal|p2a: Rillaboom|73/100|[from] Grassy Terrain
|-heal|p2a: Rillaboom|79/100|[from] item: Leftovers
|-fieldend|move: Grassy Terrain
|upkeep
|-message|toon arctozolt forfeited.
|
|win|MM AZALEA
|raw|toon arctozolt's rating: 1661 &rarr; <strong>1639</strong><br />(-22 for losing)
|raw|MM AZALEA's rating: 1631 &rarr; <strong>1653</strong><br />(+22 for winning)
|l|☆toon arctozolt
