|j|☆BeastyJ-Test
|j|☆BTLT007 SF'
|inactive|Battle timer is ON: inactive players will automatically lose when time's up.
|t:|1667857715
|gametype|singles
|player|p1|BeastyJ-Test|youngster-gen8|
|player|p2|BTLT007 SF'|palmer|
|teamsize|p1|6
|teamsize|p2|6
|gen|8
|tier|[Gen 8] OU
|rated|Tournament battle
|rule|Sleep Clause Mod: Limit one foe put to sleep
|rule|Species Clause: Limit one of each Pokémon
|rule|OHKO Clause: OHKO moves are banned
|rule|Evasion Items Clause: Evasion items are banned
|rule|Evasion Moves Clause: Evasion moves are banned
|rule|Endless Battle Clause: Forcing endless battles is banned
|rule|HP Percentage Mod: HP is shown in percentages
|rule|Dynamax Clause: You cannot dynamax
|clearpoke
|poke|p1|Aegislash, M|
|poke|p1|Urshifu-*, M|
|poke|p1|Tapu Lele|
|poke|p1|Garchomp, F|
|poke|p1|Tapu Bulu|
|poke|p1|Zapdos|
|poke|p2|Heatran, F|
|poke|p2|Zeraora|
|poke|p2|Tornadus-Therian, M|
|poke|p2|Urshifu-*, M|
|poke|p2|Weavile, M|
|poke|p2|Tapu Lele|
|teampreview
|inactive|BTLT007 SF' also wants the timer to be on.
|inactive|BeastyJ-Test also wants the timer to be on.
|j| IExistYouDont
|l| IExistYouDont
|inactive|BTLT007 SF' has 120 seconds left.
|
|t:|1667857756
|start
|switch|p1a: Aegislash|Aegislash, M|100/100
|switch|p2a: Scarfed|Weavile, M|100/100
|turn|1
|
|t:|1667857776
|switch|p1a: Urshifu|Urshifu-Rapid-Strike, M|100/100
|move|p2a: Scarfed|Knock Off|p1a: Urshifu
|-resisted|p1a: Urshifu
|-damage|p1a: Urshifu|74/100
|-enditem|p1a: Urshifu|Choice Band|[from] move: Knock Off|[of] p2a: Scarfed
|
|upkeep
|turn|2
|
|t:|1667857786
|switch|p2a: Banded|Urshifu-Rapid-Strike, M|100/100
|move|p1a: Urshifu|Surging Strikes|p2a: Banded
|-resisted|p2a: Banded
|-crit|p2a: Banded
|-damage|p2a: Banded|91/100
|-resisted|p2a: Banded
|-crit|p2a: Banded
|-damage|p2a: Banded|81/100
|-resisted|p2a: Banded
|-crit|p2a: Banded
|-damage|p2a: Banded|72/100
|-hitcount|p2a: Banded|3
|
|upkeep
|turn|3
|
|t:|1667857800
|switch|p1a: Tapu Bulu|Tapu Bulu|100/100
|-fieldstart|move: Grassy Terrain|[from] ability: Grassy Surge|[of] p1a: Tapu Bulu
|move|p2a: Banded|Surging Strikes|p1a: Tapu Bulu
|-resisted|p1a: Tapu Bulu
|-crit|p1a: Tapu Bulu
|-damage|p1a: Tapu Bulu|93/100
|-resisted|p1a: Tapu Bulu
|-crit|p1a: Tapu Bulu
|-damage|p1a: Tapu Bulu|85/100
|-resisted|p1a: Tapu Bulu
|-crit|p1a: Tapu Bulu
|-damage|p1a: Tapu Bulu|78/100
|-hitcount|p1a: Tapu Bulu|3
|
|-heal|p2a: Banded|79/100|[from] Grassy Terrain
|-heal|p1a: Tapu Bulu|84/100|[from] Grassy Terrain
|-heal|p1a: Tapu Bulu|90/100|[from] item: Leftovers
|upkeep
|turn|4
|
|t:|1667857809
|move|p2a: Banded|U-turn|p1a: Tapu Bulu
|-damage|p1a: Tapu Bulu|71/100
|
|t:|1667857815
|switch|p2a: Click fast|Tornadus-Therian, M|100/100|[from]move: U-turn
|move|p1a: Tapu Bulu|Toxic|p2a: Click fast|[miss]
|-miss|p1a: Tapu Bulu|p2a: Click fast
|
|-heal|p1a: Tapu Bulu|78/100|[from] Grassy Terrain
|-heal|p1a: Tapu Bulu|84/100|[from] item: Leftovers
|upkeep
|turn|5
|c|☆BeastyJ-Test|oh nice band
|
|t:|1667857831
|switch|p1a: Zapdos|Zapdos|100/100
|move|p2a: Click fast|Sludge Bomb|p1a: Zapdos
|-damage|p1a: Zapdos|74/100
|-status|p1a: Zapdos|psn
|
|-damage|p1a: Zapdos|62/100 psn|[from] psn
|upkeep
|turn|6
|c|☆BeastyJ-Test|wth
|
|t:|1667857845
|switch|p2a: No time for stall|Zeraora|100/100
|move|p1a: Zapdos|Heat Wave|p2a: No time for stall
|-damage|p2a: No time for stall|69/100
|
|-heal|p2a: No time for stall|75/100|[from] Grassy Terrain
|-damage|p1a: Zapdos|50/100 psn|[from] psn
|upkeep
|turn|7
|
|t:|1667857852
|switch|p1a: Garchomp|Garchomp, F|100/100
|move|p2a: No time for stall|Knock Off|p1a: Garchomp
|-damage|p1a: Garchomp|71/100
|-damage|p2a: No time for stall|63/100|[from] ability: Rough Skin|[of] p1a: Garchomp
|-enditem|p1a: Garchomp|Leftovers|[from] move: Knock Off|[of] p2a: No time for stall
|
|-heal|p2a: No time for stall|69/100|[from] Grassy Terrain
|-heal|p1a: Garchomp|77/100|[from] Grassy Terrain
|-fieldend|move: Grassy Terrain
|upkeep
|turn|8
|
|t:|1667857865
|move|p2a: No time for stall|Taunt|p1a: Garchomp
|-start|p1a: Garchomp|move: Taunt
|move|p1a: Garchomp|Earthquake|p2a: No time for stall
|-supereffective|p2a: No time for stall
|-damage|p2a: No time for stall|0 fnt
|faint|p2a: No time for stall
|
|upkeep
|
|t:|1667857875
|switch|p2a: Specsed|Tapu Lele|100/100
|-fieldstart|move: Psychic Terrain|[from] ability: Psychic Surge|[of] p2a: Specsed
|turn|9
|j| Xirizu
|
|t:|1667857891
|switch|p1a: Aegislash|Aegislash, M|100/100
|switch|p2a: Make it quick|Heatran, F|100/100
|-item|p2a: Make it quick|Air Balloon
|
|upkeep
|turn|10
|
|t:|1667857905
|switch|p1a: Zapdos|Zapdos|50/100 psn
|move|p2a: Make it quick|Magma Storm|p1a: Zapdos
|-damage|p1a: Zapdos|0 fnt
|faint|p1a: Zapdos
|
|upkeep
|
|t:|1667857910
|switch|p1a: Urshifu|Urshifu-Rapid-Strike, M|74/100
|turn|11
|
|t:|1667857919
|switch|p2a: Click fast|Tornadus-Therian, M|100/100
|move|p1a: Urshifu|Surging Strikes|p2a: Click fast
|-crit|p2a: Click fast
|-damage|p2a: Click fast|75/100
|-crit|p2a: Click fast
|-damage|p2a: Click fast|50/100
|-crit|p2a: Click fast
|-damage|p2a: Click fast|22/100
|-hitcount|p2a: Click fast|3
|
|upkeep
|turn|12
|
|t:|1667857939
|move|p2a: Click fast|Hurricane|p1a: Urshifu
|-supereffective|p1a: Urshifu
|-damage|p1a: Urshifu|0 fnt
|faint|p1a: Urshifu
|
|upkeep
|j| Datdude8
|
|t:|1667857946
|switch|p1a: Tapu Lele|Tapu Lele|100/100
|turn|13
|
|t:|1667857953
|move|p1a: Tapu Lele|Focus Blast|p2a: Click fast
|-resisted|p2a: Click fast
|-damage|p2a: Click fast|0 fnt
|faint|p2a: Click fast
|
|-fieldend|move: Psychic Terrain
|upkeep
|j| cypherstest
|
|t:|1667857979
|switch|p2a: Specsed|Tapu Lele|100/100
|-fieldstart|move: Psychic Terrain|[from] ability: Psychic Surge|[of] p2a: Specsed
|turn|14
|j| trace fluctuation
|
|t:|1667857990
|switch|p1a: Aegislash|Aegislash, M|100/100
|switch|p2a: Scarfed|Weavile, M|100/100
|
|upkeep
|turn|15
|
|t:|1667858015
|move|p1a: Aegislash|King's Shield|p1a: Aegislash
|-singleturn|p1a: Aegislash|Protect
|move|p2a: Scarfed|Knock Off|p1a: Aegislash
|-activate|p1a: Aegislash|move: Protect
|-unboost|p2a: Scarfed|atk|1
|
|upkeep
|turn|16
|inactive|BeastyJ-Test has 120 seconds left.
|
|t:|1667858031
|switch|p2a: Make it quick|Heatran, F|100/100
|-item|p2a: Make it quick|Air Balloon
|switch|p1a: Garchomp|Garchomp, F|77/100
|
|upkeep
|turn|17
|
|t:|1667858041
|move|p1a: Garchomp|Scale Shot|p2a: Make it quick
|-resisted|p2a: Make it quick
|-damage|p2a: Make it quick|94/100
|-enditem|p2a: Make it quick|Air Balloon
|-resisted|p2a: Make it quick
|-damage|p2a: Make it quick|87/100
|-resisted|p2a: Make it quick
|-damage|p2a: Make it quick|81/100
|-resisted|p2a: Make it quick
|-damage|p2a: Make it quick|74/100
|-resisted|p2a: Make it quick
|-crit|p2a: Make it quick
|-damage|p2a: Make it quick|63/100
|-hitcount|p2a: Make it quick|5
|-unboost|p1a: Garchomp|def|1
|-boost|p1a: Garchomp|spe|1
|move|p2a: Make it quick|Stealth Rock|p1a: Garchomp
|-sidestart|p1: BeastyJ-Test|move: Stealth Rock
|
|upkeep
|turn|18
|
|t:|1667858048
|switch|p2a: Banded|Urshifu-Rapid-Strike, M|79/100
|move|p1a: Garchomp|Earthquake|p2a: Banded
|-damage|p2a: Banded|27/100
|
|-fieldend|move: Psychic Terrain
|upkeep
|turn|19
|
|t:|1667858060
|switch|p1a: Tapu Bulu|Tapu Bulu|84/100
|-damage|p1a: Tapu Bulu|71/100|[from] Stealth Rock
|-fieldstart|move: Grassy Terrain|[from] ability: Grassy Surge|[of] p1a: Tapu Bulu
|move|p2a: Banded|Surging Strikes|p1a: Tapu Bulu
|-resisted|p1a: Tapu Bulu
|-crit|p1a: Tapu Bulu
|-damage|p1a: Tapu Bulu|64/100
|-resisted|p1a: Tapu Bulu
|-crit|p1a: Tapu Bulu
|-damage|p1a: Tapu Bulu|57/100
|-resisted|p1a: Tapu Bulu
|-crit|p1a: Tapu Bulu
|-damage|p1a: Tapu Bulu|49/100
|-hitcount|p1a: Tapu Bulu|3
|
|-heal|p2a: Banded|33/100|[from] Grassy Terrain
|-heal|p1a: Tapu Bulu|55/100|[from] Grassy Terrain
|-heal|p1a: Tapu Bulu|62/100|[from] item: Leftovers
|upkeep
|turn|20
|
|t:|1667858066
|move|p2a: Banded|U-turn|p1a: Tapu Bulu
|-damage|p1a: Tapu Bulu|43/100
|
|t:|1667858077
|switch|p2a: Specsed|Tapu Lele|100/100|[from]move: U-turn
|-fieldstart|move: Psychic Terrain|[from] ability: Psychic Surge|[of] p2a: Specsed
|move|p1a: Tapu Bulu|Close Combat|p2a: Specsed
|-resisted|p2a: Specsed
|-damage|p2a: Specsed|87/100
|-unboost|p1a: Tapu Bulu|def|1
|-unboost|p1a: Tapu Bulu|spd|1
|
|-heal|p1a: Tapu Bulu|49/100|[from] item: Leftovers
|upkeep
|turn|21
|
|t:|1667858087
|move|p2a: Specsed|Psychic|p1a: Tapu Bulu
|-damage|p1a: Tapu Bulu|0 fnt
|faint|p1a: Tapu Bulu
|
|upkeep
|
|t:|1667858096
|switch|p1a: Aegislash|Aegislash, M|100/100
|-damage|p1a: Aegislash|94/100|[from] Stealth Rock
|turn|22
|
|t:|1667858102
|switch|p1a: Garchomp|Garchomp, F|77/100
|-damage|p1a: Garchomp|71/100|[from] Stealth Rock
|move|p2a: Specsed|Psychic|p1a: Garchomp
|-damage|p1a: Garchomp|0 fnt
|faint|p1a: Garchomp
|
|upkeep
|
|t:|1667858111
|switch|p1a: Aegislash|Aegislash, M|94/100
|-damage|p1a: Aegislash|88/100|[from] Stealth Rock
|turn|23
|
|t:|1667858118
|move|p2a: Specsed|Psychic|p1a: Aegislash
|-resisted|p1a: Aegislash
|-damage|p1a: Aegislash|63/100
|-formechange|p1a: Aegislash|Aegislash-Blade||[from] ability: Stance Change
|move|p1a: Aegislash|Shadow Ball|p2a: Specsed
|-supereffective|p2a: Specsed
|-damage|p2a: Specsed|6/100
|
|-heal|p1a: Aegislash|70/100|[from] item: Leftovers
|upkeep
|turn|24
|
|t:|1667858121
|-formechange|p1a: Aegislash|Aegislash||[from] ability: Stance Change
|move|p1a: Aegislash|King's Shield|p1a: Aegislash
|-singleturn|p1a: Aegislash|Protect
|move|p2a: Specsed|Psychic|p1a: Aegislash
|-activate|p1a: Aegislash|move: Protect
|
|-heal|p1a: Aegislash|76/100|[from] item: Leftovers
|-fieldend|move: Psychic Terrain
|upkeep
|turn|25
|
|t:|1667858130
|move|p2a: Specsed|Psychic|p1a: Aegislash
|-resisted|p1a: Aegislash
|-damage|p1a: Aegislash|60/100
|move|p1a: Aegislash|Substitute|p1a: Aegislash
|-start|p1a: Aegislash|Substitute
|-damage|p1a: Aegislash|35/100
|
|-heal|p1a: Aegislash|42/100|[from] item: Leftovers
|upkeep
|turn|26
|
|t:|1667858137
|move|p1a: Aegislash|King's Shield|p1a: Aegislash
|-singleturn|p1a: Aegislash|Protect
|move|p2a: Specsed|Taunt|p1a: Aegislash
|-start|p1a: Aegislash|move: Taunt
|
|-heal|p1a: Aegislash|48/100|[from] item: Leftovers
|upkeep
|turn|27
|
|t:|1667858142
|move|p2a: Specsed|Psyshock|p1a: Aegislash
|-resisted|p1a: Aegislash
|-activate|p1a: Aegislash|move: Substitute|[damage]
|-formechange|p1a: Aegislash|Aegislash-Blade||[from] ability: Stance Change
|move|p1a: Aegislash|Shadow Ball|p2a: Specsed
|-supereffective|p2a: Specsed
|-damage|p2a: Specsed|0 fnt
|faint|p2a: Specsed
|
|-heal|p1a: Aegislash|54/100|[from] item: Leftovers
|upkeep
|
|t:|1667858146
|switch|p2a: Make it quick|Heatran, F|63/100
|turn|28
|
|t:|1667858148
|move|p2a: Make it quick|Earth Power|p1a: Aegislash
|-supereffective|p1a: Aegislash
|-end|p1a: Aegislash|Substitute
|move|p1a: Aegislash|Shadow Ball|p2a: Make it quick
|-damage|p2a: Make it quick|25/100
|-unboost|p2a: Make it quick|spd|1
|
|-heal|p1a: Aegislash|60/100|[from] item: Leftovers
|upkeep
|turn|29
|
|t:|1667858166
|switch|p1a: Tapu Lele|Tapu Lele|100/100
|-damage|p1a: Tapu Lele|88/100|[from] Stealth Rock
|-fieldstart|move: Psychic Terrain|[from] ability: Psychic Surge|[of] p1a: Tapu Lele
|move|p2a: Make it quick|Earth Power|p1a: Tapu Lele
|-damage|p1a: Tapu Lele|54/100
|
|upkeep
|turn|30
|c|☆BeastyJ-Test|time to get my focus blast hax on
|l| Xirizu
|c|☆BTLT007 SF'|I would win regardless
|inactive|BTLT007 SF' has 120 seconds left.
|c|☆BeastyJ-Test|how
|c|☆BeastyJ-Test|ru scarf weavile
|c|☆BeastyJ-Test|dang
|c|☆BeastyJ-Test|fp ig
|
|t:|1667858219
|move|p1a: Tapu Lele|Focus Blast|p2a: Make it quick|[miss]
|-miss|p1a: Tapu Lele|p2a: Make it quick
|move|p2a: Make it quick|Earth Power|p1a: Tapu Lele
|-damage|p1a: Tapu Lele|21/100
|
|upkeep
|turn|31
|
|t:|1667858223
|move|p1a: Tapu Lele|Focus Blast|p2a: Make it quick
|-supereffective|p2a: Make it quick
|-damage|p2a: Make it quick|0 fnt
|faint|p2a: Make it quick
|
|upkeep
|
|t:|1667858226
|switch|p2a: Scarfed|Weavile, M|100/100
|turn|32
|inactive|BTLT007 SF' has 120 seconds left.
|
|t:|1667858239
|move|p1a: Tapu Lele|Focus Blast|p2a: Scarfed|[miss]
|-miss|p1a: Tapu Lele|p2a: Scarfed
|move|p2a: Scarfed|Knock Off|p1a: Tapu Lele
|-crit|p1a: Tapu Lele
|-damage|p1a: Tapu Lele|0 fnt
|-enditem|p1a: Tapu Lele|Choice Scarf|[from] move: Knock Off|[of] p2a: Scarfed
|faint|p1a: Tapu Lele
|
|upkeep
|c|☆BeastyJ-Test|f
|c|☆BTLT007 SF'|I'm focus sash
|c|☆BTLT007 SF'|dx
|c|☆BTLT007 SF'|dw
|c|☆BeastyJ-Test|ah
|
|t:|1667858254
|switch|p1a: Aegislash|Aegislash, M|60/100
|-damage|p1a: Aegislash|54/100|[from] Stealth Rock
|turn|33
|c|☆BTLT007 SF'|it's focus sash pickpocket
|
|t:|1667858266
|move|p2a: Scarfed|Knock Off|p1a: Aegislash
|-supereffective|p1a: Aegislash
|-damage|p1a: Aegislash|0 fnt
|-enditem|p1a: Aegislash|Leftovers|[from] move: Knock Off|[of] p2a: Scarfed
|faint|p1a: Aegislash
|
|win|BTLT007 SF'
|n|☆BeastyJ-Test|beastyjtest
|n|☆BTLT007 SF'|btlt007sf
|n| Datdude8|datdude8
|n| cypherstest|cypherstest
|n| trace fluctuation|tracefluctuation
