|raw|<div class="broadcast-blue"><strong>This battle is required to be public due to a player having a name starting with 'btlt200'.</div>
|j|☆Sleepdrawing
|j|☆BTLT200$ SF'
|t:|1667827803
|gametype|singles
|player|p1|Sleepdrawing|lillie|1794
|player|p2|BTLT200$ SF'|palmer|1794
|teamsize|p1|6
|teamsize|p2|6
|gen|8
|tier|[Gen 8] OU
|rated|
|rule|Sleep Clause Mod: Limit one foe put to sleep
|rule|Species Clause: Limit one of each Pokémon
|rule|OHKO Clause: OHKO moves are banned
|rule|Evasion Items Clause: Evasion items are banned
|rule|Evasion Moves Clause: Evasion moves are banned
|rule|Endless Battle Clause: Forcing endless battles is banned
|rule|HP Percentage Mod: HP is shown in percentages
|rule|Dynamax Clause: You cannot dynamax
|clearpoke
|poke|p1|Rillaboom, F|
|poke|p1|Blaziken, M|
|poke|p1|Slowbro, M|
|poke|p1|Hippowdon, M|
|poke|p1|Tapu Fini|
|poke|p1|Corviknight, M|
|poke|p2|Corviknight, M|
|poke|p2|Tornadus-Therian, M|
|poke|p2|Toxapex, F|
|poke|p2|Clefable, F|
|poke|p2|Hippowdon, M|
|poke|p2|Heatran, M|
|teampreview
|inactive|Battle timer is ON: inactive players will automatically lose when time's up. (requested by BTLT200$ SF')
|
|t:|1667827823
|start
|switch|p1a: Tapu Fini|Tapu Fini, shiny|100/100
|switch|p2a: Tornadus|Tornadus-Therian, M|100/100
|-fieldstart|move: Misty Terrain|[from] ability: Misty Surge|[of] p1a: Tapu Fini
|turn|1
|
|t:|1667827838
|switch|p2a: Toxapex|Toxapex, F|100/100
|move|p1a: Tapu Fini|Ice Beam|p2a: Toxapex
|-resisted|p2a: Toxapex
|-crit|p2a: Toxapex
|-damage|p2a: Toxapex|87/100
|
|upkeep
|turn|2
|
|t:|1667827847
|switch|p1a: Corviknight|Corviknight, M|100/100
|-ability|p1a: Corviknight|Pressure
|move|p2a: Toxapex|Scald|p1a: Corviknight
|-damage|p1a: Corviknight|85/100
|
|-heal|p1a: Corviknight|92/100|[from] item: Leftovers
|upkeep
|turn|3
|
|t:|1667827858
|move|p1a: Corviknight|Body Press|p2a: Toxapex
|-resisted|p2a: Toxapex
|-damage|p2a: Toxapex|78/100
|move|p2a: Toxapex|Scald|p1a: Corviknight
|-damage|p1a: Corviknight|78/100
|
|-heal|p1a: Corviknight|84/100|[from] item: Leftovers
|upkeep
|turn|4
|
|t:|1667827867
|switch|p1a: Slowbro|Slowbro, M|100/100
|move|p2a: Toxapex|Scald|p1a: Slowbro
|-resisted|p1a: Slowbro
|-damage|p1a: Slowbro|93/100
|
|upkeep
|turn|5
|
|t:|1667827873
|move|p2a: Toxapex|Light Screen|p2a: Toxapex
|-sidestart|p2: BTLT200$ SF'|move: Light Screen
|move|p1a: Slowbro|Future Sight|p2a: Toxapex
|-start|p1a: Slowbro|move: Future Sight
|
|-fieldend|Misty Terrain
|upkeep
|turn|6
|
|t:|1667827877
|move|p2a: Toxapex|Toxic|p1a: Slowbro
|-status|p1a: Slowbro|tox
|move|p1a: Slowbro|Scald|p2a: Toxapex
|-resisted|p2a: Toxapex
|-damage|p2a: Toxapex|74/100
|
|-damage|p1a: Slowbro|87/100 tox|[from] psn
|upkeep
|turn|7
|
|t:|1667827884
|switch|p2a: Tornadus|Tornadus-Therian, M|100/100
|move|p1a: Slowbro|Scald|p2a: Tornadus
|-damage|p2a: Tornadus|86/100
|
|-end|p2a: Tornadus|move: Future Sight
|-damage|p2a: Tornadus|66/100
|-damage|p1a: Slowbro|74/100 tox|[from] psn
|upkeep
|turn|8
|j| gold bottle
|
|t:|1667827888
|switch|p1a: Corviknight|Corviknight, M|84/100
|-ability|p1a: Corviknight|Pressure
|move|p2a: Tornadus|Knock Off|p1a: Corviknight
|-damage|p1a: Corviknight|71/100
|-enditem|p1a: Corviknight|Leftovers|[from] move: Knock Off|[of] p2a: Tornadus
|
|upkeep
|turn|9
|
|t:|1667827895
|move|p2a: Tornadus|Heat Wave|p1a: Corviknight|[miss]
|-miss|p2a: Tornadus|p1a: Corviknight
|move|p1a: Corviknight|Roost|p1a: Corviknight
|-heal|p1a: Corviknight|100/100
|-singleturn|p1a: Corviknight|move: Roost
|
|-sideend|p2: BTLT200$ SF'|move: Light Screen
|upkeep
|turn|10
|j| susudjs djdj
|
|t:|1667827917
|move|p2a: Tornadus|Heat Wave|p1a: Corviknight
|-supereffective|p1a: Corviknight
|-damage|p1a: Corviknight|60/100
|move|p1a: Corviknight|Body Press|p2a: Tornadus
|-resisted|p2a: Tornadus
|-damage|p2a: Tornadus|53/100
|-damage|p1a: Corviknight|43/100|[from] item: Rocky Helmet|[of] p2a: Tornadus
|
|upkeep
|turn|11
|
|t:|1667827922
|move|p2a: Tornadus|Heat Wave|p1a: Corviknight
|-supereffective|p1a: Corviknight
|-damage|p1a: Corviknight|1/100
|move|p1a: Corviknight|Roost|p1a: Corviknight
|-heal|p1a: Corviknight|51/100
|-singleturn|p1a: Corviknight|move: Roost
|
|upkeep
|turn|12
|
|t:|1667827929
|switch|p2a: Toxapex|Toxapex, F|100/100
|move|p1a: Corviknight|Roost|p1a: Corviknight
|-heal|p1a: Corviknight|100/100
|-singleturn|p1a: Corviknight|move: Roost
|
|upkeep
|turn|13
|j| wzt123
|
|t:|1667827938
|switch|p1a: Slowbro|Slowbro, M|100/100 tox
|switch|p2a: Tornadus|Tornadus-Therian, M|86/100
|
|-damage|p1a: Slowbro|94/100 tox|[from] psn
|upkeep
|turn|14
|
|t:|1667827945
|switch|p2a: Toxapex|Toxapex, F|100/100
|switch|p1a: Corviknight|Corviknight, M|100/100
|-ability|p1a: Corviknight|Pressure
|
|upkeep
|turn|15
|
|t:|1667827948
|switch|p1a: Slowbro|Slowbro, M|100/100 tox
|move|p2a: Toxapex|Scald|p1a: Slowbro
|-resisted|p1a: Slowbro
|-damage|p1a: Slowbro|92/100 tox
|
|-damage|p1a: Slowbro|86/100 tox|[from] psn
|upkeep
|turn|16
|c| wzt123|貌似能进来
|
|t:|1667827955
|move|p2a: Toxapex|Light Screen|p2a: Toxapex
|-sidestart|p2: BTLT200$ SF'|move: Light Screen
|move|p1a: Slowbro|Future Sight|p2a: Toxapex
|-start|p1a: Slowbro|move: Future Sight
|
|-damage|p1a: Slowbro|74/100 tox|[from] psn
|upkeep
|turn|17
|
|t:|1667827961
|switch|p2a: Tornadus|Tornadus-Therian, M|100/100
|move|p1a: Slowbro|Scald|p2a: Tornadus
|-damage|p2a: Tornadus|85/100
|
|-damage|p1a: Slowbro|55/100 tox|[from] psn
|upkeep
|turn|18
|
|t:|1667827969
|switch|p1a: Corviknight|Corviknight, M|100/100
|-ability|p1a: Corviknight|Pressure
|move|p2a: Tornadus|Knock Off|p1a: Corviknight
|-damage|p1a: Corviknight|92/100
|
|-end|p2a: Tornadus|move: Future Sight
|-damage|p2a: Tornadus|63/100
|upkeep
|turn|19
|
|t:|1667827975
|move|p2a: Tornadus|Knock Off|p1a: Corviknight
|-damage|p1a: Corviknight|83/100
|move|p1a: Corviknight|Iron Defense|p1a: Corviknight
|-boost|p1a: Corviknight|def|2
|
|upkeep
|turn|20
|j| badslowking
|
|t:|1667827982
|switch|p2a: Toxapex|Toxapex, F|100/100
|move|p1a: Corviknight|Roost|p1a: Corviknight
|-heal|p1a: Corviknight|100/100
|-singleturn|p1a: Corviknight|move: Roost
|
|-sideend|p2: BTLT200$ SF'|move: Light Screen
|upkeep
|turn|21
|
|t:|1667827990
|switch|p1a: Slowbro|Slowbro, M|89/100 tox
|move|p2a: Toxapex|Light Screen|p2a: Toxapex
|-sidestart|p2: BTLT200$ SF'|move: Light Screen
|
|-damage|p1a: Slowbro|82/100 tox|[from] psn
|upkeep
|turn|22
|
|t:|1667827995
|switch|p2a: Tornadus|Tornadus-Therian, M|96/100
|move|p1a: Slowbro|Scald|p2a: Tornadus
|-damage|p2a: Tornadus|83/100
|-status|p2a: Tornadus|brn
|
|-damage|p1a: Slowbro|70/100 tox|[from] psn
|-damage|p2a: Tornadus|76/100 brn|[from] brn
|upkeep
|turn|23
|j| Jongruenwald
|
|t:|1667828002
|switch|p1a: Corviknight|Corviknight, M|100/100
|-ability|p1a: Corviknight|Pressure
|move|p2a: Tornadus|Knock Off|p1a: Corviknight
|-damage|p1a: Corviknight|96/100
|
|-damage|p2a: Tornadus|70/100 brn|[from] brn
|upkeep
|turn|24
|
|t:|1667828008
|switch|p2a: Hippowdon|Hippowdon, M|100/100
|-weather|Sandstorm|[from] ability: Sand Stream|[of] p2a: Hippowdon
|move|p1a: Corviknight|Iron Defense|p1a: Corviknight
|-boost|p1a: Corviknight|def|2
|
|-weather|Sandstorm|[upkeep]
|upkeep
|turn|25
|
|t:|1667828014
|move|p1a: Corviknight|Iron Defense|p1a: Corviknight
|-boost|p1a: Corviknight|def|2
|move|p2a: Hippowdon|Toxic|p1a: Corviknight
|-immune|p1a: Corviknight
|
|-weather|Sandstorm|[upkeep]
|-sideend|p2: BTLT200$ SF'|move: Light Screen
|upkeep
|turn|26
|j| wistwind
|
|t:|1667828021
|switch|p2a: Clefable|Clefable, F|100/100
|move|p1a: Corviknight|Iron Defense|p1a: Corviknight
|-boost|p1a: Corviknight|def|2
|
|-weather|Sandstorm|[upkeep]
|-damage|p2a: Clefable|94/100|[from] Sandstorm
|-heal|p2a: Clefable|100/100|[from] item: Leftovers
|upkeep
|turn|27
|l| Jongruenwald
|j| tsuna114514
|
|t:|1667828049
|switch|p1a: Hippowdon|Hippowdon, M|100/100
|switch|p2a: Tornadus|Tornadus-Therian, M|100/100 brn
|
|-weather|Sandstorm|[upkeep]
|-damage|p2a: Tornadus|94/100 brn|[from] Sandstorm
|-damage|p2a: Tornadus|88/100 brn|[from] brn
|upkeep
|turn|28
|
|t:|1667828066
|switch|p1a: Corviknight|Corviknight, M|96/100
|-ability|p1a: Corviknight|Pressure
|move|p2a: Tornadus|Knock Off|p1a: Corviknight
|-damage|p1a: Corviknight|92/100
|
|-weather|none
|-damage|p2a: Tornadus|82/100 brn|[from] brn
|upkeep
|turn|29
|
|t:|1667828073
|switch|p2a: Hippowdon|Hippowdon, M|100/100
|-weather|Sandstorm|[from] ability: Sand Stream|[of] p2a: Hippowdon
|move|p1a: Corviknight|Body Press|p2a: Hippowdon
|-damage|p2a: Hippowdon|81/100
|
|-weather|Sandstorm|[upkeep]
|-heal|p2a: Hippowdon|88/100|[from] item: Leftovers
|upkeep
|turn|30
|
|t:|1667828082
|switch|p1a: Tapu Fini|Tapu Fini, shiny|100/100
|-fieldstart|move: Misty Terrain|[from] ability: Misty Surge|[of] p1a: Tapu Fini
|move|p2a: Hippowdon|Stealth Rock|p1a: Tapu Fini
|-sidestart|p1: Sleepdrawing|move: Stealth Rock
|
|-weather|Sandstorm|[upkeep]
|-damage|p1a: Tapu Fini|94/100|[from] Sandstorm
|-heal|p2a: Hippowdon|94/100|[from] item: Leftovers
|upkeep
|turn|31
|j| Jeja
|j| Jongruenwald
|
|t:|1667828089
|switch|p2a: Toxapex|Toxapex, F|100/100
|move|p1a: Tapu Fini|Trick|p2a: Toxapex
|-activate|p1a: Tapu Fini|move: Trick|[of] p2a: Toxapex
|-item|p2a: Toxapex|Choice Scarf|[from] move: Trick
|-item|p1a: Tapu Fini|Shed Shell|[from] move: Trick
|
|-weather|Sandstorm|[upkeep]
|-damage|p1a: Tapu Fini|88/100|[from] Sandstorm
|-damage|p2a: Toxapex|94/100|[from] Sandstorm
|upkeep
|turn|32
|j| fightomato
|
|t:|1667828097
|switch|p1a: Corviknight|Corviknight, M|92/100
|-damage|p1a: Corviknight|80/100|[from] Stealth Rock
|-ability|p1a: Corviknight|Pressure
|move|p2a: Toxapex|Scald|p1a: Corviknight
|-damage|p1a: Corviknight|66/100
|-status|p1a: Corviknight|brn
|
|-weather|Sandstorm|[upkeep]
|-damage|p2a: Toxapex|88/100|[from] Sandstorm
|-damage|p1a: Corviknight|60/100 brn|[from] brn
|upkeep
|turn|33
|
|t:|1667828105
|switch|p2a: Corviknight|Corviknight, M|100/100
|-ability|p2a: Corviknight|Pressure
|move|p1a: Corviknight|Defog|p2a: Corviknight
|-unboost|p2a: Corviknight|evasion|1
|-sideend|p1: Sleepdrawing|Stealth Rock|[from] move: Defog|[of] p1a: Corviknight
|-fieldend|Misty Terrain
|
|-weather|none
|-damage|p1a: Corviknight|53/100 brn|[from] brn
|upkeep
|turn|34
|
|t:|1667828116
|move|p1a: Corviknight|Roost|p1a: Corviknight
|-heal|p1a: Corviknight|100/100 brn
|-singleturn|p1a: Corviknight|move: Roost
|move|p2a: Corviknight|U-turn|p1a: Corviknight
|-resisted|p1a: Corviknight
|-damage|p1a: Corviknight|96/100 brn
|
|t:|1667828121
|switch|p2a: Heatran|Heatran, M|100/100|[from]move: U-turn
|-item|p2a: Heatran|Air Balloon
|
|-damage|p1a: Corviknight|90/100 brn|[from] brn
|upkeep
|turn|35
|
|t:|1667828127
|switch|p1a: Tapu Fini|Tapu Fini, shiny|88/100
|-fieldstart|move: Misty Terrain|[from] ability: Misty Surge|[of] p1a: Tapu Fini
|move|p2a: Heatran|Magma Storm|p1a: Tapu Fini|[miss]
|-miss|p2a: Heatran|p1a: Tapu Fini
|
|upkeep
|turn|36
|l| gold bottle
|
|t:|1667828134
|switch|p2a: Toxapex|Toxapex, F|100/100
|move|p1a: Tapu Fini|Hydro Pump|p2a: Toxapex
|-resisted|p2a: Toxapex
|-damage|p2a: Toxapex|86/100
|
|upkeep
|turn|37
|
|t:|1667828144
|switch|p1a: Slowbro|Slowbro, M|100/100 tox
|move|p2a: Toxapex|Light Screen|p2a: Toxapex
|-sidestart|p2: BTLT200$ SF'|move: Light Screen
|
|-damage|p1a: Slowbro|94/100 tox|[from] psn
|upkeep
|turn|38
|
|t:|1667828151
|switch|p2a: Tornadus|Tornadus-Therian, M|100/100 brn
|move|p1a: Slowbro|Future Sight|p2a: Tornadus
|-start|p1a: Slowbro|move: Future Sight
|
|-damage|p1a: Slowbro|82/100 tox|[from] psn
|-damage|p2a: Tornadus|94/100 brn|[from] brn
|upkeep
|turn|39
|c| fightomato|吧老师加油慢慢打赢了k8!!
|
|t:|1667828164
|switch|p1a: Corviknight|Corviknight, M|90/100 brn
|-ability|p1a: Corviknight|Pressure
|move|p2a: Tornadus|Knock Off|p1a: Corviknight
|-damage|p1a: Corviknight|86/100 brn
|
|-damage|p2a: Tornadus|88/100 brn|[from] brn
|-damage|p1a: Corviknight|79/100 brn|[from] brn
|-fieldend|Misty Terrain
|upkeep
|turn|40
|
|t:|1667828173
|switch|p2a: Hippowdon|Hippowdon, M|94/100
|-weather|Sandstorm|[from] ability: Sand Stream|[of] p2a: Hippowdon
|move|p1a: Corviknight|Roost|p1a: Corviknight
|-heal|p1a: Corviknight|100/100 brn
|-singleturn|p1a: Corviknight|move: Roost
|
|-weather|Sandstorm|[upkeep]
|-end|p2a: Hippowdon|move: Future Sight
|-damage|p2a: Hippowdon|78/100
|-heal|p2a: Hippowdon|84/100|[from] item: Leftovers
|-damage|p1a: Corviknight|94/100 brn|[from] brn
|upkeep
|turn|41
|
|t:|1667828181
|move|p1a: Corviknight|Iron Defense|p1a: Corviknight
|-boost|p1a: Corviknight|def|2
|move|p2a: Hippowdon|Toxic||[still]
|-fail|p2a: Hippowdon
|
|-weather|Sandstorm|[upkeep]
|-heal|p2a: Hippowdon|90/100|[from] item: Leftovers
|-damage|p1a: Corviknight|88/100 brn|[from] brn
|-sideend|p2: BTLT200$ SF'|move: Light Screen
|upkeep
|turn|42
|
|t:|1667828185
|move|p1a: Corviknight|Body Press|p2a: Hippowdon
|-damage|p2a: Hippowdon|71/100
|move|p2a: Hippowdon|Stealth Rock|p1a: Corviknight
|-sidestart|p1: Sleepdrawing|move: Stealth Rock
|
|-weather|Sandstorm|[upkeep]
|-heal|p2a: Hippowdon|78/100|[from] item: Leftovers
|-damage|p1a: Corviknight|82/100 brn|[from] brn
|upkeep
|turn|43
|
|t:|1667828189
|switch|p2a: Corviknight|Corviknight, M|100/100
|-ability|p2a: Corviknight|Pressure
|move|p1a: Corviknight|Defog|p2a: Corviknight
|-unboost|p2a: Corviknight|evasion|1
|-sideend|p1: Sleepdrawing|Stealth Rock|[from] move: Defog|[of] p1a: Corviknight
|
|-weather|Sandstorm|[upkeep]
|-damage|p1a: Corviknight|75/100 brn|[from] brn
|upkeep
|turn|44
|j| sleepboking
|
|t:|1667828194
|move|p1a: Corviknight|Roost|p1a: Corviknight
|-heal|p1a: Corviknight|100/100 brn
|-singleturn|p1a: Corviknight|move: Roost
|move|p2a: Corviknight|U-turn|p1a: Corviknight
|-resisted|p1a: Corviknight
|-damage|p1a: Corviknight|98/100 brn
|
|t:|1667828196
|switch|p2a: Hippowdon|Hippowdon, M|78/100|[from]move: U-turn
|
|-weather|none
|-heal|p2a: Hippowdon|84/100|[from] item: Leftovers
|-damage|p1a: Corviknight|92/100 brn|[from] brn
|upkeep
|turn|45
|
|t:|1667828212
|switch|p1a: Tapu Fini|Tapu Fini, shiny|88/100
|-fieldstart|move: Misty Terrain|[from] ability: Misty Surge|[of] p1a: Tapu Fini
|switch|p2a: Corviknight|Corviknight, M|100/100
|-ability|p2a: Corviknight|Pressure
|
|upkeep
|turn|46
|
|t:|1667828220
|switch|p1a: Rillaboom|Rillaboom, F|100/100
|-fieldstart|move: Grassy Terrain|[from] ability: Grassy Surge|[of] p1a: Rillaboom
|switch|p2a: Toxapex|Toxapex, F|100/100
|
|upkeep
|turn|47
|
|t:|1667828223
|switch|p2a: Tornadus|Tornadus-Therian, M|100/100 brn
|move|p1a: Rillaboom|Swords Dance|p1a: Rillaboom
|-boost|p1a: Rillaboom|atk|2
|
|-damage|p2a: Tornadus|94/100 brn|[from] brn
|upkeep
|turn|48
|
|t:|1667828229
|move|p2a: Tornadus|Knock Off|p1a: Rillaboom
|-damage|p1a: Rillaboom|91/100
|-enditem|p1a: Rillaboom|Leftovers|[from] move: Knock Off|[of] p2a: Tornadus
|move|p1a: Rillaboom|Knock Off|p2a: Tornadus
|-damage|p2a: Tornadus|18/100 brn
|-damage|p1a: Rillaboom|74/100|[from] item: Rocky Helmet|[of] p2a: Tornadus
|-enditem|p2a: Tornadus|Rocky Helmet|[from] move: Knock Off|[of] p1a: Rillaboom
|
|-heal|p1a: Rillaboom|80/100|[from] Grassy Terrain
|-damage|p2a: Tornadus|12/100 brn|[from] brn
|upkeep
|turn|49
|
|t:|1667828236
|switch|p2a: Clefable|Clefable, F|100/100
|move|p1a: Rillaboom|Grassy Glide|p2a: Clefable
|-crit|p2a: Clefable
|-damage|p2a: Clefable|44/100
|
|-heal|p1a: Rillaboom|87/100|[from] Grassy Terrain
|-heal|p2a: Clefable|50/100|[from] Grassy Terrain
|-heal|p2a: Clefable|56/100|[from] item: Leftovers
|upkeep
|turn|50
|
|t:|1667828243
|move|p1a: Rillaboom|Knock Off|p2a: Clefable
|-resisted|p2a: Clefable
|-damage|p2a: Clefable|42/100
|-enditem|p2a: Clefable|Leftovers|[from] move: Knock Off|[of] p1a: Rillaboom
|move|p2a: Clefable|Soft-Boiled|p2a: Clefable
|-heal|p2a: Clefable|92/100
|
|-heal|p1a: Rillaboom|93/100|[from] Grassy Terrain
|-heal|p2a: Clefable|98/100|[from] Grassy Terrain
|-fieldend|move: Grassy Terrain
|upkeep
|turn|51
|j| xasahbae
|l| sleepboking
|
|t:|1667828254
|switch|p1a: Hippowdon|Hippowdon, M|100/100
|-weather|Sandstorm|[from] ability: Sand Stream|[of] p1a: Hippowdon
|move|p2a: Clefable|Aromatherapy|p2a: Clefable
|-activate|p2a: Clefable|move: Aromatherapy
|-curestatus|p2: Tornadus|brn|[msg]
|
|-weather|Sandstorm|[upkeep]
|-damage|p2a: Clefable|92/100|[from] Sandstorm
|upkeep
|turn|52
|
|t:|1667828263
|switch|p2a: Corviknight|Corviknight, M|100/100
|-ability|p2a: Corviknight|Pressure
|move|p1a: Hippowdon|Stealth Rock|p2a: Corviknight
|-sidestart|p2: BTLT200$ SF'|move: Stealth Rock
|
|-weather|Sandstorm|[upkeep]
|upkeep
|turn|53
|j| thisgameissobatman
|
|t:|1667828276
|switch|p1a: Tapu Fini|Tapu Fini, shiny|88/100
|-fieldstart|move: Misty Terrain|[from] ability: Misty Surge|[of] p1a: Tapu Fini
|move|p2a: Corviknight|Defog|p1a: Tapu Fini
|-unboost|p1a: Tapu Fini|evasion|1
|-sideend|p2: BTLT200$ SF'|Stealth Rock|[from] move: Defog|[of] p2a: Corviknight
|-fieldend|Misty Terrain
|
|-weather|Sandstorm|[upkeep]
|-damage|p1a: Tapu Fini|82/100|[from] Sandstorm
|upkeep
|turn|54
|
|t:|1667828281
|switch|p1a: Rillaboom|Rillaboom, F|93/100
|-fieldstart|move: Grassy Terrain|[from] ability: Grassy Surge|[of] p1a: Rillaboom
|switch|p2a: Toxapex|Toxapex, F|100/100
|
|-weather|Sandstorm|[upkeep]
|-damage|p1a: Rillaboom|87/100|[from] Sandstorm
|-damage|p2a: Toxapex|94/100|[from] Sandstorm
|-heal|p1a: Rillaboom|93/100|[from] Grassy Terrain
|-heal|p2a: Toxapex|100/100|[from] Grassy Terrain
|upkeep
|turn|55
|
|t:|1667828294
|move|p1a: Rillaboom|Swords Dance|p1a: Rillaboom
|-boost|p1a: Rillaboom|atk|2
|move|p2a: Toxapex|Toxic|p1a: Rillaboom
|-status|p1a: Rillaboom|tox
|
|-weather|none
|-heal|p1a: Rillaboom|99/100 tox|[from] Grassy Terrain
|-damage|p1a: Rillaboom|93/100 tox|[from] psn
|upkeep
|turn|56
|
|t:|1667828302
|switch|p2a: Clefable|Clefable, F|92/100
|move|p1a: Rillaboom|Grassy Glide|p2a: Clefable
|-damage|p2a: Clefable|55/100
|
|-heal|p1a: Rillaboom|99/100 tox|[from] Grassy Terrain
|-heal|p2a: Clefable|61/100|[from] Grassy Terrain
|-damage|p1a: Rillaboom|87/100 tox|[from] psn
|upkeep
|turn|57
|
|t:|1667828310
|switch|p1a: Hippowdon|Hippowdon, M|100/100
|-weather|Sandstorm|[from] ability: Sand Stream|[of] p1a: Hippowdon
|move|p2a: Clefable|Soft-Boiled|p2a: Clefable
|-heal|p2a: Clefable|100/100
|
|-weather|Sandstorm|[upkeep]
|-damage|p2a: Clefable|94/100|[from] Sandstorm
|-heal|p2a: Clefable|100/100|[from] Grassy Terrain
|upkeep
|turn|58
|
|t:|1667828314
|switch|p2a: Corviknight|Corviknight, M|100/100
|-ability|p2a: Corviknight|Pressure
|move|p1a: Hippowdon|Stealth Rock|p2a: Corviknight
|-sidestart|p2: BTLT200$ SF'|move: Stealth Rock
|
|-weather|Sandstorm|[upkeep]
|-fieldend|move: Grassy Terrain
|upkeep
|turn|59
|
|t:|1667828324
|switch|p1a: Rillaboom|Rillaboom, F|87/100 tox
|-fieldstart|move: Grassy Terrain|[from] ability: Grassy Surge|[of] p1a: Rillaboom
|move|p2a: Corviknight|Defog|p1a: Rillaboom
|-unboost|p1a: Rillaboom|evasion|1
|-sideend|p2: BTLT200$ SF'|Stealth Rock|[from] move: Defog|[of] p2a: Corviknight
|-fieldend|move: Grassy Terrain
|
|-weather|Sandstorm|[upkeep]
|-damage|p1a: Rillaboom|80/100 tox|[from] Sandstorm
|-damage|p1a: Rillaboom|74/100 tox|[from] psn
|upkeep
|turn|60
|
|t:|1667828332
|switch|p2a: Toxapex|Toxapex, F|100/100
|move|p1a: Rillaboom|Knock Off|p2a: Toxapex
|-damage|p2a: Toxapex|76/100
|-enditem|p2a: Toxapex|Choice Scarf|[from] move: Knock Off|[of] p1a: Rillaboom
|
|-weather|Sandstorm|[upkeep]
|-damage|p1a: Rillaboom|68/100 tox|[from] Sandstorm
|-damage|p2a: Toxapex|70/100|[from] Sandstorm
|-damage|p1a: Rillaboom|56/100 tox|[from] psn
|upkeep
|turn|61
|l| fightomato
|-message|Sleepdrawing forfeited.
|
|win|BTLT200$ SF'
|raw|Sleepdrawing's rating: 1794 &rarr; <strong>1774</strong><br />(-20 for losing)
|raw|BTLT200$ SF&apos;'s rating: 1794 &rarr; <strong>1814</strong><br />(+20 for winning)
|l|☆Sleepdrawing
|l| xasahbae
