|j|☆ScarfSteelix
|j|☆PokeDa
|player|p1|ScarfSteelix|koga|1437
|player|p2|PokeDa|wallace|1423
|teamsize|p1|6
|teamsize|p2|6
|gametype|singles
|gen|8
|tier|[Gen 8] OU
|rated|
|clearpoke
|poke|p1|Melmetal|
|poke|p1|Sylveon, F|
|poke|p1|Dragapult, M|
|poke|p1|Milotic, F|
|poke|p1|Terrakion|
|poke|p1|Aegislash, M|
|poke|p2|Pelipper, F|
|poke|p2|Seismitoad, M|
|poke|p2|Ludicolo, M|
|poke|p2|Crawdaunt, F|
|poke|p2|Ferrothorn, M|
|poke|p2|Barraskewda, F|
|rule|Sleep Clause Mod: Limit one foe put to sleep
|rule|Species Clause: Limit one of each Pokémon
|rule|OHKO Clause: OHKO moves are banned
|rule|Evasion Moves Clause: Evasion moves are banned
|rule|Endless Battle Clause: Forcing endless battles is banned
|rule|HP Percentage Mod: HP is shown in percentages
|rule|Dynamax Clause: You cannot dynamax
|teampreview
|j| Violent Methhead
|
|start
|switch|p1a: Terrakion|Terrakion|100/100
|switch|p2a: Pelipper|Pelipper, F|100/100
|-weather|RainDance|[from] ability: Drizzle|[of] p2a: Pelipper
|turn|1
|
|switch|p2a: Seismitoad|Seismitoad, M|100/100
|move|p1a: Terrakion|Stone Edge|p2a: Seismitoad
|-resisted|p2a: Seismitoad
|-damage|p2a: Seismitoad|67/100
|
|-weather|RainDance|[upkeep]
|upkeep
|turn|2
|
|move|p2a: Seismitoad|Stealth Rock|p1a: Terrakion
|-sidestart|p1: ScarfSteelix|move: Stealth Rock
|move|p1a: Terrakion|Close Combat|p2a: Seismitoad
|-damage|p2a: Seismitoad|0 fnt
|-unboost|p1a: Terrakion|def|1
|-unboost|p1a: Terrakion|spd|1
|faint|p2a: Seismitoad
|
|-weather|RainDance|[upkeep]
|upkeep
|l| Violent Methhead
|
|switch|p2a: Ludicolo|Ludicolo, M|100/100
|turn|3
|
|move|p2a: Ludicolo|Surf|p1a: Terrakion
|-supereffective|p1a: Terrakion
|-enditem|p1a: Terrakion|Focus Sash
|-damage|p1a: Terrakion|1/100
|-damage|p2a: Ludicolo|91/100|[from] item: Life Orb
|move|p1a: Terrakion|Close Combat|p2a: Ludicolo
|-damage|p2a: Ludicolo|0 fnt
|-unboost|p1a: Terrakion|def|1
|-unboost|p1a: Terrakion|spd|1
|faint|p2a: Ludicolo
|
|-weather|RainDance|[upkeep]
|upkeep
|
|switch|p2a: Barraskewda|Barraskewda, F|100/100
|turn|4
|
|move|p1a: Terrakion|Quick Attack|p2a: Barraskewda
|-damage|p2a: Barraskewda|73/100
|move|p2a: Barraskewda|Liquidation|p1a: Terrakion
|-supereffective|p1a: Terrakion
|-damage|p1a: Terrakion|0 fnt
|-damage|p2a: Barraskewda|63/100|[from] item: Life Orb
|faint|p1a: Terrakion
|
|-weather|RainDance|[upkeep]
|upkeep
|
|switch|p1a: Milotic|Milotic, F|100/100
|-damage|p1a: Milotic|88/100|[from] Stealth Rock
|turn|5
|
|switch|p2a: Ferrothorn|Ferrothorn, M|100/100
|move|p1a: Milotic|Ice Beam|p2a: Ferrothorn
|-damage|p2a: Ferrothorn|82/100
|
|-weather|RainDance|[upkeep]
|-heal|p1a: Milotic|94/100|[from] item: Leftovers
|-heal|p2a: Ferrothorn|89/100|[from] item: Leftovers
|upkeep
|turn|6
|
|move|p1a: Milotic|Ice Beam|p2a: Ferrothorn
|-damage|p2a: Ferrothorn|70/100
|move|p2a: Ferrothorn|Spikes|p1a: Milotic
|-sidestart|p1: ScarfSteelix|Spikes
|
|-weather|RainDance|[upkeep]
|-heal|p1a: Milotic|99/100|[from] item: Leftovers
|-heal|p2a: Ferrothorn|76/100|[from] item: Leftovers
|upkeep
|turn|7
|
|move|p1a: Milotic|Scald|p2a: Ferrothorn
|-resisted|p2a: Ferrothorn
|-damage|p2a: Ferrothorn|59/100
|move|p2a: Ferrothorn|Leech Seed|p1a: Milotic|[miss]
|-miss|p2a: Ferrothorn|p1a: Milotic
|
|-weather|RainDance|[upkeep]
|-heal|p1a: Milotic|100/100|[from] item: Leftovers
|-heal|p2a: Ferrothorn|66/100|[from] item: Leftovers
|upkeep
|turn|8
|
|switch|p1a: Dragapult|Dragapult, M|100/100
|-damage|p1a: Dragapult|88/100|[from] Stealth Rock
|-damage|p1a: Dragapult|76/100|[from] Spikes
|move|p2a: Ferrothorn|Leech Seed|p1a: Dragapult
|-start|p1a: Dragapult|move: Leech Seed
|
|-weather|none
|-heal|p2a: Ferrothorn|72/100|[from] item: Leftovers
|-damage|p1a: Dragapult|64/100|[from] Leech Seed|[of] p2a: Ferrothorn
|-heal|p2a: Ferrothorn|83/100|[silent]
|upkeep
|turn|9
|
|switch|p2a: Pelipper|Pelipper, F|100/100
|-weather|RainDance|[from] ability: Drizzle|[of] p2a: Pelipper
|move|p1a: Dragapult|Thunderbolt|p2a: Pelipper
|-supereffective|p2a: Pelipper
|-damage|p2a: Pelipper|0 fnt
|faint|p2a: Pelipper
|
|-weather|RainDance|[upkeep]
|upkeep
|
|switch|p2a: Barraskewda|Barraskewda, F|63/100
|turn|10
|
|move|p2a: Barraskewda|Ice Fang|p1a: Dragapult
|-supereffective|p1a: Dragapult
|-damage|p1a: Dragapult|0 fnt
|-damage|p2a: Barraskewda|53/100|[from] item: Life Orb
|faint|p1a: Dragapult
|
|-weather|RainDance|[upkeep]
|upkeep
|
|switch|p1a: Melmetal|Melmetal|100/100
|-damage|p1a: Melmetal|88/100|[from] Spikes
|-damage|p1a: Melmetal|82/100|[from] Stealth Rock
|turn|11
|
|move|p2a: Barraskewda|Close Combat|p1a: Melmetal
|-supereffective|p1a: Melmetal
|-damage|p1a: Melmetal|18/100
|-unboost|p2a: Barraskewda|def|1
|-unboost|p2a: Barraskewda|spd|1
|-damage|p2a: Barraskewda|43/100|[from] item: Life Orb
|move|p1a: Melmetal|Double Iron Bash|p2a: Barraskewda
|-resisted|p2a: Barraskewda
|-damage|p2a: Barraskewda|0 fnt
|-hitcount|p2a: Barraskewda|1
|faint|p2a: Barraskewda
|
|-weather|RainDance|[upkeep]
|upkeep
|
|switch|p2a: Crawdaunt|Crawdaunt, F|100/100
|turn|12
|
|move|p2a: Crawdaunt|Knock Off|p1a: Melmetal
|-damage|p1a: Melmetal|0 fnt
|-enditem|p1a: Melmetal|Choice Band|[from] move: Knock Off|[of] p2a: Crawdaunt
|-damage|p2a: Crawdaunt|91/100|[from] item: Life Orb
|faint|p1a: Melmetal
|
|-weather|RainDance|[upkeep]
|upkeep
|
|switch|p1a: Milotic|Milotic, F|100/100
|-damage|p1a: Milotic|88/100|[from] Stealth Rock
|-damage|p1a: Milotic|76/100|[from] Spikes
|turn|13
|
|move|p2a: Crawdaunt|Knock Off|p1a: Milotic
|-damage|p1a: Milotic|0 fnt
|-enditem|p1a: Milotic|Leftovers|[from] move: Knock Off|[of] p2a: Crawdaunt
|-damage|p2a: Crawdaunt|81/100|[from] item: Life Orb
|faint|p1a: Milotic
|
|-weather|RainDance|[upkeep]
|upkeep
|
|switch|p1a: Sylveon|Sylveon, F|100/100
|-damage|p1a: Sylveon|88/100|[from] Spikes
|-damage|p1a: Sylveon|76/100|[from] Stealth Rock
|turn|14
|
|move|p1a: Sylveon|Protect|p1a: Sylveon
|-singleturn|p1a: Sylveon|Protect
|move|p2a: Crawdaunt|Crabhammer|p1a: Sylveon
|-activate|p1a: Sylveon|move: Protect
|
|-weather|RainDance|[upkeep]
|-heal|p1a: Sylveon|82/100|[from] item: Leftovers
|upkeep
|turn|15
|
|move|p2a: Crawdaunt|Crabhammer|p1a: Sylveon
|-damage|p1a: Sylveon|0 fnt
|-damage|p2a: Crawdaunt|71/100|[from] item: Life Orb
|faint|p1a: Sylveon
|
|-weather|RainDance|[upkeep]
|upkeep
|
|switch|p1a: Aegislash|Aegislash, M|100/100
|-damage|p1a: Aegislash|94/100|[from] Stealth Rock
|-item|p1a: Aegislash|Air Balloon
|turn|16
|
|move|p1a: Aegislash|King's Shield|p1a: Aegislash
|-singleturn|p1a: Aegislash|Protect
|move|p2a: Crawdaunt|Knock Off|p1a: Aegislash
|-activate|p1a: Aegislash|move: Protect
|-unboost|p2a: Crawdaunt|atk|1
|
|-weather|none
|upkeep
|turn|17
|
|move|p2a: Crawdaunt|Knock Off|p1a: Aegislash
|-supereffective|p1a: Aegislash
|-damage|p1a: Aegislash|0 fnt
|-enditem|p1a: Aegislash|Air Balloon
|-damage|p2a: Crawdaunt|62/100|[from] item: Life Orb
|faint|p1a: Aegislash
|
|win|PokeDa
|l|☆ScarfSteelix
|raw|ScarfSteelix's rating: 1437 &rarr; <strong>1416</strong><br />(-21 for losing)
|raw|PokeDa's rating: 1400 &rarr; <strong>1422</strong><br />(+22 for winning)
