|raw|<div class="broadcast-blue"><strong>This battle is required to be public due to a player having a name starting with 'lt92pf'.</div>
|j|☆LT92PF pj
|j|☆JooshP
|t:|1659872477
|gametype|singles
|player|p1|LT92PF pj|blackbelt-gen4dp|1888
|player|p2|JooshP|red|1760
|teamsize|p1|6
|teamsize|p2|6
|gen|8
|tier|[Gen 8] OU
|rated|
|rule|Sleep Clause Mod: Limit one foe put to sleep
|rule|Species Clause: Limit one of each Pokémon
|rule|OHKO Clause: OHKO moves are banned
|rule|Evasion Items Clause: Evasion items are banned
|rule|Evasion Moves Clause: Evasion moves are banned
|rule|Endless Battle Clause: Forcing endless battles is banned
|rule|HP Percentage Mod: HP is shown in percentages
|rule|Dynamax Clause: You cannot dynamax
|clearpoke
|poke|p1|Melmetal|
|poke|p1|Tapu Lele|
|poke|p1|Magnezone|
|poke|p1|Tornadus-Therian, M|
|poke|p1|Tapu Fini|
|poke|p1|Landorus-Therian, M|
|poke|p2|Volcarona, F|
|poke|p2|Garchomp, M|
|poke|p2|Blissey, F|
|poke|p2|Buzzwole|
|poke|p2|Skarmory, M|
|poke|p2|Crawdaunt, M|
|teampreview
|j| 00x00x00
|inactive|Battle timer is ON: inactive players will automatically lose when time's up. (requested by LT92PF pj)
|
|t:|1659872504
|start
|switch|p1a: Tapu Lele|Tapu Lele|100/100
|switch|p2a: Blissey|Blissey, F|100/100
|-fieldstart|move: Psychic Terrain|[from] ability: Psychic Surge|[of] p1a: Tapu Lele
|turn|1
|
|t:|1659872510
|switch|p2a: Crawdaunt|Crawdaunt, M|100/100
|move|p1a: Tapu Lele|Psyshock|p2a: Crawdaunt
|-immune|p2a: Crawdaunt
|
|upkeep
|turn|2
|
|t:|1659872517
|switch|p1a: Tapu Fini|Tapu Fini|100/100
|-fieldstart|move: Misty Terrain|[from] ability: Misty Surge|[of] p1a: Tapu Fini
|move|p2a: Crawdaunt|Knock Off|p1a: Tapu Fini
|-resisted|p1a: Tapu Fini
|-damage|p1a: Tapu Fini|70/100
|-enditem|p1a: Tapu Fini|Leftovers|[from] move: Knock Off|[of] p2a: Crawdaunt
|-damage|p2a: Crawdaunt|91/100|[from] item: Life Orb
|
|upkeep
|turn|3
|j| LT92PF line
|
|t:|1659872523
|switch|p1a: Melmetal|Melmetal|100/100
|switch|p2a: Blissey|Blissey, F|100/100
|
|upkeep
|turn|4
|
|t:|1659872526
|switch|p2a: Buzzwole|Buzzwole|100/100
|move|p1a: Melmetal|Double Iron Bash|p2a: Buzzwole
|-damage|p2a: Buzzwole|81/100
|-damage|p1a: Melmetal|84/100|[from] item: Rocky Helmet|[of] p2a: Buzzwole
|-damage|p2a: Buzzwole|61/100
|-damage|p1a: Melmetal|67/100|[from] item: Rocky Helmet|[of] p2a: Buzzwole
|-hitcount|p2a: Buzzwole|2
|
|-heal|p1a: Melmetal|74/100|[from] item: Leftovers
|upkeep
|turn|5
|j| LT92PF OZDI
|
|t:|1659872532
|switch|p1a: Tapu Lele|Tapu Lele|100/100
|-fieldstart|move: Psychic Terrain|[from] ability: Psychic Surge|[of] p1a: Tapu Lele
|move|p2a: Buzzwole|Toxic|p1a: Tapu Lele|[miss]
|-miss|p2a: Buzzwole|p1a: Tapu Lele
|
|upkeep
|turn|6
|j| LT92PF Adri
|
|t:|1659872540
|switch|p2a: Skarmory|Skarmory, M|100/100
|move|p1a: Tapu Lele|Thunderbolt|p2a: Skarmory
|-supereffective|p2a: Skarmory
|-ability|p2a: Skarmory|Sturdy
|-damage|p2a: Skarmory|1/100
|
|upkeep
|turn|7
|l| LT92PF Adri
|
|t:|1659872549
|move|p1a: Tapu Lele|Thunderbolt|p2a: Skarmory
|-supereffective|p2a: Skarmory
|-damage|p2a: Skarmory|0 fnt
|faint|p2a: Skarmory
|
|upkeep
|
|t:|1659872550
|switch|p2a: Garchomp|Garchomp, M|100/100
|turn|8
|
|t:|1659872555
|switch|p1a: Landorus|Landorus-Therian, M|100/100
|-ability|p1a: Landorus|Intimidate|boost
|-unboost|p2a: Garchomp|atk|1
|move|p2a: Garchomp|Stealth Rock|p1a: Landorus
|-sidestart|p1: LT92PF pj|move: Stealth Rock
|
|upkeep
|turn|9
|
|t:|1659872558
|move|p2a: Garchomp|Swords Dance|p2a: Garchomp
|-boost|p2a: Garchomp|atk|2
|move|p1a: Landorus|Stealth Rock|p2a: Garchomp
|-sidestart|p2: JooshP|move: Stealth Rock
|
|-fieldend|move: Psychic Terrain
|upkeep
|turn|10
|
|t:|1659872562
|move|p2a: Garchomp|Stone Edge|p1a: Landorus
|-damage|p1a: Landorus|48/100
|move|p1a: Landorus|Earthquake|p2a: Garchomp
|-damage|p2a: Garchomp|55/100
|
|-heal|p2a: Garchomp|61/100|[from] item: Leftovers
|-heal|p1a: Landorus|54/100|[from] item: Leftovers
|upkeep
|turn|11
|
|t:|1659872568
|move|p2a: Garchomp|Stone Edge|p1a: Landorus|[miss]
|-miss|p2a: Garchomp|p1a: Landorus
|move|p1a: Landorus|Earthquake|p2a: Garchomp
|-damage|p2a: Garchomp|11/100
|
|-heal|p2a: Garchomp|18/100|[from] item: Leftovers
|-heal|p1a: Landorus|60/100|[from] item: Leftovers
|upkeep
|turn|12
|
|t:|1659872571
|move|p2a: Garchomp|Stone Edge|p1a: Landorus
|-crit|p1a: Landorus
|-damage|p1a: Landorus|0 fnt
|faint|p1a: Landorus
|
|-heal|p2a: Garchomp|24/100|[from] item: Leftovers
|upkeep
|j| vo1kner
|
|t:|1659872577
|switch|p1a: Tornadus|Tornadus-Therian, M, shiny|100/100
|turn|13
|
|t:|1659872579
|move|p1a: Tornadus|Hurricane|p2a: Garchomp
|-damage|p2a: Garchomp|0 fnt
|faint|p2a: Garchomp
|
|upkeep
|
|t:|1659872583
|switch|p2a: Blissey|Blissey, F|100/100
|turn|14
|
|t:|1659872586
|move|p1a: Tornadus|U-turn|p2a: Blissey
|-damage|p2a: Blissey|88/100
|
|t:|1659872588
|switch|p1a: Melmetal|Melmetal|74/100|[from]move: U-turn
|-damage|p1a: Melmetal|67/100|[from] Stealth Rock
|move|p2a: Blissey|Teleport|p2a: Blissey
|j| LT92PF Sunny
|
|t:|1659872593
|switch|p2a: Buzzwole|Buzzwole|61/100|[from]move: Teleport
|-damage|p2a: Buzzwole|48/100|[from] Stealth Rock
|
|-heal|p1a: Melmetal|74/100|[from] item: Leftovers
|upkeep
|turn|15
|j| Rubyblood
|j| rheysali
|
|t:|1659872602
|switch|p1a: Tornadus|Tornadus-Therian, M, shiny|100/100
|move|p2a: Buzzwole|Close Combat|p1a: Tornadus
|-resisted|p1a: Tornadus
|-damage|p1a: Tornadus|71/100
|-unboost|p2a: Buzzwole|def|1
|-unboost|p2a: Buzzwole|spd|1
|
|upkeep
|turn|16
|
|t:|1659872606
|move|p1a: Tornadus|Defog|p2a: Buzzwole
|-unboost|p2a: Buzzwole|evasion|1
|-sideend|p2: JooshP|Stealth Rock|[from] move: Defog|[of] p1a: Tornadus
|-sideend|p1: LT92PF pj|Stealth Rock|[from] move: Defog|[of] p1a: Tornadus
|move|p2a: Buzzwole|Toxic|p1a: Tornadus
|-status|p1a: Tornadus|tox
|
|-damage|p1a: Tornadus|65/100 tox|[from] psn
|upkeep
|turn|17
|
|t:|1659872609
|switch|p2a: Blissey|Blissey, F|88/100
|move|p1a: Tornadus|Hurricane|p2a: Blissey|[miss]
|-miss|p1a: Tornadus|p2a: Blissey
|
|-damage|p1a: Tornadus|53/100 tox|[from] psn
|upkeep
|turn|18
|
|t:|1659872613
|move|p1a: Tornadus|U-turn|p2a: Blissey
|-damage|p2a: Blissey|76/100
|
|t:|1659872615
|switch|p1a: Tapu Lele|Tapu Lele|100/100|[from]move: U-turn
|-fieldstart|move: Psychic Terrain|[from] ability: Psychic Surge|[of] p1a: Tapu Lele
|move|p2a: Blissey|Teleport|p2a: Blissey
|j| Seleukus
|
|t:|1659872620
|switch|p2a: Volcarona|Volcarona, F|100/100|[from]move: Teleport
|
|upkeep
|turn|19
|
|t:|1659872634
|switch|p2a: Buzzwole|Buzzwole|48/100
|move|p1a: Tapu Lele|Thunderbolt|p2a: Buzzwole
|-damage|p2a: Buzzwole|0 fnt
|faint|p2a: Buzzwole
|
|upkeep
|
|t:|1659872639
|switch|p2a: Volcarona|Volcarona, F|100/100
|turn|20
|
|t:|1659872644
|switch|p1a: Tapu Fini|Tapu Fini|70/100
|-fieldstart|move: Misty Terrain|[from] ability: Misty Surge|[of] p1a: Tapu Fini
|move|p2a: Volcarona|Quiver Dance|p2a: Volcarona
|-boost|p2a: Volcarona|spa|1
|-boost|p2a: Volcarona|spd|1
|-boost|p2a: Volcarona|spe|1
|
|upkeep
|turn|21
|
|t:|1659872648
|move|p2a: Volcarona|Quiver Dance|p2a: Volcarona
|-boost|p2a: Volcarona|spa|1
|-boost|p2a: Volcarona|spd|1
|-boost|p2a: Volcarona|spe|1
|move|p1a: Tapu Fini|Calm Mind|p1a: Tapu Fini
|-boost|p1a: Tapu Fini|spa|1
|-boost|p1a: Tapu Fini|spd|1
|
|upkeep
|turn|22
|
|t:|1659872650
|move|p2a: Volcarona|Psychic|p1a: Tapu Fini
|-crit|p1a: Tapu Fini
|-damage|p1a: Tapu Fini|0 fnt
|faint|p1a: Tapu Fini
|
|upkeep
|c|☆JooshP|mb
|
|t:|1659872659
|switch|p1a: Tapu Lele|Tapu Lele|100/100
|-fieldstart|move: Psychic Terrain|[from] ability: Psychic Surge|[of] p1a: Tapu Lele
|turn|23
|inactive|JooshP has 120 seconds left.
|j| LinearTheorem
|
|t:|1659872693
|move|p2a: Volcarona|Flamethrower|p1a: Tapu Lele
|-damage|p1a: Tapu Lele|3/100
|move|p1a: Tapu Lele|Psyshock|p2a: Volcarona
|-damage|p2a: Volcarona|0 fnt
|faint|p2a: Volcarona
|
|upkeep
|
|t:|1659872698
|switch|p2a: Crawdaunt|Crawdaunt, M|91/100
|turn|24
|
|t:|1659872706
|switch|p1a: Tornadus|Tornadus-Therian, M, shiny|86/100 tox
|move|p2a: Crawdaunt|Knock Off|p1a: Tornadus
|-crit|p1a: Tornadus
|-damage|p1a: Tornadus|0 fnt
|-enditem|p1a: Tornadus|Heavy-Duty Boots|[from] move: Knock Off|[of] p2a: Crawdaunt
|faint|p1a: Tornadus
|-damage|p2a: Crawdaunt|81/100|[from] item: Life Orb
|
|upkeep
|
|t:|1659872712
|switch|p1a: Magnezone|Magnezone|100/100
|turn|25
|
|t:|1659872719
|move|p2a: Crawdaunt|Crabhammer|p1a: Magnezone
|-damage|p1a: Magnezone|31/100
|-damage|p2a: Crawdaunt|71/100|[from] item: Life Orb
|move|p1a: Magnezone|Thunderbolt|p2a: Crawdaunt
|-supereffective|p2a: Crawdaunt
|-damage|p2a: Crawdaunt|0 fnt
|faint|p2a: Crawdaunt
|
|-heal|p1a: Magnezone|37/100|[from] item: Leftovers
|upkeep
|
|t:|1659872722
|switch|p2a: Blissey|Blissey, F|76/100
|turn|26
|
|t:|1659872725
|move|p1a: Magnezone|Iron Defense|p1a: Magnezone
|-boost|p1a: Magnezone|def|2
|move|p2a: Blissey|Seismic Toss|p1a: Magnezone
|-damage|p1a: Magnezone|6/100
|
|-heal|p1a: Magnezone|12/100|[from] item: Leftovers
|upkeep
|turn|27
|
|t:|1659872727
|move|p1a: Magnezone|Body Press|p2a: Blissey
|-supereffective|p2a: Blissey
|-damage|p2a: Blissey|0 fnt
|faint|p2a: Blissey
|
|win|LT92PF pj
|raw|LT92PF pj's rating: 1888 &rarr; <strong>1901</strong><br />(+13 for winning)
|raw|JooshP's rating: 1760 &rarr; <strong>1747</strong><br />(-13 for losing)
|l| Seleukus
|c|☆JooshP|gg
|c|☆LT92PF pj|gg
|l|☆LT92PF pj
|l| LT92PF Sunny
|l| Rubyblood
|l| vo1kner
|l| LinearTheorem
|l|☆JooshP
|l| LT92PF line
