|j|☆noudle soop
|j|☆Nutrino
|t:|1634074689
|gametype|singles
|player|p1|noudle soop|sailor|1674
|player|p2|Nutrino|riley|1723
|teamsize|p1|6
|teamsize|p2|6
|gen|8
|tier|[Gen 8] OU
|rated|
|rule|Sleep Clause Mod: Limit one foe put to sleep
|rule|Species Clause: Limit one of each Pokémon
|rule|OHKO Clause: OHKO moves are banned
|rule|Evasion Moves Clause: Evasion moves are banned
|rule|Endless Battle Clause: Forcing endless battles is banned
|rule|HP Percentage Mod: HP is shown in percentages
|rule|Dynamax Clause: You cannot dynamax
|clearpoke
|poke|p1|Ferrothorn, F|
|poke|p1|Latios, M|
|poke|p1|Nihilego|
|poke|p1|Landorus-Therian, M|
|poke|p1|Melmetal|
|poke|p1|Tapu Koko|
|poke|p2|Dragapult, M|
|poke|p2|Nidoking, M|
|poke|p2|Magnezone|
|poke|p2|Weavile, F|
|poke|p2|Tapu Fini|
|poke|p2|Blacephalon|
|teampreview
|inactive|Battle timer is ON: inactive players will automatically lose when time's up. (requested by noudle soop)
|inactive|noudle soop has 120 seconds left.
|
|t:|1634074721
|start
|switch|p1a: Tapu Koko|Tapu Koko|100/100
|switch|p2a: Weavile|Weavile, F|100/100
|-fieldstart|move: Electric Terrain|[from] ability: Electric Surge|[of] p1a: Tapu Koko
|turn|1
|
|t:|1634074725
|switch|p2a: Nidoking|Nidoking, M|100/100
|move|p1a: Tapu Koko|Dazzling Gleam|p2a: Nidoking
|-resisted|p2a: Nidoking
|-damage|p2a: Nidoking|77/100
|
|upkeep
|turn|2
|
|t:|1634074730
|move|p1a: Tapu Koko|U-turn|p2a: Nidoking
|-resisted|p2a: Nidoking
|-damage|p2a: Nidoking|66/100
|
|t:|1634074732
|switch|p1a: Latios|Latios, M|100/100|[from]move: U-turn
|move|p2a: Nidoking|Flamethrower|p1a: Latios
|-resisted|p1a: Latios
|-damage|p1a: Latios|80/100
|
|upkeep
|turn|3
|
|t:|1634074738
|switch|p2a: Tapu Fini|Tapu Fini|100/100
|-fieldstart|move: Misty Terrain|[from] ability: Misty Surge|[of] p2a: Tapu Fini
|move|p1a: Latios|Psyshock|p2a: Tapu Fini
|-damage|p2a: Tapu Fini|63/100
|
|-heal|p2a: Tapu Fini|69/100|[from] item: Leftovers
|upkeep
|turn|4
|
|t:|1634074748
|switch|p1a: Ferrothorn|Ferrothorn, F|100/100
|switch|p2a: Magnezone|Magnezone|100/100
|
|upkeep
|turn|5
|
|t:|1634074751
|move|p2a: Magnezone|Iron Defense|p2a: Magnezone
|-boost|p2a: Magnezone|def|2
|move|p1a: Ferrothorn|Stealth Rock|p2a: Magnezone
|-sidestart|p2: Nutrino|move: Stealth Rock
|
|upkeep
|turn|6
|
|t:|1634074756
|switch|p1a: Landorus|Landorus-Therian, M|100/100
|-ability|p1a: Landorus|Intimidate|boost
|-unboost|p2a: Magnezone|atk|1
|move|p2a: Magnezone|Body Press|p1a: Landorus
|-resisted|p1a: Landorus
|-damage|p1a: Landorus|81/100
|
|-heal|p1a: Landorus|87/100|[from] item: Leftovers
|upkeep
|turn|7
|c|☆noudle soop|analytic??
|c|☆Nutrino|no?
|c|☆Nutrino|wtf
|c|☆noudle soop|oh weird
|inactive|Nutrino has 120 seconds left.
|
|t:|1634074797
|switch|p2a: Tapu Fini|Tapu Fini|69/100
|-damage|p2a: Tapu Fini|56/100|[from] Stealth Rock
|move|p1a: Landorus|Earthquake|p2a: Tapu Fini
|-crit|p2a: Tapu Fini
|-damage|p2a: Tapu Fini|11/100
|
|-heal|p1a: Landorus|93/100|[from] item: Leftovers
|-heal|p2a: Tapu Fini|17/100|[from] item: Leftovers
|-fieldend|Misty Terrain
|upkeep
|turn|8
|c|☆noudle soop|im just playin lol im shell
|-message|Nutrino forfeited.
|
|win|noudle soop
|raw|noudle soop's rating: 1674 &rarr; <strong>1697</strong><br />(+23 for winning)
|raw|Nutrino's rating: 1723 &rarr; <strong>1700</strong><br />(-23 for losing)
|l|☆Nutrino
