|j|☆Kwaga
|j|☆El Stefano
|t:|1651730499
|gametype|singles
|player|p1|Kwaga|calaba|1599
|player|p2|El Stefano|169|1526
|teamsize|p1|6
|teamsize|p2|6
|gen|8
|tier|[Gen 8] OU
|rated|
|rule|Sleep Clause Mod: Limit one foe put to sleep
|rule|Species Clause: Limit one of each Pokémon
|rule|OHKO Clause: OHKO moves are banned
|rule|Evasion Moves Clause: Evasion moves are banned
|rule|Endless Battle Clause: Forcing endless battles is banned
|rule|HP Percentage Mod: HP is shown in percentages
|rule|Dynamax Clause: You cannot dynamax
|clearpoke
|poke|p1|Urshifu-*, M|
|poke|p1|Magnezone|
|poke|p1|Tapu Lele|
|poke|p1|Buzzwole|
|poke|p1|Swampert, M|
|poke|p1|Tornadus-Therian, M|
|poke|p2|Tapu Koko|
|poke|p2|Torkoal, M|
|poke|p2|Venusaur, F|
|poke|p2|Heatran, M|
|poke|p2|Rillaboom, F|
|poke|p2|Weavile, M|
|teampreview
|
|t:|1651730520
|start
|switch|p1a: Tornadus|Tornadus-Therian, M|100/100
|switch|p2a: Rillaboom|Rillaboom, F|100/100
|-fieldstart|move: Grassy Terrain|[from] ability: Grassy Surge|[of] p2a: Rillaboom
|turn|1
|j| N0vaTheDestroyer
|inactive|Battle timer is ON: inactive players will automatically lose when time's up. (requested by Kwaga)
|
|t:|1651730525
|switch|p2a: Tapu Koko|Tapu Koko|100/100
|-fieldstart|move: Electric Terrain|[from] ability: Electric Surge|[of] p2a: Tapu Koko
|move|p1a: Tornadus|Knock Off|p2a: Tapu Koko
|-resisted|p2a: Tapu Koko
|-crit|p2a: Tapu Koko
|-damage|p2a: Tapu Koko|81/100
|-enditem|p2a: Tapu Koko|Magnet|[from] move: Knock Off|[of] p1a: Tornadus
|
|upkeep
|turn|2
|
|t:|1651730533
|switch|p1a: Swampert|Swampert, M|100/100
|move|p2a: Tapu Koko|U-turn|p1a: Swampert
|-damage|p1a: Swampert|86/100
|
|t:|1651730536
|switch|p2a: Rillaboom|Rillaboom, F|100/100|[from]move: U-turn
|-fieldstart|move: Grassy Terrain|[from] ability: Grassy Surge|[of] p2a: Rillaboom
|
|-heal|p1a: Swampert|92/100|[from] Grassy Terrain
|-heal|p1a: Swampert|99/100|[from] item: Leftovers
|upkeep
|turn|3
|
|t:|1651730539
|switch|p1a: Tornadus|Tornadus-Therian, M|100/100
|move|p2a: Rillaboom|U-turn|p1a: Tornadus
|-resisted|p1a: Tornadus
|-damage|p1a: Tornadus|78/100
|
|t:|1651730544
|switch|p2a: Tapu Koko|Tapu Koko|81/100|[from]move: U-turn
|-fieldstart|move: Electric Terrain|[from] ability: Electric Surge|[of] p2a: Tapu Koko
|
|upkeep
|turn|4
|
|t:|1651730554
|switch|p1a: Swampert|Swampert, M|99/100
|move|p2a: Tapu Koko|U-turn|p1a: Swampert
|-damage|p1a: Swampert|83/100
|
|t:|1651730567
|switch|p2a: Rillaboom|Rillaboom, F|100/100|[from]move: U-turn
|-fieldstart|move: Grassy Terrain|[from] ability: Grassy Surge|[of] p2a: Rillaboom
|
|-heal|p1a: Swampert|89/100|[from] Grassy Terrain
|-heal|p1a: Swampert|96/100|[from] item: Leftovers
|upkeep
|turn|5
|
|t:|1651730573
|switch|p1a: Buzzwole|Buzzwole|100/100
|move|p2a: Rillaboom|Knock Off|p1a: Buzzwole
|-resisted|p1a: Buzzwole
|-damage|p1a: Buzzwole|87/100
|-damage|p2a: Rillaboom|84/100|[from] item: Rocky Helmet|[of] p1a: Buzzwole
|-enditem|p1a: Buzzwole|Rocky Helmet|[from] move: Knock Off|[of] p2a: Rillaboom
|
|-heal|p2a: Rillaboom|90/100|[from] Grassy Terrain
|-heal|p1a: Buzzwole|93/100|[from] Grassy Terrain
|upkeep
|turn|6
|
|t:|1651730584
|switch|p2a: Torkoal|Torkoal, M|100/100
|-weather|SunnyDay|[from] ability: Drought|[of] p2a: Torkoal
|move|p1a: Buzzwole|Leech Life|p2a: Torkoal
|-resisted|p2a: Torkoal
|-damage|p2a: Torkoal|91/100
|-heal|p1a: Buzzwole|97/100|[from] drain|[of] p2a: Torkoal
|
|-weather|SunnyDay|[upkeep]
|-heal|p1a: Buzzwole|100/100|[from] Grassy Terrain
|-heal|p2a: Torkoal|97/100|[from] Grassy Terrain
|upkeep
|turn|7
|
|t:|1651730594
|switch|p1a: Swampert|Swampert, M|96/100
|switch|p2a: Venusaur|Venusaur, F|100/100
|
|-weather|SunnyDay|[upkeep]
|-heal|p1a: Swampert|100/100|[from] Grassy Terrain
|upkeep
|turn|8
|
|t:|1651730603
|switch|p1a: Tornadus|Tornadus-Therian, M|100/100
|move|p2a: Venusaur|Giga Drain|p1a: Tornadus
|-resisted|p1a: Tornadus
|-damage|p1a: Tornadus|70/100
|-damage|p2a: Venusaur|91/100|[from] item: Life Orb
|
|-weather|SunnyDay|[upkeep]
|-heal|p2a: Venusaur|97/100|[from] Grassy Terrain
|-fieldend|move: Grassy Terrain
|upkeep
|turn|9
|
|t:|1651730614
|switch|p2a: Tapu Koko|Tapu Koko|81/100
|-fieldstart|move: Electric Terrain|[from] ability: Electric Surge|[of] p2a: Tapu Koko
|move|p1a: Tornadus|Hurricane|p2a: Tapu Koko
|-resisted|p2a: Tapu Koko
|-damage|p2a: Tapu Koko|47/100
|
|-weather|SunnyDay|[upkeep]
|upkeep
|turn|10
|
|t:|1651730640
|switch|p1a: Swampert|Swampert, M|100/100
|move|p2a: Tapu Koko|Roost|p2a: Tapu Koko
|-heal|p2a: Tapu Koko|98/100
|-singleturn|p2a: Tapu Koko|move: Roost
|
|-weather|SunnyDay|[upkeep]
|upkeep
|turn|11
|
|t:|1651730649
|move|p2a: Tapu Koko|U-turn|p1a: Swampert
|-damage|p1a: Swampert|85/100
|
|t:|1651730652
|switch|p2a: Rillaboom|Rillaboom, F|90/100|[from]move: U-turn
|-fieldstart|move: Grassy Terrain|[from] ability: Grassy Surge|[of] p2a: Rillaboom
|move|p1a: Swampert|Stealth Rock|p2a: Rillaboom
|-sidestart|p2: El Stefano|move: Stealth Rock
|
|-weather|SunnyDay|[upkeep]
|-heal|p2a: Rillaboom|96/100|[from] Grassy Terrain
|-heal|p1a: Swampert|91/100|[from] Grassy Terrain
|-heal|p1a: Swampert|97/100|[from] item: Leftovers
|upkeep
|turn|12
|
|t:|1651730659
|switch|p1a: Tornadus|Tornadus-Therian, M|100/100
|move|p2a: Rillaboom|U-turn|p1a: Tornadus
|-resisted|p1a: Tornadus
|-damage|p1a: Tornadus|79/100
|
|t:|1651730662
|switch|p2a: Tapu Koko|Tapu Koko|98/100|[from]move: U-turn
|-damage|p2a: Tapu Koko|85/100|[from] Stealth Rock
|-fieldstart|move: Electric Terrain|[from] ability: Electric Surge|[of] p2a: Tapu Koko
|
|-weather|SunnyDay|[upkeep]
|upkeep
|turn|13
|
|t:|1651730668
|switch|p1a: Swampert|Swampert, M|97/100
|move|p2a: Tapu Koko|Defog|p1a: Swampert
|-unboost|p1a: Swampert|evasion|1
|-sideend|p2: El Stefano|Stealth Rock|[from] move: Defog|[of] p2a: Tapu Koko
|-fieldend|move: Electric Terrain
|
|-weather|none
|-heal|p1a: Swampert|100/100|[from] item: Leftovers
|upkeep
|turn|14
|
|t:|1651730681
|switch|p2a: Rillaboom|Rillaboom, F|96/100
|-fieldstart|move: Grassy Terrain|[from] ability: Grassy Surge|[of] p2a: Rillaboom
|move|p1a: Swampert|Flip Turn|p2a: Rillaboom
|-resisted|p2a: Rillaboom
|-damage|p2a: Rillaboom|85/100
|
|t:|1651730684
|switch|p1a: Tornadus|Tornadus-Therian, M|100/100|[from]move: Flip Turn
|
|-heal|p2a: Rillaboom|91/100|[from] Grassy Terrain
|upkeep
|turn|15
|
|t:|1651730687
|switch|p2a: Tapu Koko|Tapu Koko|85/100
|-fieldstart|move: Electric Terrain|[from] ability: Electric Surge|[of] p2a: Tapu Koko
|move|p1a: Tornadus|U-turn|p2a: Tapu Koko
|-resisted|p2a: Tapu Koko
|-damage|p2a: Tapu Koko|75/100
|
|t:|1651730689
|switch|p1a: Swampert|Swampert, M|100/100|[from]move: U-turn
|
|upkeep
|turn|16
|
|t:|1651730695
|move|p2a: Tapu Koko|U-turn|p1a: Swampert
|-damage|p1a: Swampert|86/100
|
|t:|1651730715
|switch|p2a: Rillaboom|Rillaboom, F|91/100|[from]move: U-turn
|-fieldstart|move: Grassy Terrain|[from] ability: Grassy Surge|[of] p2a: Rillaboom
|move|p1a: Swampert|Stealth Rock|p2a: Rillaboom
|-sidestart|p2: El Stefano|move: Stealth Rock
|
|-heal|p2a: Rillaboom|97/100|[from] Grassy Terrain
|-heal|p1a: Swampert|92/100|[from] Grassy Terrain
|-heal|p1a: Swampert|98/100|[from] item: Leftovers
|upkeep
|turn|17
|
|t:|1651730723
|switch|p1a: Buzzwole|Buzzwole|100/100
|move|p2a: Rillaboom|U-turn|p1a: Buzzwole
|-resisted|p1a: Buzzwole
|-damage|p1a: Buzzwole|90/100
|j| FaeRen S
|
|t:|1651730728
|switch|p2a: Heatran|Heatran, M|100/100|[from]move: U-turn
|-damage|p2a: Heatran|88/100|[from] Stealth Rock
|
|-heal|p2a: Heatran|94/100|[from] Grassy Terrain
|-heal|p1a: Buzzwole|97/100|[from] Grassy Terrain
|upkeep
|turn|18
|
|t:|1651730741
|switch|p1a: Magnezone|Magnezone|100/100
|move|p2a: Heatran|Eruption|p1a: Magnezone
|-supereffective|p1a: Magnezone
|-damage|p1a: Magnezone|0 fnt
|faint|p1a: Magnezone
|
|-heal|p2a: Heatran|100/100|[from] Grassy Terrain
|upkeep
|
|t:|1651730745
|switch|p1a: Tornadus|Tornadus-Therian, M|100/100
|turn|19
|
|t:|1651730752
|move|p1a: Tornadus|Knock Off|p2a: Heatran
|-damage|p2a: Heatran|80/100
|-enditem|p2a: Heatran|Choice Specs|[from] move: Knock Off|[of] p1a: Tornadus
|move|p2a: Heatran|Eruption|p1a: Tornadus
|-damage|p1a: Tornadus|36/100
|
|-heal|p2a: Heatran|86/100|[from] Grassy Terrain
|upkeep
|turn|20
|
|t:|1651730758
|move|p1a: Tornadus|U-turn|p2a: Heatran
|-resisted|p2a: Heatran
|-damage|p2a: Heatran|82/100
|
|t:|1651730760
|switch|p1a: Swampert|Swampert, M|98/100|[from]move: U-turn
|move|p2a: Heatran|Fire Blast|p1a: Swampert
|-resisted|p1a: Swampert
|-damage|p1a: Swampert|76/100
|-status|p1a: Swampert|brn
|
|-heal|p2a: Heatran|88/100|[from] Grassy Terrain
|-heal|p1a: Swampert|83/100 brn|[from] Grassy Terrain
|-heal|p1a: Swampert|89/100 brn|[from] item: Leftovers
|-damage|p1a: Swampert|83/100 brn|[from] brn
|-fieldend|move: Grassy Terrain
|upkeep
|turn|21
|
|t:|1651730766
|switch|p2a: Rillaboom|Rillaboom, F|97/100
|-damage|p2a: Rillaboom|85/100|[from] Stealth Rock
|-fieldstart|move: Grassy Terrain|[from] ability: Grassy Surge|[of] p2a: Rillaboom
|move|p1a: Swampert|Toxic|p2a: Rillaboom
|-status|p2a: Rillaboom|tox
|
|-heal|p2a: Rillaboom|91/100 tox|[from] Grassy Terrain
|-heal|p1a: Swampert|89/100 brn|[from] Grassy Terrain
|-heal|p1a: Swampert|95/100 brn|[from] item: Leftovers
|-damage|p2a: Rillaboom|85/100 tox|[from] psn
|-damage|p1a: Swampert|89/100 brn|[from] brn
|upkeep
|turn|22
|
|t:|1651730773
|switch|p1a: Tornadus|Tornadus-Therian, M|69/100
|move|p2a: Rillaboom|U-turn|p1a: Tornadus
|-resisted|p1a: Tornadus
|-damage|p1a: Tornadus|48/100
|
|t:|1651730776
|switch|p2a: Tapu Koko|Tapu Koko|75/100|[from]move: U-turn
|-damage|p2a: Tapu Koko|62/100|[from] Stealth Rock
|-fieldstart|move: Electric Terrain|[from] ability: Electric Surge|[of] p2a: Tapu Koko
|
|upkeep
|turn|23
|
|t:|1651730780
|move|p2a: Tapu Koko|Defog|p1a: Tornadus
|-unboost|p1a: Tornadus|evasion|1
|-sideend|p2: El Stefano|Stealth Rock|[from] move: Defog|[of] p2a: Tapu Koko
|-fieldend|move: Electric Terrain
|move|p1a: Tornadus|U-turn|p2a: Tapu Koko
|-resisted|p2a: Tapu Koko
|-damage|p2a: Tapu Koko|52/100
|
|t:|1651730786
|switch|p1a: Tapu Lele|Tapu Lele|100/100|[from]move: U-turn
|-fieldstart|move: Psychic Terrain|[from] ability: Psychic Surge|[of] p1a: Tapu Lele
|
|upkeep
|turn|24
|
|t:|1651730790
|switch|p2a: Heatran|Heatran, M|88/100
|move|p1a: Tapu Lele|Future Sight|p2a: Heatran
|-start|p1a: Tapu Lele|move: Future Sight
|
|upkeep
|turn|25
|
|t:|1651730801
|switch|p1a: Urshifu|Urshifu-Rapid-Strike, M|100/100
|switch|p2a: Rillaboom|Rillaboom, F|85/100 tox
|-fieldstart|move: Grassy Terrain|[from] ability: Grassy Surge|[of] p2a: Rillaboom
|
|-heal|p2a: Rillaboom|91/100 tox|[from] Grassy Terrain
|-damage|p2a: Rillaboom|85/100 tox|[from] psn
|upkeep
|turn|26
|
|t:|1651730810
|switch|p2a: Weavile|Weavile, M|100/100
|move|p1a: Urshifu|U-turn|p2a: Weavile
|-supereffective|p2a: Weavile
|-damage|p2a: Weavile|11/100
|
|t:|1651730816
|switch|p1a: Buzzwole|Buzzwole|97/100|[from]move: U-turn
|
|-end|p2a: Weavile|move: Future Sight
|-immune|p2a: Weavile
|-heal|p2a: Weavile|17/100|[from] Grassy Terrain
|-heal|p1a: Buzzwole|100/100|[from] Grassy Terrain
|upkeep
|turn|27
|
|t:|1651730823
|switch|p2a: Torkoal|Torkoal, M|97/100
|-weather|SunnyDay|[from] ability: Drought|[of] p2a: Torkoal
|move|p1a: Buzzwole|Leech Life|p2a: Torkoal
|-resisted|p2a: Torkoal
|-damage|p2a: Torkoal|87/100
|
|-weather|SunnyDay|[upkeep]
|-heal|p2a: Torkoal|93/100|[from] Grassy Terrain
|upkeep
|turn|28
|
|t:|1651730834
|switch|p1a: Tornadus|Tornadus-Therian, M|81/100
|switch|p2a: Venusaur|Venusaur, F|97/100
|
|-weather|SunnyDay|[upkeep]
|-heal|p2a: Venusaur|100/100|[from] Grassy Terrain
|upkeep
|turn|29
|
|t:|1651730838
|switch|p2a: Tapu Koko|Tapu Koko|52/100
|-fieldstart|move: Electric Terrain|[from] ability: Electric Surge|[of] p2a: Tapu Koko
|move|p1a: Tornadus|Hurricane|p2a: Tapu Koko|[miss]
|-miss|p1a: Tornadus|p2a: Tapu Koko
|
|-weather|SunnyDay|[upkeep]
|upkeep
|turn|30
|
|t:|1651730843
|move|p2a: Tapu Koko|U-turn|p1a: Tornadus
|-resisted|p1a: Tornadus
|-crit|p1a: Tornadus
|-damage|p1a: Tornadus|67/100
|
|t:|1651730849
|switch|p2a: Weavile|Weavile, M|17/100|[from]move: U-turn
|move|p1a: Tornadus|U-turn|p2a: Weavile
|-supereffective|p2a: Weavile
|-damage|p2a: Weavile|0 fnt
|faint|p2a: Weavile
|
|t:|1651730855
|switch|p1a: Tapu Lele|Tapu Lele|100/100|[from]move: U-turn
|-fieldstart|move: Psychic Terrain|[from] ability: Psychic Surge|[of] p1a: Tapu Lele
|
|-weather|SunnyDay|[upkeep]
|upkeep
|
|t:|1651730860
|switch|p2a: Heatran|Heatran, M|88/100
|turn|31
|
|t:|1651730868
|move|p1a: Tapu Lele|Focus Blast|p2a: Heatran
|-supereffective|p2a: Heatran
|-damage|p2a: Heatran|0 fnt
|faint|p2a: Heatran
|
|-weather|SunnyDay|[upkeep]
|upkeep
|
|t:|1651730875
|switch|p2a: Venusaur|Venusaur, F|100/100
|turn|32
|
|t:|1651730881
|switch|p1a: Swampert|Swampert, M|89/100 brn
|move|p2a: Venusaur|Growth|p2a: Venusaur
|-boost|p2a: Venusaur|atk|2
|-boost|p2a: Venusaur|spa|2
|
|-weather|SunnyDay|[upkeep]
|-heal|p1a: Swampert|95/100 brn|[from] item: Leftovers
|-damage|p1a: Swampert|89/100 brn|[from] brn
|upkeep
|turn|33
|
|t:|1651730904
|switch|p1a: Tornadus|Tornadus-Therian, M|100/100
|move|p2a: Venusaur|Giga Drain|p1a: Tornadus
|-resisted|p1a: Tornadus
|-damage|p1a: Tornadus|51/100
|-damage|p2a: Venusaur|91/100|[from] item: Life Orb
|
|-weather|SunnyDay|[upkeep]
|upkeep
|turn|34
|
|t:|1651730922
|switch|p1a: Urshifu|Urshifu-Rapid-Strike, M|100/100
|move|p2a: Venusaur|Weather Ball|p1a: Urshifu
|-resisted|p1a: Urshifu
|-damage|p1a: Urshifu|5/100
|-damage|p2a: Venusaur|81/100|[from] item: Life Orb
|
|-weather|none
|-fieldend|move: Psychic Terrain
|upkeep
|turn|35
|
|t:|1651730931
|switch|p2a: Torkoal|Torkoal, M|93/100
|-weather|SunnyDay|[from] ability: Drought|[of] p2a: Torkoal
|move|p1a: Urshifu|Close Combat|p2a: Torkoal
|-damage|p2a: Torkoal|58/100
|-unboost|p1a: Urshifu|def|1
|-unboost|p1a: Urshifu|spd|1
|
|-weather|SunnyDay|[upkeep]
|upkeep
|turn|36
|
|t:|1651730937
|move|p1a: Urshifu|Close Combat|p2a: Torkoal
|-damage|p2a: Torkoal|24/100
|-unboost|p1a: Urshifu|def|1
|-unboost|p1a: Urshifu|spd|1
|move|p2a: Torkoal|Stealth Rock|p1a: Urshifu
|-sidestart|p1: Kwaga|move: Stealth Rock
|
|-weather|SunnyDay|[upkeep]
|upkeep
|turn|37
|
|t:|1651730964
|switch|p2a: Venusaur|Venusaur, F|81/100
|move|p1a: Urshifu|Taunt|p2a: Venusaur
|-start|p2a: Venusaur|move: Taunt
|
|-weather|SunnyDay|[upkeep]
|upkeep
|turn|38
|
|t:|1651730972
|move|p2a: Venusaur|Giga Drain|p1a: Urshifu
|-supereffective|p1a: Urshifu
|-damage|p1a: Urshifu|0 fnt
|-heal|p2a: Venusaur|83/100|[from] drain|[of] p1a: Urshifu
|faint|p1a: Urshifu
|-damage|p2a: Venusaur|73/100|[from] item: Life Orb
|
|-weather|SunnyDay|[upkeep]
|upkeep
|
|t:|1651730974
|switch|p1a: Tapu Lele|Tapu Lele|100/100
|-damage|p1a: Tapu Lele|88/100|[from] Stealth Rock
|-fieldstart|move: Psychic Terrain|[from] ability: Psychic Surge|[of] p1a: Tapu Lele
|turn|39
|
|t:|1651730987
|move|p2a: Venusaur|Weather Ball|p1a: Tapu Lele
|-damage|p1a: Tapu Lele|24/100
|-damage|p2a: Venusaur|63/100|[from] item: Life Orb
|move|p1a: Tapu Lele|Psyshock|p2a: Venusaur
|-supereffective|p2a: Venusaur
|-damage|p2a: Venusaur|0 fnt
|faint|p2a: Venusaur
|
|-weather|SunnyDay|[upkeep]
|upkeep
|
|t:|1651730995
|switch|p2a: Rillaboom|Rillaboom, F|85/100 tox
|-fieldstart|move: Grassy Terrain|[from] ability: Grassy Surge|[of] p2a: Rillaboom
|turn|40
|
|t:|1651730999
|switch|p1a: Buzzwole|Buzzwole|100/100
|-damage|p1a: Buzzwole|88/100|[from] Stealth Rock
|move|p2a: Rillaboom|U-turn|p1a: Buzzwole
|-resisted|p1a: Buzzwole
|-crit|p1a: Buzzwole
|-damage|p1a: Buzzwole|72/100
|
|t:|1651731005
|switch|p2a: Tapu Koko|Tapu Koko|52/100|[from]move: U-turn
|-fieldstart|move: Electric Terrain|[from] ability: Electric Surge|[of] p2a: Tapu Koko
|
|-weather|SunnyDay|[upkeep]
|upkeep
|turn|41
|
|t:|1651731015
|switch|p1a: Swampert|Swampert, M|89/100 brn
|-damage|p1a: Swampert|83/100 brn|[from] Stealth Rock
|move|p2a: Tapu Koko|Thunderbolt|p1a: Swampert
|-immune|p1a: Swampert
|
|-weather|SunnyDay|[upkeep]
|-heal|p1a: Swampert|89/100 brn|[from] item: Leftovers
|-damage|p1a: Swampert|83/100 brn|[from] brn
|upkeep
|turn|42
|
|t:|1651731019
|move|p2a: Tapu Koko|U-turn|p1a: Swampert
|-damage|p1a: Swampert|67/100 brn
|
|t:|1651731022
|switch|p2a: Rillaboom|Rillaboom, F|85/100 tox|[from]move: U-turn
|-fieldstart|move: Grassy Terrain|[from] ability: Grassy Surge|[of] p2a: Rillaboom
|move|p1a: Swampert|Stealth Rock|p2a: Rillaboom
|-sidestart|p2: El Stefano|move: Stealth Rock
|
|-weather|none
|-heal|p2a: Rillaboom|91/100 tox|[from] Grassy Terrain
|-heal|p1a: Swampert|73/100 brn|[from] Grassy Terrain
|-heal|p1a: Swampert|79/100 brn|[from] item: Leftovers
|-damage|p2a: Rillaboom|85/100 tox|[from] psn
|-damage|p1a: Swampert|73/100 brn|[from] brn
|upkeep
|turn|43
|
|t:|1651731028
|switch|p1a: Tornadus|Tornadus-Therian, M|84/100
|move|p2a: Rillaboom|U-turn|p1a: Tornadus
|-resisted|p1a: Tornadus
|-damage|p1a: Tornadus|63/100
|
|t:|1651731033
|switch|p2a: Tapu Koko|Tapu Koko|52/100|[from]move: U-turn
|-damage|p2a: Tapu Koko|40/100|[from] Stealth Rock
|-fieldstart|move: Electric Terrain|[from] ability: Electric Surge|[of] p2a: Tapu Koko
|
|upkeep
|turn|44
|
|t:|1651731038
|switch|p1a: Swampert|Swampert, M|73/100 brn
|-damage|p1a: Swampert|67/100 brn|[from] Stealth Rock
|move|p2a: Tapu Koko|Roost|p2a: Tapu Koko
|-heal|p2a: Tapu Koko|90/100
|-singleturn|p2a: Tapu Koko|move: Roost
|
|-heal|p1a: Swampert|73/100 brn|[from] item: Leftovers
|-damage|p1a: Swampert|67/100 brn|[from] brn
|upkeep
|turn|45
|
|t:|1651731042
|move|p2a: Tapu Koko|U-turn|p1a: Swampert
|-damage|p1a: Swampert|53/100 brn
|
|t:|1651731045
|switch|p2a: Rillaboom|Rillaboom, F|85/100 tox|[from]move: U-turn
|-damage|p2a: Rillaboom|73/100 tox|[from] Stealth Rock
|-fieldstart|move: Grassy Terrain|[from] ability: Grassy Surge|[of] p2a: Rillaboom
|move|p1a: Swampert|Flip Turn|p2a: Rillaboom
|-resisted|p2a: Rillaboom
|-damage|p2a: Rillaboom|67/100 tox
|
|t:|1651731049
|switch|p1a: Buzzwole|Buzzwole|72/100|[from]move: Flip Turn
|-damage|p1a: Buzzwole|59/100|[from] Stealth Rock
|
|-heal|p2a: Rillaboom|73/100 tox|[from] Grassy Terrain
|-heal|p1a: Buzzwole|66/100|[from] Grassy Terrain
|-damage|p2a: Rillaboom|67/100 tox|[from] psn
|upkeep
|turn|46
|
|t:|1651731053
|move|p2a: Rillaboom|U-turn|p1a: Buzzwole
|-resisted|p1a: Buzzwole
|-damage|p1a: Buzzwole|56/100
|
|t:|1651731056
|switch|p2a: Torkoal|Torkoal, M|24/100|[from]move: U-turn
|-damage|p2a: Torkoal|0 fnt|[from] Stealth Rock
|faint|p2a: Torkoal
|move|p1a: Buzzwole|Roost|p1a: Buzzwole
|-heal|p1a: Buzzwole|100/100
|-singleturn|p1a: Buzzwole|move: Roost
|
|upkeep
|
|t:|1651731060
|switch|p2a: Tapu Koko|Tapu Koko|90/100
|-damage|p2a: Tapu Koko|77/100|[from] Stealth Rock
|-fieldstart|move: Electric Terrain|[from] ability: Electric Surge|[of] p2a: Tapu Koko
|turn|47
|
|t:|1651731081
|switch|p1a: Tornadus|Tornadus-Therian, M|96/100
|move|p2a: Tapu Koko|U-turn|p1a: Tornadus
|-resisted|p1a: Tornadus
|-damage|p1a: Tornadus|89/100
|
|t:|1651731084
|switch|p2a: Rillaboom|Rillaboom, F|67/100 tox|[from]move: U-turn
|-damage|p2a: Rillaboom|54/100 tox|[from] Stealth Rock
|-fieldstart|move: Grassy Terrain|[from] ability: Grassy Surge|[of] p2a: Rillaboom
|
|-heal|p2a: Rillaboom|61/100 tox|[from] Grassy Terrain
|-damage|p2a: Rillaboom|54/100 tox|[from] psn
|upkeep
|turn|48
|
|t:|1651731088
|switch|p2a: Tapu Koko|Tapu Koko|77/100
|-damage|p2a: Tapu Koko|65/100|[from] Stealth Rock
|-fieldstart|move: Electric Terrain|[from] ability: Electric Surge|[of] p2a: Tapu Koko
|move|p1a: Tornadus|U-turn|p2a: Tapu Koko
|-resisted|p2a: Tapu Koko
|-damage|p2a: Tapu Koko|54/100
|
|t:|1651731092
|switch|p1a: Tapu Lele|Tapu Lele|24/100|[from]move: U-turn
|-damage|p1a: Tapu Lele|12/100|[from] Stealth Rock
|-fieldstart|move: Psychic Terrain|[from] ability: Psychic Surge|[of] p1a: Tapu Lele
|
|upkeep
|turn|49
|
|t:|1651731095
|move|p1a: Tapu Lele|Psyshock|p2a: Tapu Koko
|-damage|p2a: Tapu Koko|0 fnt
|faint|p2a: Tapu Koko
|
|upkeep
|
|t:|1651731098
|switch|p2a: Rillaboom|Rillaboom, F|54/100 tox
|-damage|p2a: Rillaboom|42/100 tox|[from] Stealth Rock
|-fieldstart|move: Grassy Terrain|[from] ability: Grassy Surge|[of] p2a: Rillaboom
|turn|50
|
|t:|1651731105
|switch|p1a: Buzzwole|Buzzwole|100/100
|-damage|p1a: Buzzwole|88/100|[from] Stealth Rock
|move|p2a: Rillaboom|Grassy Glide|p1a: Buzzwole
|-resisted|p1a: Buzzwole
|-damage|p1a: Buzzwole|67/100
|
|-heal|p2a: Rillaboom|48/100 tox|[from] Grassy Terrain
|-heal|p1a: Buzzwole|73/100|[from] Grassy Terrain
|-damage|p2a: Rillaboom|42/100 tox|[from] psn
|upkeep
|turn|51
|
|t:|1651731108
|move|p2a: Rillaboom|Grassy Glide|p1a: Buzzwole
|-resisted|p1a: Buzzwole
|-damage|p1a: Buzzwole|52/100
|move|p1a: Buzzwole|Ice Punch|p2a: Rillaboom
|-supereffective|p2a: Rillaboom
|-damage|p2a: Rillaboom|0 fnt
|faint|p2a: Rillaboom
|
|win|Kwaga
|raw|Kwaga's rating: 1599 &rarr; <strong>1615</strong><br />(+16 for winning)
|raw|El Stefano's rating: 1526 &rarr; <strong>1510</strong><br />(-16 for losing)
