|j|☆CCLM
|j|‽ghecisbestvillain
|t:|1663440427
|gametype|singles
|player|p1|CCLM|101|1980
|player|p2|ghecisbestvillain|scientist-gen4|1892
|teamsize|p1|6
|teamsize|p2|6
|gen|8
|tier|[Gen 8] OU
|rated|
|rule|Sleep Clause Mod: Limit one foe put to sleep
|rule|Species Clause: Limit one of each Pokémon
|rule|OHKO Clause: OHKO moves are banned
|rule|Evasion Items Clause: Evasion items are banned
|rule|Evasion Moves Clause: Evasion moves are banned
|rule|Endless Battle Clause: Forcing endless battles is banned
|rule|HP Percentage Mod: HP is shown in percentages
|rule|Dynamax Clause: You cannot dynamax
|clearpoke
|poke|p1|Crawdaunt, M|
|poke|p1|Rotom-Wash|
|poke|p1|Dragapult, M|
|poke|p1|Aegislash, M|
|poke|p1|Clefable, M|
|poke|p1|Landorus-Therian, M|
|poke|p2|Chansey, F|
|poke|p2|Quagsire, M|
|poke|p2|Corviknight, M|
|poke|p2|Toxapex, M|
|poke|p2|Buzzwole|
|poke|p2|Tyranitar, M|
|teampreview
|inactive|Battle timer is ON: inactive players will automatically lose when time's up. (requested by ghecisbestvillain)
|
|t:|1663440443
|start
|switch|p1a: Rotom|Rotom-Wash|100/100
|switch|p2a: Toxapex|Toxapex, M|100/100
|turn|1
|
|t:|1663440448
|move|p1a: Rotom|Volt Switch|p2a: Toxapex
|-supereffective|p2a: Toxapex
|-damage|p2a: Toxapex|56/100
|
|t:|1663440450
|switch|p1a: Clefable|Clefable, M|100/100|[from]move: Volt Switch
|move|p2a: Toxapex|Knock Off|p1a: Clefable
|-resisted|p1a: Clefable
|-damage|p1a: Clefable|93/100
|-enditem|p1a: Clefable|Leftovers|[from] move: Knock Off|[of] p2a: Toxapex
|
|upkeep
|turn|2
|
|t:|1663440458
|switch|p2a: Corviknight|Corviknight, M|100/100
|-ability|p2a: Corviknight|Pressure
|move|p1a: Clefable|Stealth Rock|p2a: Corviknight
|-sidestart|p2: ghecisbestvillain|move: Stealth Rock
|
|upkeep
|turn|3
|
|t:|1663440463
|move|p2a: Corviknight|Defog|p1a: Clefable
|-unboost|p1a: Clefable|evasion|1
|-sideend|p2: ghecisbestvillain|Stealth Rock|[from] move: Defog|[of] p2a: Corviknight
|move|p1a: Clefable|Thunder Wave|p2a: Corviknight
|-status|p2a: Corviknight|par
|
|upkeep
|turn|4
|j| ghdfggsrgsdfgd
|
|t:|1663440469
|move|p1a: Clefable|Stealth Rock|p2a: Corviknight
|-sidestart|p2: ghecisbestvillain|move: Stealth Rock
|move|p2a: Corviknight|Iron Defense|p2a: Corviknight
|-boost|p2a: Corviknight|def|2
|
|upkeep
|turn|5
|
|t:|1663440474
|switch|p1a: Rotom|Rotom-Wash|100/100
|cant|p2a: Corviknight|par
|
|upkeep
|turn|6
|
|t:|1663440479
|move|p1a: Rotom|Trick|p2a: Corviknight
|-activate|p1a: Rotom|move: Trick|[of] p2a: Corviknight
|-item|p2a: Corviknight|Choice Scarf|[from] move: Trick
|-item|p1a: Rotom|Leftovers|[from] move: Trick
|cant|p2a: Corviknight|par
|
|upkeep
|turn|7
|
|t:|1663440484
|move|p1a: Rotom|Volt Switch|p2a: Corviknight
|-supereffective|p2a: Corviknight
|-damage|p2a: Corviknight|57/100 par
|
|t:|1663440492
|switch|p1a: Dragapult|Dragapult, M|100/100|[from]move: Volt Switch
|cant|p2a: Corviknight|par
|
|upkeep
|turn|8
|
|t:|1663440497
|switch|p2a: Toxapex|Toxapex, M|90/100
|-damage|p2a: Toxapex|77/100|[from] Stealth Rock
|move|p1a: Dragapult|U-turn|p2a: Toxapex
|-resisted|p2a: Toxapex
|-damage|p2a: Toxapex|72/100
|-damage|p1a: Dragapult|84/100|[from] item: Rocky Helmet|[of] p2a: Toxapex
|
|t:|1663440499
|switch|p1a: Crawdaunt|Crawdaunt, M|100/100|[from]move: U-turn
|
|upkeep
|turn|9
|
|t:|1663440506
|switch|p2a: Buzzwole|Buzzwole|100/100
|move|p1a: Crawdaunt|Substitute|p1a: Crawdaunt
|-start|p1a: Crawdaunt|Substitute
|-damage|p1a: Crawdaunt|76/100
|
|upkeep
|turn|10
|
|t:|1663440513
|move|p1a: Crawdaunt|Knock Off|p2a: Buzzwole
|-resisted|p2a: Buzzwole
|-damage|p2a: Buzzwole|84/100
|-enditem|p2a: Buzzwole|Heavy-Duty Boots|[from] move: Knock Off|[of] p1a: Crawdaunt
|move|p2a: Buzzwole|Leech Life|p1a: Crawdaunt
|-supereffective|p1a: Crawdaunt
|-end|p1a: Crawdaunt|Substitute
|-heal|p2a: Buzzwole|92/100|[from] drain|[of] p1a: Crawdaunt
|
|upkeep
|turn|11
|j| Young Lilo
|j| hardstuck1700sLUL
|l| Young Lilo
|
|t:|1663440525
|switch|p1a: Dragapult|Dragapult, M|84/100
|move|p2a: Buzzwole|Leech Life|p1a: Dragapult
|-resisted|p1a: Dragapult
|-damage|p1a: Dragapult|64/100
|-heal|p2a: Buzzwole|100/100|[from] drain|[of] p1a: Dragapult
|
|upkeep
|turn|12
|
|t:|1663440541
|switch|p1a: Crawdaunt|Crawdaunt, M|76/100
|switch|p2a: Toxapex|Toxapex, M|100/100
|-damage|p2a: Toxapex|88/100|[from] Stealth Rock
|
|upkeep
|turn|13
|
|t:|1663440550
|switch|p1a: Clefable|Clefable, M|93/100
|switch|p2a: Buzzwole|Buzzwole|100/100
|-damage|p2a: Buzzwole|88/100|[from] Stealth Rock
|
|upkeep
|turn|14
|
|t:|1663440563
|switch|p2a: Corviknight|Corviknight, M|57/100 par
|-damage|p2a: Corviknight|44/100 par|[from] Stealth Rock
|-ability|p2a: Corviknight|Pressure
|move|p1a: Clefable|Thunder Wave|p2a: Corviknight
|-fail|p2a: Corviknight|par
|
|upkeep
|turn|15
|
|t:|1663440569
|switch|p1a: Rotom|Rotom-Wash|100/100
|move|p2a: Corviknight|Defog|p1a: Rotom
|-unboost|p1a: Rotom|evasion|1
|-sideend|p2: ghecisbestvillain|Stealth Rock|[from] move: Defog|[of] p2a: Corviknight
|
|upkeep
|turn|16
|
|t:|1663440576
|switch|p1a: Clefable|Clefable, M|93/100
|switch|p2a: Toxapex|Toxapex, M|100/100
|
|upkeep
|turn|17
|
|t:|1663440582
|switch|p2a: Corviknight|Corviknight, M|44/100 par
|-ability|p2a: Corviknight|Pressure
|move|p1a: Clefable|Stealth Rock|p2a: Corviknight
|-sidestart|p2: ghecisbestvillain|move: Stealth Rock
|
|upkeep
|turn|18
|
|t:|1663440588
|switch|p1a: Rotom|Rotom-Wash|100/100
|move|p2a: Corviknight|Defog|p1a: Rotom
|-unboost|p1a: Rotom|evasion|1
|-sideend|p2: ghecisbestvillain|Stealth Rock|[from] move: Defog|[of] p2a: Corviknight
|
|upkeep
|turn|19
|
|t:|1663440594
|switch|p1a: Clefable|Clefable, M|93/100
|switch|p2a: Quagsire|Quagsire, M|100/100
|
|upkeep
|turn|20
|
|t:|1663440601
|switch|p2a: Corviknight|Corviknight, M|44/100 par
|-ability|p2a: Corviknight|Pressure
|move|p1a: Clefable|Stealth Rock|p2a: Corviknight
|-sidestart|p2: ghecisbestvillain|move: Stealth Rock
|
|upkeep
|turn|21
|
|t:|1663440606
|move|p1a: Clefable|Moonblast|p2a: Corviknight
|-resisted|p2a: Corviknight
|-damage|p2a: Corviknight|29/100 par
|move|p2a: Corviknight|Defog|p1a: Clefable
|-unboost|p1a: Clefable|evasion|1
|-sideend|p2: ghecisbestvillain|Stealth Rock|[from] move: Defog|[of] p2a: Corviknight
|
|upkeep
|turn|22
|
|t:|1663440614
|switch|p2a: Chansey|Chansey, F|100/100
|move|p1a: Clefable|Stealth Rock|p2a: Chansey
|-sidestart|p2: ghecisbestvillain|move: Stealth Rock
|
|upkeep
|turn|23
|
|t:|1663440620
|switch|p1a: Aegislash|Aegislash, M|100/100
|move|p2a: Chansey|Aromatherapy|p2a: Chansey
|-activate|p2a: Chansey|move: Aromatherapy
|-curestatus|p2: Corviknight|par|[msg]
|
|upkeep
|turn|24
|
|t:|1663440628
|switch|p2a: Toxapex|Toxapex, M|100/100
|-damage|p2a: Toxapex|88/100|[from] Stealth Rock
|move|p1a: Aegislash|Substitute|p1a: Aegislash
|-start|p1a: Aegislash|Substitute
|-damage|p1a: Aegislash|75/100
|
|-heal|p1a: Aegislash|82/100|[from] item: Leftovers
|upkeep
|turn|25
|
|t:|1663440636
|move|p1a: Aegislash|King's Shield|p1a: Aegislash
|-singleturn|p1a: Aegislash|Protect
|move|p2a: Toxapex|Scald|p1a: Aegislash
|-activate|p1a: Aegislash|move: Protect
|
|-heal|p1a: Aegislash|88/100|[from] item: Leftovers
|upkeep
|turn|26
|
|t:|1663440643
|move|p1a: Aegislash|Toxic|p2a: Toxapex|[miss]
|-miss|p1a: Aegislash|p2a: Toxapex
|move|p2a: Toxapex|Knock Off|p1a: Aegislash
|-supereffective|p1a: Aegislash
|-end|p1a: Aegislash|Substitute
|
|-heal|p1a: Aegislash|94/100|[from] item: Leftovers
|upkeep
|turn|27
|
|t:|1663440650
|switch|p1a: Clefable|Clefable, M|93/100
|move|p2a: Toxapex|Scald|p1a: Clefable
|-damage|p1a: Clefable|82/100
|
|upkeep
|turn|28
|
|t:|1663440660
|switch|p2a: Corviknight|Corviknight, M|29/100
|-damage|p2a: Corviknight|16/100|[from] Stealth Rock
|-ability|p2a: Corviknight|Pressure
|move|p1a: Clefable|Thunder Wave|p2a: Corviknight
|-status|p2a: Corviknight|par
|
|upkeep
|turn|29
|
|t:|1663440668
|move|p1a: Clefable|Moonblast|p2a: Corviknight
|-resisted|p2a: Corviknight
|-damage|p2a: Corviknight|2/100 par
|-unboost|p2a: Corviknight|spa|1
|cant|p2a: Corviknight|par
|
|upkeep
|turn|30
|
|t:|1663440674
|move|p1a: Clefable|Moonblast|p2a: Corviknight
|-resisted|p2a: Corviknight
|-damage|p2a: Corviknight|0 fnt
|faint|p2a: Corviknight
|
|upkeep
|
|t:|1663440679
|switch|p2a: Chansey|Chansey, F|100/100
|-damage|p2a: Chansey|88/100|[from] Stealth Rock
|turn|31
|
|t:|1663440684
|switch|p1a: Dragapult|Dragapult, M|64/100
|move|p2a: Chansey|Stealth Rock|p1a: Dragapult
|-sidestart|p1: CCLM|move: Stealth Rock
|
|upkeep
|turn|32
|
|t:|1663440694
|switch|p1a: Clefable|Clefable, M|82/100
|switch|p2a: Toxapex|Toxapex, M|100/100
|-damage|p2a: Toxapex|88/100|[from] Stealth Rock
|
|upkeep
|turn|33
|
|t:|1663440703
|switch|p2a: Quagsire|Quagsire, M|100/100
|-damage|p2a: Quagsire|94/100|[from] Stealth Rock
|move|p1a: Clefable|Thunder Wave|p2a: Quagsire
|-immune|p2a: Quagsire
|
|-heal|p2a: Quagsire|100/100|[from] item: Leftovers
|upkeep
|turn|34
|
|t:|1663440712
|switch|p2a: Toxapex|Toxapex, M|100/100
|-damage|p2a: Toxapex|88/100|[from] Stealth Rock
|move|p1a: Clefable|Moonblast|p2a: Toxapex
|-resisted|p2a: Toxapex
|-damage|p2a: Toxapex|76/100
|-unboost|p2a: Toxapex|spa|1
|
|upkeep
|turn|35
|
|t:|1663440721
|switch|p2a: Quagsire|Quagsire, M|100/100
|-damage|p2a: Quagsire|94/100|[from] Stealth Rock
|move|p1a: Clefable|Moonblast|p2a: Quagsire
|-damage|p2a: Quagsire|56/100
|-unboost|p2a: Quagsire|spa|1
|
|-heal|p2a: Quagsire|62/100|[from] item: Leftovers
|upkeep
|turn|36
|
|t:|1663440735
|switch|p1a: Aegislash|Aegislash, M|94/100
|-damage|p1a: Aegislash|88/100|[from] Stealth Rock
|move|p2a: Quagsire|Recover|p2a: Quagsire
|-heal|p2a: Quagsire|100/100
|
|-heal|p1a: Aegislash|94/100|[from] item: Leftovers
|upkeep
|turn|37
|
|t:|1663440743
|switch|p2a: Toxapex|Toxapex, M|100/100
|-damage|p2a: Toxapex|88/100|[from] Stealth Rock
|move|p1a: Aegislash|King's Shield||[still]
|-fail|p1a: Aegislash
|
|-heal|p1a: Aegislash|99/100|[from] item: Leftovers
|upkeep
|turn|38
|
|t:|1663440751
|switch|p2a: Buzzwole|Buzzwole|88/100
|-damage|p2a: Buzzwole|76/100|[from] Stealth Rock
|move|p1a: Aegislash|Substitute|p1a: Aegislash
|-start|p1a: Aegislash|Substitute
|-damage|p1a: Aegislash|75/100
|
|-heal|p1a: Aegislash|81/100|[from] item: Leftovers
|upkeep
|turn|39
|
|t:|1663440759
|move|p2a: Buzzwole|Roost|p2a: Buzzwole
|-heal|p2a: Buzzwole|100/100
|-singleturn|p2a: Buzzwole|move: Roost
|-formechange|p1a: Aegislash|Aegislash-Blade||[from] ability: Stance Change
|move|p1a: Aegislash|Shadow Ball|p2a: Buzzwole
|-damage|p2a: Buzzwole|32/100
|
|-heal|p1a: Aegislash|88/100|[from] item: Leftovers
|upkeep
|turn|40
|
|t:|1663440771
|move|p2a: Buzzwole|Roost|p2a: Buzzwole
|-heal|p2a: Buzzwole|82/100
|-singleturn|p2a: Buzzwole|move: Roost
|move|p1a: Aegislash|Shadow Ball|p2a: Buzzwole
|-damage|p2a: Buzzwole|14/100
|
|-heal|p1a: Aegislash|94/100|[from] item: Leftovers
|upkeep
|turn|41
|
|t:|1663440781
|switch|p2a: Toxapex|Toxapex, M|100/100
|-damage|p2a: Toxapex|88/100|[from] Stealth Rock
|move|p1a: Aegislash|Shadow Ball|p2a: Toxapex
|-damage|p2a: Toxapex|53/100
|
|-heal|p1a: Aegislash|99/100|[from] item: Leftovers
|upkeep
|turn|42
|
|t:|1663440793
|switch|p2a: Tyranitar|Tyranitar, M|100/100
|-damage|p2a: Tyranitar|88/100|[from] Stealth Rock
|-weather|Sandstorm|[from] ability: Sand Stream|[of] p2a: Tyranitar
|move|p1a: Aegislash|Shadow Ball|p2a: Tyranitar
|-resisted|p2a: Tyranitar
|-damage|p2a: Tyranitar|75/100
|
|-weather|Sandstorm|[upkeep]
|-heal|p1a: Aegislash|100/100|[from] item: Leftovers
|upkeep
|turn|43
|
|t:|1663440805
|move|p1a: Aegislash|Shadow Ball|p2a: Tyranitar
|-resisted|p2a: Tyranitar
|-damage|p2a: Tyranitar|64/100
|move|p2a: Tyranitar|Rest|p2a: Tyranitar
|-status|p2a: Tyranitar|slp|[from] move: Rest
|-heal|p2a: Tyranitar|100/100 slp|[silent]
|
|-weather|Sandstorm|[upkeep]
|upkeep
|turn|44
|
|t:|1663440815
|switch|p2a: Toxapex|Toxapex, M|86/100
|-damage|p2a: Toxapex|74/100|[from] Stealth Rock
|move|p1a: Aegislash|Shadow Ball|p2a: Toxapex
|-damage|p2a: Toxapex|37/100
|
|-weather|Sandstorm|[upkeep]
|-damage|p2a: Toxapex|31/100|[from] Sandstorm
|upkeep
|turn|45
|
|t:|1663440826
|switch|p1a: Landorus|Landorus-Therian, M|100/100
|-damage|p1a: Landorus|88/100|[from] Stealth Rock
|-ability|p1a: Landorus|Intimidate|boost
|-unboost|p2a: Toxapex|atk|1
|switch|p2a: Tyranitar|Tyranitar, M|100/100 slp
|-damage|p2a: Tyranitar|88/100 slp|[from] Stealth Rock
|
|-weather|Sandstorm|[upkeep]
|-heal|p1a: Landorus|94/100|[from] item: Leftovers
|upkeep
|turn|46
|
|t:|1663440837
|switch|p2a: Quagsire|Quagsire, M|100/100
|-damage|p2a: Quagsire|94/100|[from] Stealth Rock
|move|p1a: Landorus|Knock Off|p2a: Quagsire
|-damage|p2a: Quagsire|72/100
|-enditem|p2a: Quagsire|Leftovers|[from] move: Knock Off|[of] p1a: Landorus
|
|-weather|none
|-heal|p1a: Landorus|99/100|[from] item: Leftovers
|upkeep
|turn|47
|j| TBJL
|
|t:|1663440851
|switch|p1a: Aegislash|Aegislash, M|100/100
|-damage|p1a: Aegislash|94/100|[from] Stealth Rock
|move|p2a: Quagsire|Recover|p2a: Quagsire
|-heal|p2a: Quagsire|100/100
|
|-heal|p1a: Aegislash|100/100|[from] item: Leftovers
|upkeep
|turn|48
|
|t:|1663440860
|switch|p2a: Toxapex|Toxapex, M|64/100
|-damage|p2a: Toxapex|52/100|[from] Stealth Rock
|move|p1a: Aegislash|Toxic|p2a: Toxapex
|-immune|p2a: Toxapex
|
|upkeep
|turn|49
|
|t:|1663440868
|switch|p2a: Tyranitar|Tyranitar, M|88/100 slp
|-damage|p2a: Tyranitar|75/100 slp|[from] Stealth Rock
|-weather|Sandstorm|[from] ability: Sand Stream|[of] p2a: Tyranitar
|move|p1a: Aegislash|Substitute|p1a: Aegislash
|-start|p1a: Aegislash|Substitute
|-damage|p1a: Aegislash|75/100
|
|-weather|Sandstorm|[upkeep]
|-heal|p1a: Aegislash|82/100|[from] item: Leftovers
|upkeep
|turn|50
|
|t:|1663440877
|-formechange|p1a: Aegislash|Aegislash-Blade||[from] ability: Stance Change
|move|p1a: Aegislash|Shadow Ball|p2a: Tyranitar
|-resisted|p2a: Tyranitar
|-damage|p2a: Tyranitar|64/100 slp
|cant|p2a: Tyranitar|slp
|
|-weather|Sandstorm|[upkeep]
|-heal|p1a: Aegislash|88/100|[from] item: Leftovers
|upkeep
|turn|51
|
|t:|1663440886
|switch|p1a: Landorus|Landorus-Therian, M|99/100
|-damage|p1a: Landorus|88/100|[from] Stealth Rock
|-ability|p1a: Landorus|Intimidate|boost
|-unboost|p2a: Tyranitar|atk|1
|cant|p2a: Tyranitar|slp
|
|-weather|Sandstorm|[upkeep]
|-heal|p1a: Landorus|94/100|[from] item: Leftovers
|upkeep
|turn|52
|
|t:|1663440896
|switch|p1a: Aegislash|Aegislash, M|88/100
|-damage|p1a: Aegislash|82/100|[from] Stealth Rock
|switch|p2a: Quagsire|Quagsire, M|100/100
|-damage|p2a: Quagsire|94/100|[from] Stealth Rock
|
|-weather|Sandstorm|[upkeep]
|-heal|p1a: Aegislash|88/100|[from] item: Leftovers
|upkeep
|turn|53
|
|t:|1663440906
|switch|p2a: Tyranitar|Tyranitar, M|64/100 slp
|-damage|p2a: Tyranitar|52/100 slp|[from] Stealth Rock
|move|p1a: Aegislash|Substitute|p1a: Aegislash
|-start|p1a: Aegislash|Substitute
|-damage|p1a: Aegislash|63/100
|
|-weather|none
|-heal|p1a: Aegislash|69/100|[from] item: Leftovers
|upkeep
|turn|54
|
|t:|1663440914
|move|p1a: Aegislash|King's Shield|p1a: Aegislash
|-singleturn|p1a: Aegislash|Protect
|-curestatus|p2a: Tyranitar|slp|[msg]
|move|p2a: Tyranitar|Rest|p2a: Tyranitar
|-status|p2a: Tyranitar|slp|[from] move: Rest
|-heal|p2a: Tyranitar|100/100 slp|[silent]
|
|-heal|p1a: Aegislash|75/100|[from] item: Leftovers
|upkeep
|turn|55
|
|t:|1663440923
|switch|p1a: Crawdaunt|Crawdaunt, M|76/100
|switch|p2a: Chansey|Chansey, F|88/100
|-damage|p2a: Chansey|76/100|[from] Stealth Rock
|
|upkeep
|turn|56
|
|t:|1663440937
|switch|p1a: Landorus|Landorus-Therian, M|94/100
|-damage|p1a: Landorus|82/100|[from] Stealth Rock
|-ability|p1a: Landorus|Intimidate|boost
|-unboost|p2a: Chansey|atk|1
|switch|p2a: Quagsire|Quagsire, M|94/100
|-damage|p2a: Quagsire|88/100|[from] Stealth Rock
|
|-heal|p1a: Landorus|88/100|[from] item: Leftovers
|upkeep
|turn|57
|
|t:|1663440947
|switch|p1a: Clefable|Clefable, M|82/100
|move|p2a: Quagsire|Toxic|p1a: Clefable
|-status|p1a: Clefable|tox
|
|upkeep
|turn|58
|
|t:|1663440955
|switch|p2a: Toxapex|Toxapex, M|85/100
|-damage|p2a: Toxapex|73/100|[from] Stealth Rock
|move|p1a: Clefable|Thunder Wave|p2a: Toxapex
|-status|p2a: Toxapex|par
|
|upkeep
|turn|59
|
|t:|1663440964
|switch|p1a: Rotom|Rotom-Wash|100/100
|-damage|p1a: Rotom|88/100|[from] Stealth Rock
|switch|p2a: Chansey|Chansey, F|76/100
|-damage|p2a: Chansey|63/100|[from] Stealth Rock
|
|-heal|p1a: Rotom|94/100|[from] item: Leftovers
|upkeep
|turn|60
|j| wooot
|
|t:|1663440972
|move|p1a: Rotom|Volt Switch|p2a: Chansey
|-damage|p2a: Chansey|57/100
|
|t:|1663440979
|switch|p1a: Dragapult|Dragapult, M|64/100|[from]move: Volt Switch
|move|p2a: Chansey|Soft-Boiled|p2a: Chansey
|-heal|p2a: Chansey|100/100
|
|upkeep
|turn|61
|
|t:|1663440985
|switch|p2a: Toxapex|Toxapex, M|100/100 par
|-damage|p2a: Toxapex|88/100 par|[from] Stealth Rock
|move|p1a: Dragapult|U-turn|p2a: Toxapex
|-resisted|p2a: Toxapex
|-damage|p2a: Toxapex|83/100 par
|-damage|p1a: Dragapult|47/100|[from] item: Rocky Helmet|[of] p2a: Toxapex
|
|t:|1663440988
|switch|p1a: Crawdaunt|Crawdaunt, M|76/100|[from]move: U-turn
|
|upkeep
|turn|62
|
|t:|1663440999
|move|p1a: Crawdaunt|Substitute|p1a: Crawdaunt
|-start|p1a: Crawdaunt|Substitute
|-damage|p1a: Crawdaunt|51/100
|move|p2a: Toxapex|Knock Off|p1a: Crawdaunt
|-resisted|p1a: Crawdaunt
|-activate|p1a: Crawdaunt|move: Substitute|[damage]
|
|upkeep
|turn|63
|
|t:|1663441005
|move|p1a: Crawdaunt|Swords Dance|p1a: Crawdaunt
|-boost|p1a: Crawdaunt|atk|2
|cant|p2a: Toxapex|par
|
|upkeep
|turn|64
|
|t:|1663441011
|switch|p2a: Quagsire|Quagsire, M|88/100
|-damage|p2a: Quagsire|82/100|[from] Stealth Rock
|move|p1a: Crawdaunt|Swords Dance|p1a: Crawdaunt
|-boost|p1a: Crawdaunt|atk|2
|
|upkeep
|turn|65
|
|t:|1663441018
|move|p1a: Crawdaunt|Crabhammer|p2a: Quagsire
|-damage|p2a: Quagsire|37/100
|move|p2a: Quagsire|Recover|p2a: Quagsire
|-heal|p2a: Quagsire|87/100
|
|upkeep
|turn|66
|
|t:|1663441024
|move|p1a: Crawdaunt|Crabhammer|p2a: Quagsire
|-damage|p2a: Quagsire|39/100
|move|p2a: Quagsire|Recover|p2a: Quagsire
|-heal|p2a: Quagsire|89/100
|
|upkeep
|turn|67
|
|t:|1663441031
|move|p1a: Crawdaunt|Crabhammer|p2a: Quagsire
|-damage|p2a: Quagsire|45/100
|move|p2a: Quagsire|Recover|p2a: Quagsire
|-heal|p2a: Quagsire|95/100
|
|upkeep
|turn|68
|
|t:|1663441037
|move|p1a: Crawdaunt|Crabhammer|p2a: Quagsire
|-damage|p2a: Quagsire|51/100
|move|p2a: Quagsire|Recover|p2a: Quagsire
|-heal|p2a: Quagsire|100/100
|
|upkeep
|turn|69
|
|t:|1663441043
|switch|p2a: Toxapex|Toxapex, M|100/100 par
|-damage|p2a: Toxapex|88/100 par|[from] Stealth Rock
|move|p1a: Crawdaunt|Crabhammer|p2a: Toxapex
|-resisted|p2a: Toxapex
|-damage|p2a: Toxapex|34/100 par
|-damage|p1a: Crawdaunt|35/100|[from] item: Rocky Helmet|[of] p2a: Toxapex
|
|upkeep
|turn|70
|
|t:|1663441053
|switch|p2a: Buzzwole|Buzzwole|14/100
|-damage|p2a: Buzzwole|2/100|[from] Stealth Rock
|move|p1a: Crawdaunt|Crabhammer|p2a: Buzzwole
|-crit|p2a: Buzzwole
|-damage|p2a: Buzzwole|0 fnt
|faint|p2a: Buzzwole
|
|upkeep
|
|t:|1663441061
|switch|p2a: Toxapex|Toxapex, M|67/100 par
|-damage|p2a: Toxapex|55/100 par|[from] Stealth Rock
|turn|71
|
|t:|1663441066
|switch|p2a: Quagsire|Quagsire, M|100/100
|-damage|p2a: Quagsire|94/100|[from] Stealth Rock
|move|p1a: Crawdaunt|Crabhammer|p2a: Quagsire|[miss]
|-miss|p1a: Crawdaunt|p2a: Quagsire
|
|upkeep
|turn|72
|
|t:|1663441073
|move|p1a: Crawdaunt|Knock Off|p2a: Quagsire
|-damage|p2a: Quagsire|65/100
|move|p2a: Quagsire|Recover|p2a: Quagsire
|-heal|p2a: Quagsire|100/100
|
|upkeep
|turn|73
|
|t:|1663441079
|switch|p2a: Toxapex|Toxapex, M|88/100 par
|-damage|p2a: Toxapex|76/100 par|[from] Stealth Rock
|move|p1a: Crawdaunt|Knock Off|p2a: Toxapex
|-damage|p2a: Toxapex|0 fnt
|-damage|p1a: Crawdaunt|18/100|[from] item: Rocky Helmet|[of] p2a: Toxapex
|-enditem|p2a: Toxapex|Rocky Helmet|[from] move: Knock Off|[of] p1a: Crawdaunt
|faint|p2a: Toxapex
|
|upkeep
|
|t:|1663441089
|switch|p2a: Quagsire|Quagsire, M|100/100
|-damage|p2a: Quagsire|94/100|[from] Stealth Rock
|turn|74
|
|t:|1663441094
|move|p1a: Crawdaunt|Crabhammer|p2a: Quagsire
|-damage|p2a: Quagsire|49/100
|move|p2a: Quagsire|Recover|p2a: Quagsire
|-heal|p2a: Quagsire|99/100
|
|upkeep
|turn|75
|
|t:|1663441101
|move|p1a: Crawdaunt|Crabhammer|p2a: Quagsire
|-damage|p2a: Quagsire|50/100
|move|p2a: Quagsire|Earth Power|p1a: Crawdaunt
|-end|p1a: Crawdaunt|Substitute
|
|upkeep
|turn|76
|
|t:|1663441110
|move|p1a: Crawdaunt|Knock Off|p2a: Quagsire
|-damage|p2a: Quagsire|18/100
|move|p2a: Quagsire|Recover|p2a: Quagsire
|-heal|p2a: Quagsire|68/100
|
|upkeep
|turn|77
|
|t:|1663441115
|move|p1a: Crawdaunt|Crabhammer|p2a: Quagsire
|-damage|p2a: Quagsire|25/100
|move|p2a: Quagsire|Recover|p2a: Quagsire
|-heal|p2a: Quagsire|75/100
|
|upkeep
|turn|78
|
|t:|1663441121
|move|p1a: Crawdaunt|Crabhammer|p2a: Quagsire
|-damage|p2a: Quagsire|25/100
|move|p2a: Quagsire|Recover|p2a: Quagsire
|-heal|p2a: Quagsire|75/100
|
|upkeep
|turn|79
|
|t:|1663441127
|move|p1a: Crawdaunt|Crabhammer|p2a: Quagsire
|-damage|p2a: Quagsire|31/100
|move|p2a: Quagsire|Earth Power|p1a: Crawdaunt
|-damage|p1a: Crawdaunt|0 fnt
|faint|p1a: Crawdaunt
|
|upkeep
|
|t:|1663441133
|switch|p1a: Aegislash|Aegislash, M|75/100
|-damage|p1a: Aegislash|69/100|[from] Stealth Rock
|turn|80
|
|t:|1663441140
|switch|p2a: Chansey|Chansey, F|100/100
|-damage|p2a: Chansey|88/100|[from] Stealth Rock
|-formechange|p1a: Aegislash|Aegislash-Blade||[from] ability: Stance Change
|move|p1a: Aegislash|Shadow Ball|p2a: Chansey
|-immune|p2a: Chansey
|
|-heal|p1a: Aegislash|75/100|[from] item: Leftovers
|upkeep
|turn|81
|
|t:|1663441150
|switch|p1a: Dragapult|Dragapult, M|47/100
|switch|p2a: Tyranitar|Tyranitar, M|100/100 slp
|-damage|p2a: Tyranitar|88/100 slp|[from] Stealth Rock
|-weather|Sandstorm|[from] ability: Sand Stream|[of] p2a: Tyranitar
|
|-weather|Sandstorm|[upkeep]
|-damage|p1a: Dragapult|41/100|[from] Sandstorm
|upkeep
|turn|82
|l| hardstuck1700sLUL
|
|t:|1663441159
|switch|p2a: Chansey|Chansey, F|88/100
|-damage|p2a: Chansey|76/100|[from] Stealth Rock
|move|p1a: Dragapult|U-turn|p2a: Chansey
|-damage|p2a: Chansey|64/100
|j| Saorihhhhhhh
|
|t:|1663441162
|switch|p1a: Landorus|Landorus-Therian, M|88/100|[from]move: U-turn
|-damage|p1a: Landorus|75/100|[from] Stealth Rock
|-ability|p1a: Landorus|Intimidate|boost
|-unboost|p2a: Chansey|atk|1
|
|-weather|Sandstorm|[upkeep]
|-damage|p2a: Chansey|58/100|[from] Sandstorm
|-heal|p1a: Landorus|81/100|[from] item: Leftovers
|upkeep
|turn|83
|
|t:|1663441175
|move|p1a: Landorus|Knock Off|p2a: Chansey
|-damage|p2a: Chansey|36/100
|-enditem|p2a: Chansey|Eviolite|[from] move: Knock Off|[of] p1a: Landorus
|move|p2a: Chansey|Soft-Boiled|p2a: Chansey
|-heal|p2a: Chansey|86/100
|
|-weather|Sandstorm|[upkeep]
|-damage|p2a: Chansey|80/100|[from] Sandstorm
|-heal|p1a: Landorus|87/100|[from] item: Leftovers
|upkeep
|turn|84
|
|t:|1663441183
|move|p1a: Landorus|Earthquake|p2a: Chansey
|-damage|p2a: Chansey|31/100
|move|p2a: Chansey|Soft-Boiled|p2a: Chansey
|-heal|p2a: Chansey|81/100
|
|-weather|Sandstorm|[upkeep]
|-damage|p2a: Chansey|75/100|[from] Sandstorm
|-heal|p1a: Landorus|93/100|[from] item: Leftovers
|upkeep
|turn|85
|
|t:|1663441191
|move|p1a: Landorus|Earthquake|p2a: Chansey
|-damage|p2a: Chansey|26/100
|move|p2a: Chansey|Soft-Boiled|p2a: Chansey
|-heal|p2a: Chansey|76/100
|
|-weather|none
|-heal|p1a: Landorus|99/100|[from] item: Leftovers
|upkeep
|turn|86
|
|t:|1663441198
|move|p1a: Landorus|Earthquake|p2a: Chansey
|-damage|p2a: Chansey|23/100
|move|p2a: Chansey|Soft-Boiled|p2a: Chansey
|-heal|p2a: Chansey|73/100
|
|-heal|p1a: Landorus|100/100|[from] item: Leftovers
|upkeep
|turn|87
|-message|ghecisbestvillain forfeited.
|
|win|CCLM
|raw|CCLM's rating: 1980 &rarr; <strong>1995</strong><br />(+15 for winning)
|raw|ghecisbestvillain's rating: 1892 &rarr; <strong>1877</strong><br />(-15 for losing)
|l|‽ghecisbestvillain
