|j|☆STOKELESS
|j|☆HQSFun
|t:|1664736464
|gametype|singles
|player|p1|STOKELESS|veteran|1586
|player|p2|HQSFun|veteranf|1719
|teamsize|p1|6
|teamsize|p2|6
|gen|8
|tier|[Gen 8] OU
|rated|
|rule|Sleep Clause Mod: Limit one foe put to sleep
|rule|Species Clause: Limit one of each Pokémon
|rule|OHKO Clause: OHKO moves are banned
|rule|Evasion Items Clause: Evasion items are banned
|rule|Evasion Moves Clause: Evasion moves are banned
|rule|Endless Battle Clause: Forcing endless battles is banned
|rule|HP Percentage Mod: HP is shown in percentages
|rule|Dynamax Clause: You cannot dynamax
|clearpoke
|poke|p1|Weavile, M|
|poke|p1|Volcanion|
|poke|p1|Landorus-Therian, M|
|poke|p1|Zygarde-10%|
|poke|p1|Zapdos|
|poke|p1|Chansey, F|
|poke|p2|Heatran, F|
|poke|p2|Mew|
|poke|p2|Blaziken, M|
|poke|p2|Rillaboom, F|
|poke|p2|Weavile, M|
|poke|p2|Dragonite, M|
|teampreview
|inactive|Battle timer is ON: inactive players will automatically lose when time's up. (requested by STOKELESS)
|
|t:|1664736476
|start
|switch|p1a: Weavile|Weavile, M|100/100
|switch|p2a: Heatran|Heatran, F|100/100
|-ability|p1a: Weavile|Pressure
|turn|1
|
|t:|1664736484
|switch|p1a: Volcanion|Volcanion|100/100
|move|p2a: Heatran|Stealth Rock|p1a: Volcanion
|-sidestart|p1: STOKELESS|move: Stealth Rock
|
|upkeep
|turn|2
|
|t:|1664736488
|move|p2a: Heatran|Steel Beam|p1a: Volcanion
|-resisted|p1a: Volcanion
|-damage|p1a: Volcanion|77/100
|-damage|p2a: Heatran|50/100|[from] mindblown
|move|p1a: Volcanion|Steam Eruption|p2a: Heatran|[miss]
|-miss|p1a: Volcanion|p2a: Heatran
|
|upkeep
|turn|3
|
|t:|1664736496
|switch|p1a: Landorus|Landorus-Therian, M|100/100
|-damage|p1a: Landorus|88/100|[from] Stealth Rock
|-ability|p1a: Landorus|Intimidate|boost
|-unboost|p2a: Heatran|atk|1
|move|p2a: Heatran|Steel Beam|p1a: Landorus
|-damage|p1a: Landorus|13/100
|-damage|p2a: Heatran|0 fnt|[from] mindblown
|faint|p2a: Heatran
|
|-heal|p1a: Landorus|19/100|[from] item: Leftovers
|upkeep
|
|t:|1664736511
|switch|p2a: Weavile|Weavile, M|100/100
|-ability|p2a: Weavile|Pressure
|turn|4
|
|t:|1664736518
|move|p2a: Weavile|Swords Dance|p2a: Weavile
|-boost|p2a: Weavile|atk|2
|move|p1a: Landorus|U-turn|p2a: Weavile
|-supereffective|p2a: Weavile
|-crit|p2a: Weavile
|-damage|p2a: Weavile|0 fnt
|faint|p2a: Weavile
|
|t:|1664736528
|switch|p1a: Zapdos|Zapdos, shiny|100/100|[from]move: U-turn
|
|upkeep
|c|☆STOKELESS|Sorry
|
|t:|1664736539
|switch|p2a: Mew|Mew|100/100
|turn|5
|
|t:|1664736540
|move|p2a: Mew|Dragon Dance|p2a: Mew
|-boost|p2a: Mew|atk|1
|-boost|p2a: Mew|spe|1
|move|p1a: Zapdos|Defog|p2a: Mew
|-unboost|p2a: Mew|evasion|1
|-sideend|p1: STOKELESS|Stealth Rock|[from] move: Defog|[of] p1a: Zapdos
|
|upkeep
|turn|6
|
|t:|1664736543
|move|p2a: Mew|Dragon Dance|p2a: Mew
|-boost|p2a: Mew|atk|1
|-boost|p2a: Mew|spe|1
|move|p1a: Zapdos|Discharge|p2a: Mew
|-damage|p2a: Mew|71/100
|-status|p2a: Mew|par
|-activate|p2a: Mew|ability: Synchronize
|-immune|p1a: Zapdos
|-enditem|p2a: Mew|Lum Berry|[eat]
|-curestatus|p2a: Mew|par|[msg]
|
|upkeep
|turn|7
|
|t:|1664736550
|move|p2a: Mew|Psychic Fangs|p1a: Zapdos
|-damage|p1a: Zapdos|46/100
|move|p1a: Zapdos|Discharge|p2a: Mew
|-damage|p2a: Mew|40/100
|
|upkeep
|turn|8
|
|t:|1664736558
|switch|p1a: Landorus|Landorus-Therian, M|19/100
|-ability|p1a: Landorus|Intimidate|boost
|-unboost|p2a: Mew|atk|1
|move|p2a: Mew|Psychic Fangs|p1a: Landorus
|-damage|p1a: Landorus|0 fnt
|faint|p1a: Landorus
|
|upkeep
|
|t:|1664736565
|switch|p1a: Zapdos|Zapdos, shiny|46/100
|turn|9
|
|t:|1664736568
|move|p2a: Mew|Dragon Dance|p2a: Mew
|-boost|p2a: Mew|atk|1
|-boost|p2a: Mew|spe|1
|move|p1a: Zapdos|Roost|p1a: Zapdos
|-heal|p1a: Zapdos|96/100
|-singleturn|p1a: Zapdos|move: Roost
|
|upkeep
|turn|10
|
|t:|1664736570
|move|p2a: Mew|Psychic Fangs|p1a: Zapdos
|-damage|p1a: Zapdos|43/100
|move|p1a: Zapdos|Discharge|p2a: Mew
|-damage|p2a: Mew|6/100
|
|upkeep
|turn|11
|
|t:|1664736577
|switch|p1a: Weavile|Weavile, M|100/100
|-ability|p1a: Weavile|Pressure
|move|p2a: Mew|Flare Blitz|p1a: Weavile
|-supereffective|p1a: Weavile
|-damage|p1a: Weavile|0 fnt
|faint|p1a: Weavile
|-damage|p2a: Mew|0 fnt|[from] Recoil
|faint|p2a: Mew
|
|upkeep
|
|t:|1664736585
|switch|p1a: Volcanion|Volcanion|77/100
|switch|p2a: Dragonite|Dragonite, M|100/100
|turn|12
|
|t:|1664736590
|move|p1a: Volcanion|Steam Eruption|p2a: Dragonite
|-resisted|p2a: Dragonite
|-damage|p2a: Dragonite|77/100
|-status|p2a: Dragonite|brn
|move|p2a: Dragonite|Dragon Dance|p2a: Dragonite
|-boost|p2a: Dragonite|atk|1
|-boost|p2a: Dragonite|spe|1
|
|-damage|p2a: Dragonite|71/100 brn|[from] brn
|upkeep
|turn|13
|
|t:|1664736595
|move|p2a: Dragonite|Dragon Dance|p2a: Dragonite
|-boost|p2a: Dragonite|atk|1
|-boost|p2a: Dragonite|spe|1
|move|p1a: Volcanion|Steam Eruption|p2a: Dragonite
|-resisted|p2a: Dragonite
|-damage|p2a: Dragonite|22/100 brn
|
|-damage|p2a: Dragonite|16/100 brn|[from] brn
|upkeep
|turn|14
|
|t:|1664736598
|switch|p1a: Zapdos|Zapdos, shiny|43/100
|move|p2a: Dragonite|Earthquake|p1a: Zapdos
|-immune|p1a: Zapdos
|
|-damage|p2a: Dragonite|10/100 brn|[from] brn
|upkeep
|turn|15
|
|t:|1664736600
|move|p2a: Dragonite|Ice Punch|p1a: Zapdos
|-supereffective|p1a: Zapdos
|-damage|p1a: Zapdos|4/100
|-status|p1a: Zapdos|frz
|cant|p1a: Zapdos|frz
|
|-damage|p2a: Dragonite|4/100 brn|[from] brn
|upkeep
|turn|16
|
|t:|1664736608
|move|p2a: Dragonite|Earthquake|p1a: Zapdos
|-immune|p1a: Zapdos
|cant|p1a: Zapdos|frz
|
|-damage|p2a: Dragonite|0 fnt|[from] brn
|faint|p2a: Dragonite
|upkeep
|
|t:|1664736610
|switch|p2a: Blaziken|Blaziken, M|100/100
|turn|17
|
|t:|1664736612
|cant|p1a: Zapdos|frz
|move|p2a: Blaziken|Swords Dance|p2a: Blaziken
|-boost|p2a: Blaziken|atk|2
|
|-ability|p2a: Blaziken|Speed Boost|boost
|-boost|p2a: Blaziken|spe|1
|upkeep
|turn|18
|
|t:|1664736627
|move|p2a: Blaziken|Protect|p2a: Blaziken
|-singleturn|p2a: Blaziken|Protect
|-curestatus|p1a: Zapdos|frz|[msg]
|move|p1a: Zapdos|Roost|p1a: Zapdos
|-heal|p1a: Zapdos|55/100
|-singleturn|p1a: Zapdos|move: Roost
|
|-ability|p2a: Blaziken|Speed Boost|boost
|-boost|p2a: Blaziken|spe|1
|upkeep
|turn|19
|
|t:|1664736633
|move|p2a: Blaziken|Flare Blitz|p1a: Zapdos
|-damage|p1a: Zapdos|0 fnt
|-status|p2a: Blaziken|par|[from] ability: Static|[of] p1a: Zapdos
|faint|p1a: Zapdos
|-damage|p2a: Blaziken|80/100 par|[from] Recoil
|
|-heal|p2a: Blaziken|87/100 par|[from] item: Leftovers
|-ability|p2a: Blaziken|Speed Boost|boost
|-boost|p2a: Blaziken|spe|1
|upkeep
|
|t:|1664736640
|switch|p1a: Zygarde|Zygarde-10%|100/100
|-ability|p1a: Zygarde|Aura Break
|turn|20
|
|t:|1664736644
|move|p1a: Zygarde|Thousand Arrows|p2a: Blaziken
|-supereffective|p2a: Blaziken
|-damage|p2a: Blaziken|0 fnt
|faint|p2a: Blaziken
|
|upkeep
|
|t:|1664736647
|switch|p2a: Rillaboom|Rillaboom, F|100/100
|-fieldstart|move: Grassy Terrain|[from] ability: Grassy Surge|[of] p2a: Rillaboom
|turn|21
|
|t:|1664736653
|move|p1a: Zygarde|Thousand Arrows|p2a: Rillaboom
|-resisted|p2a: Rillaboom
|-damage|p2a: Rillaboom|68/100
|move|p2a: Rillaboom|Swords Dance|p2a: Rillaboom
|-boost|p2a: Rillaboom|atk|2
|
|-heal|p2a: Rillaboom|74/100|[from] Grassy Terrain
|upkeep
|turn|22
|
|t:|1664736660
|switch|p1a: Chansey|Chansey, F|100/100
|move|p2a: Rillaboom|Swords Dance|p2a: Rillaboom
|-boost|p2a: Rillaboom|atk|2
|
|-heal|p2a: Rillaboom|81/100|[from] Grassy Terrain
|upkeep
|turn|23
|
|t:|1664736664
|move|p2a: Rillaboom|Knock Off|p1a: Chansey
|-damage|p1a: Chansey|6/100
|-enditem|p1a: Chansey|Eviolite|[from] move: Knock Off|[of] p2a: Rillaboom
|-damage|p2a: Rillaboom|71/100|[from] item: Life Orb
|move|p1a: Chansey|Seismic Toss|p2a: Rillaboom
|-damage|p2a: Rillaboom|41/100
|
|-heal|p2a: Rillaboom|47/100|[from] Grassy Terrain
|-heal|p1a: Chansey|12/100|[from] Grassy Terrain
|upkeep
|turn|24
|
|t:|1664736671
|move|p2a: Rillaboom|Knock Off|p1a: Chansey
|-damage|p1a: Chansey|0 fnt
|faint|p1a: Chansey
|-damage|p2a: Rillaboom|37/100|[from] item: Life Orb
|
|-heal|p2a: Rillaboom|44/100|[from] Grassy Terrain
|upkeep
|
|t:|1664736676
|switch|p1a: Volcanion|Volcanion|77/100
|turn|25
|
|t:|1664736680
|move|p2a: Rillaboom|Grassy Glide|p1a: Volcanion
|-damage|p1a: Volcanion|0 fnt
|faint|p1a: Volcanion
|-damage|p2a: Rillaboom|34/100|[from] item: Life Orb
|
|-heal|p2a: Rillaboom|40/100|[from] Grassy Terrain
|-fieldend|move: Grassy Terrain
|upkeep
|
|t:|1664736683
|switch|p1a: Zygarde|Zygarde-10%|100/100
|-ability|p1a: Zygarde|Aura Break
|turn|26
|
|t:|1664736685
|move|p1a: Zygarde|Extreme Speed|p2a: Rillaboom
|-damage|p2a: Rillaboom|0 fnt
|faint|p2a: Rillaboom
|
|win|STOKELESS
|raw|STOKELESS's rating: 1586 &rarr; <strong>1613</strong><br />(+27 for winning)
|raw|HQSFun's rating: 1719 &rarr; <strong>1692</strong><br />(-27 for losing)
|l|☆HQSFun
