|j|☆REGNED
|j|☆BugCatcherWeevil
|t:|1599213260
|player|p1|REGNED|101|1667
|player|p2|BugCatcherWeevil|7|1658
|teamsize|p1|6
|teamsize|p2|6
|gametype|singles
|gen|8
|tier|[Gen 8] OU
|rated|
|clearpoke
|poke|p1|Urshifu-*, F|
|poke|p1|Bisharp, M|
|poke|p1|Dragapult, F|
|poke|p1|Ribombee, M|
|poke|p1|Rillaboom, F|
|poke|p1|Clefable, F|
|poke|p2|Urshifu-*, M|
|poke|p2|Hippowdon, M|
|poke|p2|Excadrill, M|
|poke|p2|Dragapult, F|
|poke|p2|Corviknight, F|
|poke|p2|Weezing-Galar, M|
|rule|Sleep Clause Mod: Limit one foe put to sleep
|rule|Species Clause: Limit one of each Pokémon
|rule|OHKO Clause: OHKO moves are banned
|rule|Evasion Moves Clause: Evasion moves are banned
|rule|Endless Battle Clause: Forcing endless battles is banned
|rule|HP Percentage Mod: HP is shown in percentages
|rule|Dynamax Clause: You cannot dynamax
|teampreview
|
|t:|1599213271
|start
|switch|p1a: Ribombee|Ribombee, M|100/100
|switch|p2a: Hippowdon|Hippowdon, M|100/100
|-weather|Sandstorm|[from] ability: Sand Stream|[of] p2a: Hippowdon
|turn|1
|
|t:|1599213275
|move|p1a: Ribombee|Sticky Web|p2a: Hippowdon
|-sidestart|p2: BugCatcherWeevil|move: Sticky Web
|move|p2a: Hippowdon|Stealth Rock|p1a: Ribombee
|-sidestart|p1: REGNED|move: Stealth Rock
|
|-weather|Sandstorm|[upkeep]
|-damage|p1a: Ribombee|94/100|[from] Sandstorm
|upkeep
|turn|2
|
|t:|1599213283
|move|p1a: Ribombee|Stun Spore|p2a: Hippowdon
|-status|p2a: Hippowdon|par
|move|p2a: Hippowdon|Rock Slide|p1a: Ribombee
|-supereffective|p1a: Ribombee
|-damage|p1a: Ribombee|22/100
|
|-weather|Sandstorm|[upkeep]
|-damage|p1a: Ribombee|16/100|[from] Sandstorm
|upkeep
|turn|3
|
|t:|1599213297
|switch|p2a: Excadrill|Excadrill, M|100/100
|-activate|p2a: Excadrill|move: Sticky Web
|-unboost|p2a: Excadrill|spe|1
|move|p1a: Ribombee|Moonblast|p2a: Excadrill
|-resisted|p2a: Excadrill
|-crit|p2a: Excadrill
|-damage|p2a: Excadrill|65/100
|
|-weather|Sandstorm|[upkeep]
|-damage|p1a: Ribombee|10/100|[from] Sandstorm
|-heal|p2a: Excadrill|71/100|[from] item: Leftovers
|upkeep
|turn|4
|
|t:|1599213307
|switch|p1a: Dragapult|Dragapult, F|100/100
|-damage|p1a: Dragapult|88/100|[from] Stealth Rock
|move|p2a: Excadrill|Iron Head|p1a: Dragapult
|-damage|p1a: Dragapult|27/100
|
|-weather|Sandstorm|[upkeep]
|-damage|p1a: Dragapult|21/100|[from] Sandstorm
|-heal|p2a: Excadrill|77/100|[from] item: Leftovers
|upkeep
|turn|5
|
|t:|1599213322
|switch|p2a: Corviknight|Corviknight, F|100/100
|-ability|p2a: Corviknight|Pressure
|move|p1a: Dragapult|Fire Blast|p2a: Corviknight|[miss]
|-miss|p1a: Dragapult|p2a: Corviknight
|
|-weather|none
|upkeep
|turn|6
|
|t:|1599213330
|switch|p2a: Hippowdon|Hippowdon, M|100/100 par
|-activate|p2a: Hippowdon|move: Sticky Web
|-unboost|p2a: Hippowdon|spe|1
|-weather|Sandstorm|[from] ability: Sand Stream|[of] p2a: Hippowdon
|move|p1a: Dragapult|Fire Blast|p2a: Hippowdon
|-damage|p2a: Hippowdon|61/100 par
|
|-weather|Sandstorm|[upkeep]
|-damage|p1a: Dragapult|15/100|[from] Sandstorm
|-heal|p2a: Hippowdon|67/100 par|[from] item: Leftovers
|upkeep
|turn|7
|
|t:|1599213342
|switch|p1a: Rillaboom|Rillaboom, F|100/100
|-damage|p1a: Rillaboom|88/100|[from] Stealth Rock
|-fieldstart|move: Grassy Terrain|[from] ability: Grassy Surge|[of] p1a: Rillaboom
|move|p2a: Hippowdon|Slack Off|p2a: Hippowdon
|-heal|p2a: Hippowdon|100/100 par
|
|-weather|Sandstorm|[upkeep]
|-damage|p1a: Rillaboom|82/100|[from] Sandstorm
|-heal|p1a: Rillaboom|88/100|[from] Grassy Terrain
|upkeep
|turn|8
|
|t:|1599213346
|switch|p2a: Weezing|Weezing-Galar, M|100/100
|-ability|p2a: Weezing|Neutralizing Gas
|-activate|p2a: Weezing|move: Sticky Web
|-unboost|p2a: Weezing|spe|1
|move|p1a: Rillaboom|Swords Dance|p1a: Rillaboom
|-boost|p1a: Rillaboom|atk|2
|
|-weather|Sandstorm|[upkeep]
|-damage|p1a: Rillaboom|82/100|[from] Sandstorm
|-damage|p2a: Weezing|95/100|[from] Sandstorm
|-heal|p1a: Rillaboom|88/100|[from] Grassy Terrain
|-heal|p2a: Weezing|100/100|[from] item: Black Sludge
|upkeep
|turn|9
|
|t:|1599213359
|switch|p2a: Corviknight|Corviknight, F|100/100
|-ability|p2a: Corviknight|Pressure
|move|p1a: Rillaboom|Grassy Glide|p2a: Corviknight
|-resisted|p2a: Corviknight
|-damage|p2a: Corviknight|79/100
|-damage|p1a: Rillaboom|78/100|[from] item: Life Orb
|
|-weather|Sandstorm|[upkeep]
|-damage|p1a: Rillaboom|72/100|[from] Sandstorm
|-heal|p1a: Rillaboom|78/100|[from] Grassy Terrain
|-heal|p2a: Corviknight|85/100|[from] item: Leftovers
|upkeep
|turn|10
|
|t:|1599213373
|move|p1a: Rillaboom|Knock Off|p2a: Corviknight
|-damage|p2a: Corviknight|18/100
|-enditem|p2a: Corviknight|Leftovers|[from] move: Knock Off|[of] p1a: Rillaboom
|-damage|p1a: Rillaboom|68/100|[from] item: Life Orb
|move|p2a: Corviknight|U-turn|p1a: Rillaboom
|-supereffective|p1a: Rillaboom
|-damage|p1a: Rillaboom|38/100
|
|t:|1599213379
|switch|p2a: Weezing|Weezing-Galar, M|100/100|[from]move: U-turn
|-ability|p2a: Weezing|Neutralizing Gas
|-activate|p2a: Weezing|move: Sticky Web
|-unboost|p2a: Weezing|spe|1
|
|-weather|none
|-heal|p1a: Rillaboom|44/100|[from] Grassy Terrain
|upkeep
|turn|11
|
|t:|1599213388
|move|p1a: Rillaboom|Grassy Glide|p2a: Weezing
|-resisted|p2a: Weezing
|-damage|p2a: Weezing|64/100
|-damage|p1a: Rillaboom|35/100|[from] item: Life Orb
|move|p2a: Weezing|Will-O-Wisp|p1a: Rillaboom
|-status|p1a: Rillaboom|brn
|
|-heal|p1a: Rillaboom|41/100 brn|[from] Grassy Terrain
|-heal|p2a: Weezing|70/100|[from] item: Black Sludge
|-heal|p2a: Weezing|76/100|[from] Grassy Terrain
|-fieldend|move: Grassy Terrain
|-damage|p1a: Rillaboom|35/100 brn|[from] brn
|upkeep
|turn|12
|
|t:|1599213402
|move|p1a: Rillaboom|Knock Off|p2a: Weezing
|-resisted|p2a: Weezing
|-damage|p2a: Weezing|62/100
|-enditem|p2a: Weezing|Black Sludge|[from] move: Knock Off|[of] p1a: Rillaboom
|-damage|p1a: Rillaboom|25/100 brn|[from] item: Life Orb
|move|p2a: Weezing|Aromatherapy|p2a: Weezing
|-activate|p2a: Weezing|move: Aromatherapy
|-curestatus|p2: Hippowdon|par|[msg]
|
|-damage|p1a: Rillaboom|18/100 brn|[from] brn
|upkeep
|turn|13
|
|t:|1599213417
|move|p1a: Rillaboom|Knock Off|p2a: Weezing
|-resisted|p2a: Weezing
|-damage|p2a: Weezing|53/100
|-damage|p1a: Rillaboom|8/100 brn|[from] item: Life Orb
|move|p2a: Weezing|Strange Steam|p1a: Rillaboom
|-damage|p1a: Rillaboom|0 fnt
|faint|p1a: Rillaboom
|
|upkeep
|
|t:|1599213421
|switch|p1a: Bisharp|Bisharp, M|100/100
|-damage|p1a: Bisharp|95/100|[from] Stealth Rock
|turn|14
|
|t:|1599213437
|switch|p2a: Hippowdon|Hippowdon, M|100/100
|-activate|p2a: Hippowdon|move: Sticky Web
|-unboost|p2a: Hippowdon|spe|1
|-weather|Sandstorm|[from] ability: Sand Stream|[of] p2a: Hippowdon
|move|p1a: Bisharp|Swords Dance|p1a: Bisharp
|-boost|p1a: Bisharp|atk|2
|
|-weather|Sandstorm|[upkeep]
|upkeep
|turn|15
|
|t:|1599213444
|switch|p2a: Corviknight|Corviknight, F|18/100
|-ability|p2a: Corviknight|Pressure
|move|p1a: Bisharp|Iron Head|p2a: Corviknight
|-resisted|p2a: Corviknight
|-damage|p2a: Corviknight|0 fnt
|-damage|p1a: Bisharp|85/100|[from] item: Life Orb
|faint|p2a: Corviknight
|
|-weather|Sandstorm|[upkeep]
|upkeep
|
|t:|1599213477
|switch|p2a: Hippowdon|Hippowdon, M|100/100
|-activate|p2a: Hippowdon|move: Sticky Web
|-unboost|p2a: Hippowdon|spe|1
|turn|16
|
|t:|1599213484
|switch|p1a: Clefable|Clefable, F|100/100
|move|p2a: Hippowdon|Earthquake|p1a: Clefable
|-crit|p1a: Clefable
|-damage|p1a: Clefable|57/100
|
|-weather|Sandstorm|[upkeep]
|-damage|p1a: Clefable|51/100|[from] Sandstorm
|upkeep
|turn|17
|
|t:|1599213494
|switch|p2a: Excadrill|Excadrill, M|77/100
|-activate|p2a: Excadrill|move: Sticky Web
|-unboost|p2a: Excadrill|spe|1
|move|p1a: Clefable|Toxic|p2a: Excadrill
|-immune|p2a: Excadrill
|
|-weather|Sandstorm|[upkeep]
|-damage|p1a: Clefable|45/100|[from] Sandstorm
|-heal|p2a: Excadrill|83/100|[from] item: Leftovers
|upkeep
|turn|18
|
|t:|1599213504
|move|p2a: Excadrill|Earthquake|p1a: Clefable
|-damage|p1a: Clefable|7/100
|move|p1a: Clefable|Healing Wish|p1a: Clefable
|faint|p1a: Clefable
|
|-weather|none
|-heal|p2a: Excadrill|89/100|[from] item: Leftovers
|upkeep
|
|t:|1599213508
|switch|p1a: Dragapult|Dragapult, F|15/100
|-heal|p1a: Dragapult|100/100|[from] move: Healing Wish
|-damage|p1a: Dragapult|88/100|[from] Stealth Rock
|turn|19
|
|t:|1599213521
|switch|p2a: Hippowdon|Hippowdon, M|100/100
|-activate|p2a: Hippowdon|move: Sticky Web
|-unboost|p2a: Hippowdon|spe|1
|-weather|Sandstorm|[from] ability: Sand Stream|[of] p2a: Hippowdon
|move|p1a: Dragapult|Shadow Ball|p2a: Hippowdon
|-damage|p2a: Hippowdon|60/100
|
|-weather|Sandstorm|[upkeep]
|-damage|p1a: Dragapult|82/100|[from] Sandstorm
|-heal|p2a: Hippowdon|66/100|[from] item: Leftovers
|upkeep
|turn|20
|
|t:|1599213536
|switch|p2a: Weezing|Weezing-Galar, M|53/100
|-ability|p2a: Weezing|Neutralizing Gas
|-activate|p2a: Weezing|move: Sticky Web
|-unboost|p2a: Weezing|spe|1
|move|p1a: Dragapult|Shadow Ball|p2a: Weezing
|-damage|p2a: Weezing|0 fnt
|faint|p2a: Weezing
|
|-weather|Sandstorm|[upkeep]
|-damage|p1a: Dragapult|76/100|[from] Sandstorm
|upkeep
|
|t:|1599213545
|switch|p2a: Excadrill|Excadrill, M|89/100
|-activate|p2a: Excadrill|move: Sticky Web
|-unboost|p2a: Excadrill|spe|1
|turn|21
|
|t:|1599213548
|move|p1a: Dragapult|Shadow Ball|p2a: Excadrill
|-damage|p2a: Excadrill|22/100
|move|p2a: Excadrill|Earthquake|p1a: Dragapult
|-damage|p1a: Dragapult|2/100
|
|-weather|Sandstorm|[upkeep]
|-damage|p1a: Dragapult|0 fnt|[from] Sandstorm
|faint|p1a: Dragapult
|-heal|p2a: Excadrill|28/100|[from] item: Leftovers
|upkeep
|
|t:|1599213558
|switch|p1a: Bisharp|Bisharp, M|85/100
|-damage|p1a: Bisharp|79/100|[from] Stealth Rock
|turn|22
|
|t:|1599213569
|move|p1a: Bisharp|Sucker Punch|p2a: Excadrill
|-damage|p2a: Excadrill|0 fnt
|-damage|p1a: Bisharp|69/100|[from] item: Life Orb
|faint|p2a: Excadrill
|
|-weather|Sandstorm|[upkeep]
|upkeep
|
|t:|1599213598
|switch|p2a: Urshifu|Urshifu, M|100/100
|-activate|p2a: Urshifu|move: Sticky Web
|-unboost|p2a: Urshifu|spe|1
|turn|23
|
|t:|1599213603
|move|p1a: Bisharp|Iron Head|p2a: Urshifu
|-damage|p2a: Urshifu|39/100
|-damage|p1a: Bisharp|59/100|[from] item: Life Orb
|move|p2a: Urshifu|Bulk Up|p2a: Urshifu
|-boost|p2a: Urshifu|atk|1
|-boost|p2a: Urshifu|def|1
|
|-weather|none
|upkeep
|turn|24
|
|t:|1599213611
|move|p1a: Bisharp|Iron Head|p2a: Urshifu
|-damage|p2a: Urshifu|1/100
|-damage|p1a: Bisharp|49/100|[from] item: Life Orb
|move|p2a: Urshifu|Drain Punch|p1a: Bisharp
|-supereffective|p1a: Bisharp
|-damage|p1a: Bisharp|0 fnt
|-heal|p2a: Urshifu|20/100|[from] drain|[of] p1a: Bisharp
|-damage|p2a: Urshifu|10/100|[from] item: Life Orb
|faint|p1a: Bisharp
|
|upkeep
|
|t:|1599213621
|switch|p1a: Urshifu|Urshifu, F|100/100
|-damage|p1a: Urshifu|94/100|[from] Stealth Rock
|turn|25
|
|t:|1599213625
|move|p2a: Urshifu|Sucker Punch|p1a: Urshifu
|-resisted|p1a: Urshifu
|-damage|p1a: Urshifu|76/100
|-damage|p2a: Urshifu|0 fnt|[from] item: Life Orb
|faint|p2a: Urshifu
|move|p1a: Urshifu|Wicked Blow|p2: Urshifu|[notarget]
|-fail|p1a: Urshifu
|
|upkeep
|
|t:|1599213633
|switch|p2a: Hippowdon|Hippowdon, M|66/100
|-activate|p2a: Hippowdon|move: Sticky Web
|-unboost|p2a: Hippowdon|spe|1
|-weather|Sandstorm|[from] ability: Sand Stream|[of] p2a: Hippowdon
|turn|26
|
|t:|1599213642
|move|p1a: Urshifu|Bulk Up|p1a: Urshifu
|-boost|p1a: Urshifu|atk|1
|-boost|p1a: Urshifu|def|1
|move|p2a: Hippowdon|Slack Off|p2a: Hippowdon
|-heal|p2a: Hippowdon|100/100
|
|-weather|Sandstorm|[upkeep]
|-damage|p1a: Urshifu|69/100|[from] Sandstorm
|upkeep
|turn|27
|
|t:|1599213650
|move|p1a: Urshifu|Wicked Blow|p2a: Hippowdon
|-crit|p2a: Hippowdon
|-damage|p2a: Hippowdon|25/100
|-damage|p1a: Urshifu|59/100|[from] item: Life Orb
|move|p2a: Hippowdon|Earthquake|p1a: Urshifu
|-damage|p1a: Urshifu|35/100
|
|-weather|Sandstorm|[upkeep]
|-damage|p1a: Urshifu|28/100|[from] Sandstorm
|-heal|p2a: Hippowdon|31/100|[from] item: Leftovers
|upkeep
|turn|28
|
|t:|1599213660
|move|p1a: Urshifu|Wicked Blow|p2a: Hippowdon
|-crit|p2a: Hippowdon
|-damage|p2a: Hippowdon|0 fnt
|-damage|p1a: Urshifu|18/100|[from] item: Life Orb
|faint|p2a: Hippowdon
|
|-weather|Sandstorm|[upkeep]
|-damage|p1a: Urshifu|12/100|[from] Sandstorm
|upkeep
|
|t:|1599213667
|switch|p2a: Dragapult|Dragapult, F|100/100
|-activate|p2a: Dragapult|move: Sticky Web
|-unboost|p2a: Dragapult|spe|1
|turn|29
|
|t:|1599213670
|move|p1a: Urshifu|Wicked Blow|p2a: Dragapult
|-supereffective|p2a: Dragapult
|-crit|p2a: Dragapult
|-damage|p2a: Dragapult|0 fnt
|-damage|p1a: Urshifu|2/100|[from] item: Life Orb
|faint|p2a: Dragapult
|
|win|REGNED
|raw|REGNED's rating: 1667 &rarr; <strong>1687</strong><br />(+20 for winning)
|raw|BugCatcherWeevil's rating: 1658 &rarr; <strong>1638</strong><br />(-20 for losing)
|c|☆REGNED|Gg
