|j|☆64j3t3hrt3h
|j|☆Shiro Coban
|t:|1661870161
|gametype|singles
|player|p1|64j3t3hrt3h|170|1432
|player|p2|Shiro Coban|veteranf|1486
|teamsize|p1|6
|teamsize|p2|6
|gen|8
|tier|[Gen 8] OU
|rated|
|rule|Sleep Clause Mod: Limit one foe put to sleep
|rule|Species Clause: Limit one of each Pokémon
|rule|OHKO Clause: OHKO moves are banned
|rule|Evasion Items Clause: Evasion items are banned
|rule|Evasion Moves Clause: Evasion moves are banned
|rule|Endless Battle Clause: Forcing endless battles is banned
|rule|HP Percentage Mod: HP is shown in percentages
|rule|Dynamax Clause: You cannot dynamax
|clearpoke
|poke|p1|Buzzwole|
|poke|p1|Landorus-Therian, M|
|poke|p1|Magnezone|
|poke|p1|Tyranitar, F|
|poke|p1|Tapu Lele|
|poke|p1|Toxapex, F|
|poke|p2|Hawlucha, M|
|poke|p2|Volcanion|
|poke|p2|Tapu Lele|
|poke|p2|Garchomp, F|
|poke|p2|Aegislash, F|
|poke|p2|Clefable, F|
|teampreview
|
|t:|1661870180
|start
|switch|p1a: Tyranitar|Tyranitar, F|100/100
|switch|p2a: Volcanion|Volcanion|100/100
|-weather|Sandstorm|[from] ability: Sand Stream|[of] p1a: Tyranitar
|turn|1
|
|t:|1661870188
|move|p2a: Volcanion|Steam Eruption|p1a: Tyranitar
|-supereffective|p1a: Tyranitar
|-damage|p1a: Tyranitar|27/100
|move|p1a: Tyranitar|Stealth Rock|p2a: Volcanion
|-sidestart|p2: Shiro Coban|move: Stealth Rock
|
|-weather|Sandstorm|[upkeep]
|-damage|p2a: Volcanion|94/100|[from] Sandstorm
|-heal|p1a: Tyranitar|33/100|[from] item: Leftovers
|upkeep
|turn|2
|
|t:|1661870195
|switch|p1a: Toxapex|Toxapex, F|100/100
|move|p2a: Volcanion|Steam Eruption|p1a: Toxapex
|-resisted|p1a: Toxapex
|-damage|p1a: Toxapex|61/100
|-status|p1a: Toxapex|brn
|
|-weather|Sandstorm|[upkeep]
|-damage|p2a: Volcanion|88/100|[from] Sandstorm
|-damage|p1a: Toxapex|55/100 brn|[from] Sandstorm
|-damage|p1a: Toxapex|49/100 brn|[from] brn
|upkeep
|turn|3
|
|t:|1661870202
|move|p2a: Volcanion|Steam Eruption|p1a: Toxapex
|-resisted|p1a: Toxapex
|-damage|p1a: Toxapex|9/100 brn
|move|p1a: Toxapex|Recover|p1a: Toxapex
|-heal|p1a: Toxapex|59/100 brn
|
|-weather|Sandstorm|[upkeep]
|-damage|p2a: Volcanion|82/100|[from] Sandstorm
|-damage|p1a: Toxapex|53/100 brn|[from] Sandstorm
|-damage|p1a: Toxapex|47/100 brn|[from] brn
|upkeep
|turn|4
|
|t:|1661870211
|switch|p2a: Tapu Lele|Tapu Lele|100/100
|-damage|p2a: Tapu Lele|88/100|[from] Stealth Rock
|-fieldstart|move: Psychic Terrain|[from] ability: Psychic Surge|[of] p2a: Tapu Lele
|move|p1a: Toxapex|Recover|p1a: Toxapex
|-heal|p1a: Toxapex|97/100 brn
|
|-weather|Sandstorm|[upkeep]
|-damage|p2a: Tapu Lele|82/100|[from] Sandstorm
|-damage|p1a: Toxapex|90/100 brn|[from] Sandstorm
|-damage|p1a: Toxapex|84/100 brn|[from] brn
|upkeep
|turn|5
|
|t:|1661870220
|switch|p1a: Magnezone|Magnezone|100/100
|move|p2a: Tapu Lele|Moonblast|p1a: Magnezone
|-resisted|p1a: Magnezone
|-damage|p1a: Magnezone|72/100
|-unboost|p1a: Magnezone|spa|1
|
|-weather|none
|-heal|p1a: Magnezone|78/100|[from] item: Leftovers
|upkeep
|turn|6
|
|t:|1661870228
|switch|p2a: Garchomp|Garchomp, F|100/100
|-damage|p2a: Garchomp|94/100|[from] Stealth Rock
|move|p1a: Magnezone|Thunderbolt|p2a: Garchomp
|-immune|p2a: Garchomp
|
|-heal|p2a: Garchomp|100/100|[from] item: Leftovers
|-heal|p1a: Magnezone|84/100|[from] item: Leftovers
|upkeep
|turn|7
|
|t:|1661870237
|switch|p1a: Buzzwole|Buzzwole|100/100
|move|p2a: Garchomp|Scale Shot|p1a: Buzzwole
|-damage|p1a: Buzzwole|91/100
|-damage|p1a: Buzzwole|82/100
|-hitcount|p1a: Buzzwole|2
|-unboost|p2a: Garchomp|def|1
|-boost|p2a: Garchomp|spe|1
|
|upkeep
|turn|8
|
|t:|1661870246
|switch|p2a: Clefable|Clefable, F|100/100
|-damage|p2a: Clefable|88/100|[from] Stealth Rock
|move|p1a: Buzzwole|Ice Punch|p2a: Clefable
|-damage|p2a: Clefable|62/100
|
|-heal|p2a: Clefable|69/100|[from] item: Leftovers
|-fieldend|move: Psychic Terrain
|upkeep
|turn|9
|
|t:|1661870255
|switch|p1a: Tapu Lele|Tapu Lele, shiny|100/100
|-fieldstart|move: Psychic Terrain|[from] ability: Psychic Surge|[of] p1a: Tapu Lele
|move|p2a: Clefable|Stealth Rock|p1a: Tapu Lele
|-sidestart|p1: 64j3t3hrt3h|move: Stealth Rock
|
|-heal|p2a: Clefable|75/100|[from] item: Leftovers
|upkeep
|turn|10
|
|t:|1661870262
|switch|p2a: Aegislash|Aegislash, F|100/100
|-damage|p2a: Aegislash|94/100|[from] Stealth Rock
|move|p1a: Tapu Lele|Psychic|p2a: Aegislash
|-resisted|p2a: Aegislash
|-damage|p2a: Aegislash|53/100
|-unboost|p2a: Aegislash|spd|1
|
|-heal|p2a: Aegislash|59/100|[from] item: Leftovers
|upkeep
|turn|11
|
|t:|1661870278
|move|p2a: Aegislash|King's Shield|p2a: Aegislash
|-singleturn|p2a: Aegislash|Protect
|move|p1a: Tapu Lele|Psychic|p2a: Aegislash
|-activate|p2a: Aegislash|move: Protect
|
|-heal|p2a: Aegislash|65/100|[from] item: Leftovers
|upkeep
|turn|12
|
|t:|1661870286
|move|p1a: Tapu Lele|Psychic|p2a: Aegislash
|-resisted|p2a: Aegislash
|-damage|p2a: Aegislash|7/100
|-formechange|p2a: Aegislash|Aegislash-Blade||[from] ability: Stance Change
|move|p2a: Aegislash|Shadow Ball|p1a: Tapu Lele
|-supereffective|p1a: Tapu Lele
|-damage|p1a: Tapu Lele|0 fnt
|faint|p1a: Tapu Lele
|
|-heal|p2a: Aegislash|13/100|[from] item: Leftovers
|upkeep
|
|t:|1661870293
|switch|p1a: Landorus|Landorus-Therian, M|100/100
|-damage|p1a: Landorus|88/100|[from] Stealth Rock
|-ability|p1a: Landorus|Intimidate|boost
|-unboost|p2a: Aegislash|atk|1
|turn|13
|
|t:|1661870301
|-formechange|p2a: Aegislash|Aegislash||[from] ability: Stance Change
|move|p2a: Aegislash|King's Shield|p2a: Aegislash
|-singleturn|p2a: Aegislash|Protect
|move|p1a: Landorus|Earthquake|p2a: Aegislash
|-activate|p2a: Aegislash|move: Protect
|
|-heal|p1a: Landorus|94/100|[from] item: Leftovers
|-heal|p2a: Aegislash|19/100|[from] item: Leftovers
|-fieldend|move: Psychic Terrain
|upkeep
|turn|14
|
|t:|1661870311
|switch|p2a: Hawlucha|Hawlucha, M|100/100
|-damage|p2a: Hawlucha|88/100|[from] Stealth Rock
|move|p1a: Landorus|Knock Off|p2a: Hawlucha
|-resisted|p2a: Hawlucha
|-damage|p2a: Hawlucha|66/100
|-enditem|p2a: Hawlucha|White Herb|[from] move: Knock Off|[of] p1a: Landorus
|
|-heal|p1a: Landorus|99/100|[from] item: Leftovers
|upkeep
|turn|15
|
|t:|1661870320
|move|p2a: Hawlucha|Swords Dance|p2a: Hawlucha
|-boost|p2a: Hawlucha|atk|2
|move|p1a: Landorus|U-turn|p2a: Hawlucha
|-resisted|p2a: Hawlucha
|-damage|p2a: Hawlucha|58/100
|
|t:|1661870326
|switch|p1a: Toxapex|Toxapex, F|100/100 brn|[from]move: U-turn
|-damage|p1a: Toxapex|88/100 brn|[from] Stealth Rock
|
|-damage|p1a: Toxapex|82/100 brn|[from] brn
|upkeep
|turn|16
|
|t:|1661870335
|move|p2a: Hawlucha|Acrobatics|p1a: Toxapex
|-damage|p1a: Toxapex|29/100 brn
|-damage|p2a: Hawlucha|42/100|[from] item: Rocky Helmet|[of] p1a: Toxapex
|move|p1a: Toxapex|Haze|p1a: Toxapex
|-clearallboost
|
|-damage|p1a: Toxapex|23/100 brn|[from] brn
|upkeep
|turn|17
|
|t:|1661870342
|switch|p1a: Landorus|Landorus-Therian, M|99/100
|-damage|p1a: Landorus|88/100|[from] Stealth Rock
|-ability|p1a: Landorus|Intimidate|boost
|-unboost|p2a: Hawlucha|atk|1
|move|p2a: Hawlucha|Acrobatics|p1a: Landorus
|-damage|p1a: Landorus|60/100
|
|-heal|p1a: Landorus|66/100|[from] item: Leftovers
|upkeep
|turn|18
|
|t:|1661870348
|switch|p1a: Toxapex|Toxapex, F|56/100 brn
|-damage|p1a: Toxapex|44/100 brn|[from] Stealth Rock
|move|p2a: Hawlucha|Swords Dance|p2a: Hawlucha
|-boost|p2a: Hawlucha|atk|2
|
|-damage|p1a: Toxapex|38/100 brn|[from] brn
|upkeep
|turn|19
|
|t:|1661870351
|switch|p1a: Landorus|Landorus-Therian, M|66/100
|-damage|p1a: Landorus|53/100|[from] Stealth Rock
|-ability|p1a: Landorus|Intimidate|boost
|-unboost|p2a: Hawlucha|atk|1
|move|p2a: Hawlucha|Acrobatics|p1a: Landorus
|-damage|p1a: Landorus|13/100
|
|-heal|p1a: Landorus|19/100|[from] item: Leftovers
|upkeep
|turn|20
|
|t:|1661870356
|switch|p1a: Toxapex|Toxapex, F|71/100 brn
|-damage|p1a: Toxapex|58/100 brn|[from] Stealth Rock
|move|p2a: Hawlucha|Swords Dance|p2a: Hawlucha
|-boost|p2a: Hawlucha|atk|2
|
|-damage|p1a: Toxapex|52/100 brn|[from] brn
|upkeep
|turn|21
|
|t:|1661870361
|move|p2a: Hawlucha|Acrobatics|p1a: Toxapex
|-damage|p1a: Toxapex|0 fnt
|-damage|p2a: Hawlucha|25/100|[from] item: Rocky Helmet|[of] p1a: Toxapex
|faint|p1a: Toxapex
|
|upkeep
|-message|64j3t3hrt3h forfeited.
|
|win|Shiro Coban
|raw|64j3t3hrt3h's rating: 1432 &rarr; <strong>1415</strong><br />(-17 for losing)
|raw|Shiro Coban's rating: 1486 &rarr; <strong>1503</strong><br />(+17 for winning)
|l|☆64j3t3hrt3h
