|raw|<div class="broadcast-blue"><strong>This battle is required to be public due to a player having a name starting with 'lt82zw'.</div>
|j|☆LT82ZW GLASS
|j|☆LT82ZW Vaw
|t:|1626180573
|gametype|singles
|player|p1|LT82ZW GLASS|169|1761
|player|p2|LT82ZW Vaw|falkner|1752
|teamsize|p1|6
|teamsize|p2|6
|gen|8
|tier|[Gen 8] OU
|rated|
|rule|Sleep Clause Mod: Limit one foe put to sleep
|rule|Species Clause: Limit one of each Pokémon
|rule|OHKO Clause: OHKO moves are banned
|rule|Evasion Moves Clause: Evasion moves are banned
|rule|Endless Battle Clause: Forcing endless battles is banned
|rule|HP Percentage Mod: HP is shown in percentages
|rule|Dynamax Clause: You cannot dynamax
|clearpoke
|poke|p1|Weavile, F|
|poke|p1|Ninetales-Alola, M|
|poke|p1|Landorus-Therian, M|
|poke|p1|Cloyster, F|
|poke|p1|Dragapult, F|
|poke|p1|Kartana|
|poke|p2|Bisharp, F|
|poke|p2|Cloyster, F|
|poke|p2|Garchomp, M|
|poke|p2|Hawlucha, M|
|poke|p2|Skarmory, M|
|poke|p2|Volcarona, M|
|teampreview
|inactive|Battle timer is ON: inactive players will automatically lose when time's up. (requested by LT82ZW GLASS)
|j| pokemonkorea co kr
|
|t:|1626180591
|start
|switch|p1a: Ninetales|Ninetales-Alola, M|100/100
|switch|p2a: Skarmory|Skarmory, M|100/100
|-weather|Hail|[from] ability: Snow Warning|[of] p1a: Ninetales
|turn|1
|
|t:|1626180619
|move|p1a: Ninetales|Aurora Veil|p1a: Ninetales
|-sidestart|p1: LT82ZW GLASS|move: Aurora Veil
|move|p2a: Skarmory|Taunt|p1a: Ninetales
|-start|p1a: Ninetales|move: Taunt
|
|-weather|Hail|[upkeep]
|-damage|p2a: Skarmory|95/100|[from] Hail
|upkeep
|turn|2
|
|t:|1626180631
|switch|p1a: Weavile|Weavile, F|100/100
|-ability|p1a: Weavile|Pressure
|move|p2a: Skarmory|Stealth Rock|p1a: Weavile
|-sidestart|p1: LT82ZW GLASS|move: Stealth Rock
|
|-weather|Hail|[upkeep]
|-damage|p2a: Skarmory|89/100|[from] Hail
|upkeep
|turn|3
|
|t:|1626180634
|move|p1a: Weavile|Swords Dance|p1a: Weavile
|-boost|p1a: Weavile|atk|2
|move|p2a: Skarmory|Steel Beam|p1a: Weavile
|-supereffective|p1a: Weavile
|-crit|p1a: Weavile
|-damage|p1a: Weavile|0 fnt
|-damage|p2a: Skarmory|39/100|[from] mindblown
|faint|p1a: Weavile
|
|-weather|Hail|[upkeep]
|-damage|p2a: Skarmory|33/100|[from] Hail
|upkeep
|j| Stop Smiles
|
|t:|1626180655
|switch|p1a: Kartana|Kartana|100/100
|-damage|p1a: Kartana|94/100|[from] Stealth Rock
|turn|4
|c| pokemonkorea co kr|oh it wut
|c| pokemonkorea co kr|100%?
|c| pokemonkorea co kr|steel beam
|
|t:|1626180667
|move|p1a: Kartana|Swords Dance|p1a: Kartana
|-boost|p1a: Kartana|atk|2
|move|p2a: Skarmory|Steel Beam|p1a: Kartana
|-resisted|p1a: Kartana
|-damage|p1a: Kartana|70/100
|-damage|p2a: Skarmory|0 fnt|[from] mindblown
|faint|p2a: Skarmory
|
|-weather|Hail|[upkeep]
|-damage|p1a: Kartana|64/100|[from] Hail
|upkeep
|inactive|LT82ZW Vaw has 120 seconds left.
|j| StickerBrush Symph
|
|t:|1626180693
|switch|p2a: Hawlucha|Hawlucha, M|100/100
|turn|5
|
|t:|1626180707
|switch|p2a: Volcarona|Volcarona, M|100/100
|move|p1a: Kartana|Leaf Blade|p2a: Volcarona
|-resisted|p2a: Volcarona
|-damage|p2a: Volcarona|59/100
|-status|p1a: Kartana|brn|[from] ability: Flame Body|[of] p2a: Volcarona
|
|-weather|none
|-damage|p1a: Kartana|58/100 brn|[from] brn
|upkeep
|turn|6
|inactive|LT82ZW Vaw has 120 seconds left.
|l| StickerBrush Symph
|inactive|LT82ZW Vaw has 90 seconds left.
|
|t:|1626180768
|switch|p1a: Dragapult|Dragapult, F|100/100
|-damage|p1a: Dragapult|88/100|[from] Stealth Rock
|switch|p2a: Hawlucha|Hawlucha, M|100/100
|
|upkeep
|turn|7
|inactive|LT82ZW GLASS has 120 seconds left.
|
|t:|1626180818
|switch|p2a: Bisharp|Bisharp, F|100/100
|move|p1a: Dragapult|Dragon Dance|p1a: Dragapult
|-boost|p1a: Dragapult|atk|1
|-boost|p1a: Dragapult|spe|1
|
|upkeep
|turn|8
|
|t:|1626180826
|move|p1a: Dragapult|Dragon Darts|p2a: Bisharp
|-resisted|p2a: Bisharp
|-damage|p2a: Bisharp|77/100
|-anim|p1a: Dragapult|Dragon Darts|p2a: Bisharp
|-resisted|p2a: Bisharp
|-damage|p2a: Bisharp|50/100
|move|p2a: Bisharp|Knock Off|p1a: Dragapult
|-supereffective|p1a: Dragapult
|-damage|p1a: Dragapult|0 fnt
|-enditem|p1a: Dragapult|Weakness Policy|[from] move: Knock Off|[of] p2a: Bisharp
|faint|p1a: Dragapult
|-damage|p2a: Bisharp|40/100|[from] item: Life Orb
|
|-sideend|p1: LT82ZW GLASS|move: Aurora Veil
|upkeep
|j| 15M41L-is-back
|
|t:|1626180840
|switch|p1a: Ninetales|Ninetales-Alola, M|100/100
|-damage|p1a: Ninetales|76/100|[from] Stealth Rock
|-weather|Hail|[from] ability: Snow Warning|[of] p1a: Ninetales
|turn|9
|
|t:|1626180842
|move|p1a: Ninetales|Aurora Veil|p1a: Ninetales
|-sidestart|p1: LT82ZW GLASS|move: Aurora Veil
|move|p2a: Bisharp|Iron Head|p1a: Ninetales
|-supereffective|p1a: Ninetales
|-damage|p1a: Ninetales|0 fnt
|faint|p1a: Ninetales
|-damage|p2a: Bisharp|30/100|[from] item: Life Orb
|
|-weather|Hail|[upkeep]
|-damage|p2a: Bisharp|24/100|[from] Hail
|upkeep
|
|t:|1626180854
|switch|p1a: Cloyster|Cloyster, F|100/100
|-damage|p1a: Cloyster|76/100|[from] Stealth Rock
|turn|10
|inactive|LT82ZW Vaw has 120 seconds left.
|
|t:|1626180861
|move|p2a: Bisharp|Knock Off|p1a: Cloyster
|-damage|p1a: Cloyster|47/100
|-enditem|p1a: Cloyster|King's Rock|[from] move: Knock Off|[of] p2a: Bisharp
|-damage|p2a: Bisharp|14/100|[from] item: Life Orb
|move|p1a: Cloyster|Shell Smash|p1a: Cloyster
|-unboost|p1a: Cloyster|def|1
|-unboost|p1a: Cloyster|spd|1
|-boost|p1a: Cloyster|atk|2
|-boost|p1a: Cloyster|spa|2
|-boost|p1a: Cloyster|spe|2
|
|-weather|Hail|[upkeep]
|-damage|p2a: Bisharp|8/100|[from] Hail
|upkeep
|turn|11
|
|t:|1626180869
|move|p2a: Bisharp|Sucker Punch|p1a: Cloyster
|-damage|p1a: Cloyster|20/100
|-damage|p2a: Bisharp|0 fnt|[from] item: Life Orb
|faint|p2a: Bisharp
|move|p1a: Cloyster|Icicle Spear|p2: Bisharp|[notarget]
|-fail|p1a: Cloyster
|
|-weather|Hail|[upkeep]
|upkeep
|l| Stop Smiles
|inactive|LT82ZW Vaw has 120 seconds left.
|
|t:|1626180888
|switch|p2a: Volcarona|Volcarona, M|59/100
|turn|12
|inactive|LT82ZW Vaw has 120 seconds left.
|inactive|LT82ZW GLASS has 120 seconds left.
|
|t:|1626180912
|move|p1a: Cloyster|Rock Blast|p2a: Volcarona
|-supereffective|p2a: Volcarona
|-damage|p2a: Volcarona|0 fnt
|faint|p2a: Volcarona
|-hitcount|p2: Volcarona|1
|
|-weather|Hail|[upkeep]
|upkeep
|
|t:|1626180920
|switch|p2a: Cloyster|Cloyster, F|100/100
|turn|13
|inactive|LT82ZW GLASS has 120 seconds left.
|
|t:|1626180936
|move|p2a: Cloyster|Ice Shard|p1a: Cloyster
|-resisted|p1a: Cloyster
|-damage|p1a: Cloyster|18/100
|move|p1a: Cloyster|Rock Blast|p2a: Cloyster
|-supereffective|p2a: Cloyster
|-damage|p2a: Cloyster|72/100
|-supereffective|p2a: Cloyster
|-damage|p2a: Cloyster|47/100
|-supereffective|p2a: Cloyster
|-damage|p2a: Cloyster|20/100
|-supereffective|p2a: Cloyster
|-damage|p2a: Cloyster|0 fnt
|faint|p2a: Cloyster
|-hitcount|p2: Cloyster|4
|
|-weather|none
|upkeep
|-message|LT82ZW Vaw forfeited.
|
|win|LT82ZW GLASS
|raw|LT82ZW GLASS's rating: 1715 &rarr; <strong>1737</strong><br />(+22 for winning)
|raw|LT82ZW Vaw's rating: 1752 &rarr; <strong>1730</strong><br />(-22 for losing)
|l|☆LT82ZW Vaw
|j| Stop Smiles
|l|☆LT82ZW GLASS
