|raw|<div class="broadcast-blue"><strong>This battle is required to be public due to a player having a name starting with 'lt93oq'.</div>
|j|☆LT93OQ Eeveeolence
|j|☆Adel19
|t:|1660394524
|gametype|singles
|player|p1|LT93OQ Eeveeolence|acetrainersnow|1823
|player|p2|Adel19|266|1722
|teamsize|p1|6
|teamsize|p2|6
|gen|8
|tier|[Gen 8] OU
|rated|
|rule|Sleep Clause Mod: Limit one foe put to sleep
|rule|Species Clause: Limit one of each Pokémon
|rule|OHKO Clause: OHKO moves are banned
|rule|Evasion Items Clause: Evasion items are banned
|rule|Evasion Moves Clause: Evasion moves are banned
|rule|Endless Battle Clause: Forcing endless battles is banned
|rule|HP Percentage Mod: HP is shown in percentages
|rule|Dynamax Clause: You cannot dynamax
|clearpoke
|poke|p1|Swampert, M|
|poke|p1|Landorus-Therian, M|
|poke|p1|Primarina, F|
|poke|p1|Scizor, M|
|poke|p1|Weavile, F|
|poke|p1|Zapdos|
|poke|p2|Landorus-Therian, M|
|poke|p2|Zeraora|
|poke|p2|Kartana|
|poke|p2|Tapu Fini|
|poke|p2|Blissey, F|
|poke|p2|Zapdos|
|teampreview
|inactive|Battle timer is ON: inactive players will automatically lose when time's up. (requested by LT93OQ Eeveeolence)
|c|☆LT93OQ Eeveeolence|can I face someone different?
|j| Mimikyu Stardust
|j| just nimmemja
|
|t:|1660394553
|start
|switch|p1a: Zapdosorio|Zapdos|100/100
|switch|p2a: Zapdos|Zapdos|100/100
|turn|1
|
|t:|1660394558
|move|p1a: Zapdosorio|Volt Switch|p2a: Zapdos
|-damage|p2a: Zapdos|46/100
|
|t:|1660394562
|switch|p1a: Swampy|Swampert, M|100/100|[from]move: Volt Switch
|move|p2a: Zapdos|Toxic|p1a: Swampy|[miss]
|-miss|p2a: Zapdos|p1a: Swampy
|
|upkeep
|turn|2
|
|t:|1660394566
|move|p1a: Swampy|Ice Punch|p2a: Zapdos
|-supereffective|p2a: Zapdos
|-damage|p2a: Zapdos|0 fnt
|-status|p1a: Swampy|par|[from] ability: Static|[of] p2a: Zapdos
|faint|p2a: Zapdos
|
|upkeep
|j| isabela000◥▶_◀◤
|
|t:|1660394580
|switch|p2a: Tapu Fini|Tapu Fini|100/100
|-fieldstart|move: Misty Terrain|[from] ability: Misty Surge|[of] p2a: Tapu Fini
|turn|3
|
|t:|1660394583
|switch|p1a: Zapdosorio|Zapdos|100/100
|move|p2a: Tapu Fini|Calm Mind|p2a: Tapu Fini
|-boost|p2a: Tapu Fini|spa|1
|-boost|p2a: Tapu Fini|spd|1
|
|upkeep
|turn|4
|
|t:|1660394587
|switch|p2a: Landorus|Landorus-Therian, M|100/100
|-ability|p2a: Landorus|Intimidate|boost
|-unboost|p1a: Zapdosorio|atk|1
|move|p1a: Zapdosorio|Thunderbolt|p2a: Landorus
|-immune|p2a: Landorus
|
|upkeep
|turn|5
|
|t:|1660394594
|switch|p1a: Comaligna|Weavile, F|100/100
|-ability|p1a: Comaligna|Pressure
|move|p2a: Landorus|Swords Dance|p2a: Landorus
|-boost|p2a: Landorus|atk|2
|
|upkeep
|turn|6
|
|t:|1660394606
|switch|p2a: Blissey|Blissey, F|100/100
|move|p1a: Comaligna|Triple Axel|p2a: Blissey
|-damage|p2a: Blissey|89/100
|-damage|p2a: Blissey|65/100
|-hitcount|p2a: Blissey|2
|
|upkeep
|turn|7
|j| playa13
|
|t:|1660394633
|switch|p2a: Kartana|Kartana|100/100
|move|p1a: Comaligna|Triple Axel|p2a: Kartana
|-damage|p2a: Kartana|87/100
|-damage|p2a: Kartana|63/100
|-damage|p2a: Kartana|28/100
|-hitcount|p2a: Kartana|3
|
|-fieldend|Misty Terrain
|upkeep
|turn|8
|
|t:|1660394639
|switch|p1a: Sr. Recortes|Scizor, M|100/100
|move|p2a: Kartana|Sacred Sword|p1a: Sr. Recortes
|-damage|p1a: Sr. Recortes|70/100
|
|upkeep
|turn|9
|
|t:|1660394642
|move|p2a: Kartana|Swords Dance|p2a: Kartana
|-boost|p2a: Kartana|atk|2
|move|p1a: Sr. Recortes|U-turn|p2a: Kartana
|-damage|p2a: Kartana|1/100
|
|t:|1660394645
|switch|p1a: Comaligna|Weavile, F|100/100|[from]move: U-turn
|-ability|p1a: Comaligna|Pressure
|
|upkeep
|turn|10
|
|t:|1660394653
|move|p1a: Comaligna|Knock Off|p2a: Kartana
|-damage|p2a: Kartana|0 fnt
|-enditem|p2a: Kartana|Protective Pads|[from] move: Knock Off|[of] p1a: Comaligna
|faint|p2a: Kartana
|
|upkeep
|
|t:|1660394654
|switch|p2a: Tapu Fini|Tapu Fini|100/100
|-fieldstart|move: Misty Terrain|[from] ability: Misty Surge|[of] p2a: Tapu Fini
|turn|11
|
|t:|1660394656
|move|p1a: Comaligna|Knock Off|p2a: Tapu Fini
|-resisted|p2a: Tapu Fini
|-damage|p2a: Tapu Fini|75/100
|-enditem|p2a: Tapu Fini|Leftovers|[from] move: Knock Off|[of] p1a: Comaligna
|move|p2a: Tapu Fini|Moonblast|p1a: Comaligna
|-supereffective|p1a: Comaligna
|-damage|p1a: Comaligna|9/100
|
|upkeep
|turn|12
|
|t:|1660394661
|switch|p1a: Sr. Recortes|Scizor, M|70/100
|move|p2a: Tapu Fini|Moonblast|p1a: Sr. Recortes
|-resisted|p1a: Sr. Recortes
|-damage|p1a: Sr. Recortes|54/100
|
|upkeep
|turn|13
|
|t:|1660394665
|move|p2a: Tapu Fini|Surf|p1a: Sr. Recortes
|-damage|p1a: Sr. Recortes|25/100
|move|p1a: Sr. Recortes|U-turn|p2a: Tapu Fini
|-resisted|p2a: Tapu Fini
|-damage|p2a: Tapu Fini|64/100
|
|t:|1660394668
|switch|p1a: Zapdosorio|Zapdos|100/100|[from]move: U-turn
|
|upkeep
|turn|14
|
|t:|1660394670
|move|p1a: Zapdosorio|Hurricane|p2a: Tapu Fini
|-damage|p2a: Tapu Fini|0 fnt
|faint|p2a: Tapu Fini
|
|upkeep
|
|t:|1660394673
|switch|p2a: Blissey|Blissey, F|65/100
|turn|15
|
|t:|1660394679
|switch|p1a: Sr. Recortes|Scizor, M|25/100
|move|p2a: Blissey|Seismic Toss|p1a: Sr. Recortes
|-damage|p1a: Sr. Recortes|0 fnt
|faint|p1a: Sr. Recortes
|
|-fieldend|Misty Terrain
|upkeep
|
|t:|1660394682
|switch|p1a: Comaligna|Weavile, F|9/100
|-ability|p1a: Comaligna|Pressure
|turn|16
|
|t:|1660394687
|move|p1a: Comaligna|Knock Off|p2a: Blissey
|-damage|p2a: Blissey|2/100
|-enditem|p2a: Blissey|Heavy-Duty Boots|[from] move: Knock Off|[of] p1a: Comaligna
|move|p2a: Blissey|Seismic Toss|p1a: Comaligna
|-damage|p1a: Comaligna|0 fnt
|faint|p1a: Comaligna
|
|upkeep
|
|t:|1660394691
|switch|p1a: Zapdosorio|Zapdos|100/100
|turn|17
|
|t:|1660394695
|move|p1a: Zapdosorio|Heat Wave|p2a: Blissey
|-damage|p2a: Blissey|0 fnt
|faint|p2a: Blissey
|
|upkeep
|
|t:|1660394697
|switch|p2a: Landorus|Landorus-Therian, M|100/100
|-ability|p2a: Landorus|Intimidate|boost
|-unboost|p1a: Zapdosorio|atk|1
|turn|18
|
|t:|1660394704
|move|p1a: Zapdosorio|Heat Wave|p2a: Landorus
|-damage|p2a: Landorus|38/100
|move|p2a: Landorus|Swords Dance|p2a: Landorus
|-boost|p2a: Landorus|atk|2
|
|upkeep
|turn|19
|-message|Adel19 forfeited.
|
|win|LT93OQ Eeveeolence
|raw|LT93OQ Eeveeolence's rating: 1823 &rarr; <strong>1837</strong><br />(+14 for winning)
|raw|Adel19's rating: 1722 &rarr; <strong>1708</strong><br />(-14 for losing)
|l|☆Adel19
|l|☆LT93OQ Eeveeolence
|l| playa13
|l| isabela000◥▶_◀◤
