|j|☆bluecore2552
|j|☆user_1 ou
|player|p1|bluecore2552|101|1421
|player|p2|user_1 ou|eusine|1370
|teamsize|p1|6
|teamsize|p2|6
|gametype|singles
|gen|8
|tier|[Gen 8] OU
|rated|
|clearpoke
|poke|p1|Toxapex, F|
|poke|p1|Toxtricity, M|
|poke|p1|Hydreigon, F|
|poke|p1|Corviknight, M|
|poke|p1|Clefable, M|
|poke|p1|Conkeldurr, F|
|poke|p2|Excadrill, M|
|poke|p2|Froslass, F|
|poke|p2|Polteageist|
|poke|p2|Cloyster, M|
|poke|p2|Barbaracle, M|
|poke|p2|Dugtrio, M|
|rule|Sleep Clause Mod: Limit one foe put to sleep
|rule|Species Clause: Limit one of each Pokémon
|rule|OHKO Clause: OHKO moves are banned
|rule|Evasion Moves Clause: Evasion moves are banned
|rule|Endless Battle Clause: Forcing endless battles is banned
|rule|HP Percentage Mod: HP is shown in percentages
|rule|Dynamax Clause: You cannot dynamax
|teampreview
|
|start
|switch|p1a: Hydreigon|Hydreigon, F|100/100
|switch|p2a: Froslass|Froslass, F|100/100
|turn|1
|
|move|p1a: Hydreigon|Dark Pulse|p2a: Froslass
|-supereffective|p2a: Froslass
|-enditem|p2a: Froslass|Focus Sash
|-damage|p2a: Froslass|1/100
|move|p2a: Froslass|Spikes|p1a: Hydreigon
|-sidestart|p1: bluecore2552|Spikes
|
|upkeep
|turn|2
|
|move|p1a: Hydreigon|Dark Pulse|p2a: Froslass
|-supereffective|p2a: Froslass
|-damage|p2a: Froslass|0 fnt
|faint|p2a: Froslass
|
|upkeep
|
|switch|p2a: Excadrill|Excadrill, M|100/100
|-ability|p2a: Excadrill|Mold Breaker
|turn|3
|
|move|p1a: Hydreigon|Dark Pulse|p2a: Excadrill
|-damage|p2a: Excadrill|50/100
|move|p2a: Excadrill|Stealth Rock|p1a: Hydreigon
|-sidestart|p1: bluecore2552|move: Stealth Rock
|
|upkeep
|turn|4
|
|move|p1a: Hydreigon|Dark Pulse|p2a: Excadrill
|-damage|p2a: Excadrill|0 fnt
|faint|p2a: Excadrill
|
|upkeep
|
|switch|p2a: Barbaracle|Barbaracle, M|100/100
|turn|5
|
|move|p1a: Hydreigon|Dark Pulse|p2a: Barbaracle
|-damage|p2a: Barbaracle|46/100
|cant|p2a: Barbaracle|flinch
|
|upkeep
|turn|6
|
|move|p1a: Hydreigon|Dark Pulse|p2a: Barbaracle
|-damage|p2a: Barbaracle|0 fnt
|faint|p2a: Barbaracle
|
|upkeep
|
|switch|p2a: Cloyster|Cloyster, M|100/100
|turn|7
|
|move|p1a: Hydreigon|Dark Pulse|p2a: Cloyster
|-enditem|p2a: Cloyster|Focus Sash
|-damage|p2a: Cloyster|1/100
|move|p2a: Cloyster|Icicle Spear|p1a: Hydreigon
|-supereffective|p1a: Hydreigon
|-damage|p1a: Hydreigon|75/100
|-supereffective|p1a: Hydreigon
|-damage|p1a: Hydreigon|47/100
|-supereffective|p1a: Hydreigon
|-damage|p1a: Hydreigon|20/100
|-supereffective|p1a: Hydreigon
|-damage|p1a: Hydreigon|0 fnt
|-hitcount|p1a: Hydreigon|4
|faint|p1a: Hydreigon
|
|upkeep
|
|switch|p1a: Corviknight|Corviknight, M|100/100
|-damage|p1a: Corviknight|88/100|[from] Stealth Rock
|-ability|p1a: Corviknight|Pressure
|turn|8
|
|move|p2a: Cloyster|Shell Smash|p2a: Cloyster
|-unboost|p2a: Cloyster|def|1
|-unboost|p2a: Cloyster|spd|1
|-boost|p2a: Cloyster|atk|2
|-boost|p2a: Cloyster|spa|2
|-boost|p2a: Cloyster|spe|2
|move|p1a: Corviknight|Defog|p2a: Cloyster
|-unboost|p2a: Cloyster|evasion|1
|-sideend|p1: bluecore2552|Spikes|[from] move: Defog|[of] p1a: Corviknight
|-sideend|p1: bluecore2552|Stealth Rock|[from] move: Defog|[of] p1a: Corviknight
|
|-heal|p1a: Corviknight|94/100|[from] item: Leftovers
|upkeep
|turn|9
|
|move|p2a: Cloyster|Icicle Spear|p1a: Corviknight
|-damage|p1a: Corviknight|74/100
|-damage|p1a: Corviknight|54/100
|-damage|p1a: Corviknight|34/100
|-damage|p1a: Corviknight|15/100
|-damage|p1a: Corviknight|0 fnt
|-hitcount|p1a: Corviknight|5
|faint|p1a: Corviknight
|
|upkeep
|
|switch|p1a: Conkeldurr|Conkeldurr, F|100/100
|turn|10
|
|move|p2a: Cloyster|Ice Shard|p1a: Conkeldurr
|-damage|p1a: Conkeldurr|63/100
|move|p1a: Conkeldurr|Mach Punch|p2a: Cloyster
|-supereffective|p2a: Cloyster
|-damage|p2a: Cloyster|0 fnt
|faint|p2a: Cloyster
|
|-status|p1a: Conkeldurr|brn|[from] item: Flame Orb
|upkeep
|
|switch|p2a: Polteageist|Polteageist|100/100
|turn|11
|
|move|p2a: Polteageist|Shell Smash|p2a: Polteageist
|-unboost|p2a: Polteageist|def|1
|-unboost|p2a: Polteageist|spd|1
|-boost|p2a: Polteageist|atk|2
|-boost|p2a: Polteageist|spa|2
|-boost|p2a: Polteageist|spe|2
|move|p1a: Conkeldurr|Earthquake|p2a: Polteageist
|-enditem|p2a: Polteageist|Focus Sash
|-damage|p2a: Polteageist|1/100
|-start|p1a: Conkeldurr|Disable|Earthquake|[from] ability: Cursed Body|[of] p2a: Polteageist
|
|-damage|p1a: Conkeldurr|56/100 brn|[from] brn
|upkeep
|turn|12
|
|move|p1a: Conkeldurr|Mach Punch|p2a: Polteageist
|-immune|p2a: Polteageist
|move|p2a: Polteageist|Shell Smash|p2a: Polteageist
|-unboost|p2a: Polteageist|def|1
|-unboost|p2a: Polteageist|spd|1
|-boost|p2a: Polteageist|atk|2
|-boost|p2a: Polteageist|spa|2
|-boost|p2a: Polteageist|spe|2
|
|-damage|p1a: Conkeldurr|50/100 brn|[from] brn
|upkeep
|turn|13
|
|move|p1a: Conkeldurr|Mach Punch|p2a: Polteageist
|-immune|p2a: Polteageist
|move|p2a: Polteageist|Shadow Ball|p1a: Conkeldurr
|-damage|p1a: Conkeldurr|0 fnt
|faint|p1a: Conkeldurr
|
|upkeep
|
|switch|p1a: Toxapex|Toxapex, F|100/100
|turn|14
|
|move|p1a: Toxapex|Baneful Bunker|p1a: Toxapex
|-singleturn|p1a: Toxapex|move: Protect
|move|p2a: Polteageist|Stored Power|p1a: Toxapex
|-activate|p1a: Toxapex|move: Protect
|
|upkeep
|turn|15
|
|switch|p1a: Toxtricity|Toxtricity, M|100/100
|move|p2a: Polteageist|Stored Power|p1a: Toxtricity
|-supereffective|p1a: Toxtricity
|-damage|p1a: Toxtricity|0 fnt
|faint|p1a: Toxtricity
|
|upkeep
|
|switch|p1a: Clefable|Clefable, M|100/100
|turn|16
|
|move|p2a: Polteageist|Shadow Ball|p1a: Clefable
|-damage|p1a: Clefable|2/100
|-unboost|p1a: Clefable|spd|1
|move|p1a: Clefable|Moonblast|p2a: Polteageist
|-damage|p2a: Polteageist|0 fnt
|faint|p2a: Polteageist
|
|-heal|p1a: Clefable|8/100|[from] item: Leftovers
|upkeep
|
|switch|p2a: Dugtrio|Dugtrio, M|100/100
|turn|17
|
|move|p1a: Clefable|Protect|p1a: Clefable
|-singleturn|p1a: Clefable|Protect
|move|p2a: Dugtrio|Earthquake|p1a: Clefable
|-activate|p1a: Clefable|move: Protect
|
|-heal|p1a: Clefable|14/100|[from] item: Leftovers
|upkeep
|turn|18
|
|move|p2a: Dugtrio|Earthquake|p1a: Clefable
|-damage|p1a: Clefable|0 fnt
|faint|p1a: Clefable
|
|upkeep
|
|switch|p1a: Toxapex|Toxapex, F|100/100
|turn|19
|
|move|p2a: Dugtrio|Earthquake|p1a: Toxapex
|-supereffective|p1a: Toxapex
|-damage|p1a: Toxapex|52/100
|move|p1a: Toxapex|Scald|p2a: Dugtrio
|-supereffective|p2a: Dugtrio
|-damage|p2a: Dugtrio|28/100
|
|-heal|p1a: Toxapex|59/100|[from] item: Black Sludge
|upkeep
|turn|20
|
|move|p1a: Toxapex|Baneful Bunker|p1a: Toxapex
|-singleturn|p1a: Toxapex|move: Protect
|move|p2a: Dugtrio|Earthquake|p1a: Toxapex
|-activate|p1a: Toxapex|move: Protect
|
|-heal|p1a: Toxapex|65/100|[from] item: Black Sludge
|upkeep
|turn|21
|
|move|p2a: Dugtrio|Earthquake|p1a: Toxapex
|-supereffective|p1a: Toxapex
|-damage|p1a: Toxapex|9/100
|move|p1a: Toxapex|Scald|p2a: Dugtrio
|-supereffective|p2a: Dugtrio
|-damage|p2a: Dugtrio|0 fnt
|faint|p2a: Dugtrio
|
|win|bluecore2552
|l|☆user_1 ou
||Ladder (probably) updated, but score could not be retrieved (Response not received).
