|raw|<div class="broadcast-blue"><strong>This battle is required to be public due to a player having a name starting with 'lt94je'.</div>
|j|☆LT94JE Fuse
|j|☆Sp0onl0rd
|t:|1661296931
|gametype|singles
|player|p1|LT94JE Fuse|yellow|1870
|player|p2|Sp0onl0rd|teamrocket|1713
|teamsize|p1|6
|teamsize|p2|6
|gen|8
|tier|[Gen 8] OU
|rated|
|rule|Sleep Clause Mod: Limit one foe put to sleep
|rule|Species Clause: Limit one of each Pokémon
|rule|OHKO Clause: OHKO moves are banned
|rule|Evasion Items Clause: Evasion items are banned
|rule|Evasion Moves Clause: Evasion moves are banned
|rule|Endless Battle Clause: Forcing endless battles is banned
|rule|HP Percentage Mod: HP is shown in percentages
|rule|Dynamax Clause: You cannot dynamax
|clearpoke
|poke|p1|Necrozma|
|poke|p1|Tapu Lele|
|poke|p1|Urshifu-*, F|
|poke|p1|Tornadus-Therian, M|
|poke|p1|Landorus-Therian, M|
|poke|p1|Ferrothorn, M|
|poke|p2|Tapu Fini|
|poke|p2|Bisharp, F|
|poke|p2|Garchomp, F|
|poke|p2|Dragapult, F|
|poke|p2|Celesteela|
|poke|p2|Mew|
|teampreview
|inactive|Battle timer is ON: inactive players will automatically lose when time's up. (requested by Sp0onl0rd)
|c|☆LT94JE Fuse|Hf
|
|t:|1661296942
|start
|switch|p1a: Urshifu|Urshifu-Rapid-Strike, F|100/100
|switch|p2a: Mew|Mew|100/100
|turn|1
|
|t:|1661296944
|move|p2a: Mew|Thunder Wave|p1a: Urshifu
|-status|p1a: Urshifu|par
|move|p1a: Urshifu|U-turn|p2a: Mew
|-supereffective|p2a: Mew
|-damage|p2a: Mew|40/100
|
|t:|1661296947
|switch|p1a: Tapu Lele|Tapu Lele|100/100|[from]move: U-turn
|-fieldstart|move: Psychic Terrain|[from] ability: Psychic Surge|[of] p1a: Tapu Lele
|
|upkeep
|turn|2
|
|t:|1661296949
|move|p1a: Tapu Lele|Moonblast|p2a: Mew
|-damage|p2a: Mew|0 fnt
|faint|p2a: Mew
|
|upkeep
|
|t:|1661296951
|switch|p2a: Celesteela|Celesteela|100/100
|turn|3
|
|t:|1661296954
|switch|p1a: Necrozma|Necrozma|100/100
|move|p2a: Celesteela|Autotomize|p2a: Celesteela
|-boost|p2a: Celesteela|spe|2
|-start|p2a: Celesteela|Autotomize
|
|upkeep
|turn|4
|
|t:|1661296956
|move|p2a: Celesteela|Meteor Beam||[still]
|-prepare|p2a: Celesteela|Meteor Beam
|-boost|p2a: Celesteela|spa|1
|-enditem|p2a: Celesteela|Power Herb
|-anim|p2a: Celesteela|Meteor Beam|p1a: Necrozma
|-damage|p1a: Necrozma|36/100
|move|p1a: Necrozma|Heat Wave|p2a: Celesteela
|-supereffective|p2a: Celesteela
|-damage|p2a: Celesteela|0 fnt
|faint|p2a: Celesteela
|
|upkeep
|
|t:|1661296960
|switch|p2a: Bisharp|Bisharp, F|100/100
|turn|5
|
|t:|1661296962
|move|p2a: Bisharp|Knock Off|p1a: Necrozma
|-supereffective|p1a: Necrozma
|-damage|p1a: Necrozma|0 fnt
|-enditem|p1a: Necrozma|Choice Specs|[from] move: Knock Off|[of] p2a: Bisharp
|faint|p1a: Necrozma
|-damage|p2a: Bisharp|91/100|[from] item: Life Orb
|
|-fieldend|move: Psychic Terrain
|upkeep
|
|t:|1661296964
|switch|p1a: Tapu Lele|Tapu Lele|100/100
|-fieldstart|move: Psychic Terrain|[from] ability: Psychic Surge|[of] p1a: Tapu Lele
|turn|6
|
|t:|1661296967
|move|p1a: Tapu Lele|Moonblast|p2a: Bisharp
|-damage|p2a: Bisharp|1/100
|move|p2a: Bisharp|Knock Off|p1a: Tapu Lele
|-crit|p1a: Tapu Lele
|-damage|p1a: Tapu Lele|0 fnt
|-enditem|p1a: Tapu Lele|Choice Scarf|[from] move: Knock Off|[of] p2a: Bisharp
|faint|p1a: Tapu Lele
|-damage|p2a: Bisharp|0 fnt|[from] item: Life Orb
|faint|p2a: Bisharp
|
|upkeep
|
|t:|1661296975
|switch|p1a: Ferrothorn|Ferrothorn, M|100/100
|switch|p2a: Tapu Fini|Tapu Fini|100/100
|-fieldstart|move: Misty Terrain|[from] ability: Misty Surge|[of] p2a: Tapu Fini
|turn|7
|
|t:|1661296977
|move|p2a: Tapu Fini|Taunt|p1a: Ferrothorn
|-start|p1a: Ferrothorn|move: Taunt
|move|p1a: Ferrothorn|Knock Off|p2a: Tapu Fini
|-resisted|p2a: Tapu Fini
|-damage|p2a: Tapu Fini|93/100
|-enditem|p2a: Tapu Fini|Leftovers|[from] move: Knock Off|[of] p1a: Ferrothorn
|
|upkeep
|turn|8
|
|t:|1661296981
|switch|p2a: Garchomp|Garchomp, F|100/100
|move|p1a: Ferrothorn|Iron Head|p2a: Garchomp
|-damage|p2a: Garchomp|74/100
|-damage|p1a: Ferrothorn|88/100|[from] ability: Rough Skin|[of] p2a: Garchomp
|
|-heal|p1a: Ferrothorn|94/100|[from] item: Leftovers
|upkeep
|turn|9
|
|t:|1661296985
|switch|p1a: Landorus|Landorus-Therian, M|100/100
|-ability|p1a: Landorus|Intimidate|boost
|-unboost|p2a: Garchomp|atk|1
|move|p2a: Garchomp|Swords Dance|p2a: Garchomp
|-boost|p2a: Garchomp|atk|2
|
|upkeep
|turn|10
|
|t:|1661296987
|move|p2a: Garchomp|Scale Shot|p1a: Landorus
|-damage|p1a: Landorus|78/100
|-damage|p1a: Landorus|54/100
|-hitcount|p1a: Landorus|2
|-unboost|p2a: Garchomp|def|1
|-boost|p2a: Garchomp|spe|1
|-damage|p2a: Garchomp|65/100|[from] item: Life Orb
|move|p1a: Landorus|Earthquake|p2a: Garchomp
|-damage|p2a: Garchomp|0 fnt
|faint|p2a: Garchomp
|
|-heal|p1a: Landorus|60/100|[from] item: Leftovers
|upkeep
|
|t:|1661296989
|switch|p2a: Dragapult|Dragapult, F|100/100
|turn|11
|
|t:|1661296992
|move|p2a: Dragapult|Dragon Darts|p1a: Landorus
|-damage|p1a: Landorus|26/100
|-anim|p2a: Dragapult|Dragon Darts|p1a: Landorus
|-damage|p1a: Landorus|0 fnt
|faint|p1a: Landorus
|-damage|p2a: Dragapult|91/100|[from] item: Life Orb
|
|-fieldend|Misty Terrain
|upkeep
|
|t:|1661296997
|switch|p1a: Urshifu|Urshifu-Rapid-Strike, F|100/100 par
|turn|12
|j| GX_LuMe07
|
|t:|1661297000
|switch|p2a: Tapu Fini|Tapu Fini|93/100
|-fieldstart|move: Misty Terrain|[from] ability: Misty Surge|[of] p2a: Tapu Fini
|move|p1a: Urshifu|Surging Strikes|p2a: Tapu Fini
|-resisted|p2a: Tapu Fini
|-crit|p2a: Tapu Fini
|-damage|p2a: Tapu Fini|82/100
|-resisted|p2a: Tapu Fini
|-crit|p2a: Tapu Fini
|-damage|p2a: Tapu Fini|71/100
|-resisted|p2a: Tapu Fini
|-crit|p2a: Tapu Fini
|-damage|p2a: Tapu Fini|61/100
|-hitcount|p2a: Tapu Fini|3
|
|upkeep
|turn|13
|
|t:|1661297003
|switch|p2a: Dragapult|Dragapult, F|91/100
|switch|p1a: Ferrothorn|Ferrothorn, M|94/100
|
|-heal|p1a: Ferrothorn|100/100|[from] item: Leftovers
|upkeep
|turn|14
|
|t:|1661297007
|move|p2a: Dragapult|Fire Blast|p1a: Ferrothorn
|-supereffective|p1a: Ferrothorn
|-damage|p1a: Ferrothorn|0 fnt
|faint|p1a: Ferrothorn
|-damage|p2a: Dragapult|81/100|[from] item: Life Orb
|
|upkeep
|
|t:|1661297012
|switch|p1a: Tornadus|Tornadus-Therian, M|100/100
|turn|15
|
|t:|1661297014
|move|p2a: Dragapult|Dragon Darts|p1a: Tornadus
|-damage|p1a: Tornadus|62/100
|-anim|p2a: Dragapult|Dragon Darts|p1a: Tornadus
|-damage|p1a: Tornadus|28/100
|-damage|p2a: Dragapult|71/100|[from] item: Life Orb
|move|p1a: Tornadus|Hurricane|p2a: Dragapult
|-damage|p2a: Dragapult|14/100
|
|upkeep
|turn|16
|
|t:|1661297016
|switch|p1a: Urshifu|Urshifu-Rapid-Strike, F|100/100 par
|move|p2a: Dragapult|Dragon Darts|p1a: Urshifu
|-damage|p1a: Urshifu|82/100 par
|-anim|p2a: Dragapult|Dragon Darts|p1a: Urshifu
|-damage|p1a: Urshifu|65/100 par
|-damage|p2a: Dragapult|4/100|[from] item: Life Orb
|
|-fieldend|Misty Terrain
|upkeep
|turn|17
|
|t:|1661297023
|move|p2a: Dragapult|Dragon Darts|p1a: Urshifu
|-damage|p1a: Urshifu|32/100 par
|-anim|p2a: Dragapult|Dragon Darts|p1a: Urshifu
|-damage|p1a: Urshifu|0 fnt
|faint|p1a: Urshifu
|-damage|p2a: Dragapult|0 fnt|[from] item: Life Orb
|faint|p2a: Dragapult
|
|upkeep
|
|t:|1661297026
|switch|p2a: Tapu Fini|Tapu Fini|61/100
|switch|p1a: Tornadus|Tornadus-Therian, M|62/100
|-fieldstart|move: Misty Terrain|[from] ability: Misty Surge|[of] p2a: Tapu Fini
|turn|18
|
|t:|1661297028
|move|p1a: Tornadus|Hurricane|p2a: Tapu Fini|[miss]
|-miss|p1a: Tornadus|p2a: Tapu Fini
|move|p2a: Tapu Fini|Calm Mind|p2a: Tapu Fini
|-boost|p2a: Tapu Fini|spa|1
|-boost|p2a: Tapu Fini|spd|1
|
|upkeep
|turn|19
|
|t:|1661297029
|move|p1a: Tornadus|Hurricane|p2a: Tapu Fini
|-damage|p2a: Tapu Fini|41/100
|move|p2a: Tapu Fini|Draining Kiss|p1a: Tornadus
|-damage|p1a: Tornadus|46/100
|-heal|p2a: Tapu Fini|53/100|[from] drain|[of] p1a: Tornadus
|
|upkeep
|turn|20
|
|t:|1661297032
|move|p1a: Tornadus|Hurricane|p2a: Tapu Fini
|-damage|p2a: Tapu Fini|31/100
|move|p2a: Tapu Fini|Draining Kiss|p1a: Tornadus
|-damage|p1a: Tornadus|28/100
|-heal|p2a: Tapu Fini|45/100|[from] drain|[of] p1a: Tornadus
|
|upkeep
|turn|21
|j| storm zone
|
|t:|1661297034
|move|p1a: Tornadus|Hurricane|p2a: Tapu Fini
|-damage|p2a: Tapu Fini|24/100
|move|p2a: Tapu Fini|Draining Kiss|p1a: Tornadus
|-damage|p1a: Tornadus|12/100
|-heal|p2a: Tapu Fini|37/100|[from] drain|[of] p1a: Tornadus
|
|upkeep
|turn|22
|
|t:|1661297036
|move|p1a: Tornadus|Hurricane|p2a: Tapu Fini|[miss]
|-miss|p1a: Tornadus|p2a: Tapu Fini
|move|p2a: Tapu Fini|Draining Kiss|p1a: Tornadus
|-damage|p1a: Tornadus|0 fnt
|-heal|p2a: Tapu Fini|46/100|[from] drain|[of] p1a: Tornadus
|faint|p1a: Tornadus
|
|win|Sp0onl0rd
|raw|LT94JE Fuse's rating: 1870 &rarr; <strong>1842</strong><br />(-28 for losing)
|raw|Sp0onl0rd's rating: 1713 &rarr; <strong>1741</strong><br />(+28 for winning)
|c|☆LT94JE Fuse|Gg
|l|☆Sp0onl0rd
|l| storm zone
|j| LT94JE Ahsan
|l| LT94JE Ahsan
||Ladder isn't responding, score probably updated but might not have (Request timeout).
|l| GX_LuMe07
