|j|☆jptoroglass
|j|☆Colonel Rivai
|t:|1648736909
|gametype|singles
|player|p1|jptoroglass|furisodegirl-black|1703
|player|p2|Colonel Rivai|102|1771
|teamsize|p1|6
|teamsize|p2|6
|gen|8
|tier|[Gen 8] OU
|rated|
|rule|Sleep Clause Mod: Limit one foe put to sleep
|rule|Species Clause: Limit one of each Pokémon
|rule|OHKO Clause: OHKO moves are banned
|rule|Evasion Moves Clause: Evasion moves are banned
|rule|Endless Battle Clause: Forcing endless battles is banned
|rule|HP Percentage Mod: HP is shown in percentages
|rule|Dynamax Clause: You cannot dynamax
|clearpoke
|poke|p1|Mew|
|poke|p1|Cloyster, M|
|poke|p1|Gengar, F|
|poke|p1|Bisharp, F|
|poke|p1|Rillaboom, F|
|poke|p1|Hawlucha, M|
|poke|p2|Hydreigon, F|
|poke|p2|Kartana|
|poke|p2|Blacephalon|
|poke|p2|Landorus-Therian, M|
|poke|p2|Melmetal|
|poke|p2|Toxapex, M|
|teampreview
|
|t:|1648736920
|start
|switch|p1a: Mew|Mew, shiny|100/100
|switch|p2a: Hydreigon|Hydreigon, F|100/100
|turn|1
|
|t:|1648736925
|move|p1a: Mew|Stealth Rock|p2a: Hydreigon
|-sidestart|p2: Colonel Rivai|move: Stealth Rock
|move|p2a: Hydreigon|Beat Up|p1a: Mew
|-supereffective|p1a: Mew
|-damage|p1a: Mew|81/100
|-supereffective|p1a: Mew
|-damage|p1a: Mew|54/100
|-supereffective|p1a: Mew
|-damage|p1a: Mew|33/100
|-supereffective|p1a: Mew
|-damage|p1a: Mew|6/100
|-supereffective|p1a: Mew
|-damage|p1a: Mew|0 fnt
|faint|p1a: Mew
|-hitcount|p1: Mew|5
|
|upkeep
|inactive|Battle timer is ON: inactive players will automatically lose when time's up. (requested by Colonel Rivai)
|
|t:|1648736942
|switch|p1a: Zero|Bisharp, F|100/100
|turn|2
|
|t:|1648736955
|switch|p2a: Kartana|Kartana|100/100
|-damage|p2a: Kartana|94/100|[from] Stealth Rock
|move|p1a: Zero|Swords Dance|p1a: Zero
|-boost|p1a: Zero|atk|2
|
|upkeep
|turn|3
|
|t:|1648736959
|move|p1a: Zero|Sucker Punch|p2a: Kartana
|-damage|p2a: Kartana|4/100
|move|p2a: Kartana|Sacred Sword|p1a: Zero
|-supereffective|p1a: Zero
|-damage|p1a: Zero|0 fnt
|faint|p1a: Zero
|-ability|p2a: Kartana|Beast Boost|boost
|-boost|p2a: Kartana|atk|1
|
|upkeep
|
|t:|1648736968
|switch|p1a: Okage|Gengar, F|100/100
|turn|4
|
|t:|1648736971
|switch|p2a: Melmetal|Melmetal|100/100
|-damage|p2a: Melmetal|94/100|[from] Stealth Rock
|move|p1a: Okage|Shadow Ball|p2a: Melmetal
|-damage|p2a: Melmetal|72/100
|
|upkeep
|turn|5
|
|t:|1648736976
|move|p1a: Okage|Focus Blast|p2a: Melmetal|[miss]
|-miss|p1a: Okage|p2a: Melmetal
|move|p2a: Melmetal|Double Iron Bash|p1a: Okage
|-damage|p1a: Okage|7/100
|-damage|p1a: Okage|0 fnt
|faint|p1a: Okage
|-hitcount|p1: Okage|2
|
|upkeep
|
|t:|1648736984
|switch|p1a: DK did it first|Rillaboom, F|100/100
|-fieldstart|move: Grassy Terrain|[from] ability: Grassy Surge|[of] p1a: DK did it first
|turn|6
|
|t:|1648736987
|switch|p2a: Landorus|Landorus-Therian, M|100/100
|-damage|p2a: Landorus|88/100|[from] Stealth Rock
|-ability|p2a: Landorus|Intimidate|boost
|-unboost|p1a: DK did it first|atk|1
|move|p1a: DK did it first|Drain Punch|p2a: Landorus
|-resisted|p2a: Landorus
|-damage|p2a: Landorus|76/100
|-damage|p1a: DK did it first|91/100|[from] item: Life Orb
|
|-heal|p1a: DK did it first|97/100|[from] Grassy Terrain
|-heal|p2a: Landorus|82/100|[from] item: Leftovers
|upkeep
|turn|7
|
|t:|1648736993
|switch|p1a: Adam West|Hawlucha, M|100/100
|-enditem|p1a: Adam West|Grassy Seed
|-boost|p1a: Adam West|def|1|[from] item: Grassy Seed
|move|p2a: Landorus|Defog|p1a: Adam West
|-unboost|p1a: Adam West|evasion|1
|-sideend|p2: Colonel Rivai|Stealth Rock|[from] move: Defog|[of] p2a: Landorus
|-fieldend|move: Grassy Terrain
|
|-heal|p2a: Landorus|88/100|[from] item: Leftovers
|upkeep
|turn|8
|
|t:|1648736997
|move|p1a: Adam West|Swords Dance|p1a: Adam West
|-boost|p1a: Adam West|atk|2
|move|p2a: Landorus|U-turn|p1a: Adam West
|-resisted|p1a: Adam West
|-damage|p1a: Adam West|96/100
|
|t:|1648736998
|switch|p2a: Toxapex|Toxapex, M|100/100|[from]move: U-turn
|
|upkeep
|turn|9
|
|t:|1648737004
|move|p1a: Adam West|Acrobatics|p2a: Toxapex
|-damage|p2a: Toxapex|44/100
|-damage|p1a: Adam West|79/100|[from] item: Rocky Helmet|[of] p2a: Toxapex
|move|p2a: Toxapex|Haze|p2a: Toxapex
|-clearallboost
|
|upkeep
|turn|10
|
|t:|1648737016
|move|p1a: Adam West|Swords Dance|p1a: Adam West
|-boost|p1a: Adam West|atk|2
|move|p2a: Toxapex|Recover|p2a: Toxapex
|-heal|p2a: Toxapex|94/100
|
|upkeep
|turn|11
|
|t:|1648737019
|move|p1a: Adam West|Acrobatics|p2a: Toxapex
|-damage|p2a: Toxapex|37/100
|-damage|p1a: Adam West|62/100|[from] item: Rocky Helmet|[of] p2a: Toxapex
|move|p2a: Toxapex|Haze|p2a: Toxapex
|-clearallboost
|
|upkeep
|turn|12
|
|t:|1648737035
|move|p1a: Adam West|Swords Dance|p1a: Adam West
|-boost|p1a: Adam West|atk|2
|move|p2a: Toxapex|Recover|p2a: Toxapex
|-heal|p2a: Toxapex|87/100
|
|upkeep
|turn|13
|
|t:|1648737040
|move|p1a: Adam West|Acrobatics|p2a: Toxapex
|-damage|p2a: Toxapex|27/100
|-damage|p1a: Adam West|46/100|[from] item: Rocky Helmet|[of] p2a: Toxapex
|move|p2a: Toxapex|Haze|p2a: Toxapex
|-clearallboost
|
|upkeep
|turn|14
|
|t:|1648737045
|move|p1a: Adam West|Acrobatics|p2a: Toxapex
|-damage|p2a: Toxapex|0 fnt
|-damage|p1a: Adam West|29/100|[from] item: Rocky Helmet|[of] p2a: Toxapex
|faint|p2a: Toxapex
|
|upkeep
|
|t:|1648737048
|switch|p2a: Landorus|Landorus-Therian, M|88/100
|-ability|p2a: Landorus|Intimidate|boost
|-unboost|p1a: Adam West|atk|1
|turn|15
|
|t:|1648737051
|move|p1a: Adam West|Swords Dance|p1a: Adam West
|-boost|p1a: Adam West|atk|2
|move|p2a: Landorus|U-turn|p1a: Adam West
|-resisted|p1a: Adam West
|-damage|p1a: Adam West|21/100
|
|t:|1648737059
|switch|p2a: Hydreigon|Hydreigon, F|100/100|[from]move: U-turn
|
|upkeep
|turn|16
|
|t:|1648737064
|switch|p2a: Landorus|Landorus-Therian, M|88/100
|-ability|p2a: Landorus|Intimidate|boost
|-unboost|p1a: Adam West|atk|1
|move|p1a: Adam West|Close Combat|p2a: Landorus
|-resisted|p2a: Landorus
|-damage|p2a: Landorus|61/100
|-unboost|p1a: Adam West|def|1
|-unboost|p1a: Adam West|spd|1
|
|-heal|p2a: Landorus|67/100|[from] item: Leftovers
|upkeep
|turn|17
|
|t:|1648737067
|move|p1a: Adam West|Swords Dance|p1a: Adam West
|-boost|p1a: Adam West|atk|2
|move|p2a: Landorus|U-turn|p1a: Adam West
|-resisted|p1a: Adam West
|-damage|p1a: Adam West|10/100
|
|t:|1648737070
|switch|p2a: Hydreigon|Hydreigon, F|100/100|[from]move: U-turn
|
|upkeep
|turn|18
|
|t:|1648737075
|move|p1a: Adam West|Acrobatics|p2a: Hydreigon
|-damage|p2a: Hydreigon|0 fnt
|faint|p2a: Hydreigon
|
|upkeep
|
|t:|1648737078
|switch|p2a: Landorus|Landorus-Therian, M|67/100
|-ability|p2a: Landorus|Intimidate|boost
|-unboost|p1a: Adam West|atk|1
|turn|19
|
|t:|1648737083
|move|p1a: Adam West|Acrobatics|p2a: Landorus
|-damage|p2a: Landorus|0 fnt
|faint|p2a: Landorus
|
|upkeep
|
|t:|1648737087
|switch|p2a: Blacephalon|Blacephalon|100/100
|turn|20
|
|t:|1648737094
|move|p1a: Adam West|Stone Edge|p2a: Blacephalon
|-supereffective|p2a: Blacephalon
|-damage|p2a: Blacephalon|0 fnt
|faint|p2a: Blacephalon
|
|upkeep
|l|☆Colonel Rivai
|inactive|Colonel Rivai disconnected and has a minute to reconnect!
|player|p2|
|inactive|Colonel Rivai has 30 seconds to reconnect!
|inactive|Colonel Rivai has 20 seconds to reconnect!
|inactive|Colonel Rivai has 15 seconds to reconnect!
|inactive|Colonel Rivai has 10 seconds to reconnect!
|j| leor006
|inactive|Colonel Rivai has 5 seconds to reconnect!
|-message|Colonel Rivai lost due to inactivity.
|
|win|jptoroglass
|raw|jptoroglass's rating: 1703 &rarr; <strong>1727</strong><br />(+24 for winning)
|raw|Colonel Rivai's rating: 1771 &rarr; <strong>1747</strong><br />(-24 for losing)
|l| leor006
|j| 9rz
|l| 9rz
||Ladder isn't responding, score probably updated but might not have (Request timeout).
|j| Nyx03
|l| Nyx03
