|j|☆X-Wing Fighter
|j|☆inolife
|t:|1616981471
|player|p1|X-Wing Fighter|winona-gen6|
|player|p2|inolife|acetrainerf-gen4dp|
|teamsize|p1|6
|teamsize|p2|6
|gametype|singles
|gen|8
|tier|[Gen 8] OU
|rated|Tournament battle
|clearpoke
|poke|p1|Thundurus-Therian, M|
|poke|p1|Pelipper, F|
|poke|p1|Crawdaunt, F|
|poke|p1|Kingdra, M|
|poke|p1|Ferrothorn, M|
|poke|p1|Scizor, F|
|poke|p2|Sandslash-Alola, M|
|poke|p2|Magnezone|
|poke|p2|Ninetales-Alola, M|
|poke|p2|Swampert, F|
|poke|p2|Mandibuzz, F|
|poke|p2|Dragapult, F|
|rule|Sleep Clause Mod: Limit one foe put to sleep
|rule|Species Clause: Limit one of each Pokémon
|rule|OHKO Clause: OHKO moves are banned
|rule|Evasion Moves Clause: Evasion moves are banned
|rule|Endless Battle Clause: Forcing endless battles is banned
|rule|HP Percentage Mod: HP is shown in percentages
|rule|Dynamax Clause: You cannot dynamax
|teampreview
|j|*Lady Monita
|inactive|Battle timer is ON: inactive players will automatically lose when time's up. (requested by inolife)
|j| azealiacreditunion
|j| F0mmy
|j| 0_0 Tmm2
|j| MicoyTancinco12@!
|j| Doomerang
|j| Joeliscool123
|c|☆X-Wing Fighter|yikes
|j| honda_civic_gaming
|j|@velvet
|j| baloor
|l| honda_civic_gaming
|inactive|X-Wing Fighter has 120 seconds left.
|inactive|inolife has 120 seconds left.
|j|^Timeho
|j| Slendveny
|inactive|X-Wing Fighter has 90 seconds left.
|j| Lkapkd
|j| Poppydelswift
|inactive|X-Wing Fighter has 60 seconds left.
|
|t:|1616981564
|start
|switch|p1a: Thundurus|Thundurus-Therian, M|100/100
|switch|p2a: Dragapult|Dragapult, F|100/100
|turn|1
|c| Lkapkd|Weather wars smh.
|
|t:|1616981572
|switch|p1a: Ferrothorn|Ferrothorn, M|100/100
|move|p2a: Dragapult|U-turn|p1a: Ferrothorn
|-damage|p1a: Ferrothorn|72/100
|-damage|p2a: Dragapult|88/100|[from] ability: Iron Barbs|[of] p1a: Ferrothorn
|
|t:|1616981573
|switch|p2a: Magnezone|Magnezone|100/100|[from]move: U-turn
|
|upkeep
|turn|2
|
|t:|1616981577
|move|p2a: Magnezone|Substitute|p2a: Magnezone
|-start|p2a: Magnezone|Substitute
|-damage|p2a: Magnezone|76/100
|move|p1a: Ferrothorn|Stealth Rock|p2a: Magnezone
|-sidestart|p2: inolife|move: Stealth Rock
|
|-heal|p2a: Magnezone|82/100|[from] item: Leftovers
|upkeep
|turn|3
|
|t:|1616981578
|move|p2a: Magnezone|Iron Defense|p2a: Magnezone
|-boost|p2a: Magnezone|def|2
|move|p1a: Ferrothorn|Spikes|p2a: Magnezone
|-sidestart|p2: inolife|Spikes
|
|-heal|p2a: Magnezone|88/100|[from] item: Leftovers
|upkeep
|turn|4
|
|t:|1616981580
|move|p2a: Magnezone|Iron Defense|p2a: Magnezone
|-boost|p2a: Magnezone|def|2
|move|p1a: Ferrothorn|Spikes|p2a: Magnezone
|-sidestart|p2: inolife|Spikes
|
|-heal|p2a: Magnezone|94/100|[from] item: Leftovers
|upkeep
|turn|5
|j| juanbewe
|
|t:|1616981584
|move|p2a: Magnezone|Body Press|p1a: Ferrothorn
|-supereffective|p1a: Ferrothorn
|-damage|p1a: Ferrothorn|0 fnt
|-damage|p2a: Magnezone|81/100|[from] ability: Iron Barbs|[of] p1a: Ferrothorn
|faint|p1a: Ferrothorn
|
|-heal|p2a: Magnezone|87/100|[from] item: Leftovers
|upkeep
|l| juanbewe
|
|t:|1616981590
|switch|p1a: Thundurus|Thundurus-Therian, M|100/100
|turn|6
|
|t:|1616981594
|move|p1a: Thundurus|Focus Blast|p2a: Magnezone|[miss]
|-miss|p1a: Thundurus|p2a: Magnezone
|move|p2a: Magnezone|Body Press|p1a: Thundurus
|-resisted|p1a: Thundurus
|-damage|p1a: Thundurus|35/100
|
|-heal|p2a: Magnezone|93/100|[from] item: Leftovers
|upkeep
|turn|7
|j| PokeArt2004❤
|j| ArticPearl
|
|t:|1616981599
|move|p1a: Thundurus|Focus Blast|p2a: Magnezone
|-supereffective|p2a: Magnezone
|-end|p2a: Magnezone|Substitute
|move|p2a: Magnezone|Body Press|p1a: Thundurus
|-resisted|p1a: Thundurus
|-damage|p1a: Thundurus|0 fnt
|faint|p1a: Thundurus
|
|-heal|p2a: Magnezone|99/100|[from] item: Leftovers
|upkeep
|j| Astfsd
|
|t:|1616981605
|switch|p1a: Kingdra|Kingdra, M|100/100
|turn|8
|
|t:|1616981620
|move|p1a: Kingdra|Hydro Pump|p2a: Magnezone
|-damage|p2a: Magnezone|7/100
|move|p2a: Magnezone|Body Press|p1a: Kingdra
|-damage|p1a: Kingdra|0 fnt
|faint|p1a: Kingdra
|
|-heal|p2a: Magnezone|13/100|[from] item: Leftovers
|upkeep
|
|t:|1616981627
|switch|p1a: Crawdaunt|Crawdaunt, F|100/100
|turn|9
|c| ArticPearl|Oof
|
|t:|1616981636
|move|p1a: Crawdaunt|Knock Off|p2a: Magnezone
|-damage|p2a: Magnezone|0 fnt
|-enditem|p2a: Magnezone|Leftovers|[from] move: Knock Off|[of] p1a: Crawdaunt
|faint|p2a: Magnezone
|
|upkeep
|l| MicoyTancinco12
|
|t:|1616981654
|switch|p2a: Mandibuzz|Mandibuzz, F|100/100
|turn|10
|
|t:|1616981661
|switch|p1a: Pelipper|Pelipper, F|100/100
|-weather|RainDance|[from] ability: Drizzle|[of] p1a: Pelipper
|move|p2a: Mandibuzz|Defog|p1a: Pelipper
|-unboost|p1a: Pelipper|evasion|1
|-sideend|p2: inolife|Spikes|[from] move: Defog|[of] p2a: Mandibuzz
|-sideend|p2: inolife|Stealth Rock|[from] move: Defog|[of] p2a: Mandibuzz
|
|-weather|RainDance|[upkeep]
|upkeep
|turn|11
|
|t:|1616981664
|switch|p2a: Ninetales|Ninetales-Alola, M|100/100
|-weather|Hail|[from] ability: Snow Warning|[of] p2a: Ninetales
|move|p1a: Pelipper|U-turn|p2a: Ninetales
|-resisted|p2a: Ninetales
|-damage|p2a: Ninetales|94/100
|
|t:|1616981667
|switch|p1a: Scizor|Scizor, F|100/100|[from]move: U-turn
|
|-weather|Hail|[upkeep]
|-damage|p1a: Scizor|94/100|[from] Hail
|upkeep
|turn|12
|
|t:|1616981671
|switch|p2a: Mandibuzz|Mandibuzz, F|100/100
|move|p1a: Scizor|U-turn|p2a: Mandibuzz
|-damage|p2a: Mandibuzz|83/100
|
|t:|1616981676
|switch|p1a: Crawdaunt|Crawdaunt, F|100/100|[from]move: U-turn
|
|-weather|Hail|[upkeep]
|-damage|p1a: Crawdaunt|95/100|[from] Hail
|upkeep
|turn|13
|j| Cubielubie
|
|t:|1616981701
|move|p2a: Mandibuzz|U-turn|p1a: Crawdaunt
|-supereffective|p1a: Crawdaunt
|-damage|p1a: Crawdaunt|62/100
|
|t:|1616981706
|switch|p2a: Sandslash|Sandslash-Alola, M|100/100|[from]move: U-turn
|move|p1a: Crawdaunt|Crabhammer|p2a: Sandslash|[miss]
|-miss|p1a: Crawdaunt|p2a: Sandslash
|
|-weather|Hail|[upkeep]
|-damage|p1a: Crawdaunt|56/100|[from] Hail
|upkeep
|turn|14
|j| micoytancinco12@!
|l|@velvet
|
|t:|1616981741
|switch|p1a: Scizor|Scizor, F|94/100
|move|p2a: Sandslash|Earthquake|p1a: Scizor
|-damage|p1a: Scizor|67/100
|
|-weather|Hail|[upkeep]
|-damage|p1a: Scizor|61/100|[from] Hail
|upkeep
|turn|15
|
|t:|1616981749
|switch|p1a: Pelipper|Pelipper, F|100/100
|-weather|RainDance|[from] ability: Drizzle|[of] p1a: Pelipper
|move|p2a: Sandslash|Knock Off|p1a: Pelipper
|-damage|p1a: Pelipper|79/100
|-enditem|p1a: Pelipper|Damp Rock|[from] move: Knock Off|[of] p2a: Sandslash
|
|-weather|RainDance|[upkeep]
|upkeep
|turn|16
|
|t:|1616981755
|move|p2a: Sandslash|Triple Axel|p1a: Pelipper
|-damage|p1a: Pelipper|72/100
|-damage|p1a: Pelipper|58/100
|-damage|p1a: Pelipper|35/100
|-hitcount|p1a: Pelipper|3
|move|p1a: Pelipper|U-turn|p2a: Sandslash
|-resisted|p2a: Sandslash
|-damage|p2a: Sandslash|96/100
|
|t:|1616981765
|switch|p1a: Scizor|Scizor, F|61/100|[from]move: U-turn
|
|-weather|RainDance|[upkeep]
|upkeep
|turn|17
|
|t:|1616981770
|move|p2a: Sandslash|Knock Off|p1a: Scizor
|-damage|p1a: Scizor|34/100
|-enditem|p1a: Scizor|Heavy-Duty Boots|[from] move: Knock Off|[of] p2a: Sandslash
|move|p1a: Scizor|Swords Dance|p1a: Scizor
|-boost|p1a: Scizor|atk|2
|
|-weather|RainDance|[upkeep]
|upkeep
|turn|18
|
|t:|1616981779
|switch|p2a: Mandibuzz|Mandibuzz, F|83/100
|move|p1a: Scizor|Roost|p1a: Scizor
|-heal|p1a: Scizor|84/100
|-singleturn|p1a: Scizor|move: Roost
|
|-weather|RainDance|[upkeep]
|upkeep
|turn|19
|
|t:|1616981794
|move|p2a: Mandibuzz|Foul Play|p1a: Scizor
|-damage|p1a: Scizor|19/100
|move|p1a: Scizor|U-turn|p2a: Mandibuzz
|-damage|p2a: Mandibuzz|44/100
|l| Lkapkd
|
|t:|1616981799
|switch|p1a: Crawdaunt|Crawdaunt, F|56/100|[from]move: U-turn
|
|-weather|RainDance|[upkeep]
|upkeep
|turn|20
|
|t:|1616981807
|move|p2a: Mandibuzz|U-turn|p1a: Crawdaunt
|-supereffective|p1a: Crawdaunt
|-damage|p1a: Crawdaunt|23/100
|
|t:|1616981808
|switch|p2a: Sandslash|Sandslash-Alola, M|96/100|[from]move: U-turn
|move|p1a: Crawdaunt|Crabhammer|p2a: Sandslash
|-crit|p2a: Sandslash
|-damage|p2a: Sandslash|0 fnt
|faint|p2a: Sandslash
|
|-weather|RainDance|[upkeep]
|upkeep
|
|t:|1616981810
|switch|p2a: Dragapult|Dragapult, F|88/100
|turn|21
|
|t:|1616981821
|switch|p1a: Pelipper|Pelipper, F|35/100
|move|p2a: Dragapult|Dragon Darts|p1a: Pelipper
|-damage|p1a: Pelipper|5/100
|-anim|p2a: Dragapult|Dragon Darts|p1a: Pelipper
|-damage|p1a: Pelipper|0 fnt
|faint|p1a: Pelipper
|
|-weather|RainDance|[upkeep]
|upkeep
|
|t:|1616981825
|switch|p1a: Crawdaunt|Crawdaunt, F|23/100
|turn|22
|
|t:|1616981832
|switch|p2a: Mandibuzz|Mandibuzz, F|44/100
|move|p1a: Crawdaunt|Aqua Jet|p2a: Mandibuzz
|-damage|p2a: Mandibuzz|5/100
|
|-weather|none
|upkeep
|turn|23
|
|t:|1616981835
|move|p1a: Crawdaunt|Aqua Jet|p2a: Mandibuzz
|-damage|p2a: Mandibuzz|0 fnt
|faint|p2a: Mandibuzz
|
|upkeep
|
|t:|1616981836
|switch|p2a: Swampert|Swampert, F|100/100
|turn|24
|
|t:|1616981840
|move|p1a: Crawdaunt|Aqua Jet|p2a: Swampert
|-damage|p2a: Swampert|57/100
|move|p2a: Swampert|Earthquake|p1a: Crawdaunt
|-damage|p1a: Crawdaunt|0 fnt
|faint|p1a: Crawdaunt
|
|upkeep
|
|t:|1616981842
|switch|p1a: Scizor|Scizor, F|19/100
|turn|25
|
|t:|1616981844
|move|p1a: Scizor|Roost|p1a: Scizor
|-heal|p1a: Scizor|69/100
|-singleturn|p1a: Scizor|move: Roost
|move|p2a: Swampert|Earthquake|p1a: Scizor
|-damage|p1a: Scizor|3/100
|
|upkeep
|turn|26
|c|☆inolife|gg
|c|☆X-Wing Fighter|gg
|
|t:|1616981859
|move|p1a: Scizor|Bullet Punch|p2a: Swampert
|-resisted|p2a: Swampert
|-damage|p2a: Swampert|45/100
|move|p2a: Swampert|Earthquake|p1a: Scizor
|-damage|p1a: Scizor|0 fnt
|faint|p1a: Scizor
|
|win|inolife
|n|☆X-Wing Fighter|xwingfighter
|n|☆inolife|inolife
|n|*Lady Monita|ladymonita
|n| azealiacreditunion|azealiacreditunion
|n| F0mmy|f0mmy
|n| 0_0 Tmm2|00tmm2
|n| Doomerang|doomerang
|n| Joeliscool123|joeliscool123
|n| baloor|baloor
|n| Timeho|timeho
|n| Slendveny|slendveny
|n| Poppydelswift|poppydelswift
|n| PokeArt2004❤|pokeart2004
|n| ArticPearl|articpearl
|n| Astfsd|astfsd
|n| Cubielubie|cubielubie
|n| micoytancinco12@!|micoytancinco12
|l|*Lady Monita
|l| micoytancinco12
|l|☆inolife
|l| Slendveny
|l| Timeho
|l| Doomerang
|l| F0mmy
|j| Sunshine Sayori
|l| Poppydelswift
|c|☆X-Wing Fighter|changing ferro to shed
|l| baloor
|l|☆X-Wing Fighter
|l| PokeArt2004❤
|l| Sunshine Sayori
|j| baloor
|j| Lkapkd
|l| Lkapkd
|j| four clowns
|l| baloor
|l| four clowns
|l| Joeliscool123
|j| venson04
|l| ArticPearl
