|j|☆Sinnoh is trash
|j|☆Draco09876
|t:|1657296650
|gametype|singles
|player|p1|Sinnoh is trash|fisherman|1579
|player|p2|Draco09876|265|1699
|teamsize|p1|6
|teamsize|p2|6
|gen|8
|tier|[Gen 8] OU
|rated|
|rule|Sleep Clause Mod: Limit one foe put to sleep
|rule|Species Clause: Limit one of each Pokémon
|rule|OHKO Clause: OHKO moves are banned
|rule|Evasion Moves Clause: Evasion moves are banned
|rule|Endless Battle Clause: Forcing endless battles is banned
|rule|HP Percentage Mod: HP is shown in percentages
|rule|Dynamax Clause: You cannot dynamax
|clearpoke
|poke|p1|Slowking-Galar, M|
|poke|p1|Rillaboom, M|
|poke|p1|Melmetal|
|poke|p1|Tornadus-Therian, M|
|poke|p1|Nidoking, M|
|poke|p1|Hydreigon, M|
|poke|p2|Weavile, M|
|poke|p2|Clefable, M|
|poke|p2|Landorus-Therian, M|
|poke|p2|Slowking-Galar, M|
|poke|p2|Corviknight, F|
|poke|p2|Urshifu-*, F|
|teampreview
|c|☆Sinnoh is trash|gl
|inactive|Battle timer is ON: inactive players will automatically lose when time's up. (requested by Draco09876)
|
|t:|1657296657
|start
|switch|p1a: Boid|Tornadus-Therian, M|100/100
|switch|p2a: Weavile|Weavile, M|100/100
|-ability|p2a: Weavile|Pressure
|turn|1
|
|t:|1657296665
|move|p2a: Weavile|Knock Off|p1a: Boid
|-damage|p1a: Boid|29/100
|-enditem|p1a: Boid|Heavy-Duty Boots|[from] move: Knock Off|[of] p2a: Weavile
|move|p1a: Boid|Focus Blast|p2a: Weavile
|-supereffective|p2a: Weavile
|-damage|p2a: Weavile|0 fnt
|faint|p2a: Weavile
|
|upkeep
|c|☆Draco09876|wow
|c|☆Draco09876|big risks
|c|☆Sinnoh is trash|big rewards
|
|t:|1657296682
|switch|p2a: Urshifu|Urshifu-Rapid-Strike, F|100/100
|turn|2
|
|t:|1657296687
|switch|p1a: Reginut|Melmetal|100/100
|move|p2a: Urshifu|Aqua Jet|p1a: Reginut
|-damage|p1a: Reginut|83/100
|
|-heal|p1a: Reginut|89/100|[from] item: Leftovers
|upkeep
|turn|3
|
|t:|1657296698
|switch|p2a: Corviknight|Corviknight, F|100/100
|-ability|p2a: Corviknight|Pressure
|switch|p1a: Soup|Rillaboom, M|100/100
|-fieldstart|move: Grassy Terrain|[from] ability: Grassy Surge|[of] p1a: Soup
|
|upkeep
|turn|4
|
|t:|1657296701
|move|p1a: Soup|Knock Off|p2a: Corviknight
|-damage|p2a: Corviknight|70/100
|-damage|p1a: Soup|84/100|[from] item: Rocky Helmet|[of] p2a: Corviknight
|-enditem|p2a: Corviknight|Rocky Helmet|[from] move: Knock Off|[of] p1a: Soup
|move|p2a: Corviknight|U-turn|p1a: Soup
|-supereffective|p1a: Soup
|-damage|p1a: Soup|52/100
|
|t:|1657296705
|switch|p2a: Urshifu|Urshifu-Rapid-Strike, F|100/100|[from]move: U-turn
|
|-heal|p1a: Soup|59/100|[from] Grassy Terrain
|upkeep
|turn|5
|
|t:|1657296712
|switch|p1a: good mon.|Slowking-Galar, M|100/100
|move|p2a: Urshifu|U-turn|p1a: good mon.
|-damage|p1a: good mon.|63/100
|
|t:|1657296716
|switch|p2a: Landorus|Landorus-Therian, M|100/100|[from]move: U-turn
|-ability|p2a: Landorus|Intimidate|boost
|-unboost|p1a: good mon.|atk|1
|
|-heal|p1a: good mon.|69/100|[from] Grassy Terrain
|upkeep
|turn|6
|
|t:|1657296718
|move|p2a: Landorus|Knock Off|p1a: good mon.
|-supereffective|p1a: good mon.
|-damage|p1a: good mon.|2/100
|-enditem|p1a: good mon.|Assault Vest|[from] move: Knock Off|[of] p2a: Landorus
|move|p1a: good mon.|Ice Beam|p2a: Landorus
|-supereffective|p2a: Landorus
|-damage|p2a: Landorus|13/100
|
|-heal|p2a: Landorus|19/100|[from] item: Leftovers
|-heal|p1a: good mon.|8/100|[from] Grassy Terrain
|upkeep
|turn|7
|
|t:|1657296722
|switch|p1a: Boid|Tornadus-Therian, M|62/100
|move|p2a: Landorus|U-turn|p1a: Boid
|-resisted|p1a: Boid
|-damage|p1a: Boid|48/100
|
|t:|1657296726
|switch|p2a: Corviknight|Corviknight, F|70/100|[from]move: U-turn
|-ability|p2a: Corviknight|Pressure
|
|-fieldend|move: Grassy Terrain
|upkeep
|turn|8
|
|t:|1657296732
|switch|p2a: Clefable|Clefable, M|100/100
|move|p1a: Boid|Focus Blast|p2a: Clefable
|-resisted|p2a: Clefable
|-damage|p2a: Clefable|82/100
|
|-heal|p2a: Clefable|88/100|[from] item: Leftovers
|upkeep
|turn|9
|
|t:|1657296736
|move|p1a: Boid|Knock Off|p2a: Clefable
|-resisted|p2a: Clefable
|-damage|p2a: Clefable|80/100
|-enditem|p2a: Clefable|Leftovers|[from] move: Knock Off|[of] p1a: Boid
|move|p2a: Clefable|Thunder Wave|p1a: Boid
|-status|p1a: Boid|par
|
|upkeep
|turn|10
|
|t:|1657296742
|switch|p1a: Royalty|Nidoking, M, shiny|100/100
|move|p2a: Clefable|Wish|p2a: Clefable
|
|upkeep
|turn|11
|
|t:|1657296746
|switch|p2a: Slowking|Slowking-Galar, M|100/100
|move|p1a: Royalty|Stealth Rock|p2a: Slowking
|-sidestart|p2: Draco09876|move: Stealth Rock
|
|upkeep
|turn|12
|
|t:|1657296749
|move|p1a: Royalty|Earth Power|p2a: Slowking
|-supereffective|p2a: Slowking
|-damage|p2a: Slowking|35/100
|move|p2a: Slowking|Surf|p1a: Royalty
|-supereffective|p1a: Royalty
|-damage|p1a: Royalty|7/100
|
|upkeep
|turn|13
|
|t:|1657296760
|switch|p2a: Landorus|Landorus-Therian, M|19/100
|-damage|p2a: Landorus|6/100|[from] Stealth Rock
|-ability|p2a: Landorus|Intimidate|boost
|-unboost|p1a: Royalty|atk|1
|move|p1a: Royalty|Sludge Wave|p2a: Landorus
|-resisted|p2a: Landorus
|-damage|p2a: Landorus|0 fnt
|faint|p2a: Landorus
|
|upkeep
|
|t:|1657296762
|switch|p2a: Urshifu|Urshifu-Rapid-Strike, F|100/100
|-damage|p2a: Urshifu|94/100|[from] Stealth Rock
|turn|14
|
|t:|1657296771
|switch|p1a: Boid|Tornadus-Therian, M|81/100 par
|move|p2a: Urshifu|U-turn|p1a: Boid
|-resisted|p1a: Boid
|-damage|p1a: Boid|54/100 par
|j| xuwuhanjun
|
|t:|1657296776
|switch|p2a: Corviknight|Corviknight, F|70/100|[from]move: U-turn
|-damage|p2a: Corviknight|57/100|[from] Stealth Rock
|-ability|p2a: Corviknight|Pressure
|
|upkeep
|turn|15
|
|t:|1657296781
|move|p1a: Boid|Focus Blast|p2a: Corviknight
|-damage|p2a: Corviknight|21/100
|-unboost|p2a: Corviknight|spd|1
|move|p2a: Corviknight|Brave Bird|p1a: Boid
|-damage|p1a: Boid|0 fnt
|faint|p1a: Boid
|-damage|p2a: Corviknight|8/100|[from] Recoil
|
|upkeep
|
|t:|1657296800
|switch|p1a: Royalty|Nidoking, M, shiny|7/100
|turn|16
|
|t:|1657296809
|switch|p2a: Urshifu|Urshifu-Rapid-Strike, F|94/100
|-damage|p2a: Urshifu|88/100|[from] Stealth Rock
|move|p1a: Royalty|Flamethrower|p2a: Urshifu
|-resisted|p2a: Urshifu
|-damage|p2a: Urshifu|60/100
|
|upkeep
|turn|17
|
|t:|1657296819
|switch|p1a: Reginut|Melmetal|89/100
|move|p2a: Urshifu|U-turn|p1a: Reginut
|-resisted|p1a: Reginut
|-damage|p1a: Reginut|80/100
|l| xuwuhanjun
|
|t:|1657296822
|switch|p2a: Corviknight|Corviknight, F|8/100|[from]move: U-turn
|-damage|p2a: Corviknight|0 fnt|[from] Stealth Rock
|faint|p2a: Corviknight
|
|-heal|p1a: Reginut|86/100|[from] item: Leftovers
|upkeep
|
|t:|1657296825
|switch|p2a: Urshifu|Urshifu-Rapid-Strike, F|60/100
|-damage|p2a: Urshifu|54/100|[from] Stealth Rock
|turn|18
|
|t:|1657296832
|move|p2a: Urshifu|Close Combat|p1a: Reginut
|-supereffective|p1a: Reginut
|-damage|p1a: Reginut|0 fnt
|-unboost|p2a: Urshifu|def|1
|-unboost|p2a: Urshifu|spd|1
|faint|p1a: Reginut
|
|upkeep
|
|t:|1657296838
|switch|p1a: Soup|Rillaboom, M|59/100
|-fieldstart|move: Grassy Terrain|[from] ability: Grassy Surge|[of] p1a: Soup
|turn|19
|
|t:|1657296847
|switch|p2a: Slowking|Slowking-Galar, M|68/100
|-damage|p2a: Slowking|55/100|[from] Stealth Rock
|move|p1a: Soup|Grassy Glide|p2a: Slowking
|-resisted|p2a: Slowking
|-damage|p2a: Slowking|17/100
|
|-heal|p1a: Soup|65/100|[from] Grassy Terrain
|-heal|p2a: Slowking|23/100|[from] Grassy Terrain
|upkeep
|turn|20
|
|t:|1657296854
|switch|p2a: Clefable|Clefable, M|80/100
|move|p1a: Soup|Grassy Glide|p2a: Clefable
|-damage|p2a: Clefable|29/100
|
|-heal|p1a: Soup|71/100|[from] Grassy Terrain
|-heal|p2a: Clefable|35/100|[from] Grassy Terrain
|upkeep
|turn|21
|
|t:|1657296859
|move|p1a: Soup|Grassy Glide|p2a: Clefable
|-damage|p2a: Clefable|0 fnt
|faint|p2a: Clefable
|
|-heal|p1a: Soup|77/100|[from] Grassy Terrain
|upkeep
|
|t:|1657296861
|switch|p2a: Slowking|Slowking-Galar, M|56/100
|-damage|p2a: Slowking|44/100|[from] Stealth Rock
|turn|22
|
|t:|1657296867
|switch|p1a: hello|Hydreigon, M|100/100
|switch|p2a: Urshifu|Urshifu-Rapid-Strike, F|54/100
|-damage|p2a: Urshifu|48/100|[from] Stealth Rock
|
|-heal|p2a: Urshifu|54/100|[from] Grassy Terrain
|upkeep
|turn|23
|
|t:|1657296870
|move|p1a: hello|Draco Meteor|p2a: Urshifu|[miss]
|-miss|p1a: hello|p2a: Urshifu
|move|p2a: Urshifu|Close Combat|p1a: hello
|-supereffective|p1a: hello
|-damage|p1a: hello|0 fnt
|-unboost|p2a: Urshifu|def|1
|-unboost|p2a: Urshifu|spd|1
|faint|p1a: hello
|
|-heal|p2a: Urshifu|60/100|[from] Grassy Terrain
|-fieldend|move: Grassy Terrain
|upkeep
|
|t:|1657296878
|switch|p1a: good mon.|Slowking-Galar, M|41/100
|turn|24
|
|t:|1657296882
|switch|p2a: Slowking|Slowking-Galar, M|77/100
|-damage|p2a: Slowking|65/100|[from] Stealth Rock
|move|p1a: good mon.|Psyshock|p2a: Slowking
|-damage|p2a: Slowking|24/100
|
|upkeep
|turn|25
|
|t:|1657296889
|move|p2a: Slowking|Future Sight|p1a: good mon.
|-start|p2a: Slowking|move: Future Sight
|move|p1a: good mon.|Psyshock|p2a: Slowking
|-damage|p2a: Slowking|0 fnt
|faint|p2a: Slowking
|
|upkeep
|
|t:|1657296891
|switch|p2a: Urshifu|Urshifu-Rapid-Strike, F|60/100
|-damage|p2a: Urshifu|54/100|[from] Stealth Rock
|turn|26
|
|t:|1657296896
|move|p2a: Urshifu|Surging Strikes|p1a: good mon.
|-crit|p1a: good mon.
|-damage|p1a: good mon.|12/100
|-crit|p1a: good mon.
|-damage|p1a: good mon.|0 fnt
|faint|p1a: good mon.
|-hitcount|p1: good mon.|2
|
|upkeep
|
|t:|1657296898
|switch|p1a: Soup|Rillaboom, M|77/100
|-fieldstart|move: Grassy Terrain|[from] ability: Grassy Surge|[of] p1a: Soup
|turn|27
|c|☆Sinnoh is trash|gg
|
|t:|1657296911
|move|p1a: Soup|Grassy Glide|p2a: Urshifu
|-supereffective|p2a: Urshifu
|-damage|p2a: Urshifu|0 fnt
|faint|p2a: Urshifu
|
|win|Sinnoh is trash
|raw|Sinnoh is trash's rating: 1579 &rarr; <strong>1606</strong><br />(+27 for winning)
|raw|Draco09876's rating: 1699 &rarr; <strong>1672</strong><br />(-27 for losing)
||Ladder isn't responding, score probably updated but might not have (Request timeout).
