|j|☆samohi0
|j|☆minimax_ai
|t:|1661569059
|gametype|singles
|player|p1|samohi0|266|1539
|player|p2|minimax_ai|lusamine-nihilego|1532
|teamsize|p1|6
|teamsize|p2|6
|gen|8
|tier|[Gen 8] OU
|rated|
|rule|Sleep Clause Mod: Limit one foe put to sleep
|rule|Species Clause: Limit one of each Pokémon
|rule|OHKO Clause: OHKO moves are banned
|rule|Evasion Items Clause: Evasion items are banned
|rule|Evasion Moves Clause: Evasion moves are banned
|rule|Endless Battle Clause: Forcing endless battles is banned
|rule|HP Percentage Mod: HP is shown in percentages
|rule|Dynamax Clause: You cannot dynamax
|clearpoke
|poke|p1|Nihilego|
|poke|p1|Ferrothorn, M|
|poke|p1|Tapu Fini|
|poke|p1|Weavile, M|
|poke|p1|Dragapult, M|
|poke|p1|Landorus-Therian, M|
|poke|p2|Rotom-Wash|
|poke|p2|Weavile, F|
|poke|p2|Landorus-Therian, M|
|poke|p2|Heatran, M|
|poke|p2|Tangrowth, F|
|poke|p2|Melmetal|
|teampreview
|c|☆minimax_ai|hf
|inactive|Battle timer is ON: inactive players will automatically lose when time's up. (requested by minimax_ai)
|
|t:|1661569066
|start
|switch|p1a: Dragapult|Dragapult, M|100/100
|switch|p2a: Heatran|Heatran, M|100/100
|-item|p2a: Heatran|Air Balloon
|turn|1
|
|t:|1661569071
|move|p1a: Dragapult|Surf|p2a: Heatran
|-supereffective|p2a: Heatran
|-damage|p2a: Heatran|18/100
|-enditem|p2a: Heatran|Air Balloon
|move|p2a: Heatran|Stealth Rock|p1a: Dragapult
|-sidestart|p1: samohi0|move: Stealth Rock
|
|upkeep
|turn|2
|
|t:|1661569078
|switch|p1a: Nihilego|Nihilego|100/100
|-damage|p1a: Nihilego|88/100|[from] Stealth Rock
|switch|p2a: Tangrowth|Tangrowth, F|100/100
|
|upkeep
|turn|3
|
|t:|1661569083
|switch|p2a: Melmetal|Melmetal|100/100
|move|p1a: Nihilego|Sludge Wave|p2a: Melmetal
|-immune|p2a: Melmetal
|
|upkeep
|turn|4
|
|t:|1661569085
|switch|p1a: Ferrothorn|Ferrothorn, M|100/100
|-damage|p1a: Ferrothorn|95/100|[from] Stealth Rock
|move|p2a: Melmetal|Ice Punch|p1a: Ferrothorn
|-damage|p1a: Ferrothorn|75/100
|-damage|p2a: Melmetal|88/100|[from] ability: Iron Barbs|[of] p1a: Ferrothorn
|
|-heal|p1a: Ferrothorn|81/100|[from] item: Leftovers
|upkeep
|turn|5
|
|t:|1661569088
|switch|p2a: Tangrowth|Tangrowth, F|100/100
|move|p1a: Ferrothorn|Leech Seed|p2a: Tangrowth
|-immune|p2a: Tangrowth
|
|-heal|p1a: Ferrothorn|87/100|[from] item: Leftovers
|upkeep
|turn|6
|
|t:|1661569090
|move|p2a: Tangrowth|Focus Blast|p1a: Ferrothorn|[miss]
|-miss|p2a: Tangrowth|p1a: Ferrothorn
|move|p1a: Ferrothorn|Stealth Rock|p2a: Tangrowth
|-sidestart|p2: minimax_ai|move: Stealth Rock
|
|-heal|p1a: Ferrothorn|93/100|[from] item: Leftovers
|upkeep
|turn|7
|
|t:|1661569095
|move|p2a: Tangrowth|Sleep Powder|p1a: Ferrothorn
|-immune|p1a: Ferrothorn
|move|p1a: Ferrothorn|Body Press|p2a: Tangrowth
|-damage|p2a: Tangrowth|83/100
|-damage|p1a: Ferrothorn|76/100|[from] item: Rocky Helmet|[of] p2a: Tangrowth
|
|-heal|p1a: Ferrothorn|82/100|[from] item: Leftovers
|upkeep
|turn|8
|
|t:|1661569098
|switch|p1a: Dragapult|Dragapult, M|100/100
|-damage|p1a: Dragapult|88/100|[from] Stealth Rock
|move|p2a: Tangrowth|Knock Off|p1a: Dragapult
|-supereffective|p1a: Dragapult
|-damage|p1a: Dragapult|25/100
|-enditem|p1a: Dragapult|Choice Specs|[from] move: Knock Off|[of] p2a: Tangrowth
|
|upkeep
|turn|9
|
|t:|1661569100
|switch|p2a: Melmetal|Melmetal|88/100
|-damage|p2a: Melmetal|82/100|[from] Stealth Rock
|move|p1a: Dragapult|Flamethrower|p2a: Melmetal
|-supereffective|p2a: Melmetal
|-damage|p2a: Melmetal|53/100
|
|upkeep
|turn|10
|
|t:|1661569103
|move|p1a: Dragapult|Flamethrower|p2a: Melmetal
|-supereffective|p2a: Melmetal
|-damage|p2a: Melmetal|25/100
|move|p2a: Melmetal|Ice Punch|p1a: Dragapult
|-supereffective|p1a: Dragapult
|-damage|p1a: Dragapult|0 fnt
|faint|p1a: Dragapult
|
|upkeep
|
|t:|1661569111
|switch|p1a: Weavile|Weavile, M|100/100
|-damage|p1a: Weavile|76/100|[from] Stealth Rock
|-ability|p1a: Weavile|Pressure
|turn|11
|
|t:|1661569113
|switch|p2a: Heatran|Heatran, M|18/100
|-damage|p2a: Heatran|5/100|[from] Stealth Rock
|move|p1a: Weavile|Beat Up|p2a: Heatran
|-damage|p2a: Heatran|0 fnt
|faint|p2a: Heatran
|-hitcount|p2: Heatran|1
|
|upkeep
|
|t:|1661569113
|switch|p2a: Melmetal|Melmetal|25/100
|-damage|p2a: Melmetal|19/100|[from] Stealth Rock
|turn|12
|
|t:|1661569114
|move|p1a: Weavile|Beat Up|p2a: Melmetal
|-damage|p2a: Melmetal|10/100
|-damage|p2a: Melmetal|6/100
|-damage|p2a: Melmetal|0 fnt
|faint|p2a: Melmetal
|-hitcount|p2: Melmetal|3
|
|upkeep
|
|t:|1661569114
|switch|p2a: Tangrowth|Tangrowth, F|100/100
|-damage|p2a: Tangrowth|88/100|[from] Stealth Rock
|turn|13
|
|t:|1661569118
|switch|p1a: Ferrothorn|Ferrothorn, M|82/100
|-damage|p1a: Ferrothorn|76/100|[from] Stealth Rock
|move|p2a: Tangrowth|Focus Blast|p1a: Ferrothorn|[miss]
|-miss|p2a: Tangrowth|p1a: Ferrothorn
|
|-heal|p1a: Ferrothorn|82/100|[from] item: Leftovers
|upkeep
|turn|14
|
|t:|1661569121
|move|p2a: Tangrowth|Focus Blast|p1a: Ferrothorn
|-supereffective|p1a: Ferrothorn
|-crit|p1a: Ferrothorn
|-damage|p1a: Ferrothorn|3/100
|move|p1a: Ferrothorn|Knock Off|p2a: Tangrowth
|-damage|p2a: Tangrowth|77/100
|-damage|p1a: Ferrothorn|0 fnt|[from] item: Rocky Helmet|[of] p2a: Tangrowth
|faint|p1a: Ferrothorn
|
|upkeep
|
|t:|1661569126
|switch|p1a: Nihilego|Nihilego|88/100
|-damage|p1a: Nihilego|76/100|[from] Stealth Rock
|turn|15
|
|t:|1661569128
|switch|p2a: landorustherian|Landorus-Therian, M|100/100
|-damage|p2a: landorustherian|88/100|[from] Stealth Rock
|-ability|p2a: landorustherian|Intimidate|boost
|-unboost|p1a: Nihilego|atk|1
|move|p1a: Nihilego|Sludge Wave|p2a: landorustherian
|-resisted|p2a: landorustherian
|-damage|p2a: landorustherian|70/100
|
|-heal|p2a: landorustherian|76/100|[from] item: Leftovers
|upkeep
|turn|16
|
|t:|1661569135
|switch|p1a: Landorus|Landorus-Therian, M|100/100
|-damage|p1a: Landorus|88/100|[from] Stealth Rock
|-ability|p1a: Landorus|Intimidate|boost
|-unboost|p2a: landorustherian|atk|1
|move|p2a: landorustherian|Earthquake|p1a: Landorus
|-immune|p1a: Landorus
|
|-heal|p2a: landorustherian|82/100|[from] item: Leftovers
|-heal|p1a: Landorus|94/100|[from] item: Leftovers
|upkeep
|turn|17
|
|t:|1661569137
|move|p2a: landorustherian|U-turn|p1a: Landorus
|-resisted|p1a: Landorus
|-damage|p1a: Landorus|88/100
|
|t:|1661569137
|switch|p2a: Tangrowth|Tangrowth, F|100/100|[from]move: U-turn
|-damage|p2a: Tangrowth|88/100|[from] Stealth Rock
|move|p1a: Landorus|Toxic|p2a: Tangrowth
|-status|p2a: Tangrowth|tox
|
|-heal|p1a: Landorus|94/100|[from] item: Leftovers
|-damage|p2a: Tangrowth|82/100 tox|[from] psn
|upkeep
|turn|18
|
|t:|1661569139
|move|p1a: Landorus|U-turn|p2a: Tangrowth
|-supereffective|p2a: Tangrowth
|-damage|p2a: Tangrowth|58/100 tox
|-damage|p1a: Landorus|77/100|[from] item: Rocky Helmet|[of] p2a: Tangrowth
|
|t:|1661569141
|switch|p1a: Tapu Fini|Tapu Fini|100/100|[from]move: U-turn
|-damage|p1a: Tapu Fini|88/100|[from] Stealth Rock
|-fieldstart|move: Misty Terrain|[from] ability: Misty Surge|[of] p1a: Tapu Fini
|move|p2a: Tangrowth|Giga Drain|p1a: Tapu Fini
|-supereffective|p1a: Tapu Fini
|-damage|p1a: Tapu Fini|44/100
|-heal|p2a: Tangrowth|77/100 tox|[from] drain|[of] p1a: Tapu Fini
|
|-heal|p1a: Tapu Fini|50/100|[from] item: Leftovers
|-damage|p2a: Tangrowth|65/100 tox|[from] psn
|upkeep
|turn|19
|
|t:|1661569144
|switch|p2a: rotomwash|Rotom-Wash|100/100
|-damage|p2a: rotomwash|88/100|[from] Stealth Rock
|move|p1a: Tapu Fini|Moonblast|p2a: rotomwash
|-damage|p2a: rotomwash|55/100
|
|-heal|p2a: rotomwash|61/100|[from] item: Leftovers
|-heal|p1a: Tapu Fini|56/100|[from] item: Leftovers
|upkeep
|turn|20
|
|t:|1661569147
|move|p2a: rotomwash|Thunderbolt|p1a: Tapu Fini
|-supereffective|p1a: Tapu Fini
|-damage|p1a: Tapu Fini|0 fnt
|faint|p1a: Tapu Fini
|
|-heal|p2a: rotomwash|68/100|[from] item: Leftovers
|upkeep
|
|t:|1661569150
|switch|p1a: Weavile|Weavile, M|76/100
|-damage|p1a: Weavile|51/100|[from] Stealth Rock
|-ability|p1a: Weavile|Pressure
|turn|21
|
|t:|1661569151
|move|p1a: Weavile|Knock Off|p2a: rotomwash
|-damage|p2a: rotomwash|0 fnt
|-enditem|p2a: rotomwash|Leftovers|[from] move: Knock Off|[of] p1a: Weavile
|faint|p2a: rotomwash
|
|upkeep
|
|t:|1661569152
|switch|p2a: Tangrowth|Tangrowth, F|98/100 tox
|-damage|p2a: Tangrowth|85/100 tox|[from] Stealth Rock
|turn|22
|
|t:|1661569154
|move|p1a: Weavile|Knock Off|p2a: Tangrowth
|-damage|p2a: Tangrowth|42/100 tox
|-damage|p1a: Weavile|34/100|[from] item: Rocky Helmet|[of] p2a: Tangrowth
|-enditem|p2a: Tangrowth|Rocky Helmet|[from] move: Knock Off|[of] p1a: Weavile
|move|p2a: Tangrowth|Giga Drain|p1a: Weavile
|-damage|p1a: Weavile|0 fnt
|-heal|p2a: Tangrowth|54/100 tox|[from] drain|[of] p1a: Weavile
|faint|p1a: Weavile
|
|-damage|p2a: Tangrowth|48/100 tox|[from] psn
|-fieldend|Misty Terrain
|upkeep
|
|t:|1661569161
|switch|p1a: Nihilego|Nihilego|76/100
|-damage|p1a: Nihilego|64/100|[from] Stealth Rock
|turn|23
|
|t:|1661569162
|switch|p2a: landorustherian|Landorus-Therian, M|82/100
|-damage|p2a: landorustherian|70/100|[from] Stealth Rock
|-ability|p2a: landorustherian|Intimidate|boost
|-unboost|p1a: Nihilego|atk|1
|move|p1a: Nihilego|Meteor Beam||[still]
|-prepare|p1a: Nihilego|Meteor Beam
|-boost|p1a: Nihilego|spa|1
|-enditem|p1a: Nihilego|Power Herb
|-anim|p1a: Nihilego|Meteor Beam|p2a: landorustherian
|-damage|p2a: landorustherian|4/100
|
|-heal|p2a: landorustherian|10/100|[from] item: Leftovers
|upkeep
|turn|24
|
|t:|1661569168
|move|p1a: Nihilego|Sludge Wave|p2a: landorustherian
|-resisted|p2a: landorustherian
|-damage|p2a: landorustherian|0 fnt
|faint|p2a: landorustherian
|-ability|p1a: Nihilego|Beast Boost|boost
|-boost|p1a: Nihilego|spe|1
|
|upkeep
|
|t:|1661569168
|switch|p2a: Weavile|Weavile, F|100/100
|-damage|p2a: Weavile|76/100|[from] Stealth Rock
|-ability|p2a: Weavile|Pressure
|turn|25
|
|t:|1661569171
|move|p2a: Weavile|Ice Shard|p1a: Nihilego
|-damage|p1a: Nihilego|17/100
|move|p1a: Nihilego|Power Gem|p2a: Weavile
|-supereffective|p2a: Weavile
|-damage|p2a: Weavile|0 fnt
|faint|p2a: Weavile
|-ability|p1a: Nihilego|Beast Boost|boost
|-boost|p1a: Nihilego|spe|1
|
|upkeep
|
|t:|1661569171
|switch|p2a: Tangrowth|Tangrowth, F|81/100 tox
|-damage|p2a: Tangrowth|69/100 tox|[from] Stealth Rock
|turn|26
|
|t:|1661569173
|move|p1a: Nihilego|Sludge Wave|p2a: Tangrowth
|-supereffective|p2a: Tangrowth
|-damage|p2a: Tangrowth|0 fnt
|faint|p2a: Tangrowth
|
|win|samohi0
|raw|samohi0's rating: 1539 &rarr; <strong>1559</strong><br />(+20 for winning)
|raw|minimax_ai's rating: 1532 &rarr; <strong>1512</strong><br />(-20 for losing)
|c|☆minimax_ai|gg
