|j|☆cogonahorse
|j|☆Spectre Ace
|t:|1664075399
|gametype|singles
|player|p1|cogonahorse|clerk|1591
|player|p2|Spectre Ace|juggler|1603
|teamsize|p1|6
|teamsize|p2|6
|gen|8
|tier|[Gen 8] OU
|rated|
|rule|Sleep Clause Mod: Limit one foe put to sleep
|rule|Species Clause: Limit one of each Pokémon
|rule|OHKO Clause: OHKO moves are banned
|rule|Evasion Items Clause: Evasion items are banned
|rule|Evasion Moves Clause: Evasion moves are banned
|rule|Endless Battle Clause: Forcing endless battles is banned
|rule|HP Percentage Mod: HP is shown in percentages
|rule|Dynamax Clause: You cannot dynamax
|clearpoke
|poke|p1|Pelipper, F|
|poke|p1|Seismitoad, M|
|poke|p1|Zapdos|
|poke|p1|Ferrothorn, F|
|poke|p1|Barraskewda, F|
|poke|p1|Crawdaunt, M|
|poke|p2|Garchomp, F|
|poke|p2|Ferrothorn, M|
|poke|p2|Raichu-Alola, F|
|poke|p2|Tapu Koko|
|poke|p2|Mandibuzz, F|
|poke|p2|Urshifu-*, M|
|teampreview
|
|t:|1664075410
|start
|switch|p1a: Seismitoad|Seismitoad, M|100/100
|switch|p2a: Garchomp|Garchomp, F|100/100
|turn|1
|
|t:|1664075413
|move|p2a: Garchomp|Stealth Rock|p1a: Seismitoad
|-sidestart|p1: cogonahorse|move: Stealth Rock
|move|p1a: Seismitoad|Icy Wind|p2a: Garchomp
|-supereffective|p2a: Garchomp
|-damage|p2a: Garchomp|16/100
|-unboost|p2a: Garchomp|spe|1
|-damage|p1a: Seismitoad|91/100|[from] item: Life Orb
|
|upkeep
|turn|2
|
|t:|1664075424
|switch|p2a: Urshifu|Urshifu-Rapid-Strike, M|100/100
|move|p1a: Seismitoad|Earth Power|p2a: Urshifu
|-damage|p2a: Urshifu|30/100
|-damage|p1a: Seismitoad|81/100|[from] item: Life Orb
|
|upkeep
|turn|3
|
|t:|1664075446
|switch|p1a: Zapdos|Zapdos|100/100
|move|p2a: Urshifu|Close Combat|p1a: Zapdos
|-resisted|p1a: Zapdos
|-damage|p1a: Zapdos|45/100
|-unboost|p2a: Urshifu|def|1
|-unboost|p2a: Urshifu|spd|1
|-status|p2a: Urshifu|par|[from] ability: Static|[of] p1a: Zapdos
|
|upkeep
|turn|4
|
|t:|1664075461
|move|p1a: Zapdos|Hurricane|p2a: Urshifu
|-supereffective|p2a: Urshifu
|-damage|p2a: Urshifu|0 fnt
|faint|p2a: Urshifu
|
|upkeep
|
|t:|1664075470
|switch|p2a: Booker|Tapu Koko|100/100
|-fieldstart|move: Electric Terrain|[from] ability: Electric Surge|[of] p2a: Booker
|turn|5
|
|t:|1664075484
|move|p2a: Booker|U-turn|p1a: Zapdos
|-resisted|p1a: Zapdos
|-damage|p1a: Zapdos|35/100
|
|t:|1664075488
|switch|p2a: Garchomp|Garchomp, F|16/100|[from]move: U-turn
|move|p1a: Zapdos|Roost|p1a: Zapdos
|-heal|p1a: Zapdos|85/100
|-singleturn|p1a: Zapdos|move: Roost
|
|upkeep
|turn|6
|
|t:|1664075497
|move|p2a: Garchomp|Stone Edge|p1a: Zapdos
|-supereffective|p1a: Zapdos
|-crit|p1a: Zapdos
|-damage|p1a: Zapdos|0 fnt
|faint|p1a: Zapdos
|
|upkeep
|
|t:|1664075501
|switch|p1a: Barraskewda|Barraskewda, F|100/100
|-damage|p1a: Barraskewda|88/100|[from] Stealth Rock
|turn|7
|
|t:|1664075505
|switch|p2a: Mandibuzz|Mandibuzz, F|100/100
|move|p1a: Barraskewda|Flip Turn|p2a: Mandibuzz
|-damage|p2a: Mandibuzz|70/100
|
|t:|1664075510
|switch|p1a: Ferrothorn|Ferrothorn, F|100/100|[from]move: Flip Turn
|-damage|p1a: Ferrothorn|95/100|[from] Stealth Rock
|
|-heal|p1a: Ferrothorn|100/100|[from] item: Leftovers
|upkeep
|turn|8
|
|t:|1664075520
|switch|p2a: Sundowner|Ferrothorn, M, shiny|100/100
|move|p1a: Ferrothorn|Stealth Rock|p2a: Sundowner
|-sidestart|p2: Spectre Ace|move: Stealth Rock
|
|upkeep
|turn|9
|
|t:|1664075525
|switch|p1a: Let's in the rain|Pelipper, F|100/100
|-damage|p1a: Let's in the rain|76/100|[from] Stealth Rock
|-weather|RainDance|[from] ability: Drizzle|[of] p1a: Let's in the rain
|move|p2a: Sundowner|Spikes|p1a: Let's in the rain
|-sidestart|p1: cogonahorse|Spikes
|
|-weather|RainDance|[upkeep]
|upkeep
|turn|10
|
|t:|1664075528
|move|p1a: Let's in the rain|Defog|p2a: Sundowner
|-unboost|p2a: Sundowner|evasion|1
|-sideend|p2: Spectre Ace|Stealth Rock|[from] move: Defog|[of] p1a: Let's in the rain
|-sideend|p1: cogonahorse|Spikes|[from] move: Defog|[of] p1a: Let's in the rain
|-sideend|p1: cogonahorse|Stealth Rock|[from] move: Defog|[of] p1a: Let's in the rain
|-fieldend|move: Electric Terrain
|move|p2a: Sundowner|Leech Seed|p1a: Let's in the rain
|-start|p1a: Let's in the rain|move: Leech Seed
|
|-weather|RainDance|[upkeep]
|-damage|p1a: Let's in the rain|63/100|[from] Leech Seed|[of] p2a: Sundowner
|upkeep
|turn|11
|
|t:|1664075530
|switch|p1a: Seismitoad|Seismitoad, M|81/100
|move|p2a: Sundowner|Spikes|p1a: Seismitoad
|-sidestart|p1: cogonahorse|Spikes
|
|-weather|RainDance|[upkeep]
|upkeep
|turn|12
|
|t:|1664075533
|move|p1a: Seismitoad|Focus Blast|p2a: Sundowner
|-supereffective|p2a: Sundowner
|-damage|p2a: Sundowner|39/100
|-damage|p1a: Seismitoad|71/100|[from] item: Life Orb
|move|p2a: Sundowner|Body Press|p1a: Seismitoad
|-damage|p1a: Seismitoad|40/100
|
|-weather|RainDance|[upkeep]
|-heal|p2a: Sundowner|45/100|[from] item: Leftovers
|upkeep
|turn|13
|
|t:|1664075538
|move|p1a: Seismitoad|Earth Power|p2a: Sundowner
|-damage|p2a: Sundowner|9/100
|-damage|p1a: Seismitoad|30/100|[from] item: Life Orb
|move|p2a: Sundowner|Body Press|p1a: Seismitoad
|-damage|p1a: Seismitoad|0 fnt
|faint|p1a: Seismitoad
|
|-weather|RainDance|[upkeep]
|-heal|p2a: Sundowner|15/100|[from] item: Leftovers
|upkeep
|
|t:|1664075541
|switch|p1a: Barraskewda|Barraskewda, F|88/100
|-damage|p1a: Barraskewda|76/100|[from] Spikes
|turn|14
|
|t:|1664075544
|switch|p2a: Garchomp|Garchomp, F|16/100
|move|p1a: Barraskewda|Liquidation|p2a: Garchomp
|-damage|p2a: Garchomp|0 fnt
|-damage|p1a: Barraskewda|64/100|[from] ability: Rough Skin|[of] p2a: Garchomp
|faint|p2a: Garchomp
|
|-weather|RainDance|[upkeep]
|upkeep
|
|t:|1664075548
|switch|p2a: Mandibuzz|Mandibuzz, F|70/100
|turn|15
|
|t:|1664075551
|move|p1a: Barraskewda|Liquidation|p2a: Mandibuzz
|-damage|p2a: Mandibuzz|1/100
|move|p2a: Mandibuzz|Foul Play|p1a: Barraskewda
|-damage|p1a: Barraskewda|0 fnt
|faint|p1a: Barraskewda
|
|-weather|RainDance|[upkeep]
|upkeep
|
|t:|1664075555
|switch|p1a: Crawdaunt|Crawdaunt, M|100/100
|-damage|p1a: Crawdaunt|88/100|[from] Spikes
|turn|16
|
|t:|1664075558
|move|p1a: Crawdaunt|Aqua Jet|p2a: Mandibuzz
|-damage|p2a: Mandibuzz|0 fnt
|faint|p2a: Mandibuzz
|-damage|p1a: Crawdaunt|78/100|[from] item: Life Orb
|
|-weather|none
|upkeep
|
|t:|1664075559
|switch|p2a: Booker|Tapu Koko|100/100
|-fieldstart|move: Electric Terrain|[from] ability: Electric Surge|[of] p2a: Booker
|turn|17
|
|t:|1664075562
|switch|p1a: Let's in the rain|Pelipper, F|63/100
|-weather|RainDance|[from] ability: Drizzle|[of] p1a: Let's in the rain
|move|p2a: Booker|Thunderbolt|p1a: Let's in the rain
|-supereffective|p1a: Let's in the rain
|-damage|p1a: Let's in the rain|0 fnt
|faint|p1a: Let's in the rain
|
|-weather|RainDance|[upkeep]
|upkeep
|
|t:|1664075564
|switch|p1a: Ferrothorn|Ferrothorn, F|100/100
|-damage|p1a: Ferrothorn|88/100|[from] Spikes
|turn|18
|
|t:|1664075580
|move|p2a: Booker|Thunderbolt|p1a: Ferrothorn
|-resisted|p1a: Ferrothorn
|-damage|p1a: Ferrothorn|71/100
|move|p1a: Ferrothorn|Knock Off|p2a: Booker
|-resisted|p2a: Booker
|-damage|p2a: Booker|85/100
|-enditem|p2a: Booker|Terrain Extender|[from] move: Knock Off|[of] p1a: Ferrothorn
|
|-weather|RainDance|[upkeep]
|-heal|p1a: Ferrothorn|77/100|[from] item: Leftovers
|upkeep
|turn|19
|
|t:|1664075596
|switch|p2a: Valentine|Raichu-Alola, F, shiny|100/100
|move|p1a: Ferrothorn|Leech Seed|p2a: Valentine
|-start|p2a: Valentine|move: Leech Seed
|
|-weather|RainDance|[upkeep]
|-heal|p1a: Ferrothorn|83/100|[from] item: Leftovers
|-damage|p2a: Valentine|88/100|[from] Leech Seed|[of] p1a: Ferrothorn
|-heal|p1a: Ferrothorn|92/100|[silent]
|upkeep
|turn|20
|
|t:|1664075599
|move|p2a: Valentine|Rising Voltage|p1a: Ferrothorn
|-hint|Rising Voltage's BP doubled on grounded target.
|-resisted|p1a: Ferrothorn
|-damage|p1a: Ferrothorn|49/100
|-damage|p2a: Valentine|78/100|[from] item: Life Orb
|move|p1a: Ferrothorn|Knock Off|p2a: Valentine
|-supereffective|p2a: Valentine
|-damage|p2a: Valentine|0 fnt
|-enditem|p2a: Valentine|Life Orb|[from] move: Knock Off|[of] p1a: Ferrothorn
|faint|p2a: Valentine
|
|-weather|RainDance|[upkeep]
|-heal|p1a: Ferrothorn|55/100|[from] item: Leftovers
|upkeep
|
|t:|1664075607
|switch|p2a: Sundowner|Ferrothorn, M, shiny|15/100
|turn|21
|
|t:|1664075610
|move|p2a: Sundowner|Body Press|p1a: Ferrothorn
|-supereffective|p1a: Ferrothorn
|-damage|p1a: Ferrothorn|22/100
|-damage|p2a: Sundowner|2/100|[from] ability: Iron Barbs|[of] p1a: Ferrothorn
|move|p1a: Ferrothorn|Knock Off|p2a: Sundowner
|-damage|p2a: Sundowner|0 fnt
|-damage|p1a: Ferrothorn|10/100|[from] ability: Iron Barbs|[of] p2a: Sundowner
|-enditem|p2a: Sundowner|Leftovers|[from] move: Knock Off|[of] p1a: Ferrothorn
|faint|p2a: Sundowner
|
|-weather|RainDance|[upkeep]
|-heal|p1a: Ferrothorn|16/100|[from] item: Leftovers
|upkeep
|
|t:|1664075618
|switch|p2a: Booker|Tapu Koko|85/100
|turn|22
|
|t:|1664075621
|move|p2a: Booker|Thunderbolt|p1a: Ferrothorn
|-resisted|p1a: Ferrothorn
|-damage|p1a: Ferrothorn|0 fnt
|faint|p1a: Ferrothorn
|
|-weather|RainDance|[upkeep]
|upkeep
|
|t:|1664075623
|switch|p1a: Crawdaunt|Crawdaunt, M|78/100
|-damage|p1a: Crawdaunt|66/100|[from] Spikes
|turn|23
|
|t:|1664075625
|move|p1a: Crawdaunt|Aqua Jet|p2a: Booker
|-damage|p2a: Booker|2/100
|-damage|p1a: Crawdaunt|56/100|[from] item: Life Orb
|move|p2a: Booker|Thunderbolt|p1a: Crawdaunt
|-supereffective|p1a: Crawdaunt
|-damage|p1a: Crawdaunt|0 fnt
|faint|p1a: Crawdaunt
|
|win|Spectre Ace
|raw|cogonahorse's rating: 1591 &rarr; <strong>1573</strong><br />(-18 for losing)
|raw|Spectre Ace's rating: 1622 &rarr; <strong>1640</strong><br />(+18 for winning)
|l|☆cogonahorse
||Ladder isn't responding, score probably updated but might not have (Request timeout).
