|raw|<div class="broadcast-blue"><strong>This battle is required to be public due to a player having a name starting with 'lt94je'.</div>
|j|☆LT94 Jester
|j|☆Shootingwolf
|t:|1661329044
|gametype|singles
|player|p1|LT94 Jester|preschooler|1715
|player|p2|Shootingwolf|lass|1704
|teamsize|p1|6
|teamsize|p2|6
|gen|8
|tier|[Gen 8] OU
|rated|
|rule|Sleep Clause Mod: Limit one foe put to sleep
|rule|Species Clause: Limit one of each Pokémon
|rule|OHKO Clause: OHKO moves are banned
|rule|Evasion Items Clause: Evasion items are banned
|rule|Evasion Moves Clause: Evasion moves are banned
|rule|Endless Battle Clause: Forcing endless battles is banned
|rule|HP Percentage Mod: HP is shown in percentages
|rule|Dynamax Clause: You cannot dynamax
|clearpoke
|poke|p1|Zeraora|
|poke|p1|Clefable, F|
|poke|p1|Victini|
|poke|p1|Blissey, F|
|poke|p1|Skarmory, M|
|poke|p1|Dragonite, M|
|poke|p2|Garchomp, M|
|poke|p2|Heatran, M|
|poke|p2|Tapu Lele|
|poke|p2|Urshifu-*, M|
|poke|p2|Zapdos|
|poke|p2|Toxapex, M|
|teampreview
|c|☆LT94 Jester|hf hf
|j| Mushroom Poisoning
|inactive|Battle timer is ON: inactive players will automatically lose when time's up. (requested by LT94 Jester)
|j| Sunday surfer
|inactive|Shootingwolf has 120 seconds left.
|
|t:|1661329079
|start
|switch|p1a: diabolical one|Clefable, F|100/100
|switch|p2a: Zapdos|Zapdos, shiny|100/100
|turn|1
|
|t:|1661329086
|move|p2a: Zapdos|Volt Switch|p1a: diabolical one
|-damage|p1a: diabolical one|71/100
|
|t:|1661329092
|switch|p2a: Toxapex|Toxapex, M|100/100|[from]move: Volt Switch
|move|p1a: diabolical one|Knock Off|p2a: Toxapex
|-damage|p2a: Toxapex|88/100
|-enditem|p2a: Toxapex|Shed Shell|[from] move: Knock Off|[of] p1a: diabolical one
|
|upkeep
|turn|2
|
|t:|1661329097
|move|p1a: diabolical one|Stealth Rock|p2a: Toxapex
|-sidestart|p2: Shootingwolf|move: Stealth Rock
|move|p2a: Toxapex|Toxic Spikes|p1a: diabolical one
|-sidestart|p1: LT94 Jester|move: Toxic Spikes
|
|upkeep
|turn|3
|j| LT94JE DS
|
|t:|1661329118
|switch|p2a: 1919|Heatran, M|100/100
|-damage|p2a: 1919|88/100|[from] Stealth Rock
|move|p1a: diabolical one|Knock Off|p2a: 1919
|-damage|p2a: 1919|76/100
|-enditem|p2a: 1919|Leftovers|[from] move: Knock Off|[of] p1a: diabolical one
|
|upkeep
|turn|4
|j| Mimikyu Stardust
|
|t:|1661329132
|switch|p1a: good nite|Dragonite, M|100/100
|move|p2a: 1919|Will-O-Wisp|p1a: good nite
|-status|p1a: good nite|brn
|
|-damage|p1a: good nite|94/100 brn|[from] brn
|upkeep
|turn|5
|j| LT94JE A
|
|t:|1661329151
|switch|p2a: Garchomp|Garchomp, M|100/100
|-damage|p2a: Garchomp|94/100|[from] Stealth Rock
|move|p1a: good nite|Earthquake|p2a: Garchomp
|-damage|p2a: Garchomp|79/100
|
|-damage|p1a: good nite|88/100 brn|[from] brn
|upkeep
|turn|6
|j| supermikimiki
|inactive|LT94 Jester has 120 seconds left.
|
|t:|1661329175
|move|p2a: Garchomp|Swords Dance|p2a: Garchomp
|-boost|p2a: Garchomp|atk|2
|move|p1a: good nite|Ice Beam|p2a: Garchomp
|-supereffective|p2a: Garchomp
|-damage|p2a: Garchomp|0 fnt
|faint|p2a: Garchomp
|
|-damage|p1a: good nite|82/100 brn|[from] brn
|upkeep
|j| Volcaronium
|l| Volcaronium
|inactive|Shootingwolf has 120 seconds left.
|
|t:|1661329217
|switch|p2a: Tapu Lele|Tapu Lele|100/100
|-damage|p2a: Tapu Lele|88/100|[from] Stealth Rock
|-fieldstart|move: Psychic Terrain|[from] ability: Psychic Surge|[of] p2a: Tapu Lele
|turn|7
|
|t:|1661329227
|switch|p1a: chick magnet|Skarmory, M|100/100
|move|p2a: Tapu Lele|Psyshock|p1a: chick magnet
|-resisted|p1a: chick magnet
|-damage|p1a: chick magnet|84/100
|
|upkeep
|turn|8
|
|t:|1661329233
|switch|p2a: 1919|Heatran, M|76/100
|-damage|p2a: 1919|63/100|[from] Stealth Rock
|move|p1a: chick magnet|Spikes|p2a: 1919
|-sidestart|p2: Shootingwolf|Spikes
|
|upkeep
|turn|9
|
|t:|1661329249
|switch|p2a: Zapdos|Zapdos, shiny|100/100
|switch|p1a: diabolical one|Clefable, F|71/100
|-status|p1a: diabolical one|psn
|
|upkeep
|turn|10
|
|t:|1661329252
|move|p2a: Zapdos|Hurricane|p1a: diabolical one
|-damage|p1a: diabolical one|28/100 psn
|move|p1a: diabolical one|Knock Off|p2a: Zapdos
|-damage|p2a: Zapdos|83/100
|-enditem|p2a: Zapdos|Heavy-Duty Boots|[from] move: Knock Off|[of] p1a: diabolical one
|
|upkeep
|turn|11
|j| LT94JE adreamew
|
|t:|1661329259
|switch|p1a: sea waves back|Zeraora|100/100
|move|p2a: Zapdos|Hurricane|p1a: sea waves back
|-resisted|p1a: sea waves back
|-damage|p1a: sea waves back|69/100
|
|-fieldend|move: Psychic Terrain
|upkeep
|turn|12
|
|t:|1661329267
|switch|p2a: 1919|Heatran, M|63/100
|-damage|p2a: 1919|51/100|[from] Stealth Rock
|-damage|p2a: 1919|38/100|[from] Spikes
|move|p1a: sea waves back|Plasma Fists|p2a: 1919
|-damage|p2a: 1919|0 fnt
|-fieldactivate|move: Ion Deluge
|-hint|Normal-type moves become Electric-type after using Plasma Fists.
|-status|p1a: sea waves back|brn|[from] ability: Flame Body|[of] p2a: 1919
|faint|p2a: 1919
|
|-damage|p1a: sea waves back|62/100 brn|[from] brn
|upkeep
|
|t:|1661329270
|switch|p2a: Tapu Lele|Tapu Lele|88/100
|-damage|p2a: Tapu Lele|76/100|[from] Stealth Rock
|-damage|p2a: Tapu Lele|63/100|[from] Spikes
|-fieldstart|move: Psychic Terrain|[from] ability: Psychic Surge|[of] p2a: Tapu Lele
|turn|13
|
|t:|1661329276
|move|p2a: Tapu Lele|Psychic|p1a: sea waves back
|-damage|p1a: sea waves back|0 fnt
|faint|p1a: sea waves back
|
|upkeep
|
|t:|1661329281
|switch|p1a: whoa whoa|Victini|100/100
|turn|14
|
|t:|1661329286
|switch|p2a: Zapdos|Zapdos, shiny|83/100
|-damage|p2a: Zapdos|58/100|[from] Stealth Rock
|move|p1a: whoa whoa|Bolt Strike|p2a: Zapdos
|-damage|p2a: Zapdos|19/100
|
|upkeep
|turn|15
|
|t:|1661329293
|move|p2a: Zapdos|Roost|p2a: Zapdos
|-heal|p2a: Zapdos|69/100
|-singleturn|p2a: Zapdos|move: Roost
|move|p1a: whoa whoa|Bolt Strike|p2a: Zapdos
|-resisted|p2a: Zapdos
|-crit|p2a: Zapdos
|-damage|p2a: Zapdos|40/100
|-status|p1a: whoa whoa|par|[from] ability: Static|[of] p2a: Zapdos
|
|upkeep
|turn|16
|
|t:|1661329304
|move|p2a: Zapdos|Roost|p2a: Zapdos
|-heal|p2a: Zapdos|91/100
|-singleturn|p2a: Zapdos|move: Roost
|move|p1a: whoa whoa|Encore|p2a: Zapdos
|-start|p2a: Zapdos|Encore
|
|upkeep
|turn|17
|
|t:|1661329317
|switch|p1a: diabolical one|Clefable, F|28/100 psn
|move|p2a: Zapdos|Roost|p2a: Zapdos
|-heal|p2a: Zapdos|100/100
|-singleturn|p2a: Zapdos|move: Roost
|
|-fieldend|move: Psychic Terrain
|upkeep
|turn|18
|
|t:|1661329321
|switch|p2a: Tapu Lele|Tapu Lele|63/100
|-damage|p2a: Tapu Lele|51/100|[from] Stealth Rock
|-damage|p2a: Tapu Lele|38/100|[from] Spikes
|-fieldstart|move: Psychic Terrain|[from] ability: Psychic Surge|[of] p2a: Tapu Lele
|move|p1a: diabolical one|Soft-Boiled|p1a: diabolical one
|-heal|p1a: diabolical one|78/100 psn
|
|upkeep
|turn|19
|
|t:|1661329325
|move|p2a: Tapu Lele|Psychic|p1a: diabolical one
|-damage|p1a: diabolical one|22/100 psn
|move|p1a: diabolical one|Soft-Boiled|p1a: diabolical one
|-heal|p1a: diabolical one|72/100 psn
|
|upkeep
|turn|20
|
|t:|1661329332
|switch|p2a: Urshifu|Urshifu-Rapid-Strike, M|100/100
|-damage|p2a: Urshifu|94/100|[from] Stealth Rock
|-damage|p2a: Urshifu|82/100|[from] Spikes
|switch|p1a: don't abuse me 😦|Blissey, F|100/100
|
|upkeep
|turn|21
|c|☆LT94 Jester|yo wp
|
|t:|1661329342
|switch|p1a: chick magnet|Skarmory, M|84/100
|move|p2a: Urshifu|Close Combat|p1a: chick magnet
|-crit|p1a: chick magnet
|-damage|p1a: chick magnet|3/100
|-unboost|p2a: Urshifu|def|1
|-unboost|p2a: Urshifu|spd|1
|-damage|p2a: Urshifu|66/100|[from] item: Rocky Helmet|[of] p1a: chick magnet
|
|upkeep
|turn|22
|
|t:|1661329354
|switch|p1a: good nite|Dragonite, M|82/100 brn
|move|p2a: Urshifu|Close Combat|p1a: good nite
|-resisted|p1a: good nite
|-damage|p1a: good nite|46/100 brn
|-unboost|p2a: Urshifu|def|1
|-unboost|p2a: Urshifu|spd|1
|
|-damage|p1a: good nite|40/100 brn|[from] brn
|-fieldend|move: Psychic Terrain
|upkeep
|turn|23
|l| LT94JE A
|
|t:|1661329361
|move|p2a: Urshifu|Close Combat|p1a: good nite
|-resisted|p1a: good nite
|-damage|p1a: good nite|2/100 brn
|-unboost|p2a: Urshifu|def|1
|-unboost|p2a: Urshifu|spd|1
|move|p1a: good nite|Roost|p1a: good nite
|-heal|p1a: good nite|52/100 brn
|-singleturn|p1a: good nite|move: Roost
|
|-damage|p1a: good nite|46/100 brn|[from] brn
|upkeep
|turn|24
|
|t:|1661329377
|switch|p2a: Tapu Lele|Tapu Lele|38/100
|-damage|p2a: Tapu Lele|26/100|[from] Stealth Rock
|-damage|p2a: Tapu Lele|13/100|[from] Spikes
|-fieldstart|move: Psychic Terrain|[from] ability: Psychic Surge|[of] p2a: Tapu Lele
|move|p1a: good nite|Roost|p1a: good nite
|-heal|p1a: good nite|96/100 brn
|-singleturn|p1a: good nite|move: Roost
|
|-damage|p1a: good nite|89/100 brn|[from] brn
|upkeep
|turn|25
|
|t:|1661329391
|switch|p2a: Toxapex|Toxapex, M|100/100
|-damage|p2a: Toxapex|88/100|[from] Stealth Rock
|-damage|p2a: Toxapex|75/100|[from] Spikes
|switch|p1a: whoa whoa|Victini|100/100 par
|
|upkeep
|turn|26
|
|t:|1661329397
|move|p1a: whoa whoa|U-turn|p2a: Toxapex
|-resisted|p2a: Toxapex
|-damage|p2a: Toxapex|68/100
|
|t:|1661329401
|switch|p1a: good nite|Dragonite, M|89/100 brn|[from]move: U-turn
|move|p2a: Toxapex|Scald|p1a: good nite
|-resisted|p1a: good nite
|-damage|p1a: good nite|84/100 brn
|
|-damage|p1a: good nite|77/100 brn|[from] brn
|upkeep
|turn|27
|
|t:|1661329408
|move|p1a: good nite|Heal Bell|p1a: good nite
|-activate|p1a: good nite|move: Heal Bell
|-curestatus|p1a: good nite|brn|[msg]
|-curestatus|p1: whoa whoa|par|[msg]
|-curestatus|p1: diabolical one|psn|[msg]
|move|p2a: Toxapex|Haze|p2a: Toxapex
|-clearallboost
|
|upkeep
|turn|28
|
|t:|1661329411
|switch|p1a: don't abuse me 😦|Blissey, F|100/100
|switch|p2a: Zapdos|Zapdos, shiny|100/100
|-damage|p2a: Zapdos|76/100|[from] Stealth Rock
|
|-fieldend|move: Psychic Terrain
|upkeep
|turn|29
|
|t:|1661329414
|move|p2a: Zapdos|Defog|p1a: don't abuse me 😦
|-unboost|p1a: don't abuse me 😦|evasion|1
|-sideend|p1: LT94 Jester|Toxic Spikes|[from] move: Defog|[of] p2a: Zapdos
|-sideend|p2: Shootingwolf|Spikes|[from] move: Defog|[of] p2a: Zapdos
|-sideend|p2: Shootingwolf|Stealth Rock|[from] move: Defog|[of] p2a: Zapdos
|move|p1a: don't abuse me 😦|Teleport|p1a: don't abuse me 😦
|
|t:|1661329435
|switch|p1a: whoa whoa|Victini|100/100|[from]move: Teleport
|
|upkeep
|turn|30
|c|☆Shootingwolf|😅
|
|t:|1661329442
|move|p1a: whoa whoa|U-turn|p2a: Zapdos
|-resisted|p2a: Zapdos
|-damage|p2a: Zapdos|64/100
|-status|p1a: whoa whoa|par|[from] ability: Static|[of] p2a: Zapdos
|
|t:|1661329458
|switch|p1a: good nite|Dragonite, M|77/100|[from]move: U-turn
|move|p2a: Zapdos|Roost|p2a: Zapdos
|-heal|p2a: Zapdos|100/100
|-singleturn|p2a: Zapdos|move: Roost
|
|upkeep
|turn|31
|
|t:|1661329463
|move|p2a: Zapdos|Hurricane|p1a: good nite|[miss]
|-miss|p2a: Zapdos|p1a: good nite
|move|p1a: good nite|Roost|p1a: good nite
|-heal|p1a: good nite|100/100
|-singleturn|p1a: good nite|move: Roost
|
|upkeep
|turn|32
|
|t:|1661329466
|move|p2a: Zapdos|Volt Switch|p1a: good nite
|-damage|p1a: good nite|89/100
|
|t:|1661329469
|switch|p2a: Tapu Lele|Tapu Lele|13/100|[from]move: Volt Switch
|-fieldstart|move: Psychic Terrain|[from] ability: Psychic Surge|[of] p2a: Tapu Lele
|move|p1a: good nite|Heal Bell|p1a: good nite
|-activate|p1a: good nite|move: Heal Bell
|-curestatus|p1: whoa whoa|par|[msg]
|
|upkeep
|turn|33
|l| Sunday surfer
|
|t:|1661329488
|switch|p2a: Zapdos|Zapdos, shiny|100/100
|switch|p1a: whoa whoa|Victini|100/100
|
|upkeep
|turn|34
|
|t:|1661329496
|move|p1a: whoa whoa|V-create|p2a: Zapdos
|-damage|p2a: Zapdos|12/100
|-unboost|p1a: whoa whoa|spe|1
|-unboost|p1a: whoa whoa|def|1
|-unboost|p1a: whoa whoa|spd|1
|move|p2a: Zapdos|Volt Switch|p1a: whoa whoa
|-damage|p1a: whoa whoa|53/100
|
|t:|1661329506
|switch|p2a: Urshifu|Urshifu-Rapid-Strike, M|66/100|[from]move: Volt Switch
|
|upkeep
|turn|35
|
|t:|1661329525
|switch|p1a: diabolical one|Clefable, F|72/100
|move|p2a: Urshifu|U-turn|p1a: diabolical one
|-resisted|p1a: diabolical one
|-damage|p1a: diabolical one|57/100
|-damage|p2a: Urshifu|49/100|[from] item: Rocky Helmet|[of] p1a: diabolical one
|
|t:|1661329531
|switch|p2a: Tapu Lele|Tapu Lele|13/100|[from]move: U-turn
|
|upkeep
|turn|36
|inactive|LT94 Jester has 120 seconds left.
|
|t:|1661329585
|switch|p1a: don't abuse me 😦|Blissey, F|100/100
|move|p2a: Tapu Lele|Psychic|p1a: don't abuse me 😦
|-damage|p1a: don't abuse me 😦|77/100
|
|-fieldend|move: Psychic Terrain
|upkeep
|turn|37
|j| PebsRyan
|inactive|LT94 Jester has 90 seconds left.
|
|t:|1661329620
|switch|p2a: Zapdos|Zapdos, shiny|12/100
|move|p1a: don't abuse me 😦|Teleport|p1a: don't abuse me 😦
|c|☆LT94 Jester|wp
|
|t:|1661329626
|switch|p1a: whoa whoa|Victini|53/100|[from]move: Teleport
|
|upkeep
|turn|38
|inactive|LT94 Jester has 90 seconds left.
|
|t:|1661329654
|move|p2a: Zapdos|Volt Switch|p1a: whoa whoa
|-damage|p1a: whoa whoa|23/100
|
|t:|1661329658
|switch|p2a: Toxapex|Toxapex, M|100/100|[from]move: Volt Switch
|move|p1a: whoa whoa|V-create|p2a: Toxapex
|-resisted|p2a: Toxapex
|-damage|p2a: Toxapex|71/100
|-unboost|p1a: whoa whoa|spe|1
|-unboost|p1a: whoa whoa|def|1
|-unboost|p1a: whoa whoa|spd|1
|
|upkeep
|turn|39
|
|t:|1661329662
|move|p1a: whoa whoa|U-turn|p2a: Toxapex
|-resisted|p2a: Toxapex
|-damage|p2a: Toxapex|63/100
|
|t:|1661329665
|switch|p1a: don't abuse me 😦|Blissey, F|77/100|[from]move: U-turn
|move|p2a: Toxapex|Scald|p1a: don't abuse me 😦
|-damage|p1a: don't abuse me 😦|70/100
|
|upkeep
|turn|40
|
|t:|1661329679
|switch|p2a: Zapdos|Zapdos, shiny|12/100
|move|p1a: don't abuse me 😦|Teleport|p1a: don't abuse me 😦
|c|☆LT94 Jester|i don't wanna tie with u anymore
|
|t:|1661329695
|switch|p1a: good nite|Dragonite, M|89/100|[from]move: Teleport
|
|upkeep
|turn|41
|
|t:|1661329717
|move|p2a: Zapdos|Volt Switch|p1a: good nite
|-damage|p1a: good nite|68/100
|
|t:|1661329719
|switch|p2a: Toxapex|Toxapex, M|96/100|[from]move: Volt Switch
|move|p1a: good nite|Earthquake|p2a: Toxapex
|-supereffective|p2a: Toxapex
|-damage|p2a: Toxapex|50/100
|
|upkeep
|turn|42
|
|t:|1661329729
|move|p1a: good nite|Ice Beam|p2a: Toxapex
|-resisted|p2a: Toxapex
|-damage|p2a: Toxapex|44/100
|move|p2a: Toxapex|Scald|p1a: good nite
|-resisted|p1a: good nite
|-damage|p1a: good nite|63/100
|
|upkeep
|turn|43
|inactive|LT94 Jester has 120 seconds left.
|
|t:|1661329735
|move|p1a: good nite|Roost|p1a: good nite
|-heal|p1a: good nite|100/100
|-singleturn|p1a: good nite|move: Roost
|move|p2a: Toxapex|Recover|p2a: Toxapex
|-heal|p2a: Toxapex|94/100
|
|upkeep
|turn|44
|j| Ctannn
|inactive|LT94 Jester has 120 seconds left.
|
|t:|1661329748
|move|p1a: good nite|Ice Beam|p2a: Toxapex
|-resisted|p2a: Toxapex
|-crit|p2a: Toxapex
|-damage|p2a: Toxapex|84/100
|move|p2a: Toxapex|Scald|p1a: good nite
|-resisted|p1a: good nite
|-damage|p1a: good nite|98/100
|
|upkeep
|turn|45
|
|t:|1661329760
|switch|p1a: don't abuse me 😦|Blissey, F|70/100
|move|p2a: Toxapex|Scald|p1a: don't abuse me 😦
|-damage|p1a: don't abuse me 😦|64/100
|
|upkeep
|turn|46
|
|t:|1661329765
|switch|p2a: Zapdos|Zapdos, shiny|12/100
|move|p1a: don't abuse me 😦|Seismic Toss|p2a: Zapdos
|-damage|p2a: Zapdos|0 fnt
|-status|p1a: don't abuse me 😦|par|[from] ability: Static|[of] p2a: Zapdos
|faint|p2a: Zapdos
|
|upkeep
|
|t:|1661329769
|switch|p2a: Urshifu|Urshifu-Rapid-Strike, M|49/100
|turn|47
|
|t:|1661329786
|-curestatus|p1a: don't abuse me 😦|par|[from] ability: Natural Cure
|switch|p1a: good nite|Dragonite, M|98/100
|move|p2a: Urshifu|U-turn|p1a: good nite
|-resisted|p1a: good nite
|-damage|p1a: good nite|83/100
|
|t:|1661329790
|switch|p2a: Tapu Lele|Tapu Lele|13/100|[from]move: U-turn
|-fieldstart|move: Psychic Terrain|[from] ability: Psychic Surge|[of] p2a: Tapu Lele
|
|upkeep
|turn|48
|
|t:|1661329796
|switch|p1a: don't abuse me 😦|Blissey, F|64/100
|move|p2a: Tapu Lele|Moonblast|p1a: don't abuse me 😦
|-damage|p1a: don't abuse me 😦|44/100
|
|upkeep
|turn|49
|
|t:|1661329804
|switch|p2a: Urshifu|Urshifu-Rapid-Strike, M|49/100
|move|p1a: don't abuse me 😦|Thunder Wave|p2a: Urshifu
|-status|p2a: Urshifu|par
|
|upkeep
|turn|50
|
|t:|1661329814
|switch|p1a: good nite|Dragonite, M|83/100
|move|p2a: Urshifu|Close Combat|p1a: good nite
|-resisted|p1a: good nite
|-damage|p1a: good nite|48/100
|-unboost|p2a: Urshifu|def|1
|-unboost|p2a: Urshifu|spd|1
|
|upkeep
|turn|51
|-message|Shootingwolf forfeited.
|
|win|LT94 Jester
|raw|LT94 Jester's rating: 1715 &rarr; <strong>1733</strong><br />(+18 for winning)
|raw|Shootingwolf's rating: 1680 &rarr; <strong>1662</strong><br />(-18 for losing)
|l|☆Shootingwolf
