|raw|<div class="broadcast-blue"><strong>This battle is required to be public due to a player having a name starting with 'lt91bb'.</div>
|j|☆j_albacino023
|j|☆lt91bb quartos
|t:|1659553479
|gametype|singles
|player|p1|j_albacino023|170|1969
|player|p2|lt91bb quartos|#wcop2022france|2036
|teamsize|p1|6
|teamsize|p2|6
|gen|8
|tier|[Gen 8] OU
|rated|
|rule|Sleep Clause Mod: Limit one foe put to sleep
|rule|Species Clause: Limit one of each Pokémon
|rule|OHKO Clause: OHKO moves are banned
|rule|Evasion Moves Clause: Evasion moves are banned
|rule|Endless Battle Clause: Forcing endless battles is banned
|rule|HP Percentage Mod: HP is shown in percentages
|rule|Dynamax Clause: You cannot dynamax
|clearpoke
|poke|p1|Ferrothorn, M|
|poke|p1|Rotom-Wash|
|poke|p1|Tyranitar, M|
|poke|p1|Excadrill, M|
|poke|p1|Clefable, M|
|poke|p1|Dragapult, F|
|poke|p2|Tapu Koko|
|poke|p2|Victini|
|poke|p2|Clefable, M|
|poke|p2|Ferrothorn, F|
|poke|p2|Landorus-Therian, M|
|poke|p2|Dragonite, F|
|teampreview
|j| Fjfifufjf
|j| pok3m0n_123
|j| gridline
|j| Lt91bb stock972
|j| BIHI
|j| Oily man
|inactive|Battle timer is ON: inactive players will automatically lose when time's up. (requested by j_albacino023)
|j| Hackerli
|j| crrccz
|j| LT91BB Tace
|
|t:|1659553536
|start
|switch|p1a: Clefable|Clefable, M|100/100
|switch|p2a: Clefable|Clefable, M|100/100
|turn|1
|n| LT91BB YHVH|bihi
|j| LT91BB Ox
|j| fleed
|j| lt91bbe
|
|t:|1659553574
|switch|p2a: Landorus|Landorus-Therian, M|100/100
|-ability|p2a: Landorus|Intimidate|boost
|-unboost|p1a: Clefable|atk|1
|move|p1a: Clefable|Knock Off|p2a: Landorus
|-damage|p2a: Landorus|92/100
|-enditem|p2a: Landorus|Leftovers|[from] move: Knock Off|[of] p1a: Clefable
|
|upkeep
|turn|2
|
|t:|1659553577
|move|p2a: Landorus|Stealth Rock|p1a: Clefable
|-sidestart|p1: j_albacino023|move: Stealth Rock
|move|p1a: Clefable|Stealth Rock|p2a: Landorus
|-sidestart|p2: lt91bb quartos|move: Stealth Rock
|
|upkeep
|turn|3
|l| Hackerli
|
|t:|1659553583
|move|p2a: Landorus|Earthquake|p1a: Clefable
|-damage|p1a: Clefable|63/100
|move|p1a: Clefable|Moonblast|p2a: Landorus
|-damage|p2a: Landorus|63/100
|
|upkeep
|turn|4
|
|t:|1659553591
|switch|p2a: Ferrothorn|Ferrothorn, F|100/100
|-damage|p2a: Ferrothorn|95/100|[from] Stealth Rock
|move|p1a: Clefable|Soft-Boiled|p1a: Clefable
|-heal|p1a: Clefable|100/100
|
|upkeep
|turn|5
|
|t:|1659553597
|switch|p1a: Ferrothorn|Ferrothorn, M|100/100
|-damage|p1a: Ferrothorn|95/100|[from] Stealth Rock
|move|p2a: Ferrothorn|Spikes|p1a: Ferrothorn
|-sidestart|p1: j_albacino023|Spikes
|
|-heal|p1a: Ferrothorn|100/100|[from] item: Leftovers
|upkeep
|turn|6
|
|t:|1659553603
|move|p1a: Ferrothorn|Spikes|p2a: Ferrothorn
|-sidestart|p2: lt91bb quartos|Spikes
|move|p2a: Ferrothorn|Body Press|p1a: Ferrothorn
|-supereffective|p1a: Ferrothorn
|-damage|p1a: Ferrothorn|65/100
|-damage|p2a: Ferrothorn|82/100|[from] ability: Iron Barbs|[of] p1a: Ferrothorn
|
|-heal|p1a: Ferrothorn|71/100|[from] item: Leftovers
|upkeep
|turn|7
|j| LT91BB E-create
|j| free darm galar z
|
|t:|1659553613
|move|p1a: Ferrothorn|Body Press|p2a: Ferrothorn
|-supereffective|p2a: Ferrothorn
|-damage|p2a: Ferrothorn|46/100
|-damage|p1a: Ferrothorn|59/100|[from] ability: Iron Barbs|[of] p2a: Ferrothorn
|-damage|p1a: Ferrothorn|42/100|[from] item: Rocky Helmet|[of] p2a: Ferrothorn
|move|p2a: Ferrothorn|Knock Off|p1a: Ferrothorn
|-damage|p1a: Ferrothorn|30/100
|-damage|p2a: Ferrothorn|34/100|[from] ability: Iron Barbs|[of] p1a: Ferrothorn
|-enditem|p1a: Ferrothorn|Leftovers|[from] move: Knock Off|[of] p2a: Ferrothorn
|
|upkeep
|turn|8
|
|t:|1659553623
|move|p1a: Ferrothorn|Body Press|p2a: Ferrothorn
|-supereffective|p2a: Ferrothorn
|-damage|p2a: Ferrothorn|0 fnt
|-damage|p1a: Ferrothorn|18/100|[from] ability: Iron Barbs|[of] p2a: Ferrothorn
|-damage|p1a: Ferrothorn|2/100|[from] item: Rocky Helmet|[of] p2a: Ferrothorn
|faint|p2a: Ferrothorn
|
|upkeep
|
|t:|1659553629
|switch|p2a: Victini|Victini|100/100
|turn|9
|
|t:|1659553639
|switch|p1a: Rotom|Rotom-Wash|100/100
|-damage|p1a: Rotom|88/100|[from] Stealth Rock
|move|p2a: Victini|Bolt Strike|p1a: Rotom
|-crit|p1a: Rotom
|-damage|p1a: Rotom|23/100
|
|-heal|p1a: Rotom|29/100|[from] item: Leftovers
|upkeep
|turn|10
|j| jhehehehe
|l| LT91BB YHVH
|
|t:|1659553654
|switch|p1a: Clefable|Clefable, M|100/100
|move|p2a: Victini|Bolt Strike|p1a: Clefable
|-damage|p1a: Clefable|74/100
|-damage|p2a: Victini|84/100|[from] item: Rocky Helmet|[of] p1a: Clefable
|
|upkeep
|turn|11
|
|t:|1659553656
|move|p2a: Victini|V-create|p1a: Clefable
|-damage|p1a: Clefable|16/100
|-unboost|p2a: Victini|spe|1
|-unboost|p2a: Victini|def|1
|-unboost|p2a: Victini|spd|1
|-damage|p2a: Victini|68/100|[from] item: Rocky Helmet|[of] p1a: Clefable
|move|p1a: Clefable|Soft-Boiled|p1a: Clefable
|-heal|p1a: Clefable|66/100
|
|upkeep
|turn|12
|
|t:|1659553664
|move|p2a: Victini|V-create|p1a: Clefable
|-damage|p1a: Clefable|9/100
|-unboost|p2a: Victini|spe|1
|-unboost|p2a: Victini|def|1
|-unboost|p2a: Victini|spd|1
|-damage|p2a: Victini|51/100|[from] item: Rocky Helmet|[of] p1a: Clefable
|move|p1a: Clefable|Soft-Boiled|p1a: Clefable
|-heal|p1a: Clefable|59/100
|
|upkeep
|turn|13
|
|t:|1659553671
|move|p2a: Victini|V-create|p1a: Clefable
|-damage|p1a: Clefable|4/100
|-unboost|p2a: Victini|spe|1
|-unboost|p2a: Victini|def|1
|-unboost|p2a: Victini|spd|1
|-damage|p2a: Victini|35/100|[from] item: Rocky Helmet|[of] p1a: Clefable
|move|p1a: Clefable|Knock Off|p2a: Victini
|-supereffective|p2a: Victini
|-damage|p2a: Victini|0 fnt
|-enditem|p2a: Victini|Heavy-Duty Boots|[from] move: Knock Off|[of] p1a: Clefable
|faint|p2a: Victini
|
|upkeep
|l| Fjfifufjf
|
|t:|1659553677
|switch|p2a: Landorus|Landorus-Therian, M|63/100
|-damage|p2a: Landorus|51/100|[from] Stealth Rock
|-ability|p2a: Landorus|Intimidate|boost
|-unboost|p1a: Clefable|atk|1
|turn|14
|j| lt91bb gei
|
|t:|1659553682
|switch|p1a: Ferrothorn|Ferrothorn, M|2/100
|-damage|p1a: Ferrothorn|0 fnt|[from] Stealth Rock
|faint|p1a: Ferrothorn
|move|p2a: Landorus|Earthquake|p1: Ferrothorn|[notarget]
|-fail|p2a: Landorus
|
|upkeep
|
|t:|1659553686
|switch|p1a: Rotom|Rotom-Wash|29/100
|-damage|p1a: Rotom|17/100|[from] Stealth Rock
|turn|15
|
|t:|1659553695
|move|p1a: Rotom|Hydro Pump|p2a: Landorus
|-supereffective|p2a: Landorus
|-damage|p2a: Landorus|0 fnt
|faint|p2a: Landorus
|
|-heal|p1a: Rotom|23/100|[from] item: Leftovers
|upkeep
|
|t:|1659553700
|switch|p2a: Tapu Koko|Tapu Koko|100/100
|-fieldstart|move: Electric Terrain|[from] ability: Electric Surge|[of] p2a: Tapu Koko
|turn|16
|
|t:|1659553704
|switch|p1a: Clefable|Clefable, M|4/100
|move|p2a: Tapu Koko|Dazzling Gleam|p1a: Clefable
|-damage|p1a: Clefable|0 fnt
|faint|p1a: Clefable
|
|upkeep
|
|t:|1659553706
|switch|p1a: Excadrill|Excadrill, M|100/100
|-damage|p1a: Excadrill|97/100|[from] Stealth Rock
|-damage|p1a: Excadrill|85/100|[from] Spikes
|turn|17
|
|t:|1659553711
|switch|p2a: Dragonite|Dragonite, F|100/100
|move|p1a: Excadrill|Rapid Spin|p2a: Dragonite
|-damage|p2a: Dragonite|92/100
|-boost|p1a: Excadrill|spe|1
|-sideend|p1: j_albacino023|Spikes|[from] move: Rapid Spin|[of] p1a: Excadrill
|-sideend|p1: j_albacino023|Stealth Rock|[from] move: Rapid Spin|[of] p1a: Excadrill
|
|-heal|p1a: Excadrill|91/100|[from] item: Leftovers
|upkeep
|turn|18
|
|t:|1659553717
|switch|p1a: Tyranitar|Tyranitar, M|100/100
|-weather|Sandstorm|[from] ability: Sand Stream|[of] p1a: Tyranitar
|move|p2a: Dragonite|Dragon Dance|p2a: Dragonite
|-boost|p2a: Dragonite|atk|1
|-boost|p2a: Dragonite|spe|1
|
|-weather|Sandstorm|[upkeep]
|-damage|p2a: Dragonite|86/100|[from] Sandstorm
|upkeep
|turn|19
|
|t:|1659553724
|move|p2a: Dragonite|Roost|p2a: Dragonite
|-heal|p2a: Dragonite|100/100
|-singleturn|p2a: Dragonite|move: Roost
|move|p1a: Tyranitar|Crunch|p2a: Dragonite
|-damage|p2a: Dragonite|68/100
|
|-weather|Sandstorm|[upkeep]
|-damage|p2a: Dragonite|61/100|[from] Sandstorm
|upkeep
|turn|20
|
|t:|1659553731
|move|p2a: Dragonite|Roost|p2a: Dragonite
|-heal|p2a: Dragonite|100/100
|-singleturn|p2a: Dragonite|move: Roost
|move|p1a: Tyranitar|Crunch|p2a: Dragonite
|-damage|p2a: Dragonite|66/100
|
|-weather|Sandstorm|[upkeep]
|-damage|p2a: Dragonite|60/100|[from] Sandstorm
|-fieldend|move: Electric Terrain
|upkeep
|turn|21
|
|t:|1659553734
|move|p2a: Dragonite|Roost|p2a: Dragonite
|-heal|p2a: Dragonite|100/100
|-singleturn|p2a: Dragonite|move: Roost
|move|p1a: Tyranitar|Crunch|p2a: Dragonite
|-damage|p2a: Dragonite|68/100
|-unboost|p2a: Dragonite|def|1
|
|-weather|Sandstorm|[upkeep]
|-damage|p2a: Dragonite|61/100|[from] Sandstorm
|upkeep
|turn|22
|
|t:|1659553741
|switch|p1a: Rotom|Rotom-Wash|23/100
|move|p2a: Dragonite|Earthquake|p1a: Rotom
|-immune|p1a: Rotom|[from] ability: Levitate
|
|-weather|none
|-heal|p1a: Rotom|29/100|[from] item: Leftovers
|upkeep
|turn|23
|
|t:|1659553750
|move|p2a: Dragonite|Dragon Dance|p2a: Dragonite
|-boost|p2a: Dragonite|atk|1
|-boost|p2a: Dragonite|spe|1
|move|p1a: Rotom|Pain Split|p2a: Dragonite
|-sethp|p2a: Dragonite|43/100|[from] move: Pain Split|[silent]
|-sethp|p1a: Rotom|52/100|[from] move: Pain Split
|
|-heal|p1a: Rotom|58/100|[from] item: Leftovers
|upkeep
|turn|24
|j| Fit tff
|
|t:|1659553764
|move|p2a: Dragonite|Dragon Dance|p2a: Dragonite
|-boost|p2a: Dragonite|atk|1
|-boost|p2a: Dragonite|spe|1
|move|p1a: Rotom|Toxic|p2a: Dragonite
|-status|p2a: Dragonite|tox
|
|-heal|p1a: Rotom|64/100|[from] item: Leftovers
|-damage|p2a: Dragonite|37/100 tox|[from] psn
|upkeep
|turn|25
|
|t:|1659553771
|move|p2a: Dragonite|Dual Wingbeat|p1a: Rotom|[miss]
|-miss|p2a: Dragonite|p1a: Rotom
|move|p1a: Rotom|Volt Switch|p2a: Dragonite
|-damage|p2a: Dragonite|14/100 tox
|l| lt91bbe
|
|t:|1659553773
|switch|p1a: Tyranitar|Tyranitar, M|100/100|[from]move: Volt Switch
|-weather|Sandstorm|[from] ability: Sand Stream|[of] p1a: Tyranitar
|
|-weather|Sandstorm|[upkeep]
|-damage|p2a: Dragonite|7/100 tox|[from] Sandstorm
|-damage|p2a: Dragonite|0 fnt|[from] psn
|faint|p2a: Dragonite
|upkeep
|-message|lt91bb quartos forfeited.
|
|win|j_albacino023
|raw|j_albacino023's rating: 1969 &rarr; <strong>1993</strong><br />(+24 for winning)
|raw|lt91bb quartos's rating: 2036 &rarr; <strong>2012</strong><br />(-24 for losing)
|l|☆lt91bb quartos
|l| jhehehehe
|j| Menacce17
|l|☆j_albacino023
|l| free darm galar z
|l| gridline
|l| fleed
|l| Fit tff
|l| pok3m0n_123
||Ladder isn't responding, score probably updated but might not have (Request timeout).
|l| Menacce17
|l| LT91BB Tace
|j| lt91bbe
|l| lt91bbe
|j| whyad
|l| LT91BB Ox
|l| Oily man
|j| Oily man
|l| Oily man
|j| lt91bb star
