|raw|<div class="broadcast-blue"><strong>This battle is required to be public due to a player having a name starting with 'lt91bb'.</div>
|j|☆bizarman
|j|☆LT91BB EclipseY
|t:|1659378171
|gametype|singles
|player|p1|bizarman|scientist-gen4|1663
|player|p2|LT91BB EclipseY|cynthia-gen4|1683
|teamsize|p1|6
|teamsize|p2|6
|gen|8
|tier|[Gen 8] OU
|rated|
|rule|Sleep Clause Mod: Limit one foe put to sleep
|rule|Species Clause: Limit one of each Pokémon
|rule|OHKO Clause: OHKO moves are banned
|rule|Evasion Moves Clause: Evasion moves are banned
|rule|Endless Battle Clause: Forcing endless battles is banned
|rule|HP Percentage Mod: HP is shown in percentages
|rule|Dynamax Clause: You cannot dynamax
|clearpoke
|poke|p1|Tyranitar, F|
|poke|p1|Kartana|
|poke|p1|Corviknight, M|
|poke|p1|Clefable, F|
|poke|p1|Landorus-Therian, M|
|poke|p1|Rotom-Wash|
|poke|p2|Pelipper, F|
|poke|p2|Barraskewda, M|
|poke|p2|Rotom-Wash|
|poke|p2|Ferrothorn, M|
|poke|p2|Moltres-Galar|
|poke|p2|Landorus-Therian, M|
|teampreview
|inactive|Battle timer is ON: inactive players will automatically lose when time's up. (requested by LT91BB EclipseY)
|
|t:|1659378190
|start
|switch|p1a: Landorus|Landorus-Therian, M|100/100
|switch|p2a: Landorus|Landorus-Therian, M|100/100
|-ability|p2a: Landorus|Intimidate|boost
|-unboost|p1a: Landorus|atk|1
|-ability|p1a: Landorus|Intimidate|boost
|-unboost|p2a: Landorus|atk|1
|turn|1
|
|t:|1659378197
|move|p2a: Landorus|U-turn|p1a: Landorus
|-resisted|p1a: Landorus
|-damage|p1a: Landorus|93/100
|
|t:|1659378199
|switch|p2a: Pelipper|Pelipper, F|100/100|[from]move: U-turn
|-weather|RainDance|[from] ability: Drizzle|[of] p2a: Pelipper
|move|p1a: Landorus|Toxic|p2a: Pelipper
|-status|p2a: Pelipper|tox
|
|-weather|RainDance|[upkeep]
|-heal|p1a: Landorus|99/100|[from] item: Leftovers
|-damage|p2a: Pelipper|94/100 tox|[from] psn
|upkeep
|turn|2
|
|t:|1659378209
|move|p1a: Landorus|Stealth Rock|p2a: Pelipper
|-sidestart|p2: LT91BB EclipseY|move: Stealth Rock
|move|p2a: Pelipper|U-turn|p1a: Landorus
|-resisted|p1a: Landorus
|-damage|p1a: Landorus|94/100
|
|t:|1659378214
|switch|p2a: Rotom|Rotom-Wash|100/100|[from]move: U-turn
|-damage|p2a: Rotom|88/100|[from] Stealth Rock
|
|-weather|RainDance|[upkeep]
|-heal|p2a: Rotom|94/100|[from] item: Leftovers
|-heal|p1a: Landorus|99/100|[from] item: Leftovers
|upkeep
|turn|3
|
|t:|1659378223
|switch|p1a: Rotom|Rotom-Wash|100/100
|move|p2a: Rotom|Hydro Pump|p1a: Rotom
|-resisted|p1a: Rotom
|-damage|p1a: Rotom|68/100
|
|-weather|RainDance|[upkeep]
|-heal|p2a: Rotom|100/100|[from] item: Leftovers
|-heal|p1a: Rotom|74/100|[from] item: Leftovers
|upkeep
|turn|4
|
|t:|1659378232
|move|p2a: Rotom|Thunder|p1a: Rotom
|-damage|p1a: Rotom|30/100
|move|p1a: Rotom|Volt Switch|p2a: Rotom
|-damage|p2a: Rotom|74/100
|
|t:|1659378241
|switch|p1a: Kartana|Kartana|100/100|[from]move: Volt Switch
|
|-weather|RainDance|[upkeep]
|-heal|p2a: Rotom|80/100|[from] item: Leftovers
|upkeep
|turn|5
|
|t:|1659378247
|switch|p2a: Moltres|Moltres-Galar|100/100
|move|p1a: Kartana|Knock Off|p2a: Moltres
|-resisted|p2a: Moltres
|-damage|p2a: Moltres|77/100
|-enditem|p2a: Moltres|Heavy-Duty Boots|[from] move: Knock Off|[of] p1a: Kartana
|
|-weather|RainDance|[upkeep]
|upkeep
|turn|6
|
|t:|1659378256
|switch|p1a: Tyranitar|Tyranitar, F|100/100
|-weather|Sandstorm|[from] ability: Sand Stream|[of] p1a: Tyranitar
|switch|p2a: Barraskewda|Barraskewda, M|100/100
|-damage|p2a: Barraskewda|88/100|[from] Stealth Rock
|
|-weather|Sandstorm|[upkeep]
|-damage|p2a: Barraskewda|82/100|[from] Sandstorm
|upkeep
|turn|7
|
|t:|1659378278
|switch|p1a: Kartana|Kartana|100/100
|move|p2a: Barraskewda|Flip Turn|p1a: Kartana
|-resisted|p1a: Kartana
|-damage|p1a: Kartana|77/100
|
|t:|1659378283
|switch|p2a: Landorus|Landorus-Therian, M|100/100|[from]move: Flip Turn
|-damage|p2a: Landorus|88/100|[from] Stealth Rock
|-ability|p2a: Landorus|Intimidate|boost
|-unboost|p1a: Kartana|atk|1
|
|-weather|Sandstorm|[upkeep]
|upkeep
|turn|8
|
|t:|1659378290
|switch|p1a: Rotom|Rotom-Wash|30/100
|move|p2a: Landorus|U-turn|p1a: Rotom
|-damage|p1a: Rotom|11/100
|
|t:|1659378294
|switch|p2a: Barraskewda|Barraskewda, M|82/100|[from]move: U-turn
|-damage|p2a: Barraskewda|70/100|[from] Stealth Rock
|
|-weather|Sandstorm|[upkeep]
|-damage|p2a: Barraskewda|64/100|[from] Sandstorm
|-damage|p1a: Rotom|4/100|[from] Sandstorm
|-heal|p1a: Rotom|11/100|[from] item: Leftovers
|upkeep
|turn|9
|
|t:|1659378305
|switch|p1a: Corviknight|Corviknight, M|100/100
|-ability|p1a: Corviknight|Pressure
|move|p2a: Barraskewda|Flip Turn|p1a: Corviknight
|-damage|p1a: Corviknight|69/100
|-damage|p2a: Barraskewda|48/100|[from] item: Rocky Helmet|[of] p1a: Corviknight
|
|t:|1659378317
|switch|p2a: Rotom|Rotom-Wash|80/100|[from]move: Flip Turn
|-damage|p2a: Rotom|68/100|[from] Stealth Rock
|
|-weather|Sandstorm|[upkeep]
|-damage|p2a: Rotom|62/100|[from] Sandstorm
|-heal|p2a: Rotom|68/100|[from] item: Leftovers
|upkeep
|turn|10
|
|t:|1659378324
|switch|p1a: Clefable|Clefable, F|100/100
|move|p2a: Rotom|Hydro Pump|p1a: Clefable
|-damage|p1a: Clefable|63/100
|
|-weather|none
|-heal|p2a: Rotom|74/100|[from] item: Leftovers
|-heal|p1a: Clefable|69/100|[from] item: Leftovers
|upkeep
|turn|11
|
|t:|1659378332
|move|p2a: Rotom|Hydro Pump|p1a: Clefable
|-damage|p1a: Clefable|30/100
|move|p1a: Clefable|Calm Mind|p1a: Clefable
|-boost|p1a: Clefable|spa|1
|-boost|p1a: Clefable|spd|1
|
|-heal|p2a: Rotom|80/100|[from] item: Leftovers
|-heal|p1a: Clefable|36/100|[from] item: Leftovers
|upkeep
|turn|12
|
|t:|1659378341
|move|p2a: Rotom|Nasty Plot|p2a: Rotom
|-boost|p2a: Rotom|spa|2
|move|p1a: Clefable|Soft-Boiled|p1a: Clefable
|-heal|p1a: Clefable|86/100
|
|-heal|p2a: Rotom|86/100|[from] item: Leftovers
|-heal|p1a: Clefable|92/100|[from] item: Leftovers
|upkeep
|turn|13
|
|t:|1659378351
|move|p2a: Rotom|Thunder|p1a: Clefable
|-damage|p1a: Clefable|43/100
|move|p1a: Clefable|Moonblast|p2a: Rotom
|-damage|p2a: Rotom|30/100
|-unboost|p2a: Rotom|spa|1
|
|-heal|p2a: Rotom|36/100|[from] item: Leftovers
|-heal|p1a: Clefable|49/100|[from] item: Leftovers
|upkeep
|turn|14
|
|t:|1659378363
|move|p2a: Rotom|Thunder|p1a: Clefable
|-damage|p1a: Clefable|13/100
|-status|p1a: Clefable|par
|move|p1a: Clefable|Soft-Boiled|p1a: Clefable
|-heal|p1a: Clefable|63/100 par
|
|-heal|p2a: Rotom|43/100|[from] item: Leftovers
|-heal|p1a: Clefable|69/100 par|[from] item: Leftovers
|upkeep
|turn|15
|
|t:|1659378372
|move|p2a: Rotom|Pain Split|p1a: Clefable
|-sethp|p1a: Clefable|50/100 par|[from] move: Pain Split|[silent]
|-sethp|p2a: Rotom|67/100|[from] move: Pain Split
|move|p1a: Clefable|Moonblast|p2a: Rotom
|-damage|p2a: Rotom|16/100
|-unboost|p2a: Rotom|spa|1
|
|-heal|p2a: Rotom|22/100|[from] item: Leftovers
|-heal|p1a: Clefable|56/100 par|[from] item: Leftovers
|upkeep
|turn|16
|
|t:|1659378384
|move|p2a: Rotom|Pain Split|p1a: Clefable
|-sethp|p1a: Clefable|37/100 par|[from] move: Pain Split|[silent]
|-sethp|p2a: Rotom|49/100|[from] move: Pain Split
|cant|p1a: Clefable|par
|
|-heal|p2a: Rotom|55/100|[from] item: Leftovers
|-heal|p1a: Clefable|43/100 par|[from] item: Leftovers
|upkeep
|turn|17
|
|t:|1659378392
|move|p2a: Rotom|Nasty Plot|p2a: Rotom
|-boost|p2a: Rotom|spa|2
|move|p1a: Clefable|Moonblast|p2a: Rotom
|-damage|p2a: Rotom|2/100
|
|-heal|p2a: Rotom|8/100|[from] item: Leftovers
|-heal|p1a: Clefable|49/100 par|[from] item: Leftovers
|upkeep
|turn|18
|
|t:|1659378401
|move|p2a: Rotom|Hydro Pump|p1a: Clefable
|-damage|p1a: Clefable|0 fnt
|faint|p1a: Clefable
|
|-heal|p2a: Rotom|14/100|[from] item: Leftovers
|upkeep
|
|t:|1659378406
|switch|p1a: Kartana|Kartana|77/100
|turn|19
|
|t:|1659378409
|switch|p2a: Ferrothorn|Ferrothorn, M|100/100
|-damage|p2a: Ferrothorn|94/100|[from] Stealth Rock
|move|p1a: Kartana|Knock Off|p2a: Ferrothorn
|-damage|p2a: Ferrothorn|65/100
|-damage|p1a: Kartana|64/100|[from] ability: Iron Barbs|[of] p2a: Ferrothorn
|-enditem|p2a: Ferrothorn|Leftovers|[from] move: Knock Off|[of] p1a: Kartana
|
|upkeep
|turn|20
|
|t:|1659378428
|switch|p1a: Tyranitar|Tyranitar, F|100/100
|-weather|Sandstorm|[from] ability: Sand Stream|[of] p1a: Tyranitar
|move|p2a: Ferrothorn|Stealth Rock|p1a: Tyranitar
|-sidestart|p1: bizarman|move: Stealth Rock
|
|-weather|Sandstorm|[upkeep]
|upkeep
|turn|21
|
|t:|1659378435
|switch|p2a: Moltres|Moltres-Galar|77/100
|-damage|p2a: Moltres|52/100|[from] Stealth Rock
|move|p1a: Tyranitar|Fire Punch|p2a: Moltres
|-damage|p2a: Moltres|0 fnt
|faint|p2a: Moltres
|
|-weather|Sandstorm|[upkeep]
|upkeep
|
|t:|1659378437
|switch|p2a: Landorus|Landorus-Therian, M|88/100
|-damage|p2a: Landorus|76/100|[from] Stealth Rock
|-ability|p2a: Landorus|Intimidate|boost
|-unboost|p1a: Tyranitar|atk|1
|turn|22
|
|t:|1659378447
|switch|p1a: Landorus|Landorus-Therian, M|99/100
|-damage|p1a: Landorus|88/100|[from] Stealth Rock
|-ability|p1a: Landorus|Intimidate|boost
|-unboost|p2a: Landorus|atk|1
|move|p2a: Landorus|U-turn|p1a: Landorus
|-resisted|p1a: Landorus
|-damage|p1a: Landorus|79/100
|
|t:|1659378452
|switch|p2a: Pelipper|Pelipper, F|94/100 tox|[from]move: U-turn
|-damage|p2a: Pelipper|70/100 tox|[from] Stealth Rock
|-weather|RainDance|[from] ability: Drizzle|[of] p2a: Pelipper
|
|-weather|RainDance|[upkeep]
|-heal|p1a: Landorus|85/100|[from] item: Leftovers
|-damage|p2a: Pelipper|63/100 tox|[from] psn
|upkeep
|turn|23
|
|t:|1659378467
|move|p1a: Landorus|U-turn|p2a: Pelipper
|-resisted|p2a: Pelipper
|-damage|p2a: Pelipper|55/100 tox
|
|t:|1659378475
|switch|p1a: Corviknight|Corviknight, M|69/100|[from]move: U-turn
|-damage|p1a: Corviknight|57/100|[from] Stealth Rock
|-ability|p1a: Corviknight|Pressure
|move|p2a: Pelipper|Roost|p2a: Pelipper
|-heal|p2a: Pelipper|100/100 tox
|-singleturn|p2a: Pelipper|move: Roost
|
|-weather|RainDance|[upkeep]
|-damage|p2a: Pelipper|88/100 tox|[from] psn
|upkeep
|turn|24
|
|t:|1659378488
|move|p1a: Corviknight|U-turn|p2a: Pelipper
|-resisted|p2a: Pelipper
|-damage|p2a: Pelipper|83/100 tox
|
|t:|1659378493
|switch|p1a: Landorus|Landorus-Therian, M|85/100|[from]move: U-turn
|-damage|p1a: Landorus|72/100|[from] Stealth Rock
|-ability|p1a: Landorus|Intimidate|boost
|-unboost|p2a: Pelipper|atk|1
|move|p2a: Pelipper|U-turn|p1a: Landorus
|-resisted|p1a: Landorus
|-damage|p1a: Landorus|70/100
|
|t:|1659378495
|switch|p2a: Rotom|Rotom-Wash|14/100|[from]move: U-turn
|-damage|p2a: Rotom|2/100|[from] Stealth Rock
|
|-weather|RainDance|[upkeep]
|-heal|p2a: Rotom|8/100|[from] item: Leftovers
|-heal|p1a: Landorus|76/100|[from] item: Leftovers
|upkeep
|turn|25
|
|t:|1659378507
|switch|p1a: Rotom|Rotom-Wash|11/100
|-damage|p1a: Rotom|0 fnt|[from] Stealth Rock
|faint|p1a: Rotom
|move|p2a: Rotom|Hydro Pump|p1: Rotom|[notarget]
|-fail|p2a: Rotom
|
|-weather|RainDance|[upkeep]
|-heal|p2a: Rotom|14/100|[from] item: Leftovers
|upkeep
|
|t:|1659378517
|switch|p1a: Kartana|Kartana|64/100
|-damage|p1a: Kartana|58/100|[from] Stealth Rock
|turn|26
|
|t:|1659378523
|switch|p2a: Landorus|Landorus-Therian, M|76/100
|-damage|p2a: Landorus|64/100|[from] Stealth Rock
|-ability|p2a: Landorus|Intimidate|boost
|-unboost|p1a: Kartana|atk|1
|move|p1a: Kartana|Sacred Sword|p2a: Landorus
|-resisted|p2a: Landorus
|-damage|p2a: Landorus|50/100
|
|-weather|RainDance|[upkeep]
|upkeep
|turn|27
|
|t:|1659378538
|move|p1a: Kartana|Sacred Sword|p2a: Landorus
|-resisted|p2a: Landorus
|-damage|p2a: Landorus|37/100
|move|p2a: Landorus|U-turn|p1a: Kartana
|-damage|p1a: Kartana|30/100
|
|t:|1659378544
|switch|p2a: Barraskewda|Barraskewda, M|48/100|[from]move: U-turn
|-damage|p2a: Barraskewda|35/100|[from] Stealth Rock
|
|-weather|RainDance|[upkeep]
|upkeep
|turn|28
|
|t:|1659378549
|switch|p1a: Corviknight|Corviknight, M|57/100
|-damage|p1a: Corviknight|44/100|[from] Stealth Rock
|-ability|p1a: Corviknight|Pressure
|move|p2a: Barraskewda|Liquidation|p1a: Corviknight
|-damage|p1a: Corviknight|0 fnt
|-damage|p2a: Barraskewda|19/100|[from] item: Rocky Helmet|[of] p1a: Corviknight
|faint|p1a: Corviknight
|
|-weather|RainDance|[upkeep]
|upkeep
|
|t:|1659378561
|switch|p1a: Tyranitar|Tyranitar, F|100/100
|-damage|p1a: Tyranitar|88/100|[from] Stealth Rock
|-weather|Sandstorm|[from] ability: Sand Stream|[of] p1a: Tyranitar
|turn|29
|
|t:|1659378567
|switch|p1a: Landorus|Landorus-Therian, M|76/100
|-damage|p1a: Landorus|63/100|[from] Stealth Rock
|-ability|p1a: Landorus|Intimidate|boost
|-unboost|p2a: Barraskewda|atk|1
|move|p2a: Barraskewda|Liquidation|p1a: Landorus
|-supereffective|p1a: Landorus
|-damage|p1a: Landorus|0 fnt
|faint|p1a: Landorus
|
|-weather|Sandstorm|[upkeep]
|-damage|p2a: Barraskewda|13/100|[from] Sandstorm
|upkeep
|
|t:|1659378577
|switch|p1a: Kartana|Kartana|30/100
|-damage|p1a: Kartana|24/100|[from] Stealth Rock
|turn|30
|
|t:|1659378582
|move|p1a: Kartana|Sacred Sword|p2a: Barraskewda
|-damage|p2a: Barraskewda|0 fnt
|faint|p2a: Barraskewda
|-ability|p1a: Kartana|Beast Boost|boost
|-boost|p1a: Kartana|atk|1
|
|-weather|Sandstorm|[upkeep]
|upkeep
|
|t:|1659378583
|switch|p2a: Pelipper|Pelipper, F|83/100 tox
|-damage|p2a: Pelipper|58/100 tox|[from] Stealth Rock
|-weather|RainDance|[from] ability: Drizzle|[of] p2a: Pelipper
|turn|31
|
|t:|1659378593
|switch|p1a: Tyranitar|Tyranitar, F|88/100
|-damage|p1a: Tyranitar|76/100|[from] Stealth Rock
|-weather|Sandstorm|[from] ability: Sand Stream|[of] p1a: Tyranitar
|move|p2a: Pelipper|Scald|p1a: Tyranitar
|-supereffective|p1a: Tyranitar
|-damage|p1a: Tyranitar|41/100
|-status|p1a: Tyranitar|brn
|
|-weather|Sandstorm|[upkeep]
|-damage|p2a: Pelipper|52/100 tox|[from] Sandstorm
|-damage|p2a: Pelipper|45/100 tox|[from] psn
|-damage|p1a: Tyranitar|35/100 brn|[from] brn
|upkeep
|turn|32
|
|t:|1659378611
|switch|p2a: Rotom|Rotom-Wash|14/100
|-damage|p2a: Rotom|2/100|[from] Stealth Rock
|move|p1a: Tyranitar|Crunch|p2a: Rotom
|-damage|p2a: Rotom|0 fnt
|faint|p2a: Rotom
|
|-weather|Sandstorm|[upkeep]
|-damage|p1a: Tyranitar|28/100 brn|[from] brn
|upkeep
|
|t:|1659378615
|switch|p2a: Landorus|Landorus-Therian, M|37/100
|-damage|p2a: Landorus|24/100|[from] Stealth Rock
|-ability|p2a: Landorus|Intimidate|boost
|-unboost|p1a: Tyranitar|atk|1
|turn|33
|
|t:|1659378623
|move|p2a: Landorus|Earthquake|p1a: Tyranitar
|-supereffective|p1a: Tyranitar
|-damage|p1a: Tyranitar|0 fnt
|faint|p1a: Tyranitar
|
|-weather|Sandstorm|[upkeep]
|upkeep
|
|t:|1659378628
|switch|p1a: Kartana|Kartana|24/100
|-damage|p1a: Kartana|18/100|[from] Stealth Rock
|turn|34
|c|☆bizarman|gg
|
|t:|1659378636
|move|p1a: Kartana|Knock Off|p2a: Landorus
|-damage|p2a: Landorus|0 fnt
|-enditem|p2a: Landorus|Choice Scarf|[from] move: Knock Off|[of] p1a: Kartana
|faint|p2a: Landorus
|-ability|p1a: Kartana|Beast Boost|boost
|-boost|p1a: Kartana|atk|1
|
|-weather|Sandstorm|[upkeep]
|upkeep
|c|☆LT91BB EclipseY|gg
|
|t:|1659378639
|switch|p2a: Ferrothorn|Ferrothorn, M|65/100
|-damage|p2a: Ferrothorn|58/100|[from] Stealth Rock
|turn|35
|
|t:|1659378645
|move|p1a: Kartana|Knock Off|p2a: Ferrothorn
|-damage|p2a: Ferrothorn|29/100
|-damage|p1a: Kartana|6/100|[from] ability: Iron Barbs|[of] p2a: Ferrothorn
|move|p2a: Ferrothorn|Gyro Ball|p1a: Kartana
|-resisted|p1a: Kartana
|-damage|p1a: Kartana|0 fnt
|faint|p1a: Kartana
|
|win|LT91BB EclipseY
|raw|bizarman's rating: 1663 &rarr; <strong>1644</strong><br />(-19 for losing)
|raw|LT91BB EclipseY's rating: 1683 &rarr; <strong>1702</strong><br />(+19 for winning)
|l|☆bizarman
