|j|☆The Stoned Unicorn
|j|☆Rheinmetal
|player|p1|The Stoned Unicorn|dexio|1239
|player|p2|Rheinmetal|169|1200
|teamsize|p1|6
|teamsize|p2|6
|gametype|singles
|gen|8
|tier|[Gen 8] OU
|rated|
|rule|Sleep Clause Mod: Limit one foe put to sleep
|rule|Species Clause: Limit one of each Pokémon
|rule|OHKO Clause: OHKO moves are banned
|rule|Evasion Moves Clause: Evasion moves are banned
|rule|Endless Battle Clause: Forcing endless battles is banned
|rule|HP Percentage Mod: HP is shown in percentages
|clearpoke
|poke|p1|Grimmsnarl, M|
|poke|p1|Ditto|
|poke|p1|Dragapult, M|
|poke|p1|Seismitoad, M|
|poke|p1|Cinderace, M|
|poke|p1|Corviknight, M|
|poke|p2|Hatterene, F|
|poke|p2|Chandelure, M|
|poke|p2|Avalugg, M|
|poke|p2|Vikavolt, M|
|poke|p2|Darmanitan-Galar, M|
|poke|p2|Cinderace, M|
|teampreview
|inactive|Battle timer is ON: inactive players will automatically lose when time's up. (requested by Rheinmetal)
|
|start
|switch|p1a: Cinderace|Cinderace, M|100/100
|switch|p2a: Chandelure|Chandelure, M|100/100
|turn|1
|
|move|p1a: Cinderace|U-turn|p2a: Chandelure
|-resisted|p2a: Chandelure
|-damage|p2a: Chandelure|94/100
|
|switch|p1a: Grimmsnarl|Grimmsnarl, M|100/100|[from]move: U-turn
|move|p2a: Chandelure|Trick Room|p2a: Chandelure
|-fieldstart|move: Trick Room|[of] p2a: Chandelure
|
|upkeep
|turn|2
|c|☆Rheinmetal|!weak grimmsnarl
|html|<div class="infobox">Grimmsnarl (ignoring abilities):<br /><span class="message-effect-weak">Weaknesses</span>: Fairy, Poison, Steel<br /><span class="message-effect-resist">Resistances</span>: <b>Dark</b>, Ghost<br /><span class="message-effect-immune">Immunities</span>: Dragon, Psychic</div>
|
|move|p1a: Grimmsnarl|Bulk Up|p1a: Grimmsnarl
|-boost|p1a: Grimmsnarl|atk|1
|-boost|p1a: Grimmsnarl|def|1
|move|p2a: Chandelure|Fire Blast|p1a: Grimmsnarl
|-damage|p1a: Grimmsnarl|22/100
|
|-heal|p1a: Grimmsnarl|28/100|[from] item: Leftovers
|upkeep
|turn|3
|
|move|p2a: Chandelure|Fire Blast|p1a: Grimmsnarl
|-damage|p1a: Grimmsnarl|0 fnt
|faint|p1a: Grimmsnarl
|
|upkeep
|
|switch|p1a: Seismitoad|Seismitoad, M|100/100
|turn|4
|
|move|p2a: Chandelure|Shadow Ball|p1a: Seismitoad
|-damage|p1a: Seismitoad|46/100
|move|p1a: Seismitoad|Earthquake|p2a: Chandelure
|-supereffective|p2a: Chandelure
|-crit|p2a: Chandelure
|-damage|p2a: Chandelure|0 fnt
|faint|p2a: Chandelure
|
|-heal|p1a: Seismitoad|52/100|[from] item: Leftovers
|upkeep
|inactive|Rheinmetal has 120 seconds left.
|
|switch|p2a: Vikavolt|Vikavolt, M|100/100
|turn|5
|
|move|p2a: Vikavolt|Bug Buzz|p1a: Seismitoad
|-damage|p1a: Seismitoad|0 fnt
|faint|p1a: Seismitoad
|
|-fieldend|move: Trick Room
|upkeep
|
|switch|p1a: Cinderace|Cinderace, M|100/100
|turn|6
|
|switch|p2a: Cinderace|Cinderace, M|100/100
|move|p1a: Cinderace|Pyro Ball|p2a: Cinderace
|-resisted|p2a: Cinderace
|-damage|p2a: Cinderace|60/100
|
|upkeep
|turn|7
|
|move|p1a: Cinderace|Gunk Shot|p2a: Cinderace
|-damage|p2a: Cinderace|7/100
|move|p2a: Cinderace|U-turn|p1a: Cinderace
|-resisted|p1a: Cinderace
|-damage|p1a: Cinderace|84/100
|
|switch|p2a: Hatterene|Hatterene, F|100/100|[from]move: U-turn
|
|upkeep
|turn|8
|
|move|p1a: Cinderace|Gunk Shot|p2a: Hatterene
|-supereffective|p2a: Hatterene
|-damage|p2a: Hatterene|7/100
|move|p2a: Hatterene|Trick Room|p2a: Hatterene
|-fieldstart|move: Trick Room|[of] p2a: Hatterene
|
|upkeep
|turn|9
|
|switch|p1a: Corviknight|Corviknight, M|100/100
|-ability|p1a: Corviknight|Pressure
|move|p2a: Hatterene|Psychic|p1a: Corviknight
|-resisted|p1a: Corviknight
|-damage|p1a: Corviknight|82/100
|
|-heal|p1a: Corviknight|88/100|[from] item: Leftovers
|upkeep
|turn|10
|
|move|p2a: Hatterene|Mystical Fire|p1a: Corviknight
|-supereffective|p1a: Corviknight
|-damage|p1a: Corviknight|46/100
|-unboost|p1a: Corviknight|spa|1
|move|p1a: Corviknight|Roost|p1a: Corviknight
|-heal|p1a: Corviknight|96/100
|-singleturn|p1a: Corviknight|move: Roost
|
|-heal|p1a: Corviknight|100/100|[from] item: Leftovers
|upkeep
|turn|11
|
|move|p2a: Hatterene|Mystical Fire|p1a: Corviknight
|-supereffective|p1a: Corviknight
|-damage|p1a: Corviknight|57/100
|-unboost|p1a: Corviknight|spa|1
|move|p1a: Corviknight|Roost|p1a: Corviknight
|-heal|p1a: Corviknight|100/100
|-singleturn|p1a: Corviknight|move: Roost
|
|upkeep
|turn|12
|
|move|p2a: Hatterene|Mystical Fire|p1a: Corviknight
|-supereffective|p1a: Corviknight
|-damage|p1a: Corviknight|61/100
|-unboost|p1a: Corviknight|spa|1
|move|p1a: Corviknight|Roost|p1a: Corviknight
|-heal|p1a: Corviknight|100/100
|-singleturn|p1a: Corviknight|move: Roost
|
|-fieldend|move: Trick Room
|upkeep
|turn|13
|
|move|p1a: Corviknight|U-turn|p2a: Hatterene
|-damage|p2a: Hatterene|0 fnt
|faint|p2a: Hatterene
|
|switch|p1a: Cinderace|Cinderace, M|84/100|[from]move: U-turn
|
|upkeep
|
|switch|p2a: Darmanitan|Darmanitan-Galar, M|100/100
|turn|14
|
|move|p2a: Darmanitan|U-turn|p1a: Cinderace
|-resisted|p1a: Cinderace
|-damage|p1a: Cinderace|56/100
|
|switch|p2a: Cinderace|Cinderace, M|7/100|[from]move: U-turn
|move|p1a: Cinderace|Pyro Ball|p2a: Cinderace
|-resisted|p2a: Cinderace
|-damage|p2a: Cinderace|0 fnt
|faint|p2a: Cinderace
|
|upkeep
|inactive|Rheinmetal has 120 seconds left.
|
|switch|p2a: Darmanitan|Darmanitan-Galar, M|100/100
|turn|15
|
|switch|p1a: Corviknight|Corviknight, M|100/100
|-ability|p1a: Corviknight|Pressure
|move|p2a: Darmanitan|Earthquake|p1a: Corviknight
|-immune|p1a: Corviknight
|
|upkeep
|turn|16
|
|-start|p2a: Darmanitan|Dynamax
|-heal|p2a: Darmanitan|100/100|[silent]
|move|p2a: Darmanitan|Max Flare|p1a: Corviknight
|-supereffective|p1a: Corviknight
|-damage|p1a: Corviknight|14/100
|-weather|SunnyDay
|move|p1a: Corviknight|U-turn|p2a: Darmanitan
|-damage|p2a: Darmanitan|89/100
|
|switch|p1a: Cinderace|Cinderace, M|56/100|[from]move: U-turn
|
|-weather|SunnyDay|[upkeep]
|upkeep
|turn|17
|
|move|p1a: Cinderace|Pyro Ball|p2a: Darmanitan
|-supereffective|p2a: Darmanitan
|-damage|p2a: Darmanitan|0 fnt
|faint|p2a: Darmanitan
|
|-weather|SunnyDay|[upkeep]
|upkeep
|
|switch|p2a: Avalugg|Avalugg, M|100/100
|turn|18
|
|-start|p1a: Cinderace|Dynamax
|-heal|p1a: Cinderace|56/100|[silent]
|move|p1a: Cinderace|Max Flare|p2a: Avalugg
|-supereffective|p2a: Avalugg
|-damage|p2a: Avalugg|15/100
|move|p2a: Avalugg|Body Press|p1a: Cinderace
|-crit|p1a: Cinderace
|-damage|p1a: Cinderace|14/100
|
|-weather|SunnyDay|[upkeep]
|upkeep
|turn|19
|-message|Rheinmetal forfeited.
|
|win|The Stoned Unicorn
|l|☆Rheinmetal
