|j|☆Kikoobuster
|j|☆dmac99
|t:|1664027127
|gametype|singles
|player|p1|Kikoobuster|170|1538
|player|p2|dmac99|veteran|1519
|teamsize|p1|6
|teamsize|p2|6
|gen|8
|tier|[Gen 8] OU
|rated|
|rule|Sleep Clause Mod: Limit one foe put to sleep
|rule|Species Clause: Limit one of each Pokémon
|rule|OHKO Clause: OHKO moves are banned
|rule|Evasion Items Clause: Evasion items are banned
|rule|Evasion Moves Clause: Evasion moves are banned
|rule|Endless Battle Clause: Forcing endless battles is banned
|rule|HP Percentage Mod: HP is shown in percentages
|rule|Dynamax Clause: You cannot dynamax
|clearpoke
|poke|p1|Lycanroc-Dusk, F|
|poke|p1|Excadrill, M|
|poke|p1|Hawlucha, M|
|poke|p1|Azumarill, M|
|poke|p1|Zeraora|
|poke|p1|Rillaboom, M|
|poke|p2|Gallade, M|
|poke|p2|Dragapult, M|
|poke|p2|Mandibuzz, F|
|poke|p2|Ferrothorn, F|
|poke|p2|Rotom-Heat|
|poke|p2|Quagsire, M|
|teampreview
|inactive|Battle timer is ON: inactive players will automatically lose when time's up. (requested by Kikoobuster)
|
|t:|1664027133
|start
|switch|p1a: Lycanroc|Lycanroc-Dusk, F|100/100
|switch|p2a: Gallade|Gallade, M|100/100
|turn|1
|
|t:|1664027138
|move|p2a: Gallade|Close Combat|p1a: Lycanroc
|-supereffective|p1a: Lycanroc
|-enditem|p1a: Lycanroc|Focus Sash
|-damage|p1a: Lycanroc|1/100
|-unboost|p2a: Gallade|def|1
|-unboost|p2a: Gallade|spd|1
|move|p1a: Lycanroc|Stealth Rock|p2a: Gallade
|-sidestart|p2: dmac99|move: Stealth Rock
|
|upkeep
|turn|2
|
|t:|1664027165
|switch|p2a: Ferrothorn|Ferrothorn, F|100/100
|-damage|p2a: Ferrothorn|94/100|[from] Stealth Rock
|switch|p1a: Zeraora|Zeraora|100/100
|
|-heal|p2a: Ferrothorn|100/100|[from] item: Leftovers
|upkeep
|turn|3
|
|t:|1664027171
|switch|p2a: Quagsire|Quagsire, M|100/100
|-damage|p2a: Quagsire|94/100|[from] Stealth Rock
|move|p1a: Zeraora|Taunt|p2a: Quagsire
|-start|p2a: Quagsire|move: Taunt
|
|-heal|p2a: Quagsire|100/100|[from] item: Leftovers
|upkeep
|turn|4
|
|t:|1664027179
|switch|p1a: Rillaboom|Rillaboom, M|100/100
|-fieldstart|move: Grassy Terrain|[from] ability: Grassy Surge|[of] p1a: Rillaboom
|move|p2a: Quagsire|Scald|p1a: Rillaboom
|-resisted|p1a: Rillaboom
|-damage|p1a: Rillaboom|87/100
|
|-heal|p1a: Rillaboom|93/100|[from] Grassy Terrain
|upkeep
|turn|5
|
|t:|1664027187
|switch|p2a: Ferrothorn|Ferrothorn, F|100/100
|-damage|p2a: Ferrothorn|94/100|[from] Stealth Rock
|move|p1a: Rillaboom|U-turn|p2a: Ferrothorn
|-crit|p2a: Ferrothorn
|-damage|p2a: Ferrothorn|64/100
|-damage|p1a: Rillaboom|81/100|[from] ability: Iron Barbs|[of] p2a: Ferrothorn
|
|t:|1664027197
|switch|p1a: Hawlucha|Hawlucha, M|100/100|[from]move: U-turn
|-enditem|p1a: Hawlucha|Grassy Seed
|-boost|p1a: Hawlucha|def|1|[from] item: Grassy Seed
|
|-heal|p2a: Ferrothorn|71/100|[from] Grassy Terrain
|-heal|p2a: Ferrothorn|77/100|[from] item: Leftovers
|upkeep
|turn|6
|
|t:|1664027200
|move|p1a: Hawlucha|Taunt|p2a: Ferrothorn
|-start|p2a: Ferrothorn|move: Taunt
|cant|p2a: Ferrothorn|move: Taunt|Leech Seed
|
|-heal|p2a: Ferrothorn|83/100|[from] Grassy Terrain
|-heal|p2a: Ferrothorn|89/100|[from] item: Leftovers
|upkeep
|turn|7
|
|t:|1664027214
|switch|p2a: Mandibuzz|Mandibuzz, F|100/100
|move|p1a: Hawlucha|Swords Dance|p1a: Hawlucha
|-boost|p1a: Hawlucha|atk|2
|
|upkeep
|turn|8
|
|t:|1664027219
|move|p1a: Hawlucha|Acrobatics|p2a: Mandibuzz
|-damage|p2a: Mandibuzz|34/100
|move|p2a: Mandibuzz|Foul Play|p1a: Hawlucha
|-resisted|p1a: Hawlucha
|-damage|p1a: Hawlucha|61/100
|
|-fieldend|move: Grassy Terrain
|upkeep
|turn|9
|
|t:|1664027225
|move|p1a: Hawlucha|Close Combat|p2a: Mandibuzz
|-damage|p2a: Mandibuzz|0 fnt
|-unboost|p1a: Hawlucha|def|1
|-unboost|p1a: Hawlucha|spd|1
|faint|p2a: Mandibuzz
|
|upkeep
|
|t:|1664027227
|switch|p2a: Quagsire|Quagsire, M|100/100
|-damage|p2a: Quagsire|94/100|[from] Stealth Rock
|turn|10
|
|t:|1664027239
|move|p1a: Hawlucha|Close Combat|p2a: Quagsire
|-damage|p2a: Quagsire|55/100
|-unboost|p1a: Hawlucha|def|1
|-unboost|p1a: Hawlucha|spd|1
|move|p2a: Quagsire|Scald|p1a: Hawlucha
|-damage|p1a: Hawlucha|31/100
|-status|p1a: Hawlucha|brn
|
|-heal|p2a: Quagsire|61/100|[from] item: Leftovers
|-damage|p1a: Hawlucha|25/100 brn|[from] brn
|upkeep
|turn|11
|
|t:|1664027243
|move|p1a: Hawlucha|Taunt|p2a: Quagsire
|-start|p2a: Quagsire|move: Taunt
|cant|p2a: Quagsire|move: Taunt|Recover
|
|-heal|p2a: Quagsire|68/100|[from] item: Leftovers
|-damage|p1a: Hawlucha|19/100 brn|[from] brn
|upkeep
|turn|12
|
|t:|1664027248
|move|p1a: Hawlucha|Close Combat|p2a: Quagsire
|-crit|p2a: Quagsire
|-damage|p2a: Quagsire|41/100
|-unboost|p1a: Hawlucha|def|1
|-unboost|p1a: Hawlucha|spd|1
|move|p2a: Quagsire|Scald|p1a: Hawlucha
|-damage|p1a: Hawlucha|0 fnt
|faint|p1a: Hawlucha
|
|-heal|p2a: Quagsire|47/100|[from] item: Leftovers
|upkeep
|
|t:|1664027259
|switch|p1a: Rillaboom|Rillaboom, M|81/100
|-fieldstart|move: Grassy Terrain|[from] ability: Grassy Surge|[of] p1a: Rillaboom
|turn|13
|
|t:|1664027265
|switch|p2a: Rotom|Rotom-Heat|100/100
|move|p1a: Rillaboom|U-turn|p2a: Rotom
|-resisted|p2a: Rotom
|-damage|p2a: Rotom|75/100
|
|t:|1664027275
|switch|p1a: Excadrill|Excadrill, M|100/100|[from]move: U-turn
|-ability|p1a: Excadrill|Mold Breaker
|
|upkeep
|turn|14
|
|t:|1664027280
|switch|p2a: Ferrothorn|Ferrothorn, F|89/100
|-damage|p2a: Ferrothorn|83/100|[from] Stealth Rock
|move|p1a: Excadrill|Earthquake|p2a: Ferrothorn
|-damage|p2a: Ferrothorn|67/100
|
|-heal|p2a: Ferrothorn|73/100|[from] Grassy Terrain
|-heal|p2a: Ferrothorn|79/100|[from] item: Leftovers
|upkeep
|turn|15
|
|t:|1664027284
|switch|p1a: Lycanroc|Lycanroc-Dusk, F|1/100
|move|p2a: Ferrothorn|Leech Seed|p1a: Lycanroc
|-start|p1a: Lycanroc|move: Leech Seed
|
|-heal|p1a: Lycanroc|7/100|[from] Grassy Terrain
|-heal|p2a: Ferrothorn|86/100|[from] Grassy Terrain
|-heal|p2a: Ferrothorn|92/100|[from] item: Leftovers
|-damage|p1a: Lycanroc|0 fnt|[from] Leech Seed|[of] p2a: Ferrothorn
|-heal|p2a: Ferrothorn|97/100|[silent]
|faint|p1a: Lycanroc
|upkeep
|
|t:|1664027288
|switch|p1a: Zeraora|Zeraora|100/100
|turn|16
|
|t:|1664027292
|move|p1a: Zeraora|Close Combat|p2a: Ferrothorn
|-supereffective|p2a: Ferrothorn
|-damage|p2a: Ferrothorn|51/100
|-unboost|p1a: Zeraora|def|1
|-unboost|p1a: Zeraora|spd|1
|-damage|p1a: Zeraora|88/100|[from] ability: Iron Barbs|[of] p2a: Ferrothorn
|move|p2a: Ferrothorn|Leech Seed|p1a: Zeraora
|-start|p1a: Zeraora|move: Leech Seed
|
|-heal|p1a: Zeraora|94/100|[from] Grassy Terrain
|-heal|p1a: Zeraora|99/100|[from] item: Leftovers
|-heal|p2a: Ferrothorn|57/100|[from] Grassy Terrain
|-heal|p2a: Ferrothorn|63/100|[from] item: Leftovers
|-damage|p1a: Zeraora|88/100|[from] Leech Seed|[of] p2a: Ferrothorn
|-heal|p2a: Ferrothorn|74/100|[silent]
|upkeep
|turn|17
|
|t:|1664027310
|switch|p1a: Rillaboom|Rillaboom, M|81/100
|switch|p2a: Quagsire|Quagsire, M|47/100
|-damage|p2a: Quagsire|41/100|[from] Stealth Rock
|
|-heal|p1a: Rillaboom|87/100|[from] Grassy Terrain
|-heal|p2a: Quagsire|47/100|[from] Grassy Terrain
|-heal|p2a: Quagsire|53/100|[from] item: Leftovers
|-fieldend|move: Grassy Terrain
|upkeep
|turn|18
|
|t:|1664027319
|move|p1a: Rillaboom|Knock Off|p2a: Quagsire
|-damage|p2a: Quagsire|20/100
|-enditem|p2a: Quagsire|Leftovers|[from] move: Knock Off|[of] p1a: Rillaboom
|move|p2a: Quagsire|Toxic|p1a: Rillaboom
|-status|p1a: Rillaboom|tox
|
|-damage|p1a: Rillaboom|81/100 tox|[from] psn
|upkeep
|turn|19
|
|t:|1664027333
|switch|p1a: Zeraora|Zeraora|88/100
|move|p2a: Quagsire|Recover|p2a: Quagsire
|-heal|p2a: Quagsire|70/100
|
|-heal|p1a: Zeraora|94/100|[from] item: Leftovers
|upkeep
|turn|20
|
|t:|1664027338
|move|p1a: Zeraora|Taunt|p2a: Quagsire
|-start|p2a: Quagsire|move: Taunt
|cant|p2a: Quagsire|move: Taunt|Toxic
|
|-heal|p1a: Zeraora|99/100|[from] item: Leftovers
|upkeep
|turn|21
|
|t:|1664027341
|switch|p1a: Rillaboom|Rillaboom, M|81/100 tox
|-fieldstart|move: Grassy Terrain|[from] ability: Grassy Surge|[of] p1a: Rillaboom
|move|p2a: Quagsire|Scald|p1a: Rillaboom
|-resisted|p1a: Rillaboom
|-damage|p1a: Rillaboom|69/100 tox
|
|-heal|p1a: Rillaboom|75/100 tox|[from] Grassy Terrain
|-heal|p2a: Quagsire|76/100|[from] Grassy Terrain
|-damage|p1a: Rillaboom|69/100 tox|[from] psn
|upkeep
|turn|22
|
|t:|1664027351
|move|p1a: Rillaboom|Knock Off|p2a: Quagsire
|-damage|p2a: Quagsire|54/100
|move|p2a: Quagsire|Scald|p1a: Rillaboom
|-resisted|p1a: Rillaboom
|-damage|p1a: Rillaboom|55/100 tox
|
|-heal|p1a: Rillaboom|61/100 tox|[from] Grassy Terrain
|-heal|p2a: Quagsire|60/100|[from] Grassy Terrain
|-damage|p1a: Rillaboom|49/100 tox|[from] psn
|-end|p2a: Quagsire|move: Taunt
|upkeep
|turn|23
|
|t:|1664027357
|switch|p1a: Excadrill|Excadrill, M|100/100
|-ability|p1a: Excadrill|Mold Breaker
|move|p2a: Quagsire|Toxic|p1a: Excadrill
|-immune|p1a: Excadrill
|
|-heal|p2a: Quagsire|66/100|[from] Grassy Terrain
|upkeep
|turn|24
|
|t:|1664027374
|move|p1a: Excadrill|Iron Head|p2a: Quagsire
|-resisted|p2a: Quagsire
|-damage|p2a: Quagsire|51/100
|cant|p2a: Quagsire|flinch
|
|-heal|p2a: Quagsire|57/100|[from] Grassy Terrain
|upkeep
|turn|25
|
|t:|1664027378
|move|p1a: Excadrill|Iron Head|p2a: Quagsire
|-resisted|p2a: Quagsire
|-damage|p2a: Quagsire|42/100
|move|p2a: Quagsire|Recover|p2a: Quagsire
|-heal|p2a: Quagsire|92/100
|
|-heal|p2a: Quagsire|98/100|[from] Grassy Terrain
|-fieldend|move: Grassy Terrain
|upkeep
|turn|26
|
|t:|1664027382
|switch|p1a: Rillaboom|Rillaboom, M|49/100 tox
|-fieldstart|move: Grassy Terrain|[from] ability: Grassy Surge|[of] p1a: Rillaboom
|move|p2a: Quagsire|Scald|p1a: Rillaboom
|-resisted|p1a: Rillaboom
|-damage|p1a: Rillaboom|36/100 tox
|
|-heal|p1a: Rillaboom|42/100 tox|[from] Grassy Terrain
|-heal|p2a: Quagsire|100/100|[from] Grassy Terrain
|-damage|p1a: Rillaboom|36/100 tox|[from] psn
|upkeep
|turn|27
|
|t:|1664027388
|switch|p2a: Ferrothorn|Ferrothorn, F|74/100
|-damage|p2a: Ferrothorn|68/100|[from] Stealth Rock
|move|p1a: Rillaboom|Grassy Glide|p2a: Ferrothorn
|-resisted|p2a: Ferrothorn
|-damage|p2a: Ferrothorn|58/100
|-damage|p1a: Rillaboom|24/100 tox|[from] ability: Iron Barbs|[of] p2a: Ferrothorn
|
|-heal|p1a: Rillaboom|30/100 tox|[from] Grassy Terrain
|-heal|p2a: Ferrothorn|64/100|[from] Grassy Terrain
|-heal|p2a: Ferrothorn|70/100|[from] item: Leftovers
|-damage|p1a: Rillaboom|18/100 tox|[from] psn
|upkeep
|turn|28
|
|t:|1664027395
|switch|p1a: Zeraora|Zeraora|99/100
|switch|p2a: Quagsire|Quagsire, M|100/100
|-damage|p2a: Quagsire|94/100|[from] Stealth Rock
|
|-heal|p1a: Zeraora|100/100|[from] Grassy Terrain
|-heal|p2a: Quagsire|100/100|[from] Grassy Terrain
|upkeep
|turn|29
|
|t:|1664027399
|switch|p1a: Rillaboom|Rillaboom, M|18/100 tox
|move|p2a: Quagsire|Scald|p1a: Rillaboom
|-resisted|p1a: Rillaboom
|-damage|p1a: Rillaboom|4/100 tox
|
|-heal|p1a: Rillaboom|10/100 tox|[from] Grassy Terrain
|-damage|p1a: Rillaboom|4/100 tox|[from] psn
|upkeep
|turn|30
|
|t:|1664027403
|move|p1a: Rillaboom|Knock Off|p2a: Quagsire
|-damage|p2a: Quagsire|79/100
|move|p2a: Quagsire|Scald|p1a: Rillaboom
|-resisted|p1a: Rillaboom
|-damage|p1a: Rillaboom|0 fnt
|faint|p1a: Rillaboom
|
|-heal|p2a: Quagsire|85/100|[from] Grassy Terrain
|-fieldend|move: Grassy Terrain
|upkeep
|c|☆Kikoobuster|wow
|c|☆Kikoobuster|wp
|c|☆dmac99|ty ty
|inactive|Kikoobuster has 120 seconds left.
|
|t:|1664027440
|switch|p1a: Excadrill|Excadrill, M|100/100
|-ability|p1a: Excadrill|Mold Breaker
|turn|31
|
|t:|1664027442
|move|p1a: Excadrill|Earthquake|p2a: Quagsire
|-damage|p2a: Quagsire|48/100
|move|p2a: Quagsire|Scald|p1a: Excadrill
|-supereffective|p1a: Excadrill
|-damage|p1a: Excadrill|53/100
|
|upkeep
|turn|32
|inactive|Kikoobuster has 120 seconds left.
|
|t:|1664027469
|move|p1a: Excadrill|Iron Head|p2a: Quagsire
|-resisted|p2a: Quagsire
|-damage|p2a: Quagsire|34/100
|move|p2a: Quagsire|Recover|p2a: Quagsire
|-heal|p2a: Quagsire|84/100
|
|upkeep
|turn|33
|
|t:|1664027473
|move|p1a: Excadrill|Earthquake|p2a: Quagsire
|-damage|p2a: Quagsire|47/100
|move|p2a: Quagsire|Scald|p1a: Excadrill
|-supereffective|p1a: Excadrill
|-damage|p1a: Excadrill|6/100
|
|upkeep
|turn|34
|
|t:|1664027479
|move|p1a: Excadrill|Iron Head|p2a: Quagsire
|-resisted|p2a: Quagsire
|-damage|p2a: Quagsire|33/100
|cant|p2a: Quagsire|flinch
|
|upkeep
|turn|35
|
|t:|1664027483
|switch|p2a: Rotom|Rotom-Heat|75/100
|move|p1a: Excadrill|Earthquake|p2a: Rotom
|-supereffective|p2a: Rotom
|-damage|p2a: Rotom|0 fnt
|faint|p2a: Rotom
|
|upkeep
|
|t:|1664027488
|switch|p2a: Dragapult|Dragapult, M|100/100
|-damage|p2a: Dragapult|88/100|[from] Stealth Rock
|turn|36
|
|t:|1664027511
|move|p2a: Dragapult|Shadow Ball|p1a: Excadrill
|-damage|p1a: Excadrill|0 fnt
|faint|p1a: Excadrill
|
|upkeep
|
|t:|1664027512
|switch|p1a: Zeraora|Zeraora|100/100
|turn|37
|
|t:|1664027515
|switch|p2a: Quagsire|Quagsire, M|33/100
|-damage|p2a: Quagsire|27/100|[from] Stealth Rock
|move|p1a: Zeraora|Play Rough|p2a: Quagsire
|-damage|p2a: Quagsire|9/100
|
|upkeep
|turn|38
|
|t:|1664027519
|move|p1a: Zeraora|Close Combat|p2a: Quagsire
|-damage|p2a: Quagsire|0 fnt
|-unboost|p1a: Zeraora|def|1
|-unboost|p1a: Zeraora|spd|1
|faint|p2a: Quagsire
|
|upkeep
|
|t:|1664027523
|switch|p2a: Gallade|Gallade, M|100/100
|-damage|p2a: Gallade|94/100|[from] Stealth Rock
|turn|39
|
|t:|1664027531
|move|p2a: Gallade|Leaf Blade|p1a: Zeraora
|-damage|p1a: Zeraora|42/100
|move|p1a: Zeraora|Plasma Fists|p2a: Gallade
|-damage|p2a: Gallade|12/100
|-fieldactivate|move: Ion Deluge
|-hint|Normal-type moves become Electric-type after using Plasma Fists.
|
|-heal|p1a: Zeraora|48/100|[from] item: Leftovers
|upkeep
|turn|40
|
|t:|1664027535
|move|p2a: Gallade|Leaf Blade|p1a: Zeraora
|-damage|p1a: Zeraora|0 fnt
|faint|p1a: Zeraora
|
|upkeep
|
|t:|1664027537
|switch|p1a: Azumarill|Azumarill, M|100/100
|turn|41
|
|t:|1664027538
|move|p1a: Azumarill|Aqua Jet|p2a: Gallade
|-damage|p2a: Gallade|0 fnt
|faint|p2a: Gallade
|
|upkeep
|
|t:|1664027541
|switch|p2a: Ferrothorn|Ferrothorn, F|70/100
|-damage|p2a: Ferrothorn|64/100|[from] Stealth Rock
|turn|42
|
|t:|1664027545
|move|p1a: Azumarill|Belly Drum|p1a: Azumarill
|-damage|p1a: Azumarill|50/100
|-setboost|p1a: Azumarill|atk|6|[from] move: Belly Drum
|-enditem|p1a: Azumarill|Sitrus Berry|[eat]
|-heal|p1a: Azumarill|75/100|[from] item: Sitrus Berry
|move|p2a: Ferrothorn|Leech Seed|p1a: Azumarill
|-start|p1a: Azumarill|move: Leech Seed
|
|-heal|p2a: Ferrothorn|70/100|[from] item: Leftovers
|-damage|p1a: Azumarill|63/100|[from] Leech Seed|[of] p2a: Ferrothorn
|-heal|p2a: Ferrothorn|82/100|[silent]
|upkeep
|turn|43
|
|t:|1664027548
|move|p1a: Azumarill|Knock Off|p2a: Ferrothorn
|-damage|p2a: Ferrothorn|0 fnt
|-damage|p1a: Azumarill|51/100|[from] ability: Iron Barbs|[of] p2a: Ferrothorn
|-enditem|p2a: Ferrothorn|Leftovers|[from] move: Knock Off|[of] p1a: Azumarill
|faint|p2a: Ferrothorn
|
|upkeep
|
|t:|1664027550
|switch|p2a: Dragapult|Dragapult, M|88/100
|-damage|p2a: Dragapult|76/100|[from] Stealth Rock
|turn|44
|
|t:|1664027553
|move|p1a: Azumarill|Aqua Jet|p2a: Dragapult
|-resisted|p2a: Dragapult
|-damage|p2a: Dragapult|5/100
|move|p2a: Dragapult|Shadow Ball|p1a: Azumarill
|-damage|p1a: Azumarill|0 fnt
|faint|p1a: Azumarill
|
|win|dmac99
|raw|Kikoobuster's rating: 1517 &rarr; <strong>1497</strong><br />(-20 for losing)
|raw|dmac99's rating: 1519 &rarr; <strong>1539</strong><br />(+20 for winning)
|c|☆Kikoobuster|gg
|c|☆dmac99|gg
|l|☆dmac99
||Ladder isn't responding, score probably updated but might not have (Request timeout).
