|j|☆Starbitstorm
|j|‽BLOODCLAT
|t:|1667159292
|gametype|singles
|player|p1|Starbitstorm|clown|
|player|p2|BLOODCLAT|hoopster|
|teamsize|p1|6
|teamsize|p2|6
|gen|8
|tier|[Gen 8] OU
|rule|Sleep Clause Mod: Limit one foe put to sleep
|rule|Species Clause: Limit one of each Pokémon
|rule|OHKO Clause: OHKO moves are banned
|rule|Evasion Items Clause: Evasion items are banned
|rule|Evasion Moves Clause: Evasion moves are banned
|rule|Endless Battle Clause: Forcing endless battles is banned
|rule|HP Percentage Mod: HP is shown in percentages
|rule|Dynamax Clause: You cannot dynamax
|clearpoke
|poke|p1|Tapu Fini|
|poke|p1|Dragonite, F|
|poke|p1|Mew|
|poke|p1|Magnezone|
|poke|p1|Weavile, M|
|poke|p1|Landorus-Therian, M|
|poke|p2|Clefable, M|
|poke|p2|Tyranitar, M|
|poke|p2|Rotom-Wash|
|poke|p2|Excadrill, F|
|poke|p2|Tornadus-Therian, M|
|poke|p2|Ferrothorn, M|
|teampreview
|j| TheSergio235
|j| marsandback
|c| TheSergio235|gl
|j| TheDarkSwirl
|
|t:|1667159452
|start
|switch|p1a: Landorus|Landorus-Therian, M|100/100
|switch|p2a: Tornadus|Tornadus-Therian, M|100/100
|-ability|p1a: Landorus|Intimidate|boost
|-unboost|p2a: Tornadus|atk|1
|turn|1
|
|t:|1667159484
|move|p2a: Tornadus|Taunt|p1a: Landorus
|-start|p1a: Landorus|move: Taunt
|cant|p1a: Landorus|move: Taunt|Toxic
|
|upkeep
|turn|2
|
|t:|1667159493
|move|p2a: Tornadus|Knock Off|p1a: Landorus
|-damage|p1a: Landorus|88/100
|-enditem|p1a: Landorus|Leftovers|[from] move: Knock Off|[of] p2a: Tornadus
|move|p1a: Landorus|U-turn|p2a: Tornadus
|-resisted|p2a: Tornadus
|-damage|p2a: Tornadus|88/100
|
|t:|1667159498
|switch|p1a: Weavile|Weavile, M|100/100|[from]move: U-turn
|-ability|p1a: Weavile|Pressure
|
|upkeep
|turn|3
|
|t:|1667159519
|switch|p2a: Ferrothorn|Ferrothorn, M|100/100
|move|p1a: Weavile|Triple Axel|p2a: Ferrothorn
|-damage|p2a: Ferrothorn|93/100
|-damage|p1a: Weavile|88/100|[from] ability: Iron Barbs|[of] p2a: Ferrothorn
|-damage|p1a: Weavile|72/100|[from] item: Rocky Helmet|[of] p2a: Ferrothorn
|-damage|p2a: Ferrothorn|79/100
|-damage|p1a: Weavile|59/100|[from] ability: Iron Barbs|[of] p2a: Ferrothorn
|-damage|p1a: Weavile|43/100|[from] item: Rocky Helmet|[of] p2a: Ferrothorn
|-damage|p2a: Ferrothorn|56/100
|-damage|p1a: Weavile|30/100|[from] ability: Iron Barbs|[of] p2a: Ferrothorn
|-damage|p1a: Weavile|14/100|[from] item: Rocky Helmet|[of] p2a: Ferrothorn
|-hitcount|p2a: Ferrothorn|3
|
|upkeep
|turn|4
|
|t:|1667159577
|switch|p1a: Magnezone|Magnezone|100/100
|switch|p2a: Clefable|Clefable, M|100/100
|
|upkeep
|turn|5
|
|t:|1667159593
|switch|p2a: Rotom|Rotom-Wash|100/100
|move|p1a: Magnezone|Flash Cannon|p2a: Rotom
|-resisted|p2a: Rotom
|-damage|p2a: Rotom|92/100
|
|-heal|p2a: Rotom|98/100|[from] item: Leftovers
|upkeep
|turn|6
|
|t:|1667159621
|move|p2a: Rotom|Hydro Pump|p1a: Magnezone
|-damage|p1a: Magnezone|54/100
|move|p1a: Magnezone|Body Press|p2a: Rotom
|-damage|p2a: Rotom|74/100
|
|-heal|p2a: Rotom|80/100|[from] item: Leftovers
|upkeep
|turn|7
|j| CodenameUg
|j| Dokkodo
|
|t:|1667159690
|switch|p1a: Dragonite|Dragonite, F|100/100
|move|p2a: Rotom|Will-O-Wisp|p1a: Dragonite
|-status|p1a: Dragonite|brn
|
|-heal|p2a: Rotom|87/100|[from] item: Leftovers
|-damage|p1a: Dragonite|94/100 brn|[from] brn
|upkeep
|turn|8
|l| TheSergio235
|
|t:|1667159700
|move|p1a: Dragonite|Dual Wingbeat|p2a: Rotom|[miss]
|-miss|p1a: Dragonite|p2a: Rotom
|move|p2a: Rotom|Volt Switch|p1a: Dragonite
|-damage|p1a: Dragonite|66/100 brn
|
|t:|1667159703
|switch|p2a: Tyranitar|Tyranitar, M|100/100|[from]move: Volt Switch
|-weather|Sandstorm|[from] ability: Sand Stream|[of] p2a: Tyranitar
|
|-weather|Sandstorm|[upkeep]
|-damage|p1a: Dragonite|60/100 brn|[from] Sandstorm
|-damage|p1a: Dragonite|54/100 brn|[from] brn
|upkeep
|turn|9
|
|t:|1667159725
|move|p1a: Dragonite|Earthquake|p2a: Tyranitar
|-supereffective|p2a: Tyranitar
|-damage|p2a: Tyranitar|69/100
|move|p2a: Tyranitar|Stealth Rock|p1a: Dragonite
|-sidestart|p1: Starbitstorm|move: Stealth Rock
|
|-weather|Sandstorm|[upkeep]
|-damage|p1a: Dragonite|48/100 brn|[from] Sandstorm
|-heal|p2a: Tyranitar|75/100|[from] item: Leftovers
|-damage|p1a: Dragonite|41/100 brn|[from] brn
|upkeep
|turn|10
|inactive|Battle timer is ON: inactive players will automatically lose when time's up. (requested by BLOODCLAT)
|
|t:|1667159733
|switch|p1a: Landorus|Landorus-Therian, M|88/100
|-damage|p1a: Landorus|76/100|[from] Stealth Rock
|-ability|p1a: Landorus|Intimidate|boost
|-unboost|p2a: Tyranitar|atk|1
|switch|p2a: Tornadus|Tornadus-Therian, M|100/100
|
|-weather|Sandstorm|[upkeep]
|-damage|p2a: Tornadus|94/100|[from] Sandstorm
|upkeep
|turn|11
|
|t:|1667159737
|move|p2a: Tornadus|Hurricane|p1a: Landorus
|-damage|p1a: Landorus|43/100
|move|p1a: Landorus|U-turn|p2a: Tornadus
|-resisted|p2a: Tornadus
|-damage|p2a: Tornadus|83/100
|j| TheSergio235
|
|t:|1667159744
|switch|p1a: Weavile|Weavile, M|14/100|[from]move: U-turn
|-ability|p1a: Weavile|Pressure
|
|-weather|Sandstorm|[upkeep]
|-damage|p1a: Weavile|8/100|[from] Sandstorm
|-damage|p2a: Tornadus|77/100|[from] Sandstorm
|upkeep
|turn|12
|
|t:|1667159752
|switch|p1a: Magnezone|Magnezone|54/100
|-damage|p1a: Magnezone|48/100|[from] Stealth Rock
|switch|p2a: Clefable|Clefable, M|100/100
|
|-weather|none
|upkeep
|turn|13
|
|t:|1667159756
|switch|p2a: Rotom|Rotom-Wash|87/100
|move|p1a: Magnezone|Thunderbolt|p2a: Rotom
|-damage|p2a: Rotom|47/100
|
|-heal|p2a: Rotom|53/100|[from] item: Leftovers
|upkeep
|turn|14
|
|t:|1667159774
|switch|p1a: Dragonite|Dragonite, F|41/100 brn
|move|p2a: Rotom|Hydro Pump|p1a: Dragonite
|-resisted|p1a: Dragonite
|-damage|p1a: Dragonite|21/100 brn
|
|-heal|p2a: Rotom|59/100|[from] item: Leftovers
|-damage|p1a: Dragonite|14/100 brn|[from] brn
|upkeep
|turn|15
|l| TheSergio235
|
|t:|1667159778
|move|p1a: Dragonite|Dual Wingbeat|p2a: Rotom
|-resisted|p2a: Rotom
|-damage|p2a: Rotom|55/100
|-resisted|p2a: Rotom
|-damage|p2a: Rotom|50/100
|-hitcount|p2a: Rotom|2
|move|p2a: Rotom|Volt Switch|p1a: Dragonite
|-damage|p1a: Dragonite|0 fnt
|faint|p1a: Dragonite
|
|t:|1667159789
|switch|p2a: Tyranitar|Tyranitar, M|75/100|[from]move: Volt Switch
|-weather|Sandstorm|[from] ability: Sand Stream|[of] p2a: Tyranitar
|
|-weather|Sandstorm|[upkeep]
|-heal|p2a: Tyranitar|81/100|[from] item: Leftovers
|upkeep
|
|t:|1667159798
|switch|p1a: Tapu Fini|Tapu Fini|100/100
|-damage|p1a: Tapu Fini|88/100|[from] Stealth Rock
|-fieldstart|move: Misty Terrain|[from] ability: Misty Surge|[of] p1a: Tapu Fini
|turn|16
|
|t:|1667159802
|switch|p2a: Tornadus|Tornadus-Therian, M|100/100
|move|p1a: Tapu Fini|Whirlpool|p2a: Tornadus
|-damage|p2a: Tornadus|89/100
|-activate|p2a: Tornadus|move: Whirlpool|[of] p1a: Tapu Fini
|
|-weather|Sandstorm|[upkeep]
|-damage|p2a: Tornadus|83/100|[from] Sandstorm
|-damage|p1a: Tapu Fini|82/100|[from] Sandstorm
|-heal|p1a: Tapu Fini|88/100|[from] item: Leftovers
|-damage|p2a: Tornadus|71/100|[from] move: Whirlpool|[partiallytrapped]
|upkeep
|turn|17
|j| TheSergio235
|
|t:|1667159825
|move|p2a: Tornadus|Knock Off|p1a: Tapu Fini
|-resisted|p1a: Tapu Fini
|-damage|p1a: Tapu Fini|81/100
|-enditem|p1a: Tapu Fini|Leftovers|[from] move: Knock Off|[of] p2a: Tornadus
|move|p1a: Tapu Fini|Whirlpool|p2a: Tornadus
|-damage|p2a: Tornadus|59/100
|
|-weather|Sandstorm|[upkeep]
|-damage|p2a: Tornadus|53/100|[from] Sandstorm
|-damage|p1a: Tapu Fini|75/100|[from] Sandstorm
|-damage|p2a: Tornadus|41/100|[from] move: Whirlpool|[partiallytrapped]
|upkeep
|turn|18
|l| TheSergio235
|inactive|Starbitstorm has 270 seconds left.
|
|t:|1667159847
|move|p2a: Tornadus|U-turn|p1a: Tapu Fini
|-resisted|p1a: Tapu Fini
|-damage|p1a: Tapu Fini|71/100
|
|t:|1667159850
|switch|p2a: Ferrothorn|Ferrothorn, M|56/100|[from]move: U-turn
|move|p1a: Tapu Fini|Whirlpool|p2a: Ferrothorn
|-resisted|p2a: Ferrothorn
|-crit|p2a: Ferrothorn
|-damage|p2a: Ferrothorn|50/100
|-activate|p2a: Ferrothorn|move: Whirlpool|[of] p1a: Tapu Fini
|
|-weather|Sandstorm|[upkeep]
|-damage|p1a: Tapu Fini|64/100|[from] Sandstorm
|-damage|p2a: Ferrothorn|37/100|[from] move: Whirlpool|[partiallytrapped]
|upkeep
|turn|19
|inactive|Starbitstorm has 270 seconds left.
|
|t:|1667159886
|switch|p1a: Magnezone|Magnezone|48/100
|-damage|p1a: Magnezone|42/100|[from] Stealth Rock
|move|p2a: Ferrothorn|Spikes|p1a: Magnezone
|-sidestart|p1: Starbitstorm|Spikes
|
|-weather|none
|-end|p2a: Ferrothorn|Whirlpool|[partiallytrapped]|[silent]
|upkeep
|turn|20
|
|t:|1667159908
|move|p1a: Magnezone|Body Press|p2a: Ferrothorn
|-supereffective|p2a: Ferrothorn
|-damage|p2a: Ferrothorn|0 fnt
|-damage|p1a: Magnezone|30/100|[from] ability: Iron Barbs|[of] p2a: Ferrothorn
|-damage|p1a: Magnezone|13/100|[from] item: Rocky Helmet|[of] p2a: Ferrothorn
|faint|p2a: Ferrothorn
|
|-fieldend|Misty Terrain
|upkeep
|j| TheSergio235
|
|t:|1667159921
|switch|p2a: Tornadus|Tornadus-Therian, M|74/100
|turn|21
|
|t:|1667159929
|move|p2a: Tornadus|Knock Off|p1a: Magnezone
|-damage|p1a: Magnezone|0 fnt
|-damage|p2a: Tornadus|57/100|[from] item: Rocky Helmet|[of] p1a: Magnezone
|-enditem|p1a: Magnezone|Rocky Helmet|[from] move: Knock Off|[of] p2a: Tornadus
|faint|p1a: Magnezone
|
|upkeep
|inactive|Starbitstorm has 240 seconds left.
|j| Piyush21
|l| CodenameUg
|c| TheSergio235|Trple crit axel ?
|inactive|Starbitstorm has 210 seconds left.
|l| Piyush21
|inactive|Starbitstorm has 180 seconds left.
|l| TheSergio235
|j| Piyush21
|inactive|Starbitstorm has 150 seconds left.
|
|t:|1667160069
|switch|p1a: Weavile|Weavile, M|8/100
|-ability|p1a: Weavile|Pressure
|turn|22
|j| TheSergio235
|
|t:|1667160081
|switch|p1a: Landorus|Landorus-Therian, M|43/100
|-damage|p1a: Landorus|31/100|[from] Stealth Rock
|-ability|p1a: Landorus|Intimidate|boost
|-unboost|p2a: Tornadus|atk|1
|switch|p2a: Tyranitar|Tyranitar, M|81/100
|-weather|Sandstorm|[from] ability: Sand Stream|[of] p2a: Tyranitar
|
|-weather|Sandstorm|[upkeep]
|-heal|p2a: Tyranitar|87/100|[from] item: Leftovers
|upkeep
|turn|23
|j| TopLel TopKek
|
|t:|1667160094
|switch|p2a: Clefable|Clefable, M|100/100
|move|p1a: Landorus|Stealth Rock|p2a: Clefable
|-sidestart|p2: BLOODCLAT|move: Stealth Rock
|
|-weather|Sandstorm|[upkeep]
|upkeep
|turn|24
|
|t:|1667160100
|move|p1a: Landorus|U-turn|p2a: Clefable
|-resisted|p2a: Clefable
|-damage|p2a: Clefable|91/100
|
|t:|1667160105
|switch|p1a: Tapu Fini|Tapu Fini|64/100|[from]move: U-turn
|-damage|p1a: Tapu Fini|52/100|[from] Stealth Rock
|-damage|p1a: Tapu Fini|39/100|[from] Spikes
|-fieldstart|move: Misty Terrain|[from] ability: Misty Surge|[of] p1a: Tapu Fini
|move|p2a: Clefable|Calm Mind|p2a: Clefable
|-boost|p2a: Clefable|spa|1
|-boost|p2a: Clefable|spd|1
|
|-weather|Sandstorm|[upkeep]
|-damage|p1a: Tapu Fini|33/100|[from] Sandstorm
|-heal|p2a: Clefable|97/100|[from] item: Leftovers
|upkeep
|turn|25
|
|t:|1667160110
|move|p1a: Tapu Fini|Nature's Madness|p2a: Clefable
|-damage|p2a: Clefable|49/100
|move|p2a: Clefable|Calm Mind|p2a: Clefable
|-boost|p2a: Clefable|spa|1
|-boost|p2a: Clefable|spd|1
|
|-weather|Sandstorm|[upkeep]
|-damage|p1a: Tapu Fini|27/100|[from] Sandstorm
|-heal|p2a: Clefable|55/100|[from] item: Leftovers
|upkeep
|turn|26
|
|t:|1667160116
|move|p1a: Tapu Fini|Taunt|p2a: Clefable
|-start|p2a: Clefable|move: Taunt
|cant|p2a: Clefable|move: Taunt|Soft-Boiled
|
|-weather|none
|-heal|p2a: Clefable|61/100|[from] item: Leftovers
|upkeep
|turn|27
|c| TheSergio235|Gg
|
|t:|1667160120
|move|p1a: Tapu Fini|Nature's Madness|p2a: Clefable
|-damage|p2a: Clefable|31/100
|move|p2a: Clefable|Moonblast|p1a: Tapu Fini
|-damage|p1a: Tapu Fini|0 fnt
|faint|p1a: Tapu Fini
|
|-heal|p2a: Clefable|37/100|[from] item: Leftovers
|upkeep
|l| TheSergio235
|
|t:|1667160123
|switch|p1a: Weavile|Weavile, M|8/100
|-ability|p1a: Weavile|Pressure
|turn|28
|
|t:|1667160127
|move|p1a: Weavile|Triple Axel|p2a: Clefable
|-damage|p2a: Clefable|29/100
|-damage|p2a: Clefable|14/100
|-damage|p2a: Clefable|0 fnt
|faint|p2a: Clefable
|-hitcount|p2: Clefable|3
|
|-fieldend|Misty Terrain
|upkeep
|
|t:|1667160131
|switch|p2a: Tyranitar|Tyranitar, M|87/100
|-damage|p2a: Tyranitar|75/100|[from] Stealth Rock
|-weather|Sandstorm|[from] ability: Sand Stream|[of] p2a: Tyranitar
|turn|29
|
|t:|1667160137
|switch|p1a: Landorus|Landorus-Therian, M|31/100
|-damage|p1a: Landorus|19/100|[from] Stealth Rock
|-ability|p1a: Landorus|Intimidate|boost
|-unboost|p2a: Tyranitar|atk|1
|switch|p2a: Rotom|Rotom-Wash|50/100
|-damage|p2a: Rotom|38/100|[from] Stealth Rock
|
|-weather|Sandstorm|[upkeep]
|-damage|p2a: Rotom|32/100|[from] Sandstorm
|-heal|p2a: Rotom|38/100|[from] item: Leftovers
|upkeep
|turn|30
|
|t:|1667160141
|move|p2a: Rotom|Hydro Pump|p1a: Landorus
|-supereffective|p1a: Landorus
|-damage|p1a: Landorus|0 fnt
|faint|p1a: Landorus
|
|-weather|Sandstorm|[upkeep]
|-damage|p2a: Rotom|32/100|[from] Sandstorm
|-heal|p2a: Rotom|38/100|[from] item: Leftovers
|upkeep
|
|t:|1667160150
|switch|p1a: Mew|Mew|100/100
|-damage|p1a: Mew|88/100|[from] Stealth Rock
|-damage|p1a: Mew|76/100|[from] Spikes
|turn|31
|inactive|Starbitstorm has 210 seconds left.
|
|t:|1667160185
|move|p1a: Mew|Psyshock|p2a: Rotom
|-damage|p2a: Rotom|10/100
|move|p2a: Rotom|Volt Switch|p1a: Mew
|-damage|p1a: Mew|49/100
|
|t:|1667160188
|switch|p2a: Excadrill|Excadrill, F|100/100|[from]move: Volt Switch
|
|-weather|Sandstorm|[upkeep]
|-damage|p1a: Mew|43/100|[from] Sandstorm
|upkeep
|turn|32
|
|t:|1667160197
|move|p1a: Mew|Vacuum Wave|p2a: Excadrill
|-supereffective|p2a: Excadrill
|-damage|p2a: Excadrill|70/100
|move|p2a: Excadrill|Earthquake|p1a: Mew
|-damage|p1a: Mew|0 fnt
|faint|p1a: Mew
|
|-weather|Sandstorm|[upkeep]
|upkeep
|
|t:|1667160202
|switch|p1a: Weavile|Weavile, M|8/100
|-ability|p1a: Weavile|Pressure
|turn|33
|
|t:|1667160205
|move|p1a: Weavile|Ice Shard|p2a: Excadrill
|-damage|p2a: Excadrill|43/100
|move|p2a: Excadrill|Rapid Spin|p1a: Weavile
|-damage|p1a: Weavile|0 fnt
|-boost|p2a: Excadrill|spe|1
|-sideend|p2: BLOODCLAT|Stealth Rock|[from] move: Rapid Spin|[of] p2a: Excadrill
|faint|p1a: Weavile
|
|win|BLOODCLAT
|c|☆Starbitstorm|gg
|c| TopLel TopKek|pack
|l| TopLel TopKek
|l|‽BLOODCLAT
|j| Akjsfds
|l| Dokkodo
|l| Akjsfds
|l| TheDarkSwirl
|j|‽BLOODCLAT
|player|p2|BLOODCLAT|hoopster
|n|‽BLOODCLAT|bloodclat
|n|‽BLOODCLAT|bloodclat
|n|‽BLOODCLAT|bloodclat
|l|‽BLOODCLAT
|player|p2|
|j| Dokkodo
