|j|☆CoconutCrabs
|j|☆30orless
|t:|1661452081
|gametype|singles
|player|p1|CoconutCrabs|chuck|1696
|player|p2|30orless|266|1559
|teamsize|p1|6
|teamsize|p2|6
|gen|8
|tier|[Gen 8] OU
|rated|
|rule|Sleep Clause Mod: Limit one foe put to sleep
|rule|Species Clause: Limit one of each Pokémon
|rule|OHKO Clause: OHKO moves are banned
|rule|Evasion Items Clause: Evasion items are banned
|rule|Evasion Moves Clause: Evasion moves are banned
|rule|Endless Battle Clause: Forcing endless battles is banned
|rule|HP Percentage Mod: HP is shown in percentages
|rule|Dynamax Clause: You cannot dynamax
|clearpoke
|poke|p1|Dragapult, M|
|poke|p1|Tapu Fini|
|poke|p1|Blacephalon|
|poke|p1|Tapu Lele|
|poke|p1|Landorus-Therian, M|
|poke|p1|Melmetal|
|poke|p2|Jirachi|
|poke|p2|Hydreigon, F|
|poke|p2|Blaziken, F|
|poke|p2|Volcanion|
|poke|p2|Zapdos|
|poke|p2|Mamoswine, F|
|teampreview
|inactive|Battle timer is ON: inactive players will automatically lose when time's up. (requested by CoconutCrabs)
|
|t:|1661452107
|start
|switch|p1a: Dragapult|Dragapult, M|100/100
|switch|p2a: Mamoswine|Mamoswine, F|100/100
|turn|1
|
|t:|1661452112
|move|p1a: Dragapult|U-turn|p2a: Mamoswine
|-damage|p2a: Mamoswine|81/100
|
|t:|1661452116
|switch|p1a: Tapu Fini|Tapu Fini|100/100|[from]move: U-turn
|-fieldstart|move: Misty Terrain|[from] ability: Misty Surge|[of] p1a: Tapu Fini
|move|p2a: Mamoswine|Icicle Crash|p1a: Tapu Fini
|-resisted|p1a: Tapu Fini
|-damage|p1a: Tapu Fini|82/100
|
|-heal|p1a: Tapu Fini|89/100|[from] item: Leftovers
|upkeep
|turn|2
|
|t:|1661452121
|switch|p2a: Jirachi|Jirachi, shiny|100/100
|move|p1a: Tapu Fini|Surf|p2a: Jirachi
|-damage|p2a: Jirachi|73/100
|
|-heal|p1a: Tapu Fini|95/100|[from] item: Leftovers
|upkeep
|turn|3
|
|t:|1661452125
|switch|p1a: Landorus|Landorus-Therian, M|100/100
|-ability|p1a: Landorus|Intimidate|boost
|-unboost|p2a: Jirachi|atk|1
|move|p2a: Jirachi|Trick|p1a: Landorus
|-activate|p2a: Jirachi|move: Trick|[of] p1a: Landorus
|-item|p1a: Landorus|Choice Scarf|[from] move: Trick
|-item|p2a: Jirachi|Leftovers|[from] move: Trick
|
|-heal|p2a: Jirachi|79/100|[from] item: Leftovers
|upkeep
|turn|4
|
|t:|1661452129
|move|p2a: Jirachi|Doom Desire|p1a: Landorus
|-start|p2a: Jirachi|Doom Desire
|move|p1a: Landorus|Stealth Rock|p2a: Jirachi
|-sidestart|p2: 30orless|move: Stealth Rock
|
|-heal|p2a: Jirachi|85/100|[from] item: Leftovers
|upkeep
|turn|5
|
|t:|1661452132
|switch|p1a: Melmetal|Melmetal|100/100
|move|p2a: Jirachi|Moonblast|p1a: Melmetal
|-resisted|p1a: Melmetal
|-damage|p1a: Melmetal|89/100
|
|-heal|p2a: Jirachi|91/100|[from] item: Leftovers
|-heal|p1a: Melmetal|95/100|[from] item: Leftovers
|-fieldend|Misty Terrain
|upkeep
|turn|6
|
|t:|1661452139
|switch|p2a: Volcanion|Volcanion|100/100
|switch|p1a: Landorus|Landorus-Therian, M|100/100
|-ability|p1a: Landorus|Intimidate|boost
|-unboost|p2a: Volcanion|atk|1
|
|-end|p1a: Landorus|move: Doom Desire
|-damage|p1a: Landorus|55/100
|upkeep
|turn|7
|
|t:|1661452144
|switch|p2a: Zapdos|Zapdos|100/100
|move|p1a: Landorus|Toxic|p2a: Zapdos
|-status|p2a: Zapdos|tox
|
|-damage|p2a: Zapdos|94/100 tox|[from] psn
|upkeep
|turn|8
|
|t:|1661452156
|switch|p1a: Melmetal|Melmetal|95/100
|move|p2a: Zapdos|Defog|p1a: Melmetal
|-unboost|p1a: Melmetal|evasion|1
|-sideend|p2: 30orless|Stealth Rock|[from] move: Defog|[of] p2a: Zapdos
|
|-heal|p1a: Melmetal|100/100|[from] item: Leftovers
|-damage|p2a: Zapdos|82/100 tox|[from] psn
|upkeep
|turn|9
|
|t:|1661452161
|switch|p2a: Volcanion|Volcanion|100/100
|switch|p1a: Landorus|Landorus-Therian, M|55/100
|-ability|p1a: Landorus|Intimidate|boost
|-unboost|p2a: Volcanion|atk|1
|
|upkeep
|turn|10
|
|t:|1661452166
|switch|p2a: Hydreigon|Hydreigon, F|100/100
|move|p1a: Landorus|Earthquake|p2a: Hydreigon
|-immune|p2a: Hydreigon|[from] ability: Levitate
|
|upkeep
|turn|11
|
|t:|1661452170
|switch|p1a: Tapu Fini|Tapu Fini|95/100
|-fieldstart|move: Misty Terrain|[from] ability: Misty Surge|[of] p1a: Tapu Fini
|move|p2a: Hydreigon|Earth Power|p1a: Tapu Fini
|-crit|p1a: Tapu Fini
|-damage|p1a: Tapu Fini|54/100
|
|-heal|p1a: Tapu Fini|60/100|[from] item: Leftovers
|upkeep
|turn|12
|
|t:|1661452176
|switch|p2a: Jirachi|Jirachi, shiny|91/100
|move|p1a: Tapu Fini|Nature's Madness|p2a: Jirachi
|-damage|p2a: Jirachi|46/100
|
|-heal|p2a: Jirachi|52/100|[from] item: Leftovers
|-heal|p1a: Tapu Fini|66/100|[from] item: Leftovers
|upkeep
|turn|13
|
|t:|1661452181
|switch|p1a: Landorus|Landorus-Therian, M|55/100
|-ability|p1a: Landorus|Intimidate|boost
|-unboost|p2a: Jirachi|atk|1
|move|p2a: Jirachi|Doom Desire|p1a: Landorus
|-start|p2a: Jirachi|Doom Desire
|
|-heal|p2a: Jirachi|58/100|[from] item: Leftovers
|upkeep
|turn|14
|inactive|30orless has 120 seconds left.
|inactive|30orless has 90 seconds left.
|
|t:|1661452257
|switch|p2a: Zapdos|Zapdos|82/100 tox
|move|p1a: Landorus|Stealth Rock|p2a: Zapdos
|-sidestart|p2: 30orless|move: Stealth Rock
|
|-damage|p2a: Zapdos|76/100 tox|[from] psn
|upkeep
|turn|15
|
|t:|1661452261
|move|p1a: Landorus|Stealth Rock||[still]
|-fail|p1a: Landorus
|move|p2a: Zapdos|Defog|p1a: Landorus
|-unboost|p1a: Landorus|evasion|1
|-sideend|p2: 30orless|Stealth Rock|[from] move: Defog|[of] p2a: Zapdos
|-fieldend|Misty Terrain
|
|-end|p1a: Landorus|move: Doom Desire
|-damage|p1a: Landorus|11/100
|-damage|p2a: Zapdos|64/100 tox|[from] psn
|upkeep
|turn|16
|
|t:|1661452265
|move|p1a: Landorus|Stealth Rock|p2a: Zapdos
|-sidestart|p2: 30orless|move: Stealth Rock
|move|p2a: Zapdos|Hurricane|p1a: Landorus
|-damage|p1a: Landorus|0 fnt
|faint|p1a: Landorus
|
|-damage|p2a: Zapdos|46/100 tox|[from] psn
|upkeep
|
|t:|1661452269
|switch|p1a: Blacephalon|Blacephalon|100/100
|turn|17
|
|t:|1661452283
|move|p1a: Blacephalon|Shadow Ball|p2a: Zapdos
|-damage|p2a: Zapdos|0 fnt
|faint|p2a: Zapdos
|-ability|p1a: Blacephalon|Beast Boost|boost
|-boost|p1a: Blacephalon|spa|1
|
|upkeep
|
|t:|1661452286
|switch|p2a: Hydreigon|Hydreigon, F|100/100
|-damage|p2a: Hydreigon|88/100|[from] Stealth Rock
|turn|18
|
|t:|1661452293
|switch|p1a: Tapu Fini|Tapu Fini|66/100
|-fieldstart|move: Misty Terrain|[from] ability: Misty Surge|[of] p1a: Tapu Fini
|move|p2a: Hydreigon|Earth Power|p1a: Tapu Fini
|-damage|p1a: Tapu Fini|38/100
|
|-heal|p1a: Tapu Fini|45/100|[from] item: Leftovers
|upkeep
|turn|19
|
|t:|1661452296
|switch|p2a: Volcanion|Volcanion|100/100
|switch|p1a: Blacephalon|Blacephalon|100/100
|
|upkeep
|turn|20
|
|t:|1661452303
|move|p1a: Blacephalon|Shadow Ball|p2a: Volcanion
|-damage|p2a: Volcanion|27/100
|move|p2a: Volcanion|Steam Eruption|p1a: Blacephalon
|-supereffective|p1a: Blacephalon
|-damage|p1a: Blacephalon|0 fnt
|faint|p1a: Blacephalon
|
|upkeep
|
|t:|1661452305
|switch|p1a: Dragapult|Dragapult, M|100/100
|turn|21
|
|t:|1661452309
|move|p1a: Dragapult|Shadow Ball|p2a: Volcanion
|-damage|p2a: Volcanion|0 fnt
|faint|p2a: Volcanion
|
|upkeep
|
|t:|1661452312
|switch|p2a: Hydreigon|Hydreigon, F|88/100
|-damage|p2a: Hydreigon|76/100|[from] Stealth Rock
|turn|22
|
|t:|1661452315
|switch|p1a: Tapu Lele|Tapu Lele|100/100
|-fieldstart|move: Psychic Terrain|[from] ability: Psychic Surge|[of] p1a: Tapu Lele
|move|p2a: Hydreigon|Dark Pulse|p1a: Tapu Lele
|-damage|p1a: Tapu Lele|56/100
|
|upkeep
|turn|23
|
|t:|1661452320
|switch|p2a: Jirachi|Jirachi, shiny|58/100
|-damage|p2a: Jirachi|52/100|[from] Stealth Rock
|move|p1a: Tapu Lele|Focus Blast|p2a: Jirachi|[miss]
|-miss|p1a: Tapu Lele|p2a: Jirachi
|
|-heal|p2a: Jirachi|58/100|[from] item: Leftovers
|upkeep
|turn|24
|
|t:|1661452322
|switch|p1a: Dragapult|Dragapult, M|100/100
|move|p2a: Jirachi|Doom Desire|p1a: Dragapult
|-start|p2a: Jirachi|Doom Desire
|
|-heal|p2a: Jirachi|64/100|[from] item: Leftovers
|upkeep
|turn|25
|
|t:|1661452325
|move|p1a: Dragapult|Draco Meteor|p2a: Jirachi
|-resisted|p2a: Jirachi
|-damage|p2a: Jirachi|21/100
|-unboost|p1a: Dragapult|spa|2
|move|p2a: Jirachi|Moonblast|p1a: Dragapult
|-supereffective|p1a: Dragapult
|-damage|p1a: Dragapult|25/100
|
|-heal|p2a: Jirachi|27/100|[from] item: Leftovers
|upkeep
|turn|26
|
|t:|1661452334
|switch|p1a: Melmetal|Melmetal|100/100
|move|p2a: Jirachi|Moonblast|p1a: Melmetal
|-resisted|p1a: Melmetal
|-crit|p1a: Melmetal
|-damage|p1a: Melmetal|83/100
|-unboost|p1a: Melmetal|spa|1
|
|-end|p1a: Melmetal|move: Doom Desire
|-resisted|p1a: Melmetal
|-damage|p1a: Melmetal|57/100
|-heal|p2a: Jirachi|34/100|[from] item: Leftovers
|-heal|p1a: Melmetal|63/100|[from] item: Leftovers
|-fieldend|move: Psychic Terrain
|upkeep
|turn|27
|
|t:|1661452340
|move|p2a: Jirachi|Doom Desire|p1a: Melmetal
|-start|p2a: Jirachi|Doom Desire
|move|p1a: Melmetal|Double Iron Bash|p2a: Jirachi
|-resisted|p2a: Jirachi
|-damage|p2a: Jirachi|10/100
|-resisted|p2a: Jirachi
|-damage|p2a: Jirachi|0 fnt
|faint|p2a: Jirachi
|-hitcount|p2: Jirachi|2
|
|-heal|p1a: Melmetal|69/100|[from] item: Leftovers
|upkeep
|
|t:|1661452346
|switch|p2a: Blaziken|Blaziken, F|100/100
|-damage|p2a: Blaziken|88/100|[from] Stealth Rock
|turn|28
|
|t:|1661452348
|move|p2a: Blaziken|Overheat|p1a: Melmetal
|-supereffective|p1a: Melmetal
|-damage|p1a: Melmetal|0 fnt
|-unboost|p2a: Blaziken|spa|2
|faint|p1a: Melmetal
|-damage|p2a: Blaziken|78/100|[from] item: Life Orb
|
|-ability|p2a: Blaziken|Speed Boost|boost
|-boost|p2a: Blaziken|spe|1
|upkeep
|
|t:|1661452353
|switch|p1a: Tapu Lele|Tapu Lele|56/100
|-fieldstart|move: Psychic Terrain|[from] ability: Psychic Surge|[of] p1a: Tapu Lele
|turn|29
|
|t:|1661452358
|move|p1a: Tapu Lele|Moonblast|p2a: Blaziken
|-damage|p2a: Blaziken|0 fnt
|faint|p2a: Blaziken
|
|-end|p1a: Tapu Lele|move: Doom Desire
|-supereffective|p1a: Tapu Lele
|-damage|p1a: Tapu Lele|0 fnt
|faint|p1a: Tapu Lele
|upkeep
|
|t:|1661452368
|switch|p1a: Tapu Fini|Tapu Fini|45/100
|switch|p2a: Hydreigon|Hydreigon, F|76/100
|-damage|p2a: Hydreigon|64/100|[from] Stealth Rock
|-fieldstart|move: Misty Terrain|[from] ability: Misty Surge|[of] p1a: Tapu Fini
|turn|30
|
|t:|1661452376
|move|p2a: Hydreigon|U-turn|p1a: Tapu Fini
|-resisted|p1a: Tapu Fini
|-damage|p1a: Tapu Fini|39/100
|
|t:|1661452377
|switch|p2a: Mamoswine|Mamoswine, F|81/100|[from]move: U-turn
|-damage|p2a: Mamoswine|69/100|[from] Stealth Rock
|move|p1a: Tapu Fini|Moonblast|p2a: Mamoswine
|-damage|p2a: Mamoswine|20/100
|
|-heal|p1a: Tapu Fini|45/100|[from] item: Leftovers
|upkeep
|turn|31
|
|t:|1661452382
|move|p2a: Mamoswine|Earthquake|p1a: Tapu Fini
|-damage|p1a: Tapu Fini|5/100
|move|p1a: Tapu Fini|Surf|p2a: Mamoswine
|-supereffective|p2a: Mamoswine
|-damage|p2a: Mamoswine|0 fnt
|faint|p2a: Mamoswine
|
|-heal|p1a: Tapu Fini|11/100|[from] item: Leftovers
|upkeep
|
|t:|1661452384
|switch|p2a: Hydreigon|Hydreigon, F|64/100
|-damage|p2a: Hydreigon|51/100|[from] Stealth Rock
|turn|32
|
|t:|1661452387
|move|p2a: Hydreigon|Dark Pulse|p1a: Tapu Fini
|-resisted|p1a: Tapu Fini
|-damage|p1a: Tapu Fini|0 fnt
|faint|p1a: Tapu Fini
|
|upkeep
|
|t:|1661452388
|switch|p1a: Dragapult|Dragapult, M|25/100
|turn|33
|
|t:|1661452390
|move|p2a: Hydreigon|Dark Pulse|p1a: Dragapult
|-supereffective|p1a: Dragapult
|-damage|p1a: Dragapult|0 fnt
|faint|p1a: Dragapult
|
|win|30orless
|raw|CoconutCrabs's rating: 1696 &rarr; <strong>1668</strong><br />(-28 for losing)
|raw|30orless's rating: 1559 &rarr; <strong>1587</strong><br />(+28 for winning)
|l|☆CoconutCrabs
