|j|☆eXgirlXjeze
|j|☆Sww-Suwa
|t:|1659066734
|gametype|singles
|player|p1|eXgirlXjeze|265|
|player|p2|Sww-Suwa|rr-jessie|
|teamsize|p1|6
|teamsize|p2|6
|gen|8
|tier|[Gen 8] OU
|rule|Sleep Clause Mod: Limit one foe put to sleep
|rule|Species Clause: Limit one of each Pokémon
|rule|OHKO Clause: OHKO moves are banned
|rule|Evasion Moves Clause: Evasion moves are banned
|rule|Endless Battle Clause: Forcing endless battles is banned
|rule|HP Percentage Mod: HP is shown in percentages
|rule|Dynamax Clause: You cannot dynamax
|rule|Z-Move Clause: Z-Moves are banned
|clearpoke
|poke|p1|Ribombee, F|
|poke|p1|Victini|
|poke|p1|Regieleki|
|poke|p1|Landorus-Therian, M|
|poke|p1|Dragonite, F|
|poke|p1|Toxapex, M|
|poke|p2|Tapu Lele|
|poke|p2|Polteageist|
|poke|p2|Rhyperior, M|
|poke|p2|Registeel|
|poke|p2|Mew|
|poke|p2|Regidrago|
|teampreview
|c|☆Sww-Suwa|hf
|c|☆eXgirlXjeze|ok good
|inactive|Battle timer is ON: inactive players will automatically lose when time's up. (requested by Sww-Suwa)
|
|t:|1659066762
|start
|switch|p1a: Toxapex|Toxapex, M|100/100
|switch|p2a: Mew|Mew|100/100
|turn|1
|
|t:|1659066767
|move|p2a: Mew|Taunt|p1a: Toxapex
|-start|p1a: Toxapex|move: Taunt
|cant|p1a: Toxapex|move: Taunt|Toxic Spikes
|
|upkeep
|turn|2
|
|t:|1659066770
|move|p2a: Mew|Stealth Rock|p1a: Toxapex
|-sidestart|p1: eXgirlXjeze|move: Stealth Rock
|move|p1a: Toxapex|Scald|p2a: Mew
|-crit|p2a: Mew
|-damage|p2a: Mew|77/100
|
|upkeep
|turn|3
|
|t:|1659066773
|move|p2a: Mew|Spikes|p1a: Toxapex
|-sidestart|p1: eXgirlXjeze|Spikes
|move|p1a: Toxapex|Scald|p2a: Mew
|-damage|p2a: Mew|60/100
|
|-end|p1a: Toxapex|move: Taunt
|upkeep
|turn|4
|
|t:|1659066778
|move|p2a: Mew|Taunt|p1a: Toxapex
|-start|p1a: Toxapex|move: Taunt
|move|p1a: Toxapex|Scald|p2a: Mew
|-damage|p2a: Mew|45/100
|
|upkeep
|turn|5
|
|t:|1659066783
|move|p2a: Mew|Explosion|p1a: Toxapex
|-damage|p1a: Toxapex|58/100
|faint|p2a: Mew
|move|p1a: Toxapex|Scald|p2: Mew|[notarget]
|-fail|p1a: Toxapex
|
|upkeep
|
|t:|1659066789
|switch|p2a: Polteageist|Polteageist|100/100
|turn|6
|
|t:|1659066794
|switch|p1a: Taylor Swift|Ribombee, F, shiny|100/100
|move|p2a: Polteageist|Substitute|p2a: Polteageist
|-start|p2a: Polteageist|Substitute
|-damage|p2a: Polteageist|76/100
|
|upkeep
|turn|7
|
|t:|1659066816
|move|p1a: Taylor Swift|Moonblast|p2a: Polteageist
|-end|p2a: Polteageist|Substitute
|move|p2a: Polteageist|Shell Smash|p2a: Polteageist
|-unboost|p2a: Polteageist|def|1
|-unboost|p2a: Polteageist|spd|1
|-boost|p2a: Polteageist|atk|2
|-boost|p2a: Polteageist|spa|2
|-boost|p2a: Polteageist|spe|2
|
|upkeep
|turn|8
|
|t:|1659066821
|move|p1a: Taylor Swift|Moonblast|p2a: Polteageist
|-damage|p2a: Polteageist|7/100
|move|p2a: Polteageist|Stored Power|p1a: Taylor Swift
|-damage|p1a: Taylor Swift|0 fnt
|faint|p1a: Taylor Swift
|
|upkeep
|
|t:|1659066836
|switch|p1a: Dragonite|Dragonite, F|100/100
|turn|9
|c|☆Sww-Suwa|ah
|c|☆Sww-Suwa|this is glitchy
|c|☆eXgirlXjeze|howso
|inactive|Sww-Suwa has 270 seconds left.
|c|☆Sww-Suwa|it didnt show ribombee took rocks
|c|☆eXgirlXjeze|because ribombee was scarf
|c|☆Sww-Suwa|yeah ik but
|c|☆eXgirlXjeze|i will die by that set
|c|☆Sww-Suwa|that's the thing
|inactive|Sww-Suwa has 240 seconds left.
|c|☆Sww-Suwa|i thought it was boots
|c|☆Sww-Suwa|cause it didnt show
|c|☆Sww-Suwa|hazards
|inactive|Sww-Suwa has 210 seconds left.
|c|☆Sww-Suwa|ah whatevs
|
|t:|1659066938
|move|p2a: Polteageist|Stored Power|p1a: Dragonite
|-damage|p1a: Dragonite|44/100
|move|p1a: Dragonite|Earthquake|p2a: Polteageist
|-damage|p2a: Polteageist|0 fnt
|faint|p2a: Polteageist
|
|upkeep
|
|t:|1659066946
|switch|p2a: Tapu Lele|Tapu Lele|100/100
|-fieldstart|move: Psychic Terrain|[from] ability: Psychic Surge|[of] p2a: Tapu Lele
|turn|10
|j| RRPT QD
|
|t:|1659066953
|switch|p1a: Victini|Victini|100/100
|move|p2a: Tapu Lele|Moonblast|p1a: Victini
|-resisted|p1a: Victini
|-damage|p1a: Victini|72/100
|
|upkeep
|turn|11
|inactive|Sww-Suwa has 210 seconds left.
|
|t:|1659066965
|switch|p2a: Rhyperior|Rhyperior, M|100/100
|move|p1a: Victini|U-turn|p2a: Rhyperior
|-damage|p2a: Rhyperior|86/100
|
|t:|1659066982
|switch|p1a: Landorus|Landorus-Therian, M|100/100|[from]move: U-turn
|-damage|p1a: Landorus|88/100|[from] Stealth Rock
|-ability|p1a: Landorus|Intimidate|boost
|-unboost|p2a: Rhyperior|atk|1
|
|-heal|p1a: Landorus|94/100|[from] item: Leftovers
|upkeep
|turn|12
|inactive|Sww-Suwa has 210 seconds left.
|
|t:|1659066999
|switch|p2a: Tapu Lele|Tapu Lele|100/100
|move|p1a: Landorus|Earthquake|p2a: Tapu Lele
|-damage|p2a: Tapu Lele|39/100
|
|-heal|p2a: Tapu Lele|45/100|[from] item: Leftovers
|-heal|p1a: Landorus|99/100|[from] item: Leftovers
|upkeep
|turn|13
|
|t:|1659067002
|switch|p1a: Victini|Victini|72/100
|move|p2a: Tapu Lele|Psyshock|p1a: Victini
|-resisted|p1a: Victini
|-damage|p1a: Victini|41/100
|
|-heal|p2a: Tapu Lele|51/100|[from] item: Leftovers
|upkeep
|turn|14
|
|t:|1659067010
|move|p1a: Victini|Glaciate|p2a: Tapu Lele
|-damage|p2a: Tapu Lele|38/100
|-unboost|p2a: Tapu Lele|spe|1
|move|p2a: Tapu Lele|Psyshock|p1a: Victini
|-resisted|p1a: Victini
|-damage|p1a: Victini|12/100
|
|-heal|p2a: Tapu Lele|45/100|[from] item: Leftovers
|-fieldend|move: Psychic Terrain
|upkeep
|turn|15
|
|t:|1659067018
|move|p1a: Victini|V-create|p2a: Tapu Lele
|-damage|p2a: Tapu Lele|0 fnt
|-unboost|p1a: Victini|spe|1
|-unboost|p1a: Victini|def|1
|-unboost|p1a: Victini|spd|1
|faint|p2a: Tapu Lele
|
|upkeep
|
|t:|1659067022
|switch|p2a: Regidrago|Regidrago|100/100
|turn|16
|
|t:|1659067027
|move|p2a: Regidrago|Draco Meteor|p1a: Victini
|-damage|p1a: Victini|0 fnt
|-unboost|p2a: Regidrago|spa|2
|faint|p1a: Victini
|
|upkeep
|
|t:|1659067034
|switch|p1a: Dragonite|Dragonite, F|44/100
|turn|17
|
|t:|1659067039
|move|p1a: Dragonite|Roost|p1a: Dragonite
|-heal|p1a: Dragonite|95/100
|-singleturn|p1a: Dragonite|move: Roost
|move|p2a: Regidrago|Draco Meteor|p1a: Dragonite
|-supereffective|p1a: Dragonite
|-damage|p1a: Dragonite|27/100
|-unboost|p2a: Regidrago|spa|2
|
|upkeep
|turn|18
|
|t:|1659067043
|move|p1a: Dragonite|Roost|p1a: Dragonite
|-heal|p1a: Dragonite|77/100
|-singleturn|p1a: Dragonite|move: Roost
|move|p2a: Regidrago|Reflect|p2a: Regidrago
|-sidestart|p2: Sww-Suwa|Reflect
|
|upkeep
|turn|19
|inactive|Sww-Suwa has 270 seconds left.
|
|t:|1659067049
|move|p2a: Regidrago|Explosion|p1a: Dragonite
|-damage|p1a: Dragonite|14/100
|faint|p2a: Regidrago
|move|p1a: Dragonite|Roost|p1a: Dragonite
|-heal|p1a: Dragonite|64/100
|-singleturn|p1a: Dragonite|move: Roost
|
|upkeep
|
|t:|1659067051
|switch|p2a: Rhyperior|Rhyperior, M|86/100
|turn|20
|
|t:|1659067059
|switch|p1a: Landorus|Landorus-Therian, M|99/100
|-damage|p1a: Landorus|88/100|[from] Stealth Rock
|-ability|p1a: Landorus|Intimidate|boost
|-unboost|p2a: Rhyperior|atk|1
|move|p2a: Rhyperior|Swords Dance|p2a: Rhyperior
|-boost|p2a: Rhyperior|atk|2
|
|-heal|p1a: Landorus|94/100|[from] item: Leftovers
|upkeep
|turn|21
|
|t:|1659067062
|move|p1a: Landorus|Toxic|p2a: Rhyperior
|-status|p2a: Rhyperior|tox
|move|p2a: Rhyperior|Swords Dance|p2a: Rhyperior
|-boost|p2a: Rhyperior|atk|2
|
|-heal|p1a: Landorus|99/100|[from] item: Leftovers
|-damage|p2a: Rhyperior|80/100 tox|[from] psn
|upkeep
|turn|22
|
|t:|1659067072
|move|p1a: Landorus|U-turn|p2a: Rhyperior
|-damage|p2a: Rhyperior|72/100 tox
|
|t:|1659067082
|switch|p1a: Regieleki|Regieleki|100/100|[from]move: U-turn
|move|p2a: Rhyperior|Stone Edge|p1a: Regieleki
|-damage|p1a: Regieleki|0 fnt
|faint|p1a: Regieleki
|
|-damage|p2a: Rhyperior|60/100 tox|[from] psn
|upkeep
|
|t:|1659067091
|switch|p1a: Landorus|Landorus-Therian, M|99/100
|-damage|p1a: Landorus|88/100|[from] Stealth Rock
|-ability|p1a: Landorus|Intimidate|boost
|-unboost|p2a: Rhyperior|atk|1
|turn|23
|
|t:|1659067094
|move|p1a: Landorus|Earthquake|p2a: Rhyperior
|-supereffective|p2a: Rhyperior
|-damage|p2a: Rhyperior|35/100 tox
|move|p2a: Rhyperior|Stone Edge|p1a: Landorus|[miss]
|-miss|p2a: Rhyperior|p1a: Landorus
|
|-heal|p1a: Landorus|94/100|[from] item: Leftovers
|-damage|p2a: Rhyperior|17/100 tox|[from] psn
|upkeep
|turn|24
|
|t:|1659067097
|move|p1a: Landorus|Earthquake|p2a: Rhyperior
|-supereffective|p2a: Rhyperior
|-damage|p2a: Rhyperior|0 fnt
|faint|p2a: Rhyperior
|
|-heal|p1a: Landorus|99/100|[from] item: Leftovers
|upkeep
|
|t:|1659067100
|switch|p2a: DUA LIPA|Registeel, shiny|100/100
|turn|25
|
|t:|1659067103
|move|p1a: Landorus|U-turn|p2a: DUA LIPA
|-resisted|p2a: DUA LIPA
|-damage|p2a: DUA LIPA|98/100
|
|t:|1659067106
|switch|p1a: Toxapex|Toxapex, M|91/100|[from]move: U-turn
|-damage|p1a: Toxapex|78/100|[from] Spikes
|-damage|p1a: Toxapex|66/100|[from] Stealth Rock
|move|p2a: DUA LIPA|Iron Defense|p2a: DUA LIPA
|-boost|p2a: DUA LIPA|def|2
|
|-heal|p2a: DUA LIPA|100/100|[from] item: Leftovers
|-sideend|p2: Sww-Suwa|Reflect
|upkeep
|turn|26
|
|t:|1659067109
|move|p2a: DUA LIPA|Iron Defense|p2a: DUA LIPA
|-boost|p2a: DUA LIPA|def|2
|move|p1a: Toxapex|Haze|p1a: Toxapex
|-clearallboost
|
|upkeep
|turn|27
|c|☆eXgirlXjeze|haze 8 pp?
|c|☆eXgirlXjeze|the fuck?
|c|☆eXgirlXjeze|what gen is this
|
|t:|1659067130
|move|p2a: DUA LIPA|Iron Defense|p2a: DUA LIPA
|-boost|p2a: DUA LIPA|def|2
|move|p1a: Toxapex|Scald|p2a: DUA LIPA
|-damage|p2a: DUA LIPA|90/100
|
|-heal|p2a: DUA LIPA|96/100|[from] item: Leftovers
|upkeep
|turn|28
|
|t:|1659067133
|move|p2a: DUA LIPA|Amnesia|p2a: DUA LIPA
|-boost|p2a: DUA LIPA|spd|2
|move|p1a: Toxapex|Scald|p2a: DUA LIPA
|-damage|p2a: DUA LIPA|90/100
|
|-heal|p2a: DUA LIPA|96/100|[from] item: Leftovers
|upkeep
|turn|29
|
|t:|1659067136
|move|p2a: DUA LIPA|Rest|p2a: DUA LIPA
|-status|p2a: DUA LIPA|slp|[from] move: Rest
|-heal|p2a: DUA LIPA|100/100 slp|[silent]
|move|p1a: Toxapex|Haze|p1a: Toxapex
|-clearallboost
|
|upkeep
|turn|30
|
|t:|1659067140
|switch|p1a: Dragonite|Dragonite, F|64/100
|cant|p2a: DUA LIPA|slp
|
|upkeep
|turn|31
|
|t:|1659067142
|move|p1a: Dragonite|Dragon Dance|p1a: Dragonite
|-boost|p1a: Dragonite|atk|1
|-boost|p1a: Dragonite|spe|1
|cant|p2a: DUA LIPA|slp
|
|upkeep
|turn|32
|
|t:|1659067145
|move|p1a: Dragonite|Roost|p1a: Dragonite
|-heal|p1a: Dragonite|100/100
|-singleturn|p1a: Dragonite|move: Roost
|-curestatus|p2a: DUA LIPA|slp|[msg]
|move|p2a: DUA LIPA|Iron Defense|p2a: DUA LIPA
|-boost|p2a: DUA LIPA|def|2
|
|upkeep
|turn|33
|
|t:|1659067148
|move|p1a: Dragonite|Dragon Dance|p1a: Dragonite
|-boost|p1a: Dragonite|atk|1
|-boost|p1a: Dragonite|spe|1
|move|p2a: DUA LIPA|Iron Defense|p2a: DUA LIPA
|-boost|p2a: DUA LIPA|def|2
|
|upkeep
|turn|34
|
|t:|1659067149
|move|p1a: Dragonite|Dragon Dance|p1a: Dragonite
|-boost|p1a: Dragonite|atk|1
|-boost|p1a: Dragonite|spe|1
|move|p2a: DUA LIPA|Body Press|p1a: Dragonite
|-resisted|p1a: Dragonite
|-damage|p1a: Dragonite|71/100
|
|upkeep
|turn|35
|
|t:|1659067152
|move|p1a: Dragonite|Roost|p1a: Dragonite
|-heal|p1a: Dragonite|100/100
|-singleturn|p1a: Dragonite|move: Roost
|move|p2a: DUA LIPA|Body Press|p1a: Dragonite
|-damage|p1a: Dragonite|44/100
|
|upkeep
|turn|36
|
|t:|1659067157
|switch|p1a: Toxapex|Toxapex, M|99/100
|-damage|p1a: Toxapex|87/100|[from] Stealth Rock
|-damage|p1a: Toxapex|74/100|[from] Spikes
|move|p2a: DUA LIPA|Body Press|p1a: Toxapex
|-resisted|p1a: Toxapex
|-damage|p1a: Toxapex|42/100
|-damage|p2a: DUA LIPA|84/100|[from] item: Rocky Helmet|[of] p1a: Toxapex
|
|-heal|p2a: DUA LIPA|90/100|[from] item: Leftovers
|upkeep
|turn|37
|
|t:|1659067162
|move|p2a: DUA LIPA|Amnesia|p2a: DUA LIPA
|-boost|p2a: DUA LIPA|spd|2
|move|p1a: Toxapex|Haze|p1a: Toxapex
|-clearallboost
|
|-heal|p2a: DUA LIPA|96/100|[from] item: Leftovers
|upkeep
|turn|38
|
|t:|1659067165
|move|p2a: DUA LIPA|Rest|p2a: DUA LIPA
|-status|p2a: DUA LIPA|slp|[from] move: Rest
|-heal|p2a: DUA LIPA|100/100 slp|[silent]
|move|p1a: Toxapex|Recover|p1a: Toxapex
|-heal|p1a: Toxapex|92/100
|
|upkeep
|turn|39
|
|t:|1659067168
|switch|p1a: Dragonite|Dragonite, F|44/100
|cant|p2a: DUA LIPA|slp
|
|upkeep
|turn|40
|
|t:|1659067171
|move|p1a: Dragonite|Roost|p1a: Dragonite
|-heal|p1a: Dragonite|94/100
|-singleturn|p1a: Dragonite|move: Roost
|cant|p2a: DUA LIPA|slp
|
|upkeep
|turn|41
|
|t:|1659067174
|move|p1a: Dragonite|Dragon Dance|p1a: Dragonite
|-boost|p1a: Dragonite|atk|1
|-boost|p1a: Dragonite|spe|1
|-curestatus|p2a: DUA LIPA|slp|[msg]
|move|p2a: DUA LIPA|Iron Defense|p2a: DUA LIPA
|-boost|p2a: DUA LIPA|def|2
|
|upkeep
|turn|42
|
|t:|1659067179
|move|p1a: Dragonite|Fire Punch|p2a: DUA LIPA
|-supereffective|p2a: DUA LIPA
|-damage|p2a: DUA LIPA|81/100
|move|p2a: DUA LIPA|Iron Defense|p2a: DUA LIPA
|-boost|p2a: DUA LIPA|def|2
|
|-heal|p2a: DUA LIPA|87/100|[from] item: Leftovers
|upkeep
|turn|43
|
|t:|1659067187
|switch|p1a: Toxapex|Toxapex, M|100/100
|-damage|p1a: Toxapex|88/100|[from] Stealth Rock
|-damage|p1a: Toxapex|75/100|[from] Spikes
|move|p2a: DUA LIPA|Body Press|p1a: Toxapex
|-resisted|p1a: Toxapex
|-damage|p1a: Toxapex|48/100
|-damage|p2a: DUA LIPA|71/100|[from] item: Rocky Helmet|[of] p1a: Toxapex
|
|-heal|p2a: DUA LIPA|77/100|[from] item: Leftovers
|upkeep
|turn|44
|
|t:|1659067195
|move|p2a: DUA LIPA|Rest|p2a: DUA LIPA
|-status|p2a: DUA LIPA|slp|[from] move: Rest
|-heal|p2a: DUA LIPA|100/100 slp|[silent]
|move|p1a: Toxapex|Haze|p1a: Toxapex
|-clearallboost
|
|upkeep
|turn|45
|
|t:|1659067198
|cant|p2a: DUA LIPA|slp
|move|p1a: Toxapex|Toxic Spikes|p2a: DUA LIPA
|-sidestart|p2: Sww-Suwa|move: Toxic Spikes
|
|upkeep
|turn|46
|
|t:|1659067202
|cant|p2a: DUA LIPA|slp
|move|p1a: Toxapex|Recover|p1a: Toxapex
|-heal|p1a: Toxapex|98/100
|
|upkeep
|turn|47
|
|t:|1659067205
|switch|p1a: Landorus|Landorus-Therian, M|99/100
|-damage|p1a: Landorus|87/100|[from] Stealth Rock
|-ability|p1a: Landorus|Intimidate|boost
|-fail|p2a: DUA LIPA|unboost|[from] ability: Clear Body|[of] p2a: DUA LIPA
|-curestatus|p2a: DUA LIPA|slp|[msg]
|move|p2a: DUA LIPA|Amnesia|p2a: DUA LIPA
|-boost|p2a: DUA LIPA|spd|2
|
|-heal|p1a: Landorus|93/100|[from] item: Leftovers
|upkeep
|turn|48
|
|t:|1659067208
|move|p1a: Landorus|Earthquake|p2a: DUA LIPA
|-supereffective|p2a: DUA LIPA
|-damage|p2a: DUA LIPA|53/100
|move|p2a: DUA LIPA|Iron Defense|p2a: DUA LIPA
|-boost|p2a: DUA LIPA|def|2
|
|-heal|p1a: Landorus|99/100|[from] item: Leftovers
|-heal|p2a: DUA LIPA|59/100|[from] item: Leftovers
|upkeep
|turn|49
|
|t:|1659067212
|move|p1a: Landorus|U-turn|p2a: DUA LIPA
|-resisted|p2a: DUA LIPA
|-damage|p2a: DUA LIPA|56/100
|
|t:|1659067214
|switch|p1a: Toxapex|Toxapex, M|100/100|[from]move: U-turn
|-damage|p1a: Toxapex|88/100|[from] Spikes
|-damage|p1a: Toxapex|75/100|[from] Stealth Rock
|move|p2a: DUA LIPA|Iron Defense|p2a: DUA LIPA
|-boost|p2a: DUA LIPA|def|2
|
|-heal|p2a: DUA LIPA|62/100|[from] item: Leftovers
|upkeep
|turn|50
|
|t:|1659067223
|move|p2a: DUA LIPA|Rest|p2a: DUA LIPA
|-status|p2a: DUA LIPA|slp|[from] move: Rest
|-heal|p2a: DUA LIPA|100/100 slp|[silent]
|move|p1a: Toxapex|Scald|p2a: DUA LIPA
|-crit|p2a: DUA LIPA
|-damage|p2a: DUA LIPA|84/100 slp
|
|-heal|p2a: DUA LIPA|90/100 slp|[from] item: Leftovers
|upkeep
|turn|51
|
|t:|1659067232
|switch|p1a: Landorus|Landorus-Therian, M|99/100
|-damage|p1a: Landorus|87/100|[from] Stealth Rock
|-ability|p1a: Landorus|Intimidate|boost
|-fail|p2a: DUA LIPA|unboost|[from] ability: Clear Body|[of] p2a: DUA LIPA
|cant|p2a: DUA LIPA|slp
|
|-heal|p1a: Landorus|93/100|[from] item: Leftovers
|-heal|p2a: DUA LIPA|96/100 slp|[from] item: Leftovers
|upkeep
|turn|52
|
|t:|1659067235
|move|p1a: Landorus|U-turn|p2a: DUA LIPA
|-resisted|p2a: DUA LIPA
|-damage|p2a: DUA LIPA|94/100 slp
|
|t:|1659067238
|switch|p1a: Toxapex|Toxapex, M|100/100|[from]move: U-turn
|-damage|p1a: Toxapex|88/100|[from] Spikes
|-damage|p1a: Toxapex|75/100|[from] Stealth Rock
|cant|p2a: DUA LIPA|slp
|
|-heal|p2a: DUA LIPA|99/100 slp|[from] item: Leftovers
|upkeep
|turn|53
|
|t:|1659067242
|-curestatus|p2a: DUA LIPA|slp|[msg]
|move|p2a: DUA LIPA|Rest|p2a: DUA LIPA
|-status|p2a: DUA LIPA|slp|[from] move: Rest
|-heal|p2a: DUA LIPA|100/100 slp|[silent]
|move|p1a: Toxapex|Scald|p2a: DUA LIPA
|-damage|p2a: DUA LIPA|95/100 slp
|
|-heal|p2a: DUA LIPA|100/100 slp|[from] item: Leftovers
|upkeep
|turn|54
|
|t:|1659067246
|cant|p2a: DUA LIPA|slp
|move|p1a: Toxapex|Toxic Spikes|p2a: DUA LIPA
|-sidestart|p2: Sww-Suwa|move: Toxic Spikes
|
|upkeep
|turn|55
|
|t:|1659067251
|switch|p1a: Dragonite|Dragonite, F|94/100
|cant|p2a: DUA LIPA|slp
|
|upkeep
|turn|56
|
|t:|1659067259
|move|p1a: Dragonite|Earthquake|p2a: DUA LIPA
|-supereffective|p2a: DUA LIPA
|-crit|p2a: DUA LIPA
|-damage|p2a: DUA LIPA|41/100 slp
|-curestatus|p2a: DUA LIPA|slp|[msg]
|move|p2a: DUA LIPA|Body Press|p1a: Dragonite
|-resisted|p1a: Dragonite
|-damage|p1a: Dragonite|39/100
|
|-heal|p2a: DUA LIPA|47/100|[from] item: Leftovers
|upkeep
|turn|57
|
|t:|1659067265
|switch|p1a: Toxapex|Toxapex, M|100/100
|-damage|p1a: Toxapex|88/100|[from] Spikes
|-damage|p1a: Toxapex|75/100|[from] Stealth Rock
|move|p2a: DUA LIPA|Body Press|p1a: Toxapex
|-resisted|p1a: Toxapex
|-damage|p1a: Toxapex|47/100
|-damage|p2a: DUA LIPA|31/100|[from] item: Rocky Helmet|[of] p1a: Toxapex
|
|-heal|p2a: DUA LIPA|37/100|[from] item: Leftovers
|upkeep
|turn|58
|
|t:|1659067272
|move|p2a: DUA LIPA|Rest|p2a: DUA LIPA
|-status|p2a: DUA LIPA|slp|[from] move: Rest
|-heal|p2a: DUA LIPA|100/100 slp|[silent]
|move|p1a: Toxapex|Haze|p1a: Toxapex
|-clearallboost
|
|upkeep
|turn|59
|
|t:|1659067275
|cant|p2a: DUA LIPA|slp
|move|p1a: Toxapex|Recover|p1a: Toxapex
|-heal|p1a: Toxapex|97/100
|
|upkeep
|turn|60
|
|t:|1659067279
|cant|p2a: DUA LIPA|slp
|move|p1a: Toxapex|Scald|p2a: DUA LIPA
|-damage|p2a: DUA LIPA|90/100 slp
|
|-heal|p2a: DUA LIPA|96/100 slp|[from] item: Leftovers
|upkeep
|turn|61
|
|t:|1659067284
|-curestatus|p2a: DUA LIPA|slp|[msg]
|move|p2a: DUA LIPA|Iron Defense|p2a: DUA LIPA
|-boost|p2a: DUA LIPA|def|2
|move|p1a: Toxapex|Toxic Spikes||[still]
|-fail|p1a: Toxapex
|
|-heal|p2a: DUA LIPA|100/100|[from] item: Leftovers
|upkeep
|turn|62
|
|t:|1659067287
|move|p2a: DUA LIPA|Amnesia|p2a: DUA LIPA
|-boost|p2a: DUA LIPA|spd|2
|move|p1a: Toxapex|Toxic Spikes||[still]
|-fail|p1a: Toxapex
|
|upkeep
|turn|63
|
|t:|1659067289
|move|p2a: DUA LIPA|Amnesia|p2a: DUA LIPA
|-boost|p2a: DUA LIPA|spd|2
|move|p1a: Toxapex|Toxic Spikes||[still]
|-fail|p1a: Toxapex
|
|upkeep
|turn|64
|
|t:|1659067294
|move|p2a: DUA LIPA|Amnesia|p2a: DUA LIPA
|-boost|p2a: DUA LIPA|spd|2
|move|p1a: Toxapex|Toxic Spikes||[still]
|-fail|p1a: Toxapex
|
|upkeep
|turn|65
|
|t:|1659067296
|move|p2a: DUA LIPA|Iron Defense|p2a: DUA LIPA
|-boost|p2a: DUA LIPA|def|2
|move|p1a: Toxapex|Toxic Spikes||[still]
|-fail|p1a: Toxapex
|
|upkeep
|turn|66
|
|t:|1659067300
|move|p2a: DUA LIPA|Amnesia|p2a: DUA LIPA
|-boost|p2a: DUA LIPA|spd|0
|move|p1a: Toxapex|Toxic Spikes||[still]
|-fail|p1a: Toxapex
|
|upkeep
|turn|67
|
|t:|1659067303
|move|p2a: DUA LIPA|Amnesia|p2a: DUA LIPA
|-boost|p2a: DUA LIPA|spd|0
|move|p1a: Toxapex|Toxic Spikes||[still]
|-fail|p1a: Toxapex
|
|upkeep
|turn|68
|
|t:|1659067307
|move|p2a: DUA LIPA|Amnesia|p2a: DUA LIPA
|-boost|p2a: DUA LIPA|spd|0
|move|p1a: Toxapex|Toxic Spikes||[still]
|-fail|p1a: Toxapex
|
|upkeep
|turn|69
|
|t:|1659067310
|move|p2a: DUA LIPA|Amnesia|p2a: DUA LIPA
|-boost|p2a: DUA LIPA|spd|0
|move|p1a: Toxapex|Toxic Spikes||[still]
|-fail|p1a: Toxapex
|
|upkeep
|turn|70
|
|t:|1659067311
|move|p2a: DUA LIPA|Amnesia|p2a: DUA LIPA
|-boost|p2a: DUA LIPA|spd|0
|move|p1a: Toxapex|Toxic Spikes||[still]
|-fail|p1a: Toxapex
|
|upkeep
|turn|71
|
|t:|1659067314
|move|p2a: DUA LIPA|Amnesia|p2a: DUA LIPA
|-boost|p2a: DUA LIPA|spd|0
|move|p1a: Toxapex|Scald|p2a: DUA LIPA
|-damage|p2a: DUA LIPA|97/100
|
|-heal|p2a: DUA LIPA|100/100|[from] item: Leftovers
|upkeep
|turn|72
|
|t:|1659067316
|move|p2a: DUA LIPA|Amnesia|p2a: DUA LIPA
|-boost|p2a: DUA LIPA|spd|0
|move|p1a: Toxapex|Scald|p2a: DUA LIPA
|-damage|p2a: DUA LIPA|97/100
|-status|p2a: DUA LIPA|brn
|
|-heal|p2a: DUA LIPA|100/100 brn|[from] item: Leftovers
|-damage|p2a: DUA LIPA|94/100 brn|[from] brn
|upkeep
|turn|73
|
|t:|1659067319
|move|p2a: DUA LIPA|Rest|p2a: DUA LIPA
|-status|p2a: DUA LIPA|slp|[from] move: Rest
|-heal|p2a: DUA LIPA|100/100 slp|[silent]
|move|p1a: Toxapex|Toxic Spikes||[still]
|-fail|p1a: Toxapex
|
|upkeep
|turn|74
|
|t:|1659067324
|cant|p2a: DUA LIPA|slp
|move|p1a: Toxapex|Toxic Spikes||[still]
|-fail|p1a: Toxapex
|
|upkeep
|turn|75
|
|t:|1659067330
|cant|p2a: DUA LIPA|slp
|move|p1a: Toxapex|Toxic Spikes||[still]
|-fail|p1a: Toxapex
|
|upkeep
|turn|76
|
|t:|1659067334
|-curestatus|p2a: DUA LIPA|slp|[msg]
|move|p2a: DUA LIPA|Amnesia|p2a: DUA LIPA
|-boost|p2a: DUA LIPA|spd|0
|move|p1a: Toxapex|Toxic Spikes||[still]
|-fail|p1a: Toxapex
|
|upkeep
|turn|77
|
|t:|1659067339
|move|p2a: DUA LIPA|Amnesia|p2a: DUA LIPA
|-boost|p2a: DUA LIPA|spd|0
|move|p1a: Toxapex|Scald|p2a: DUA LIPA
|-damage|p2a: DUA LIPA|97/100
|
|-heal|p2a: DUA LIPA|100/100|[from] item: Leftovers
|upkeep
|turn|78
|
|t:|1659067343
|move|p2a: DUA LIPA|Amnesia|p2a: DUA LIPA
|-boost|p2a: DUA LIPA|spd|0
|move|p1a: Toxapex|Toxic Spikes||[still]
|-fail|p1a: Toxapex
|
|upkeep
|turn|79
|
|t:|1659067348
|move|p2a: DUA LIPA|Amnesia|p2a: DUA LIPA
|-boost|p2a: DUA LIPA|spd|0
|move|p1a: Toxapex|Toxic Spikes||[still]
|-fail|p1a: Toxapex
|
|upkeep
|turn|80
|
|t:|1659067351
|move|p2a: DUA LIPA|Amnesia|p2a: DUA LIPA
|-boost|p2a: DUA LIPA|spd|0
|move|p1a: Toxapex|Toxic Spikes||[still]
|-fail|p1a: Toxapex
|
|upkeep
|turn|81
|
|t:|1659067356
|move|p2a: DUA LIPA|Amnesia|p2a: DUA LIPA
|-boost|p2a: DUA LIPA|spd|0
|move|p1a: Toxapex|Toxic Spikes||[still]
|-fail|p1a: Toxapex
|
|upkeep
|turn|82
|
|t:|1659067359
|move|p2a: DUA LIPA|Amnesia|p2a: DUA LIPA
|-boost|p2a: DUA LIPA|spd|0
|move|p1a: Toxapex|Toxic Spikes||[still]
|-fail|p1a: Toxapex
|
|upkeep
|turn|83
|
|t:|1659067362
|move|p2a: DUA LIPA|Amnesia|p2a: DUA LIPA
|-boost|p2a: DUA LIPA|spd|0
|move|p1a: Toxapex|Toxic Spikes||[still]
|-fail|p1a: Toxapex
|
|upkeep
|turn|84
|
|t:|1659067365
|move|p2a: DUA LIPA|Amnesia|p2a: DUA LIPA
|-boost|p2a: DUA LIPA|spd|0
|move|p1a: Toxapex|Toxic Spikes||[still]
|-fail|p1a: Toxapex
|
|upkeep
|turn|85
|
|t:|1659067368
|move|p2a: DUA LIPA|Amnesia|p2a: DUA LIPA
|-boost|p2a: DUA LIPA|spd|0
|move|p1a: Toxapex|Toxic Spikes||[still]
|-fail|p1a: Toxapex
|
|upkeep
|turn|86
|
|t:|1659067370
|move|p2a: DUA LIPA|Amnesia|p2a: DUA LIPA
|-boost|p2a: DUA LIPA|spd|0
|move|p1a: Toxapex|Toxic Spikes||[still]
|-fail|p1a: Toxapex
|
|upkeep
|turn|87
|
|t:|1659067372
|move|p2a: DUA LIPA|Amnesia|p2a: DUA LIPA
|-boost|p2a: DUA LIPA|spd|0
|move|p1a: Toxapex|Toxic Spikes||[still]
|-fail|p1a: Toxapex
|
|upkeep
|turn|88
|
|t:|1659067376
|move|p2a: DUA LIPA|Amnesia|p2a: DUA LIPA
|-boost|p2a: DUA LIPA|spd|0
|move|p1a: Toxapex|Toxic Spikes||[still]
|-fail|p1a: Toxapex
|
|upkeep
|turn|89
|
|t:|1659067379
|move|p2a: DUA LIPA|Amnesia|p2a: DUA LIPA
|-boost|p2a: DUA LIPA|spd|0
|move|p1a: Toxapex|Toxic Spikes||[still]
|-fail|p1a: Toxapex
|
|upkeep
|turn|90
|
|t:|1659067382
|move|p2a: DUA LIPA|Amnesia|p2a: DUA LIPA
|-boost|p2a: DUA LIPA|spd|0
|move|p1a: Toxapex|Toxic Spikes||[still]
|-fail|p1a: Toxapex
|
|upkeep
|turn|91
|
|t:|1659067386
|move|p2a: DUA LIPA|Amnesia|p2a: DUA LIPA
|-boost|p2a: DUA LIPA|spd|0
|move|p1a: Toxapex|Toxic Spikes||[still]
|-fail|p1a: Toxapex
|
|upkeep
|turn|92
|
|t:|1659067389
|move|p2a: DUA LIPA|Amnesia|p2a: DUA LIPA
|-boost|p2a: DUA LIPA|spd|0
|move|p1a: Toxapex|Toxic Spikes||[still]
|-fail|p1a: Toxapex
|
|upkeep
|turn|93
|
|t:|1659067394
|move|p2a: DUA LIPA|Amnesia|p2a: DUA LIPA
|-boost|p2a: DUA LIPA|spd|0
|move|p1a: Toxapex|Toxic Spikes||[still]
|-fail|p1a: Toxapex
|
|upkeep
|turn|94
|
|t:|1659067398
|move|p2a: DUA LIPA|Iron Defense|p2a: DUA LIPA
|-boost|p2a: DUA LIPA|def|2
|move|p1a: Toxapex|Recover|p1a: Toxapex
|-heal|p1a: Toxapex|100/100
|
|upkeep
|turn|95
|
|t:|1659067402
|move|p2a: DUA LIPA|Rest|p2a: DUA LIPA
|-fail|p2a: DUA LIPA|heal
|move|p1a: Toxapex|Haze|p1a: Toxapex
|-clearallboost
|
|upkeep
|turn|96
|
|t:|1659067409
|move|p2a: DUA LIPA|Iron Defense|p2a: DUA LIPA
|-boost|p2a: DUA LIPA|def|2
|move|p1a: Toxapex|Scald|p2a: DUA LIPA
|-damage|p2a: DUA LIPA|90/100
|-status|p2a: DUA LIPA|brn
|
|-heal|p2a: DUA LIPA|96/100 brn|[from] item: Leftovers
|-damage|p2a: DUA LIPA|90/100 brn|[from] brn
|upkeep
|turn|97
|
|t:|1659067414
|switch|p1a: Dragonite|Dragonite, F|39/100
|move|p2a: DUA LIPA|Rest|p2a: DUA LIPA
|-status|p2a: DUA LIPA|slp|[from] move: Rest
|-heal|p2a: DUA LIPA|100/100 slp|[silent]
|
|upkeep
|turn|98
|
|t:|1659067418
|move|p1a: Dragonite|Roost|p1a: Dragonite
|-heal|p1a: Dragonite|89/100
|-singleturn|p1a: Dragonite|move: Roost
|cant|p2a: DUA LIPA|slp
|
|upkeep
|turn|99
|
|t:|1659067421
|move|p1a: Dragonite|Roost|p1a: Dragonite
|-heal|p1a: Dragonite|100/100
|-singleturn|p1a: Dragonite|move: Roost
|cant|p2a: DUA LIPA|slp
|
|upkeep
|turn|100
|
|t:|1659067424
|switch|p1a: Toxapex|Toxapex, M|100/100
|-damage|p1a: Toxapex|88/100|[from] Stealth Rock
|-damage|p1a: Toxapex|75/100|[from] Spikes
|-curestatus|p2a: DUA LIPA|slp|[msg]
|move|p2a: DUA LIPA|Iron Defense|p2a: DUA LIPA
|-boost|p2a: DUA LIPA|def|2
|
|upkeep
|turn|101
|
|t:|1659067428
|move|p2a: DUA LIPA|Amnesia|p2a: DUA LIPA
|-boost|p2a: DUA LIPA|spd|2
|move|p1a: Toxapex|Scald|p2a: DUA LIPA
|-damage|p2a: DUA LIPA|94/100
|
|-heal|p2a: DUA LIPA|100/100|[from] item: Leftovers
|upkeep
|turn|102
|
|t:|1659067434
|move|p2a: DUA LIPA|Body Press|p1a: Toxapex
|-resisted|p1a: Toxapex
|-damage|p1a: Toxapex|44/100
|-damage|p2a: DUA LIPA|84/100|[from] item: Rocky Helmet|[of] p1a: Toxapex
|move|p1a: Toxapex|Scald|p2a: DUA LIPA
|-damage|p2a: DUA LIPA|79/100
|
|-heal|p2a: DUA LIPA|85/100|[from] item: Leftovers
|upkeep
|turn|103
|
|t:|1659067437
|move|p2a: DUA LIPA|Rest|p2a: DUA LIPA
|-status|p2a: DUA LIPA|slp|[from] move: Rest
|-heal|p2a: DUA LIPA|100/100 slp|[silent]
|move|p1a: Toxapex|Recover|p1a: Toxapex
|-heal|p1a: Toxapex|94/100
|
|upkeep
|turn|104
|
|t:|1659067440
|cant|p2a: DUA LIPA|slp
|move|p1a: Toxapex|Scald|p2a: DUA LIPA
|-damage|p2a: DUA LIPA|94/100 slp
|
|-heal|p2a: DUA LIPA|100/100 slp|[from] item: Leftovers
|upkeep
|turn|105
|
|t:|1659067443
|switch|p1a: Landorus|Landorus-Therian, M|93/100
|-damage|p1a: Landorus|81/100|[from] Stealth Rock
|-ability|p1a: Landorus|Intimidate|boost
|-fail|p2a: DUA LIPA|unboost|[from] ability: Clear Body|[of] p2a: DUA LIPA
|cant|p2a: DUA LIPA|slp
|
|-heal|p1a: Landorus|87/100|[from] item: Leftovers
|upkeep
|turn|106
|
|t:|1659067447
|move|p1a: Landorus|U-turn|p2a: DUA LIPA
|-resisted|p2a: DUA LIPA
|-damage|p2a: DUA LIPA|99/100 slp
|
|t:|1659067450
|switch|p1a: Toxapex|Toxapex, M|100/100|[from]move: U-turn
|-damage|p1a: Toxapex|88/100|[from] Stealth Rock
|-damage|p1a: Toxapex|75/100|[from] Spikes
|-curestatus|p2a: DUA LIPA|slp|[msg]
|move|p2a: DUA LIPA|Body Press|p1a: Toxapex
|-resisted|p1a: Toxapex
|-damage|p1a: Toxapex|44/100
|-damage|p2a: DUA LIPA|82/100|[from] item: Rocky Helmet|[of] p1a: Toxapex
|
|-heal|p2a: DUA LIPA|88/100|[from] item: Leftovers
|upkeep
|turn|107
|
|t:|1659067454
|move|p2a: DUA LIPA|Iron Defense|p2a: DUA LIPA
|-boost|p2a: DUA LIPA|def|2
|move|p1a: Toxapex|Haze|p1a: Toxapex
|-clearallboost
|
|-heal|p2a: DUA LIPA|94/100|[from] item: Leftovers
|upkeep
|turn|108
|
|t:|1659067457
|move|p2a: DUA LIPA|Iron Defense|p2a: DUA LIPA
|-boost|p2a: DUA LIPA|def|2
|move|p1a: Toxapex|Recover|p1a: Toxapex
|-heal|p1a: Toxapex|94/100
|
|-heal|p2a: DUA LIPA|99/100|[from] item: Leftovers
|upkeep
|turn|109
|
|t:|1659067461
|move|p2a: DUA LIPA|Iron Defense|p2a: DUA LIPA
|-boost|p2a: DUA LIPA|def|2
|move|p1a: Toxapex|Scald|p2a: DUA LIPA
|-damage|p2a: DUA LIPA|90/100
|-status|p2a: DUA LIPA|brn
|
|-heal|p2a: DUA LIPA|96/100 brn|[from] item: Leftovers
|-damage|p2a: DUA LIPA|90/100 brn|[from] brn
|upkeep
|turn|110
|
|t:|1659067471
|switch|p1a: Dragonite|Dragonite, F|100/100
|move|p2a: DUA LIPA|Rest|p2a: DUA LIPA
|-status|p2a: DUA LIPA|slp|[from] move: Rest
|-heal|p2a: DUA LIPA|100/100 slp|[silent]
|
|upkeep
|turn|111
|
|t:|1659067474
|move|p1a: Dragonite|Dragon Dance|p1a: Dragonite
|-boost|p1a: Dragonite|atk|1
|-boost|p1a: Dragonite|spe|1
|cant|p2a: DUA LIPA|slp
|
|upkeep
|turn|112
|
|t:|1659067477
|move|p1a: Dragonite|Dragon Dance|p1a: Dragonite
|-boost|p1a: Dragonite|atk|1
|-boost|p1a: Dragonite|spe|1
|cant|p2a: DUA LIPA|slp
|
|upkeep
|turn|113
|
|t:|1659067479
|move|p1a: Dragonite|Earthquake|p2a: DUA LIPA
|-supereffective|p2a: DUA LIPA
|-damage|p2a: DUA LIPA|76/100 slp
|-curestatus|p2a: DUA LIPA|slp|[msg]
|move|p2a: DUA LIPA|Iron Defense|p2a: DUA LIPA
|-boost|p2a: DUA LIPA|def|2
|
|-heal|p2a: DUA LIPA|82/100|[from] item: Leftovers
|upkeep
|turn|114
|
|t:|1659067485
|move|p1a: Dragonite|Fire Punch|p2a: DUA LIPA
|-supereffective|p2a: DUA LIPA
|-damage|p2a: DUA LIPA|68/100
|move|p2a: DUA LIPA|Body Press|p1a: Dragonite
|-resisted|p1a: Dragonite
|-damage|p1a: Dragonite|66/100
|
|-heal|p2a: DUA LIPA|74/100|[from] item: Leftovers
|upkeep
|turn|115
|
|t:|1659067491
|move|p1a: Dragonite|Roost|p1a: Dragonite
|-heal|p1a: Dragonite|100/100
|-singleturn|p1a: Dragonite|move: Roost
|move|p2a: DUA LIPA|Body Press|p1a: Dragonite
|-damage|p1a: Dragonite|23/100
|
|-heal|p2a: DUA LIPA|80/100|[from] item: Leftovers
|upkeep
|turn|116
|
|t:|1659067501
|switch|p1a: Toxapex|Toxapex, M|100/100
|-damage|p1a: Toxapex|88/100|[from] Stealth Rock
|-damage|p1a: Toxapex|75/100|[from] Spikes
|move|p2a: DUA LIPA|Body Press|p1a: Toxapex
|-resisted|p1a: Toxapex
|-damage|p1a: Toxapex|37/100
|-damage|p2a: DUA LIPA|64/100|[from] item: Rocky Helmet|[of] p1a: Toxapex
|
|-heal|p2a: DUA LIPA|70/100|[from] item: Leftovers
|upkeep
|turn|117
|
|t:|1659067507
|move|p2a: DUA LIPA|Body Press|p1a: Toxapex
|-resisted|p1a: Toxapex
|-damage|p1a: Toxapex|0 fnt
|-damage|p2a: DUA LIPA|53/100|[from] item: Rocky Helmet|[of] p1a: Toxapex
|faint|p1a: Toxapex
|
|-heal|p2a: DUA LIPA|59/100|[from] item: Leftovers
|upkeep
|c|☆eXgirlXjeze|omg
|c|☆eXgirlXjeze|i fucked myself
|c|☆eXgirlXjeze|gg opponent
|c|☆Sww-Suwa|gg
|c|☆eXgirlXjeze|registeel really is that good
|c|☆eXgirlXjeze|its kind of like 
|c|☆eXgirlXjeze|rachi
|inactive|eXgirlXjeze has 270 seconds left.
|
|t:|1659067542
|switch|p1a: Landorus|Landorus-Therian, M|87/100
|-damage|p1a: Landorus|75/100|[from] Stealth Rock
|-ability|p1a: Landorus|Intimidate|boost
|-fail|p2a: DUA LIPA|unboost|[from] ability: Clear Body|[of] p2a: DUA LIPA
|turn|118
|
|t:|1659067546
|move|p1a: Landorus|Earthquake|p2a: DUA LIPA
|-supereffective|p2a: DUA LIPA
|-damage|p2a: DUA LIPA|46/100
|move|p2a: DUA LIPA|Body Press|p1a: Landorus
|-resisted|p1a: Landorus
|-damage|p1a: Landorus|6/100
|
|-heal|p1a: Landorus|12/100|[from] item: Leftovers
|-heal|p2a: DUA LIPA|52/100|[from] item: Leftovers
|upkeep
|turn|119
|
|t:|1659067549
|move|p1a: Landorus|Earthquake|p2a: DUA LIPA
|-supereffective|p2a: DUA LIPA
|-damage|p2a: DUA LIPA|39/100
|move|p2a: DUA LIPA|Body Press|p1a: Landorus
|-resisted|p1a: Landorus
|-damage|p1a: Landorus|0 fnt
|faint|p1a: Landorus
|
|-heal|p2a: DUA LIPA|45/100|[from] item: Leftovers
|upkeep
|
|t:|1659067552
|switch|p1a: Dragonite|Dragonite, F|23/100
|turn|120
|
|t:|1659067557
|move|p1a: Dragonite|Earthquake|p2a: DUA LIPA
|-supereffective|p2a: DUA LIPA
|-damage|p2a: DUA LIPA|36/100
|move|p2a: DUA LIPA|Body Press|p1a: Dragonite
|-resisted|p1a: Dragonite
|-damage|p1a: Dragonite|0 fnt
|faint|p1a: Dragonite
|
|win|Sww-Suwa
|l|☆eXgirlXjeze
