|inactive|Battle timer is ON: inactive players will automatically lose when time's up.
|t:|1633889545
|gametype|singles
|player|p1|MichaelderBeste2|#scl1platoon|
|player|p2|lonietzzz|pokemonbreederf|
|teamsize|p1|6
|teamsize|p2|6
|gen|8
|tier|[Gen 8] OU
|rule|Sleep Clause Mod: Limit one foe put to sleep
|rule|Species Clause: Limit one of each Pokémon
|rule|OHKO Clause: OHKO moves are banned
|rule|Evasion Moves Clause: Evasion moves are banned
|rule|Endless Battle Clause: Forcing endless battles is banned
|rule|HP Percentage Mod: HP is shown in percentages
|rule|Dynamax Clause: You cannot dynamax
|clearpoke
|poke|p1|Tapu Koko|
|poke|p1|Victini|
|poke|p1|Tornadus-Therian, M|
|poke|p1|Ferrothorn, F|
|poke|p1|Slowbro, M|
|poke|p1|Landorus-Therian, M|
|poke|p2|Volcanion|
|poke|p2|Ninetales-Alola, F|
|poke|p2|Corviknight, F|
|poke|p2|Arctozolt|
|poke|p2|Landorus-Therian, M|
|poke|p2|Tornadus-Therian, M|
|teampreview
|c|☆MichaelderBeste2|hf
|c|☆lonietzzz|glhf
|inactive|MichaelderBeste2 has 270 seconds left.
|inactive|lonietzzz has 270 seconds left.
|
|t:|1633889603
|start
|switch|p1a: Slowbro|Slowbro, M|100/100
|switch|p2a: Volcanion|Volcanion|100/100
|turn|1
|
|t:|1633889621
|move|p2a: Volcanion|Steam Eruption|p1a: Slowbro
|-resisted|p1a: Slowbro
|-damage|p1a: Slowbro|56/100
|move|p1a: Slowbro|Teleport|p1a: Slowbro
|
|t:|1633889645
|switch|p1a: Tornadus|Tornadus-Therian, M|100/100|[from]move: Teleport
|
|upkeep
|turn|2
|
|t:|1633889658
|move|p1a: Tornadus|Knock Off|p2a: Volcanion
|-damage|p2a: Volcanion|80/100
|-enditem|p2a: Volcanion|Choice Specs|[from] move: Knock Off|[of] p1a: Tornadus
|move|p2a: Volcanion|Steam Eruption|p1a: Tornadus
|-damage|p1a: Tornadus|60/100
|
|upkeep
|turn|3
|
|t:|1633889665
|move|p1a: Tornadus|U-turn|p2a: Volcanion
|-resisted|p2a: Volcanion
|-damage|p2a: Volcanion|74/100
|
|t:|1633889667
|switch|p1a: Slowbro|Slowbro, M|89/100|[from]move: U-turn
|move|p2a: Volcanion|Steam Eruption|p1a: Slowbro
|-resisted|p1a: Slowbro
|-damage|p1a: Slowbro|61/100
|
|upkeep
|turn|4
|inactive|lonietzzz has 270 seconds left.
|
|t:|1633889708
|switch|p2a: Tornadus|Tornadus-Therian, M|100/100
|move|p1a: Slowbro|Slack Off|p1a: Slowbro
|-heal|p1a: Slowbro|100/100
|
|upkeep
|turn|5
|
|t:|1633889717
|move|p2a: Tornadus|Knock Off|p1a: Slowbro
|-supereffective|p1a: Slowbro
|-enditem|p1a: Slowbro|Colbur Berry|[eat]
|-enditem|p1a: Slowbro|Colbur Berry|[weaken]
|-damage|p1a: Slowbro|88/100
|move|p1a: Slowbro|Ice Beam|p2a: Tornadus
|-supereffective|p2a: Tornadus
|-damage|p2a: Tornadus|72/100
|
|upkeep
|turn|6
|inactive|lonietzzz has 270 seconds left.
|
|t:|1633889732
|move|p2a: Tornadus|U-turn|p1a: Slowbro
|-supereffective|p1a: Slowbro
|-damage|p1a: Slowbro|71/100
|
|t:|1633889736
|switch|p2a: Ninetales|Ninetales-Alola, F|100/100|[from]move: U-turn
|-weather|Hail|[from] ability: Snow Warning|[of] p2a: Ninetales
|move|p1a: Slowbro|Teleport|p1a: Slowbro
|
|t:|1633889743
|switch|p1a: Ferrothorn|Ferrothorn, F|100/100|[from]move: Teleport
|
|-weather|Hail|[upkeep]
|-damage|p1a: Ferrothorn|94/100|[from] Hail
|-heal|p1a: Ferrothorn|100/100|[from] item: Leftovers
|upkeep
|turn|7
|
|t:|1633889762
|move|p2a: Ninetales|Hypnosis|p1a: Ferrothorn
|-status|p1a: Ferrothorn|slp|[from] move: Hypnosis
|cant|p1a: Ferrothorn|slp
|
|-weather|Hail|[upkeep]
|-damage|p1a: Ferrothorn|94/100 slp|[from] Hail
|-heal|p1a: Ferrothorn|100/100 slp|[from] item: Leftovers
|upkeep
|turn|8
|
|t:|1633889768
|switch|p2a: Tornadus|Tornadus-Therian, M|100/100
|cant|p1a: Ferrothorn|slp
|
|-weather|Hail|[upkeep]
|-damage|p2a: Tornadus|94/100|[from] Hail
|-damage|p1a: Ferrothorn|94/100 slp|[from] Hail
|-heal|p1a: Ferrothorn|100/100 slp|[from] item: Leftovers
|upkeep
|turn|9
|
|t:|1633889776
|move|p2a: Tornadus|U-turn|p1a: Ferrothorn
|-damage|p1a: Ferrothorn|89/100 slp
|-damage|p2a: Tornadus|82/100|[from] ability: Iron Barbs|[of] p1a: Ferrothorn
|
|t:|1633889779
|switch|p2a: Corviknight|Corviknight, F|100/100|[from]move: U-turn
|-ability|p2a: Corviknight|Pressure
|cant|p1a: Ferrothorn|slp
|
|-weather|Hail|[upkeep]
|-damage|p2a: Corviknight|94/100|[from] Hail
|-damage|p1a: Ferrothorn|82/100 slp|[from] Hail
|-heal|p1a: Ferrothorn|89/100 slp|[from] item: Leftovers
|upkeep
|turn|10
|
|t:|1633889783
|move|p2a: Corviknight|Body Press|p1a: Ferrothorn
|-supereffective|p1a: Ferrothorn
|-damage|p1a: Ferrothorn|47/100 slp
|-damage|p2a: Corviknight|82/100|[from] ability: Iron Barbs|[of] p1a: Ferrothorn
|-curestatus|p1a: Ferrothorn|slp|[msg]
|move|p1a: Ferrothorn|Leech Seed|p2a: Corviknight
|-start|p2a: Corviknight|move: Leech Seed
|
|-weather|Hail|[upkeep]
|-damage|p2a: Corviknight|76/100|[from] Hail
|-damage|p1a: Ferrothorn|41/100|[from] Hail
|-heal|p1a: Ferrothorn|47/100|[from] item: Leftovers
|-damage|p2a: Corviknight|64/100|[from] Leech Seed|[of] p1a: Ferrothorn
|-heal|p1a: Ferrothorn|61/100|[silent]
|upkeep
|turn|11
|
|t:|1633889790
|switch|p2a: Tornadus|Tornadus-Therian, M|100/100
|move|p1a: Ferrothorn|Stealth Rock|p2a: Tornadus
|-sidestart|p2: lonietzzz|move: Stealth Rock
|
|-weather|Hail|[upkeep]
|-damage|p2a: Tornadus|94/100|[from] Hail
|-damage|p1a: Ferrothorn|55/100|[from] Hail
|-heal|p1a: Ferrothorn|61/100|[from] item: Leftovers
|upkeep
|turn|12
|
|t:|1633889799
|switch|p1a: Tapu Koko|Tapu Koko|100/100
|-fieldstart|move: Electric Terrain|[from] ability: Electric Surge|[of] p1a: Tapu Koko
|move|p2a: Tornadus|Heat Wave|p1a: Tapu Koko
|-damage|p1a: Tapu Koko|66/100
|
|-weather|Hail|[upkeep]
|-damage|p1a: Tapu Koko|60/100|[from] Hail
|-damage|p2a: Tornadus|88/100|[from] Hail
|upkeep
|turn|13
|
|t:|1633889828
|move|p1a: Tapu Koko|Roost|p1a: Tapu Koko
|-heal|p1a: Tapu Koko|100/100
|-singleturn|p1a: Tapu Koko|move: Roost
|move|p2a: Tornadus|U-turn|p1a: Tapu Koko
|-resisted|p1a: Tapu Koko
|-damage|p1a: Tapu Koko|91/100
|
|t:|1633889830
|switch|p2a: Landorus|Landorus-Therian, M|100/100|[from]move: U-turn
|-damage|p2a: Landorus|88/100|[from] Stealth Rock
|-ability|p2a: Landorus|Intimidate|boost
|-unboost|p1a: Tapu Koko|atk|1
|
|-weather|none
|-heal|p2a: Landorus|94/100|[from] item: Leftovers
|upkeep
|turn|14
|
|t:|1633889838
|switch|p1a: Slowbro|Slowbro, M|100/100
|move|p2a: Landorus|Defog|p1a: Slowbro
|-unboost|p1a: Slowbro|evasion|1
|-sideend|p2: lonietzzz|Stealth Rock|[from] move: Defog|[of] p2a: Landorus
|-fieldend|move: Electric Terrain
|
|-heal|p2a: Landorus|99/100|[from] item: Leftovers
|upkeep
|turn|15
|
|t:|1633889845
|move|p2a: Landorus|U-turn|p1a: Slowbro
|-supereffective|p1a: Slowbro
|-damage|p1a: Slowbro|74/100
|
|t:|1633889846
|switch|p2a: Tornadus|Tornadus-Therian, M|100/100|[from]move: U-turn
|move|p1a: Slowbro|Teleport|p1a: Slowbro
|
|t:|1633889864
|switch|p1a: Ferrothorn|Ferrothorn, F|61/100|[from]move: Teleport
|
|-heal|p1a: Ferrothorn|67/100|[from] item: Leftovers
|upkeep
|turn|16
|
|t:|1633889871
|switch|p1a: Slowbro|Slowbro, M|100/100
|move|p2a: Tornadus|U-turn|p1a: Slowbro
|-supereffective|p1a: Slowbro
|-damage|p1a: Slowbro|85/100
|
|t:|1633889879
|switch|p2a: Ninetales|Ninetales-Alola, F|100/100|[from]move: U-turn
|-weather|Hail|[from] ability: Snow Warning|[of] p2a: Ninetales
|
|-weather|Hail|[upkeep]
|-damage|p1a: Slowbro|79/100|[from] Hail
|upkeep
|turn|17
|
|t:|1633889895
|move|p2a: Ninetales|Hypnosis|p1a: Slowbro|[miss]
|-miss|p2a: Ninetales|p1a: Slowbro
|move|p1a: Slowbro|Teleport|p1a: Slowbro
|
|t:|1633889905
|switch|p1a: Victini|Victini|100/100|[from]move: Teleport
|
|-weather|Hail|[upkeep]
|-damage|p1a: Victini|94/100|[from] Hail
|upkeep
|turn|18
|
|t:|1633889913
|switch|p2a: Landorus|Landorus-Therian, M|99/100
|-ability|p2a: Landorus|Intimidate|boost
|-unboost|p1a: Victini|atk|1
|move|p1a: Victini|V-create|p2a: Landorus
|-damage|p2a: Landorus|50/100
|-unboost|p1a: Victini|spe|1
|-unboost|p1a: Victini|def|1
|-unboost|p1a: Victini|spd|1
|
|-weather|Hail|[upkeep]
|-damage|p1a: Victini|88/100|[from] Hail
|-damage|p2a: Landorus|44/100|[from] Hail
|-heal|p2a: Landorus|50/100|[from] item: Leftovers
|upkeep
|turn|19
|
|t:|1633889920
|switch|p1a: Landorus|Landorus-Therian, M|100/100
|-ability|p1a: Landorus|Intimidate|boost
|-unboost|p2a: Landorus|atk|1
|move|p2a: Landorus|U-turn|p1a: Landorus
|-resisted|p1a: Landorus
|-crit|p1a: Landorus
|-damage|p1a: Landorus|87/100
|
|t:|1633889923
|switch|p2a: Arctozolt|Arctozolt|100/100|[from]move: U-turn
|
|-weather|Hail|[upkeep]
|-damage|p1a: Landorus|81/100|[from] Hail
|-heal|p1a: Landorus|87/100|[from] item: Leftovers
|upkeep
|turn|20
|
|t:|1633889937
|move|p2a: Arctozolt|Substitute|p2a: Arctozolt
|-start|p2a: Arctozolt|Substitute
|-damage|p2a: Arctozolt|76/100
|move|p1a: Landorus|U-turn|p2a: Arctozolt
|-end|p2a: Arctozolt|Substitute
|
|t:|1633889945
|switch|p1a: Ferrothorn|Ferrothorn, F|67/100|[from]move: U-turn
|
|-weather|Hail|[upkeep]
|-damage|p1a: Ferrothorn|61/100|[from] Hail
|-heal|p1a: Ferrothorn|67/100|[from] item: Leftovers
|upkeep
|turn|21
|inactive|lonietzzz has 270 seconds left.
|
|t:|1633889996
|move|p2a: Arctozolt|Blizzard|p1a: Ferrothorn
|-damage|p1a: Ferrothorn|43/100
|move|p1a: Ferrothorn|Stealth Rock|p2a: Arctozolt
|-sidestart|p2: lonietzzz|move: Stealth Rock
|
|-weather|Hail|[upkeep]
|-damage|p1a: Ferrothorn|37/100|[from] Hail
|-heal|p1a: Ferrothorn|43/100|[from] item: Leftovers
|upkeep
|turn|22
|
|t:|1633890015
|switch|p2a: Corviknight|Corviknight, F|64/100
|-damage|p2a: Corviknight|52/100|[from] Stealth Rock
|-ability|p2a: Corviknight|Pressure
|move|p1a: Ferrothorn|Leech Seed|p2a: Corviknight|[miss]
|-miss|p1a: Ferrothorn|p2a: Corviknight
|
|-weather|Hail|[upkeep]
|-damage|p2a: Corviknight|46/100|[from] Hail
|-damage|p1a: Ferrothorn|37/100|[from] Hail
|-heal|p1a: Ferrothorn|43/100|[from] item: Leftovers
|upkeep
|turn|23
|
|t:|1633890029
|switch|p1a: Tapu Koko|Tapu Koko|91/100
|-fieldstart|move: Electric Terrain|[from] ability: Electric Surge|[of] p1a: Tapu Koko
|move|p2a: Corviknight|Body Press|p1a: Tapu Koko
|-resisted|p1a: Tapu Koko
|-damage|p1a: Tapu Koko|73/100
|
|-weather|none
|upkeep
|turn|24
|
|t:|1633890041
|switch|p2a: Landorus|Landorus-Therian, M|50/100
|-damage|p2a: Landorus|38/100|[from] Stealth Rock
|-ability|p2a: Landorus|Intimidate|boost
|-unboost|p1a: Tapu Koko|atk|1
|move|p1a: Tapu Koko|Volt Switch|p2a: Landorus
|-immune|p2a: Landorus
|
|-heal|p2a: Landorus|44/100|[from] item: Leftovers
|upkeep
|turn|25
|
|t:|1633890047
|move|p1a: Tapu Koko|Dazzling Gleam|p2a: Landorus
|-damage|p2a: Landorus|19/100
|move|p2a: Landorus|Defog|p1a: Tapu Koko
|-unboost|p1a: Tapu Koko|evasion|1
|-sideend|p2: lonietzzz|Stealth Rock|[from] move: Defog|[of] p2a: Landorus
|-fieldend|move: Electric Terrain
|
|-heal|p2a: Landorus|25/100|[from] item: Leftovers
|upkeep
|turn|26
|
|t:|1633890061
|move|p1a: Tapu Koko|Dazzling Gleam|p2a: Landorus
|-damage|p2a: Landorus|0 fnt
|faint|p2a: Landorus
|
|upkeep
|
|t:|1633890071
|switch|p2a: Ninetales|Ninetales-Alola, F|100/100
|-weather|Hail|[from] ability: Snow Warning|[of] p2a: Ninetales
|turn|27
|
|t:|1633890076
|move|p1a: Tapu Koko|Volt Switch|p2a: Ninetales
|-damage|p2a: Ninetales|73/100
|
|t:|1633890080
|switch|p1a: Tornadus|Tornadus-Therian, M|93/100|[from]move: Volt Switch
|move|p2a: Ninetales|Hypnosis|p1a: Tornadus|[miss]
|-miss|p2a: Ninetales|p1a: Tornadus
|
|-weather|Hail|[upkeep]
|-damage|p1a: Tornadus|87/100|[from] Hail
|upkeep
|turn|28
|inactive|lonietzzz has 270 seconds left.
|
|t:|1633890095
|move|p1a: Tornadus|U-turn|p2a: Ninetales
|-resisted|p2a: Ninetales
|-damage|p2a: Ninetales|64/100
|
|t:|1633890097
|switch|p1a: Tapu Koko|Tapu Koko|73/100|[from]move: U-turn
|-fieldstart|move: Electric Terrain|[from] ability: Electric Surge|[of] p1a: Tapu Koko
|move|p2a: Ninetales|Hypnosis|p1a: Tapu Koko
|-activate|p1a: Tapu Koko|move: Electric Terrain
|
|-weather|Hail|[upkeep]
|-damage|p1a: Tapu Koko|67/100|[from] Hail
|upkeep
|turn|29
|inactive|lonietzzz has 270 seconds left.
|
|t:|1633890113
|move|p1a: Tapu Koko|Volt Switch|p2a: Ninetales
|-damage|p2a: Ninetales|24/100
|
|t:|1633890116
|switch|p1a: Victini|Victini|88/100|[from]move: Volt Switch
|move|p2a: Ninetales|Aurora Veil|p2a: Ninetales
|-sidestart|p2: lonietzzz|move: Aurora Veil
|
|-weather|Hail|[upkeep]
|-damage|p1a: Victini|82/100|[from] Hail
|upkeep
|turn|30
|
|t:|1633890126
|move|p2a: Ninetales|Freeze-Dry|p1a: Victini
|-resisted|p1a: Victini
|-damage|p1a: Victini|71/100
|move|p1a: Victini|U-turn|p2a: Ninetales
|-resisted|p2a: Ninetales
|-damage|p2a: Ninetales|18/100
|
|t:|1633890130
|switch|p1a: Ferrothorn|Ferrothorn, F|43/100|[from]move: U-turn
|
|-weather|Hail|[upkeep]
|-damage|p1a: Ferrothorn|37/100|[from] Hail
|-heal|p1a: Ferrothorn|43/100|[from] item: Leftovers
|upkeep
|turn|31
|
|t:|1633890136
|switch|p2a: Tornadus|Tornadus-Therian, M|100/100
|move|p1a: Ferrothorn|Stealth Rock|p2a: Tornadus
|-sidestart|p2: lonietzzz|move: Stealth Rock
|
|-weather|Hail|[upkeep]
|-damage|p2a: Tornadus|94/100|[from] Hail
|-damage|p1a: Ferrothorn|37/100|[from] Hail
|-heal|p1a: Ferrothorn|43/100|[from] item: Leftovers
|upkeep
|turn|32
|
|t:|1633890149
|move|p2a: Tornadus|U-turn|p1a: Ferrothorn
|-damage|p1a: Ferrothorn|32/100
|-damage|p2a: Tornadus|82/100|[from] ability: Iron Barbs|[of] p1a: Ferrothorn
|
|t:|1633890152
|switch|p2a: Corviknight|Corviknight, F|46/100|[from]move: U-turn
|-damage|p2a: Corviknight|33/100|[from] Stealth Rock
|-ability|p2a: Corviknight|Pressure
|move|p1a: Ferrothorn|Leech Seed|p2a: Corviknight
|-start|p2a: Corviknight|move: Leech Seed
|
|-weather|Hail|[upkeep]
|-damage|p2a: Corviknight|27/100|[from] Hail
|-damage|p1a: Ferrothorn|26/100|[from] Hail
|-heal|p1a: Ferrothorn|32/100|[from] item: Leftovers
|-damage|p2a: Corviknight|15/100|[from] Leech Seed|[of] p1a: Ferrothorn
|-heal|p1a: Ferrothorn|46/100|[silent]
|-fieldend|move: Electric Terrain
|upkeep
|turn|33
|
|t:|1633890157
|switch|p1a: Tapu Koko|Tapu Koko|67/100
|-fieldstart|move: Electric Terrain|[from] ability: Electric Surge|[of] p1a: Tapu Koko
|move|p2a: Corviknight|Defog|p1a: Tapu Koko
|-unboost|p1a: Tapu Koko|evasion|1
|-sideend|p2: lonietzzz|Stealth Rock|[from] move: Defog|[of] p2a: Corviknight
|-fieldend|move: Electric Terrain
|
|-weather|Hail|[upkeep]
|-damage|p1a: Tapu Koko|61/100|[from] Hail
|-damage|p2a: Corviknight|9/100|[from] Hail
|-damage|p2a: Corviknight|0 fnt|[from] Leech Seed|[of] p1a: Tapu Koko
|-heal|p1a: Tapu Koko|73/100|[silent]
|faint|p2a: Corviknight
|-sideend|p2: lonietzzz|move: Aurora Veil
|upkeep
|
|t:|1633890161
|switch|p2a: Arctozolt|Arctozolt|76/100
|turn|34
|
|t:|1633890165
|move|p2a: Arctozolt|Blizzard|p1a: Tapu Koko
|-damage|p1a: Tapu Koko|15/100
|move|p1a: Tapu Koko|Roost|p1a: Tapu Koko
|-heal|p1a: Tapu Koko|65/100
|-singleturn|p1a: Tapu Koko|move: Roost
|
|-weather|none
|upkeep
|turn|35
|
|t:|1633890184
|move|p1a: Tapu Koko|Roost|p1a: Tapu Koko
|-heal|p1a: Tapu Koko|100/100
|-singleturn|p1a: Tapu Koko|move: Roost
|move|p2a: Arctozolt|Blizzard|p1a: Tapu Koko
|-damage|p1a: Tapu Koko|40/100
|
|upkeep
|turn|36
|
|t:|1633890194
|move|p1a: Tapu Koko|Roost|p1a: Tapu Koko
|-heal|p1a: Tapu Koko|91/100
|-singleturn|p1a: Tapu Koko|move: Roost
|move|p2a: Arctozolt|Blizzard|p1a: Tapu Koko
|-damage|p1a: Tapu Koko|30/100
|
|upkeep
|turn|37
|
|t:|1633890199
|move|p1a: Tapu Koko|Roost|p1a: Tapu Koko
|-heal|p1a: Tapu Koko|80/100
|-singleturn|p1a: Tapu Koko|move: Roost
|move|p2a: Arctozolt|Blizzard|p1a: Tapu Koko
|-damage|p1a: Tapu Koko|22/100
|
|upkeep
|turn|38
|
|t:|1633890203
|move|p1a: Tapu Koko|Roost|p1a: Tapu Koko
|-heal|p1a: Tapu Koko|72/100
|-singleturn|p1a: Tapu Koko|move: Roost
|move|p2a: Arctozolt|Blizzard|p1a: Tapu Koko
|-damage|p1a: Tapu Koko|11/100
|
|upkeep
|turn|39
|
|t:|1633890207
|move|p1a: Tapu Koko|Volt Switch|p2a: Arctozolt
|-resisted|p2a: Arctozolt
|-damage|p2a: Arctozolt|53/100
|
|t:|1633890209
|switch|p1a: Victini|Victini|71/100|[from]move: Volt Switch
|move|p2a: Arctozolt|Blizzard|p1a: Victini
|-resisted|p1a: Victini
|-damage|p1a: Victini|54/100
|
|upkeep
|turn|40
|
|t:|1633890220
|move|p1a: Victini|U-turn|p2a: Arctozolt
|-damage|p2a: Arctozolt|30/100
|
|t:|1633890225
|switch|p1a: Ferrothorn|Ferrothorn, F|46/100|[from]move: U-turn
|move|p2a: Arctozolt|Bolt Beak|p1a: Ferrothorn
|-resisted|p1a: Ferrothorn
|-damage|p1a: Ferrothorn|18/100
|-damage|p2a: Arctozolt|18/100|[from] ability: Iron Barbs|[of] p1a: Ferrothorn
|
|-heal|p1a: Ferrothorn|24/100|[from] item: Leftovers
|upkeep
|turn|41
|
|t:|1633890246
|switch|p1a: Victini|Victini|54/100
|move|p2a: Arctozolt|Bolt Beak|p1a: Victini
|-damage|p1a: Victini|0 fnt
|faint|p1a: Victini
|
|upkeep
|
|t:|1633890248
|switch|p1a: Tapu Koko|Tapu Koko|11/100
|-fieldstart|move: Electric Terrain|[from] ability: Electric Surge|[of] p1a: Tapu Koko
|turn|42
|
|t:|1633890263
|switch|p2a: Ninetales|Ninetales-Alola, F|18/100
|-weather|Hail|[from] ability: Snow Warning|[of] p2a: Ninetales
|move|p1a: Tapu Koko|Roost|p1a: Tapu Koko
|-heal|p1a: Tapu Koko|61/100
|-singleturn|p1a: Tapu Koko|move: Roost
|
|-weather|Hail|[upkeep]
|-damage|p1a: Tapu Koko|55/100|[from] Hail
|upkeep
|turn|43
|
|t:|1633890278
|move|p1a: Tapu Koko|Roost|p1a: Tapu Koko
|-heal|p1a: Tapu Koko|100/100
|-singleturn|p1a: Tapu Koko|move: Roost
|move|p2a: Ninetales|Encore|p1a: Tapu Koko
|-start|p1a: Tapu Koko|Encore
|
|-weather|Hail|[upkeep]
|-damage|p1a: Tapu Koko|94/100|[from] Hail
|upkeep
|turn|44
|
|t:|1633890289
|switch|p1a: Landorus|Landorus-Therian, M|87/100
|-ability|p1a: Landorus|Intimidate|boost
|-unboost|p2a: Ninetales|atk|1
|move|p2a: Ninetales|Freeze-Dry|p1a: Landorus
|-supereffective|p1a: Landorus
|-damage|p1a: Landorus|15/100
|
|-weather|Hail|[upkeep]
|-damage|p1a: Landorus|9/100|[from] Hail
|-heal|p1a: Landorus|15/100|[from] item: Leftovers
|upkeep
|turn|45
|
|t:|1633890294
|switch|p1a: Tornadus|Tornadus-Therian, M|100/100
|move|p2a: Ninetales|Freeze-Dry|p1a: Tornadus
|-supereffective|p1a: Tornadus
|-damage|p1a: Tornadus|74/100
|
|-weather|Hail|[upkeep]
|-damage|p1a: Tornadus|68/100|[from] Hail
|upkeep
|turn|46
|
|t:|1633890300
|switch|p2a: Tornadus|Tornadus-Therian, M|100/100
|move|p1a: Tornadus|Heat Wave|p2a: Tornadus
|-damage|p2a: Tornadus|83/100
|
|-weather|Hail|[upkeep]
|-damage|p1a: Tornadus|62/100|[from] Hail
|-damage|p2a: Tornadus|77/100|[from] Hail
|-fieldend|move: Electric Terrain
|upkeep
|turn|47
|
|t:|1633890305
|move|p2a: Tornadus|Weather Ball|p1a: Tornadus
|-supereffective|p1a: Tornadus
|-crit|p1a: Tornadus
|-damage|p1a: Tornadus|8/100
|move|p1a: Tornadus|U-turn|p2a: Tornadus
|-resisted|p2a: Tornadus
|-damage|p2a: Tornadus|69/100
|
|t:|1633890309
|switch|p1a: Tapu Koko|Tapu Koko|94/100|[from]move: U-turn
|-fieldstart|move: Electric Terrain|[from] ability: Electric Surge|[of] p1a: Tapu Koko
|
|-weather|Hail|[upkeep]
|-damage|p1a: Tapu Koko|88/100|[from] Hail
|-damage|p2a: Tornadus|63/100|[from] Hail
|upkeep
|turn|48
|
|t:|1633890324
|move|p1a: Tapu Koko|Thunderbolt|p2a: Tornadus
|-supereffective|p2a: Tornadus
|-damage|p2a: Tornadus|0 fnt
|faint|p2a: Tornadus
|
|-weather|Hail|[upkeep]
|-damage|p1a: Tapu Koko|82/100|[from] Hail
|upkeep
|inactive|lonietzzz has 270 seconds left.
|
|t:|1633890354
|switch|p2a: Arctozolt|Arctozolt|18/100
|turn|49
|
|t:|1633890358
|switch|p1a: Landorus|Landorus-Therian, M|15/100
|-ability|p1a: Landorus|Intimidate|boost
|-unboost|p2a: Arctozolt|atk|1
|move|p2a: Arctozolt|Bolt Beak|p1a: Landorus
|-immune|p1a: Landorus
|
|-weather|none
|-heal|p1a: Landorus|21/100|[from] item: Leftovers
|upkeep
|turn|50
|
|t:|1633890365
|switch|p1a: Ferrothorn|Ferrothorn, F|24/100
|move|p2a: Arctozolt|Blizzard|p1a: Ferrothorn
|-damage|p1a: Ferrothorn|0 fnt
|faint|p1a: Ferrothorn
|
|upkeep
|
|t:|1633890372
|switch|p1a: Tapu Koko|Tapu Koko|82/100
|turn|51
|
|t:|1633890375
|switch|p2a: Ninetales|Ninetales-Alola, F|18/100
|-weather|Hail|[from] ability: Snow Warning|[of] p2a: Ninetales
|move|p1a: Tapu Koko|Thunderbolt|p2a: Ninetales
|-damage|p2a: Ninetales|0 fnt
|faint|p2a: Ninetales
|
|-weather|Hail|[upkeep]
|-damage|p1a: Tapu Koko|76/100|[from] Hail
|-fieldend|move: Electric Terrain
|upkeep
|
|t:|1633890376
|switch|p2a: Arctozolt|Arctozolt|18/100
|turn|52
|
|t:|1633890388
|move|p2a: Arctozolt|Low Kick|p1a: Tapu Koko
|-resisted|p1a: Tapu Koko
|-damage|p1a: Tapu Koko|68/100
|move|p1a: Tapu Koko|Dazzling Gleam|p2a: Arctozolt
|-damage|p2a: Arctozolt|0 fnt
|faint|p2a: Arctozolt
|
|-weather|Hail|[upkeep]
|-damage|p1a: Tapu Koko|62/100|[from] Hail
|upkeep
|
|t:|1633890391
|switch|p2a: Volcanion|Volcanion|74/100
|turn|53
|
|t:|1633890393
|move|p1a: Tapu Koko|Thunderbolt|p2a: Volcanion
|-supereffective|p2a: Volcanion
|-damage|p2a: Volcanion|0 fnt
|faint|p2a: Volcanion
|
|win|MichaelderBeste2
