|inactive|Battle timer is ON: inactive players will automatically lose when time's up.
|player|p1|Trosko|#wcop2020spain|
|player|p2|Redemption|pokemonbreederf-gen4|
|teamsize|p1|6
|teamsize|p2|6
|gametype|singles
|gen|8
|tier|[Gen 8] OU
|clearpoke
|poke|p1|Zeraora|
|poke|p1|Toxapex, M|
|poke|p1|Mandibuzz, F|
|poke|p1|Magearna|
|poke|p1|Kommo-o, M|
|poke|p1|Clefable, F|
|poke|p2|Zeraora|
|poke|p2|Chansey, F|
|poke|p2|Togekiss, M|
|poke|p2|Mandibuzz, F|
|poke|p2|Kommo-o, M|
|poke|p2|Excadrill, M|
|rule|Sleep Clause Mod: Limit one foe put to sleep
|rule|Species Clause: Limit one of each Pokémon
|rule|OHKO Clause: OHKO moves are banned
|rule|Evasion Moves Clause: Evasion moves are banned
|rule|Endless Battle Clause: Forcing endless battles is banned
|rule|HP Percentage Mod: HP is shown in percentages
|rule|Dynamax Clause: You cannot dynamax
|teampreview
|c|☆Redemption|hf
|c|☆Trosko|u2
|inactive|Trosko has 270 seconds left.
|inactive|Redemption has 270 seconds left.
|inactive|Trosko has 240 seconds left.
|inactive|Trosko has 210 seconds left.
|inactive|Trosko has 180 seconds left.
|raw|<div class="broadcast-red"><strong>Moderated chat was set to ☆!</strong><br />Only users of rank ☆ and higher can talk.</div>
|
|start
|switch|p1a: Mandibuzz|Mandibuzz, F|100/100
|switch|p2a: Blanquette|Zeraora|100/100
|turn|1
|inactive|Trosko has 210 seconds left.
|
|move|p2a: Blanquette|Knock Off|p1a: Mandibuzz
|-resisted|p1a: Mandibuzz
|-damage|p1a: Mandibuzz|91/100
|-enditem|p1a: Mandibuzz|Heavy-Duty Boots|[from] move: Knock Off|[of] p2a: Blanquette
|move|p1a: Mandibuzz|Toxic|p2a: Blanquette
|-status|p2a: Blanquette|tox
|
|-damage|p2a: Blanquette|95/100 tox|[from] psn
|upkeep
|turn|2
|inactive|Trosko has 210 seconds left.
|inactive|Redemption has 270 seconds left.
|
|switch|p2a: Steak|Kommo-o, M|100/100
|switch|p1a: Clefable|Clefable, F|100/100
|
|upkeep
|turn|3
|inactive|Redemption has 240 seconds left.
|inactive|Redemption has 210 seconds left.
|
|switch|p2a: Lasagnes|Chansey, F|100/100
|move|p1a: Clefable|Moonblast|p2a: Lasagnes
|-damage|p2a: Lasagnes|91/100
|-unboost|p2a: Lasagnes|spa|1
|
|upkeep
|turn|4
|inactive|Trosko has 180 seconds left.
|
|move|p1a: Clefable|Calm Mind|p1a: Clefable
|-boost|p1a: Clefable|spa|1
|-boost|p1a: Clefable|spd|1
|move|p2a: Lasagnes|Aromatherapy|p2a: Lasagnes
|-activate|p2a: Lasagnes|move: Aromatherapy
|-curestatus|p2: Blanquette|tox|[msg]
|
|upkeep
|turn|5
|inactive|Trosko has 180 seconds left.
|
|move|p1a: Clefable|Moonblast|p2a: Lasagnes
|-damage|p2a: Lasagnes|77/100
|move|p2a: Lasagnes|Seismic Toss|p1a: Clefable
|-damage|p1a: Clefable|75/100
|
|-heal|p1a: Clefable|81/100|[from] item: Leftovers
|upkeep
|turn|6
|
|move|p1a: Clefable|Calm Mind|p1a: Clefable
|-boost|p1a: Clefable|spa|1
|-boost|p1a: Clefable|spd|1
|move|p2a: Lasagnes|Seismic Toss|p1a: Clefable
|-damage|p1a: Clefable|56/100
|
|-heal|p1a: Clefable|62/100|[from] item: Leftovers
|upkeep
|turn|7
|inactive|Redemption has 180 seconds left.
|
|move|p1a: Clefable|Flamethrower|p2a: Lasagnes
|-crit|p2a: Lasagnes
|-damage|p2a: Lasagnes|58/100
|move|p2a: Lasagnes|Wish|p2a: Lasagnes
|
|-heal|p1a: Clefable|68/100|[from] item: Leftovers
|upkeep
|turn|8
|
|move|p1a: Clefable|Calm Mind|p1a: Clefable
|-boost|p1a: Clefable|spa|1
|-boost|p1a: Clefable|spd|1
|move|p2a: Lasagnes|Seismic Toss|p1a: Clefable
|-damage|p1a: Clefable|43/100
|
|-heal|p2a: Lasagnes|100/100|[from] move: Wish|[wisher] Lasagnes
|-heal|p1a: Clefable|49/100|[from] item: Leftovers
|upkeep
|turn|9
|inactive|Redemption has 180 seconds left.
|
|move|p1a: Clefable|Soft-Boiled|p1a: Clefable
|-heal|p1a: Clefable|99/100
|move|p2a: Lasagnes|Seismic Toss|p1a: Clefable
|-damage|p1a: Clefable|73/100
|
|-heal|p1a: Clefable|79/100|[from] item: Leftovers
|upkeep
|turn|10
|
|switch|p1a: Kommo-o|Kommo-o, M|100/100
|move|p2a: Lasagnes|Seismic Toss|p1a: Kommo-o
|-damage|p1a: Kommo-o|72/100
|
|-heal|p1a: Kommo-o|78/100|[from] item: Leftovers
|upkeep
|turn|11
|
|switch|p2a: Frites|Togekiss, M|100/100
|move|p1a: Kommo-o|Stealth Rock|p2a: Frites
|-sidestart|p2: Redemption|move: Stealth Rock
|
|-heal|p1a: Kommo-o|84/100|[from] item: Leftovers
|upkeep
|turn|12
|
|switch|p1a: Toxapex|Toxapex, M|100/100
|move|p2a: Frites|Flamethrower|p1a: Toxapex
|-resisted|p1a: Toxapex
|-damage|p1a: Toxapex|93/100
|-status|p1a: Toxapex|brn
|
|-heal|p1a: Toxapex|99/100 brn|[from] item: Black Sludge
|-damage|p1a: Toxapex|93/100 brn|[from] brn
|upkeep
|turn|13
|inactive|Redemption has 180 seconds left.
|inactive|Trosko has 210 seconds left.
|
|switch|p2a: Steak|Kommo-o, M|100/100
|-damage|p2a: Steak|94/100|[from] Stealth Rock
|switch|p1a: Zeraora|Zeraora|100/100
|
|-heal|p2a: Steak|100/100|[from] item: Leftovers
|upkeep
|turn|14
|inactive|Trosko has 210 seconds left.
|inactive|Redemption has 150 seconds left.
|
|switch|p1a: Toxapex|Toxapex, M|100/100 brn
|move|p2a: Steak|Stealth Rock|p1a: Toxapex
|-sidestart|p1: Trosko|move: Stealth Rock
|
|-damage|p1a: Toxapex|95/100 brn|[from] brn
|upkeep
|turn|15
|inactive|Redemption has 150 seconds left.
|
|switch|p2a: Frites|Togekiss, M|100/100
|move|p1a: Toxapex|Toxic|p2a: Frites
|-status|p2a: Frites|tox
|
|-heal|p1a: Toxapex|100/100 brn|[from] item: Black Sludge
|-damage|p2a: Frites|94/100 tox|[from] psn
|-damage|p1a: Toxapex|95/100 brn|[from] brn
|upkeep
|turn|16
|inactive|Trosko has 210 seconds left.
|
|move|p2a: Frites|Air Slash|p1a: Toxapex
|-damage|p1a: Toxapex|76/100 brn
|cant|p1a: Toxapex|flinch
|
|-heal|p1a: Toxapex|82/100 brn|[from] item: Black Sludge
|-damage|p2a: Frites|82/100 tox|[from] psn
|-damage|p1a: Toxapex|76/100 brn|[from] brn
|upkeep
|turn|17
|inactive|Trosko has 210 seconds left.
|
|switch|p2a: Blanquette|Zeraora|95/100
|-damage|p2a: Blanquette|82/100|[from] Stealth Rock
|switch|p1a: Zeraora|Zeraora|100/100
|-damage|p1a: Zeraora|88/100|[from] Stealth Rock
|
|-heal|p2a: Blanquette|88/100|[from] item: Leftovers
|-heal|p1a: Zeraora|94/100|[from] item: Leftovers
|upkeep
|turn|18
|inactive|Trosko has 210 seconds left.
|
|switch|p1a: Clefable|Clefable, F|79/100
|move|p2a: Blanquette|Knock Off|p1a: Clefable
|-resisted|p1a: Clefable
|-damage|p1a: Clefable|69/100
|-enditem|p1a: Clefable|Leftovers|[from] move: Knock Off|[of] p2a: Blanquette
|
|-heal|p2a: Blanquette|94/100|[from] item: Leftovers
|upkeep
|turn|19
|
|move|p2a: Blanquette|Volt Switch|p1a: Clefable
|-damage|p1a: Clefable|49/100
|
|switch|p2a: Poulet|Excadrill, M|100/100|[from]move: Volt Switch
|-damage|p2a: Poulet|97/100|[from] Stealth Rock
|-ability|p2a: Poulet|Mold Breaker
|move|p1a: Clefable|Soft-Boiled|p1a: Clefable
|-heal|p1a: Clefable|99/100
|
|-heal|p2a: Poulet|100/100|[from] item: Leftovers
|upkeep
|turn|20
|inactive|Trosko has 210 seconds left.
|
|switch|p1a: Kommo-o|Kommo-o, M|84/100
|-damage|p1a: Kommo-o|78/100|[from] Stealth Rock
|move|p2a: Poulet|Iron Head|p1a: Kommo-o
|-damage|p1a: Kommo-o|52/100
|
|-heal|p1a: Kommo-o|58/100|[from] item: Leftovers
|upkeep
|turn|21
|inactive|Redemption has 120 seconds left.
|
|switch|p2a: Steak|Kommo-o, M|100/100
|-damage|p2a: Steak|94/100|[from] Stealth Rock
|move|p1a: Kommo-o|Poison Jab|p2a: Steak
|-damage|p2a: Steak|83/100
|-status|p2a: Steak|psn
|
|-heal|p1a: Kommo-o|64/100|[from] item: Leftovers
|-heal|p2a: Steak|89/100 psn|[from] item: Leftovers
|-damage|p2a: Steak|76/100 psn|[from] psn
|upkeep
|turn|22
|inactive|Redemption has 120 seconds left.
|inactive|Trosko has 180 seconds left.
|
|switch|p1a: Clefable|Clefable, F|99/100
|move|p2a: Steak|Toxic|p1a: Clefable
|-status|p1a: Clefable|tox
|
|-heal|p2a: Steak|82/100 psn|[from] item: Leftovers
|-damage|p2a: Steak|70/100 psn|[from] psn
|upkeep
|turn|23
|
|switch|p2a: Lasagnes|Chansey, F|100/100
|-damage|p2a: Lasagnes|88/100|[from] Stealth Rock
|switch|p1a: Zeraora|Zeraora|94/100
|-damage|p1a: Zeraora|82/100|[from] Stealth Rock
|
|-heal|p1a: Zeraora|88/100|[from] item: Leftovers
|upkeep
|turn|24
|inactive|Redemption has 90 seconds left.
|inactive|Redemption has 60 seconds left.
|
|switch|p2a: Soupe|Mandibuzz, F|100/100
|move|p1a: Zeraora|Knock Off|p2a: Soupe
|-resisted|p2a: Soupe
|-damage|p2a: Soupe|92/100
|-enditem|p2a: Soupe|Heavy-Duty Boots|[from] move: Knock Off|[of] p1a: Zeraora
|
|-heal|p1a: Zeraora|94/100|[from] item: Leftovers
|upkeep
|turn|25
|inactive|Trosko has 180 seconds left.
|inactive|Redemption has 60 seconds left.
|
|switch|p1a: Magearna|Magearna|100/100
|-damage|p1a: Magearna|94/100|[from] Stealth Rock
|move|p2a: Soupe|Toxic|p1a: Magearna
|-immune|p1a: Magearna
|
|upkeep
|turn|26
|inactive|Trosko has 180 seconds left.
|inactive|Redemption has 60 seconds left.
|inactive|Redemption has 30 seconds left.
|
|switch|p2a: Lasagnes|Chansey, F|88/100
|-damage|p2a: Lasagnes|76/100|[from] Stealth Rock
|move|p1a: Magearna|Fleur Cannon|p2a: Lasagnes
|-damage|p2a: Lasagnes|44/100
|-unboost|p1a: Magearna|spa|2
|
|upkeep
|turn|27
|inactive|Redemption has 30 seconds left.
|inactive|Redemption has 20 seconds left.
|
|switch|p1a: Zeraora|Zeraora|94/100
|-damage|p1a: Zeraora|82/100|[from] Stealth Rock
|move|p2a: Lasagnes|Aromatherapy|p2a: Lasagnes
|-activate|p2a: Lasagnes|move: Aromatherapy
|-curestatus|p2: Steak|psn|[msg]
|-curestatus|p2: Frites|tox|[msg]
|
|-heal|p1a: Zeraora|88/100|[from] item: Leftovers
|upkeep
|turn|28
|inactive|Redemption has 30 seconds left this turn.
|inactive|Trosko has 180 seconds left.
|inactive|Redemption has 20 seconds left.
|
|switch|p2a: Steak|Kommo-o, M|70/100
|-damage|p2a: Steak|64/100|[from] Stealth Rock
|move|p1a: Zeraora|Knock Off|p2a: Steak
|-resisted|p2a: Steak
|-damage|p2a: Steak|55/100
|-enditem|p2a: Steak|Leftovers|[from] move: Knock Off|[of] p1a: Zeraora
|
|-heal|p1a: Zeraora|94/100|[from] item: Leftovers
|upkeep
|turn|29
|inactive|Redemption has 30 seconds left this turn.
|inactive|Redemption has 20 seconds left.
|
|switch|p1a: Clefable|Clefable, F|99/100 tox
|switch|p2a: Poulet|Excadrill, M|100/100
|-damage|p2a: Poulet|97/100|[from] Stealth Rock
|-ability|p2a: Poulet|Mold Breaker
|
|-heal|p2a: Poulet|100/100|[from] item: Leftovers
|upkeep
|turn|30
|inactive|Redemption has 30 seconds left this turn.
|inactive|Trosko has 150 seconds left.
|
|switch|p1a: Mandibuzz|Mandibuzz, F|91/100
|-damage|p1a: Mandibuzz|66/100|[from] Stealth Rock
|move|p2a: Poulet|Rapid Spin|p1a: Mandibuzz
|-damage|p1a: Mandibuzz|55/100
|-boost|p2a: Poulet|spe|1
|-sideend|p2: Redemption|Stealth Rock|[from] move: Rapid Spin|[of] p2a: Poulet
|
|upkeep
|turn|31
|inactive|Redemption has 30 seconds left.
|
|move|p2a: Poulet|Toxic|p1a: Mandibuzz
|-status|p1a: Mandibuzz|tox
|move|p1a: Mandibuzz|Roost|p1a: Mandibuzz
|-heal|p1a: Mandibuzz|100/100 tox
|-singleturn|p1a: Mandibuzz|move: Roost
|
|-damage|p1a: Mandibuzz|94/100 tox|[from] psn
|upkeep
|turn|32
|
|move|p2a: Poulet|Iron Head|p1a: Mandibuzz
|-damage|p1a: Mandibuzz|67/100 tox
|move|p1a: Mandibuzz|Defog|p2a: Poulet
|-unboost|p2a: Poulet|evasion|1
|-sideend|p1: Trosko|Stealth Rock|[from] move: Defog|[of] p1a: Mandibuzz
|
|-damage|p1a: Mandibuzz|55/100 tox|[from] psn
|upkeep
|turn|33
|
|switch|p2a: Steak|Kommo-o, M|55/100
|switch|p1a: Zeraora|Zeraora|94/100
|
|-heal|p1a: Zeraora|99/100|[from] item: Leftovers
|upkeep
|turn|34
|
|switch|p1a: Magearna|Magearna|94/100
|move|p2a: Steak|Stealth Rock|p1a: Magearna
|-sidestart|p1: Trosko|move: Stealth Rock
|
|upkeep
|turn|35
|
|move|p2a: Steak|Protect|p2a: Steak
|-singleturn|p2a: Steak|Protect
|move|p1a: Magearna|Fleur Cannon|p2a: Steak
|-activate|p2a: Steak|move: Protect
|
|upkeep
|turn|36
|
|switch|p2a: Poulet|Excadrill, M|100/100
|-ability|p2a: Poulet|Mold Breaker
|move|p1a: Magearna|Fleur Cannon|p2a: Poulet
|-resisted|p2a: Poulet
|-damage|p2a: Poulet|25/100
|-unboost|p1a: Magearna|spa|2
|
|-heal|p2a: Poulet|31/100|[from] item: Leftovers
|upkeep
|turn|37
|inactive|Trosko has 150 seconds left.
|inactive|Redemption has 60 seconds left.
|inactive|Trosko has 120 seconds left.
|inactive|Trosko has 90 seconds left.
|inactive|Trosko has 60 seconds left.
|
|switch|p1a: Kommo-o|Kommo-o, M|64/100
|-damage|p1a: Kommo-o|58/100|[from] Stealth Rock
|move|p2a: Poulet|Earthquake|p1a: Kommo-o
|-damage|p1a: Kommo-o|27/100
|
|-heal|p2a: Poulet|37/100|[from] item: Leftovers
|-heal|p1a: Kommo-o|33/100|[from] item: Leftovers
|upkeep
|turn|38
|inactive|Redemption has 60 seconds left.
|
|switch|p2a: Frites|Togekiss, M|82/100
|move|p1a: Kommo-o|Stealth Rock|p2a: Frites
|-sidestart|p2: Redemption|move: Stealth Rock
|
|-heal|p1a: Kommo-o|39/100|[from] item: Leftovers
|upkeep
|turn|39
|inactive|Redemption has 60 seconds left.
|
|switch|p1a: Zeraora|Zeraora|99/100
|-damage|p1a: Zeraora|87/100|[from] Stealth Rock
|move|p2a: Frites|Flamethrower|p1a: Zeraora
|-damage|p1a: Zeraora|57/100
|
|-heal|p1a: Zeraora|63/100|[from] item: Leftovers
|upkeep
|turn|40
|inactive|Redemption has 60 seconds left.
|inactive|Redemption has 30 seconds left.
|inactive|Redemption has 20 seconds left.
|
|switch|p2a: Blanquette|Zeraora|94/100
|-damage|p2a: Blanquette|82/100|[from] Stealth Rock
|move|p1a: Zeraora|Toxic|p2a: Blanquette
|-status|p2a: Blanquette|tox
|
|-heal|p2a: Blanquette|88/100 tox|[from] item: Leftovers
|-heal|p1a: Zeraora|69/100|[from] item: Leftovers
|-damage|p2a: Blanquette|82/100 tox|[from] psn
|upkeep
|turn|41
|inactive|Redemption has 30 seconds left this turn.
|inactive|Redemption has 20 seconds left.
|
|switch|p1a: Clefable|Clefable, F|99/100 tox
|move|p2a: Blanquette|Volt Switch|p1a: Clefable
|-damage|p1a: Clefable|78/100 tox
|inactive|Redemption has 25 seconds left this turn.
|inactive|Redemption has 20 seconds left.
|
|switch|p2a: Poulet|Excadrill, M|37/100|[from]move: Volt Switch
|-damage|p2a: Poulet|34/100|[from] Stealth Rock
|-ability|p2a: Poulet|Mold Breaker
|
|-heal|p2a: Poulet|40/100|[from] item: Leftovers
|upkeep
|turn|42
|inactive|Redemption has 30 seconds left this turn.
|
|move|p2a: Poulet|Iron Head|p1a: Clefable
|-supereffective|p1a: Clefable
|-damage|p1a: Clefable|6/100 tox
|move|p1a: Clefable|Flamethrower|p2a: Poulet
|-supereffective|p2a: Poulet
|-damage|p2a: Poulet|0 fnt
|faint|p2a: Poulet
|
|upkeep
|inactive|Redemption has 30 seconds left this turn.
|inactive|Redemption has 20 seconds left.
|inactive|Redemption has 15 seconds left.
|inactive|Redemption has 10 seconds left.
|inactive|Redemption has 5 seconds left.
|
|switch|p2a: Steak|Kommo-o, M|55/100
|-damage|p2a: Steak|49/100|[from] Stealth Rock
|turn|43
|inactive|Redemption has 15 seconds left this turn.
|
|switch|p1a: Magearna|Magearna|94/100
|-damage|p1a: Magearna|88/100|[from] Stealth Rock
|move|p2a: Steak|Body Press|p1a: Magearna
|-damage|p1a: Magearna|42/100
|
|upkeep
|turn|44
|inactive|Redemption has 25 seconds left this turn.
|inactive|Redemption has 20 seconds left.
|
|move|p2a: Steak|Body Press|p1a: Magearna
|-damage|p1a: Magearna|0 fnt
|faint|p1a: Magearna
|
|upkeep
|inactive|Redemption has 25 seconds left this turn.
|
|switch|p1a: Toxapex|Toxapex, M|100/100 brn
|-damage|p1a: Toxapex|88/100 brn|[from] Stealth Rock
|turn|45
|inactive|Redemption has 30 seconds left.
|
|move|p2a: Steak|Protect|p2a: Steak
|-singleturn|p2a: Steak|Protect
|move|p1a: Toxapex|Toxic|p2a: Steak
|-activate|p2a: Steak|move: Protect
|
|-heal|p1a: Toxapex|94/100 brn|[from] item: Black Sludge
|-damage|p1a: Toxapex|88/100 brn|[from] brn
|upkeep
|turn|46
|
|switch|p2a: Lasagnes|Chansey, F|44/100
|-damage|p2a: Lasagnes|31/100|[from] Stealth Rock
|move|p1a: Toxapex|Toxic|p2a: Lasagnes
|-status|p2a: Lasagnes|tox
|
|-heal|p1a: Toxapex|94/100 brn|[from] item: Black Sludge
|-damage|p2a: Lasagnes|25/100 tox|[from] psn
|-damage|p1a: Toxapex|88/100 brn|[from] brn
|upkeep
|turn|47
|
|switch|p1a: Zeraora|Zeraora|69/100
|-damage|p1a: Zeraora|57/100|[from] Stealth Rock
|move|p2a: Lasagnes|Soft-Boiled|p2a: Lasagnes
|-heal|p2a: Lasagnes|75/100 tox
|
|-heal|p1a: Zeraora|63/100|[from] item: Leftovers
|-damage|p2a: Lasagnes|63/100 tox|[from] psn
|upkeep
|turn|48
|
|move|p1a: Zeraora|Close Combat|p2a: Lasagnes
|-supereffective|p2a: Lasagnes
|-damage|p2a: Lasagnes|14/100 tox
|-unboost|p1a: Zeraora|def|1
|-unboost|p1a: Zeraora|spd|1
|move|p2a: Lasagnes|Aromatherapy|p2a: Lasagnes
|-activate|p2a: Lasagnes|move: Aromatherapy
|-curestatus|p2a: Lasagnes|tox|[msg]
|-curestatus|p2: Blanquette|tox|[msg]
|
|-heal|p1a: Zeraora|69/100|[from] item: Leftovers
|upkeep
|turn|49
|inactive|Trosko has 60 seconds left.
|
|move|p1a: Zeraora|Close Combat|p2a: Lasagnes
|-supereffective|p2a: Lasagnes
|-damage|p2a: Lasagnes|0 fnt
|-unboost|p1a: Zeraora|def|1
|-unboost|p1a: Zeraora|spd|1
|faint|p2a: Lasagnes
|
|-heal|p1a: Zeraora|75/100|[from] item: Leftovers
|upkeep
|
|switch|p2a: Blanquette|Zeraora|82/100
|-damage|p2a: Blanquette|70/100|[from] Stealth Rock
|turn|50
|inactive|Trosko has 60 seconds left.
|
|switch|p1a: Clefable|Clefable, F|6/100 tox
|move|p2a: Blanquette|Knock Off|p1a: Clefable
|-resisted|p1a: Clefable
|-damage|p1a: Clefable|0 fnt
|faint|p1a: Clefable
|
|-heal|p2a: Blanquette|76/100|[from] item: Leftovers
|upkeep
|inactive|Trosko has 30 seconds left.
|inactive|Trosko has 20 seconds left.
|
|switch|p1a: Toxapex|Toxapex, M|100/100 brn
|-damage|p1a: Toxapex|88/100 brn|[from] Stealth Rock
|turn|51
|inactive|Trosko has 30 seconds left this turn.
|
|move|p2a: Blanquette|Volt Switch|p1a: Toxapex
|-supereffective|p1a: Toxapex
|-damage|p1a: Toxapex|57/100 brn
|
|switch|p2a: Frites|Togekiss, M|82/100|[from]move: Volt Switch
|move|p1a: Toxapex|Toxic|p2a: Frites
|-status|p2a: Frites|tox
|
|-heal|p1a: Toxapex|63/100 brn|[from] item: Black Sludge
|-damage|p2a: Frites|76/100 tox|[from] psn
|-damage|p1a: Toxapex|57/100 brn|[from] brn
|upkeep
|turn|52
|inactive|Trosko has 30 seconds left.
|
|switch|p1a: Zeraora|Zeraora|75/100
|-damage|p1a: Zeraora|63/100|[from] Stealth Rock
|move|p2a: Frites|Air Slash|p1a: Zeraora
|-resisted|p1a: Zeraora
|-damage|p1a: Zeraora|45/100
|
|-heal|p1a: Zeraora|51/100|[from] item: Leftovers
|-damage|p2a: Frites|64/100 tox|[from] psn
|upkeep
|turn|53
|inactive|Trosko has 30 seconds left.
|
|switch|p2a: Steak|Kommo-o, M|49/100
|-damage|p2a: Steak|43/100|[from] Stealth Rock
|move|p1a: Zeraora|Knock Off|p2a: Steak
|-resisted|p2a: Steak
|-damage|p2a: Steak|36/100
|
|-heal|p1a: Zeraora|57/100|[from] item: Leftovers
|upkeep
|turn|54
|
|switch|p1a: Toxapex|Toxapex, M|90/100 brn
|-damage|p1a: Toxapex|78/100 brn|[from] Stealth Rock
|switch|p2a: Blanquette|Zeraora|76/100
|-damage|p2a: Blanquette|63/100|[from] Stealth Rock
|
|-heal|p2a: Blanquette|69/100|[from] item: Leftovers
|-heal|p1a: Toxapex|84/100 brn|[from] item: Black Sludge
|-damage|p1a: Toxapex|78/100 brn|[from] brn
|upkeep
|turn|55
|inactive|Trosko has 30 seconds left.
|inactive|Trosko has 20 seconds left.
|inactive|Redemption has 30 seconds left.
|inactive|Trosko has 15 seconds left.
|inactive|Trosko has 10 seconds left.
|inactive|Redemption has 20 seconds left.
|
|move|p2a: Blanquette|Knock Off|p1a: Toxapex
|-damage|p1a: Toxapex|54/100 brn
|-enditem|p1a: Toxapex|Black Sludge|[from] move: Knock Off|[of] p2a: Blanquette
|move|p1a: Toxapex|Toxic|p2a: Blanquette
|-status|p2a: Blanquette|tox
|
|-heal|p2a: Blanquette|75/100 tox|[from] item: Leftovers
|-damage|p2a: Blanquette|69/100 tox|[from] psn
|-damage|p1a: Toxapex|48/100 brn|[from] brn
|upkeep
|turn|56
|inactive|Trosko has 20 seconds left this turn.
|inactive|Redemption has 30 seconds left this turn.
|inactive|Trosko has 15 seconds left.
|inactive|Redemption has 20 seconds left.
|inactive|Redemption has 15 seconds left.
|
|switch|p1a: Mandibuzz|Mandibuzz, F|55/100 tox
|-damage|p1a: Mandibuzz|30/100 tox|[from] Stealth Rock
|move|p2a: Blanquette|Volt Switch|p1a: Mandibuzz
|-supereffective|p1a: Mandibuzz
|-damage|p1a: Mandibuzz|0 fnt
|faint|p1a: Mandibuzz
|inactive|Trosko has 20 seconds left this turn.
|inactive|Redemption has 20 seconds left this turn.
|inactive|Redemption has 15 seconds left.
|inactive|Redemption has 10 seconds left.
|
|switch|p2a: Steak|Kommo-o, M|36/100|[from]move: Volt Switch
|-damage|p2a: Steak|30/100|[from] Stealth Rock
|
|upkeep
|inactive|Trosko has 25 seconds left this turn.
|inactive|Redemption has 15 seconds left this turn.
|inactive|Trosko has 20 seconds left.
|
|switch|p1a: Toxapex|Toxapex, M|82/100 brn
|-damage|p1a: Toxapex|69/100 brn|[from] Stealth Rock
|turn|57
|inactive|Trosko has 30 seconds left this turn.
|inactive|Redemption has 25 seconds left this turn.
|inactive|Redemption has 20 seconds left.
|
|switch|p2a: Frites|Togekiss, M|64/100 tox
|move|p1a: Toxapex|Recover|p1a: Toxapex
|-heal|p1a: Toxapex|100/100 brn
|
|-damage|p2a: Frites|57/100 tox|[from] psn
|-damage|p1a: Toxapex|95/100 brn|[from] brn
|upkeep
|turn|58
|inactive|Redemption has 30 seconds left this turn.
|inactive|Trosko has 30 seconds left.
|inactive|Trosko has 20 seconds left.
|
|switch|p1a: Zeraora|Zeraora|57/100
|-damage|p1a: Zeraora|44/100|[from] Stealth Rock
|move|p2a: Frites|Flamethrower|p1a: Zeraora
|-crit|p1a: Zeraora
|-damage|p1a: Zeraora|1/100
|
|-heal|p1a: Zeraora|7/100|[from] item: Leftovers
|-damage|p2a: Frites|45/100 tox|[from] psn
|upkeep
|turn|59
|inactive|Trosko has 30 seconds left this turn.
|inactive|Redemption has 30 seconds left.
|c|☆Trosko|fuck
|inactive|Trosko has 20 seconds left.
|inactive|Trosko has 15 seconds left.
|inactive|Redemption has 20 seconds left.
|inactive|Redemption has 15 seconds left.
|inactive|Redemption has 10 seconds left.
|
|switch|p2a: Soupe|Mandibuzz, F|92/100
|-damage|p2a: Soupe|67/100|[from] Stealth Rock
|move|p1a: Zeraora|Plasma Fists|p2a: Soupe
|-supereffective|p2a: Soupe
|-damage|p2a: Soupe|10/100
|-fieldactivate|move: Ion Deluge
|
|-heal|p1a: Zeraora|13/100|[from] item: Leftovers
|upkeep
|turn|60
|inactive|Trosko has 25 seconds left this turn.
|inactive|Redemption has 20 seconds left this turn.
|inactive|Trosko has 20 seconds left.
|inactive|Redemption has 15 seconds left.
|
|move|p1a: Zeraora|Plasma Fists|p2a: Soupe
|-supereffective|p2a: Soupe
|-damage|p2a: Soupe|0 fnt
|-fieldactivate|move: Ion Deluge
|faint|p2a: Soupe
|
|-heal|p1a: Zeraora|19/100|[from] item: Leftovers
|upkeep
|inactive|Trosko has 25 seconds left this turn.
|inactive|Redemption has 20 seconds left this turn.
|inactive|Redemption has 15 seconds left.
|
|switch|p2a: Blanquette|Zeraora|69/100 tox
|-damage|p2a: Blanquette|57/100 tox|[from] Stealth Rock
|turn|61
|inactive|Redemption has 25 seconds left this turn.
|
|switch|p1a: Toxapex|Toxapex, M|100/100 brn
|-damage|p1a: Toxapex|88/100 brn|[from] Stealth Rock
|move|p2a: Blanquette|Knock Off|p1a: Toxapex
|-damage|p1a: Toxapex|73/100 brn
|
|-heal|p2a: Blanquette|63/100 tox|[from] item: Leftovers
|-damage|p2a: Blanquette|57/100 tox|[from] psn
|-damage|p1a: Toxapex|67/100 brn|[from] brn
|upkeep
|turn|62
|inactive|Redemption has 30 seconds left.
|inactive|Trosko has 30 seconds left.
|inactive|Trosko has 20 seconds left.
|inactive|Trosko has 15 seconds left.
|
|move|p2a: Blanquette|Plasma Fists|p1a: Toxapex
|-supereffective|p1a: Toxapex
|-crit|p1a: Toxapex
|-damage|p1a: Toxapex|0 fnt
|-fieldactivate|move: Ion Deluge
|faint|p1a: Toxapex
|
|-heal|p2a: Blanquette|63/100 tox|[from] item: Leftovers
|-damage|p2a: Blanquette|51/100 tox|[from] psn
|upkeep
|inactive|Trosko has 20 seconds left this turn.
|inactive|Redemption has 30 seconds left this turn.
|
|switch|p1a: Kommo-o|Kommo-o, M|39/100
|-damage|p1a: Kommo-o|33/100|[from] Stealth Rock
|turn|63
|inactive|Trosko has 30 seconds left this turn.
|inactive|Trosko has 20 seconds left.
|inactive|Redemption has 30 seconds left.
|inactive|Trosko has 15 seconds left.
|inactive|Redemption has 20 seconds left.
|inactive|Redemption has 15 seconds left.
|inactive|Redemption has 10 seconds left.
|
|switch|p2a: Steak|Kommo-o, M|30/100
|-damage|p2a: Steak|24/100|[from] Stealth Rock
|move|p1a: Kommo-o|Poison Jab|p2a: Steak
|-damage|p2a: Steak|12/100
|
|-heal|p1a: Kommo-o|39/100|[from] item: Leftovers
|upkeep
|turn|64
|inactive|Trosko has 25 seconds left this turn.
|inactive|Redemption has 20 seconds left this turn.
|inactive|Trosko has 20 seconds left.
|inactive|Redemption has 15 seconds left.
|inactive|Trosko has 15 seconds left.
|inactive|Trosko has 10 seconds left.
|
|move|p1a: Kommo-o|Body Press|p2a: Steak
|-damage|p2a: Steak|0 fnt
|faint|p2a: Steak
|
|-heal|p1a: Kommo-o|45/100|[from] item: Leftovers
|upkeep
|inactive|Trosko has 15 seconds left this turn.
|inactive|Redemption has 20 seconds left this turn.
|
|switch|p2a: Frites|Togekiss, M|45/100 tox
|turn|65
|inactive|Trosko has 25 seconds left this turn.
|inactive|Redemption has 30 seconds left this turn.
|inactive|Trosko has 20 seconds left.
|inactive|Trosko has 15 seconds left.
|inactive|Trosko has 10 seconds left.
|
|move|p2a: Frites|Air Slash|p1a: Kommo-o
|-supereffective|p1a: Kommo-o
|-damage|p1a: Kommo-o|0 fnt
|faint|p1a: Kommo-o
|
|-damage|p2a: Frites|39/100 tox|[from] psn
|upkeep
|inactive|Trosko has 15 seconds left this turn.
|
|switch|p1a: Zeraora|Zeraora|19/100
|-damage|p1a: Zeraora|7/100|[from] Stealth Rock
|turn|66
|inactive|Trosko has 25 seconds left this turn.
|
|move|p1a: Zeraora|Plasma Fists|p2a: Frites
|-supereffective|p2a: Frites
|-damage|p2a: Frites|0 fnt
|-fieldactivate|move: Ion Deluge
|faint|p2a: Frites
|
|-heal|p1a: Zeraora|13/100|[from] item: Leftovers
|upkeep
|inactive|Trosko has 30 seconds left this turn.
|
|switch|p2a: Blanquette|Zeraora|51/100 tox
|-damage|p2a: Blanquette|39/100 tox|[from] Stealth Rock
|turn|67
|c|☆Redemption|gg
|inactive|Trosko has 30 seconds left.
|inactive|Trosko has 20 seconds left.
|inactive|Trosko has 15 seconds left.
|inactive|Trosko has 10 seconds left.
|
|move|p2a: Blanquette|Knock Off|p1a: Zeraora
|-damage|p1a: Zeraora|0 fnt
|-enditem|p1a: Zeraora|Leftovers|[from] move: Knock Off|[of] p2a: Blanquette
|faint|p1a: Zeraora
|
|win|Redemption
|inactive|Trosko has 15 seconds left this turn.
|c|☆Trosko|gg
