|inactive|Battle timer is ON: inactive players will automatically lose when time's up.
|t:|1663445284
|gametype|singles
|player|p1|SidTheShuckle|cynthia|
|player|p2|Adel19|266|
|teamsize|p1|6
|teamsize|p2|6
|gen|8
|tier|[Gen 8] OU
|rule|Sleep Clause Mod: Limit one foe put to sleep
|rule|Species Clause: Limit one of each Pokémon
|rule|OHKO Clause: OHKO moves are banned
|rule|Evasion Items Clause: Evasion items are banned
|rule|Evasion Moves Clause: Evasion moves are banned
|rule|Endless Battle Clause: Forcing endless battles is banned
|rule|HP Percentage Mod: HP is shown in percentages
|rule|Dynamax Clause: You cannot dynamax
|clearpoke
|poke|p1|Buzzwole|
|poke|p1|Melmetal|
|poke|p1|Kartana|
|poke|p1|Landorus-Therian, M|
|poke|p1|Weavile, F|
|poke|p1|Rotom-Wash|
|poke|p2|Landorus-Therian, M|
|poke|p2|Zeraora|
|poke|p2|Kartana|
|poke|p2|Tapu Fini|
|poke|p2|Zapdos|
|poke|p2|Blissey, F|
|teampreview
|c|☆Adel19|hf
|c|☆SidTheShuckle|hf
|inactive|Adel19 has 270 seconds left.
|inactive|Adel19 has 240 seconds left.
|
|t:|1663445355
|start
|switch|p1a: Rotom|Rotom-Wash|100/100
|switch|p2a: Landorus|Landorus-Therian, M|100/100
|-ability|p2a: Landorus|Intimidate|boost
|-unboost|p1a: Rotom|atk|1
|turn|1
|
|t:|1663445364
|switch|p2a: Blissey|Blissey, F|100/100
|move|p1a: Rotom|Hydro Pump|p2a: Blissey
|-damage|p2a: Blissey|87/100
|
|upkeep
|turn|2
|
|t:|1663445372
|move|p1a: Rotom|Volt Switch|p2a: Blissey
|-damage|p2a: Blissey|78/100
|
|t:|1663445390
|switch|p1a: Kartana|Kartana|100/100|[from]move: Volt Switch
|move|p2a: Blissey|Stealth Rock|p1a: Kartana
|-sidestart|p1: SidTheShuckle|move: Stealth Rock
|
|upkeep
|turn|3
|
|t:|1663445404
|switch|p2a: Zapdos|Zapdos|100/100
|move|p1a: Kartana|Leaf Blade|p2a: Zapdos
|-resisted|p2a: Zapdos
|-damage|p2a: Zapdos|78/100
|-status|p1a: Kartana|par|[from] ability: Static|[of] p2a: Zapdos
|
|upkeep
|turn|4
|
|t:|1663445413
|switch|p1a: Landorus|Landorus-Therian, M|100/100
|-damage|p1a: Landorus|88/100|[from] Stealth Rock
|-ability|p1a: Landorus|Intimidate|boost
|-unboost|p2a: Zapdos|atk|1
|move|p2a: Zapdos|Toxic|p1a: Landorus|[miss]
|-miss|p2a: Zapdos|p1a: Landorus
|
|-heal|p1a: Landorus|94/100|[from] item: Leftovers
|upkeep
|turn|5
|
|t:|1663445424
|move|p1a: Landorus|Toxic|p2a: Zapdos
|-status|p2a: Zapdos|tox
|move|p2a: Zapdos|Toxic|p1a: Landorus
|-status|p1a: Landorus|tox
|
|-heal|p1a: Landorus|99/100 tox|[from] item: Leftovers
|-damage|p1a: Landorus|94/100 tox|[from] psn
|-damage|p2a: Zapdos|72/100 tox|[from] psn
|upkeep
|turn|6
|
|t:|1663445437
|move|p1a: Landorus|Stealth Rock|p2a: Zapdos
|-sidestart|p2: Adel19|move: Stealth Rock
|move|p2a: Zapdos|Hurricane|p1a: Landorus|[miss]
|-miss|p2a: Zapdos|p1a: Landorus
|
|-heal|p1a: Landorus|99/100 tox|[from] item: Leftovers
|-damage|p1a: Landorus|88/100 tox|[from] psn
|-damage|p2a: Zapdos|60/100 tox|[from] psn
|upkeep
|turn|7
|
|t:|1663445450
|switch|p1a: Rotom|Rotom-Wash|100/100
|-damage|p1a: Rotom|88/100|[from] Stealth Rock
|move|p2a: Zapdos|Volt Switch|p1a: Rotom
|-damage|p1a: Rotom|66/100
|inactive|Adel19 has 270 seconds left.
|inactive|Adel19 has 240 seconds left.
|
|t:|1663445533
|switch|p2a: Zeraora|Zeraora|100/100|[from]move: Volt Switch
|
|upkeep
|turn|8
|
|t:|1663445543
|move|p2a: Zeraora|Knock Off|p1a: Rotom
|-damage|p1a: Rotom|36/100
|-damage|p2a: Zeraora|84/100|[from] item: Rocky Helmet|[of] p1a: Rotom
|-enditem|p1a: Rotom|Rocky Helmet|[from] move: Knock Off|[of] p2a: Zeraora
|move|p1a: Rotom|Pain Split|p2a: Zeraora
|-sethp|p2a: Zeraora|59/100|[from] move: Pain Split|[silent]
|-sethp|p1a: Rotom|62/100|[from] move: Pain Split
|
|upkeep
|turn|9
|inactive|Adel19 has 210 seconds left.
|
|t:|1663445574
|switch|p1a: Landorus|Landorus-Therian, M|88/100 tox
|-damage|p1a: Landorus|76/100 tox|[from] Stealth Rock
|-ability|p1a: Landorus|Intimidate|boost
|-unboost|p2a: Zeraora|atk|1
|move|p2a: Zeraora|Plasma Fists|p1a: Landorus
|-immune|p1a: Landorus
|
|-heal|p1a: Landorus|82/100 tox|[from] item: Leftovers
|-damage|p1a: Landorus|76/100 tox|[from] psn
|upkeep
|turn|10
|inactive|Adel19 has 210 seconds left.
|
|t:|1663445604
|switch|p2a: Zapdos|Zapdos|60/100 tox
|move|p1a: Landorus|U-turn|p2a: Zapdos
|-resisted|p2a: Zapdos
|-damage|p2a: Zapdos|51/100 tox
|
|t:|1663445622
|switch|p1a: Weavile|Weavile, F|100/100|[from]move: U-turn
|-ability|p1a: Weavile|Pressure
|
|-damage|p2a: Zapdos|45/100 tox|[from] psn
|upkeep
|turn|11
|inactive|Adel19 has 180 seconds left.
|
|t:|1663445664
|move|p1a: Weavile|Knock Off|p2a: Zapdos
|-damage|p2a: Zapdos|12/100 tox
|-enditem|p2a: Zapdos|Heavy-Duty Boots|[from] move: Knock Off|[of] p1a: Weavile
|move|p2a: Zapdos|Volt Switch|p1a: Weavile
|-damage|p1a: Weavile|59/100
|
|t:|1663445675
|switch|p2a: Zeraora|Zeraora|59/100|[from]move: Volt Switch
|
|upkeep
|turn|12
|
|t:|1663445682
|switch|p1a: Landorus|Landorus-Therian, M|76/100 tox
|-damage|p1a: Landorus|64/100 tox|[from] Stealth Rock
|-ability|p1a: Landorus|Intimidate|boost
|-unboost|p2a: Zeraora|atk|1
|move|p2a: Zeraora|Close Combat|p1a: Landorus
|-resisted|p1a: Landorus
|-damage|p1a: Landorus|52/100 tox
|-unboost|p2a: Zeraora|def|1
|-unboost|p2a: Zeraora|spd|1
|
|-heal|p1a: Landorus|58/100 tox|[from] item: Leftovers
|-damage|p1a: Landorus|52/100 tox|[from] psn
|upkeep
|turn|13
|
|t:|1663445697
|switch|p2a: Zapdos|Zapdos|12/100 tox
|-damage|p2a: Zapdos|0 fnt|[from] Stealth Rock
|faint|p2a: Zapdos
|move|p1a: Landorus|U-turn|p2: Zapdos|[notarget]
|-fail|p1a: Landorus
|
|-heal|p1a: Landorus|58/100 tox|[from] item: Leftovers
|-damage|p1a: Landorus|46/100 tox|[from] psn
|upkeep
|inactive|Adel19 has 180 seconds left.
|
|t:|1663445713
|switch|p2a: Kartana|Kartana|100/100
|-damage|p2a: Kartana|94/100|[from] Stealth Rock
|turn|14
|
|t:|1663445719
|switch|p1a: Melmetal|Melmetal|100/100
|-damage|p1a: Melmetal|94/100|[from] Stealth Rock
|move|p2a: Kartana|Knock Off|p1a: Melmetal
|-damage|p1a: Melmetal|74/100
|-enditem|p1a: Melmetal|Choice Band|[from] move: Knock Off|[of] p2a: Kartana
|
|upkeep
|turn|15
|inactive|Adel19 has 180 seconds left.
|inactive|Adel19 has 150 seconds left.
|inactive|Adel19 has 120 seconds left.
|
|t:|1663445813
|move|p2a: Kartana|Swords Dance|p2a: Kartana
|-boost|p2a: Kartana|atk|2
|move|p1a: Melmetal|Double Iron Bash|p2a: Kartana
|-resisted|p2a: Kartana
|-damage|p2a: Kartana|75/100
|-resisted|p2a: Kartana
|-damage|p2a: Kartana|57/100
|-hitcount|p2a: Kartana|2
|
|upkeep
|turn|16
|
|t:|1663445821
|move|p2a: Kartana|Sacred Sword|p1a: Melmetal
|-supereffective|p1a: Melmetal
|-damage|p1a: Melmetal|1/100
|move|p1a: Melmetal|Superpower|p2a: Kartana
|-supereffective|p2a: Kartana
|-damage|p2a: Kartana|0 fnt
|-unboost|p1a: Melmetal|atk|1
|-unboost|p1a: Melmetal|def|1
|faint|p2a: Kartana
|
|upkeep
|inactive|Adel19 has 90 seconds left.
|
|t:|1663445865
|switch|p2a: Zeraora|Zeraora|59/100
|turn|17
|
|t:|1663445872
|move|p2a: Zeraora|Knock Off|p1a: Melmetal
|-damage|p1a: Melmetal|0 fnt
|faint|p1a: Melmetal
|
|upkeep
|
|t:|1663445891
|switch|p1a: Buzzwole|Buzzwole|100/100
|-damage|p1a: Buzzwole|88/100|[from] Stealth Rock
|turn|18
|inactive|Adel19 has 90 seconds left.
|
|t:|1663445909
|switch|p2a: Landorus|Landorus-Therian, M|100/100
|-damage|p2a: Landorus|88/100|[from] Stealth Rock
|-ability|p2a: Landorus|Intimidate|boost
|-unboost|p1a: Buzzwole|atk|1
|move|p1a: Buzzwole|Leech Life|p2a: Landorus
|-resisted|p2a: Landorus
|-damage|p2a: Landorus|60/100
|-heal|p1a: Buzzwole|100/100|[from] drain|[of] p2a: Landorus
|
|upkeep
|turn|19
|
|t:|1663445925
|switch|p2a: Tapu Fini|Tapu Fini|100/100
|-damage|p2a: Tapu Fini|88/100|[from] Stealth Rock
|-fieldstart|move: Misty Terrain|[from] ability: Misty Surge|[of] p2a: Tapu Fini
|switch|p1a: Rotom|Rotom-Wash|62/100
|-damage|p1a: Rotom|50/100|[from] Stealth Rock
|
|-heal|p2a: Tapu Fini|94/100|[from] item: Leftovers
|upkeep
|turn|20
|inactive|Adel19 has 90 seconds left.
|
|t:|1663445943
|switch|p2a: Zeraora|Zeraora|59/100
|move|p1a: Rotom|Pain Split|p2a: Zeraora
|-sethp|p2a: Zeraora|53/100|[from] move: Pain Split|[silent]
|-sethp|p1a: Rotom|56/100|[from] move: Pain Split
|
|upkeep
|turn|21
|
|t:|1663445955
|switch|p1a: Buzzwole|Buzzwole|100/100
|-damage|p1a: Buzzwole|88/100|[from] Stealth Rock
|move|p2a: Zeraora|Plasma Fists|p1a: Buzzwole
|-damage|p1a: Buzzwole|54/100
|-fieldactivate|move: Ion Deluge
|-hint|Normal-type moves become Electric-type after using Plasma Fists.
|
|upkeep
|turn|22
|inactive|Adel19 has 90 seconds left.
|inactive|Adel19 has 60 seconds left.
|
|t:|1663446002
|switch|p2a: Landorus|Landorus-Therian, M|60/100
|-damage|p2a: Landorus|48/100|[from] Stealth Rock
|-ability|p2a: Landorus|Intimidate|boost
|-unboost|p1a: Buzzwole|atk|1
|move|p1a: Buzzwole|Leech Life|p2a: Landorus
|-resisted|p2a: Landorus
|-crit|p2a: Landorus
|-damage|p2a: Landorus|0 fnt
|-heal|p1a: Buzzwole|76/100|[from] drain|[of] p2a: Landorus
|faint|p2a: Landorus
|-ability|p1a: Buzzwole|Beast Boost|boost
|-boost|p1a: Buzzwole|atk|1
|
|upkeep
|
|t:|1663446005
|switch|p2a: Tapu Fini|Tapu Fini|94/100
|-damage|p2a: Tapu Fini|82/100|[from] Stealth Rock
|turn|23
|
|t:|1663446025
|switch|p1a: Rotom|Rotom-Wash|56/100
|-damage|p1a: Rotom|43/100|[from] Stealth Rock
|move|p2a: Tapu Fini|Moonblast|p1a: Rotom
|-damage|p1a: Rotom|15/100
|
|-heal|p2a: Tapu Fini|88/100|[from] item: Leftovers
|-fieldend|Misty Terrain
|upkeep
|turn|24
|
|t:|1663446035
|move|p2a: Tapu Fini|Calm Mind|p2a: Tapu Fini
|-boost|p2a: Tapu Fini|spa|1
|-boost|p2a: Tapu Fini|spd|1
|move|p1a: Rotom|Pain Split|p2a: Tapu Fini
|-sethp|p2a: Tapu Fini|50/100|[from] move: Pain Split|[silent]
|-sethp|p1a: Rotom|57/100|[from] move: Pain Split
|
|-heal|p2a: Tapu Fini|57/100|[from] item: Leftovers
|upkeep
|turn|25
|
|t:|1663446051
|move|p2a: Tapu Fini|Moonblast|p1a: Rotom
|-damage|p1a: Rotom|15/100
|move|p1a: Rotom|Volt Switch|p2a: Tapu Fini
|-supereffective|p2a: Tapu Fini
|-damage|p2a: Tapu Fini|32/100
|inactive|SidTheShuckle has 270 seconds left.
|
|t:|1663446067
|switch|p1a: Kartana|Kartana|100/100 par|[from]move: Volt Switch
|-damage|p1a: Kartana|94/100 par|[from] Stealth Rock
|
|-heal|p2a: Tapu Fini|38/100|[from] item: Leftovers
|upkeep
|turn|26
|inactive|SidTheShuckle has 270 seconds left.
|
|t:|1663446073
|cant|p1a: Kartana|par
|move|p2a: Tapu Fini|Moonblast|p1a: Kartana
|-resisted|p1a: Kartana
|-damage|p1a: Kartana|9/100 par
|
|-heal|p2a: Tapu Fini|44/100|[from] item: Leftovers
|upkeep
|turn|27
|inactive|Adel19 has 90 seconds left.
|
|t:|1663446092
|switch|p2a: Blissey|Blissey, F|78/100
|move|p1a: Kartana|Leaf Blade|p2a: Blissey
|-damage|p2a: Blissey|23/100
|
|upkeep
|turn|28
|inactive|Adel19 has 90 seconds left.
|
|t:|1663446106
|move|p1a: Kartana|Leaf Blade|p2a: Blissey
|-damage|p2a: Blissey|0 fnt
|faint|p2a: Blissey
|-ability|p1a: Kartana|Beast Boost|boost
|-boost|p1a: Kartana|atk|1
|
|upkeep
|
|t:|1663446108
|switch|p2a: Zeraora|Zeraora|53/100
|turn|29
|
|t:|1663446115
|move|p2a: Zeraora|Knock Off|p1a: Kartana
|-damage|p1a: Kartana|0 fnt
|-enditem|p1a: Kartana|Choice Scarf|[from] move: Knock Off|[of] p2a: Zeraora
|faint|p1a: Kartana
|
|upkeep
|
|t:|1663446119
|switch|p1a: Buzzwole|Buzzwole|76/100
|-damage|p1a: Buzzwole|63/100|[from] Stealth Rock
|turn|30
|
|t:|1663446126
|move|p2a: Zeraora|Knock Off|p1a: Buzzwole
|-resisted|p1a: Buzzwole
|-damage|p1a: Buzzwole|53/100
|-enditem|p1a: Buzzwole|Choice Band|[from] move: Knock Off|[of] p2a: Zeraora
|move|p1a: Buzzwole|Poison Jab|p2a: Zeraora
|-damage|p2a: Zeraora|11/100
|
|upkeep
|turn|31
|
|t:|1663446133
|move|p2a: Zeraora|Plasma Fists|p1a: Buzzwole
|-damage|p1a: Buzzwole|16/100
|-fieldactivate|move: Ion Deluge
|-hint|Normal-type moves become Electric-type after using Plasma Fists.
|move|p1a: Buzzwole|Poison Jab|p2a: Zeraora
|-damage|p2a: Zeraora|0 fnt
|faint|p2a: Zeraora
|-ability|p1a: Buzzwole|Beast Boost|boost
|-boost|p1a: Buzzwole|atk|1
|
|upkeep
|
|t:|1663446135
|switch|p2a: Tapu Fini|Tapu Fini|44/100
|-damage|p2a: Tapu Fini|31/100|[from] Stealth Rock
|-fieldstart|move: Misty Terrain|[from] ability: Misty Surge|[of] p2a: Tapu Fini
|turn|32
|
|t:|1663446140
|move|p1a: Buzzwole|Poison Jab|p2a: Tapu Fini
|-supereffective|p2a: Tapu Fini
|-damage|p2a: Tapu Fini|0 fnt
|faint|p2a: Tapu Fini
|
|win|SidTheShuckle
