|inactive|Battle timer is ON: inactive players will automatically lose when time's up.
|t:|1622744908
|gametype|singles
|player|p1|Ash KetchumGamer|#wcop2021brazil|
|player|p2|Redemption|#wcop2021france|
|teamsize|p1|6
|teamsize|p2|6
|gen|8
|tier|[Gen 8] OU
|rule|Sleep Clause Mod: Limit one foe put to sleep
|rule|Species Clause: Limit one of each Pokémon
|rule|OHKO Clause: OHKO moves are banned
|rule|Evasion Moves Clause: Evasion moves are banned
|rule|Endless Battle Clause: Forcing endless battles is banned
|rule|HP Percentage Mod: HP is shown in percentages
|rule|Dynamax Clause: You cannot dynamax
|clearpoke
|poke|p1|Urshifu-*, F|
|poke|p1|Weavile, M|
|poke|p1|Slowking-Galar, F|
|poke|p1|Landorus-Therian, M|
|poke|p1|Ferrothorn, F|
|poke|p1|Tornadus-Therian, M|
|poke|p2|Tapu Lele|
|poke|p2|Zeraora|
|poke|p2|Tapu Fini|
|poke|p2|Landorus-Therian, M|
|poke|p2|Heatran, M|
|poke|p2|Kartana|
|teampreview
|c|☆Redemption|hf
|c|☆Ash KetchumGamer|hf
|raw|<div class="broadcast-red"><strong>Moderated chat was set to ☆!</strong><br />Only users of rank ☆ and higher can talk.</div>
|inactive|Ash KetchumGamer has 270 seconds left.
|inactive|Redemption has 270 seconds left.
|inactive|Ash KetchumGamer has 240 seconds left.
|inactive|Redemption has 240 seconds left.
|inactive|Redemption has 210 seconds left.
|inactive|Ash KetchumGamer has 210 seconds left.
|
|t:|1622745014
|start
|switch|p1a: GAMA TILTADO|Slowking-Galar, F|100/100
|switch|p2a: Esperanza|Zeraora|100/100
|turn|1
|
|t:|1622745041
|switch|p1a: LUIZ VICENTE|Landorus-Therian, M|100/100
|-ability|p1a: LUIZ VICENTE|Intimidate|boost
|-unboost|p2a: Esperanza|atk|1
|move|p2a: Esperanza|Knock Off|p1a: LUIZ VICENTE
|-damage|p1a: LUIZ VICENTE|86/100
|-enditem|p1a: LUIZ VICENTE|Leftovers|[from] move: Knock Off|[of] p2a: Esperanza
|
|upkeep
|turn|2
|inactive|Redemption has 240 seconds left.
|
|t:|1622745090
|switch|p2a: 希望|Landorus-Therian, M|100/100
|-ability|p2a: 希望|Intimidate|boost
|-unboost|p1a: LUIZ VICENTE|atk|1
|move|p1a: LUIZ VICENTE|Stealth Rock|p2a: 希望
|-sidestart|p2: Redemption|move: Stealth Rock
|
|upkeep
|turn|3
|inactive|Ash KetchumGamer has 240 seconds left.
|
|t:|1622745105
|move|p1a: LUIZ VICENTE|U-turn|p2a: 希望
|-resisted|p2a: 希望
|-damage|p2a: 希望|95/100
|inactive|Ash KetchumGamer has 240 seconds left.
|
|t:|1622745120
|switch|p1a: Zach Dempsey|Urshifu-Rapid-Strike, F|100/100|[from]move: U-turn
|move|p2a: 希望|Toxic|p1a: Zach Dempsey|[miss]
|-miss|p2a: 希望|p1a: Zach Dempsey
|
|-heal|p2a: 希望|100/100|[from] item: Leftovers
|upkeep
|turn|4
|inactive|Ash KetchumGamer has 240 seconds left.
|inactive|Redemption has 210 seconds left.
|
|t:|1622745160
|switch|p2a: надеяться|Tapu Fini|100/100
|-damage|p2a: надеяться|88/100|[from] Stealth Rock
|-fieldstart|move: Misty Terrain|[from] ability: Misty Surge|[of] p2a: надеяться
|move|p1a: Zach Dempsey|Surging Strikes|p2a: надеяться
|-resisted|p2a: надеяться
|-crit|p2a: надеяться
|-damage|p2a: надеяться|78/100
|-resisted|p2a: надеяться
|-crit|p2a: надеяться
|-damage|p2a: надеяться|67/100
|-resisted|p2a: надеяться
|-crit|p2a: надеяться
|-damage|p2a: надеяться|57/100
|-hitcount|p2a: надеяться|3
|
|-heal|p2a: надеяться|63/100|[from] item: Leftovers
|upkeep
|turn|5
|inactive|Ash KetchumGamer has 240 seconds left.
|
|t:|1622745181
|switch|p1a: GAMA TILTADO|Slowking-Galar, F|100/100
|move|p2a: надеяться|Nature's Madness|p1a: GAMA TILTADO
|-damage|p1a: GAMA TILTADO|51/100
|
|-heal|p2a: надеяться|69/100|[from] item: Leftovers
|upkeep
|turn|6
|inactive|Redemption has 180 seconds left.
|inactive|Ash KetchumGamer has 210 seconds left.
|inactive|Redemption has 150 seconds left.
|inactive|Ash KetchumGamer has 180 seconds left.
|inactive|Ash KetchumGamer has 150 seconds left.
|
|t:|1622745283
|switch|p2a: 希望|Landorus-Therian, M|100/100
|-damage|p2a: 希望|88/100|[from] Stealth Rock
|-ability|p2a: 希望|Intimidate|boost
|-unboost|p1a: GAMA TILTADO|atk|1
|move|p1a: GAMA TILTADO|Ice Beam|p2a: 希望
|-supereffective|p2a: 希望
|-damage|p2a: 希望|0 fnt
|faint|p2a: 希望
|
|upkeep
|
|t:|1622745290
|switch|p2a: 望む|Heatran, M|100/100
|-damage|p2a: 望む|88/100|[from] Stealth Rock
|turn|7
|inactive|Ash KetchumGamer has 150 seconds left.
|
|t:|1622745332
|switch|p1a: Zach Dempsey|Urshifu-Rapid-Strike, F|100/100
|move|p2a: 望む|Stealth Rock|p1a: Zach Dempsey
|-sidestart|p1: Ash KetchumGamer|move: Stealth Rock
|
|-heal|p2a: 望む|94/100|[from] item: Leftovers
|upkeep
|turn|8
|inactive|Redemption has 120 seconds left.
|
|t:|1622745375
|switch|p2a: Remény|Kartana|100/100
|-damage|p2a: Remény|94/100|[from] Stealth Rock
|move|p1a: Zach Dempsey|Surging Strikes|p2a: Remény
|-resisted|p2a: Remény
|-crit|p2a: Remény
|-damage|p2a: Remény|80/100
|-resisted|p2a: Remény
|-crit|p2a: Remény
|-damage|p2a: Remény|64/100
|-resisted|p2a: Remény
|-crit|p2a: Remény
|-damage|p2a: Remény|48/100
|-hitcount|p2a: Remény|3
|
|-fieldend|Misty Terrain
|upkeep
|turn|9
|
|t:|1622745399
|switch|p1a: BLIND|Tornadus-Therian, M|100/100
|move|p2a: Remény|Knock Off|p1a: BLIND
|-damage|p1a: BLIND|52/100
|-enditem|p1a: BLIND|Heavy-Duty Boots|[from] move: Knock Off|[of] p2a: Remény
|
|upkeep
|turn|10
|inactive|Redemption has 90 seconds left.
|inactive|Ash KetchumGamer has 120 seconds left.
|inactive|Redemption has 60 seconds left.
|
|t:|1622745447
|switch|p2a: Esperanza|Zeraora|100/100
|move|p1a: BLIND|U-turn|p2a: Esperanza
|-damage|p2a: Esperanza|81/100
|
|t:|1622745450
|switch|p1a: LUIZ VICENTE|Landorus-Therian, M|86/100|[from]move: U-turn
|-damage|p1a: LUIZ VICENTE|74/100|[from] Stealth Rock
|-ability|p1a: LUIZ VICENTE|Intimidate|boost
|-unboost|p2a: Esperanza|atk|1
|
|upkeep
|turn|11
|inactive|Redemption has 60 seconds left.
|
|t:|1622745473
|switch|p2a: Hoffen|Tapu Lele|100/100
|-damage|p2a: Hoffen|88/100|[from] Stealth Rock
|-fieldstart|move: Psychic Terrain|[from] ability: Psychic Surge|[of] p2a: Hoffen
|move|p1a: LUIZ VICENTE|Earthquake|p2a: Hoffen
|-damage|p2a: Hoffen|9/100
|
|upkeep
|turn|12
|inactive|Ash KetchumGamer has 120 seconds left.
|inactive|Redemption has 60 seconds left.
|inactive|Ash KetchumGamer has 90 seconds left.
|inactive|Redemption has 30 seconds left.
|
|t:|1622745517
|switch|p1a: ADAM SANDLER|Ferrothorn, F|100/100
|-damage|p1a: ADAM SANDLER|94/100|[from] Stealth Rock
|move|p2a: Hoffen|Psyshock|p1a: ADAM SANDLER
|-resisted|p1a: ADAM SANDLER
|-damage|p1a: ADAM SANDLER|67/100
|
|-heal|p1a: ADAM SANDLER|73/100|[from] item: Leftovers
|upkeep
|turn|13
|inactive|Ash KetchumGamer has 90 seconds left.
|inactive|Redemption has 30 seconds left.
|inactive|Redemption has 20 seconds left.
|
|t:|1622745541
|switch|p2a: 望む|Heatran, M|94/100
|-damage|p2a: 望む|82/100|[from] Stealth Rock
|move|p1a: ADAM SANDLER|Knock Off|p2a: 望む
|-damage|p2a: 望む|67/100
|-enditem|p2a: 望む|Leftovers|[from] move: Knock Off|[of] p1a: ADAM SANDLER
|
|-heal|p1a: ADAM SANDLER|79/100|[from] item: Leftovers
|upkeep
|turn|14
|inactive|Redemption has 30 seconds left this turn.
|inactive|Redemption has 20 seconds left.
|
|t:|1622745552
|switch|p2a: Remény|Kartana|48/100
|-damage|p2a: Remény|42/100|[from] Stealth Rock
|switch|p1a: Zach Dempsey|Urshifu-Rapid-Strike, F|100/100
|-damage|p1a: Zach Dempsey|94/100|[from] Stealth Rock
|
|upkeep
|turn|15
|inactive|Redemption has 30 seconds left this turn.
|inactive|Redemption has 20 seconds left.
|
|t:|1622745564
|switch|p2a: Esperanza|Zeraora|81/100
|switch|p1a: BLIND|Tornadus-Therian, M|86/100
|-damage|p1a: BLIND|61/100|[from] Stealth Rock
|
|-fieldend|move: Psychic Terrain
|upkeep
|turn|16
|inactive|Redemption has 30 seconds left this turn.
|inactive|Redemption has 20 seconds left.
|
|t:|1622745576
|move|p2a: Esperanza|Knock Off|p1a: BLIND
|-damage|p1a: BLIND|39/100
|move|p1a: BLIND|U-turn|p2a: Esperanza
|-damage|p2a: Esperanza|60/100
|inactive|Redemption has 25 seconds left this turn.
|
|t:|1622745582
|switch|p1a: LUIZ VICENTE|Landorus-Therian, M|74/100|[from]move: U-turn
|-damage|p1a: LUIZ VICENTE|61/100|[from] Stealth Rock
|-ability|p1a: LUIZ VICENTE|Intimidate|boost
|-unboost|p2a: Esperanza|atk|1
|
|upkeep
|turn|17
|inactive|Redemption has 30 seconds left.
|
|t:|1622745592
|switch|p2a: Hoffen|Tapu Lele|9/100
|-damage|p2a: Hoffen|0 fnt|[from] Stealth Rock
|faint|p2a: Hoffen
|move|p1a: LUIZ VICENTE|Earthquake|p2: Hoffen|[notarget]
|-fail|p1a: LUIZ VICENTE
|
|upkeep
|
|t:|1622745594
|switch|p2a: Remény|Kartana|42/100
|-damage|p2a: Remény|36/100|[from] Stealth Rock
|turn|18
|inactive|Ash KetchumGamer has 90 seconds left.
|inactive|Redemption has 30 seconds left.
|
|t:|1622745621
|switch|p1a: BLIND|Tornadus-Therian, M|72/100
|-damage|p1a: BLIND|47/100|[from] Stealth Rock
|move|p2a: Remény|Knock Off|p1a: BLIND
|-damage|p1a: BLIND|18/100
|
|upkeep
|turn|19
|inactive|Redemption has 30 seconds left.
|inactive|Redemption has 20 seconds left.
|inactive|Ash KetchumGamer has 60 seconds left.
|inactive|Redemption has 15 seconds left.
|
|t:|1622745655
|switch|p1a: Zach Dempsey|Urshifu-Rapid-Strike, F|94/100
|-damage|p1a: Zach Dempsey|88/100|[from] Stealth Rock
|move|p2a: Remény|Knock Off|p1a: Zach Dempsey
|-resisted|p1a: Zach Dempsey
|-damage|p1a: Zach Dempsey|67/100
|-enditem|p1a: Zach Dempsey|Choice Band|[from] move: Knock Off|[of] p2a: Remény
|
|upkeep
|turn|20
|inactive|Redemption has 25 seconds left this turn.
|inactive|Redemption has 20 seconds left.
|inactive|Redemption has 15 seconds left.
|
|t:|1622745669
|move|p2a: Remény|Leaf Blade|p1a: Zach Dempsey
|-supereffective|p1a: Zach Dempsey
|-crit|p1a: Zach Dempsey
|-damage|p1a: Zach Dempsey|0 fnt
|faint|p1a: Zach Dempsey
|-ability|p2a: Remény|Beast Boost|boost
|-boost|p2a: Remény|atk|1
|
|upkeep
|inactive|Redemption has 20 seconds left this turn.
|
|t:|1622745673
|switch|p1a: PERIGO|Weavile, M|100/100
|-ability|p1a: PERIGO|Pressure
|turn|21
|inactive|Redemption has 30 seconds left this turn.
|inactive|Redemption has 20 seconds left.
|
|t:|1622745685
|switch|p2a: надеяться|Tapu Fini|69/100
|-damage|p2a: надеяться|57/100|[from] Stealth Rock
|-fieldstart|move: Misty Terrain|[from] ability: Misty Surge|[of] p2a: надеяться
|move|p1a: PERIGO|Knock Off|p2a: надеяться
|-resisted|p2a: надеяться
|-damage|p2a: надеяться|40/100
|-enditem|p2a: надеяться|Leftovers|[from] move: Knock Off|[of] p1a: PERIGO
|
|upkeep
|turn|22
|inactive|Redemption has 30 seconds left this turn.
|inactive|Redemption has 20 seconds left.
|inactive|Redemption has 15 seconds left.
|inactive|Ash KetchumGamer has 60 seconds left.
|
|t:|1622745728
|switch|p1a: ADAM SANDLER|Ferrothorn, F|79/100
|-damage|p1a: ADAM SANDLER|73/100|[from] Stealth Rock
|switch|p2a: Remény|Kartana|36/100
|-damage|p2a: Remény|29/100|[from] Stealth Rock
|
|-heal|p1a: ADAM SANDLER|79/100|[from] item: Leftovers
|upkeep
|turn|23
|inactive|Redemption has 25 seconds left this turn.
|inactive|Redemption has 20 seconds left.
|inactive|Redemption has 15 seconds left.
|inactive|Redemption has 10 seconds left.
|
|t:|1622745744
|move|p2a: Remény|Sacred Sword|p1a: ADAM SANDLER
|-supereffective|p1a: ADAM SANDLER
|-damage|p1a: ADAM SANDLER|30/100
|-damage|p2a: Remény|17/100|[from] ability: Iron Barbs|[of] p1a: ADAM SANDLER
|move|p1a: ADAM SANDLER|Body Press|p2a: Remény
|-supereffective|p2a: Remény
|-enditem|p2a: Remény|Chople Berry|[eat]
|-enditem|p2a: Remény|Chople Berry|[weaken]
|-damage|p2a: Remény|0 fnt
|faint|p2a: Remény
|
|-heal|p1a: ADAM SANDLER|37/100|[from] item: Leftovers
|upkeep
|inactive|Redemption has 15 seconds left this turn.
|inactive|Redemption has 10 seconds left.
|
|t:|1622745753
|switch|p2a: 望む|Heatran, M|67/100
|-damage|p2a: 望む|55/100|[from] Stealth Rock
|turn|24
|inactive|Redemption has 20 seconds left this turn.
|inactive|Ash KetchumGamer has 60 seconds left.
|inactive|Redemption has 15 seconds left.
|
|t:|1622745779
|move|p2a: 望む|Magma Storm|p1a: ADAM SANDLER
|-supereffective|p1a: ADAM SANDLER
|-damage|p1a: ADAM SANDLER|0 fnt
|faint|p1a: ADAM SANDLER
|
|upkeep
|inactive|Redemption has 20 seconds left this turn.
|
|t:|1622745783
|switch|p1a: GAMA TILTADO|Slowking-Galar, F|84/100
|-damage|p1a: GAMA TILTADO|71/100|[from] Stealth Rock
|turn|25
|inactive|Redemption has 30 seconds left this turn.
|inactive|Redemption has 20 seconds left.
|inactive|Redemption has 15 seconds left.
|inactive|Redemption has 10 seconds left.
|
|t:|1622745804
|move|p2a: 望む|Magma Storm|p1a: GAMA TILTADO|[miss]
|-miss|p2a: 望む|p1a: GAMA TILTADO
|move|p1a: GAMA TILTADO|Earthquake|p2a: 望む
|-supereffective|p2a: 望む
|-damage|p2a: 望む|0 fnt
|faint|p2a: 望む
|
|-fieldend|Misty Terrain
|upkeep
|inactive|Redemption has 15 seconds left this turn.
|
|t:|1622745809
|switch|p2a: Esperanza|Zeraora|60/100
|turn|26
|inactive|Redemption has 25 seconds left this turn.
|inactive|Redemption has 20 seconds left.
|inactive|Ash KetchumGamer has 60 seconds left.
|
|t:|1622745827
|switch|p1a: BLIND|Tornadus-Therian, M|51/100
|-damage|p1a: BLIND|26/100|[from] Stealth Rock
|move|p2a: Esperanza|Knock Off|p1a: BLIND
|-damage|p1a: BLIND|4/100
|
|upkeep
|turn|27
|inactive|Redemption has 30 seconds left this turn.
|inactive|Redemption has 20 seconds left.
|inactive|Redemption has 15 seconds left.
|inactive|Redemption has 10 seconds left.
|
|t:|1622745849
|move|p2a: Esperanza|Bulk Up|p2a: Esperanza
|-boost|p2a: Esperanza|atk|1
|-boost|p2a: Esperanza|def|1
|move|p1a: BLIND|U-turn|p2a: Esperanza
|-damage|p2a: Esperanza|47/100
|inactive|Redemption has 15 seconds left this turn.
|
|t:|1622745853
|switch|p1a: LUIZ VICENTE|Landorus-Therian, M|61/100|[from]move: U-turn
|-damage|p1a: LUIZ VICENTE|49/100|[from] Stealth Rock
|-ability|p1a: LUIZ VICENTE|Intimidate|boost
|-unboost|p2a: Esperanza|atk|1
|
|upkeep
|turn|28
|inactive|Redemption has 25 seconds left this turn.
|inactive|Redemption has 20 seconds left.
|inactive|Redemption has 15 seconds left.
|inactive|Redemption has 10 seconds left.
|
|t:|1622745869
|move|p2a: Esperanza|Knock Off|p1a: LUIZ VICENTE
|-damage|p1a: LUIZ VICENTE|33/100
|move|p1a: LUIZ VICENTE|Earthquake|p2a: Esperanza
|-supereffective|p2a: Esperanza
|-damage|p2a: Esperanza|0 fnt
|faint|p2a: Esperanza
|
|upkeep
|inactive|Redemption has 15 seconds left this turn.
|c|☆Ash KetchumGamer|gg
|c|☆Redemption|gg
|inactive|Redemption has 10 seconds left.
|
|t:|1622745875
|switch|p2a: надеяться|Tapu Fini|40/100
|-damage|p2a: надеяться|28/100|[from] Stealth Rock
|-fieldstart|move: Misty Terrain|[from] ability: Misty Surge|[of] p2a: надеяться
|turn|29
|inactive|Redemption has 20 seconds left this turn.
|
|t:|1622745880
|switch|p1a: GAMA TILTADO|Slowking-Galar, F|100/100
|-damage|p1a: GAMA TILTADO|88/100|[from] Stealth Rock
|move|p2a: надеяться|Scald|p1a: GAMA TILTADO
|-damage|p1a: GAMA TILTADO|77/100
|
|upkeep
|turn|30
|inactive|Redemption has 30 seconds left this turn.
|
|t:|1622745882
|move|p2a: надеяться|Nature's Madness|p1a: GAMA TILTADO
|-damage|p1a: GAMA TILTADO|39/100
|move|p1a: GAMA TILTADO|Sludge Bomb|p2a: надеяться
|-supereffective|p2a: надеяться
|-damage|p2a: надеяться|0 fnt
|faint|p2a: надеяться
|
|win|Ash KetchumGamer
