|inactive|Battle timer is ON: inactive players will automatically lose when time's up.
|t:|1643572622
|gametype|singles
|player|p1|Yung GODCHURCH|hugh|
|player|p2|DJ CRIB DEF|cynthia|
|teamsize|p1|6
|teamsize|p2|6
|gen|8
|tier|[Gen 8] OU
|rule|Sleep Clause Mod: Limit one foe put to sleep
|rule|Species Clause: Limit one of each Pokémon
|rule|OHKO Clause: OHKO moves are banned
|rule|Evasion Moves Clause: Evasion moves are banned
|rule|Endless Battle Clause: Forcing endless battles is banned
|rule|HP Percentage Mod: HP is shown in percentages
|rule|Dynamax Clause: You cannot dynamax
|clearpoke
|poke|p1|Landorus-Therian, M|
|poke|p1|Corviknight, F|
|poke|p1|Tapu Koko|
|poke|p1|Toxapex, F|
|poke|p1|Weavile, F|
|poke|p1|Blacephalon|
|poke|p2|Tapu Lele|
|poke|p2|Rillaboom, M|
|poke|p2|Urshifu-*, M|
|poke|p2|Heatran, F|
|poke|p2|Kommo-o, F|
|poke|p2|Corviknight, M|
|teampreview
|inactive|Yung GODCHURCH also wants the timer to be on.
|c|☆DJ CRIB DEF|hf
|c|+LordEnz|OST??????
|c|☆DJ CRIB DEF|yup
|c|+WarumFelix|this battle has to be sometimes epic
|c|+WarumFelix|im gonna watch
|c|+WarumFelix|*something
|inactive|Yung GODCHURCH has 270 seconds left.
|inactive|DJ CRIB DEF has 270 seconds left.
|c|+LordEnz|dons meetup
|inactive|Yung GODCHURCH has 240 seconds left.
|inactive|DJ CRIB DEF has 240 seconds left.
|
|t:|1643572695
|start
|switch|p1a: Landorus|Landorus-Therian, M|100/100
|switch|p2a: Kommo-o|Kommo-o, F|100/100
|-ability|p1a: Landorus|Intimidate|boost
|-unboost|p2a: Kommo-o|atk|1
|turn|1
|
|t:|1643572705
|move|p1a: Landorus|Toxic|p2a: Kommo-o
|-status|p2a: Kommo-o|tox
|move|p2a: Kommo-o|Clanging Scales|p1a: Landorus
|-damage|p1a: Landorus|43/100
|-unboost|p2a: Kommo-o|def|1
|
|-heal|p1a: Landorus|49/100|[from] item: Leftovers
|-damage|p2a: Kommo-o|94/100 tox|[from] psn
|upkeep
|turn|2
|
|t:|1643572722
|move|p1a: Landorus|U-turn|p2a: Kommo-o
|-resisted|p2a: Kommo-o
|-damage|p2a: Kommo-o|82/100 tox
|
|t:|1643572730
|switch|p1a: Tapu Koko|Tapu Koko|100/100|[from]move: U-turn
|-fieldstart|move: Electric Terrain|[from] ability: Electric Surge|[of] p1a: Tapu Koko
|move|p2a: Kommo-o|Clanging Scales|p1a: Tapu Koko
|-immune|p1a: Tapu Koko
|
|-damage|p2a: Kommo-o|69/100 tox|[from] psn
|upkeep
|turn|3
|
|t:|1643572743
|switch|p2a: Heatran|Heatran, F|100/100
|move|p1a: Tapu Koko|Thunderbolt|p2a: Heatran
|-damage|p2a: Heatran|71/100
|
|-heal|p2a: Heatran|77/100|[from] item: Leftovers
|upkeep
|turn|4
|
|t:|1643572748
|move|p1a: Tapu Koko|U-turn|p2a: Heatran
|-resisted|p2a: Heatran
|-damage|p2a: Heatran|73/100
|
|t:|1643572751
|switch|p1a: Toxapex|Toxapex, F|100/100|[from]move: U-turn
|move|p2a: Heatran|Magma Storm|p1a: Toxapex
|-resisted|p1a: Toxapex
|-damage|p1a: Toxapex|85/100
|-activate|p1a: Toxapex|move: Magma Storm|[of] p2a: Heatran
|-enditem|p1a: Toxapex|Eject Button
|
|t:|1643572753
|switch|p1a: Landorus|Landorus-Therian, M|49/100
|-ability|p1a: Landorus|Intimidate|boost
|-unboost|p2a: Heatran|atk|1
|
|-heal|p1a: Landorus|55/100|[from] item: Leftovers
|-heal|p2a: Heatran|80/100|[from] item: Leftovers
|upkeep
|turn|5
|
|t:|1643572758
|switch|p2a: Corviknight|Corviknight, M|100/100
|-ability|p2a: Corviknight|Pressure
|move|p1a: Landorus|Earthquake|p2a: Corviknight
|-immune|p2a: Corviknight
|
|-heal|p1a: Landorus|61/100|[from] item: Leftovers
|upkeep
|turn|6
|
|t:|1643572770
|switch|p1a: Toxapex|Toxapex, F|100/100
|move|p2a: Corviknight|U-turn|p1a: Toxapex
|-resisted|p1a: Toxapex
|-damage|p1a: Toxapex|95/100
|
|t:|1643572776
|switch|p2a: Tapu Lele|Tapu Lele|100/100|[from]move: U-turn
|-fieldstart|move: Psychic Terrain|[from] ability: Psychic Surge|[of] p2a: Tapu Lele
|
|upkeep
|turn|7
|
|t:|1643572782
|switch|p1a: Corviknight|Corviknight, F|100/100
|-ability|p1a: Corviknight|Pressure
|move|p2a: Tapu Lele|Thunderbolt|p1a: Corviknight
|-supereffective|p1a: Corviknight
|-damage|p1a: Corviknight|43/100
|
|upkeep
|turn|8
|
|t:|1643572792
|switch|p1a: Landorus|Landorus-Therian, M|61/100
|-ability|p1a: Landorus|Intimidate|boost
|-unboost|p2a: Tapu Lele|atk|1
|move|p2a: Tapu Lele|Thunderbolt|p1a: Landorus
|-immune|p1a: Landorus
|
|-heal|p1a: Landorus|67/100|[from] item: Leftovers
|upkeep
|turn|9
|
|t:|1643572797
|switch|p2a: Corviknight|Corviknight, M|100/100
|-ability|p2a: Corviknight|Pressure
|move|p1a: Landorus|U-turn|p2a: Corviknight
|-resisted|p2a: Corviknight
|-damage|p2a: Corviknight|97/100
|-damage|p1a: Landorus|50/100|[from] item: Rocky Helmet|[of] p2a: Corviknight
|
|t:|1643572800
|switch|p1a: Blacephalon|Blacephalon|100/100|[from]move: U-turn
|
|upkeep
|turn|10
|
|t:|1643572808
|switch|p2a: Kommo-o|Kommo-o, F|69/100 tox
|move|p1a: Blacephalon|Shadow Ball|p2a: Kommo-o
|-immune|p2a: Kommo-o|[from] ability: Bulletproof
|
|-damage|p2a: Kommo-o|63/100 tox|[from] psn
|-fieldend|move: Psychic Terrain
|upkeep
|turn|11
|
|t:|1643572830
|switch|p1a: Tapu Koko|Tapu Koko|100/100
|-fieldstart|move: Electric Terrain|[from] ability: Electric Surge|[of] p1a: Tapu Koko
|move|p2a: Kommo-o|Clanging Scales|p1a: Tapu Koko
|-immune|p1a: Tapu Koko
|
|-damage|p2a: Kommo-o|51/100 tox|[from] psn
|upkeep
|turn|12
|
|t:|1643572838
|switch|p2a: Heatran|Heatran, F|80/100
|move|p1a: Tapu Koko|U-turn|p2a: Heatran
|-resisted|p2a: Heatran
|-crit|p2a: Heatran
|-damage|p2a: Heatran|75/100
|
|t:|1643572840
|switch|p1a: Blacephalon|Blacephalon|100/100|[from]move: U-turn
|
|-heal|p2a: Heatran|81/100|[from] item: Leftovers
|upkeep
|turn|13
|
|t:|1643572848
|move|p1a: Blacephalon|Shadow Ball|p2a: Heatran
|-damage|p2a: Heatran|36/100
|move|p2a: Heatran|Magma Storm|p1a: Blacephalon
|-resisted|p1a: Blacephalon
|-damage|p1a: Blacephalon|62/100
|-activate|p1a: Blacephalon|move: Magma Storm|[of] p2a: Heatran
|
|-heal|p2a: Heatran|42/100|[from] item: Leftovers
|-damage|p1a: Blacephalon|49/100|[from] move: Magma Storm|[partiallytrapped]
|upkeep
|turn|14
|
|t:|1643572858
|switch|p2a: Kommo-o|Kommo-o, F|51/100 tox
|move|p1a: Blacephalon|Shadow Ball|p2a: Kommo-o
|-immune|p2a: Kommo-o|[from] ability: Bulletproof
|
|-damage|p2a: Kommo-o|44/100 tox|[from] psn
|-end|p1a: Blacephalon|Magma Storm|[partiallytrapped]|[silent]
|upkeep
|turn|15
|
|t:|1643572864
|switch|p1a: Toxapex|Toxapex, F|100/100
|move|p2a: Kommo-o|Clanging Scales|p1a: Toxapex
|-damage|p1a: Toxapex|49/100
|-unboost|p2a: Kommo-o|def|1
|
|-damage|p2a: Kommo-o|32/100 tox|[from] psn
|-fieldend|move: Electric Terrain
|upkeep
|turn|16
|
|t:|1643572875
|switch|p2a: Heatran|Heatran, F|42/100
|switch|p1a: Tapu Koko|Tapu Koko|100/100
|-fieldstart|move: Electric Terrain|[from] ability: Electric Surge|[of] p1a: Tapu Koko
|
|-heal|p2a: Heatran|48/100|[from] item: Leftovers
|upkeep
|turn|17
|
|t:|1643572885
|move|p1a: Tapu Koko|U-turn|p2a: Heatran
|-resisted|p2a: Heatran
|-damage|p2a: Heatran|45/100
|
|t:|1643572887
|switch|p1a: Landorus|Landorus-Therian, M|50/100|[from]move: U-turn
|-ability|p1a: Landorus|Intimidate|boost
|-unboost|p2a: Heatran|atk|1
|move|p2a: Heatran|Stealth Rock|p1a: Landorus
|-sidestart|p1: Yung GODCHURCH|move: Stealth Rock
|
|-heal|p1a: Landorus|56/100|[from] item: Leftovers
|-heal|p2a: Heatran|51/100|[from] item: Leftovers
|upkeep
|turn|18
|
|t:|1643572891
|switch|p2a: Corviknight|Corviknight, M|97/100
|-ability|p2a: Corviknight|Pressure
|move|p1a: Landorus|Defog|p2a: Corviknight
|-unboost|p2a: Corviknight|evasion|1
|-sideend|p1: Yung GODCHURCH|Stealth Rock|[from] move: Defog|[of] p1a: Landorus
|-fieldend|move: Electric Terrain
|
|-heal|p1a: Landorus|62/100|[from] item: Leftovers
|upkeep
|turn|19
|inactive|Yung GODCHURCH has 270 seconds left.
|
|t:|1643572924
|switch|p1a: Corviknight|Corviknight, F|43/100
|-ability|p1a: Corviknight|Pressure
|move|p2a: Corviknight|U-turn|p1a: Corviknight
|-resisted|p1a: Corviknight
|-damage|p1a: Corviknight|41/100
|-damage|p2a: Corviknight|80/100|[from] item: Rocky Helmet|[of] p1a: Corviknight
|
|t:|1643572937
|switch|p2a: Heatran|Heatran, F|51/100|[from]move: U-turn
|
|-heal|p2a: Heatran|58/100|[from] item: Leftovers
|upkeep
|turn|20
|inactive|Yung GODCHURCH has 270 seconds left.
|
|t:|1643572959
|switch|p1a: Landorus|Landorus-Therian, M|62/100
|-ability|p1a: Landorus|Intimidate|boost
|-unboost|p2a: Heatran|atk|1
|move|p2a: Heatran|Magma Storm|p1a: Landorus
|-damage|p1a: Landorus|28/100
|-activate|p1a: Landorus|move: Magma Storm|[of] p2a: Heatran
|
|-heal|p1a: Landorus|34/100|[from] item: Leftovers
|-heal|p2a: Heatran|64/100|[from] item: Leftovers
|-damage|p1a: Landorus|21/100|[from] move: Magma Storm|[partiallytrapped]
|upkeep
|turn|21
|inactive|Yung GODCHURCH has 270 seconds left.
|
|t:|1643572966
|switch|p2a: Corviknight|Corviknight, M|80/100
|-ability|p2a: Corviknight|Pressure
|move|p1a: Landorus|Earthquake|p2a: Corviknight
|-immune|p2a: Corviknight
|
|-heal|p1a: Landorus|27/100|[from] item: Leftovers
|-end|p1a: Landorus|Magma Storm|[partiallytrapped]|[silent]
|upkeep
|turn|22
|
|t:|1643572974
|move|p1a: Landorus|Earthquake|p2a: Corviknight
|-immune|p2a: Corviknight
|move|p2a: Corviknight|U-turn|p1a: Landorus
|-resisted|p1a: Landorus
|-damage|p1a: Landorus|20/100
|inactive|DJ CRIB DEF has 270 seconds left.
|inactive|DJ CRIB DEF has 240 seconds left.
|
|t:|1643573038
|switch|p2a: Urshifu|Urshifu-Rapid-Strike, M|100/100|[from]move: U-turn
|
|-heal|p1a: Landorus|26/100|[from] item: Leftovers
|upkeep
|turn|23
|inactive|Yung GODCHURCH has 270 seconds left.
|
|t:|1643573065
|switch|p1a: Toxapex|Toxapex, F|82/100
|move|p2a: Urshifu|U-turn|p1a: Toxapex
|-resisted|p1a: Toxapex
|-damage|p1a: Toxapex|71/100
|
|t:|1643573071
|switch|p2a: Tapu Lele|Tapu Lele|100/100|[from]move: U-turn
|-fieldstart|move: Psychic Terrain|[from] ability: Psychic Surge|[of] p2a: Tapu Lele
|
|upkeep
|turn|24
|
|t:|1643573074
|move|p2a: Tapu Lele|Thunderbolt|p1a: Toxapex
|-supereffective|p1a: Toxapex
|-damage|p1a: Toxapex|30/100
|move|p1a: Toxapex|Toxic Spikes|p2a: Tapu Lele
|-sidestart|p2: DJ CRIB DEF|move: Toxic Spikes
|
|upkeep
|turn|25
|
|t:|1643573081
|switch|p2a: Corviknight|Corviknight, M|80/100
|-ability|p2a: Corviknight|Pressure
|switch|p1a: Landorus|Landorus-Therian, M|26/100
|-ability|p1a: Landorus|Intimidate|boost
|-unboost|p2a: Corviknight|atk|1
|
|-heal|p1a: Landorus|33/100|[from] item: Leftovers
|upkeep
|turn|26
|
|t:|1643573090
|switch|p1a: Corviknight|Corviknight, F|41/100
|-ability|p1a: Corviknight|Pressure
|move|p2a: Corviknight|Defog|p1a: Corviknight
|-unboost|p1a: Corviknight|evasion|1
|-sideend|p2: DJ CRIB DEF|Toxic Spikes|[from] move: Defog|[of] p2a: Corviknight
|-fieldend|move: Psychic Terrain
|
|upkeep
|turn|27
|
|t:|1643573093
|move|p1a: Corviknight|Roost|p1a: Corviknight
|-heal|p1a: Corviknight|91/100
|-singleturn|p1a: Corviknight|move: Roost
|move|p2a: Corviknight|U-turn|p1a: Corviknight
|-resisted|p1a: Corviknight
|-damage|p1a: Corviknight|88/100
|-damage|p2a: Corviknight|64/100|[from] item: Rocky Helmet|[of] p1a: Corviknight
|
|t:|1643573094
|switch|p2a: Heatran|Heatran, F|64/100|[from]move: U-turn
|
|-heal|p2a: Heatran|70/100|[from] item: Leftovers
|upkeep
|turn|28
|
|t:|1643573121
|switch|p1a: Toxapex|Toxapex, F|63/100
|move|p2a: Heatran|Magma Storm|p1a: Toxapex|[miss]
|-miss|p2a: Heatran|p1a: Toxapex
|
|-heal|p2a: Heatran|76/100|[from] item: Leftovers
|upkeep
|turn|29
|
|t:|1643573127
|move|p2a: Heatran|Magma Storm|p1a: Toxapex
|-resisted|p1a: Toxapex
|-damage|p1a: Toxapex|48/100
|-activate|p1a: Toxapex|move: Magma Storm|[of] p2a: Heatran
|move|p1a: Toxapex|Knock Off|p2a: Heatran
|-damage|p2a: Heatran|65/100
|-enditem|p2a: Heatran|Leftovers|[from] move: Knock Off|[of] p1a: Toxapex
|
|-damage|p1a: Toxapex|36/100|[from] move: Magma Storm|[partiallytrapped]
|upkeep
|turn|30
|
|t:|1643573130
|move|p2a: Heatran|Taunt|p1a: Toxapex
|-start|p1a: Toxapex|move: Taunt
|cant|p1a: Toxapex|move: Taunt|Toxic Spikes
|
|-damage|p1a: Toxapex|23/100|[from] move: Magma Storm|[partiallytrapped]
|upkeep
|turn|31
|
|t:|1643573140
|move|p2a: Heatran|Stealth Rock|p1a: Toxapex
|-sidestart|p1: Yung GODCHURCH|move: Stealth Rock
|move|p1a: Toxapex|Knock Off|p2a: Heatran
|-damage|p2a: Heatran|57/100
|
|-damage|p1a: Toxapex|11/100|[from] move: Magma Storm|[partiallytrapped]
|upkeep
|turn|32
|
|t:|1643573143
|move|p2a: Heatran|Earth Power|p1a: Toxapex
|-supereffective|p1a: Toxapex
|-damage|p1a: Toxapex|0 fnt
|faint|p1a: Toxapex
|
|upkeep
|
|t:|1643573156
|switch|p1a: Landorus|Landorus-Therian, M|33/100
|-damage|p1a: Landorus|20/100|[from] Stealth Rock
|-ability|p1a: Landorus|Intimidate|boost
|-unboost|p2a: Heatran|atk|1
|turn|33
|
|t:|1643573163
|switch|p2a: Rillaboom|Rillaboom, M|100/100
|-fieldstart|move: Grassy Terrain|[from] ability: Grassy Surge|[of] p2a: Rillaboom
|move|p1a: Landorus|Defog|p2a: Rillaboom
|-unboost|p2a: Rillaboom|evasion|1
|-sideend|p1: Yung GODCHURCH|Stealth Rock|[from] move: Defog|[of] p1a: Landorus
|-fieldend|move: Grassy Terrain
|
|-heal|p1a: Landorus|26/100|[from] item: Leftovers
|upkeep
|turn|34
|
|t:|1643573169
|move|p2a: Rillaboom|Knock Off|p1a: Landorus
|-damage|p1a: Landorus|0 fnt
|-enditem|p1a: Landorus|Leftovers|[from] move: Knock Off|[of] p2a: Rillaboom
|faint|p1a: Landorus
|
|upkeep
|
|t:|1643573173
|switch|p1a: Blacephalon|Blacephalon|49/100
|turn|35
|
|t:|1643573180
|switch|p2a: Kommo-o|Kommo-o, F|32/100 tox
|move|p1a: Blacephalon|Flamethrower|p2a: Kommo-o
|-resisted|p2a: Kommo-o
|-damage|p2a: Kommo-o|0 fnt
|faint|p2a: Kommo-o
|-ability|p1a: Blacephalon|Beast Boost|boost
|-boost|p1a: Blacephalon|spa|1
|
|upkeep
|
|t:|1643573183
|switch|p2a: Heatran|Heatran, F|57/100
|turn|36
|
|t:|1643573194
|switch|p1a: Tapu Koko|Tapu Koko|100/100
|-fieldstart|move: Electric Terrain|[from] ability: Electric Surge|[of] p1a: Tapu Koko
|move|p2a: Heatran|Stealth Rock|p1a: Tapu Koko
|-sidestart|p1: Yung GODCHURCH|move: Stealth Rock
|
|upkeep
|turn|37
|
|t:|1643573201
|move|p1a: Tapu Koko|U-turn|p2a: Heatran
|-resisted|p2a: Heatran
|-damage|p2a: Heatran|53/100
|
|t:|1643573208
|switch|p1a: Weavile|Weavile, F|100/100|[from]move: U-turn
|-damage|p1a: Weavile|76/100|[from] Stealth Rock
|-ability|p1a: Weavile|Pressure
|move|p2a: Heatran|Earth Power|p1a: Weavile
|-damage|p1a: Weavile|41/100
|
|upkeep
|turn|38
|
|t:|1643573213
|switch|p2a: Urshifu|Urshifu-Rapid-Strike, M|100/100
|move|p1a: Weavile|Knock Off|p2a: Urshifu
|-resisted|p2a: Urshifu
|-damage|p2a: Urshifu|64/100
|-enditem|p2a: Urshifu|Choice Band|[from] move: Knock Off|[of] p1a: Weavile
|
|upkeep
|turn|39
|
|t:|1643573220
|move|p1a: Weavile|Knock Off|p2a: Urshifu
|-resisted|p2a: Urshifu
|-crit|p2a: Urshifu
|-damage|p2a: Urshifu|26/100
|move|p2a: Urshifu|Thunder Punch|p1a: Weavile
|-damage|p1a: Weavile|0 fnt
|faint|p1a: Weavile
|
|upkeep
|
|t:|1643573226
|switch|p1a: Tapu Koko|Tapu Koko|100/100
|turn|40
|
|t:|1643573233
|move|p1a: Tapu Koko|Thunderbolt|p2a: Urshifu
|-supereffective|p2a: Urshifu
|-damage|p2a: Urshifu|0 fnt
|faint|p2a: Urshifu
|
|-fieldend|move: Electric Terrain
|upkeep
|c|☆Yung GODCHURCH|Gg
|
|t:|1643573253
|switch|p2a: Rillaboom|Rillaboom, M|100/100
|-fieldstart|move: Grassy Terrain|[from] ability: Grassy Surge|[of] p2a: Rillaboom
|turn|41
|
|t:|1643573283
|move|p1a: Tapu Koko|Dazzling Gleam|p2a: Rillaboom
|-damage|p2a: Rillaboom|57/100
|move|p2a: Rillaboom|Knock Off|p1a: Tapu Koko
|-resisted|p1a: Tapu Koko
|-damage|p1a: Tapu Koko|65/100
|-enditem|p1a: Tapu Koko|Heavy-Duty Boots|[from] move: Knock Off|[of] p2a: Rillaboom
|
|-heal|p1a: Tapu Koko|71/100|[from] Grassy Terrain
|-heal|p2a: Rillaboom|64/100|[from] Grassy Terrain
|upkeep
|turn|42
|inactive|DJ CRIB DEF has 270 seconds left.
|
|t:|1643573312
|switch|p1a: Corviknight|Corviknight, F|88/100
|-damage|p1a: Corviknight|76/100|[from] Stealth Rock
|-ability|p1a: Corviknight|Pressure
|switch|p2a: Tapu Lele|Tapu Lele|100/100
|-fieldstart|move: Psychic Terrain|[from] ability: Psychic Surge|[of] p2a: Tapu Lele
|
|upkeep
|turn|43
|
|t:|1643573329
|switch|p1a: Tapu Koko|Tapu Koko|71/100
|-damage|p1a: Tapu Koko|59/100|[from] Stealth Rock
|-fieldstart|move: Electric Terrain|[from] ability: Electric Surge|[of] p1a: Tapu Koko
|move|p2a: Tapu Lele|Thunderbolt|p1a: Tapu Koko
|-resisted|p1a: Tapu Koko
|-damage|p1a: Tapu Koko|25/100
|
|upkeep
|turn|44
|
|t:|1643573336
|move|p2a: Tapu Lele|Thunderbolt|p1a: Tapu Koko
|-resisted|p1a: Tapu Koko
|-damage|p1a: Tapu Koko|0 fnt
|faint|p1a: Tapu Koko
|
|upkeep
|-message|Yung GODCHURCH forfeited.
|
|win|DJ CRIB DEF
