|inactive|Battle timer is ON: inactive players will automatically lose when time's up.
|t:|1664115184
|gametype|singles
|player|p1|Coach Jones 6fifth|lusamine-nihilego|
|player|p2|Lana99|zinnia|
|teamsize|p1|6
|teamsize|p2|6
|gen|8
|tier|[Gen 8] OU
|rule|Sleep Clause Mod: Limit one foe put to sleep
|rule|Species Clause: Limit one of each Pokémon
|rule|OHKO Clause: OHKO moves are banned
|rule|Evasion Items Clause: Evasion items are banned
|rule|Evasion Moves Clause: Evasion moves are banned
|rule|Endless Battle Clause: Forcing endless battles is banned
|rule|HP Percentage Mod: HP is shown in percentages
|rule|Dynamax Clause: You cannot dynamax
|clearpoke
|poke|p1|Ferrothorn, F|
|poke|p1|Slowbro, F|
|poke|p1|Weavile, M|
|poke|p1|Tornadus-Therian, M|
|poke|p1|Tapu Koko|
|poke|p1|Landorus-Therian, M|
|poke|p2|Landorus-Therian, M|
|poke|p2|Heatran, F|
|poke|p2|Dragonite, M|
|poke|p2|Clefable, F|
|poke|p2|Ferrothorn, F|
|poke|p2|Tapu Koko|
|teampreview
|inactive|Lana99 also wants the timer to be on.
|
|t:|1664115199
|start
|switch|p1a: Tornadus|Tornadus-Therian, M|100/100
|switch|p2a: Heatran|Heatran, F, shiny|100/100
|-item|p2a: Heatran|Air Balloon
|turn|1
|
|t:|1664115204
|move|p1a: Tornadus|Knock Off|p2a: Heatran
|-crit|p2a: Heatran
|-damage|p2a: Heatran|71/100
|-enditem|p2a: Heatran|Air Balloon
|move|p2a: Heatran|Stealth Rock|p1a: Tornadus
|-sidestart|p1: Coach Jones 6fifth|move: Stealth Rock
|
|upkeep
|turn|2
|
|t:|1664115209
|move|p1a: Tornadus|U-turn|p2a: Heatran
|-resisted|p2a: Heatran
|-damage|p2a: Heatran|67/100
|
|t:|1664115210
|switch|p1a: Slowbro|Slowbro, F, shiny|100/100|[from]move: U-turn
|move|p2a: Heatran|Magma Storm|p1a: Slowbro|[miss]
|-miss|p2a: Heatran|p1a: Slowbro
|
|upkeep
|turn|3
|
|t:|1664115216
|move|p2a: Heatran|Taunt|p1a: Slowbro
|-start|p1a: Slowbro|move: Taunt
|move|p1a: Slowbro|Scald|p2a: Heatran
|-supereffective|p2a: Heatran
|-damage|p2a: Heatran|7/100
|
|upkeep
|turn|4
|
|t:|1664115222
|switch|p2a: Clefable|Clefable, F, shiny|100/100
|move|p1a: Slowbro|Future Sight|p2a: Clefable
|-start|p1a: Slowbro|move: Future Sight
|
|upkeep
|turn|5
|
|t:|1664115229
|switch|p1a: Landorus|Landorus-Therian, M|100/100
|-damage|p1a: Landorus|88/100|[from] Stealth Rock
|-ability|p1a: Landorus|Intimidate|boost
|-unboost|p2a: Clefable|atk|1
|move|p2a: Clefable|Trick|p1a: Landorus
|-activate|p2a: Clefable|move: Trick|[of] p1a: Landorus
|-item|p1a: Landorus|Sticky Barb|[from] move: Trick
|-item|p2a: Clefable|Leftovers|[from] move: Trick
|
|-damage|p1a: Landorus|76/100|[from] item: Sticky Barb
|upkeep
|turn|6
|
|t:|1664115233
|move|p1a: Landorus|Defog|p2a: Clefable
|-unboost|p2a: Clefable|evasion|1
|-sideend|p1: Coach Jones 6fifth|Stealth Rock|[from] move: Defog|[of] p1a: Landorus
|move|p2a: Clefable|Moonblast|p1a: Landorus
|-damage|p1a: Landorus|51/100
|-unboost|p1a: Landorus|spa|1
|
|-end|p2a: Clefable|move: Future Sight
|-damage|p2a: Clefable|71/100
|-heal|p2a: Clefable|77/100|[from] item: Leftovers
|-damage|p1a: Landorus|38/100|[from] item: Sticky Barb
|upkeep
|turn|7
|
|t:|1664115236
|move|p1a: Landorus|U-turn|p2a: Clefable
|-resisted|p2a: Clefable
|-damage|p2a: Clefable|66/100
|
|t:|1664115238
|switch|p1a: Slowbro|Slowbro, F, shiny|100/100|[from]move: U-turn
|move|p2a: Clefable|Moonblast|p1a: Slowbro
|-damage|p1a: Slowbro|69/100
|
|-heal|p2a: Clefable|73/100|[from] item: Leftovers
|upkeep
|turn|8
|
|t:|1664115240
|move|p2a: Clefable|Thunder Wave|p1a: Slowbro
|-status|p1a: Slowbro|par
|move|p1a: Slowbro|Teleport|p1a: Slowbro
|
|t:|1664115242
|switch|p1a: Weavile|Weavile, M|100/100|[from]move: Teleport
|-ability|p1a: Weavile|Pressure
|
|-heal|p2a: Clefable|79/100|[from] item: Leftovers
|upkeep
|turn|9
|
|t:|1664115246
|move|p1a: Weavile|Iron Tail|p2a: Clefable
|-supereffective|p2a: Clefable
|-damage|p2a: Clefable|0 fnt
|faint|p2a: Clefable
|
|upkeep
|
|t:|1664115261
|switch|p2a: Dragonite|Dragonite, M|100/100
|turn|10
|
|t:|1664115267
|switch|p1a: Tornadus|Tornadus-Therian, M|100/100
|move|p2a: Dragonite|Dragon Dance|p2a: Dragonite
|-boost|p2a: Dragonite|atk|1
|-boost|p2a: Dragonite|spe|1
|
|upkeep
|turn|11
|
|t:|1664115270
|move|p2a: Dragonite|Ice Punch|p1a: Tornadus
|-supereffective|p1a: Tornadus
|-damage|p1a: Tornadus|14/100
|move|p1a: Tornadus|U-turn|p2a: Dragonite
|-resisted|p2a: Dragonite
|-damage|p2a: Dragonite|96/100
|
|t:|1664115272
|switch|p1a: Weavile|Weavile, M|100/100|[from]move: U-turn
|-ability|p1a: Weavile|Pressure
|
|upkeep
|turn|12
|
|t:|1664115276
|switch|p2a: Heatran|Heatran, F, shiny|7/100
|move|p1a: Weavile|Ice Shard|p2a: Heatran
|-resisted|p2a: Heatran
|-damage|p2a: Heatran|0 fnt
|faint|p2a: Heatran
|
|upkeep
|
|t:|1664115284
|switch|p2a: Tapu Koko|Tapu Koko|100/100
|-fieldstart|move: Electric Terrain|[from] ability: Electric Surge|[of] p2a: Tapu Koko
|turn|13
|
|t:|1664115290
|switch|p2a: Ferrothorn|Ferrothorn, F|100/100
|switch|p1a: Ferrothorn|Ferrothorn, F|100/100
|
|upkeep
|turn|14
|
|t:|1664115293
|move|p2a: Ferrothorn|Spikes|p1a: Ferrothorn
|-sidestart|p1: Coach Jones 6fifth|Spikes
|move|p1a: Ferrothorn|Knock Off|p2a: Ferrothorn
|-damage|p2a: Ferrothorn|86/100
|-damage|p1a: Ferrothorn|88/100|[from] ability: Iron Barbs|[of] p2a: Ferrothorn
|-damage|p1a: Ferrothorn|72/100|[from] item: Rocky Helmet|[of] p2a: Ferrothorn
|-enditem|p2a: Ferrothorn|Rocky Helmet|[from] move: Knock Off|[of] p1a: Ferrothorn
|
|-heal|p1a: Ferrothorn|78/100|[from] item: Leftovers
|upkeep
|turn|15
|
|t:|1664115300
|move|p2a: Ferrothorn|Spikes|p1a: Ferrothorn
|-sidestart|p1: Coach Jones 6fifth|Spikes
|move|p1a: Ferrothorn|Stealth Rock|p2a: Ferrothorn
|-sidestart|p2: Lana99|move: Stealth Rock
|
|-heal|p1a: Ferrothorn|84/100|[from] item: Leftovers
|upkeep
|turn|16
|
|t:|1664115307
|switch|p1a: Slowbro|Slowbro, F, shiny|100/100 par
|move|p2a: Ferrothorn|Body Press|p1a: Slowbro
|-resisted|p1a: Slowbro
|-damage|p1a: Slowbro|91/100 par
|
|upkeep
|turn|17
|
|t:|1664115311
|move|p2a: Ferrothorn|Leech Seed|p1a: Slowbro
|-start|p1a: Slowbro|move: Leech Seed
|move|p1a: Slowbro|Scald|p2a: Ferrothorn
|-resisted|p2a: Ferrothorn
|-damage|p2a: Ferrothorn|76/100
|
|-damage|p1a: Slowbro|79/100 par|[from] Leech Seed|[of] p2a: Ferrothorn
|-heal|p2a: Ferrothorn|90/100|[silent]
|-fieldend|move: Electric Terrain
|upkeep
|turn|18
|
|t:|1664115316
|move|p2a: Ferrothorn|Spikes|p1a: Slowbro
|-sidestart|p1: Coach Jones 6fifth|Spikes
|move|p1a: Slowbro|Teleport|p1a: Slowbro
|
|t:|1664115319
|switch|p1a: Tornadus|Tornadus-Therian, M|47/100|[from]move: Teleport
|
|upkeep
|turn|19
|
|t:|1664115323
|switch|p1a: Slowbro|Slowbro, F, shiny|100/100 par
|switch|p2a: Tapu Koko|Tapu Koko|100/100
|-fieldstart|move: Electric Terrain|[from] ability: Electric Surge|[of] p2a: Tapu Koko
|
|upkeep
|turn|20
|
|t:|1664115332
|switch|p1a: Landorus|Landorus-Therian, M|38/100
|-ability|p1a: Landorus|Intimidate|boost
|-unboost|p2a: Tapu Koko|atk|1
|move|p2a: Tapu Koko|Calm Mind|p2a: Tapu Koko
|-boost|p2a: Tapu Koko|spa|1
|-boost|p2a: Tapu Koko|spd|1
|
|-damage|p1a: Landorus|26/100|[from] item: Sticky Barb
|upkeep
|turn|21
|
|t:|1664115338
|switch|p1a: Ferrothorn|Ferrothorn, F|84/100
|-damage|p1a: Ferrothorn|59/100|[from] Spikes
|move|p2a: Tapu Koko|Dazzling Gleam|p1a: Ferrothorn
|-resisted|p1a: Ferrothorn
|-damage|p1a: Ferrothorn|38/100
|
|-heal|p1a: Ferrothorn|44/100|[from] item: Leftovers
|upkeep
|turn|22
|
|t:|1664115341
|move|p2a: Tapu Koko|Thunderbolt|p1a: Ferrothorn
|-resisted|p1a: Ferrothorn
|-damage|p1a: Ferrothorn|17/100
|move|p1a: Ferrothorn|Leech Seed|p2a: Tapu Koko
|-start|p2a: Tapu Koko|move: Leech Seed
|
|-heal|p1a: Ferrothorn|23/100|[from] item: Leftovers
|-damage|p2a: Tapu Koko|88/100|[from] Leech Seed|[of] p1a: Ferrothorn
|-heal|p1a: Ferrothorn|33/100|[silent]
|upkeep
|turn|23
|
|t:|1664115345
|move|p2a: Tapu Koko|Thunderbolt|p1a: Ferrothorn
|-resisted|p1a: Ferrothorn
|-damage|p1a: Ferrothorn|5/100
|move|p1a: Ferrothorn|Gyro Ball|p2a: Tapu Koko
|-damage|p2a: Tapu Koko|17/100
|
|-heal|p1a: Ferrothorn|11/100|[from] item: Leftovers
|-damage|p2a: Tapu Koko|5/100|[from] Leech Seed|[of] p1a: Ferrothorn
|-heal|p1a: Ferrothorn|21/100|[silent]
|-fieldend|move: Electric Terrain
|upkeep
|turn|24
|
|t:|1664115355
|move|p2a: Tapu Koko|Thunderbolt|p1a: Ferrothorn
|-resisted|p1a: Ferrothorn
|-damage|p1a: Ferrothorn|0 fnt
|faint|p1a: Ferrothorn
|
|upkeep
|
|t:|1664115361
|switch|p1a: Tornadus|Tornadus-Therian, M|81/100
|turn|25
|
|t:|1664115385
|move|p2a: Tapu Koko|Thunderbolt|p1a: Tornadus
|-supereffective|p1a: Tornadus
|-damage|p1a: Tornadus|0 fnt
|faint|p1a: Tornadus
|
|upkeep
|
|t:|1664115389
|switch|p1a: Weavile|Weavile, M|100/100
|-damage|p1a: Weavile|76/100|[from] Spikes
|-ability|p1a: Weavile|Pressure
|turn|26
|
|t:|1664115393
|move|p1a: Weavile|Ice Shard|p2a: Tapu Koko
|-damage|p2a: Tapu Koko|0 fnt
|faint|p2a: Tapu Koko
|
|upkeep
|
|t:|1664115396
|switch|p2a: Dragonite|Dragonite, M|96/100
|turn|27
|
|t:|1664115399
|move|p1a: Weavile|Ice Shard|p2a: Dragonite
|-supereffective|p2a: Dragonite
|-damage|p2a: Dragonite|0 fnt
|faint|p2a: Dragonite
|
|upkeep
|
|t:|1664115403
|switch|p2a: Ferrothorn|Ferrothorn, F|90/100
|-damage|p2a: Ferrothorn|83/100|[from] Stealth Rock
|turn|28
|
|t:|1664115408
|switch|p1a: Slowbro|Slowbro, F, shiny|100/100 par
|move|p2a: Ferrothorn|Leech Seed|p1a: Slowbro
|-start|p1a: Slowbro|move: Leech Seed
|
|-damage|p1a: Slowbro|88/100 par|[from] Leech Seed|[of] p2a: Ferrothorn
|-heal|p2a: Ferrothorn|97/100|[silent]
|upkeep
|turn|29
|
|t:|1664115411
|move|p2a: Ferrothorn|Knock Off|p1a: Slowbro
|-supereffective|p1a: Slowbro
|-damage|p1a: Slowbro|62/100 par
|-enditem|p1a: Slowbro|Heavy-Duty Boots|[from] move: Knock Off|[of] p2a: Ferrothorn
|cant|p1a: Slowbro|par
|
|-damage|p1a: Slowbro|49/100 par|[from] Leech Seed|[of] p2a: Ferrothorn
|-heal|p2a: Ferrothorn|100/100|[silent]
|upkeep
|turn|30
|
|t:|1664115416
|move|p2a: Ferrothorn|Knock Off|p1a: Slowbro
|-supereffective|p1a: Slowbro
|-damage|p1a: Slowbro|32/100 par
|move|p1a: Slowbro|Slack Off|p1a: Slowbro
|-heal|p1a: Slowbro|82/100 par
|
|-damage|p1a: Slowbro|70/100 par|[from] Leech Seed|[of] p2a: Ferrothorn
|upkeep
|turn|31
|
|t:|1664115420
|move|p2a: Ferrothorn|Knock Off|p1a: Slowbro
|-supereffective|p1a: Slowbro
|-damage|p1a: Slowbro|53/100 par
|move|p1a: Slowbro|Scald|p2a: Ferrothorn
|-resisted|p2a: Ferrothorn
|-damage|p2a: Ferrothorn|89/100
|
|-damage|p1a: Slowbro|40/100 par|[from] Leech Seed|[of] p2a: Ferrothorn
|-heal|p2a: Ferrothorn|100/100|[silent]
|upkeep
|turn|32
|
|t:|1664115426
|switch|p1a: Landorus|Landorus-Therian, M|26/100
|-ability|p1a: Landorus|Intimidate|boost
|-unboost|p2a: Ferrothorn|atk|1
|move|p2a: Ferrothorn|Knock Off|p1a: Landorus
|-damage|p1a: Landorus|12/100
|
|-damage|p2a: Ferrothorn|88/100|[from] item: Sticky Barb
|upkeep
|turn|33
|
|t:|1664115430
|move|p1a: Landorus|Earthquake|p2a: Ferrothorn
|-damage|p2a: Ferrothorn|60/100
|move|p2a: Ferrothorn|Leech Seed|p1a: Landorus
|-start|p1a: Landorus|move: Leech Seed
|
|-damage|p1a: Landorus|0 fnt|[from] Leech Seed|[of] p2a: Ferrothorn
|-heal|p2a: Ferrothorn|73/100|[silent]
|faint|p1a: Landorus
|-damage|p2a: Ferrothorn|60/100|[from] item: Sticky Barb
|upkeep
|
|t:|1664115432
|switch|p1a: Slowbro|Slowbro, F, shiny|74/100 par
|-damage|p1a: Slowbro|49/100 par|[from] Spikes
|turn|34
|
|t:|1664115435
|move|p2a: Ferrothorn|Leech Seed|p1a: Slowbro
|-start|p1a: Slowbro|move: Leech Seed
|move|p1a: Slowbro|Teleport|p1a: Slowbro
|
|t:|1664115437
|switch|p1a: Tapu Koko|Tapu Koko, shiny|100/100|[from]move: Teleport
|-fieldstart|move: Electric Terrain|[from] ability: Electric Surge|[of] p1a: Tapu Koko
|
|-damage|p2a: Ferrothorn|48/100|[from] item: Sticky Barb
|upkeep
|turn|35
|
|t:|1664115440
|move|p1a: Tapu Koko|U-turn|p2a: Ferrothorn
|-damage|p2a: Ferrothorn|39/100
|-damage|p1a: Tapu Koko|88/100|[from] ability: Iron Barbs|[of] p2a: Ferrothorn
|
|t:|1664115442
|switch|p1a: Slowbro|Slowbro, F, shiny|82/100 par|[from]move: U-turn
|-damage|p1a: Slowbro|57/100 par|[from] Spikes
|move|p2a: Ferrothorn|Leech Seed|p1a: Slowbro
|-start|p1a: Slowbro|move: Leech Seed
|
|-damage|p1a: Slowbro|45/100 par|[from] Leech Seed|[of] p2a: Ferrothorn
|-heal|p2a: Ferrothorn|52/100|[silent]
|-damage|p2a: Ferrothorn|40/100|[from] item: Sticky Barb
|upkeep
|turn|36
|
|t:|1664115446
|move|p2a: Ferrothorn|Leech Seed||[still]
|-fail|p2a: Ferrothorn
|cant|p1a: Slowbro|par
|
|-damage|p1a: Slowbro|32/100 par|[from] Leech Seed|[of] p2a: Ferrothorn
|-heal|p2a: Ferrothorn|54/100|[silent]
|-damage|p2a: Ferrothorn|41/100|[from] item: Sticky Barb
|upkeep
|turn|37
|
|t:|1664115451
|move|p2a: Ferrothorn|Knock Off|p1a: Slowbro
|-supereffective|p1a: Slowbro
|-damage|p1a: Slowbro|20/100 par
|move|p1a: Slowbro|Slack Off|p1a: Slowbro
|-heal|p1a: Slowbro|70/100 par
|
|-damage|p1a: Slowbro|58/100 par|[from] Leech Seed|[of] p2a: Ferrothorn
|-heal|p2a: Ferrothorn|55/100|[silent]
|-damage|p2a: Ferrothorn|43/100|[from] item: Sticky Barb
|upkeep
|turn|38
|
|t:|1664115458
|move|p2a: Ferrothorn|Knock Off|p1a: Slowbro
|-supereffective|p1a: Slowbro
|-damage|p1a: Slowbro|45/100 par
|move|p1a: Slowbro|Teleport|p1a: Slowbro
|
|t:|1664115459
|switch|p1a: Tapu Koko|Tapu Koko, shiny|88/100|[from]move: Teleport
|
|-fieldend|move: Electric Terrain
|-damage|p2a: Ferrothorn|30/100|[from] item: Sticky Barb
|upkeep
|turn|39
|
|t:|1664115463
|move|p1a: Tapu Koko|U-turn|p2a: Ferrothorn
|-damage|p2a: Ferrothorn|21/100
|-damage|p1a: Tapu Koko|76/100|[from] ability: Iron Barbs|[of] p2a: Ferrothorn
|
|t:|1664115465
|switch|p1a: Slowbro|Slowbro, F, shiny|78/100 par|[from]move: U-turn
|-damage|p1a: Slowbro|53/100 par|[from] Spikes
|move|p2a: Ferrothorn|Leech Seed|p1a: Slowbro
|-start|p1a: Slowbro|move: Leech Seed
|
|-damage|p1a: Slowbro|41/100 par|[from] Leech Seed|[of] p2a: Ferrothorn
|-heal|p2a: Ferrothorn|35/100|[silent]
|-damage|p2a: Ferrothorn|22/100|[from] item: Sticky Barb
|upkeep
|turn|40
|
|t:|1664115469
|switch|p2a: Landorus|Landorus-Therian, M|100/100
|-damage|p2a: Landorus|88/100|[from] Stealth Rock
|-ability|p2a: Landorus|Intimidate|boost
|-unboost|p1a: Slowbro|atk|1
|cant|p1a: Slowbro|par
|
|-damage|p1a: Slowbro|28/100 par|[from] Leech Seed|[of] p2a: Landorus
|-heal|p2a: Landorus|100/100|[silent]
|upkeep
|turn|41
|
|t:|1664115476
|switch|p1a: Tapu Koko|Tapu Koko, shiny|76/100
|-fieldstart|move: Electric Terrain|[from] ability: Electric Surge|[of] p1a: Tapu Koko
|move|p2a: Landorus|Earthquake|p1a: Tapu Koko
|-supereffective|p1a: Tapu Koko
|-damage|p1a: Tapu Koko|0 fnt
|faint|p1a: Tapu Koko
|
|upkeep
|
|t:|1664115479
|switch|p1a: Weavile|Weavile, M|76/100
|-damage|p1a: Weavile|51/100|[from] Spikes
|-ability|p1a: Weavile|Pressure
|turn|42
|
|t:|1664115483
|move|p1a: Weavile|Ice Shard|p2a: Landorus
|-supereffective|p2a: Landorus
|-damage|p2a: Landorus|0 fnt
|faint|p2a: Landorus
|
|upkeep
|
|t:|1664115487
|switch|p2a: Ferrothorn|Ferrothorn, F|22/100
|-damage|p2a: Ferrothorn|16/100|[from] Stealth Rock
|turn|43
|
|t:|1664115489
|move|p1a: Weavile|Ice Shard|p2a: Ferrothorn
|-damage|p2a: Ferrothorn|0 fnt
|faint|p2a: Ferrothorn
|
|win|Coach Jones 6fifth
|player|p1|Coach Jones 6fifth|lusamine-nihilego
|player|p1|
|player|p2|Lana99|zinnia
