|inactive|Battle timer is ON: inactive players will automatically lose when time's up.
|t:|1652031651
|gametype|singles
|player|p1|ViZarPKMN|102|
|player|p2|Redemption|#redemption|
|teamsize|p1|6
|teamsize|p2|6
|gen|8
|tier|[Gen 8] OU
|rule|Sleep Clause Mod: Limit one foe put to sleep
|rule|Species Clause: Limit one of each Pokémon
|rule|OHKO Clause: OHKO moves are banned
|rule|Evasion Moves Clause: Evasion moves are banned
|rule|Endless Battle Clause: Forcing endless battles is banned
|rule|HP Percentage Mod: HP is shown in percentages
|rule|Dynamax Clause: You cannot dynamax
|clearpoke
|poke|p1|Corviknight, F|
|poke|p1|Slowking-Galar, M|
|poke|p1|Melmetal|
|poke|p1|Tapu Koko|
|poke|p1|Landorus-Therian, M|
|poke|p1|Toxapex, M|
|poke|p2|Dragapult, F|
|poke|p2|Zapdos-Galar|
|poke|p2|Clefable, F|
|poke|p2|Rotom-Wash|
|poke|p2|Ferrothorn, M|
|poke|p2|Landorus-Therian, M|
|teampreview
|c|☆ViZarPKMN|glhf
|c|☆Redemption|u2!
|inactive|ViZarPKMN has 270 seconds left.
|inactive|Redemption has 270 seconds left.
|inactive|ViZarPKMN has 240 seconds left.
|c|+neomon|vizar los gehts
|inactive|ViZarPKMN has 210 seconds left.
|
|t:|1652031745
|start
|switch|p1a: Landorus|Landorus-Therian, M|100/100
|switch|p2a: Landorus|Landorus-Therian, M|100/100
|-ability|p1a: Landorus|Intimidate|boost
|-unboost|p2a: Landorus|atk|1
|-ability|p2a: Landorus|Intimidate|boost
|-unboost|p1a: Landorus|atk|1
|turn|1
|inactive|ViZarPKMN has 270 seconds left.
|
|t:|1652031757
|move|p1a: Landorus|Stealth Rock|p2a: Landorus
|-sidestart|p2: Redemption|move: Stealth Rock
|move|p2a: Landorus|Toxic|p1a: Landorus
|-status|p1a: Landorus|tox
|
|-damage|p1a: Landorus|94/100 tox|[from] psn
|upkeep
|turn|2
|
|t:|1652031763
|move|p1a: Landorus|Toxic|p2a: Landorus
|-status|p2a: Landorus|tox
|move|p2a: Landorus|Stealth Rock|p1a: Landorus
|-sidestart|p1: ViZarPKMN|move: Stealth Rock
|
|-heal|p1a: Landorus|100/100 tox|[from] item: Leftovers
|-damage|p1a: Landorus|88/100 tox|[from] psn
|-damage|p2a: Landorus|94/100 tox|[from] psn
|upkeep
|turn|3
|
|t:|1652031770
|move|p1a: Landorus|U-turn|p2a: Landorus
|-resisted|p2a: Landorus
|-damage|p2a: Landorus|88/100 tox
|
|t:|1652031773
|switch|p1a: Corviknight|Corviknight, F|100/100|[from]move: U-turn
|-damage|p1a: Corviknight|88/100|[from] Stealth Rock
|-ability|p1a: Corviknight|Pressure
|move|p2a: Landorus|U-turn|p1a: Corviknight
|-resisted|p1a: Corviknight
|-damage|p1a: Corviknight|86/100
|
|t:|1652031786
|switch|p2a: Rotom|Rotom-Wash|100/100|[from]move: U-turn
|-damage|p2a: Rotom|88/100|[from] Stealth Rock
|
|-heal|p1a: Corviknight|92/100|[from] item: Leftovers
|upkeep
|turn|4
|inactive|ViZarPKMN has 270 seconds left.
|inactive|ViZarPKMN has 240 seconds left.
|
|t:|1652031846
|switch|p1a: Slowking|Slowking-Galar, M|100/100
|-damage|p1a: Slowking|88/100|[from] Stealth Rock
|move|p2a: Rotom|Volt Switch|p1a: Slowking
|-damage|p1a: Slowking|75/100
|
|t:|1652031859
|switch|p2a: Zapdos|Zapdos-Galar|100/100|[from]move: Volt Switch
|-damage|p2a: Zapdos|88/100|[from] Stealth Rock
|
|upkeep
|turn|5
|inactive|ViZarPKMN has 240 seconds left.
|inactive|ViZarPKMN has 210 seconds left.
|
|t:|1652031921
|switch|p1a: Corviknight|Corviknight, F|92/100
|-damage|p1a: Corviknight|79/100|[from] Stealth Rock
|-ability|p1a: Corviknight|Pressure
|move|p2a: Zapdos|U-turn|p1a: Corviknight
|-resisted|p1a: Corviknight
|-damage|p1a: Corviknight|73/100
|
|t:|1652031930
|switch|p2a: Dragapult|Dragapult, F|100/100|[from]move: U-turn
|-damage|p2a: Dragapult|88/100|[from] Stealth Rock
|
|-heal|p1a: Corviknight|80/100|[from] item: Leftovers
|upkeep
|turn|6
|
|t:|1652031936
|switch|p1a: Toxapex|Toxapex, M|100/100
|-damage|p1a: Toxapex|88/100|[from] Stealth Rock
|move|p2a: Dragapult|Shadow Ball|p1a: Toxapex
|-damage|p1a: Toxapex|63/100
|
|upkeep
|turn|7
|inactive|ViZarPKMN has 210 seconds left.
|
|t:|1652031947
|move|p2a: Dragapult|Thunderbolt|p1a: Toxapex
|-supereffective|p1a: Toxapex
|-damage|p1a: Toxapex|16/100
|move|p1a: Toxapex|Knock Off|p2a: Dragapult
|-supereffective|p2a: Dragapult
|-damage|p2a: Dragapult|53/100
|-enditem|p2a: Dragapult|Expert Belt|[from] move: Knock Off|[of] p1a: Toxapex
|
|upkeep
|turn|8
|
|t:|1652031959
|switch|p1a: Landorus|Landorus-Therian, M|88/100 tox
|-damage|p1a: Landorus|76/100 tox|[from] Stealth Rock
|-ability|p1a: Landorus|Intimidate|boost
|-unboost|p2a: Dragapult|atk|1
|move|p2a: Dragapult|Shadow Ball|p1a: Landorus
|-damage|p1a: Landorus|45/100 tox
|
|-heal|p1a: Landorus|51/100 tox|[from] item: Leftovers
|-damage|p1a: Landorus|45/100 tox|[from] psn
|upkeep
|turn|9
|
|t:|1652031966
|move|p2a: Dragapult|Hydro Pump|p1a: Landorus
|-supereffective|p1a: Landorus
|-damage|p1a: Landorus|0 fnt
|faint|p1a: Landorus
|
|upkeep
|
|t:|1652031972
|switch|p1a: Tapu Koko|Tapu Koko|100/100
|-damage|p1a: Tapu Koko|88/100|[from] Stealth Rock
|-fieldstart|move: Electric Terrain|[from] ability: Electric Surge|[of] p1a: Tapu Koko
|turn|10
|
|t:|1652031980
|switch|p2a: Ferrothorn|Ferrothorn, M|100/100
|-damage|p2a: Ferrothorn|94/100|[from] Stealth Rock
|move|p1a: Tapu Koko|Dazzling Gleam|p2a: Ferrothorn
|-resisted|p2a: Ferrothorn
|-damage|p2a: Ferrothorn|78/100
|
|-heal|p2a: Ferrothorn|84/100|[from] item: Leftovers
|upkeep
|turn|11
|
|t:|1652031990
|switch|p1a: Melmetal|Melmetal|100/100
|-damage|p1a: Melmetal|94/100|[from] Stealth Rock
|move|p2a: Ferrothorn|Knock Off|p1a: Melmetal
|-damage|p1a: Melmetal|81/100
|-enditem|p1a: Melmetal|Protective Pads|[from] move: Knock Off|[of] p2a: Ferrothorn
|
|-heal|p2a: Ferrothorn|91/100|[from] item: Leftovers
|upkeep
|turn|12
|inactive|ViZarPKMN has 240 seconds left.
|
|t:|1652032014
|switch|p2a: Rotom|Rotom-Wash|88/100
|-damage|p2a: Rotom|76/100|[from] Stealth Rock
|move|p1a: Melmetal|Thunder Wave|p2a: Rotom
|-immune|p2a: Rotom
|
|upkeep
|turn|13
|
|t:|1652032031
|switch|p1a: Slowking|Slowking-Galar, M|100/100
|-damage|p1a: Slowking|88/100|[from] Stealth Rock
|move|p2a: Rotom|Volt Switch|p1a: Slowking
|-damage|p1a: Slowking|74/100
|
|t:|1652032036
|switch|p2a: Zapdos|Zapdos-Galar|88/100|[from]move: Volt Switch
|-damage|p2a: Zapdos|76/100|[from] Stealth Rock
|
|upkeep
|turn|14
|inactive|ViZarPKMN has 240 seconds left.
|inactive|ViZarPKMN has 210 seconds left.
|inactive|ViZarPKMN has 180 seconds left.
|
|t:|1652032111
|switch|p1a: Corviknight|Corviknight, F|80/100
|-damage|p1a: Corviknight|67/100|[from] Stealth Rock
|-ability|p1a: Corviknight|Pressure
|move|p2a: Zapdos|Brave Bird|p1a: Corviknight
|-resisted|p1a: Corviknight
|-damage|p1a: Corviknight|36/100
|-damage|p2a: Zapdos|63/100|[from] Recoil
|
|-heal|p1a: Corviknight|43/100|[from] item: Leftovers
|-fieldend|move: Electric Terrain
|upkeep
|turn|15
|inactive|ViZarPKMN has 180 seconds left.
|
|t:|1652032133
|switch|p2a: Ferrothorn|Ferrothorn, M|91/100
|-damage|p2a: Ferrothorn|84/100|[from] Stealth Rock
|move|p1a: Corviknight|Roost|p1a: Corviknight
|-heal|p1a: Corviknight|93/100
|-singleturn|p1a: Corviknight|move: Roost
|
|-heal|p1a: Corviknight|99/100|[from] item: Leftovers
|-heal|p2a: Ferrothorn|91/100|[from] item: Leftovers
|upkeep
|turn|16
|
|t:|1652032147
|move|p1a: Corviknight|Defog|p2a: Ferrothorn
|-unboost|p2a: Ferrothorn|evasion|1
|-sideend|p2: Redemption|Stealth Rock|[from] move: Defog|[of] p1a: Corviknight
|-sideend|p1: ViZarPKMN|Stealth Rock|[from] move: Defog|[of] p1a: Corviknight
|move|p2a: Ferrothorn|Spikes|p1a: Corviknight
|-sidestart|p1: ViZarPKMN|Spikes
|
|-heal|p1a: Corviknight|100/100|[from] item: Leftovers
|-heal|p2a: Ferrothorn|97/100|[from] item: Leftovers
|upkeep
|turn|17
|
|t:|1652032164
|move|p1a: Corviknight|Body Press|p2a: Ferrothorn
|-supereffective|p2a: Ferrothorn
|-damage|p2a: Ferrothorn|61/100
|-damage|p1a: Corviknight|88/100|[from] ability: Iron Barbs|[of] p2a: Ferrothorn
|move|p2a: Ferrothorn|Knock Off|p1a: Corviknight
|-damage|p1a: Corviknight|74/100
|-enditem|p1a: Corviknight|Leftovers|[from] move: Knock Off|[of] p2a: Ferrothorn
|
|-heal|p2a: Ferrothorn|67/100|[from] item: Leftovers
|upkeep
|turn|18
|inactive|ViZarPKMN has 180 seconds left.
|
|t:|1652032182
|move|p1a: Corviknight|U-turn|p2a: Ferrothorn
|-damage|p2a: Ferrothorn|56/100
|-damage|p1a: Corviknight|62/100|[from] ability: Iron Barbs|[of] p2a: Ferrothorn
|
|t:|1652032184
|switch|p1a: Toxapex|Toxapex, M|49/100|[from]move: U-turn
|-damage|p1a: Toxapex|37/100|[from] Spikes
|move|p2a: Ferrothorn|Leech Seed|p1a: Toxapex
|-start|p1a: Toxapex|move: Leech Seed
|
|-heal|p2a: Ferrothorn|63/100|[from] item: Leftovers
|-damage|p1a: Toxapex|24/100|[from] Leech Seed|[of] p2a: Ferrothorn
|-heal|p2a: Ferrothorn|74/100|[silent]
|upkeep
|turn|19
|
|t:|1652032189
|switch|p2a: Dragapult|Dragapult, F|53/100
|move|p1a: Toxapex|Recover|p1a: Toxapex
|-heal|p1a: Toxapex|74/100
|
|-damage|p1a: Toxapex|62/100|[from] Leech Seed|[of] p2a: Dragapult
|-heal|p2a: Dragapult|65/100|[silent]
|upkeep
|turn|20
|
|t:|1652032203
|switch|p1a: Slowking|Slowking-Galar, M|100/100
|-damage|p1a: Slowking|88/100|[from] Spikes
|move|p2a: Dragapult|Shadow Ball|p1a: Slowking
|-supereffective|p1a: Slowking
|-damage|p1a: Slowking|52/100
|
|upkeep
|turn|21
|
|t:|1652032218
|move|p2a: Dragapult|Shadow Ball|p1a: Slowking
|-supereffective|p1a: Slowking
|-damage|p1a: Slowking|20/100
|move|p1a: Slowking|Ice Beam|p2a: Dragapult
|-supereffective|p2a: Dragapult
|-damage|p2a: Dragapult|0 fnt
|faint|p2a: Dragapult
|
|upkeep
|
|t:|1652032231
|switch|p2a: Zapdos|Zapdos-Galar|63/100
|turn|22
|inactive|ViZarPKMN has 210 seconds left.
|
|t:|1652032242
|switch|p1a: Toxapex|Toxapex, M|95/100
|-damage|p1a: Toxapex|82/100|[from] Spikes
|move|p2a: Zapdos|Brave Bird|p1a: Toxapex
|-damage|p1a: Toxapex|6/100
|-damage|p2a: Zapdos|46/100|[from] item: Rocky Helmet|[of] p1a: Toxapex
|-damage|p2a: Zapdos|23/100|[from] Recoil
|
|upkeep
|turn|23
|inactive|ViZarPKMN has 210 seconds left.
|
|t:|1652032256
|move|p2a: Zapdos|Brave Bird|p1a: Toxapex
|-damage|p1a: Toxapex|0 fnt
|-damage|p2a: Zapdos|6/100|[from] item: Rocky Helmet|[of] p1a: Toxapex
|faint|p1a: Toxapex
|-damage|p2a: Zapdos|4/100|[from] Recoil
|
|upkeep
|
|t:|1652032259
|switch|p1a: Tapu Koko|Tapu Koko|88/100
|-damage|p1a: Tapu Koko|76/100|[from] Spikes
|-fieldstart|move: Electric Terrain|[from] ability: Electric Surge|[of] p1a: Tapu Koko
|turn|24
|inactive|ViZarPKMN has 210 seconds left.
|
|t:|1652032278
|switch|p2a: Ferrothorn|Ferrothorn, M|74/100
|move|p1a: Tapu Koko|Dazzling Gleam|p2a: Ferrothorn
|-resisted|p2a: Ferrothorn
|-damage|p2a: Ferrothorn|57/100
|
|-heal|p2a: Ferrothorn|63/100|[from] item: Leftovers
|upkeep
|turn|25
|
|t:|1652032287
|switch|p1a: Melmetal|Melmetal|81/100
|-damage|p1a: Melmetal|69/100|[from] Spikes
|move|p2a: Ferrothorn|Leech Seed|p1a: Melmetal
|-start|p1a: Melmetal|move: Leech Seed
|
|-heal|p2a: Ferrothorn|69/100|[from] item: Leftovers
|-damage|p1a: Melmetal|56/100|[from] Leech Seed|[of] p2a: Ferrothorn
|-heal|p2a: Ferrothorn|84/100|[silent]
|upkeep
|turn|26
|
|t:|1652032291
|switch|p2a: Rotom|Rotom-Wash|76/100
|move|p1a: Melmetal|Superpower|p2a: Rotom
|-damage|p2a: Rotom|25/100
|-unboost|p1a: Melmetal|atk|1
|-unboost|p1a: Melmetal|def|1
|-damage|p1a: Melmetal|40/100|[from] item: Rocky Helmet|[of] p2a: Rotom
|
|-damage|p1a: Melmetal|28/100|[from] Leech Seed|[of] p2a: Rotom
|-heal|p2a: Rotom|41/100|[silent]
|upkeep
|turn|27
|
|t:|1652032299
|switch|p1a: Slowking|Slowking-Galar, M|53/100
|-damage|p1a: Slowking|41/100|[from] Spikes
|move|p2a: Rotom|Volt Switch|p1a: Slowking
|-damage|p1a: Slowking|27/100
|
|t:|1652032304
|switch|p2a: Zapdos|Zapdos-Galar|4/100|[from]move: Volt Switch
|
|upkeep
|turn|28
|inactive|ViZarPKMN has 240 seconds left.
|inactive|Redemption has 270 seconds left.
|
|t:|1652032337
|switch|p1a: Corviknight|Corviknight, F|62/100
|-ability|p1a: Corviknight|Pressure
|move|p2a: Zapdos|U-turn|p1a: Corviknight
|-resisted|p1a: Corviknight
|-damage|p1a: Corviknight|57/100
|inactive|Redemption has 270 seconds left.
|
|t:|1652032342
|switch|p2a: Rotom|Rotom-Wash|41/100|[from]move: U-turn
|
|-fieldend|move: Electric Terrain
|upkeep
|turn|29
|
|t:|1652032352
|move|p2a: Rotom|Volt Switch|p1a: Corviknight
|-supereffective|p1a: Corviknight
|-crit|p1a: Corviknight
|-damage|p1a: Corviknight|0 fnt
|faint|p1a: Corviknight
|
|t:|1652032360
|switch|p2a: Landorus|Landorus-Therian, M|88/100 tox|[from]move: Volt Switch
|
|-heal|p2a: Landorus|94/100 tox|[from] item: Leftovers
|-damage|p2a: Landorus|88/100 tox|[from] psn
|upkeep
|inactive|ViZarPKMN has 240 seconds left.
|
|t:|1652032393
|switch|p1a: Tapu Koko|Tapu Koko|76/100
|-damage|p1a: Tapu Koko|63/100|[from] Spikes
|-fieldstart|move: Electric Terrain|[from] ability: Electric Surge|[of] p1a: Tapu Koko
|turn|30
|
|t:|1652032396
|move|p1a: Tapu Koko|Dazzling Gleam|p2a: Landorus
|-damage|p2a: Landorus|50/100 tox
|move|p2a: Landorus|Earthquake|p1a: Tapu Koko
|-supereffective|p1a: Tapu Koko
|-damage|p1a: Tapu Koko|0 fnt
|faint|p1a: Tapu Koko
|
|-heal|p2a: Landorus|56/100 tox|[from] item: Leftovers
|-damage|p2a: Landorus|44/100 tox|[from] psn
|upkeep
|
|t:|1652032401
|switch|p1a: Slowking|Slowking-Galar, M|61/100
|-damage|p1a: Slowking|48/100|[from] Spikes
|turn|31
|
|t:|1652032406
|move|p2a: Landorus|Earthquake|p1a: Slowking
|-supereffective|p1a: Slowking
|-damage|p1a: Slowking|0 fnt
|faint|p1a: Slowking
|
|-heal|p2a: Landorus|50/100 tox|[from] item: Leftovers
|-damage|p2a: Landorus|31/100 tox|[from] psn
|upkeep
|
|t:|1652032408
|switch|p1a: Melmetal|Melmetal|28/100
|-damage|p1a: Melmetal|15/100|[from] Spikes
|turn|32
|
|t:|1652032411
|move|p2a: Landorus|Earthquake|p1a: Melmetal
|-supereffective|p1a: Melmetal
|-crit|p1a: Melmetal
|-damage|p1a: Melmetal|0 fnt
|faint|p1a: Melmetal
|
|win|Redemption
|c|☆Redemption|gg
|c|☆ViZarPKMN|gg
