|inactive|Battle timer is ON: inactive players will automatically lose when time's up.
|t:|1667054634
|gametype|singles
|player|p1|NeoNaruto®++|burglar-gen1rb|
|player|p2|MichaelderBeste2|#wcop2021germany|
|teamsize|p1|6
|teamsize|p2|6
|gen|8
|tier|[Gen 8] OU
|rule|Sleep Clause Mod: Limit one foe put to sleep
|rule|Species Clause: Limit one of each Pokémon
|rule|OHKO Clause: OHKO moves are banned
|rule|Evasion Items Clause: Evasion items are banned
|rule|Evasion Moves Clause: Evasion moves are banned
|rule|Endless Battle Clause: Forcing endless battles is banned
|rule|HP Percentage Mod: HP is shown in percentages
|rule|Dynamax Clause: You cannot dynamax
|clearpoke
|poke|p1|Landorus-Therian, M|
|poke|p1|Ferrothorn, F|
|poke|p1|Tapu Koko|
|poke|p1|Dragonite, F|
|poke|p1|Darmanitan, F|
|poke|p1|Tyranitar, F|
|poke|p2|Kartana|
|poke|p2|Heatran, M|
|poke|p2|Clefable, F|
|poke|p2|Zapdos|
|poke|p2|Rillaboom, F|
|poke|p2|Gastrodon, M|
|teampreview
|inactive|NeoNaruto®++ also wants the timer to be on.
|c|☆MichaelderBeste2|hf
|c|☆NeoNaruto®++|hf
|inactive|MichaelderBeste2 has 270 seconds left.
|
|t:|1667054668
|start
|switch|p1a: PURRP FOR SALE|Darmanitan, F|100/100
|switch|p2a: Clefable|Clefable, F|100/100
|turn|1
|
|t:|1667054672
|switch|p2a: Zapdos|Zapdos|100/100
|move|p1a: PURRP FOR SALE|Flare Blitz|p2a: Zapdos
|-damage|p2a: Zapdos|0 fnt
|faint|p2a: Zapdos
|-damage|p1a: PURRP FOR SALE|65/100|[from] Recoil
|
|upkeep
|
|t:|1667054679
|switch|p2a: Heatran|Heatran, M|100/100
|turn|2
|
|t:|1667054693
|switch|p1a: DA LAST REX(3005)|Tyranitar, F|100/100
|-weather|Sandstorm|[from] ability: Sand Stream|[of] p1a: DA LAST REX(3005)
|move|p2a: Heatran|Stealth Rock|p1a: DA LAST REX(3005)
|-sidestart|p1: NeoNaruto®++|move: Stealth Rock
|
|-weather|Sandstorm|[upkeep]
|upkeep
|turn|3
|
|t:|1667054697
|switch|p2a: Clefable|Clefable, F|100/100
|move|p1a: DA LAST REX(3005)|Earthquake|p2a: Clefable
|-damage|p2a: Clefable|77/100
|
|-weather|Sandstorm|[upkeep]
|upkeep
|turn|4
|
|t:|1667054701
|move|p2a: Clefable|Moonblast|p1a: DA LAST REX(3005)
|-supereffective|p1a: DA LAST REX(3005)
|-damage|p1a: DA LAST REX(3005)|80/100
|move|p1a: DA LAST REX(3005)|Heavy Slam|p2a: Clefable
|-supereffective|p2a: Clefable
|-damage|p2a: Clefable|24/100
|-damage|p1a: DA LAST REX(3005)|63/100|[from] item: Rocky Helmet|[of] p2a: Clefable
|
|-weather|Sandstorm|[upkeep]
|upkeep
|turn|5
|
|t:|1667054708
|switch|p1a: Bernie Landers|Landorus-Therian, M|100/100
|-damage|p1a: Bernie Landers|88/100|[from] Stealth Rock
|-ability|p1a: Bernie Landers|Intimidate|boost
|-unboost|p2a: Clefable|atk|1
|move|p2a: Clefable|Soft-Boiled|p2a: Clefable
|-heal|p2a: Clefable|74/100
|
|-weather|Sandstorm|[upkeep]
|upkeep
|turn|6
|
|t:|1667054711
|move|p1a: Bernie Landers|Stealth Rock|p2a: Clefable
|-sidestart|p2: MichaelderBeste2|move: Stealth Rock
|move|p2a: Clefable|Moonblast|p1a: Bernie Landers
|-damage|p1a: Bernie Landers|51/100
|
|-weather|none
|upkeep
|turn|7
|
|t:|1667054715
|switch|p1a: PURRP FOR SALE|Darmanitan, F|65/100
|-damage|p1a: PURRP FOR SALE|40/100|[from] Stealth Rock
|move|p2a: Clefable|Soft-Boiled|p2a: Clefable
|-heal|p2a: Clefable|100/100
|
|upkeep
|turn|8
|
|t:|1667054723
|switch|p2a: Rillaboom|Rillaboom, F|100/100
|-damage|p2a: Rillaboom|88/100|[from] Stealth Rock
|-fieldstart|move: Grassy Terrain|[from] ability: Grassy Surge|[of] p2a: Rillaboom
|move|p1a: PURRP FOR SALE|Earthquake|p2a: Rillaboom
|-resisted|p2a: Rillaboom
|-damage|p2a: Rillaboom|74/100
|
|-heal|p1a: PURRP FOR SALE|46/100|[from] Grassy Terrain
|-heal|p2a: Rillaboom|80/100|[from] Grassy Terrain
|upkeep
|turn|9
|
|t:|1667054730
|switch|p1a: Fat Charizard|Dragonite, F, shiny|100/100
|move|p2a: Rillaboom|Swords Dance|p2a: Rillaboom
|-boost|p2a: Rillaboom|atk|2
|
|-heal|p2a: Rillaboom|87/100|[from] Grassy Terrain
|upkeep
|turn|10
|
|t:|1667054739
|move|p1a: Fat Charizard|Dual Wingbeat|p2a: Rillaboom
|-supereffective|p2a: Rillaboom
|-crit|p2a: Rillaboom
|-damage|p2a: Rillaboom|22/100
|-supereffective|p2a: Rillaboom
|-damage|p2a: Rillaboom|0 fnt
|faint|p2a: Rillaboom
|-hitcount|p2: Rillaboom|2
|
|upkeep
|
|t:|1667054746
|switch|p2a: Clefable|Clefable, F|100/100
|turn|11
|
|t:|1667054749
|switch|p1a: DA LAST REX(3005)|Tyranitar, F|63/100
|-damage|p1a: DA LAST REX(3005)|51/100|[from] Stealth Rock
|-weather|Sandstorm|[from] ability: Sand Stream|[of] p1a: DA LAST REX(3005)
|move|p2a: Clefable|Moonblast|p1a: DA LAST REX(3005)
|-supereffective|p1a: DA LAST REX(3005)
|-damage|p1a: DA LAST REX(3005)|30/100
|
|-weather|Sandstorm|[upkeep]
|-heal|p1a: DA LAST REX(3005)|36/100|[from] Grassy Terrain
|upkeep
|turn|12
|
|t:|1667054754
|switch|p2a: Kartana|Kartana|100/100
|-damage|p2a: Kartana|94/100|[from] Stealth Rock
|move|p1a: DA LAST REX(3005)|Stone Edge|p2a: Kartana|[miss]
|-miss|p1a: DA LAST REX(3005)|p2a: Kartana
|
|-weather|Sandstorm|[upkeep]
|-heal|p2a: Kartana|100/100|[from] Grassy Terrain
|-heal|p1a: DA LAST REX(3005)|42/100|[from] Grassy Terrain
|upkeep
|turn|13
|
|t:|1667054757
|switch|p1a: Bernie Landers|Landorus-Therian, M|51/100
|-damage|p1a: Bernie Landers|39/100|[from] Stealth Rock
|-ability|p1a: Bernie Landers|Intimidate|boost
|-unboost|p2a: Kartana|atk|1
|move|p2a: Kartana|Leaf Blade|p1a: Bernie Landers
|-damage|p1a: Bernie Landers|1/100
|
|-weather|Sandstorm|[upkeep]
|upkeep
|turn|14
|
|t:|1667054761
|switch|p1a: RX PAPi|Ferrothorn, F|100/100
|-damage|p1a: RX PAPi|94/100|[from] Stealth Rock
|move|p2a: Kartana|Knock Off|p1a: RX PAPi
|-damage|p1a: RX PAPi|78/100
|-activate|p1a: RX PAPi|ability: Iron Barbs
|-activate|p2a: Kartana|item: Protective Pads
|-enditem|p1a: RX PAPi|Rocky Helmet|[from] move: Knock Off|[of] p2a: Kartana
|
|-weather|Sandstorm|[upkeep]
|-heal|p1a: RX PAPi|84/100|[from] Grassy Terrain
|upkeep
|turn|15
|
|t:|1667054767
|switch|p2a: Heatran|Heatran, M|100/100
|-damage|p2a: Heatran|88/100|[from] Stealth Rock
|switch|p1a: Bernie Landers|Landorus-Therian, M|1/100
|-damage|p1a: Bernie Landers|0 fnt|[from] Stealth Rock
|faint|p1a: Bernie Landers
|
|-weather|none
|-heal|p2a: Heatran|94/100|[from] Grassy Terrain
|-heal|p2a: Heatran|100/100|[from] item: Leftovers
|-fieldend|move: Grassy Terrain
|upkeep
|
|t:|1667054775
|switch|p1a: Fat Charizard|Dragonite, F, shiny|100/100
|turn|16
|
|t:|1667054788
|switch|p1a: PURRP FOR SALE|Darmanitan, F|46/100
|-damage|p1a: PURRP FOR SALE|21/100|[from] Stealth Rock
|switch|p2a: Clefable|Clefable, F|100/100
|
|upkeep
|turn|17
|
|t:|1667054798
|switch|p2a: Kartana|Kartana|100/100
|-damage|p2a: Kartana|94/100|[from] Stealth Rock
|move|p1a: PURRP FOR SALE|Flare Blitz|p2a: Kartana
|-supereffective|p2a: Kartana
|-damage|p2a: Kartana|0 fnt
|faint|p2a: Kartana
|-damage|p1a: PURRP FOR SALE|0 fnt|[from] Recoil
|faint|p1a: PURRP FOR SALE
|
|upkeep
|
|t:|1667054805
|switch|p2a: Gastrodon|Gastrodon, M|100/100
|switch|p1a: VODECi|Tapu Koko|100/100
|-damage|p1a: VODECi|88/100|[from] Stealth Rock
|-fieldstart|move: Electric Terrain|[from] ability: Electric Surge|[of] p1a: VODECi
|-damage|p2a: Gastrodon|94/100|[from] Stealth Rock
|turn|18
|
|t:|1667054811
|switch|p1a: RX PAPi|Ferrothorn, F|84/100
|-damage|p1a: RX PAPi|78/100|[from] Stealth Rock
|move|p2a: Gastrodon|Protect||[still]
|-fail|p2a: Gastrodon
|
|-heal|p2a: Gastrodon|100/100|[from] item: Leftovers
|upkeep
|turn|19
|
|t:|1667054815
|switch|p2a: Heatran|Heatran, M|100/100
|-damage|p2a: Heatran|88/100|[from] Stealth Rock
|move|p1a: RX PAPi|Spikes|p2a: Heatran
|-sidestart|p2: MichaelderBeste2|Spikes
|
|-heal|p2a: Heatran|94/100|[from] item: Leftovers
|upkeep
|turn|20
|
|t:|1667054819
|switch|p1a: Fat Charizard|Dragonite, F, shiny|100/100
|move|p2a: Heatran|Magma Storm|p1a: Fat Charizard
|-resisted|p1a: Fat Charizard
|-damage|p1a: Fat Charizard|90/100
|-activate|p1a: Fat Charizard|move: Magma Storm|[of] p2a: Heatran
|
|-heal|p2a: Heatran|100/100|[from] item: Leftovers
|-damage|p1a: Fat Charizard|77/100|[from] move: Magma Storm|[partiallytrapped]
|upkeep
|turn|21
|
|t:|1667054823
|move|p2a: Heatran|Protect|p2a: Heatran
|-singleturn|p2a: Heatran|Protect
|move|p1a: Fat Charizard|Earthquake|p2a: Heatran
|-activate|p2a: Heatran|move: Protect
|
|-damage|p1a: Fat Charizard|65/100|[from] move: Magma Storm|[partiallytrapped]
|upkeep
|turn|22
|
|t:|1667054826
|switch|p2a: Clefable|Clefable, F|100/100
|move|p1a: Fat Charizard|Earthquake|p2a: Clefable
|-damage|p2a: Clefable|71/100
|
|-end|p1a: Fat Charizard|Magma Storm|[partiallytrapped]|[silent]
|-fieldend|move: Electric Terrain
|upkeep
|turn|23
|
|t:|1667054831
|switch|p1a: RX PAPi|Ferrothorn, F|78/100
|-damage|p1a: RX PAPi|72/100|[from] Stealth Rock
|move|p2a: Clefable|Moonblast|p1a: RX PAPi
|-resisted|p1a: RX PAPi
|-damage|p1a: RX PAPi|57/100
|
|upkeep
|turn|24
|
|t:|1667054835
|move|p2a: Clefable|Thunder Wave|p1a: RX PAPi
|-status|p1a: RX PAPi|par
|move|p1a: RX PAPi|Spikes|p2a: Clefable
|-sidestart|p2: MichaelderBeste2|Spikes
|
|upkeep
|turn|25
|
|t:|1667054838
|move|p2a: Clefable|Moonblast|p1a: RX PAPi
|-resisted|p1a: RX PAPi
|-damage|p1a: RX PAPi|43/100 par
|move|p1a: RX PAPi|Spikes|p2a: Clefable
|-sidestart|p2: MichaelderBeste2|Spikes
|
|upkeep
|turn|26
|
|t:|1667054842
|switch|p1a: VODECi|Tapu Koko|88/100
|-damage|p1a: VODECi|76/100|[from] Stealth Rock
|-fieldstart|move: Electric Terrain|[from] ability: Electric Surge|[of] p1a: VODECi
|move|p2a: Clefable|Moonblast|p1a: VODECi
|-damage|p1a: VODECi|23/100
|-unboost|p1a: VODECi|spa|1
|
|upkeep
|turn|27
|
|t:|1667054845
|move|p1a: VODECi|Volt Switch|p2a: Clefable
|-damage|p2a: Clefable|34/100
|inactive|NeoNaruto®++ has 270 seconds left.
|
|t:|1667054897
|switch|p1a: DA LAST REX(3005)|Tyranitar, F|42/100|[from]move: Volt Switch
|-damage|p1a: DA LAST REX(3005)|30/100|[from] Stealth Rock
|-weather|Sandstorm|[from] ability: Sand Stream|[of] p1a: DA LAST REX(3005)
|move|p2a: Clefable|Soft-Boiled|p2a: Clefable
|-heal|p2a: Clefable|84/100
|
|-weather|Sandstorm|[upkeep]
|upkeep
|turn|28
|
|t:|1667054906
|switch|p2a: Gastrodon|Gastrodon, M|100/100
|-damage|p2a: Gastrodon|94/100|[from] Stealth Rock
|-damage|p2a: Gastrodon|70/100|[from] Spikes
|move|p1a: DA LAST REX(3005)|Stone Edge|p2a: Gastrodon
|-resisted|p2a: Gastrodon
|-damage|p2a: Gastrodon|47/100
|
|-weather|Sandstorm|[upkeep]
|-heal|p2a: Gastrodon|53/100|[from] item: Leftovers
|upkeep
|turn|29
|
|t:|1667054913
|switch|p1a: RX PAPi|Ferrothorn, F|43/100 par
|-damage|p1a: RX PAPi|36/100 par|[from] Stealth Rock
|move|p2a: Gastrodon|Recover|p2a: Gastrodon
|-heal|p2a: Gastrodon|100/100
|
|-weather|Sandstorm|[upkeep]
|upkeep
|turn|30
|
|t:|1667054917
|switch|p2a: Clefable|Clefable, F|84/100
|switch|p1a: DA LAST REX(3005)|Tyranitar, F|30/100
|-damage|p1a: DA LAST REX(3005)|17/100|[from] Stealth Rock
|
|-weather|Sandstorm|[upkeep]
|-fieldend|move: Electric Terrain
|upkeep
|turn|31
|
|t:|1667054920
|move|p2a: Clefable|Moonblast|p1a: DA LAST REX(3005)
|-supereffective|p1a: DA LAST REX(3005)
|-damage|p1a: DA LAST REX(3005)|0 fnt
|faint|p1a: DA LAST REX(3005)
|
|-weather|none
|upkeep
|
|t:|1667054924
|switch|p1a: VODECi|Tapu Koko|23/100
|-damage|p1a: VODECi|11/100|[from] Stealth Rock
|-fieldstart|move: Electric Terrain|[from] ability: Electric Surge|[of] p1a: VODECi
|turn|32
|
|t:|1667054928
|switch|p2a: Gastrodon|Gastrodon, M|100/100
|-damage|p2a: Gastrodon|94/100|[from] Stealth Rock
|-damage|p2a: Gastrodon|70/100|[from] Spikes
|move|p1a: VODECi|Roost|p1a: VODECi
|-heal|p1a: VODECi|61/100
|-singleturn|p1a: VODECi|move: Roost
|
|-heal|p2a: Gastrodon|76/100|[from] item: Leftovers
|upkeep
|turn|33
|
|t:|1667054933
|switch|p1a: RX PAPi|Ferrothorn, F|36/100 par
|-damage|p1a: RX PAPi|30/100 par|[from] Stealth Rock
|move|p2a: Gastrodon|Scald|p1a: RX PAPi
|-resisted|p1a: RX PAPi
|-damage|p1a: RX PAPi|19/100 par
|
|-heal|p2a: Gastrodon|82/100|[from] item: Leftovers
|upkeep
|turn|34
|
|t:|1667054937
|switch|p1a: VODECi|Tapu Koko|61/100
|-damage|p1a: VODECi|49/100|[from] Stealth Rock
|move|p2a: Gastrodon|Protect||[still]
|-fail|p2a: Gastrodon
|
|-heal|p2a: Gastrodon|88/100|[from] item: Leftovers
|upkeep
|turn|35
|
|t:|1667054947
|move|p1a: VODECi|Dazzling Gleam|p2a: Gastrodon
|-damage|p2a: Gastrodon|53/100
|move|p2a: Gastrodon|Scald|p1a: VODECi
|-damage|p1a: VODECi|11/100
|-status|p1a: VODECi|brn
|
|-heal|p2a: Gastrodon|59/100|[from] item: Leftovers
|-damage|p1a: VODECi|5/100 brn|[from] brn
|upkeep
|turn|36
|c|☆NeoNaruto®++|gg
|-message|NeoNaruto®++ forfeited.
|
|win|MichaelderBeste2
|c|☆MichaelderBeste2|gg
