|inactive|Battle timer is ON: inactive players will automatically lose when time's up.
|t:|1663445426
|gametype|singles
|player|p1|clean cuts|hilbert|
|player|p2|Coach Jones 6fifth|lusamine-nihilego|
|teamsize|p1|6
|teamsize|p2|6
|gen|8
|tier|[Gen 8] OU
|rule|Sleep Clause Mod: Limit one foe put to sleep
|rule|Species Clause: Limit one of each Pokémon
|rule|OHKO Clause: OHKO moves are banned
|rule|Evasion Items Clause: Evasion items are banned
|rule|Evasion Moves Clause: Evasion moves are banned
|rule|Endless Battle Clause: Forcing endless battles is banned
|rule|HP Percentage Mod: HP is shown in percentages
|rule|Dynamax Clause: You cannot dynamax
|clearpoke
|poke|p1|Blacephalon|
|poke|p1|Rotom-Wash|
|poke|p1|Kartana|
|poke|p1|Rillaboom, F|
|poke|p1|Landorus-Therian, M|
|poke|p1|Heatran, M|
|poke|p2|Slowking-Galar, M|
|poke|p2|Mandibuzz, F|
|poke|p2|Zeraora|
|poke|p2|Ferrothorn, F|
|poke|p2|Heatran, M|
|poke|p2|Slowbro, M|
|teampreview
|inactive|clean cuts also wants the timer to be on.
|c|+lnternal|OLT
|c|+lnternal|?
|c|☆clean cuts|yes
|inactive|clean cuts has 270 seconds left.
|inactive|Coach Jones 6fifth has 270 seconds left.
|c|☆Coach Jones 6fifth|hf 
|c|+0ne Last Kiss❤|Cmon nick
|c|☆clean cuts|same
|inactive|clean cuts has 240 seconds left.
|inactive|Coach Jones 6fifth has 240 seconds left.
|
|t:|1663445493
|start
|switch|p1a: Rotom|Rotom-Wash|100/100
|switch|p2a: Slowbro|Slowbro, M, shiny|100/100
|turn|1
|
|t:|1663445501
|move|p1a: Rotom|Volt Switch|p2a: Slowbro
|-supereffective|p2a: Slowbro
|-damage|p2a: Slowbro|53/100
|
|t:|1663445503
|switch|p1a: Heatran|Heatran, M, shiny|100/100|[from]move: Volt Switch
|move|p2a: Slowbro|Teleport|p2a: Slowbro
|
|t:|1663445506
|switch|p2a: Heatran|Heatran, M|100/100|[from]move: Teleport
|-item|p2a: Heatran|Air Balloon
|
|upkeep
|turn|2
|
|t:|1663445512
|switch|p1a: Rotom|Rotom-Wash|100/100
|move|p2a: Heatran|Earth Power|p1a: Rotom
|-immune|p1a: Rotom|[from] ability: Levitate
|
|upkeep
|turn|3
|
|t:|1663445518
|switch|p2a: Slowking|Slowking-Galar, M, shiny|100/100
|move|p1a: Rotom|Volt Switch|p2a: Slowking
|-damage|p2a: Slowking|88/100
|
|t:|1663445544
|switch|p1a: Kartana|Kartana|100/100|[from]move: Volt Switch
|
|upkeep
|turn|4
|
|t:|1663445548
|switch|p2a: Ferrothorn|Ferrothorn, F|100/100
|move|p1a: Kartana|Knock Off|p2a: Ferrothorn
|-damage|p2a: Ferrothorn|65/100
|-damage|p1a: Kartana|88/100|[from] ability: Iron Barbs|[of] p2a: Ferrothorn
|-damage|p1a: Kartana|72/100|[from] item: Rocky Helmet|[of] p2a: Ferrothorn
|-enditem|p2a: Ferrothorn|Rocky Helmet|[from] move: Knock Off|[of] p1a: Kartana
|
|upkeep
|turn|5
|
|t:|1663445573
|switch|p1a: Heatran|Heatran, M, shiny|100/100
|move|p2a: Ferrothorn|Stealth Rock|p1a: Heatran
|-sidestart|p1: clean cuts|move: Stealth Rock
|
|upkeep
|turn|6
|
|t:|1663445578
|move|p1a: Heatran|Stealth Rock|p2a: Ferrothorn
|-sidestart|p2: Coach Jones 6fifth|move: Stealth Rock
|move|p2a: Ferrothorn|Knock Off|p1a: Heatran
|-crit|p1a: Heatran
|-damage|p1a: Heatran|76/100
|-enditem|p1a: Heatran|Leftovers|[from] move: Knock Off|[of] p2a: Ferrothorn
|
|upkeep
|turn|7
|
|t:|1663445583
|switch|p1a: Rotom|Rotom-Wash|100/100
|-damage|p1a: Rotom|88/100|[from] Stealth Rock
|switch|p2a: Heatran|Heatran, M|100/100
|-damage|p2a: Heatran|88/100|[from] Stealth Rock
|-item|p2a: Heatran|Air Balloon
|
|-heal|p1a: Rotom|94/100|[from] item: Leftovers
|upkeep
|turn|8
|
|t:|1663445593
|switch|p2a: Slowking|Slowking-Galar, M, shiny|100/100
|-damage|p2a: Slowking|88/100|[from] Stealth Rock
|move|p1a: Rotom|Volt Switch|p2a: Slowking
|-damage|p2a: Slowking|74/100
|c|+sirwings|go both
|
|t:|1663445606
|switch|p1a: Kartana|Kartana|72/100|[from]move: Volt Switch
|-damage|p1a: Kartana|65/100|[from] Stealth Rock
|
|upkeep
|turn|9
|
|t:|1663445616
|switch|p2a: Ferrothorn|Ferrothorn, F|65/100
|-damage|p2a: Ferrothorn|58/100|[from] Stealth Rock
|move|p1a: Kartana|Knock Off|p2a: Ferrothorn
|-crit|p2a: Ferrothorn
|-damage|p2a: Ferrothorn|17/100
|-damage|p1a: Kartana|53/100|[from] ability: Iron Barbs|[of] p2a: Ferrothorn
|
|upkeep
|turn|10
|
|t:|1663445622
|switch|p2a: Mandibuzz|Mandibuzz, F|100/100
|move|p1a: Kartana|Knock Off|p2a: Mandibuzz
|-resisted|p2a: Mandibuzz
|-damage|p2a: Mandibuzz|80/100
|-enditem|p2a: Mandibuzz|Heavy-Duty Boots|[from] move: Knock Off|[of] p1a: Kartana
|
|upkeep
|turn|11
|inactive|clean cuts has 270 seconds left.
|
|t:|1663445663
|switch|p1a: Heatran|Heatran, M, shiny|76/100
|-damage|p1a: Heatran|64/100|[from] Stealth Rock
|move|p2a: Mandibuzz|Foul Play|p1a: Heatran
|-damage|p1a: Heatran|45/100
|
|upkeep
|turn|12
|
|t:|1663445669
|switch|p2a: Heatran|Heatran, M|88/100
|-damage|p2a: Heatran|76/100|[from] Stealth Rock
|-item|p2a: Heatran|Air Balloon
|switch|p1a: Rotom|Rotom-Wash|94/100
|-damage|p1a: Rotom|82/100|[from] Stealth Rock
|
|-heal|p1a: Rotom|88/100|[from] item: Leftovers
|upkeep
|turn|13
|inactive|clean cuts has 270 seconds left.
|
|t:|1663445681
|switch|p2a: Zeraora|Zeraora|100/100
|-damage|p2a: Zeraora|88/100|[from] Stealth Rock
|move|p1a: Rotom|Volt Switch|p2a: Zeraora
|-heal|p2a: Zeraora|100/100|[from] ability: Volt Absorb|[of] p1a: Rotom
|
|-heal|p1a: Rotom|94/100|[from] item: Leftovers
|upkeep
|turn|14
|
|t:|1663445684
|switch|p2a: Slowking|Slowking-Galar, M, shiny|100/100
|-damage|p2a: Slowking|88/100|[from] Stealth Rock
|move|p1a: Rotom|Will-O-Wisp|p2a: Slowking
|-status|p2a: Slowking|brn
|
|-heal|p1a: Rotom|99/100|[from] item: Leftovers
|-damage|p2a: Slowking|82/100 brn|[from] brn
|upkeep
|turn|15
|
|t:|1663445689
|move|p1a: Rotom|Volt Switch|p2a: Slowking
|-crit|p2a: Slowking
|-damage|p2a: Slowking|62/100 brn
|inactive|clean cuts has 270 seconds left.
|
|t:|1663445714
|switch|p1a: Landorus|Landorus-Therian, M|100/100|[from]move: Volt Switch
|-damage|p1a: Landorus|88/100|[from] Stealth Rock
|-ability|p1a: Landorus|Intimidate|boost
|-unboost|p2a: Slowking|atk|1
|move|p2a: Slowking|Future Sight|p1a: Landorus
|-start|p2a: Slowking|move: Future Sight
|
|-heal|p1a: Landorus|94/100|[from] item: Leftovers
|-damage|p2a: Slowking|56/100 brn|[from] brn
|upkeep
|turn|16
|inactive|clean cuts has 270 seconds left.
|
|t:|1663445726
|switch|p2a: Slowbro|Slowbro, M, shiny|86/100
|-damage|p2a: Slowbro|74/100|[from] Stealth Rock
|move|p1a: Landorus|U-turn|p2a: Slowbro
|-supereffective|p2a: Slowbro
|-damage|p2a: Slowbro|47/100
|
|t:|1663445747
|switch|p1a: Rotom|Rotom-Wash|99/100|[from]move: U-turn
|-damage|p1a: Rotom|88/100|[from] Stealth Rock
|
|-heal|p1a: Rotom|94/100|[from] item: Leftovers
|upkeep
|turn|17
|
|t:|1663445757
|switch|p2a: Zeraora|Zeraora|100/100
|-damage|p2a: Zeraora|88/100|[from] Stealth Rock
|move|p1a: Rotom|Volt Switch|p2a: Zeraora
|-heal|p2a: Zeraora|100/100|[from] ability: Volt Absorb|[of] p1a: Rotom
|
|-end|p1a: Rotom|move: Future Sight
|-damage|p1a: Rotom|36/100
|-heal|p1a: Rotom|42/100|[from] item: Leftovers
|upkeep
|turn|18
|inactive|clean cuts has 240 seconds left.
|inactive|Coach Jones 6fifth has 270 seconds left.
|
|t:|1663445806
|switch|p1a: Landorus|Landorus-Therian, M|94/100
|-damage|p1a: Landorus|82/100|[from] Stealth Rock
|-ability|p1a: Landorus|Intimidate|boost
|-unboost|p2a: Zeraora|atk|1
|move|p2a: Zeraora|Plasma Fists|p1a: Landorus
|-immune|p1a: Landorus
|
|-heal|p1a: Landorus|88/100|[from] item: Leftovers
|upkeep
|turn|19
|inactive|Coach Jones 6fifth has 270 seconds left.
|
|t:|1663445814
|switch|p2a: Slowbro|Slowbro, M, shiny|80/100
|-damage|p2a: Slowbro|68/100|[from] Stealth Rock
|move|p1a: Landorus|Earthquake|p2a: Slowbro
|-damage|p2a: Slowbro|41/100
|
|-heal|p1a: Landorus|94/100|[from] item: Leftovers
|upkeep
|turn|20
|
|t:|1663445819
|move|p1a: Landorus|U-turn|p2a: Slowbro
|-supereffective|p2a: Slowbro
|-damage|p2a: Slowbro|16/100
|
|t:|1663445836
|switch|p1a: Rotom|Rotom-Wash|42/100|[from]move: U-turn
|-damage|p1a: Rotom|30/100|[from] Stealth Rock
|move|p2a: Slowbro|Body Press|p1a: Rotom
|-damage|p1a: Rotom|3/100
|
|-heal|p1a: Rotom|9/100|[from] item: Leftovers
|upkeep
|turn|21
|
|t:|1663445849
|switch|p2a: Zeraora|Zeraora|100/100
|-damage|p2a: Zeraora|88/100|[from] Stealth Rock
|move|p1a: Rotom|Hydro Pump|p2a: Zeraora
|-damage|p2a: Zeraora|34/100
|
|-heal|p1a: Rotom|15/100|[from] item: Leftovers
|upkeep
|turn|22
|
|t:|1663445862
|switch|p1a: Heatran|Heatran, M, shiny|45/100
|-damage|p1a: Heatran|33/100|[from] Stealth Rock
|move|p2a: Zeraora|Knock Off|p1a: Heatran
|-damage|p1a: Heatran|10/100
|
|upkeep
|turn|23
|
|t:|1663445870
|move|p2a: Zeraora|Knock Off|p1a: Heatran
|-damage|p1a: Heatran|0 fnt
|-status|p2a: Zeraora|brn|[from] ability: Flame Body|[of] p1a: Heatran
|faint|p1a: Heatran
|
|-damage|p2a: Zeraora|28/100 brn|[from] brn
|upkeep
|inactive|clean cuts has 210 seconds left.
|inactive|clean cuts has 180 seconds left.
|inactive|clean cuts has 150 seconds left.
|
|t:|1663445970
|switch|p1a: Rillaboom|Rillaboom, F|100/100
|-damage|p1a: Rillaboom|88/100|[from] Stealth Rock
|-fieldstart|move: Grassy Terrain|[from] ability: Grassy Surge|[of] p1a: Rillaboom
|turn|24
|
|t:|1663445985
|move|p1a: Rillaboom|Grassy Glide|p2a: Zeraora
|-damage|p2a: Zeraora|0 fnt
|faint|p2a: Zeraora
|-damage|p1a: Rillaboom|78/100|[from] item: Life Orb
|
|-heal|p1a: Rillaboom|84/100|[from] Grassy Terrain
|upkeep
|
|t:|1663445989
|switch|p2a: Mandibuzz|Mandibuzz, F|80/100
|-damage|p2a: Mandibuzz|56/100|[from] Stealth Rock
|turn|25
|
|t:|1663446010
|switch|p1a: Landorus|Landorus-Therian, M|94/100
|-damage|p1a: Landorus|82/100|[from] Stealth Rock
|-ability|p1a: Landorus|Intimidate|boost
|-unboost|p2a: Mandibuzz|atk|1
|move|p2a: Mandibuzz|Roost|p2a: Mandibuzz
|-heal|p2a: Mandibuzz|100/100
|-singleturn|p2a: Mandibuzz|move: Roost
|
|-heal|p1a: Landorus|88/100|[from] item: Leftovers
|upkeep
|turn|26
|
|t:|1663446012
|switch|p2a: Heatran|Heatran, M|76/100
|-damage|p2a: Heatran|63/100|[from] Stealth Rock
|-item|p2a: Heatran|Air Balloon
|move|p1a: Landorus|Toxic|p2a: Heatran
|-immune|p2a: Heatran
|
|-heal|p1a: Landorus|94/100|[from] item: Leftovers
|upkeep
|turn|27
|
|t:|1663446014
|move|p2a: Heatran|Eruption|p1a: Landorus
|-damage|p1a: Landorus|57/100
|move|p1a: Landorus|U-turn|p2a: Heatran
|-resisted|p2a: Heatran
|-damage|p2a: Heatran|58/100
|-enditem|p2a: Heatran|Air Balloon
|inactive|clean cuts has 150 seconds left.
|inactive|clean cuts has 120 seconds left.
|
|t:|1663446068
|switch|p1a: Rotom|Rotom-Wash|15/100|[from]move: U-turn
|-damage|p1a: Rotom|3/100|[from] Stealth Rock
|
|-heal|p1a: Rotom|9/100|[from] item: Leftovers
|-heal|p2a: Heatran|64/100|[from] Grassy Terrain
|upkeep
|turn|28
|
|t:|1663446073
|move|p1a: Rotom|Hydro Pump|p2a: Heatran
|-supereffective|p2a: Heatran
|-damage|p2a: Heatran|0 fnt
|faint|p2a: Heatran
|
|-heal|p1a: Rotom|15/100|[from] item: Leftovers
|-fieldend|move: Grassy Terrain
|upkeep
|
|t:|1663446078
|switch|p2a: Slowking|Slowking-Galar, M, shiny|89/100 brn
|-damage|p2a: Slowking|77/100 brn|[from] Stealth Rock
|turn|29
|
|t:|1663446083
|move|p1a: Rotom|Pain Split|p2a: Slowking
|-sethp|p2a: Slowking|44/100 brn|[from] move: Pain Split|[silent]
|-sethp|p1a: Rotom|57/100|[from] move: Pain Split
|move|p2a: Slowking|Future Sight|p1a: Rotom
|-start|p2a: Slowking|move: Future Sight
|
|-heal|p1a: Rotom|63/100|[from] item: Leftovers
|-damage|p2a: Slowking|38/100 brn|[from] brn
|upkeep
|turn|30
|
|t:|1663446089
|move|p1a: Rotom|Hydro Pump|p2a: Slowking
|-crit|p2a: Slowking
|-damage|p2a: Slowking|7/100 brn
|move|p2a: Slowking|Flamethrower|p1a: Rotom
|-resisted|p1a: Rotom
|-damage|p1a: Rotom|49/100
|
|-heal|p1a: Rotom|55/100|[from] item: Leftovers
|-damage|p2a: Slowking|1/100 brn|[from] brn
|upkeep
|turn|31
|
|t:|1663446094
|switch|p2a: Slowbro|Slowbro, M, shiny|49/100
|-damage|p2a: Slowbro|36/100|[from] Stealth Rock
|move|p1a: Rotom|Volt Switch|p2a: Slowbro
|-supereffective|p2a: Slowbro
|-damage|p2a: Slowbro|0 fnt
|faint|p2a: Slowbro
|
|t:|1663446106
|switch|p1a: Landorus|Landorus-Therian, M|57/100|[from]move: Volt Switch
|-damage|p1a: Landorus|44/100|[from] Stealth Rock
|
|-end|p1a: Landorus|move: Future Sight
|-damage|p1a: Landorus|4/100
|-heal|p1a: Landorus|10/100|[from] item: Leftovers
|upkeep
|
|t:|1663446109
|switch|p2a: Mandibuzz|Mandibuzz, F|100/100
|-damage|p2a: Mandibuzz|76/100|[from] Stealth Rock
|turn|32
|
|t:|1663446112
|move|p1a: Landorus|Toxic|p2a: Mandibuzz
|-status|p2a: Mandibuzz|tox
|move|p2a: Mandibuzz|Foul Play|p1a: Landorus
|-damage|p1a: Landorus|0 fnt
|faint|p1a: Landorus
|
|-damage|p2a: Mandibuzz|70/100 tox|[from] psn
|upkeep
|
|t:|1663446115
|switch|p1a: Rotom|Rotom-Wash|55/100
|-damage|p1a: Rotom|42/100|[from] Stealth Rock
|turn|33
|
|t:|1663446121
|switch|p2a: Ferrothorn|Ferrothorn, F|17/100
|-damage|p2a: Ferrothorn|11/100|[from] Stealth Rock
|move|p1a: Rotom|Pain Split|p2a: Ferrothorn
|-sethp|p2a: Ferrothorn|24/100|[from] move: Pain Split|[silent]
|-sethp|p1a: Rotom|27/100|[from] move: Pain Split
|
|-heal|p1a: Rotom|33/100|[from] item: Leftovers
|upkeep
|turn|34
|
|t:|1663446125
|move|p1a: Rotom|Volt Switch|p2a: Ferrothorn
|-resisted|p2a: Ferrothorn
|-damage|p2a: Ferrothorn|12/100
|
|t:|1663446128
|switch|p1a: Rillaboom|Rillaboom, F|84/100|[from]move: Volt Switch
|-damage|p1a: Rillaboom|72/100|[from] Stealth Rock
|-fieldstart|move: Grassy Terrain|[from] ability: Grassy Surge|[of] p1a: Rillaboom
|move|p2a: Ferrothorn|Knock Off|p1a: Rillaboom
|-damage|p1a: Rillaboom|51/100
|-enditem|p1a: Rillaboom|Life Orb|[from] move: Knock Off|[of] p2a: Ferrothorn
|
|-heal|p1a: Rillaboom|57/100|[from] Grassy Terrain
|-heal|p2a: Ferrothorn|19/100|[from] Grassy Terrain
|upkeep
|turn|35
|
|t:|1663446133
|move|p1a: Rillaboom|Superpower|p2a: Ferrothorn
|-supereffective|p2a: Ferrothorn
|-damage|p2a: Ferrothorn|0 fnt
|-unboost|p1a: Rillaboom|atk|1
|-unboost|p1a: Rillaboom|def|1
|-damage|p1a: Rillaboom|44/100|[from] ability: Iron Barbs|[of] p2a: Ferrothorn
|faint|p2a: Ferrothorn
|
|-heal|p1a: Rillaboom|51/100|[from] Grassy Terrain
|upkeep
|
|t:|1663446136
|switch|p2a: Mandibuzz|Mandibuzz, F|70/100 tox
|-damage|p2a: Mandibuzz|45/100 tox|[from] Stealth Rock
|turn|36
|c|☆Coach Jones 6fifth|gg
|
|t:|1663446141
|move|p1a: Rillaboom|Swords Dance|p1a: Rillaboom
|-boost|p1a: Rillaboom|atk|2
|move|p2a: Mandibuzz|Foul Play|p1a: Rillaboom
|-damage|p1a: Rillaboom|0 fnt
|faint|p1a: Rillaboom
|
|-damage|p2a: Mandibuzz|39/100 tox|[from] psn
|upkeep
|
|t:|1663446143
|switch|p1a: Rotom|Rotom-Wash|33/100
|-damage|p1a: Rotom|21/100|[from] Stealth Rock
|turn|37
|
|t:|1663446147
|move|p1a: Rotom|Volt Switch|p2a: Mandibuzz
|-supereffective|p2a: Mandibuzz
|-damage|p2a: Mandibuzz|0 fnt
|faint|p2a: Mandibuzz
|
|t:|1663446150
|switch|p1a: Kartana|Kartana|53/100|[from]move: Volt Switch
|-damage|p1a: Kartana|47/100|[from] Stealth Rock
|
|-heal|p1a: Kartana|53/100|[from] Grassy Terrain
|upkeep
|c|☆clean cuts|gg
|
|t:|1663446152
|switch|p2a: Slowking|Slowking-Galar, M, shiny|35/100 brn
|-damage|p2a: Slowking|22/100 brn|[from] Stealth Rock
|turn|38
|
|t:|1663446155
|move|p1a: Kartana|Knock Off|p2a: Slowking
|-supereffective|p2a: Slowking
|-damage|p2a: Slowking|0 fnt
|-enditem|p2a: Slowking|Assault Vest|[from] move: Knock Off|[of] p1a: Kartana
|faint|p2a: Slowking
|
|win|clean cuts
