|inactive|Battle timer is ON: inactive players will automatically lose when time's up.
|t:|1617586197
|player|p1|starmaster|1|
|player|p2|not mb|266|
|teamsize|p1|6
|teamsize|p2|6
|gametype|singles
|gen|8
|tier|[Gen 8] OU
|clearpoke
|poke|p1|Rotom-Wash|
|poke|p1|Dragapult, M|
|poke|p1|Scizor, M|
|poke|p1|Landorus-Therian, M|
|poke|p1|Bisharp, M|
|poke|p1|Kyurem|
|poke|p2|Landorus-Therian, M|
|poke|p2|Tapu Koko|
|poke|p2|Dragonite, F|
|poke|p2|Slowking, F|
|poke|p2|Kartana|
|poke|p2|Heatran, F|
|rule|Sleep Clause Mod: Limit one foe put to sleep
|rule|Species Clause: Limit one of each Pokémon
|rule|OHKO Clause: OHKO moves are banned
|rule|Evasion Moves Clause: Evasion moves are banned
|rule|Endless Battle Clause: Forcing endless battles is banned
|rule|HP Percentage Mod: HP is shown in percentages
|rule|Dynamax Clause: You cannot dynamax
|teampreview
|inactive|starmaster has 270 seconds left.
|inactive|not mb has 270 seconds left.
|inactive|starmaster has 240 seconds left.
|inactive|not mb has 240 seconds left.
|inactive|not mb has 210 seconds left.
|inactive|not mb has 180 seconds left.
|
|t:|1617586347
|start
|switch|p1a: uncle dald|Kyurem|100/100
|switch|p2a: Tapu Koko|Tapu Koko|100/100
|-fieldstart|move: Electric Terrain|[from] ability: Electric Surge|[of] p2a: Tapu Koko
|-ability|p1a: uncle dald|Pressure
|turn|1
|inactive|not mb has 210 seconds left.
|inactive|starmaster has 270 seconds left.
|inactive|not mb has 180 seconds left.
|inactive|starmaster has 240 seconds left.
|
|t:|1617586408
|switch|p2a: Slowking|Slowking, F|100/100
|move|p1a: uncle dald|Freeze-Dry|p2a: Slowking
|-supereffective|p2a: Slowking
|-damage|p2a: Slowking|29/100
|
|upkeep
|turn|2
|
|t:|1617586417
|switch|p1a: brother nebs|Landorus-Therian, M|100/100
|-ability|p1a: brother nebs|Intimidate|boost
|-unboost|p2a: Slowking|atk|1
|move|p2a: Slowking|Teleport|p2a: Slowking
|inactive|not mb has 180 seconds left.
|inactive|not mb has 150 seconds left.
|
|t:|1617586476
|switch|p2a: Landorus|Landorus-Therian, M|100/100|[from]move: Teleport
|-ability|p2a: Landorus|Intimidate|boost
|-unboost|p1a: brother nebs|atk|1
|
|upkeep
|turn|3
|inactive|starmaster has 240 seconds left.
|
|t:|1617586507
|switch|p1a: uncle dald|Kyurem|100/100
|-ability|p1a: uncle dald|Pressure
|move|p2a: Landorus|Stealth Rock|p1a: uncle dald
|-sidestart|p1: starmaster|move: Stealth Rock
|
|upkeep
|turn|4
|inactive|starmaster has 210 seconds left.
|inactive|not mb has 120 seconds left.
|inactive|starmaster has 180 seconds left.
|inactive|not mb has 90 seconds left.
|inactive|starmaster has 150 seconds left.
|
|t:|1617586611
|switch|p2a: Slowking|Slowking, F|62/100
|move|p1a: uncle dald|Earth Power|p2a: Slowking
|-damage|p2a: Slowking|33/100
|
|upkeep
|turn|5
|inactive|starmaster has 150 seconds left.
|inactive|starmaster has 120 seconds left.
|
|t:|1617586658
|switch|p1a: brother nebs|Landorus-Therian, M|100/100
|-damage|p1a: brother nebs|88/100|[from] Stealth Rock
|-ability|p1a: brother nebs|Intimidate|boost
|-unboost|p2a: Slowking|atk|1
|move|p2a: Slowking|Teleport|p2a: Slowking
|
|t:|1617586670
|switch|p2a: Landorus|Landorus-Therian, M|100/100|[from]move: Teleport
|-ability|p2a: Landorus|Intimidate|boost
|-unboost|p1a: brother nebs|atk|1
|
|-heal|p1a: brother nebs|94/100|[from] item: Leftovers
|-fieldend|move: Electric Terrain
|upkeep
|turn|6
|inactive|starmaster has 120 seconds left.
|
|t:|1617586679
|move|p1a: brother nebs|Knock Off|p2a: Landorus
|-damage|p2a: Landorus|86/100
|-enditem|p2a: Landorus|Leftovers|[from] move: Knock Off|[of] p1a: brother nebs
|move|p2a: Landorus|Knock Off|p1a: brother nebs
|-damage|p1a: brother nebs|61/100
|-enditem|p1a: brother nebs|Leftovers|[from] move: Knock Off|[of] p2a: Landorus
|
|upkeep
|turn|7
|
|t:|1617586691
|move|p1a: brother nebs|Defog|p2a: Landorus
|-unboost|p2a: Landorus|evasion|1
|-sideend|p1: starmaster|Stealth Rock|[from] move: Defog|[of] p1a: brother nebs
|move|p2a: Landorus|Knock Off|p1a: brother nebs
|-damage|p1a: brother nebs|39/100
|
|upkeep
|turn|8
|inactive|not mb has 60 seconds left.
|
|t:|1617586727
|move|p1a: brother nebs|U-turn|p2a: Landorus
|-resisted|p2a: Landorus
|-damage|p2a: Landorus|81/100
|
|t:|1617586729
|switch|p1a: uncle dald|Kyurem|100/100|[from]move: U-turn
|-ability|p1a: uncle dald|Pressure
|move|p2a: Landorus|Stealth Rock|p1a: uncle dald
|-sidestart|p1: starmaster|move: Stealth Rock
|
|upkeep
|turn|9
|inactive|not mb has 60 seconds left.
|
|t:|1617586748
|switch|p2a: Slowking|Slowking, F|66/100
|move|p1a: uncle dald|Freeze-Dry|p2a: Slowking
|-supereffective|p2a: Slowking
|-damage|p2a: Slowking|2/100
|
|upkeep
|turn|10
|inactive|starmaster has 120 seconds left.
|inactive|not mb has 30 seconds left.
|
|t:|1617586779
|switch|p2a: Heatran|Heatran, F|100/100
|move|p1a: uncle dald|Freeze-Dry|p2a: Heatran
|-resisted|p2a: Heatran
|-damage|p2a: Heatran|88/100
|
|-heal|p2a: Heatran|94/100|[from] item: Leftovers
|upkeep
|turn|11
|inactive|starmaster has 120 seconds left.
|
|t:|1617586792
|switch|p1a: tim jr|Rotom-Wash|100/100
|-damage|p1a: tim jr|88/100|[from] Stealth Rock
|move|p2a: Heatran|Magma Storm|p1a: tim jr
|-resisted|p1a: tim jr
|-damage|p1a: tim jr|65/100
|-activate|p1a: tim jr|move: Magma Storm|[of] p2a: Heatran
|
|-heal|p1a: tim jr|71/100|[from] item: Leftovers
|-heal|p2a: Heatran|99/100|[from] item: Leftovers
|-damage|p1a: tim jr|59/100|[from] move: Magma Storm|[partiallytrapped]
|upkeep
|turn|12
|inactive|starmaster has 120 seconds left.
|inactive|not mb has 30 seconds left.
|inactive|not mb has 20 seconds left.
|
|t:|1617586818
|move|p1a: tim jr|Thunder Wave|p2a: Heatran
|-status|p2a: Heatran|par
|move|p2a: Heatran|Toxic|p1a: tim jr
|-status|p1a: tim jr|tox
|
|-heal|p1a: tim jr|65/100 tox|[from] item: Leftovers
|-heal|p2a: Heatran|100/100 par|[from] item: Leftovers
|-damage|p1a: tim jr|59/100 tox|[from] psn
|-damage|p1a: tim jr|46/100 tox|[from] move: Magma Storm|[partiallytrapped]
|upkeep
|turn|13
|inactive|not mb has 30 seconds left this turn.
|inactive|not mb has 20 seconds left.
|
|t:|1617586830
|switch|p2a: Tapu Koko|Tapu Koko|100/100
|-fieldstart|move: Electric Terrain|[from] ability: Electric Surge|[of] p2a: Tapu Koko
|move|p1a: tim jr|Defog|p2a: Tapu Koko
|-unboost|p2a: Tapu Koko|evasion|1
|-sideend|p1: starmaster|Stealth Rock|[from] move: Defog|[of] p1a: tim jr
|-fieldend|move: Electric Terrain
|
|-heal|p1a: tim jr|52/100 tox|[from] item: Leftovers
|-damage|p1a: tim jr|40/100 tox|[from] psn
|-end|p1a: tim jr|Magma Storm|[partiallytrapped]|[silent]
|upkeep
|turn|14
|inactive|not mb has 30 seconds left this turn.
|
|t:|1617586843
|move|p2a: Tapu Koko|Calm Mind|p2a: Tapu Koko
|-boost|p2a: Tapu Koko|spa|1
|-boost|p2a: Tapu Koko|spd|1
|move|p1a: tim jr|Volt Switch|p2a: Tapu Koko
|-resisted|p2a: Tapu Koko
|-crit|p2a: Tapu Koko
|-damage|p2a: Tapu Koko|71/100
|inactive|not mb has 30 seconds left this turn.
|c|+John W|L2p craig
|inactive|starmaster has 120 seconds left.
|
|t:|1617586874
|switch|p1a: uncle drip|Bisharp, M|100/100|[from]move: Volt Switch
|
|-heal|p2a: Tapu Koko|77/100|[from] item: Leftovers
|upkeep
|turn|15
|inactive|not mb has 30 seconds left.
|
|t:|1617586890
|move|p2a: Tapu Koko|Thunderbolt|p1a: uncle drip
|-damage|p1a: uncle drip|7/100
|move|p1a: uncle drip|Knock Off|p2a: Tapu Koko
|-resisted|p2a: Tapu Koko
|-damage|p2a: Tapu Koko|25/100
|-enditem|p2a: Tapu Koko|Leftovers|[from] move: Knock Off|[of] p1a: uncle drip
|
|upkeep
|turn|16
|
|t:|1617586900
|switch|p1a: father dim|Scizor, M|100/100
|move|p2a: Tapu Koko|Roost|p2a: Tapu Koko
|-heal|p2a: Tapu Koko|75/100
|-singleturn|p2a: Tapu Koko|move: Roost
|
|upkeep
|turn|17
|c|+rural|free craig on bd grave
|
|t:|1617586907
|move|p2a: Tapu Koko|Thunderbolt|p1a: father dim
|-damage|p1a: father dim|46/100
|move|p1a: father dim|Swords Dance|p1a: father dim
|-boost|p1a: father dim|atk|2
|
|-heal|p1a: father dim|52/100|[from] item: Leftovers
|upkeep
|turn|18
|inactive|not mb has 30 seconds left.
|inactive|starmaster has 90 seconds left.
|inactive|not mb has 20 seconds left.
|
|t:|1617586941
|switch|p2a: Heatran|Heatran, F|100/100 par
|move|p1a: father dim|Bullet Punch|p2a: Heatran
|-resisted|p2a: Heatran
|-crit|p2a: Heatran
|-damage|p2a: Heatran|84/100 par
|
|-heal|p1a: father dim|58/100|[from] item: Leftovers
|-heal|p2a: Heatran|90/100 par|[from] item: Leftovers
|upkeep
|turn|19
|inactive|not mb has 30 seconds left this turn.
|inactive|starmaster has 90 seconds left.
|
|t:|1617586969
|switch|p1a: tim jr|Rotom-Wash|40/100 tox
|move|p2a: Heatran|Magma Storm|p1a: tim jr|[miss]
|-miss|p2a: Heatran|p1a: tim jr
|
|-heal|p1a: tim jr|46/100 tox|[from] item: Leftovers
|-heal|p2a: Heatran|96/100 par|[from] item: Leftovers
|-damage|p1a: tim jr|40/100 tox|[from] psn
|upkeep
|turn|20
|inactive|not mb has 30 seconds left.
|
|t:|1617586991
|move|p1a: tim jr|Hydro Pump|p2a: Heatran
|-supereffective|p2a: Heatran
|-damage|p2a: Heatran|33/100 par
|move|p2a: Heatran|Magma Storm|p1a: tim jr|[miss]
|-miss|p2a: Heatran|p1a: tim jr
|
|-heal|p1a: tim jr|46/100 tox|[from] item: Leftovers
|-heal|p2a: Heatran|40/100 par|[from] item: Leftovers
|-damage|p1a: tim jr|34/100 tox|[from] psn
|upkeep
|turn|21
|c|+rural|of course
|inactive|not mb has 30 seconds left.
|inactive|not mb has 20 seconds left.
|inactive|not mb has 15 seconds left.
|
|t:|1617587021
|switch|p2a: Slowking|Slowking, F|35/100
|move|p1a: tim jr|Volt Switch|p2a: Slowking
|-supereffective|p2a: Slowking
|-damage|p2a: Slowking|7/100
|inactive|not mb has 20 seconds left this turn.
|inactive|starmaster has 60 seconds left.
|
|t:|1617587033
|switch|p1a: uncle dibo|Dragapult, M|100/100|[from]move: Volt Switch
|
|upkeep
|turn|22
|inactive|not mb has 30 seconds left this turn.
|inactive|not mb has 20 seconds left.
|inactive|starmaster has 60 seconds left.
|inactive|not mb has 15 seconds left.
|inactive|not mb has 10 seconds left.
|
|t:|1617587056
|switch|p2a: Dragonite|Dragonite, F|100/100
|move|p1a: uncle dibo|Shadow Ball|p2a: Dragonite
|-damage|p2a: Dragonite|80/100
|
|upkeep
|turn|23
|inactive|not mb has 20 seconds left this turn.
|
|t:|1617587066
|move|p1a: uncle dibo|Shadow Ball|p2a: Dragonite
|-damage|p2a: Dragonite|43/100
|move|p2a: Dragonite|Roost|p2a: Dragonite
|-heal|p2a: Dragonite|93/100
|-singleturn|p2a: Dragonite|move: Roost
|
|upkeep
|turn|24
|inactive|not mb has 30 seconds left this turn.
|inactive|not mb has 20 seconds left.
|
|t:|1617587080
|switch|p1a: uncle dald|Kyurem|100/100
|-ability|p1a: uncle dald|Pressure
|move|p2a: Dragonite|Ice Beam|p1a: uncle dald
|-damage|p1a: uncle dald|79/100
|
|upkeep
|turn|25
|inactive|not mb has 30 seconds left this turn.
|inactive|not mb has 20 seconds left.
|inactive|not mb has 15 seconds left.
|inactive|starmaster has 60 seconds left.
|
|t:|1617587107
|switch|p2a: Slowking|Slowking, F|41/100
|move|p1a: uncle dald|Freeze-Dry|p2a: Slowking
|-supereffective|p2a: Slowking
|-damage|p2a: Slowking|0 fnt
|faint|p2a: Slowking
|
|upkeep
|inactive|not mb has 20 seconds left this turn.
|inactive|not mb has 15 seconds left.
|
|t:|1617587114
|switch|p2a: Kartana|Kartana|100/100
|turn|26
|inactive|not mb has 25 seconds left this turn.
|inactive|not mb has 20 seconds left.
|inactive|not mb has 15 seconds left.
|inactive|starmaster has 60 seconds left.
|inactive|not mb has 10 seconds left.
|
|t:|1617587147
|switch|p1a: brother nebs|Landorus-Therian, M|39/100
|-ability|p1a: brother nebs|Intimidate|boost
|-unboost|p2a: Kartana|atk|1
|move|p2a: Kartana|Knock Off|p1a: brother nebs
|-damage|p1a: brother nebs|10/100
|
|upkeep
|turn|27
|inactive|not mb has 20 seconds left this turn.
|inactive|not mb has 15 seconds left.
|inactive|starmaster has 30 seconds left.
|inactive|starmaster has 20 seconds left.
|inactive|starmaster has 15 seconds left.
|inactive|starmaster has 10 seconds left.
|
|t:|1617587195
|switch|p1a: uncle dald|Kyurem|79/100
|-ability|p1a: uncle dald|Pressure
|move|p2a: Kartana|Knock Off|p1a: uncle dald
|-damage|p1a: uncle dald|36/100
|-enditem|p1a: uncle dald|Choice Specs|[from] move: Knock Off|[of] p2a: Kartana
|
|upkeep
|turn|28
|inactive|starmaster has 20 seconds left this turn.
|inactive|not mb has 25 seconds left this turn.
|inactive|starmaster has 15 seconds left.
|inactive|not mb has 20 seconds left.
|inactive|not mb has 15 seconds left.
|inactive|not mb has 10 seconds left.
|inactive|not mb has 5 seconds left.
|
|t:|1617587216
|move|p2a: Kartana|Knock Off|p1a: uncle dald
|-damage|p1a: uncle dald|9/100
|move|p1a: uncle dald|Ice Beam|p2a: Kartana
|-damage|p2a: Kartana|0 fnt
|faint|p2a: Kartana
|
|upkeep
|inactive|starmaster has 20 seconds left this turn.
|inactive|not mb has 10 seconds left this turn.
|
|t:|1617587219
|switch|p2a: Tapu Koko|Tapu Koko|75/100
|-fieldstart|move: Electric Terrain|[from] ability: Electric Surge|[of] p2a: Tapu Koko
|turn|29
|inactive|starmaster has 30 seconds left this turn.
|inactive|not mb has 20 seconds left this turn.
|inactive|not mb has 15 seconds left.
|inactive|starmaster has 20 seconds left.
|
|t:|1617587233
|switch|p1a: brother nebs|Landorus-Therian, M|10/100
|-ability|p1a: brother nebs|Intimidate|boost
|-unboost|p2a: Tapu Koko|atk|1
|move|p2a: Tapu Koko|Dazzling Gleam|p1a: brother nebs
|-damage|p1a: brother nebs|0 fnt
|faint|p1a: brother nebs
|
|upkeep
|inactive|starmaster has 25 seconds left this turn.
|inactive|not mb has 20 seconds left this turn.
|
|t:|1617587237
|switch|p1a: uncle dibo|Dragapult, M|100/100
|turn|30
|inactive|not mb has 30 seconds left this turn.
|inactive|starmaster has 30 seconds left.
|inactive|not mb has 20 seconds left.
|inactive|not mb has 15 seconds left.
|
|t:|1617587253
|switch|p2a: Heatran|Heatran, F|40/100 par
|move|p1a: uncle dibo|U-turn|p2a: Heatran
|-resisted|p2a: Heatran
|-damage|p2a: Heatran|36/100 par
|inactive|not mb has 20 seconds left this turn.
|
|t:|1617587257
|switch|p1a: uncle dald|Kyurem|9/100|[from]move: U-turn
|-ability|p1a: uncle dald|Pressure
|
|-heal|p2a: Heatran|42/100 par|[from] item: Leftovers
|upkeep
|turn|31
|inactive|not mb has 30 seconds left this turn.
|c|+rural|burn?
|inactive|not mb has 20 seconds left.
|
|t:|1617587267
|switch|p2a: Dragonite|Dragonite, F|93/100
|move|p1a: uncle dald|Earth Power|p2a: Dragonite
|-immune|p2a: Dragonite
|
|upkeep
|turn|32
|inactive|not mb has 30 seconds left this turn.
|
|t:|1617587275
|switch|p2a: Tapu Koko|Tapu Koko|75/100
|move|p1a: uncle dald|Ice Beam|p2a: Tapu Koko
|-damage|p2a: Tapu Koko|0 fnt
|faint|p2a: Tapu Koko
|
|upkeep
|inactive|not mb has 30 seconds left this turn.
|-message|not mb forfeited.
|
|win|starmaster
|inactive|not mb has 30 seconds left this turn.
|c|☆starmaster|gg
|player|p1|starmaster|1
