|inactive|Battle timer is ON: inactive players will automatically lose when time's up.
|t:|1631959753
|gametype|singles
|player|p1|zs|dawn-gen4pt|
|player|p2|gaijineagle|101|
|teamsize|p1|6
|teamsize|p2|6
|gen|8
|tier|[Gen 8] OU
|rule|Sleep Clause Mod: Limit one foe put to sleep
|rule|Species Clause: Limit one of each Pokémon
|rule|OHKO Clause: OHKO moves are banned
|rule|Evasion Moves Clause: Evasion moves are banned
|rule|Endless Battle Clause: Forcing endless battles is banned
|rule|HP Percentage Mod: HP is shown in percentages
|rule|Dynamax Clause: You cannot dynamax
|clearpoke
|poke|p1|Jirachi|
|poke|p1|Zeraora|
|poke|p1|Volcarona, M|
|poke|p1|Hydreigon, M|
|poke|p1|Tapu Fini|
|poke|p1|Landorus-Therian, M|
|poke|p2|Kartana|
|poke|p2|Mantine, M|
|poke|p2|Gastrodon, M|
|poke|p2|Buzzwole|
|poke|p2|Blacephalon|
|poke|p2|Aegislash, M|
|teampreview
|c|☆gaijineagle|hf 
|c|☆zs|hf
|inactive|zs has 270 seconds left.
|inactive|gaijineagle has 270 seconds left.
|inactive|gaijineagle has 240 seconds left.
|
|t:|1631959831
|start
|switch|p1a: Landorus|Landorus-Therian, M|100/100
|switch|p2a: Blacephalon|Blacephalon|100/100
|-ability|p1a: Landorus|Intimidate|boost
|-unboost|p2a: Blacephalon|atk|1
|turn|1
|
|t:|1631959848
|move|p2a: Blacephalon|Shadow Ball|p1a: Landorus
|-damage|p1a: Landorus|51/100
|move|p1a: Landorus|Knock Off|p2a: Blacephalon
|-supereffective|p2a: Blacephalon
|-damage|p2a: Blacephalon|0 fnt
|-enditem|p2a: Blacephalon|Choice Scarf|[from] move: Knock Off|[of] p1a: Landorus
|faint|p2a: Blacephalon
|
|-heal|p1a: Landorus|57/100|[from] item: Leftovers
|upkeep
|
|t:|1631959852
|switch|p2a: Kartana|Kartana|100/100
|turn|2
|
|t:|1631959865
|switch|p1a: Volcarona|Volcarona, M|100/100
|move|p2a: Kartana|Swords Dance|p2a: Kartana
|-boost|p2a: Kartana|atk|2
|
|upkeep
|turn|3
|
|t:|1631959887
|move|p2a: Kartana|Knock Off|p1a: Volcarona
|-damage|p1a: Volcarona|28/100
|-enditem|p1a: Volcarona|Heavy-Duty Boots|[from] move: Knock Off|[of] p2a: Kartana
|move|p1a: Volcarona|Quiver Dance|p1a: Volcarona
|-boost|p1a: Volcarona|spa|1
|-boost|p1a: Volcarona|spd|1
|-boost|p1a: Volcarona|spe|1
|
|upkeep
|turn|4
|
|t:|1631959894
|move|p1a: Volcarona|Flamethrower|p2a: Kartana
|-supereffective|p2a: Kartana
|-enditem|p2a: Kartana|Focus Sash
|-damage|p2a: Kartana|1/100
|move|p2a: Kartana|Knock Off|p1a: Volcarona
|-damage|p1a: Volcarona|0 fnt
|faint|p1a: Volcarona
|-ability|p2a: Kartana|Beast Boost|boost
|-boost|p2a: Kartana|atk|1
|
|upkeep
|
|t:|1631959901
|switch|p1a: Zeraora|Zeraora|100/100
|turn|5
|
|t:|1631959911
|move|p1a: Zeraora|Knock Off|p2a: Kartana
|-damage|p2a: Kartana|0 fnt
|faint|p2a: Kartana
|
|upkeep
|
|t:|1631959925
|switch|p2a: Buzzwole|Buzzwole|100/100
|turn|6
|
|t:|1631959931
|switch|p1a: Tapu Fini|Tapu Fini|100/100
|-fieldstart|move: Misty Terrain|[from] ability: Misty Surge|[of] p1a: Tapu Fini
|switch|p2a: Aegislash|Aegislash, M, shiny|100/100
|
|upkeep
|turn|7
|
|t:|1631959939
|switch|p1a: Hydreigon|Hydreigon, M|100/100
|-formechange|p2a: Aegislash|Aegislash-Blade||[from] ability: Stance Change
|move|p2a: Aegislash|Flash Cannon|p1a: Hydreigon
|-damage|p1a: Hydreigon|19/100
|-unboost|p1a: Hydreigon|spd|1
|
|-heal|p1a: Hydreigon|25/100|[from] item: Leftovers
|upkeep
|turn|8
|
|t:|1631959944
|switch|p2a: Mantine|Mantine, M|100/100
|move|p1a: Hydreigon|Dark Pulse|p2a: Mantine
|-damage|p2a: Mantine|73/100
|
|-heal|p1a: Hydreigon|31/100|[from] item: Leftovers
|upkeep
|turn|9
|
|t:|1631959949
|switch|p1a: Jirachi|Jirachi|100/100
|move|p2a: Mantine|Scald|p1a: Jirachi
|-damage|p1a: Jirachi|79/100
|
|-heal|p1a: Jirachi|86/100|[from] item: Leftovers
|upkeep
|turn|10
|
|t:|1631959954
|switch|p2a: Buzzwole|Buzzwole|100/100
|move|p1a: Jirachi|Substitute|p1a: Jirachi
|-start|p1a: Jirachi|Substitute
|-damage|p1a: Jirachi|61/100
|
|-heal|p1a: Jirachi|67/100|[from] item: Leftovers
|-fieldend|Misty Terrain
|upkeep
|turn|11
|
|t:|1631959958
|move|p1a: Jirachi|Calm Mind|p1a: Jirachi
|-boost|p1a: Jirachi|spa|1
|-boost|p1a: Jirachi|spd|1
|move|p2a: Buzzwole|Drain Punch|p1a: Jirachi
|-crit|p1a: Jirachi
|-end|p1a: Jirachi|Substitute
|
|-heal|p1a: Jirachi|73/100|[from] item: Leftovers
|upkeep
|turn|12
|
|t:|1631959960
|move|p1a: Jirachi|Psyshock|p2a: Buzzwole
|-supereffective|p2a: Buzzwole
|-damage|p2a: Buzzwole|62/100
|move|p2a: Buzzwole|Drain Punch|p1a: Jirachi
|-damage|p1a: Jirachi|47/100
|-heal|p2a: Buzzwole|74/100|[from] drain|[of] p1a: Jirachi
|
|-heal|p1a: Jirachi|53/100|[from] item: Leftovers
|upkeep
|turn|13
|
|t:|1631959968
|move|p1a: Jirachi|Psyshock|p2a: Buzzwole
|-supereffective|p2a: Buzzwole
|-damage|p2a: Buzzwole|33/100
|move|p2a: Buzzwole|Drain Punch|p1a: Jirachi
|-damage|p1a: Jirachi|22/100
|-heal|p2a: Buzzwole|48/100|[from] drain|[of] p1a: Jirachi
|
|-heal|p1a: Jirachi|28/100|[from] item: Leftovers
|upkeep
|turn|14
|
|t:|1631959977
|switch|p1a: Tapu Fini|Tapu Fini|100/100
|-fieldstart|move: Misty Terrain|[from] ability: Misty Surge|[of] p1a: Tapu Fini
|move|p2a: Buzzwole|Roost|p2a: Buzzwole
|-heal|p2a: Buzzwole|98/100
|-singleturn|p2a: Buzzwole|move: Roost
|
|upkeep
|turn|15
|
|t:|1631959983
|switch|p2a: Mantine|Mantine, M|73/100
|move|p1a: Tapu Fini|Trick|p2a: Mantine
|-activate|p1a: Tapu Fini|move: Trick|[of] p2a: Mantine
|-item|p2a: Mantine|Choice Scarf|[from] move: Trick
|-item|p1a: Tapu Fini|Heavy-Duty Boots|[from] move: Trick
|
|upkeep
|turn|16
|
|t:|1631959990
|move|p2a: Mantine|Defog|p1a: Tapu Fini
|-unboost|p1a: Tapu Fini|evasion|1
|-fieldend|Misty Terrain
|move|p1a: Tapu Fini|Nature's Madness|p2a: Mantine|[miss]
|-miss|p1a: Tapu Fini|p2a: Mantine
|
|upkeep
|turn|17
|
|t:|1631959995
|switch|p2a: Aegislash|Aegislash, M, shiny|100/100
|move|p1a: Tapu Fini|Nature's Madness|p2a: Aegislash
|-damage|p2a: Aegislash|51/100
|
|upkeep
|turn|18
|
|t:|1631960001
|move|p1a: Tapu Fini|Whirlpool|p2a: Aegislash
|-damage|p2a: Aegislash|39/100
|-activate|p2a: Aegislash|move: Whirlpool|[of] p1a: Tapu Fini
|-formechange|p2a: Aegislash|Aegislash-Blade||[from] ability: Stance Change
|move|p2a: Aegislash|Flash Cannon|p1a: Tapu Fini
|-damage|p1a: Tapu Fini|46/100
|
|-damage|p2a: Aegislash|27/100|[from] move: Whirlpool|[partiallytrapped]
|upkeep
|turn|19
|
|t:|1631960007
|move|p1a: Tapu Fini|Moonblast|p2a: Aegislash
|-resisted|p2a: Aegislash
|-crit|p2a: Aegislash
|-damage|p2a: Aegislash|0 fnt
|faint|p2a: Aegislash
|
|upkeep
|
|t:|1631960014
|switch|p2a: Gastrodon|Gastrodon, M|100/100
|turn|20
|
|t:|1631960021
|move|p1a: Tapu Fini|Nature's Madness|p2a: Gastrodon
|-damage|p2a: Gastrodon|50/100
|move|p2a: Gastrodon|Toxic|p1a: Tapu Fini
|-status|p1a: Tapu Fini|tox
|
|-heal|p2a: Gastrodon|57/100|[from] item: Leftovers
|-damage|p1a: Tapu Fini|40/100 tox|[from] psn
|upkeep
|turn|21
|
|t:|1631960033
|move|p1a: Tapu Fini|Trick|p2a: Gastrodon
|-activate|p1a: Tapu Fini|move: Trick|[of] p2a: Gastrodon
|-item|p2a: Gastrodon|Heavy-Duty Boots|[from] move: Trick
|-item|p1a: Tapu Fini|Leftovers|[from] move: Trick
|move|p2a: Gastrodon|Recover|p2a: Gastrodon
|-heal|p2a: Gastrodon|100/100
|
|-heal|p1a: Tapu Fini|46/100 tox|[from] item: Leftovers
|-damage|p1a: Tapu Fini|34/100 tox|[from] psn
|upkeep
|turn|22
|
|t:|1631960040
|switch|p1a: Landorus|Landorus-Therian, M|57/100
|-ability|p1a: Landorus|Intimidate|boost
|-unboost|p2a: Gastrodon|atk|1
|move|p2a: Gastrodon|Earth Power|p1a: Landorus
|-immune|p1a: Landorus
|
|-heal|p1a: Landorus|63/100|[from] item: Leftovers
|upkeep
|turn|23
|
|t:|1631960049
|switch|p2a: Mantine|Mantine, M|73/100
|move|p1a: Landorus|Earthquake|p2a: Mantine
|-immune|p2a: Mantine
|
|-heal|p1a: Landorus|69/100|[from] item: Leftovers
|upkeep
|turn|24
|
|t:|1631960059
|switch|p1a: Tapu Fini|Tapu Fini|34/100 tox
|-fieldstart|move: Misty Terrain|[from] ability: Misty Surge|[of] p1a: Tapu Fini
|move|p2a: Mantine|Scald|p1a: Tapu Fini
|-resisted|p1a: Tapu Fini
|-damage|p1a: Tapu Fini|25/100 tox
|
|-heal|p1a: Tapu Fini|31/100 tox|[from] item: Leftovers
|-damage|p1a: Tapu Fini|25/100 tox|[from] psn
|upkeep
|turn|25
|
|t:|1631960070
|switch|p1a: Zeraora|Zeraora|100/100
|move|p2a: Mantine|Scald|p1a: Zeraora
|-damage|p1a: Zeraora|70/100
|
|-heal|p1a: Zeraora|76/100|[from] item: Leftovers
|upkeep
|turn|26
|
|t:|1631960073
|switch|p2a: Buzzwole|Buzzwole|98/100
|move|p1a: Zeraora|Bulk Up|p1a: Zeraora
|-boost|p1a: Zeraora|atk|1
|-boost|p1a: Zeraora|def|1
|
|-heal|p1a: Zeraora|82/100|[from] item: Leftovers
|upkeep
|turn|27
|
|t:|1631960082
|move|p1a: Zeraora|Bulk Up|p1a: Zeraora
|-boost|p1a: Zeraora|atk|1
|-boost|p1a: Zeraora|def|1
|move|p2a: Buzzwole|Drain Punch|p1a: Zeraora
|-damage|p1a: Zeraora|58/100
|-heal|p2a: Buzzwole|100/100|[from] drain|[of] p1a: Zeraora
|
|-heal|p1a: Zeraora|64/100|[from] item: Leftovers
|upkeep
|turn|28
|
|t:|1631960089
|switch|p2a: Gastrodon|Gastrodon, M|100/100
|move|p1a: Zeraora|Plasma Fists|p2a: Gastrodon
|-immune|p2a: Gastrodon
|
|-heal|p1a: Zeraora|70/100|[from] item: Leftovers
|-fieldend|Misty Terrain
|upkeep
|turn|29
|inactive|zs has 270 seconds left.
|
|t:|1631960136
|switch|p1a: Landorus|Landorus-Therian, M|69/100
|-ability|p1a: Landorus|Intimidate|boost
|-unboost|p2a: Gastrodon|atk|1
|move|p2a: Gastrodon|Toxic|p1a: Landorus
|-status|p1a: Landorus|tox
|
|-heal|p1a: Landorus|75/100 tox|[from] item: Leftovers
|-damage|p1a: Landorus|69/100 tox|[from] psn
|upkeep
|turn|30
|
|t:|1631960141
|switch|p2a: Mantine|Mantine, M|73/100
|move|p1a: Landorus|Stealth Rock|p2a: Mantine
|-sidestart|p2: gaijineagle|move: Stealth Rock
|
|-heal|p1a: Landorus|75/100 tox|[from] item: Leftovers
|-damage|p1a: Landorus|63/100 tox|[from] psn
|upkeep
|turn|31
|
|t:|1631960144
|move|p2a: Mantine|Scald|p1a: Landorus
|-supereffective|p1a: Landorus
|-damage|p1a: Landorus|14/100 tox
|move|p1a: Landorus|U-turn|p2a: Mantine
|-resisted|p2a: Mantine
|-damage|p2a: Mantine|64/100
|
|t:|1631960147
|switch|p1a: Zeraora|Zeraora|70/100|[from]move: U-turn
|
|-heal|p1a: Zeraora|76/100|[from] item: Leftovers
|upkeep
|turn|32
|
|t:|1631960151
|switch|p2a: Gastrodon|Gastrodon, M|100/100
|move|p1a: Zeraora|Plasma Fists|p2a: Gastrodon
|-immune|p2a: Gastrodon
|
|-heal|p1a: Zeraora|82/100|[from] item: Leftovers
|upkeep
|turn|33
|
|t:|1631960155
|switch|p1a: Tapu Fini|Tapu Fini|25/100 tox
|-fieldstart|move: Misty Terrain|[from] ability: Misty Surge|[of] p1a: Tapu Fini
|move|p2a: Gastrodon|Toxic|p1a: Tapu Fini
|-fail|p1a: Tapu Fini|tox
|
|-heal|p1a: Tapu Fini|31/100 tox|[from] item: Leftovers
|-damage|p1a: Tapu Fini|25/100 tox|[from] psn
|upkeep
|turn|34
|
|t:|1631960159
|move|p1a: Tapu Fini|Moonblast|p2a: Gastrodon
|-damage|p2a: Gastrodon|79/100
|-unboost|p2a: Gastrodon|spa|1
|move|p2a: Gastrodon|Earth Power|p1a: Tapu Fini
|-damage|p1a: Tapu Fini|8/100 tox
|
|-heal|p1a: Tapu Fini|14/100 tox|[from] item: Leftovers
|-damage|p1a: Tapu Fini|2/100 tox|[from] psn
|upkeep
|turn|35
|
|t:|1631960166
|move|p1a: Tapu Fini|Nature's Madness|p2a: Gastrodon
|-damage|p2a: Gastrodon|40/100
|move|p2a: Gastrodon|Recover|p2a: Gastrodon
|-heal|p2a: Gastrodon|90/100
|
|-heal|p1a: Tapu Fini|8/100 tox|[from] item: Leftovers
|-damage|p1a: Tapu Fini|0 fnt|[from] psn
|faint|p1a: Tapu Fini
|upkeep
|
|t:|1631960172
|switch|p1a: Landorus|Landorus-Therian, M|14/100 tox
|-ability|p1a: Landorus|Intimidate|boost
|-unboost|p2a: Gastrodon|atk|1
|turn|36
|
|t:|1631960177
|switch|p2a: Mantine|Mantine, M|64/100
|-damage|p2a: Mantine|39/100|[from] Stealth Rock
|move|p1a: Landorus|U-turn|p2a: Mantine
|-resisted|p2a: Mantine
|-damage|p2a: Mantine|30/100
|
|t:|1631960179
|switch|p1a: Zeraora|Zeraora|82/100|[from]move: U-turn
|
|-heal|p1a: Zeraora|88/100|[from] item: Leftovers
|upkeep
|turn|37
|
|t:|1631960182
|switch|p2a: Gastrodon|Gastrodon, M|90/100
|move|p1a: Zeraora|Bulk Up|p1a: Zeraora
|-boost|p1a: Zeraora|atk|1
|-boost|p1a: Zeraora|def|1
|
|-heal|p1a: Zeraora|94/100|[from] item: Leftovers
|-fieldend|Misty Terrain
|upkeep
|turn|38
|
|t:|1631960191
|move|p1a: Zeraora|Knock Off|p2a: Gastrodon
|-damage|p2a: Gastrodon|43/100
|-enditem|p2a: Gastrodon|Heavy-Duty Boots|[from] move: Knock Off|[of] p1a: Zeraora
|move|p2a: Gastrodon|Earth Power|p1a: Zeraora
|-supereffective|p1a: Zeraora
|-damage|p1a: Zeraora|25/100
|
|-heal|p1a: Zeraora|31/100|[from] item: Leftovers
|upkeep
|turn|39
|
|t:|1631960196
|move|p1a: Zeraora|Close Combat|p2a: Gastrodon
|-damage|p2a: Gastrodon|0 fnt
|-unboost|p1a: Zeraora|def|1
|-unboost|p1a: Zeraora|spd|1
|faint|p2a: Gastrodon
|
|-heal|p1a: Zeraora|37/100|[from] item: Leftovers
|upkeep
|
|t:|1631960199
|switch|p2a: Buzzwole|Buzzwole|100/100
|-damage|p2a: Buzzwole|88/100|[from] Stealth Rock
|turn|40
|
|t:|1631960204
|switch|p1a: Landorus|Landorus-Therian, M|14/100 tox
|-ability|p1a: Landorus|Intimidate|boost
|-unboost|p2a: Buzzwole|atk|1
|move|p2a: Buzzwole|Drain Punch|p1a: Landorus
|-resisted|p1a: Landorus
|-damage|p1a: Landorus|6/100 tox
|-heal|p2a: Buzzwole|92/100|[from] drain|[of] p1a: Landorus
|
|-heal|p1a: Landorus|12/100 tox|[from] item: Leftovers
|-damage|p1a: Landorus|6/100 tox|[from] psn
|upkeep
|turn|41
|
|t:|1631960216
|switch|p2a: Mantine|Mantine, M|30/100
|-damage|p2a: Mantine|5/100|[from] Stealth Rock
|move|p1a: Landorus|Knock Off|p2a: Mantine
|-damage|p2a: Mantine|0 fnt
|-enditem|p2a: Mantine|Choice Scarf|[from] move: Knock Off|[of] p1a: Landorus
|faint|p2a: Mantine
|
|-heal|p1a: Landorus|12/100 tox|[from] item: Leftovers
|-damage|p1a: Landorus|0 fnt|[from] psn
|faint|p1a: Landorus
|upkeep
|
|t:|1631960231
|switch|p1a: Hydreigon|Hydreigon, M|31/100
|switch|p2a: Buzzwole|Buzzwole|92/100
|-damage|p2a: Buzzwole|79/100|[from] Stealth Rock
|turn|42
|
|t:|1631960236
|move|p1a: Hydreigon|Dark Pulse|p2a: Buzzwole
|-resisted|p2a: Buzzwole
|-damage|p2a: Buzzwole|51/100
|move|p2a: Buzzwole|Drain Punch|p1a: Hydreigon
|-supereffective|p1a: Hydreigon
|-damage|p1a: Hydreigon|0 fnt
|-heal|p2a: Buzzwole|63/100|[from] drain|[of] p1a: Hydreigon
|faint|p1a: Hydreigon
|-ability|p2a: Buzzwole|Beast Boost|boost
|-boost|p2a: Buzzwole|def|1
|
|upkeep
|
|t:|1631960246
|switch|p1a: Jirachi|Jirachi|28/100
|turn|43
|
|t:|1631960248
|move|p1a: Jirachi|Psyshock|p2a: Buzzwole
|-supereffective|p2a: Buzzwole
|-crit|p2a: Buzzwole
|-damage|p2a: Buzzwole|19/100
|move|p2a: Buzzwole|Drain Punch|p1a: Jirachi
|-damage|p1a: Jirachi|0 fnt
|-heal|p2a: Buzzwole|32/100|[from] drain|[of] p1a: Jirachi
|faint|p1a: Jirachi
|-ability|p2a: Buzzwole|Beast Boost|boost
|-boost|p2a: Buzzwole|def|1
|
|upkeep
|
|t:|1631960251
|switch|p1a: Zeraora|Zeraora|37/100
|turn|44
|
|t:|1631960254
|move|p1a: Zeraora|Bulk Up|p1a: Zeraora
|-boost|p1a: Zeraora|atk|1
|-boost|p1a: Zeraora|def|1
|move|p2a: Buzzwole|Roost|p2a: Buzzwole
|-heal|p2a: Buzzwole|82/100
|-singleturn|p2a: Buzzwole|move: Roost
|
|-heal|p1a: Zeraora|43/100|[from] item: Leftovers
|upkeep
|turn|45
|
|t:|1631960257
|move|p1a: Zeraora|Bulk Up|p1a: Zeraora
|-boost|p1a: Zeraora|atk|1
|-boost|p1a: Zeraora|def|1
|move|p2a: Buzzwole|Drain Punch|p1a: Zeraora
|-damage|p1a: Zeraora|19/100
|-heal|p2a: Buzzwole|91/100|[from] drain|[of] p1a: Zeraora
|
|-heal|p1a: Zeraora|25/100|[from] item: Leftovers
|upkeep
|turn|46
|
|t:|1631960261
|move|p1a: Zeraora|Plasma Fists|p2a: Buzzwole
|-damage|p2a: Buzzwole|68/100
|-damage|p1a: Zeraora|9/100|[from] item: Rocky Helmet|[of] p2a: Buzzwole
|move|p2a: Buzzwole|Toxic|p1a: Zeraora|[miss]
|-miss|p2a: Buzzwole|p1a: Zeraora
|
|-heal|p1a: Zeraora|15/100|[from] item: Leftovers
|upkeep
|turn|47
|
|t:|1631960270
|move|p1a: Zeraora|Bulk Up|p1a: Zeraora
|-boost|p1a: Zeraora|atk|1
|-boost|p1a: Zeraora|def|1
|move|p2a: Buzzwole|Roost|p2a: Buzzwole
|-heal|p2a: Buzzwole|100/100
|-singleturn|p2a: Buzzwole|move: Roost
|
|-heal|p1a: Zeraora|21/100|[from] item: Leftovers
|upkeep
|turn|48
|
|t:|1631960277
|move|p1a: Zeraora|Bulk Up|p1a: Zeraora
|-boost|p1a: Zeraora|atk|1
|-boost|p1a: Zeraora|def|1
|move|p2a: Buzzwole|Toxic|p1a: Zeraora
|-status|p1a: Zeraora|tox
|
|-heal|p1a: Zeraora|27/100 tox|[from] item: Leftovers
|-damage|p1a: Zeraora|21/100 tox|[from] psn
|upkeep
|turn|49
|
|t:|1631960280
|move|p1a: Zeraora|Plasma Fists|p2a: Buzzwole
|-damage|p2a: Buzzwole|64/100
|-damage|p1a: Zeraora|5/100 tox|[from] item: Rocky Helmet|[of] p2a: Buzzwole
|move|p2a: Buzzwole|Roost|p2a: Buzzwole
|-heal|p2a: Buzzwole|100/100
|-singleturn|p2a: Buzzwole|move: Roost
|
|-heal|p1a: Zeraora|11/100 tox|[from] item: Leftovers
|-damage|p1a: Zeraora|0 fnt|[from] psn
|faint|p1a: Zeraora
|
|win|gaijineagle
|upkeep
|c|☆gaijineagle|gg
