|inactive|Battle timer is ON: inactive players will automatically lose when time's up.
|t:|1622383349
|gametype|singles
|player|p1|Empo|#empo|
|player|p2|Redemption|#wcop2021france|
|teamsize|p1|6
|teamsize|p2|6
|gen|8
|tier|[Gen 8] OU
|rule|Sleep Clause Mod: Limit one foe put to sleep
|rule|Species Clause: Limit one of each Pokémon
|rule|OHKO Clause: OHKO moves are banned
|rule|Evasion Moves Clause: Evasion moves are banned
|rule|Endless Battle Clause: Forcing endless battles is banned
|rule|HP Percentage Mod: HP is shown in percentages
|rule|Dynamax Clause: You cannot dynamax
|clearpoke
|poke|p1|Tapu Koko|
|poke|p1|Victini|
|poke|p1|Urshifu-*, F|
|poke|p1|Blissey, F|
|poke|p1|Landorus-Therian, M|
|poke|p1|Ferrothorn, M|
|poke|p2|Weavile, F|
|poke|p2|Dragonite, M|
|poke|p2|Tapu Lele|
|poke|p2|Landorus-Therian, M|
|poke|p2|Kartana|
|poke|p2|Magnezone|
|teampreview
|c|+HMNiP|<3
|c|☆Empo|hf
|c|+Niko|<3
|raw|<div class="broadcast-red"><strong>Moderated chat was set to ☆!</strong><br />Only users of rank ☆ and higher can talk.</div>
|c|☆Redemption|hf !
|inactive|Empo has 270 seconds left.
|inactive|Redemption has 270 seconds left.
|inactive|Empo has 240 seconds left.
|inactive|Redemption has 240 seconds left.
|inactive|Empo has 210 seconds left.
|inactive|Redemption has 210 seconds left.
|inactive|Empo has 180 seconds left.
|
|t:|1622383477
|start
|switch|p1a: Networking|Victini|100/100
|switch|p2a: Kartana|Kartana|100/100
|turn|1
|inactive|Empo has 240 seconds left.
|inactive|Redemption has 240 seconds left.
|inactive|Empo has 210 seconds left.
|inactive|Redemption has 210 seconds left.
|inactive|Empo has 180 seconds left.
|
|t:|1622383547
|switch|p2a: Landorus|Landorus-Therian, M|100/100
|-ability|p2a: Landorus|Intimidate|boost
|-unboost|p1a: Networking|atk|1
|switch|p1a: Brand New World|Landorus-Therian, M|100/100
|-ability|p1a: Brand New World|Intimidate|boost
|-unboost|p2a: Landorus|atk|1
|
|upkeep
|turn|2
|
|t:|1622383566
|move|p1a: Brand New World|Toxic|p2a: Landorus|[miss]
|-miss|p1a: Brand New World|p2a: Landorus
|move|p2a: Landorus|Stealth Rock|p1a: Brand New World
|-sidestart|p1: Empo|move: Stealth Rock
|
|upkeep
|turn|3
|inactive|Empo has 180 seconds left.
|inactive|Redemption has 180 seconds left.
|inactive|Empo has 150 seconds left.
|
|t:|1622383621
|move|p1a: Brand New World|Toxic|p2a: Landorus
|-status|p2a: Landorus|tox
|move|p2a: Landorus|U-turn|p1a: Brand New World
|-resisted|p1a: Brand New World
|-damage|p1a: Brand New World|94/100
|-damage|p2a: Landorus|84/100 tox|[from] item: Rocky Helmet|[of] p1a: Brand New World
|inactive|Redemption has 150 seconds left.
|
|t:|1622383649
|switch|p2a: Tapu Lele|Tapu Lele|100/100|[from]move: U-turn
|-fieldstart|move: Psychic Terrain|[from] ability: Psychic Surge|[of] p2a: Tapu Lele
|
|upkeep
|turn|4
|inactive|Empo has 150 seconds left.
|inactive|Empo has 120 seconds left.
|
|t:|1622383692
|switch|p1a: ALPHA|Ferrothorn, M|100/100
|-damage|p1a: ALPHA|94/100|[from] Stealth Rock
|move|p2a: Tapu Lele|Psychic|p1a: ALPHA
|-resisted|p1a: ALPHA
|-damage|p1a: ALPHA|70/100
|
|upkeep
|turn|5
|inactive|Empo has 120 seconds left.
|inactive|Redemption has 150 seconds left.
|
|t:|1622383731
|switch|p1a: Networking|Victini|100/100
|move|p2a: Tapu Lele|Psychic|p1a: Networking
|-resisted|p1a: Networking
|-damage|p1a: Networking|69/100
|-unboost|p1a: Networking|spd|1
|
|upkeep
|turn|6
|inactive|Empo has 120 seconds left.
|inactive|Redemption has 120 seconds left.
|inactive|Redemption has 90 seconds left.
|
|t:|1622383785
|switch|p2a: Landorus|Landorus-Therian, M|84/100 tox
|-ability|p2a: Landorus|Intimidate|boost
|-unboost|p1a: Networking|atk|1
|move|p1a: Networking|V-create|p2a: Landorus
|-damage|p2a: Landorus|47/100 tox
|-unboost|p1a: Networking|spe|1
|-unboost|p1a: Networking|def|1
|-unboost|p1a: Networking|spd|1
|
|-heal|p2a: Landorus|53/100 tox|[from] item: Leftovers
|-damage|p2a: Landorus|47/100 tox|[from] psn
|upkeep
|turn|7
|inactive|Empo has 120 seconds left.
|inactive|Redemption has 90 seconds left.
|inactive|Empo has 90 seconds left.
|
|t:|1622383828
|switch|p1a: ALPHA|Ferrothorn, M|70/100
|-damage|p1a: ALPHA|64/100|[from] Stealth Rock
|move|p2a: Landorus|U-turn|p1a: ALPHA
|-damage|p1a: ALPHA|49/100
|-damage|p2a: Landorus|35/100 tox|[from] ability: Iron Barbs|[of] p1a: ALPHA
|-damage|p2a: Landorus|18/100 tox|[from] item: Rocky Helmet|[of] p1a: ALPHA
|inactive|Redemption has 60 seconds left.
|
|t:|1622383844
|switch|p2a: Magnezone|Magnezone|100/100|[from]move: U-turn
|
|-fieldend|move: Psychic Terrain
|upkeep
|turn|8
|inactive|Redemption has 60 seconds left.
|
|t:|1622383859
|move|p2a: Magnezone|Iron Defense|p2a: Magnezone
|-boost|p2a: Magnezone|def|2
|move|p1a: ALPHA|Spikes|p2a: Magnezone
|-sidestart|p2: Redemption|Spikes
|
|upkeep
|turn|9
|inactive|Redemption has 60 seconds left.
|inactive|Empo has 90 seconds left.
|inactive|Redemption has 30 seconds left.
|
|t:|1622383897
|move|p2a: Magnezone|Iron Defense|p2a: Magnezone
|-boost|p2a: Magnezone|def|2
|move|p1a: ALPHA|Body Press|p2a: Magnezone
|-supereffective|p2a: Magnezone
|-crit|p2a: Magnezone
|-enditem|p2a: Magnezone|Chople Berry|[eat]
|-enditem|p2a: Magnezone|Chople Berry|[weaken]
|-damage|p2a: Magnezone|66/100
|
|upkeep
|turn|10
|
|t:|1622383904
|move|p2a: Magnezone|Body Press|p1a: ALPHA
|-supereffective|p1a: ALPHA
|-damage|p1a: ALPHA|0 fnt
|-damage|p2a: Magnezone|53/100|[from] ability: Iron Barbs|[of] p1a: ALPHA
|-damage|p2a: Magnezone|37/100|[from] item: Rocky Helmet|[of] p1a: ALPHA
|faint|p1a: ALPHA
|
|upkeep
|inactive|Empo has 60 seconds left.
|
|t:|1622383964
|switch|p1a: Networking|Victini|69/100
|turn|11
|
|t:|1622383972
|move|p1a: Networking|V-create|p2a: Magnezone
|-supereffective|p2a: Magnezone
|-damage|p2a: Magnezone|0 fnt
|-unboost|p1a: Networking|spe|1
|-unboost|p1a: Networking|def|1
|-unboost|p1a: Networking|spd|1
|faint|p2a: Magnezone
|
|upkeep
|
|t:|1622383988
|switch|p2a: Dragonite|Dragonite, M|100/100
|turn|12
|inactive|Redemption has 30 seconds left.
|inactive|Redemption has 20 seconds left.
|
|t:|1622384018
|switch|p2a: Weavile|Weavile, F|100/100
|-ability|p2a: Weavile|Pressure
|switch|p1a: Brand New World|Landorus-Therian, M|94/100
|-damage|p1a: Brand New World|82/100|[from] Stealth Rock
|-ability|p1a: Brand New World|Intimidate|boost
|-unboost|p2a: Weavile|atk|1
|
|upkeep
|turn|13
|inactive|Redemption has 30 seconds left this turn.
|inactive|Redemption has 20 seconds left.
|
|t:|1622384031
|move|p2a: Weavile|Knock Off|p1a: Brand New World
|-damage|p1a: Brand New World|54/100
|-damage|p2a: Weavile|84/100|[from] item: Rocky Helmet|[of] p1a: Brand New World
|-enditem|p1a: Brand New World|Rocky Helmet|[from] move: Knock Off|[of] p2a: Weavile
|move|p1a: Brand New World|U-turn|p2a: Weavile
|-supereffective|p2a: Weavile
|-damage|p2a: Weavile|4/100
|inactive|Redemption has 25 seconds left this turn.
|inactive|Empo has 30 seconds left.
|
|t:|1622384049
|switch|p1a: SHINING PIRATES|Tapu Koko|100/100|[from]move: U-turn
|-fieldstart|move: Electric Terrain|[from] ability: Electric Surge|[of] p1a: SHINING PIRATES
|
|upkeep
|turn|14
|inactive|Redemption has 30 seconds left.
|inactive|Redemption has 20 seconds left.
|
|t:|1622384069
|switch|p2a: Landorus|Landorus-Therian, M|18/100 tox
|-ability|p2a: Landorus|Intimidate|boost
|-unboost|p1a: SHINING PIRATES|atk|1
|move|p1a: SHINING PIRATES|Dazzling Gleam|p2a: Landorus
|-damage|p2a: Landorus|0 fnt
|faint|p2a: Landorus
|
|upkeep
|inactive|Redemption has 25 seconds left this turn.
|inactive|Redemption has 20 seconds left.
|
|t:|1622384078
|switch|p2a: Tapu Lele|Tapu Lele|100/100
|-damage|p2a: Tapu Lele|88/100|[from] Spikes
|-fieldstart|move: Psychic Terrain|[from] ability: Psychic Surge|[of] p2a: Tapu Lele
|turn|15
|inactive|Redemption has 30 seconds left this turn.
|
|t:|1622384081
|switch|p1a: Nagola|Blissey, F|100/100
|move|p2a: Tapu Lele|Psychic|p1a: Nagola
|-crit|p1a: Nagola
|-damage|p1a: Nagola|65/100
|
|upkeep
|turn|16
|inactive|Empo has 30 seconds left.
|
|t:|1622384114
|move|p2a: Tapu Lele|Taunt|p1a: Nagola
|-start|p1a: Nagola|move: Taunt
|cant|p1a: Nagola|move: Taunt|Thunder Wave
|
|upkeep
|turn|17
|inactive|Empo has 30 seconds left.
|inactive|Redemption has 30 seconds left.
|
|t:|1622384130
|move|p2a: Tapu Lele|Psychic|p1a: Nagola
|-damage|p1a: Nagola|42/100
|move|p1a: Nagola|Seismic Toss|p2a: Tapu Lele
|-damage|p2a: Tapu Lele|52/100
|
|upkeep
|turn|18
|inactive|Empo has 30 seconds left.
|inactive|Redemption has 30 seconds left.
|inactive|Empo has 20 seconds left.
|
|t:|1622384146
|move|p2a: Tapu Lele|Psychic|p1a: Nagola
|-damage|p1a: Nagola|20/100
|move|p1a: Nagola|Seismic Toss|p2a: Tapu Lele
|-damage|p2a: Tapu Lele|17/100
|
|-end|p1a: Nagola|move: Taunt
|upkeep
|turn|19
|inactive|Empo has 30 seconds left this turn.
|
|t:|1622384153
|move|p2a: Tapu Lele|Psychic|p1a: Nagola
|-damage|p1a: Nagola|0 fnt
|faint|p1a: Nagola
|
|-fieldend|move: Psychic Terrain
|upkeep
|inactive|Empo has 30 seconds left this turn.
|
|t:|1622384162
|switch|p1a: SHINING PIRATES|Tapu Koko|100/100
|-fieldstart|move: Electric Terrain|[from] ability: Electric Surge|[of] p1a: SHINING PIRATES
|turn|20
|inactive|Empo has 30 seconds left.
|
|t:|1622384173
|move|p1a: SHINING PIRATES|Thunderbolt|p2a: Tapu Lele
|-damage|p2a: Tapu Lele|0 fnt
|faint|p2a: Tapu Lele
|
|upkeep
|
|t:|1622384189
|switch|p2a: Weavile|Weavile, F|4/100
|-ability|p2a: Weavile|Pressure
|turn|21
|
|t:|1622384197
|switch|p1a: Sayuze(CEO of $S*X|Urshifu-Rapid-Strike, F|100/100
|-damage|p1a: Sayuze(CEO of $S*X|94/100|[from] Stealth Rock
|move|p2a: Weavile|Ice Shard|p1a: Sayuze(CEO of $S*X
|-resisted|p1a: Sayuze(CEO of $S*X
|-damage|p1a: Sayuze(CEO of $S*X|85/100
|
|upkeep
|turn|22
|inactive|Redemption has 30 seconds left.
|
|t:|1622384219
|move|p2a: Weavile|Knock Off|p1a: Sayuze(CEO of $S*X
|-resisted|p1a: Sayuze(CEO of $S*X
|-damage|p1a: Sayuze(CEO of $S*X|60/100
|-enditem|p1a: Sayuze(CEO of $S*X|Protective Pads|[from] move: Knock Off|[of] p2a: Weavile
|move|p1a: Sayuze(CEO of $S*X|U-turn|p2a: Weavile
|-supereffective|p2a: Weavile
|-damage|p2a: Weavile|0 fnt
|faint|p2a: Weavile
|
|t:|1622384224
|switch|p1a: SHINING PIRATES|Tapu Koko|100/100|[from]move: U-turn
|
|upkeep
|inactive|Redemption has 30 seconds left.
|inactive|Redemption has 20 seconds left.
|inactive|Redemption has 15 seconds left.
|inactive|Redemption has 10 seconds left.
|
|t:|1622384258
|switch|p2a: Dragonite|Dragonite, M|100/100
|turn|23
|inactive|Redemption has 20 seconds left this turn.
|inactive|Redemption has 15 seconds left.
|inactive|Empo has 60 seconds left.
|
|t:|1622384279
|move|p1a: SHINING PIRATES|U-turn|p2a: Dragonite
|-resisted|p2a: Dragonite
|-damage|p2a: Dragonite|96/100
|inactive|Redemption has 20 seconds left this turn.
|
|t:|1622384282
|switch|p1a: Brand New World|Landorus-Therian, M|54/100|[from]move: U-turn
|-damage|p1a: Brand New World|42/100|[from] Stealth Rock
|-ability|p1a: Brand New World|Intimidate|boost
|-unboost|p2a: Dragonite|atk|1
|move|p2a: Dragonite|Dragon Dance|p2a: Dragonite
|-boost|p2a: Dragonite|atk|1
|-boost|p2a: Dragonite|spe|1
|
|upkeep
|turn|24
|inactive|Redemption has 30 seconds left this turn.
|inactive|Redemption has 20 seconds left.
|inactive|Redemption has 15 seconds left.
|inactive|Redemption has 10 seconds left.
|
|t:|1622384305
|move|p2a: Dragonite|Dual Wingbeat|p1a: Brand New World
|-crit|p1a: Brand New World
|-damage|p1a: Brand New World|16/100
|-damage|p1a: Brand New World|0 fnt
|faint|p1a: Brand New World
|-hitcount|p1: Brand New World|2
|
|-fieldend|move: Electric Terrain
|upkeep
|inactive|Redemption has 15 seconds left this turn.
|inactive|Empo has 60 seconds left.
|inactive|Empo has 30 seconds left.
|
|t:|1622384354
|switch|p1a: SHINING PIRATES|Tapu Koko|100/100
|-fieldstart|move: Electric Terrain|[from] ability: Electric Surge|[of] p1a: SHINING PIRATES
|turn|25
|inactive|Redemption has 25 seconds left this turn.
|inactive|Redemption has 20 seconds left.
|inactive|Empo has 30 seconds left.
|inactive|Redemption has 15 seconds left.
|
|t:|1622384372
|move|p2a: Dragonite|Earthquake|p1a: SHINING PIRATES
|-supereffective|p1a: SHINING PIRATES
|-damage|p1a: SHINING PIRATES|1/100
|move|p1a: SHINING PIRATES|Thunderbolt|p2a: Dragonite
|-damage|p2a: Dragonite|46/100
|
|upkeep
|turn|26
|inactive|Redemption has 25 seconds left this turn.
|inactive|Empo has 30 seconds left.
|inactive|Redemption has 20 seconds left.
|
|t:|1622384380
|move|p2a: Dragonite|Earthquake|p1a: SHINING PIRATES
|-supereffective|p1a: SHINING PIRATES
|-damage|p1a: SHINING PIRATES|0 fnt
|faint|p1a: SHINING PIRATES
|
|upkeep
|inactive|Redemption has 25 seconds left this turn.
|inactive|Empo has 30 seconds left.
|
|t:|1622384385
|switch|p1a: Sayuze(CEO of $S*X|Urshifu-Rapid-Strike, F|60/100
|-damage|p1a: Sayuze(CEO of $S*X|54/100|[from] Stealth Rock
|turn|27
|
|t:|1622384389
|move|p2a: Dragonite|Dual Wingbeat|p1a: Sayuze(CEO of $S*X
|-supereffective|p1a: Sayuze(CEO of $S*X
|-damage|p1a: Sayuze(CEO of $S*X|8/100
|-supereffective|p1a: Sayuze(CEO of $S*X
|-damage|p1a: Sayuze(CEO of $S*X|0 fnt
|faint|p1a: Sayuze(CEO of $S*X
|-hitcount|p1: Sayuze(CEO of $S*X|2
|
|upkeep
|c|☆Empo|gg
|-message|Empo forfeited.
|
|win|Redemption
|c|☆Redemption|gg
