|inactive|Battle timer is ON: inactive players will automatically lose when time's up.
|t:|1651609603
|gametype|singles
|player|p1|LudwigFrog|hilbert-wonderlauncher|
|player|p2|yovan33321|harlequin|
|teamsize|p1|6
|teamsize|p2|6
|gen|8
|tier|[Gen 8] OU
|rule|Sleep Clause Mod: Limit one foe put to sleep
|rule|Species Clause: Limit one of each Pokémon
|rule|OHKO Clause: OHKO moves are banned
|rule|Evasion Moves Clause: Evasion moves are banned
|rule|Endless Battle Clause: Forcing endless battles is banned
|rule|HP Percentage Mod: HP is shown in percentages
|rule|Dynamax Clause: You cannot dynamax
|clearpoke
|poke|p1|Weavile, M|
|poke|p1|Volcanion|
|poke|p1|Landorus-Therian, M|
|poke|p1|Kartana|
|poke|p1|Zapdos|
|poke|p1|Melmetal|
|poke|p2|Tapu Koko|
|poke|p2|Garchomp, F|
|poke|p2|Corviknight, F|
|poke|p2|Toxapex, F|
|poke|p2|Obstagoon, M|
|poke|p2|Mew|
|teampreview
|inactive|LudwigFrog also wants the timer to be on.
|c|☆LudwigFrog|hf
|inactive|LudwigFrog has 270 seconds left.
|inactive|LudwigFrog has 240 seconds left.
|
|t:|1651609666
|start
|switch|p1a: Melmetal|Melmetal|100/100
|switch|p2a: Obstagoon|Obstagoon, M|100/100
|turn|1
|
|t:|1651609672
|switch|p2a: Toxapex|Toxapex, F|100/100
|move|p1a: Melmetal|Earthquake|p2a: Toxapex
|-supereffective|p2a: Toxapex
|-damage|p2a: Toxapex|56/100
|
|upkeep
|turn|2
|
|t:|1651609679
|move|p1a: Melmetal|Earthquake|p2a: Toxapex
|-supereffective|p2a: Toxapex
|-damage|p2a: Toxapex|12/100
|move|p2a: Toxapex|Toxic Spikes|p1a: Melmetal
|-sidestart|p1: LudwigFrog|move: Toxic Spikes
|
|upkeep
|turn|3
|
|t:|1651609685
|switch|p1a: Zapdos|Zapdos|100/100
|switch|p2a: Corviknight|Corviknight, F|100/100
|-ability|p2a: Corviknight|Pressure
|
|upkeep
|turn|4
|
|t:|1651609689
|move|p1a: Zapdos|Volt Switch|p2a: Corviknight
|-supereffective|p2a: Corviknight
|-damage|p2a: Corviknight|57/100
|
|t:|1651609691
|switch|p1a: Melmetal|Melmetal|100/100|[from]move: Volt Switch
|move|p2a: Corviknight|U-turn|p1a: Melmetal
|-resisted|p1a: Melmetal
|-damage|p1a: Melmetal|97/100
|
|t:|1651609694
|switch|p2a: Toxapex|Toxapex, F|46/100|[from]move: U-turn
|
|upkeep
|turn|5
|
|t:|1651609696
|switch|p2a: Corviknight|Corviknight, F|57/100
|-ability|p2a: Corviknight|Pressure
|move|p1a: Melmetal|Thunder Punch|p2a: Corviknight
|-supereffective|p2a: Corviknight
|-crit|p2a: Corviknight
|-damage|p2a: Corviknight|0 fnt
|faint|p2a: Corviknight
|
|upkeep
|
|t:|1651609708
|switch|p2a: Tapu Koko|Tapu Koko|100/100
|-fieldstart|move: Electric Terrain|[from] ability: Electric Surge|[of] p2a: Tapu Koko
|turn|6
|
|t:|1651609714
|move|p2a: Tapu Koko|U-turn|p1a: Melmetal
|-resisted|p1a: Melmetal
|-damage|p1a: Melmetal|92/100
|
|t:|1651609720
|switch|p2a: Mew|Mew|100/100|[from]move: U-turn
|move|p1a: Melmetal|Earthquake|p2a: Mew
|-damage|p2a: Mew|59/100
|
|upkeep
|turn|7
|
|t:|1651609724
|move|p2a: Mew|Flamethrower|p1a: Melmetal
|-supereffective|p1a: Melmetal
|-damage|p1a: Melmetal|49/100
|-damage|p2a: Mew|49/100|[from] item: Life Orb
|move|p1a: Melmetal|Double Iron Bash|p2a: Mew
|-damage|p2a: Mew|3/100
|-damage|p2a: Mew|0 fnt
|faint|p2a: Mew
|-hitcount|p2: Mew|2
|
|upkeep
|
|t:|1651609729
|switch|p2a: Garchomp|Garchomp, F|100/100
|turn|8
|
|t:|1651609732
|switch|p1a: Zapdos|Zapdos|100/100
|move|p2a: Garchomp|Stealth Rock|p1a: Zapdos
|-sidestart|p1: LudwigFrog|move: Stealth Rock
|
|upkeep
|turn|9
|
|t:|1651609736
|move|p2a: Garchomp|Swords Dance|p2a: Garchomp
|-boost|p2a: Garchomp|atk|2
|move|p1a: Zapdos|Defog|p2a: Garchomp
|-unboost|p2a: Garchomp|evasion|1
|-sideend|p1: LudwigFrog|Toxic Spikes|[from] move: Defog|[of] p1a: Zapdos
|-sideend|p1: LudwigFrog|Stealth Rock|[from] move: Defog|[of] p1a: Zapdos
|-fieldend|move: Electric Terrain
|
|upkeep
|turn|10
|
|t:|1651609739
|move|p2a: Garchomp|Scale Shot|p1a: Zapdos
|-damage|p1a: Zapdos|79/100
|-damage|p1a: Zapdos|58/100
|-hitcount|p1a: Zapdos|2
|-unboost|p2a: Garchomp|def|1
|-boost|p2a: Garchomp|spe|1
|move|p1a: Zapdos|Hurricane|p2a: Garchomp
|-damage|p2a: Garchomp|48/100
|-start|p2a: Garchomp|confusion
|-enditem|p2a: Garchomp|Lum Berry|[eat]
|-end|p2a: Garchomp|confusion
|
|upkeep
|turn|11
|
|t:|1651609750
|move|p2a: Garchomp|Scale Shot|p1a: Zapdos
|-damage|p1a: Zapdos|37/100
|-damage|p1a: Zapdos|15/100
|-damage|p1a: Zapdos|0 fnt
|faint|p1a: Zapdos
|-hitcount|p1: Zapdos|3
|-unboost|p2a: Garchomp|def|1
|-boost|p2a: Garchomp|spe|1
|
|upkeep
|
|t:|1651609752
|switch|p1a: Weavile|Weavile, M|100/100
|-ability|p1a: Weavile|Pressure
|turn|12
|
|t:|1651609758
|switch|p2a: Toxapex|Toxapex, F|79/100
|switch|p1a: Landorus|Landorus-Therian, M|100/100
|-ability|p1a: Landorus|Intimidate|boost
|-unboost|p2a: Toxapex|atk|1
|
|upkeep
|turn|13
|
|t:|1651609764
|switch|p2a: Obstagoon|Obstagoon, M|100/100
|move|p1a: Landorus|Earthquake|p2a: Obstagoon
|-damage|p2a: Obstagoon|54/100
|
|upkeep
|turn|14
|
|t:|1651609766
|move|p2a: Obstagoon|Ice Punch|p1a: Landorus
|-supereffective|p1a: Landorus
|-crit|p1a: Landorus
|-damage|p1a: Landorus|0 fnt
|faint|p1a: Landorus
|
|upkeep
|
|t:|1651609768
|switch|p1a: Kartana|Kartana|100/100
|turn|15
|
|t:|1651609776
|switch|p2a: Toxapex|Toxapex, F|100/100
|move|p1a: Kartana|Leaf Blade|p2a: Toxapex
|-damage|p2a: Toxapex|67/100
|-damage|p1a: Kartana|84/100|[from] item: Rocky Helmet|[of] p2a: Toxapex
|
|upkeep
|turn|16
|
|t:|1651609780
|switch|p1a: Volcanion|Volcanion|100/100
|move|p2a: Toxapex|Recover|p2a: Toxapex
|-heal|p2a: Toxapex|100/100
|
|upkeep
|turn|17
|
|t:|1651609783
|move|p1a: Volcanion|Earth Power|p2a: Toxapex
|-supereffective|p2a: Toxapex
|-damage|p2a: Toxapex|22/100
|move|p2a: Toxapex|Toxic Spikes|p1a: Volcanion
|-sidestart|p1: LudwigFrog|move: Toxic Spikes
|
|upkeep
|turn|18
|
|t:|1651609792
|switch|p1a: Kartana|Kartana|84/100
|move|p2a: Toxapex|Scald|p1a: Kartana
|-resisted|p1a: Kartana
|-damage|p1a: Kartana|58/100
|
|upkeep
|turn|19
|
|t:|1651609799
|switch|p2a: Garchomp|Garchomp, F|48/100
|move|p1a: Kartana|Leaf Blade|p2a: Garchomp
|-damage|p2a: Garchomp|0 fnt
|-damage|p1a: Kartana|46/100|[from] ability: Rough Skin|[of] p2a: Garchomp
|faint|p2a: Garchomp
|-ability|p1a: Kartana|Beast Boost|boost
|-boost|p1a: Kartana|atk|1
|
|upkeep
|
|t:|1651609801
|switch|p2a: Toxapex|Toxapex, F|55/100
|turn|20
|
|t:|1651609804
|move|p1a: Kartana|Leaf Blade|p2a: Toxapex
|-damage|p2a: Toxapex|1/100
|-damage|p1a: Kartana|29/100|[from] item: Rocky Helmet|[of] p2a: Toxapex
|move|p2a: Toxapex|Recover|p2a: Toxapex
|-heal|p2a: Toxapex|51/100
|
|upkeep
|turn|21
|
|t:|1651609807
|move|p1a: Kartana|Leaf Blade|p2a: Toxapex
|-damage|p2a: Toxapex|0 fnt
|-damage|p1a: Kartana|12/100|[from] item: Rocky Helmet|[of] p2a: Toxapex
|faint|p2a: Toxapex
|-ability|p1a: Kartana|Beast Boost|boost
|-boost|p1a: Kartana|atk|1
|
|upkeep
|c|☆LudwigFrog|gg
|
|t:|1651609813
|switch|p2a: Obstagoon|Obstagoon, M|54/100
|turn|22
|
|t:|1651609815
|move|p1a: Kartana|Leaf Blade|p2a: Obstagoon
|-damage|p2a: Obstagoon|0 fnt
|faint|p2a: Obstagoon
|-ability|p1a: Kartana|Beast Boost|boost
|-boost|p1a: Kartana|atk|1
|
|upkeep
|-message|yovan33321 forfeited.
|
|win|LudwigFrog
|c|☆LudwigFrog|chal to gen 6 or 7
