|inactive|Battle timer is ON: inactive players will automatically lose when time's up.
|t:|1663526141
|gametype|singles
|player|p1|Harshal08|lucas|
|player|p2|Adel19|265|
|teamsize|p1|6
|teamsize|p2|6
|gen|8
|tier|[Gen 8] OU
|rule|Sleep Clause Mod: Limit one foe put to sleep
|rule|Species Clause: Limit one of each Pokémon
|rule|OHKO Clause: OHKO moves are banned
|rule|Evasion Items Clause: Evasion items are banned
|rule|Evasion Moves Clause: Evasion moves are banned
|rule|Endless Battle Clause: Forcing endless battles is banned
|rule|HP Percentage Mod: HP is shown in percentages
|rule|Dynamax Clause: You cannot dynamax
|clearpoke
|poke|p1|Tapu Koko|
|poke|p1|Ferrothorn, M|
|poke|p1|Landorus-Therian, M|
|poke|p1|Urshifu-*, F|
|poke|p1|Clefable, F|
|poke|p1|Dragonite, M|
|poke|p2|Landorus-Therian, M|
|poke|p2|Zeraora|
|poke|p2|Kartana|
|poke|p2|Tapu Fini|
|poke|p2|Blissey, F|
|poke|p2|Zapdos|
|teampreview
|c|☆Harshal08|hf
|inactive|Harshal08 has 270 seconds left.
|c|☆Adel19|U2
|inactive|Harshal08 has 240 seconds left.
|
|t:|1663526210
|start
|switch|p1a: Clefable|Clefable, F|100/100
|switch|p2a: Landorus|Landorus-Therian, M|100/100
|-ability|p2a: Landorus|Intimidate|boost
|-unboost|p1a: Clefable|atk|1
|turn|1
|
|t:|1663526233
|move|p2a: Landorus|Earthquake|p1a: Clefable
|-damage|p1a: Clefable|32/100
|move|p1a: Clefable|Calm Mind|p1a: Clefable
|-boost|p1a: Clefable|spa|1
|-boost|p1a: Clefable|spd|1
|
|upkeep
|turn|2
|
|t:|1663526242
|switch|p1a: Landorus|Landorus-Therian, M|100/100
|-ability|p1a: Landorus|Intimidate|boost
|-unboost|p2a: Landorus|atk|1
|move|p2a: Landorus|Earthquake|p1a: Landorus
|-immune|p1a: Landorus
|
|upkeep
|turn|3
|
|t:|1663526251
|move|p2a: Landorus|Swords Dance|p2a: Landorus
|-boost|p2a: Landorus|atk|2
|move|p1a: Landorus|Toxic|p2a: Landorus
|-status|p2a: Landorus|tox
|
|-damage|p2a: Landorus|95/100 tox|[from] psn
|upkeep
|turn|4
|
|t:|1663526263
|switch|p1a: Urshifu|Urshifu-Rapid-Strike, F|100/100
|move|p2a: Landorus|Stone Edge|p1a: Urshifu
|-resisted|p1a: Urshifu
|-damage|p1a: Urshifu|70/100
|
|-damage|p2a: Landorus|83/100 tox|[from] psn
|upkeep
|turn|5
|
|t:|1663526271
|switch|p2a: Tapu Fini|Tapu Fini|100/100
|-fieldstart|move: Misty Terrain|[from] ability: Misty Surge|[of] p2a: Tapu Fini
|move|p1a: Urshifu|Surging Strikes|p2a: Tapu Fini
|-resisted|p2a: Tapu Fini
|-crit|p2a: Tapu Fini
|-damage|p2a: Tapu Fini|90/100
|-resisted|p2a: Tapu Fini
|-crit|p2a: Tapu Fini
|-damage|p2a: Tapu Fini|80/100
|-resisted|p2a: Tapu Fini
|-crit|p2a: Tapu Fini
|-damage|p2a: Tapu Fini|71/100
|-hitcount|p2a: Tapu Fini|3
|
|-heal|p2a: Tapu Fini|77/100|[from] item: Leftovers
|upkeep
|turn|6
|
|t:|1663526276
|switch|p1a: Tapu Koko|Tapu Koko|100/100
|-fieldstart|move: Electric Terrain|[from] ability: Electric Surge|[of] p1a: Tapu Koko
|switch|p2a: Kartana|Kartana|100/100
|
|upkeep
|turn|7
|
|t:|1663526286
|switch|p2a: Zeraora|Zeraora|100/100
|move|p1a: Tapu Koko|U-turn|p2a: Zeraora
|-damage|p2a: Zeraora|77/100
|
|t:|1663526289
|switch|p1a: Landorus|Landorus-Therian, M|100/100|[from]move: U-turn
|-ability|p1a: Landorus|Intimidate|boost
|-unboost|p2a: Zeraora|atk|1
|
|upkeep
|turn|8
|
|t:|1663526295
|switch|p2a: Landorus|Landorus-Therian, M|83/100 tox
|-ability|p2a: Landorus|Intimidate|boost
|-unboost|p1a: Landorus|atk|1
|move|p1a: Landorus|Stealth Rock|p2a: Landorus
|-sidestart|p2: Adel19|move: Stealth Rock
|
|-damage|p2a: Landorus|77/100 tox|[from] psn
|upkeep
|turn|9
|
|t:|1663526300
|switch|p1a: Urshifu|Urshifu-Rapid-Strike, F|70/100
|move|p2a: Landorus|Stone Edge|p1a: Urshifu|[miss]
|-miss|p2a: Landorus|p1a: Urshifu
|
|-damage|p2a: Landorus|65/100 tox|[from] psn
|upkeep
|turn|10
|
|t:|1663526311
|move|p1a: Urshifu|Surging Strikes|p2a: Landorus
|-supereffective|p2a: Landorus
|-crit|p2a: Landorus
|-damage|p2a: Landorus|0 fnt
|faint|p2a: Landorus
|-hitcount|p2: Landorus|1
|
|-fieldend|move: Electric Terrain
|upkeep
|
|t:|1663526313
|switch|p2a: Kartana|Kartana|100/100
|-damage|p2a: Kartana|94/100|[from] Stealth Rock
|turn|11
|
|t:|1663526315
|switch|p1a: Dragonite|Dragonite, M|100/100
|move|p2a: Kartana|Swords Dance|p2a: Kartana
|-boost|p2a: Kartana|atk|2
|
|upkeep
|turn|12
|
|t:|1663526324
|switch|p2a: Zapdos|Zapdos|100/100
|move|p1a: Dragonite|Flamethrower|p2a: Zapdos
|-damage|p2a: Zapdos|82/100
|
|upkeep
|turn|13
|
|t:|1663526338
|switch|p1a: Tapu Koko|Tapu Koko|100/100
|-fieldstart|move: Electric Terrain|[from] ability: Electric Surge|[of] p1a: Tapu Koko
|move|p2a: Zapdos|Toxic|p1a: Tapu Koko|[miss]
|-miss|p2a: Zapdos|p1a: Tapu Koko
|
|upkeep
|turn|14
|
|t:|1663526346
|move|p1a: Tapu Koko|Thunderbolt|p2a: Zapdos
|-damage|p2a: Zapdos|31/100
|move|p2a: Zapdos|Toxic|p1a: Tapu Koko
|-status|p1a: Tapu Koko|tox
|
|-damage|p1a: Tapu Koko|94/100 tox|[from] psn
|upkeep
|turn|15
|
|t:|1663526353
|switch|p2a: Zeraora|Zeraora|77/100
|move|p1a: Tapu Koko|Dazzling Gleam|p2a: Zeraora
|-damage|p2a: Zeraora|35/100
|
|-damage|p1a: Tapu Koko|82/100 tox|[from] psn
|upkeep
|turn|16
|
|t:|1663526364
|switch|p2a: Blissey|Blissey, F|100/100
|move|p1a: Tapu Koko|Dazzling Gleam|p2a: Blissey
|-damage|p2a: Blissey|89/100
|
|-damage|p1a: Tapu Koko|64/100 tox|[from] psn
|upkeep
|turn|17
|
|t:|1663526366
|move|p1a: Tapu Koko|U-turn|p2a: Blissey
|-damage|p2a: Blissey|74/100
|
|t:|1663526370
|switch|p1a: Urshifu|Urshifu-Rapid-Strike, F|70/100|[from]move: U-turn
|move|p2a: Blissey|Stealth Rock|p1a: Urshifu
|-sidestart|p1: Harshal08|move: Stealth Rock
|
|-fieldend|move: Electric Terrain
|upkeep
|turn|18
|
|t:|1663526377
|switch|p2a: Tapu Fini|Tapu Fini|77/100
|-damage|p2a: Tapu Fini|64/100|[from] Stealth Rock
|-fieldstart|move: Misty Terrain|[from] ability: Misty Surge|[of] p2a: Tapu Fini
|move|p1a: Urshifu|Close Combat|p2a: Tapu Fini
|-resisted|p2a: Tapu Fini
|-damage|p2a: Tapu Fini|33/100
|-unboost|p1a: Urshifu|def|1
|-unboost|p1a: Urshifu|spd|1
|
|-heal|p2a: Tapu Fini|39/100|[from] item: Leftovers
|upkeep
|turn|19
|
|t:|1663526398
|switch|p1a: Ferrothorn|Ferrothorn, M|100/100
|-damage|p1a: Ferrothorn|94/100|[from] Stealth Rock
|move|p2a: Tapu Fini|Moonblast|p1a: Ferrothorn
|-resisted|p1a: Ferrothorn
|-damage|p1a: Ferrothorn|82/100
|
|-heal|p2a: Tapu Fini|45/100|[from] item: Leftovers
|-heal|p1a: Ferrothorn|88/100|[from] item: Leftovers
|upkeep
|turn|20
|
|t:|1663526405
|switch|p2a: Kartana|Kartana|94/100
|-damage|p2a: Kartana|88/100|[from] Stealth Rock
|move|p1a: Ferrothorn|Knock Off|p2a: Kartana
|-damage|p2a: Kartana|71/100
|-enditem|p2a: Kartana|Protective Pads|[from] move: Knock Off|[of] p1a: Ferrothorn
|
|-heal|p1a: Ferrothorn|95/100|[from] item: Leftovers
|upkeep
|turn|21
|
|t:|1663526419
|switch|p1a: Dragonite|Dragonite, M|100/100
|move|p2a: Kartana|Knock Off|p1a: Dragonite
|-damage|p1a: Dragonite|89/100
|-enditem|p1a: Dragonite|Heavy-Duty Boots|[from] move: Knock Off|[of] p2a: Kartana
|
|upkeep
|turn|22
|
|t:|1663526432
|switch|p2a: Zapdos|Zapdos|31/100
|move|p1a: Dragonite|Heal Bell|p1a: Dragonite
|-activate|p1a: Dragonite|move: Heal Bell
|-curestatus|p1: Tapu Koko|tox|[msg]
|
|-fieldend|Misty Terrain
|upkeep
|turn|23
|
|t:|1663526441
|move|p2a: Zapdos|Roost|p2a: Zapdos
|-heal|p2a: Zapdos|81/100
|-singleturn|p2a: Zapdos|move: Roost
|move|p1a: Dragonite|Roost|p1a: Dragonite
|-heal|p1a: Dragonite|100/100
|-singleturn|p1a: Dragonite|move: Roost
|
|upkeep
|turn|24
|
|t:|1663526470
|switch|p1a: Ferrothorn|Ferrothorn, M|95/100
|-damage|p1a: Ferrothorn|88/100|[from] Stealth Rock
|move|p2a: Zapdos|Hurricane|p1a: Ferrothorn
|-damage|p1a: Ferrothorn|56/100
|
|-heal|p1a: Ferrothorn|63/100|[from] item: Leftovers
|upkeep
|turn|25
|
|t:|1663526479
|move|p2a: Zapdos|Hurricane|p1a: Ferrothorn|[miss]
|-miss|p2a: Zapdos|p1a: Ferrothorn
|move|p1a: Ferrothorn|Leech Seed|p2a: Zapdos
|-start|p2a: Zapdos|move: Leech Seed
|
|-heal|p1a: Ferrothorn|69/100|[from] item: Leftovers
|-damage|p2a: Zapdos|68/100|[from] Leech Seed|[of] p1a: Ferrothorn
|-heal|p1a: Ferrothorn|83/100|[silent]
|upkeep
|turn|26
|
|t:|1663526486
|move|p2a: Zapdos|Volt Switch|p1a: Ferrothorn
|-resisted|p1a: Ferrothorn
|-damage|p1a: Ferrothorn|74/100
|
|t:|1663526489
|switch|p2a: Kartana|Kartana|71/100|[from]move: Volt Switch
|-damage|p2a: Kartana|64/100|[from] Stealth Rock
|move|p1a: Ferrothorn|Knock Off|p2a: Kartana
|-damage|p2a: Kartana|52/100
|
|-heal|p1a: Ferrothorn|80/100|[from] item: Leftovers
|upkeep
|turn|27
|
|t:|1663526498
|switch|p2a: Zapdos|Zapdos|68/100
|switch|p1a: Tapu Koko|Tapu Koko|64/100
|-fieldstart|move: Electric Terrain|[from] ability: Electric Surge|[of] p1a: Tapu Koko
|
|upkeep
|turn|28
|
|t:|1663526508
|switch|p2a: Zeraora|Zeraora|35/100
|move|p1a: Tapu Koko|U-turn|p2a: Zeraora
|-damage|p2a: Zeraora|14/100
|
|t:|1663526519
|switch|p1a: Landorus|Landorus-Therian, M|100/100|[from]move: U-turn
|-damage|p1a: Landorus|88/100|[from] Stealth Rock
|-ability|p1a: Landorus|Intimidate|boost
|-unboost|p2a: Zeraora|atk|1
|
|-heal|p1a: Landorus|94/100|[from] item: Leftovers
|upkeep
|turn|29
|
|t:|1663526522
|move|p2a: Zeraora|Knock Off|p1a: Landorus
|-damage|p1a: Landorus|74/100
|-enditem|p1a: Landorus|Leftovers|[from] move: Knock Off|[of] p2a: Zeraora
|move|p1a: Landorus|U-turn|p2a: Zeraora
|-damage|p2a: Zeraora|0 fnt
|faint|p2a: Zeraora
|
|t:|1663526526
|switch|p1a: Tapu Koko|Tapu Koko|64/100|[from]move: U-turn
|
|upkeep
|
|t:|1663526530
|switch|p2a: Blissey|Blissey, F|74/100
|turn|30
|
|t:|1663526534
|move|p1a: Tapu Koko|U-turn|p2a: Blissey
|-damage|p2a: Blissey|59/100
|
|t:|1663526537
|switch|p1a: Clefable|Clefable, F|32/100|[from]move: U-turn
|move|p2a: Blissey|Seismic Toss|p1a: Clefable
|-damage|p1a: Clefable|7/100
|
|upkeep
|turn|31
|
|t:|1663526547
|move|p1a: Clefable|Soft-Boiled|p1a: Clefable
|-heal|p1a: Clefable|57/100
|move|p2a: Blissey|Seismic Toss|p1a: Clefable
|-damage|p1a: Clefable|31/100
|
|-fieldend|move: Electric Terrain
|upkeep
|turn|32
|
|t:|1663526557
|switch|p2a: Tapu Fini|Tapu Fini|45/100
|-damage|p2a: Tapu Fini|32/100|[from] Stealth Rock
|-fieldstart|move: Misty Terrain|[from] ability: Misty Surge|[of] p2a: Tapu Fini
|move|p1a: Clefable|Soft-Boiled|p1a: Clefable
|-heal|p1a: Clefable|81/100
|
|-heal|p2a: Tapu Fini|39/100|[from] item: Leftovers
|upkeep
|turn|33
|
|t:|1663526562
|switch|p1a: Ferrothorn|Ferrothorn, M|80/100
|-damage|p1a: Ferrothorn|74/100|[from] Stealth Rock
|move|p2a: Tapu Fini|Taunt|p1a: Ferrothorn
|-start|p1a: Ferrothorn|move: Taunt
|
|-heal|p2a: Tapu Fini|45/100|[from] item: Leftovers
|-heal|p1a: Ferrothorn|80/100|[from] item: Leftovers
|upkeep
|turn|34
|
|t:|1663526572
|switch|p2a: Kartana|Kartana|52/100
|-damage|p2a: Kartana|46/100|[from] Stealth Rock
|switch|p1a: Tapu Koko|Tapu Koko|64/100
|-fieldstart|move: Electric Terrain|[from] ability: Electric Surge|[of] p1a: Tapu Koko
|
|upkeep
|turn|35
|
|t:|1663526578
|switch|p2a: Blissey|Blissey, F|59/100
|move|p1a: Tapu Koko|Thunderbolt|p2a: Blissey
|-damage|p2a: Blissey|41/100
|
|upkeep
|turn|36
|
|t:|1663526582
|move|p1a: Tapu Koko|U-turn|p2a: Blissey
|-damage|p2a: Blissey|27/100
|
|t:|1663526585
|switch|p1a: Urshifu|Urshifu-Rapid-Strike, F|70/100|[from]move: U-turn
|-damage|p1a: Urshifu|64/100|[from] Stealth Rock
|move|p2a: Blissey|Soft-Boiled|p2a: Blissey
|-heal|p2a: Blissey|77/100
|
|upkeep
|turn|37
|
|t:|1663526597
|move|p1a: Urshifu|Surging Strikes|p2a: Blissey
|-crit|p2a: Blissey
|-damage|p2a: Blissey|50/100
|-crit|p2a: Blissey
|-damage|p2a: Blissey|22/100
|-crit|p2a: Blissey
|-damage|p2a: Blissey|0 fnt
|faint|p2a: Blissey
|-hitcount|p2: Blissey|3
|
|upkeep
|
|t:|1663526601
|switch|p2a: Zapdos|Zapdos|68/100
|turn|38
|
|t:|1663526607
|move|p1a: Urshifu|Surging Strikes|p2a: Zapdos
|-crit|p2a: Zapdos
|-damage|p2a: Zapdos|47/100
|-crit|p2a: Zapdos
|-damage|p2a: Zapdos|26/100
|-status|p1a: Urshifu|par|[from] ability: Static|[of] p2a: Zapdos
|-crit|p2a: Zapdos
|-damage|p2a: Zapdos|4/100
|-hitcount|p2a: Zapdos|3
|move|p2a: Zapdos|Roost|p2a: Zapdos
|-heal|p2a: Zapdos|54/100
|-singleturn|p2a: Zapdos|move: Roost
|
|-fieldend|move: Electric Terrain
|upkeep
|turn|39
|
|t:|1663526620
|move|p2a: Zapdos|Roost|p2a: Zapdos
|-heal|p2a: Zapdos|100/100
|-singleturn|p2a: Zapdos|move: Roost
|move|p1a: Urshifu|Surging Strikes|p2a: Zapdos
|-crit|p2a: Zapdos
|-damage|p2a: Zapdos|80/100
|-crit|p2a: Zapdos
|-damage|p2a: Zapdos|59/100
|-crit|p2a: Zapdos
|-damage|p2a: Zapdos|37/100
|-hitcount|p2a: Zapdos|3
|
|upkeep
|turn|40
|
|t:|1663526635
|switch|p1a: Clefable|Clefable, F|81/100
|move|p2a: Zapdos|Roost|p2a: Zapdos
|-heal|p2a: Zapdos|87/100
|-singleturn|p2a: Zapdos|move: Roost
|
|upkeep
|turn|41
|
|t:|1663526643
|move|p2a: Zapdos|Toxic|p1a: Clefable
|-status|p1a: Clefable|tox
|move|p1a: Clefable|Soft-Boiled|p1a: Clefable
|-heal|p1a: Clefable|100/100 tox
|
|upkeep
|turn|42
|
|t:|1663526649
|move|p2a: Zapdos|Volt Switch|p1a: Clefable
|-damage|p1a: Clefable|72/100 tox
|
|t:|1663526652
|switch|p2a: Tapu Fini|Tapu Fini|45/100|[from]move: Volt Switch
|-damage|p2a: Tapu Fini|32/100|[from] Stealth Rock
|-fieldstart|move: Misty Terrain|[from] ability: Misty Surge|[of] p2a: Tapu Fini
|move|p1a: Clefable|Moonblast|p2a: Tapu Fini
|-damage|p2a: Tapu Fini|0 fnt
|faint|p2a: Tapu Fini
|
|upkeep
|
|t:|1663526655
|switch|p2a: Kartana|Kartana|46/100
|-damage|p2a: Kartana|40/100|[from] Stealth Rock
|turn|43
|
|t:|1663526665
|move|p2a: Kartana|Swords Dance|p2a: Kartana
|-boost|p2a: Kartana|atk|2
|move|p1a: Clefable|Moonblast|p2a: Kartana
|-resisted|p2a: Kartana
|-damage|p2a: Kartana|0 fnt
|faint|p2a: Kartana
|
|upkeep
|-message|Adel19 forfeited.
|
|win|Harshal08
|c|☆Harshal08|gg
