|inactive|Battle timer is ON: inactive players will automatically lose when time's up.
|t:|1662306561
|gametype|singles
|player|p1|Coach Jones 6fifth|lusamine-nihilego|
|player|p2|Lopunny kicks|schoolgirl|
|teamsize|p1|6
|teamsize|p2|6
|gen|8
|tier|[Gen 8] OU
|rule|Sleep Clause Mod: Limit one foe put to sleep
|rule|Species Clause: Limit one of each Pokémon
|rule|OHKO Clause: OHKO moves are banned
|rule|Evasion Items Clause: Evasion items are banned
|rule|Evasion Moves Clause: Evasion moves are banned
|rule|Endless Battle Clause: Forcing endless battles is banned
|rule|HP Percentage Mod: HP is shown in percentages
|rule|Dynamax Clause: You cannot dynamax
|clearpoke
|poke|p1|Hippowdon, M|
|poke|p1|Tapu Lele|
|poke|p1|Zarude-Dada|
|poke|p1|Corviknight, M|
|poke|p1|Dragapult, F|
|poke|p1|Toxapex, M|
|poke|p2|Kommo-o, M|
|poke|p2|Rhyperior, F|
|poke|p2|Urshifu-*, M|
|poke|p2|Weavile, M|
|poke|p2|Aegislash, M|
|poke|p2|Rillaboom, F|
|teampreview
|c|☆Lopunny kicks|hf
|c|☆Coach Jones 6fifth|hf
|inactive|Coach Jones 6fifth has 270 seconds left.
|inactive|Lopunny kicks has 270 seconds left.
|inactive|Coach Jones 6fifth has 240 seconds left.
|inactive|Lopunny kicks has 240 seconds left.
|inactive|Lopunny kicks has 210 seconds left.
|inactive|Lopunny kicks has 180 seconds left.
|
|t:|1662306688
|start
|switch|p1a: Zarude|Zarude-Dada|100/100
|switch|p2a: it's oh so quiet|Weavile, M|100/100
|-ability|p2a: it's oh so quiet|Pressure
|turn|1
|
|t:|1662306701
|switch|p1a: Toxapex|Toxapex, M, shiny|100/100
|move|p2a: it's oh so quiet|Swords Dance|p2a: it's oh so quiet
|-boost|p2a: it's oh so quiet|atk|2
|
|upkeep
|turn|2
|inactive|Lopunny kicks has 240 seconds left.
|inactive|Coach Jones 6fifth has 270 seconds left.
|inactive|Lopunny kicks has 210 seconds left.
|inactive|Coach Jones 6fifth has 240 seconds left.
|inactive|Lopunny kicks has 180 seconds left.
|inactive|Coach Jones 6fifth has 210 seconds left.
|
|t:|1662306796
|switch|p1a: Tapu Lele|Tapu Lele|100/100
|-fieldstart|move: Psychic Terrain|[from] ability: Psychic Surge|[of] p1a: Tapu Lele
|move|p2a: it's oh so quiet|Knock Off|p1a: Tapu Lele
|-damage|p1a: Tapu Lele|0 fnt
|-enditem|p1a: Tapu Lele|Choice Specs|[from] move: Knock Off|[of] p2a: it's oh so quiet
|faint|p1a: Tapu Lele
|-damage|p2a: it's oh so quiet|91/100|[from] item: Life Orb
|
|upkeep
|
|t:|1662306805
|switch|p1a: Dragapult|Dragapult, F, shiny|100/100
|turn|3
|inactive|Coach Jones 6fifth has 210 seconds left.
|inactive|Lopunny kicks has 180 seconds left.
|
|t:|1662306826
|switch|p2a: cover me|Rhyperior, F|100/100
|move|p1a: Dragapult|Draco Meteor|p2a: cover me
|-damage|p2a: cover me|16/100
|-unboost|p1a: Dragapult|spa|2
|
|upkeep
|turn|4
|inactive|Lopunny kicks has 180 seconds left.
|inactive|Coach Jones 6fifth has 210 seconds left.
|
|t:|1662306844
|switch|p1a: Corviknight|Corviknight, M|100/100
|-ability|p1a: Corviknight|Pressure
|switch|p2a: army of me|Aegislash, M|100/100
|
|upkeep
|turn|5
|
|t:|1662306851
|switch|p1a: Zarude|Zarude-Dada|100/100
|-formechange|p2a: army of me|Aegislash-Blade||[from] ability: Stance Change
|move|p2a: army of me|Shadow Ball|p1a: Zarude
|-resisted|p1a: Zarude
|-damage|p1a: Zarude|73/100
|
|-heal|p1a: Zarude|79/100|[from] item: Leftovers
|upkeep
|turn|6
|inactive|Lopunny kicks has 180 seconds left.
|
|t:|1662306867
|switch|p2a: enjoy|Urshifu-Rapid-Strike, M|100/100
|move|p1a: Zarude|Power Whip|p2a: enjoy|[miss]
|-miss|p1a: Zarude|p2a: enjoy
|
|-heal|p1a: Zarude|85/100|[from] item: Leftovers
|-fieldend|move: Psychic Terrain
|upkeep
|turn|7
|
|t:|1662306874
|switch|p1a: Toxapex|Toxapex, M, shiny|100/100
|move|p2a: enjoy|U-turn|p1a: Toxapex
|-resisted|p1a: Toxapex
|-damage|p1a: Toxapex|92/100
|
|t:|1662306880
|switch|p2a: cover me|Rhyperior, F|16/100|[from]move: U-turn
|
|upkeep
|turn|8
|
|t:|1662306884
|switch|p1a: Corviknight|Corviknight, M|100/100
|-ability|p1a: Corviknight|Pressure
|move|p2a: cover me|Stealth Rock|p1a: Corviknight
|-sidestart|p1: Coach Jones 6fifth|move: Stealth Rock
|
|upkeep
|turn|9
|
|t:|1662306887
|switch|p2a: army of me|Aegislash, M|100/100
|move|p1a: Corviknight|Defog|p2a: army of me
|-unboost|p2a: army of me|evasion|1
|-sideend|p1: Coach Jones 6fifth|Stealth Rock|[from] move: Defog|[of] p1a: Corviknight
|
|upkeep
|turn|10
|
|t:|1662306891
|switch|p1a: Zarude|Zarude-Dada|85/100
|-formechange|p2a: army of me|Aegislash-Blade||[from] ability: Stance Change
|move|p2a: army of me|Close Combat|p1a: Zarude
|-supereffective|p1a: Zarude
|-crit|p1a: Zarude
|-damage|p1a: Zarude|0 fnt
|-unboost|p2a: army of me|def|1
|-unboost|p2a: army of me|spd|1
|faint|p1a: Zarude
|
|upkeep
|c|☆Lopunny kicks|mb
|
|t:|1662306902
|switch|p1a: Hippowdon|Hippowdon, M|100/100
|-weather|Sandstorm|[from] ability: Sand Stream|[of] p1a: Hippowdon
|turn|11
|
|t:|1662306907
|switch|p2a: enjoy|Urshifu-Rapid-Strike, M|100/100
|move|p1a: Hippowdon|Stealth Rock|p2a: enjoy
|-sidestart|p2: Lopunny kicks|move: Stealth Rock
|
|-weather|Sandstorm|[upkeep]
|-damage|p2a: enjoy|94/100|[from] Sandstorm
|upkeep
|turn|12
|
|t:|1662306911
|switch|p1a: Toxapex|Toxapex, M, shiny|100/100
|move|p2a: enjoy|U-turn|p1a: Toxapex
|-resisted|p1a: Toxapex
|-damage|p1a: Toxapex|93/100
|
|t:|1662306913
|switch|p2a: cover me|Rhyperior, F|16/100|[from]move: U-turn
|-damage|p2a: cover me|10/100|[from] Stealth Rock
|
|-weather|Sandstorm|[upkeep]
|-damage|p1a: Toxapex|87/100|[from] Sandstorm
|upkeep
|turn|13
|
|t:|1662306919
|move|p2a: cover me|Stealth Rock|p1a: Toxapex
|-sidestart|p1: Coach Jones 6fifth|move: Stealth Rock
|move|p1a: Toxapex|Scald|p2a: cover me
|-supereffective|p2a: cover me
|-damage|p2a: cover me|0 fnt
|faint|p2a: cover me
|
|-weather|Sandstorm|[upkeep]
|-damage|p1a: Toxapex|80/100|[from] Sandstorm
|upkeep
|
|t:|1662306928
|switch|p2a: it's oh so quiet|Weavile, M|91/100
|-damage|p2a: it's oh so quiet|66/100|[from] Stealth Rock
|-ability|p2a: it's oh so quiet|Pressure
|turn|14
|inactive|Coach Jones 6fifth has 270 seconds left.
|inactive|Coach Jones 6fifth has 240 seconds left.
|
|t:|1662307003
|move|p2a: it's oh so quiet|Swords Dance|p2a: it's oh so quiet
|-boost|p2a: it's oh so quiet|atk|2
|move|p1a: Toxapex|Knock Off|p2a: it's oh so quiet
|-resisted|p2a: it's oh so quiet
|-damage|p2a: it's oh so quiet|53/100
|-enditem|p2a: it's oh so quiet|Life Orb|[from] move: Knock Off|[of] p1a: Toxapex
|
|-weather|Sandstorm|[upkeep]
|-damage|p2a: it's oh so quiet|47/100|[from] Sandstorm
|-damage|p1a: Toxapex|74/100|[from] Sandstorm
|upkeep
|turn|15
|inactive|Coach Jones 6fifth has 210 seconds left.
|inactive|Lopunny kicks has 240 seconds left.
|
|t:|1662307055
|move|p2a: it's oh so quiet|Swords Dance|p2a: it's oh so quiet
|-boost|p2a: it's oh so quiet|atk|2
|move|p1a: Toxapex|Recover|p1a: Toxapex
|-heal|p1a: Toxapex|100/100
|
|-weather|none
|upkeep
|turn|16
|
|t:|1662307058
|move|p2a: it's oh so quiet|Knock Off|p1a: Toxapex
|-damage|p1a: Toxapex|7/100
|-enditem|p1a: Toxapex|Shed Shell|[from] move: Knock Off|[of] p2a: it's oh so quiet
|move|p1a: Toxapex|Haze|p1a: Toxapex
|-clearallboost
|
|upkeep
|turn|17
|inactive|Coach Jones 6fifth has 210 seconds left.
|inactive|Lopunny kicks has 240 seconds left.
|
|t:|1662307099
|switch|p1a: Corviknight|Corviknight, M|100/100
|-damage|p1a: Corviknight|88/100|[from] Stealth Rock
|-ability|p1a: Corviknight|Pressure
|move|p2a: it's oh so quiet|Knock Off|p1a: Corviknight
|-damage|p1a: Corviknight|57/100
|-damage|p2a: it's oh so quiet|30/100|[from] item: Rocky Helmet|[of] p1a: Corviknight
|-enditem|p1a: Corviknight|Rocky Helmet|[from] move: Knock Off|[of] p2a: it's oh so quiet
|
|upkeep
|turn|18
|
|t:|1662307104
|move|p2a: it's oh so quiet|Swords Dance|p2a: it's oh so quiet
|-boost|p2a: it's oh so quiet|atk|2
|move|p1a: Corviknight|U-turn|p2a: it's oh so quiet
|-supereffective|p2a: it's oh so quiet
|-damage|p2a: it's oh so quiet|0 fnt
|faint|p2a: it's oh so quiet
|
|t:|1662307109
|switch|p1a: Dragapult|Dragapult, F, shiny|100/100|[from]move: U-turn
|-damage|p1a: Dragapult|88/100|[from] Stealth Rock
|
|upkeep
|
|t:|1662307114
|switch|p2a: army of me|Aegislash, M|100/100
|-damage|p2a: army of me|94/100|[from] Stealth Rock
|turn|19
|inactive|Coach Jones 6fifth has 180 seconds left.
|inactive|Lopunny kicks has 210 seconds left.
|
|t:|1662307174
|switch|p2a: headphones|Kommo-o, M|100/100
|-damage|p2a: headphones|94/100|[from] Stealth Rock
|move|p1a: Dragapult|Shadow Ball|p2a: headphones
|-immune|p2a: headphones|[from] ability: Bulletproof
|
|upkeep
|turn|20
|
|t:|1662307180
|switch|p1a: Hippowdon|Hippowdon, M|100/100
|-damage|p1a: Hippowdon|94/100|[from] Stealth Rock
|-weather|Sandstorm|[from] ability: Sand Stream|[of] p1a: Hippowdon
|move|p2a: headphones|Clangorous Soul|p2a: headphones
|-boost|p2a: headphones|atk|1
|-boost|p2a: headphones|def|1
|-boost|p2a: headphones|spa|1
|-boost|p2a: headphones|spd|1
|-boost|p2a: headphones|spe|1
|-damage|p2a: headphones|61/100
|-enditem|p2a: headphones|Throat Spray
|-boost|p2a: headphones|spa|1|[from] item: Throat Spray
|
|-weather|Sandstorm|[upkeep]
|-damage|p2a: headphones|55/100|[from] Sandstorm
|-heal|p1a: Hippowdon|100/100|[from] item: Leftovers
|upkeep
|turn|21
|
|t:|1662307184
|move|p2a: headphones|Clanging Scales|p1a: Hippowdon
|-damage|p1a: Hippowdon|34/100
|-unboost|p2a: headphones|def|1
|move|p1a: Hippowdon|Toxic|p2a: headphones
|-status|p2a: headphones|tox
|
|-weather|Sandstorm|[upkeep]
|-damage|p2a: headphones|49/100 tox|[from] Sandstorm
|-heal|p1a: Hippowdon|41/100|[from] item: Leftovers
|-damage|p2a: headphones|43/100 tox|[from] psn
|upkeep
|turn|22
|inactive|Coach Jones 6fifth has 180 seconds left.
|
|t:|1662307198
|move|p2a: headphones|Clanging Scales|p1a: Hippowdon
|-damage|p1a: Hippowdon|0 fnt
|faint|p1a: Hippowdon
|-unboost|p2a: headphones|def|1
|
|-weather|Sandstorm|[upkeep]
|-damage|p2a: headphones|37/100 tox|[from] Sandstorm
|-damage|p2a: headphones|24/100 tox|[from] psn
|upkeep
|inactive|Coach Jones 6fifth has 180 seconds left.
|
|t:|1662307211
|switch|p1a: Toxapex|Toxapex, M, shiny|41/100
|-damage|p1a: Toxapex|28/100|[from] Stealth Rock
|turn|23
|inactive|Coach Jones 6fifth has 180 seconds left.
|
|t:|1662307222
|move|p2a: headphones|Clanging Scales|p1a: Toxapex
|-crit|p1a: Toxapex
|-damage|p1a: Toxapex|0 fnt
|faint|p1a: Toxapex
|-unboost|p2a: headphones|def|1
|
|-weather|Sandstorm|[upkeep]
|-damage|p2a: headphones|18/100 tox|[from] Sandstorm
|-damage|p2a: headphones|0 fnt|[from] psn
|faint|p2a: headphones
|upkeep
|
|t:|1662307225
|switch|p2a: enjoy|Urshifu-Rapid-Strike, M|94/100
|switch|p1a: Dragapult|Dragapult, F, shiny|88/100
|-damage|p2a: enjoy|88/100|[from] Stealth Rock
|-damage|p1a: Dragapult|76/100|[from] Stealth Rock
|turn|24
|
|t:|1662307228
|move|p2a: enjoy|Ice Punch|p1a: Dragapult
|-supereffective|p1a: Dragapult
|-damage|p1a: Dragapult|3/100
|move|p1a: Dragapult|Draco Meteor|p2a: enjoy
|-damage|p2a: enjoy|0 fnt
|-unboost|p1a: Dragapult|spa|2
|faint|p2a: enjoy
|
|-weather|none
|upkeep
|
|t:|1662307230
|switch|p2a: army of me|Aegislash, M|94/100
|-damage|p2a: army of me|88/100|[from] Stealth Rock
|turn|25
|
|t:|1662307232
|-formechange|p2a: army of me|Aegislash-Blade||[from] ability: Stance Change
|move|p2a: army of me|Shadow Sneak|p1a: Dragapult
|-supereffective|p1a: Dragapult
|-crit|p1a: Dragapult
|-damage|p1a: Dragapult|0 fnt
|faint|p1a: Dragapult
|
|upkeep
|
|t:|1662307234
|switch|p1a: Corviknight|Corviknight, M|57/100
|-damage|p1a: Corviknight|45/100|[from] Stealth Rock
|-ability|p1a: Corviknight|Pressure
|turn|26
|
|t:|1662307235
|move|p2a: army of me|Shadow Ball|p1a: Corviknight
|-damage|p1a: Corviknight|0 fnt
|faint|p1a: Corviknight
|
|win|Lopunny kicks
|c|☆Lopunny kicks|ggs
|c|☆Coach Jones 6fifth|ggs
