|inactive|Battle timer is ON: inactive players will automatically lose when time's up.
|t:|1664118345
|gametype|singles
|player|p1|Nultiprise|bugsy|
|player|p2|Coach Jones 6fifth|lusamine-nihilego|
|teamsize|p1|6
|teamsize|p2|6
|gen|8
|tier|[Gen 8] OU
|rule|Sleep Clause Mod: Limit one foe put to sleep
|rule|Species Clause: Limit one of each Pokémon
|rule|OHKO Clause: OHKO moves are banned
|rule|Evasion Items Clause: Evasion items are banned
|rule|Evasion Moves Clause: Evasion moves are banned
|rule|Endless Battle Clause: Forcing endless battles is banned
|rule|HP Percentage Mod: HP is shown in percentages
|rule|Dynamax Clause: You cannot dynamax
|clearpoke
|poke|p1|Drampa, M|
|poke|p1|Kartana|
|poke|p1|Dragapult, F|
|poke|p1|Landorus-Therian, M|
|poke|p1|Rotom-Wash|
|poke|p1|Clefable, F|
|poke|p2|Rotom-Wash|
|poke|p2|Weavile, F|
|poke|p2|Corviknight, F|
|poke|p2|Garchomp, M|
|poke|p2|Heatran, M|
|poke|p2|Tornadus-Therian, M|
|teampreview
|c|☆Nultiprise|hf
|c|☆Coach Jones 6fifth|u2
|inactive|Coach Jones 6fifth has 270 seconds left.
|
|t:|1664118400
|start
|switch|p1a: Clefable|Clefable, F|100/100
|switch|p2a: Tornadus|Tornadus-Therian, M|100/100
|turn|1
|
|t:|1664118407
|move|p2a: Tornadus|Knock Off|p1a: Clefable
|-resisted|p1a: Clefable
|-damage|p1a: Clefable|93/100
|-damage|p2a: Tornadus|84/100|[from] item: Rocky Helmet|[of] p1a: Clefable
|-enditem|p1a: Clefable|Rocky Helmet|[from] move: Knock Off|[of] p2a: Tornadus
|move|p1a: Clefable|Knock Off|p2a: Tornadus
|-damage|p2a: Tornadus|70/100
|-enditem|p2a: Tornadus|Assault Vest|[from] move: Knock Off|[of] p1a: Clefable
|
|upkeep
|turn|2
|
|t:|1664118412
|switch|p1a: Rotom|Rotom-Wash|100/100
|move|p2a: Tornadus|U-turn|p1a: Rotom
|-damage|p1a: Rotom|88/100
|
|t:|1664118416
|switch|p2a: Rotom|Rotom-Wash|100/100|[from]move: U-turn
|
|-heal|p1a: Rotom|94/100|[from] item: Leftovers
|upkeep
|turn|3
|
|t:|1664118420
|move|p2a: Rotom|Volt Switch|p1a: Rotom
|-damage|p1a: Rotom|69/100
|
|t:|1664118422
|switch|p2a: Tornadus|Tornadus-Therian, M|100/100|[from]move: Volt Switch
|move|p1a: Rotom|Will-O-Wisp|p2a: Tornadus|[miss]
|-miss|p1a: Rotom|p2a: Tornadus
|
|-heal|p1a: Rotom|75/100|[from] item: Leftovers
|upkeep
|turn|4
|
|t:|1664118428
|move|p2a: Tornadus|U-turn|p1a: Rotom
|-damage|p1a: Rotom|63/100
|
|t:|1664118429
|switch|p2a: Rotom|Rotom-Wash|100/100|[from]move: U-turn
|move|p1a: Rotom|Will-O-Wisp|p2a: Rotom
|-status|p2a: Rotom|brn
|
|-heal|p1a: Rotom|69/100|[from] item: Leftovers
|-damage|p2a: Rotom|95/100 brn|[from] brn
|upkeep
|turn|5
|
|t:|1664118431
|move|p2a: Rotom|Will-O-Wisp|p1a: Rotom|[miss]
|-miss|p2a: Rotom|p1a: Rotom
|move|p1a: Rotom|Pain Split|p2a: Rotom
|-sethp|p2a: Rotom|82/100 brn|[from] move: Pain Split|[silent]
|-sethp|p1a: Rotom|82/100|[from] move: Pain Split
|
|-heal|p2a: Rotom|88/100 brn|[from] item: Leftovers
|-heal|p1a: Rotom|88/100|[from] item: Leftovers
|-damage|p2a: Rotom|82/100 brn|[from] brn
|upkeep
|turn|6
|
|t:|1664118436
|move|p2a: Rotom|Will-O-Wisp|p1a: Rotom
|-status|p1a: Rotom|brn
|move|p1a: Rotom|Volt Switch|p2a: Rotom
|-crit|p2a: Rotom
|-damage|p2a: Rotom|53/100 brn
|
|t:|1664118438
|switch|p1a: Dragapult|Dragapult, F|100/100|[from]move: Volt Switch
|
|-heal|p2a: Rotom|59/100 brn|[from] item: Leftovers
|-damage|p2a: Rotom|53/100 brn|[from] brn
|upkeep
|turn|7
|
|t:|1664118446
|switch|p2a: Heatran|Heatran, M|100/100
|move|p1a: Dragapult|Shadow Ball|p2a: Heatran
|-damage|p2a: Heatran|65/100
|
|-heal|p2a: Heatran|71/100|[from] item: Leftovers
|upkeep
|turn|8
|inactive|Coach Jones 6fifth has 270 seconds left.
|
|t:|1664118478
|switch|p1a: Drampa|Drampa, M|100/100
|move|p2a: Heatran|Magma Storm|p1a: Drampa|[miss]
|-miss|p2a: Heatran|p1a: Drampa
|
|-heal|p2a: Heatran|78/100|[from] item: Leftovers
|upkeep
|turn|9
|
|t:|1664118482
|move|p2a: Heatran|Toxic|p1a: Drampa
|-status|p1a: Drampa|tox
|move|p1a: Drampa|Glare|p2a: Heatran
|-status|p2a: Heatran|par
|
|-heal|p2a: Heatran|84/100 par|[from] item: Leftovers
|-damage|p1a: Drampa|94/100 tox|[from] psn
|upkeep
|turn|10
|
|t:|1664118485
|switch|p2a: Rotom|Rotom-Wash|53/100 brn
|switch|p1a: Rotom|Rotom-Wash|88/100 brn
|
|-heal|p2a: Rotom|59/100 brn|[from] item: Leftovers
|-heal|p1a: Rotom|94/100 brn|[from] item: Leftovers
|-damage|p2a: Rotom|53/100 brn|[from] brn
|-damage|p1a: Rotom|88/100 brn|[from] brn
|upkeep
|turn|11
|
|t:|1664118491
|move|p2a: Rotom|Pain Split|p1a: Rotom
|-sethp|p1a: Rotom|70/100 brn|[from] move: Pain Split|[silent]
|-sethp|p2a: Rotom|70/100 brn|[from] move: Pain Split
|move|p1a: Rotom|Volt Switch|p2a: Rotom
|-damage|p2a: Rotom|50/100 brn
|
|t:|1664118493
|switch|p1a: Dragapult|Dragapult, F|100/100|[from]move: Volt Switch
|
|-heal|p2a: Rotom|56/100 brn|[from] item: Leftovers
|-damage|p2a: Rotom|50/100 brn|[from] brn
|upkeep
|turn|12
|
|t:|1664118495
|move|p1a: Dragapult|Shadow Ball|p2a: Rotom
|-damage|p2a: Rotom|9/100 brn
|move|p2a: Rotom|Volt Switch|p1a: Dragapult
|-resisted|p1a: Dragapult
|-damage|p1a: Dragapult|84/100
|
|t:|1664118497
|switch|p2a: Weavile|Weavile, F, shiny|100/100|[from]move: Volt Switch
|-ability|p2a: Weavile|Pressure
|
|upkeep
|turn|13
|
|t:|1664118501
|switch|p1a: Drampa|Drampa, M|94/100 tox
|move|p2a: Weavile|Triple Axel|p1a: Drampa|[miss]
|-miss|p2a: Weavile|p1a: Drampa
|
|-heal|p1a: Drampa|100/100 tox|[from] item: Leftovers
|-damage|p1a: Drampa|94/100 tox|[from] psn
|upkeep
|turn|14
|
|t:|1664118503
|move|p2a: Weavile|Triple Axel|p1a: Drampa
|-supereffective|p1a: Drampa
|-damage|p1a: Drampa|58/100 tox
|-supereffective|p1a: Drampa
|-damage|p1a: Drampa|0 fnt
|faint|p1a: Drampa
|-hitcount|p1: Drampa|2
|
|upkeep
|
|t:|1664118505
|switch|p1a: Kartana|Kartana|100/100
|turn|15
|
|t:|1664118508
|switch|p1a: Dragapult|Dragapult, F|84/100
|switch|p2a: Corviknight|Corviknight, F, shiny|100/100
|-ability|p2a: Corviknight|Pressure
|
|upkeep
|turn|16
|
|t:|1664118512
|switch|p2a: Rotom|Rotom-Wash|9/100 brn
|move|p1a: Dragapult|Shadow Ball|p2a: Rotom
|-crit|p2a: Rotom
|-damage|p2a: Rotom|0 fnt
|faint|p2a: Rotom
|
|upkeep
|
|t:|1664118514
|switch|p2a: Weavile|Weavile, F, shiny|100/100
|-ability|p2a: Weavile|Pressure
|turn|17
|
|t:|1664118518
|switch|p1a: Rotom|Rotom-Wash|70/100 brn
|move|p2a: Weavile|Triple Axel|p1a: Rotom
|-resisted|p1a: Rotom
|-damage|p1a: Rotom|64/100 brn
|-resisted|p1a: Rotom
|-damage|p1a: Rotom|51/100 brn
|-resisted|p1a: Rotom
|-damage|p1a: Rotom|32/100 brn
|-hitcount|p1a: Rotom|3
|
|-heal|p1a: Rotom|38/100 brn|[from] item: Leftovers
|-damage|p1a: Rotom|32/100 brn|[from] brn
|upkeep
|turn|18
|
|t:|1664118521
|move|p2a: Weavile|Triple Axel|p1a: Rotom
|-resisted|p1a: Rotom
|-crit|p1a: Rotom
|-damage|p1a: Rotom|23/100 brn
|-resisted|p1a: Rotom
|-damage|p1a: Rotom|9/100 brn
|-resisted|p1a: Rotom
|-damage|p1a: Rotom|0 fnt
|faint|p1a: Rotom
|-hitcount|p1: Rotom|3
|
|upkeep
|
|t:|1664118523
|switch|p1a: Kartana|Kartana|100/100
|turn|19
|
|t:|1664118526
|switch|p1a: Dragapult|Dragapult, F|84/100
|switch|p2a: Tornadus|Tornadus-Therian, M|100/100
|
|upkeep
|turn|20
|
|t:|1664118530
|move|p1a: Dragapult|U-turn|p2a: Tornadus
|-resisted|p2a: Tornadus
|-damage|p2a: Tornadus|92/100
|
|t:|1664118531
|switch|p1a: Clefable|Clefable, F|93/100|[from]move: U-turn
|move|p2a: Tornadus|U-turn|p1a: Clefable
|-resisted|p1a: Clefable
|-damage|p1a: Clefable|87/100
|
|t:|1664118533
|switch|p2a: Weavile|Weavile, F, shiny|100/100|[from]move: U-turn
|-ability|p2a: Weavile|Pressure
|
|upkeep
|turn|21
|
|t:|1664118535
|move|p2a: Weavile|Iron Tail|p1a: Clefable|[miss]
|-miss|p2a: Weavile|p1a: Clefable
|move|p1a: Clefable|Moonblast|p2a: Weavile
|-supereffective|p2a: Weavile
|-damage|p2a: Weavile|17/100
|-unboost|p2a: Weavile|spa|1
|
|upkeep
|turn|22
|
|t:|1664118538
|move|p2a: Weavile|Iron Tail|p1a: Clefable
|-supereffective|p1a: Clefable
|-damage|p1a: Clefable|2/100
|move|p1a: Clefable|Moonblast|p2a: Weavile
|-supereffective|p2a: Weavile
|-damage|p2a: Weavile|0 fnt
|faint|p2a: Weavile
|
|upkeep
|
|t:|1664118542
|switch|p2a: Tornadus|Tornadus-Therian, M|100/100
|turn|23
|
|t:|1664118552
|switch|p1a: Landorus|Landorus-Therian, M|100/100
|-ability|p1a: Landorus|Intimidate|boost
|-unboost|p2a: Tornadus|atk|1
|move|p2a: Tornadus|Knock Off|p1a: Landorus
|-damage|p1a: Landorus|87/100
|-enditem|p1a: Landorus|Leftovers|[from] move: Knock Off|[of] p2a: Tornadus
|
|upkeep
|turn|24
|
|t:|1664118557
|move|p2a: Tornadus|U-turn|p1a: Landorus
|-resisted|p1a: Landorus
|-damage|p1a: Landorus|82/100
|
|t:|1664118558
|switch|p2a: Corviknight|Corviknight, F, shiny|100/100|[from]move: U-turn
|-ability|p2a: Corviknight|Pressure
|move|p1a: Landorus|U-turn|p2a: Corviknight
|-resisted|p2a: Corviknight
|-damage|p2a: Corviknight|97/100
|-damage|p1a: Landorus|65/100|[from] item: Rocky Helmet|[of] p2a: Corviknight
|
|t:|1664118561
|switch|p1a: Dragapult|Dragapult, F|84/100|[from]move: U-turn
|
|upkeep
|turn|25
|
|t:|1664118564
|move|p1a: Dragapult|Flamethrower|p2a: Corviknight
|-supereffective|p2a: Corviknight
|-damage|p2a: Corviknight|27/100
|-status|p2a: Corviknight|brn
|move|p2a: Corviknight|Roost|p2a: Corviknight
|-heal|p2a: Corviknight|77/100 brn
|-singleturn|p2a: Corviknight|move: Roost
|
|-damage|p2a: Corviknight|71/100 brn|[from] brn
|upkeep
|turn|26
|
|t:|1664118568
|switch|p1a: Clefable|Clefable, F|2/100
|switch|p2a: Garchomp|Garchomp, M|100/100
|
|upkeep
|turn|27
|
|t:|1664118572
|switch|p1a: Landorus|Landorus-Therian, M|65/100
|-ability|p1a: Landorus|Intimidate|boost
|-unboost|p2a: Garchomp|atk|1
|move|p2a: Garchomp|Stone Edge|p1a: Landorus
|-damage|p1a: Landorus|33/100
|-damage|p2a: Garchomp|91/100|[from] item: Life Orb
|
|upkeep
|turn|28
|
|t:|1664118575
|move|p2a: Garchomp|Stone Edge|p1a: Landorus|[miss]
|-miss|p2a: Garchomp|p1a: Landorus
|move|p1a: Landorus|Earthquake|p2a: Garchomp
|-damage|p2a: Garchomp|47/100
|
|upkeep
|turn|29
|
|t:|1664118579
|move|p2a: Garchomp|Stone Edge|p1a: Landorus
|-crit|p1a: Landorus
|-damage|p1a: Landorus|0 fnt
|faint|p1a: Landorus
|-damage|p2a: Garchomp|37/100|[from] item: Life Orb
|
|upkeep
|
|t:|1664118581
|switch|p1a: Dragapult|Dragapult, F|84/100
|turn|30
|
|t:|1664118583
|move|p1a: Dragapult|Shadow Ball|p2a: Garchomp
|-damage|p2a: Garchomp|0 fnt
|faint|p2a: Garchomp
|
|upkeep
|
|t:|1664118585
|switch|p2a: Tornadus|Tornadus-Therian, M|100/100
|turn|31
|
|t:|1664118595
|switch|p1a: Kartana|Kartana|100/100
|move|p2a: Tornadus|Knock Off|p1a: Kartana
|-damage|p1a: Kartana|80/100
|-enditem|p1a: Kartana|Choice Scarf|[from] move: Knock Off|[of] p2a: Tornadus
|
|upkeep
|turn|32
|
|t:|1664118600
|move|p2a: Tornadus|Heat Wave|p1a: Kartana
|-supereffective|p1a: Kartana
|-damage|p1a: Kartana|0 fnt
|faint|p1a: Kartana
|
|upkeep
|
|t:|1664118606
|switch|p1a: Dragapult|Dragapult, F|84/100
|turn|33
|
|t:|1664118611
|switch|p2a: Corviknight|Corviknight, F, shiny|71/100 brn
|-ability|p2a: Corviknight|Pressure
|move|p1a: Dragapult|Draco Meteor|p2a: Corviknight
|-resisted|p2a: Corviknight
|-damage|p2a: Corviknight|29/100 brn
|-unboost|p1a: Dragapult|spa|2
|
|-damage|p2a: Corviknight|23/100 brn|[from] brn
|upkeep
|turn|34
|
|t:|1664118615
|move|p1a: Dragapult|Draco Meteor|p2a: Corviknight|[miss]
|-miss|p1a: Dragapult|p2a: Corviknight
|move|p2a: Corviknight|U-turn|p1a: Dragapult
|-resisted|p1a: Dragapult
|-damage|p1a: Dragapult|80/100
|
|t:|1664118616
|switch|p2a: Tornadus|Tornadus-Therian, M|100/100|[from]move: U-turn
|
|upkeep
|turn|35
|
|t:|1664118622
|switch|p1a: Clefable|Clefable, F|2/100
|move|p2a: Tornadus|Knock Off|p1a: Clefable
|-resisted|p1a: Clefable
|-damage|p1a: Clefable|0 fnt
|faint|p1a: Clefable
|
|upkeep
|
|t:|1664118624
|switch|p1a: Dragapult|Dragapult, F|80/100
|turn|36
|
|t:|1664118627
|move|p1a: Dragapult|Shadow Ball|p2a: Tornadus
|-damage|p2a: Tornadus|49/100
|move|p2a: Tornadus|Knock Off|p1a: Dragapult
|-supereffective|p1a: Dragapult
|-damage|p1a: Dragapult|28/100
|-enditem|p1a: Dragapult|Choice Specs|[from] move: Knock Off|[of] p2a: Tornadus
|
|upkeep
|turn|37
|
|t:|1664118634
|switch|p2a: Corviknight|Corviknight, F, shiny|23/100 brn
|-ability|p2a: Corviknight|Pressure
|move|p1a: Dragapult|Shadow Ball|p2a: Corviknight
|-damage|p2a: Corviknight|0 fnt
|faint|p2a: Corviknight
|
|upkeep
|
|t:|1664118636
|switch|p2a: Tornadus|Tornadus-Therian, M|82/100
|turn|38
|
|t:|1664118638
|move|p1a: Dragapult|Draco Meteor|p2a: Tornadus
|-damage|p2a: Tornadus|19/100
|-unboost|p1a: Dragapult|spa|2
|move|p2a: Tornadus|Knock Off|p1a: Dragapult
|-supereffective|p1a: Dragapult
|-damage|p1a: Dragapult|0 fnt
|faint|p1a: Dragapult
|
|win|Coach Jones 6fifth
|c|☆Nultiprise|gg
|c|☆Coach Jones 6fifth|gg
