|inactive|Battle timer is ON: inactive players will automatically lose when time's up.
|player|p1|egalvanc|nate|
|player|p2|GeniusX|evelyn|
|teamsize|p1|6
|teamsize|p2|6
|gametype|singles
|gen|8
|tier|[Gen 8] OU
|clearpoke
|poke|p1|Heracross, F|
|poke|p1|Slowbro, F|
|poke|p1|Toxapex, F|
|poke|p1|Chansey, F|
|poke|p1|Hippowdon, F|
|poke|p1|Corviknight, M|
|poke|p2|Urshifu, F|
|poke|p2|Magearna|
|poke|p2|Slowbro, F|
|poke|p2|Dragapult, M|
|poke|p2|Chansey, F|
|poke|p2|Cinderace, M|
|rule|Sleep Clause Mod: Limit one foe put to sleep
|rule|Species Clause: Limit one of each Pokémon
|rule|OHKO Clause: OHKO moves are banned
|rule|Evasion Moves Clause: Evasion moves are banned
|rule|Endless Battle Clause: Forcing endless battles is banned
|rule|HP Percentage Mod: HP is shown in percentages
|rule|Dynamax Clause: You cannot dynamax
|teampreview
|inactive|GeniusX has 270 seconds left.
|
|start
|switch|p1a: Superior Urshifu|Heracross, F|100/100
|switch|p2a: Slowbro|Slowbro, F|100/100
|turn|1
|inactive|GeniusX has 270 seconds left.
|
|move|p1a: Superior Urshifu|Megahorn|p2a: Slowbro
|-supereffective|p2a: Slowbro
|-damage|p2a: Slowbro|0 fnt
|faint|p2a: Slowbro
|-ability|p1a: Superior Urshifu|Moxie|boost
|-boost|p1a: Superior Urshifu|atk|1
|
|upkeep
|inactive|GeniusX has 270 seconds left.
|
|switch|p2a: Cinderace|Cinderace, M|100/100
|turn|2
|c|+prajpran|wooooowww
|
|switch|p1a: Slowbro|Slowbro, F|100/100
|move|p2a: Cinderace|U-turn|p1a: Slowbro
|-start|p2a: Cinderace|typechange|Bug|[from] ability: Libero
|-supereffective|p1a: Slowbro
|-damage|p1a: Slowbro|59/100
|
|switch|p2a: Chansey|Chansey, F|100/100|[from]move: U-turn
|
|upkeep
|turn|3
|
|switch|p1a: Superior Urshifu|Heracross, F|100/100
|move|p2a: Chansey|Stealth Rock|p1a: Superior Urshifu
|-sidestart|p1: egalvanc|move: Stealth Rock
|
|upkeep
|turn|4
|
|switch|p2a: Magearna|Magearna|100/100
|move|p1a: Superior Urshifu|Knock Off|p2a: Magearna
|-resisted|p2a: Magearna
|-damage|p2a: Magearna|77/100
|-enditem|p2a: Magearna|Leftovers|[from] move: Knock Off|[of] p1a: Superior Urshifu
|
|upkeep
|turn|5
|
|switch|p1a: Toxapex|Toxapex, F|100/100
|-damage|p1a: Toxapex|88/100|[from] Stealth Rock
|move|p2a: Magearna|Calm Mind|p2a: Magearna
|-boost|p2a: Magearna|spa|1
|-boost|p2a: Magearna|spd|1
|
|-heal|p1a: Toxapex|94/100|[from] item: Black Sludge
|upkeep
|turn|6
|
|switch|p1a: Chansey|Chansey, F|100/100
|-damage|p1a: Chansey|88/100|[from] Stealth Rock
|move|p2a: Magearna|Calm Mind|p2a: Magearna
|-boost|p2a: Magearna|spa|1
|-boost|p2a: Magearna|spd|1
|
|upkeep
|turn|7
|
|move|p2a: Magearna|Calm Mind|p2a: Magearna
|-boost|p2a: Magearna|spa|1
|-boost|p2a: Magearna|spd|1
|move|p1a: Chansey|Thunder Wave|p2a: Magearna
|-status|p2a: Magearna|par
|
|upkeep
|turn|8
|
|move|p1a: Chansey|Seismic Toss|p2a: Magearna
|-damage|p2a: Magearna|49/100 par
|move|p2a: Magearna|Draining Kiss|p1a: Chansey
|-damage|p1a: Chansey|68/100
|-heal|p2a: Magearna|79/100 par|[from] drain|[of] p1a: Chansey
|
|upkeep
|turn|9
|
|move|p1a: Chansey|Seismic Toss|p2a: Magearna
|-damage|p2a: Magearna|52/100 par
|move|p2a: Magearna|Draining Kiss|p1a: Chansey
|-damage|p1a: Chansey|47/100
|-heal|p2a: Magearna|82/100 par|[from] drain|[of] p1a: Chansey
|
|upkeep
|turn|10
|c|+Tech Froakies|perdemos
|c|+K!ngSky|perdemos
|
|move|p1a: Chansey|Soft-Boiled|p1a: Chansey
|-heal|p1a: Chansey|97/100
|move|p2a: Magearna|Calm Mind|p2a: Magearna
|-boost|p2a: Magearna|spa|1
|-boost|p2a: Magearna|spd|1
|
|upkeep
|turn|11
|
|move|p1a: Chansey|Seismic Toss|p2a: Magearna
|-damage|p2a: Magearna|54/100 par
|cant|p2a: Magearna|par
|
|upkeep
|turn|12
|
|switch|p1a: Toxapex|Toxapex, F|100/100
|-damage|p1a: Toxapex|88/100|[from] Stealth Rock
|move|p2a: Magearna|Draining Kiss|p1a: Toxapex
|-resisted|p1a: Toxapex
|-damage|p1a: Toxapex|56/100
|-heal|p2a: Magearna|74/100 par|[from] drain|[of] p1a: Toxapex
|
|-heal|p1a: Toxapex|63/100|[from] item: Black Sludge
|upkeep
|turn|13
|c|@Perry #BLM|perdemos as fuck
|
|move|p1a: Toxapex|Haze|p1a: Toxapex
|-clearallboost
|move|p2a: Magearna|Thunderbolt|p1a: Toxapex
|-supereffective|p1a: Toxapex
|-damage|p1a: Toxapex|10/100
|-status|p1a: Toxapex|par
|
|-heal|p1a: Toxapex|16/100 par|[from] item: Black Sludge
|upkeep
|turn|14
|c|+Tech Froakies|yup
|c|+K!ngSky|.
|
|switch|p2a: Urshifu|Urshifu, F|100/100
|switch|p1a: Hippowdon|Hippowdon, F|100/100
|-damage|p1a: Hippowdon|94/100|[from] Stealth Rock
|-weather|Sandstorm|[from] ability: Sand Stream|[of] p1a: Hippowdon
|
|-weather|Sandstorm|[upkeep]
|-damage|p2a: Urshifu|94/100|[from] Sandstorm
|upkeep
|turn|15
|c|+K!ngSky|not suprising
|
|move|p2a: Urshifu|Wicked Blow|p1a: Hippowdon
|-crit|p1a: Hippowdon
|-damage|p1a: Hippowdon|41/100
|-damage|p2a: Urshifu|78/100|[from] item: Rocky Helmet|[of] p1a: Hippowdon
|move|p1a: Hippowdon|Earthquake|p2a: Urshifu
|-damage|p2a: Urshifu|37/100
|
|-weather|Sandstorm|[upkeep]
|-damage|p2a: Urshifu|30/100|[from] Sandstorm
|upkeep
|turn|16
|c|+K!ngSky|unviable gameplay 
|c|+capperrr|o
|
|switch|p2a: Cinderace|Cinderace, M|100/100
|move|p1a: Hippowdon|Earthquake|p2a: Cinderace
|-supereffective|p2a: Cinderace
|-damage|p2a: Cinderace|0 fnt
|faint|p2a: Cinderace
|
|-weather|Sandstorm|[upkeep]
|upkeep
|c|+capperrr|lmao
|c|+CasperXVI|basado
|c|+sablolol|PERDEMOS
|c|+ACRone|Lol
|c|+Tech Froakies|austriangeorge type shit
|c|+K!ngSky|?
|c|+Tech Froakies|KEK
|c|+capperrr|ganhamos
|
|switch|p2a: Urshifu|Urshifu, F|30/100
|turn|17
|
|move|p2a: Urshifu|Wicked Blow|p1a: Hippowdon
|-crit|p1a: Hippowdon
|-damage|p1a: Hippowdon|0 fnt
|-damage|p2a: Urshifu|14/100|[from] item: Rocky Helmet|[of] p1a: Hippowdon
|faint|p1a: Hippowdon
|
|-weather|Sandstorm|[upkeep]
|-damage|p2a: Urshifu|8/100|[from] Sandstorm
|upkeep
|
|switch|p1a: Corviknight|Corviknight, M|100/100
|-damage|p1a: Corviknight|88/100|[from] Stealth Rock
|-ability|p1a: Corviknight|Pressure
|turn|18
|
|switch|p2a: Dragapult|Dragapult, M|100/100
|move|p1a: Corviknight|U-turn|p2a: Dragapult
|-resisted|p2a: Dragapult
|-damage|p2a: Dragapult|91/100
|
|switch|p1a: Chansey|Chansey, F|97/100|[from]move: U-turn
|-damage|p1a: Chansey|84/100|[from] Stealth Rock
|
|-weather|none
|upkeep
|turn|19
|
|move|p2a: Dragapult|U-turn|p1a: Chansey
|-damage|p1a: Chansey|73/100
|
|switch|p2a: Magearna|Magearna|74/100 par|[from]move: U-turn
|move|p1a: Chansey|Thunder Wave|p2a: Magearna
|-fail|p2a: Magearna|par
|
|upkeep
|turn|20
|
|switch|p2a: Urshifu|Urshifu, F|8/100
|move|p1a: Chansey|Wish|p1a: Chansey
|
|upkeep
|turn|21
|
|switch|p1a: Corviknight|Corviknight, M|88/100
|-damage|p1a: Corviknight|76/100|[from] Stealth Rock
|-ability|p1a: Corviknight|Pressure
|move|p2a: Urshifu|Close Combat|p1a: Corviknight
|-damage|p1a: Corviknight|22/100
|-unboost|p2a: Urshifu|def|1
|-unboost|p2a: Urshifu|spd|1
|
|-heal|p1a: Corviknight|100/100|[from] move: Wish|[wisher] Chansey
|upkeep
|turn|22
|
|switch|p2a: Dragapult|Dragapult, M|91/100
|move|p1a: Corviknight|Defog|p2a: Dragapult
|-unboost|p2a: Dragapult|evasion|1
|-sideend|p1: egalvanc|Stealth Rock|[from] move: Defog|[of] p1a: Corviknight
|
|upkeep
|turn|23
|
|move|p2a: Dragapult|U-turn|p1a: Corviknight
|-resisted|p1a: Corviknight
|-damage|p1a: Corviknight|98/100
|
|switch|p2a: Chansey|Chansey, F|100/100|[from]move: U-turn
|move|p1a: Corviknight|U-turn|p2a: Chansey
|-damage|p2a: Chansey|92/100
|
|switch|p1a: Superior Urshifu|Heracross, F|100/100|[from]move: U-turn
|
|upkeep
|turn|24
|
|switch|p2a: Dragapult|Dragapult, M|91/100
|move|p1a: Superior Urshifu|Earthquake|p2a: Dragapult
|-damage|p2a: Dragapult|17/100
|
|upkeep
|turn|25
|c|+Tech Froakies|perdemos
|c|+CasperXVI|good hera nick btw
|
|move|p2a: Dragapult|U-turn|p1a: Superior Urshifu
|-resisted|p1a: Superior Urshifu
|-damage|p1a: Superior Urshifu|88/100
|
|switch|p2a: Chansey|Chansey, F|92/100|[from]move: U-turn
|move|p1a: Superior Urshifu|Earthquake|p2a: Chansey
|-damage|p2a: Chansey|55/100
|
|upkeep
|turn|26
|
|switch|p1a: Corviknight|Corviknight, M|98/100
|-ability|p1a: Corviknight|Pressure
|move|p2a: Chansey|Soft-Boiled|p2a: Chansey
|-heal|p2a: Chansey|100/100
|
|upkeep
|turn|27
|
|move|p1a: Corviknight|Body Press|p2a: Chansey
|-supereffective|p2a: Chansey
|-crit|p2a: Chansey
|-damage|p2a: Chansey|51/100
|move|p2a: Chansey|Teleport|p2a: Chansey
|
|switch|p2a: Magearna|Magearna|74/100 par|[from]move: Teleport
|
|upkeep
|turn|28
|
|switch|p2a: Dragapult|Dragapult, M|17/100
|move|p1a: Corviknight|U-turn|p2a: Dragapult
|-resisted|p2a: Dragapult
|-damage|p2a: Dragapult|7/100
|
|switch|p1a: Toxapex|Toxapex, F|50/100 par|[from]move: U-turn
|
|-heal|p1a: Toxapex|56/100 par|[from] item: Black Sludge
|upkeep
|turn|29
|
|switch|p1a: Chansey|Chansey, F|73/100
|move|p2a: Dragapult|U-turn|p1a: Chansey
|-crit|p1a: Chansey
|-damage|p1a: Chansey|57/100
|
|switch|p2a: Urshifu|Urshifu, F|8/100|[from]move: U-turn
|
|upkeep
|turn|30
|
|switch|p1a: Corviknight|Corviknight, M|98/100
|-ability|p1a: Corviknight|Pressure
|move|p2a: Urshifu|Wicked Blow|p1a: Corviknight
|-crit|p1a: Corviknight
|-damage|p1a: Corviknight|44/100
|
|upkeep
|turn|31
|
|move|p2a: Urshifu|Wicked Blow|p1a: Corviknight
|-crit|p1a: Corviknight
|-damage|p1a: Corviknight|0 fnt
|faint|p1a: Corviknight
|
|upkeep
|
|switch|p1a: Superior Urshifu|Heracross, F|88/100
|turn|32
|
|move|p2a: Urshifu|Wicked Blow|p1a: Superior Urshifu
|-resisted|p1a: Superior Urshifu
|-crit|p1a: Superior Urshifu
|-damage|p1a: Superior Urshifu|15/100
|move|p1a: Superior Urshifu|Earthquake|p2a: Urshifu
|-damage|p2a: Urshifu|0 fnt
|faint|p2a: Urshifu
|-ability|p1a: Superior Urshifu|Moxie|boost
|-boost|p1a: Superior Urshifu|atk|1
|
|upkeep
|
|switch|p2a: Dragapult|Dragapult, M|7/100
|turn|33
|
|switch|p1a: Toxapex|Toxapex, F|89/100 par
|move|p2a: Dragapult|Draco Meteor|p1a: Toxapex
|-damage|p1a: Toxapex|41/100 par
|-unboost|p2a: Dragapult|spa|2
|
|-heal|p1a: Toxapex|47/100 par|[from] item: Black Sludge
|upkeep
|turn|34
|
|switch|p1a: Chansey|Chansey, F|57/100
|move|p2a: Dragapult|U-turn|p1a: Chansey
|-damage|p1a: Chansey|46/100
|
|switch|p2a: Chansey|Chansey, F|51/100|[from]move: U-turn
|
|upkeep
|turn|35
|
|move|p1a: Chansey|Soft-Boiled|p1a: Chansey
|-heal|p1a: Chansey|96/100
|move|p2a: Chansey|Stealth Rock|p1a: Chansey
|-sidestart|p1: egalvanc|move: Stealth Rock
|
|upkeep
|turn|36
|
|move|p1a: Chansey|Thunder Wave|p2a: Chansey|[miss]
|-miss|p1a: Chansey|p2a: Chansey
|move|p2a: Chansey|Soft-Boiled|p2a: Chansey
|-heal|p2a: Chansey|100/100
|
|upkeep
|turn|37
|
|move|p2a: Chansey|Seismic Toss|p1a: Chansey
|-damage|p1a: Chansey|82/100
|move|p1a: Chansey|Thunder Wave|p2a: Chansey
|-status|p2a: Chansey|par
|
|upkeep
|turn|38
|
|move|p1a: Chansey|Wish|p1a: Chansey
|move|p2a: Chansey|Seismic Toss|p1a: Chansey
|-damage|p1a: Chansey|68/100
|
|upkeep
|turn|39
|
|move|p1a: Chansey|Seismic Toss|p2a: Chansey
|-damage|p2a: Chansey|86/100 par
|move|p2a: Chansey|Teleport|p2a: Chansey
|
|switch|p2a: Magearna|Magearna|74/100 par|[from]move: Teleport
|
|-heal|p1a: Chansey|100/100|[from] move: Wish|[wisher] Chansey
|upkeep
|turn|40
|
|switch|p2a: Chansey|Chansey, F|86/100
|move|p1a: Chansey|Seismic Toss|p2a: Chansey
|-damage|p2a: Chansey|72/100
|
|upkeep
|turn|41
|
|move|p1a: Chansey|Wish|p1a: Chansey
|move|p2a: Chansey|Seismic Toss|p1a: Chansey
|-damage|p1a: Chansey|86/100
|
|upkeep
|turn|42
|
|move|p1a: Chansey|Thunder Wave|p2a: Chansey
|-status|p2a: Chansey|par
|move|p2a: Chansey|Soft-Boiled|p2a: Chansey
|-heal|p2a: Chansey|100/100 par
|
|-heal|p1a: Chansey|100/100|[from] move: Wish|[wisher] Chansey
|upkeep
|turn|43
|
|move|p1a: Chansey|Seismic Toss|p2a: Chansey
|-damage|p2a: Chansey|86/100 par
|move|p2a: Chansey|Seismic Toss|p1a: Chansey
|-damage|p1a: Chansey|86/100
|
|upkeep
|turn|44
|
|move|p1a: Chansey|Seismic Toss|p2a: Chansey
|-damage|p2a: Chansey|72/100 par
|cant|p2a: Chansey|par
|
|upkeep
|turn|45
|
|move|p1a: Chansey|Seismic Toss|p2a: Chansey
|-damage|p2a: Chansey|58/100 par
|move|p2a: Chansey|Seismic Toss|p1a: Chansey
|-damage|p1a: Chansey|72/100
|
|upkeep
|turn|46
|
|switch|p1a: Superior Urshifu|Heracross, F|15/100
|-damage|p1a: Superior Urshifu|3/100|[from] Stealth Rock
|move|p2a: Chansey|Soft-Boiled|p2a: Chansey
|-heal|p2a: Chansey|100/100 par
|
|upkeep
|turn|47
|
|move|p1a: Superior Urshifu|Earthquake|p2a: Chansey
|-damage|p2a: Chansey|62/100 par
|move|p2a: Chansey|Seismic Toss|p1a: Superior Urshifu
|-damage|p1a: Superior Urshifu|0 fnt
|faint|p1a: Superior Urshifu
|
|upkeep
|
|switch|p1a: Chansey|Chansey, F|72/100
|-damage|p1a: Chansey|60/100|[from] Stealth Rock
|turn|48
|
|move|p1a: Chansey|Soft-Boiled|p1a: Chansey
|-heal|p1a: Chansey|100/100
|move|p2a: Chansey|Seismic Toss|p1a: Chansey
|-damage|p1a: Chansey|86/100
|
|upkeep
|turn|49
|
|switch|p1a: Slowbro|Slowbro, F|92/100
|move|p2a: Chansey|Seismic Toss|p1a: Slowbro
|-damage|p1a: Slowbro|67/100
|
|upkeep
|turn|50
|
|move|p1a: Slowbro|Future Sight|p2a: Chansey
|-start|p1a: Slowbro|move: Future Sight
|move|p2a: Chansey|Teleport|p2a: Chansey
|
|-curestatus|p2a: Chansey|par|[from] ability: Natural Cure
|switch|p2a: Dragapult|Dragapult, M|7/100|[from]move: Teleport
|
|upkeep
|turn|51
|
|switch|p1a: Chansey|Chansey, F|86/100
|-damage|p1a: Chansey|74/100|[from] Stealth Rock
|move|p2a: Dragapult|U-turn|p1a: Chansey
|-damage|p1a: Chansey|63/100
|
|switch|p2a: Chansey|Chansey, F|62/100|[from]move: U-turn
|
|upkeep
|turn|52
|
|move|p1a: Chansey|Thunder Wave|p2a: Chansey
|-status|p2a: Chansey|par
|move|p2a: Chansey|Seismic Toss|p1a: Chansey
|-damage|p1a: Chansey|49/100
|
|-end|p2a: Chansey|move: Future Sight
|-damage|p2a: Chansey|48/100 par
|upkeep
|turn|53
|
|move|p1a: Chansey|Soft-Boiled|p1a: Chansey
|-heal|p1a: Chansey|99/100
|cant|p2a: Chansey|par
|
|upkeep
|turn|54
|
|switch|p1a: Slowbro|Slowbro, F|99/100
|cant|p2a: Chansey|par
|
|upkeep
|turn|55
|
|move|p1a: Slowbro|Future Sight|p2a: Chansey
|-start|p1a: Slowbro|move: Future Sight
|cant|p2a: Chansey|par
|
|upkeep
|turn|56
|
|move|p1a: Slowbro|Scald|p2a: Chansey
|-damage|p2a: Chansey|40/100 par
|cant|p2a: Chansey|par
|
|upkeep
|turn|57
|
|move|p1a: Slowbro|Scald|p2a: Chansey
|-damage|p2a: Chansey|32/100 par
|move|p2a: Chansey|Soft-Boiled|p2a: Chansey
|-heal|p2a: Chansey|82/100 par
|
|-end|p2a: Chansey|move: Future Sight
|-damage|p2a: Chansey|69/100 par
|upkeep
|turn|58
|
|move|p1a: Slowbro|Future Sight|p2a: Chansey
|-start|p1a: Slowbro|move: Future Sight
|move|p2a: Chansey|Teleport|p2a: Chansey
|
|-curestatus|p2a: Chansey|par|[from] ability: Natural Cure
|switch|p2a: Dragapult|Dragapult, M|7/100|[from]move: Teleport
|
|upkeep
|turn|59
|
|switch|p1a: Chansey|Chansey, F|99/100
|-damage|p1a: Chansey|87/100|[from] Stealth Rock
|move|p2a: Dragapult|U-turn|p1a: Chansey
|-damage|p1a: Chansey|75/100
|
|switch|p2a: Chansey|Chansey, F|69/100|[from]move: U-turn
|
|upkeep
|turn|60
|
|move|p1a: Chansey|Seismic Toss|p2a: Chansey
|-damage|p2a: Chansey|55/100
|move|p2a: Chansey|Seismic Toss|p1a: Chansey
|-damage|p1a: Chansey|61/100
|
|-end|p2a: Chansey|move: Future Sight
|-damage|p2a: Chansey|42/100
|upkeep
|turn|61
|
|move|p1a: Chansey|Thunder Wave|p2a: Chansey
|-status|p2a: Chansey|par
|move|p2a: Chansey|Soft-Boiled|p2a: Chansey
|-heal|p2a: Chansey|92/100 par
|
|upkeep
|turn|62
|
|move|p1a: Chansey|Soft-Boiled|p1a: Chansey
|-heal|p1a: Chansey|100/100
|move|p2a: Chansey|Seismic Toss|p1a: Chansey
|-damage|p1a: Chansey|86/100
|
|upkeep
|turn|63
|
|switch|p1a: Toxapex|Toxapex, F|80/100 par
|-damage|p1a: Toxapex|68/100 par|[from] Stealth Rock
|move|p2a: Chansey|Seismic Toss|p1a: Toxapex
|-damage|p1a: Toxapex|35/100 par
|
|-heal|p1a: Toxapex|41/100 par|[from] item: Black Sludge
|upkeep
|turn|64
|
|switch|p1a: Slowbro|Slowbro, F|100/100
|cant|p2a: Chansey|par
|
|upkeep
|turn|65
|
|switch|p1a: Toxapex|Toxapex, F|74/100 par
|-damage|p1a: Toxapex|62/100 par|[from] Stealth Rock
|move|p2a: Chansey|Teleport|p2a: Chansey
|
|-curestatus|p2a: Chansey|par|[from] ability: Natural Cure
|switch|p2a: Magearna|Magearna|74/100 par|[from]move: Teleport
|
|-heal|p1a: Toxapex|68/100 par|[from] item: Black Sludge
|upkeep
|turn|66
|
|cant|p2a: Magearna|par
|cant|p1a: Toxapex|par
|
|-heal|p1a: Toxapex|74/100 par|[from] item: Black Sludge
|upkeep
|turn|67
|
|switch|p1a: Chansey|Chansey, F|86/100
|-damage|p1a: Chansey|74/100|[from] Stealth Rock
|move|p2a: Magearna|Calm Mind|p2a: Magearna
|-boost|p2a: Magearna|spa|1
|-boost|p2a: Magearna|spd|1
|
|upkeep
|turn|68
|
|move|p1a: Chansey|Seismic Toss|p2a: Magearna
|-damage|p2a: Magearna|47/100 par
|move|p2a: Magearna|Calm Mind|p2a: Magearna
|-boost|p2a: Magearna|spa|1
|-boost|p2a: Magearna|spd|1
|
|upkeep
|turn|69
|
|move|p1a: Chansey|Seismic Toss|p2a: Magearna
|-damage|p2a: Magearna|19/100 par
|move|p2a: Magearna|Draining Kiss|p1a: Chansey
|-damage|p1a: Chansey|57/100
|-heal|p2a: Magearna|44/100 par|[from] drain|[of] p1a: Chansey
|
|upkeep
|turn|70
|
|move|p1a: Chansey|Seismic Toss|p2a: Magearna
|-damage|p2a: Magearna|17/100 par
|move|p2a: Magearna|Draining Kiss|p1a: Chansey
|-damage|p1a: Chansey|39/100
|-heal|p2a: Magearna|42/100 par|[from] drain|[of] p1a: Chansey
|
|upkeep
|turn|71
|
|move|p1a: Chansey|Seismic Toss|p2a: Magearna
|-damage|p2a: Magearna|14/100 par
|cant|p2a: Magearna|par
|
|upkeep
|turn|72
|inactive|GeniusX has 270 seconds left.
|
|move|p1a: Chansey|Seismic Toss|p2a: Magearna
|-damage|p2a: Magearna|0 fnt
|faint|p2a: Magearna
|
|upkeep
|
|switch|p2a: Chansey|Chansey, F|92/100
|turn|73
|
|move|p2a: Chansey|Seismic Toss|p1a: Chansey
|-damage|p1a: Chansey|25/100
|move|p1a: Chansey|Soft-Boiled|p1a: Chansey
|-heal|p1a: Chansey|75/100
|
|upkeep
|turn|74
|
|move|p1a: Chansey|Thunder Wave|p2a: Chansey|[miss]
|-miss|p1a: Chansey|p2a: Chansey
|move|p2a: Chansey|Seismic Toss|p1a: Chansey
|-damage|p1a: Chansey|61/100
|
|upkeep
|turn|75
|
|move|p1a: Chansey|Wish|p1a: Chansey
|move|p2a: Chansey|Seismic Toss|p1a: Chansey
|-damage|p1a: Chansey|47/100
|
|upkeep
|turn|76
|c|+K!ngSky|gg
|c|☆egalvanc|gg
|
|move|p1a: Chansey|Seismic Toss|p2a: Chansey
|-damage|p2a: Chansey|78/100
|move|p2a: Chansey|Teleport|p2a: Chansey
|
|switch|p2a: Dragapult|Dragapult, M|7/100|[from]move: Teleport
|
|-heal|p1a: Chansey|97/100|[from] move: Wish|[wisher] Chansey
|upkeep
|turn|77
|
|move|p2a: Dragapult|Thunder Wave|p1a: Chansey
|-status|p1a: Chansey|par
|move|p1a: Chansey|Thunder Wave|p2a: Dragapult
|-status|p2a: Dragapult|par
|
|upkeep
|turn|78
|c|+Tech Froakies|ganhamos
|
|switch|p2a: Chansey|Chansey, F|78/100
|cant|p1a: Chansey|par
|
|upkeep
|turn|79
|
|switch|p1a: Toxapex|Toxapex, F|100/100 par
|-damage|p1a: Toxapex|88/100 par|[from] Stealth Rock
|move|p2a: Chansey|Seismic Toss|p1a: Toxapex
|-damage|p1a: Toxapex|55/100 par
|
|-heal|p1a: Toxapex|61/100 par|[from] item: Black Sludge
|upkeep
|turn|80
|
|switch|p1a: Slowbro|Slowbro, F|100/100
|move|p2a: Chansey|Seismic Toss|p1a: Slowbro
|-damage|p1a: Slowbro|75/100
|
|upkeep
|turn|81
|c|+CasperXVI|and dis is all bc he didnt knock the chansey
|inactive|GeniusX has 270 seconds left.
|c|+K!ngSky|kek
|
|move|p1a: Slowbro|Future Sight|p2a: Chansey
|-start|p1a: Slowbro|move: Future Sight
|move|p2a: Chansey|Teleport|p2a: Chansey
|
|switch|p2a: Dragapult|Dragapult, M|7/100 par|[from]move: Teleport
|
|upkeep
|turn|82
|inactive|GeniusX has 270 seconds left.
|
|move|p2a: Dragapult|U-turn|p1a: Slowbro
|-supereffective|p1a: Slowbro
|-damage|p1a: Slowbro|57/100
|
|switch|p2a: Chansey|Chansey, F|78/100|[from]move: U-turn
|move|p1a: Slowbro|Scald|p2a: Chansey
|-damage|p2a: Chansey|68/100
|
|upkeep
|turn|83
|
|move|p2a: Chansey|Seismic Toss|p1a: Slowbro
|-damage|p1a: Slowbro|31/100
|move|p1a: Slowbro|Scald|p2a: Chansey
|-crit|p2a: Chansey
|-damage|p2a: Chansey|55/100
|
|-end|p2a: Chansey|move: Future Sight
|-damage|p2a: Chansey|42/100
|upkeep
|turn|84
|
|move|p2a: Chansey|Seismic Toss|p1a: Slowbro
|-damage|p1a: Slowbro|6/100
|move|p1a: Slowbro|Slack Off|p1a: Slowbro
|-heal|p1a: Slowbro|56/100
|
|upkeep
|turn|85
|
|move|p2a: Chansey|Soft-Boiled|p2a: Chansey
|-heal|p2a: Chansey|92/100
|move|p1a: Slowbro|Future Sight|p2a: Chansey
|-start|p1a: Slowbro|move: Future Sight
|
|upkeep
|turn|86
|
|move|p2a: Chansey|Seismic Toss|p1a: Slowbro
|-damage|p1a: Slowbro|31/100
|move|p1a: Slowbro|Slack Off|p1a: Slowbro
|-heal|p1a: Slowbro|81/100
|
|upkeep
|turn|87
|
|move|p2a: Chansey|Seismic Toss|p1a: Slowbro
|-damage|p1a: Slowbro|55/100
|move|p1a: Slowbro|Scald|p2a: Chansey
|-damage|p2a: Chansey|83/100
|-status|p2a: Chansey|brn
|
|-end|p2a: Chansey|move: Future Sight
|-damage|p2a: Chansey|71/100 brn
|-damage|p2a: Chansey|65/100 brn|[from] brn
|upkeep
|turn|88
|
|move|p2a: Chansey|Seismic Toss|p1a: Slowbro
|-damage|p1a: Slowbro|30/100
|move|p1a: Slowbro|Future Sight|p2a: Chansey
|-start|p1a: Slowbro|move: Future Sight
|
|-damage|p2a: Chansey|59/100 brn|[from] brn
|upkeep
|turn|89
|
|move|p1a: Slowbro|Slack Off|p1a: Slowbro
|-heal|p1a: Slowbro|80/100
|move|p2a: Chansey|Teleport|p2a: Chansey
|
|-curestatus|p2a: Chansey|brn|[from] ability: Natural Cure
|switch|p2a: Dragapult|Dragapult, M|7/100 par|[from]move: Teleport
|
|upkeep
|turn|90
|
|switch|p1a: Chansey|Chansey, F|97/100
|-damage|p1a: Chansey|84/100|[from] Stealth Rock
|move|p2a: Dragapult|U-turn|p1a: Chansey
|-crit|p1a: Chansey
|-damage|p1a: Chansey|68/100
|
|switch|p2a: Chansey|Chansey, F|59/100|[from]move: U-turn
|
|-end|p2a: Chansey|move: Future Sight
|-damage|p2a: Chansey|47/100
|upkeep
|turn|91
|
|move|p1a: Chansey|Seismic Toss|p2a: Chansey
|-damage|p2a: Chansey|33/100
|move|p2a: Chansey|Seismic Toss|p1a: Chansey
|-damage|p1a: Chansey|54/100
|
|upkeep
|turn|92
|
|move|p1a: Chansey|Soft-Boiled|p1a: Chansey
|-heal|p1a: Chansey|100/100
|move|p2a: Chansey|Soft-Boiled|p2a: Chansey
|-heal|p2a: Chansey|83/100
|
|upkeep
|turn|93
|
|switch|p1a: Toxapex|Toxapex, F|95/100 par
|-damage|p1a: Toxapex|82/100 par|[from] Stealth Rock
|move|p2a: Chansey|Stealth Rock||[still]
|-fail|p2a: Chansey
|
|-heal|p1a: Toxapex|88/100 par|[from] item: Black Sludge
|upkeep
|turn|94
|-message|GeniusX forfeited.
|
|win|egalvanc
|c|☆GeniusX|gg
|c|☆egalvanc|gg
|c|+Tech Froakies|nooo
|c|+Tech Froakies|tentamos
|c|+Xevara †|egal mi padre.
|c|+CasperXVI|basado egalvanc
