|inactive|Battle timer is ON: inactive players will automatically lose when time's up.
|t:|1665234746
|gametype|singles
|player|p1|andviet|1|
|player|p2|Pok et glace|1|
|teamsize|p1|6
|teamsize|p2|6
|gen|8
|tier|[Gen 8] OU
|rule|Sleep Clause Mod: Limit one foe put to sleep
|rule|Species Clause: Limit one of each Pokémon
|rule|OHKO Clause: OHKO moves are banned
|rule|Evasion Items Clause: Evasion items are banned
|rule|Evasion Moves Clause: Evasion moves are banned
|rule|Endless Battle Clause: Forcing endless battles is banned
|rule|HP Percentage Mod: HP is shown in percentages
|rule|Dynamax Clause: You cannot dynamax
|clearpoke
|poke|p1|Landorus-Therian, M|
|poke|p1|Toxapex, M|
|poke|p1|Heatran, M|
|poke|p1|Blissey, F|
|poke|p1|Urshifu-*, M|
|poke|p1|Dragapult, M|
|poke|p2|Mew|
|poke|p2|Crawdaunt, F|
|poke|p2|Celesteela|
|poke|p2|Garchomp, F|
|poke|p2|Weavile, F|
|poke|p2|Blacephalon|
|teampreview
|c|☆Pok et glace|hf
|c|☆andviet|u2
|inactive|andviet has 270 seconds left.
|inactive|Pok et glace has 270 seconds left.
|inactive|Pok et glace has 240 seconds left.
|inactive|Pok et glace has 210 seconds left.
|
|t:|1665234850
|start
|switch|p1a: Urshifu|Urshifu-Rapid-Strike, M|100/100
|switch|p2a: Sperm thing|Mew|100/100
|turn|1
|
|t:|1665234865
|move|p2a: Sperm thing|Stealth Rock|p1a: Urshifu
|-sidestart|p1: andviet|move: Stealth Rock
|move|p1a: Urshifu|Surging Strikes|p2a: Sperm thing
|-crit|p2a: Sperm thing
|-damage|p2a: Sperm thing|73/100
|-crit|p2a: Sperm thing
|-damage|p2a: Sperm thing|44/100
|-crit|p2a: Sperm thing
|-damage|p2a: Sperm thing|15/100
|-hitcount|p2a: Sperm thing|3
|
|upkeep
|turn|2
|inactive|Pok et glace has 270 seconds left.
|
|t:|1665234877
|move|p2a: Sperm thing|Spikes|p1a: Urshifu
|-sidestart|p1: andviet|Spikes
|move|p1a: Urshifu|Surging Strikes|p2a: Sperm thing
|-crit|p2a: Sperm thing
|-damage|p2a: Sperm thing|0 fnt
|faint|p2a: Sperm thing
|-hitcount|p2: Sperm thing|1
|
|upkeep
|
|t:|1665234883
|switch|p2a: Bod|Celesteela|100/100
|turn|3
|
|t:|1665234890
|switch|p1a: Blissey|Blissey, F|100/100
|move|p2a: Bod|Air Slash|p1a: Blissey
|-damage|p1a: Blissey|88/100
|
|upkeep
|turn|4
|
|t:|1665234895
|switch|p2a: Jaw|Crawdaunt, F|100/100
|move|p1a: Blissey|Teleport|p1a: Blissey
|
|t:|1665234907
|switch|p1a: Urshifu|Urshifu-Rapid-Strike, M|100/100|[from]move: Teleport
|-damage|p1a: Urshifu|94/100|[from] Stealth Rock
|-damage|p1a: Urshifu|82/100|[from] Spikes
|
|upkeep
|turn|5
|
|t:|1665234914
|switch|p2a: Bod|Celesteela|100/100
|move|p1a: Urshifu|U-turn|p2a: Bod
|-resisted|p2a: Bod
|-damage|p2a: Bod|91/100
|
|t:|1665234919
|switch|p1a: Blissey|Blissey, F|88/100|[from]move: U-turn
|
|upkeep
|turn|6
|
|t:|1665234924
|switch|p2a: Jaw|Crawdaunt, F|100/100
|move|p1a: Blissey|Seismic Toss|p2a: Jaw
|-damage|p2a: Jaw|63/100
|
|upkeep
|turn|7
|
|t:|1665234948
|switch|p1a: Landorus|Landorus-Therian, M|100/100
|-damage|p1a: Landorus|88/100|[from] Stealth Rock
|-ability|p1a: Landorus|Intimidate|boost
|-unboost|p2a: Jaw|atk|1
|move|p2a: Jaw|Knock Off|p1a: Landorus
|-damage|p1a: Landorus|32/100
|-enditem|p1a: Landorus|Leftovers|[from] move: Knock Off|[of] p2a: Jaw
|-damage|p2a: Jaw|53/100|[from] item: Life Orb
|
|upkeep
|turn|8
|
|t:|1665234959
|switch|p1a: Urshifu|Urshifu-Rapid-Strike, M|82/100
|-damage|p1a: Urshifu|76/100|[from] Stealth Rock
|-damage|p1a: Urshifu|64/100|[from] Spikes
|move|p2a: Jaw|Aqua Jet|p1a: Urshifu
|-resisted|p1a: Urshifu
|-damage|p1a: Urshifu|50/100
|-damage|p2a: Jaw|44/100|[from] item: Life Orb
|
|upkeep
|turn|9
|
|t:|1665234968
|switch|p2a: Bod|Celesteela|91/100
|move|p1a: Urshifu|Surging Strikes|p2a: Bod
|-crit|p2a: Bod
|-damage|p2a: Bod|59/100
|-crit|p2a: Bod
|-damage|p2a: Bod|29/100
|-crit|p2a: Bod
|-damage|p2a: Bod|0 fnt
|faint|p2a: Bod
|-hitcount|p2: Bod|3
|
|upkeep
|
|t:|1665234977
|switch|p2a: Garchomp|Garchomp, F|100/100
|turn|10
|inactive|andviet has 270 seconds left.
|
|t:|1665235031
|move|p2a: Garchomp|Earthquake|p1a: Urshifu
|-damage|p1a: Urshifu|0 fnt
|faint|p1a: Urshifu
|
|upkeep
|inactive|andviet has 240 seconds left.
|
|t:|1665235049
|switch|p1a: Dragapult|Dragapult, M|100/100
|-damage|p1a: Dragapult|88/100|[from] Stealth Rock
|-damage|p1a: Dragapult|76/100|[from] Spikes
|turn|11
|inactive|andviet has 240 seconds left.
|
|t:|1665235060
|switch|p2a: Jaw|Crawdaunt, F|44/100
|move|p1a: Dragapult|Draco Meteor|p2a: Jaw
|-damage|p2a: Jaw|0 fnt
|-unboost|p1a: Dragapult|spa|2
|faint|p2a: Jaw
|
|upkeep
|
|t:|1665235070
|switch|p2a: Hair|Weavile, F|100/100
|turn|12
|
|t:|1665235077
|move|p1a: Dragapult|Draco Meteor|p2a: Hair
|-damage|p2a: Hair|39/100
|-unboost|p1a: Dragapult|spa|2
|move|p2a: Hair|Swords Dance|p2a: Hair
|-boost|p2a: Hair|atk|2
|
|upkeep
|turn|13
|inactive|andviet has 240 seconds left.
|
|t:|1665235106
|switch|p1a: Landorus|Landorus-Therian, M|32/100
|-damage|p1a: Landorus|20/100|[from] Stealth Rock
|-ability|p1a: Landorus|Intimidate|boost
|-unboost|p2a: Hair|atk|1
|move|p2a: Hair|Knock Off|p1a: Landorus
|-damage|p1a: Landorus|0 fnt
|faint|p1a: Landorus
|-damage|p2a: Hair|29/100|[from] item: Life Orb
|
|upkeep
|
|t:|1665235112
|switch|p1a: Heatran|Heatran, M|100/100
|-damage|p1a: Heatran|88/100|[from] Stealth Rock
|-damage|p1a: Heatran|76/100|[from] Spikes
|turn|14
|
|t:|1665235118
|move|p2a: Hair|Knock Off|p1a: Heatran
|-damage|p1a: Heatran|0 fnt
|-enditem|p1a: Heatran|Choice Specs|[from] move: Knock Off|[of] p2a: Hair
|faint|p1a: Heatran
|-damage|p2a: Hair|19/100|[from] item: Life Orb
|
|upkeep
|inactive|andviet has 240 seconds left.
|inactive|andviet has 210 seconds left.
|
|t:|1665235178
|switch|p1a: Toxapex|Toxapex, M|100/100
|-damage|p1a: Toxapex|88/100|[from] Stealth Rock
|-damage|p1a: Toxapex|75/100|[from] Spikes
|turn|15
|
|t:|1665235189
|move|p1a: Toxapex|Baneful Bunker|p1a: Toxapex
|-singleturn|p1a: Toxapex|move: Protect
|move|p2a: Hair|Knock Off|p1a: Toxapex
|-activate|p1a: Toxapex|move: Protect
|-status|p2a: Hair|psn
|
|-damage|p2a: Hair|6/100 psn|[from] psn
|upkeep
|turn|16
|
|t:|1665235205
|move|p2a: Hair|Knock Off|p1a: Toxapex
|-damage|p1a: Toxapex|15/100
|-damage|p2a: Hair|0 fnt|[from] item: Rocky Helmet|[of] p1a: Toxapex
|faint|p2a: Hair
|move|p1a: Toxapex|Recover|p1a: Toxapex
|-heal|p1a: Toxapex|65/100
|
|upkeep
|
|t:|1665235208
|switch|p2a: Garchomp|Garchomp, F|100/100
|turn|17
|inactive|andviet has 180 seconds left.
|inactive|andviet has 150 seconds left.
|
|t:|1665235274
|move|p2a: Garchomp|Scale Shot|p1a: Toxapex
|-damage|p1a: Toxapex|57/100
|-damage|p1a: Toxapex|49/100
|-damage|p1a: Toxapex|40/100
|-hitcount|p1a: Toxapex|3
|-unboost|p2a: Garchomp|def|1
|-boost|p2a: Garchomp|spe|1
|move|p1a: Toxapex|Scald|p2a: Garchomp
|-damage|p2a: Garchomp|82/100
|
|upkeep
|turn|18
|inactive|andviet has 150 seconds left.
|
|t:|1665235286
|move|p1a: Toxapex|Baneful Bunker|p1a: Toxapex
|-singleturn|p1a: Toxapex|move: Protect
|move|p2a: Garchomp|Earthquake|p1a: Toxapex
|-activate|p1a: Toxapex|move: Protect
|
|upkeep
|turn|19
|inactive|andviet has 150 seconds left.
|inactive|andviet has 120 seconds left.
|inactive|andviet has 90 seconds left.
|
|t:|1665235359
|switch|p1a: Blissey|Blissey, F|88/100
|move|p2a: Garchomp|Earthquake|p1a: Blissey
|-damage|p1a: Blissey|46/100
|
|upkeep
|turn|20
|inactive|andviet has 90 seconds left.
|
|t:|1665235372
|move|p2a: Garchomp|Swords Dance|p2a: Garchomp
|-boost|p2a: Garchomp|atk|2
|move|p1a: Blissey|Seismic Toss|p2a: Garchomp
|-damage|p2a: Garchomp|54/100
|-damage|p1a: Blissey|34/100|[from] ability: Rough Skin|[of] p2a: Garchomp
|
|upkeep
|turn|21
|inactive|andviet has 90 seconds left.
|
|t:|1665235402
|move|p2a: Garchomp|Scale Shot|p1a: Blissey
|-damage|p1a: Blissey|10/100
|-damage|p1a: Blissey|0 fnt
|faint|p1a: Blissey
|-hitcount|p1: Blissey|2
|-unboost|p2a: Garchomp|def|1
|-boost|p2a: Garchomp|spe|1
|
|upkeep
|
|t:|1665235407
|switch|p1a: Dragapult|Dragapult, M|76/100
|-damage|p1a: Dragapult|64/100|[from] Stealth Rock
|-damage|p1a: Dragapult|51/100|[from] Spikes
|turn|22
|
|t:|1665235418
|switch|p1a: Toxapex|Toxapex, M|74/100
|-damage|p1a: Toxapex|61/100|[from] Stealth Rock
|-damage|p1a: Toxapex|49/100|[from] Spikes
|move|p2a: Garchomp|Earthquake|p1a: Toxapex
|-supereffective|p1a: Toxapex
|-damage|p1a: Toxapex|0 fnt
|faint|p1a: Toxapex
|
|upkeep
|
|t:|1665235421
|switch|p1a: Dragapult|Dragapult, M|51/100
|-damage|p1a: Dragapult|39/100|[from] Stealth Rock
|-damage|p1a: Dragapult|27/100|[from] Spikes
|turn|23
|
|t:|1665235432
|move|p1a: Dragapult|Sucker Punch|p2a: Garchomp
|-damage|p2a: Garchomp|23/100
|-damage|p1a: Dragapult|14/100|[from] ability: Rough Skin|[of] p2a: Garchomp
|move|p2a: Garchomp|Earthquake|p1a: Dragapult
|-damage|p1a: Dragapult|0 fnt
|faint|p1a: Dragapult
|
|win|Pok et glace
|c|☆Pok et glace|gg
|c|☆andviet|gg
