|inactive|Battle timer is ON: inactive players will automatically lose when time's up.
|t:|1651427930
|gametype|singles
|player|p1|Coach Jones 6fifth|lusamine-nihilego|
|player|p2|GuardArc|lance-gen3|
|teamsize|p1|6
|teamsize|p2|6
|gen|8
|tier|[Gen 8] OU
|rule|Sleep Clause Mod: Limit one foe put to sleep
|rule|Species Clause: Limit one of each Pokémon
|rule|OHKO Clause: OHKO moves are banned
|rule|Evasion Moves Clause: Evasion moves are banned
|rule|Endless Battle Clause: Forcing endless battles is banned
|rule|HP Percentage Mod: HP is shown in percentages
|rule|Dynamax Clause: You cannot dynamax
|clearpoke
|poke|p1|Heatran, F|
|poke|p1|Zapdos|
|poke|p1|Urshifu-*, M|
|poke|p1|Ferrothorn, M|
|poke|p1|Landorus-Therian, M|
|poke|p1|Tapu Lele|
|poke|p2|Dragapult, M|
|poke|p2|Dragonite, M|
|poke|p2|Buzzwole|
|poke|p2|Slowking-Galar, F|
|poke|p2|Landorus-Therian, M|
|poke|p2|Heatran, F|
|teampreview
|c|☆GuardArc|hf man
|c|☆GuardArc|I'll share link
|c|☆GuardArc|oh you already got it lol
|inactive|Coach Jones 6fifth has 270 seconds left.
|inactive|GuardArc has 270 seconds left.
|c|☆Coach Jones 6fifth|Hf also np
|inactive|Coach Jones 6fifth has 240 seconds left.
|inactive|GuardArc has 240 seconds left.
|c|+Anvil Head|LGI GUARDARC
|inactive|Coach Jones 6fifth has 210 seconds left.
|inactive|GuardArc has 210 seconds left.
|c|+Shooriken|LGI
|c|+Shooriken|CRAW CREWWWWWW
|inactive|Coach Jones 6fifth has 180 seconds left.
|
|t:|1651428070
|start
|switch|p1a: Tapu Lele|Tapu Lele|100/100
|switch|p2a: Dragapult|Dragapult, M|100/100
|-fieldstart|move: Psychic Terrain|[from] ability: Psychic Surge|[of] p1a: Tapu Lele
|turn|1
|inactive|GuardArc has 270 seconds left.
|
|t:|1651428087
|switch|p2a: Slowking|Slowking-Galar, F|100/100
|move|p1a: Tapu Lele|Moonblast|p2a: Slowking
|-resisted|p2a: Slowking
|-damage|p2a: Slowking|90/100
|
|upkeep
|turn|2
|inactive|GuardArc has 270 seconds left.
|
|t:|1651428109
|switch|p1a: Landorus|Landorus-Therian, M|100/100
|-ability|p1a: Landorus|Intimidate|boost
|-unboost|p2a: Slowking|atk|1
|move|p2a: Slowking|Scald|p1a: Landorus
|-supereffective|p1a: Landorus
|-damage|p1a: Landorus|70/100
|-status|p1a: Landorus|brn
|
|-heal|p1a: Landorus|76/100 brn|[from] item: Leftovers
|-damage|p1a: Landorus|70/100 brn|[from] brn
|upkeep
|turn|3
|
|t:|1651428130
|move|p1a: Landorus|U-turn|p2a: Slowking
|-damage|p2a: Slowking|79/100
|
|t:|1651428136
|switch|p1a: Heatran|Heatran, F|100/100|[from]move: U-turn
|move|p2a: Slowking|Scald|p1a: Heatran
|-supereffective|p1a: Heatran
|-damage|p1a: Heatran|74/100
|
|-heal|p1a: Heatran|80/100|[from] item: Leftovers
|upkeep
|turn|4
|
|t:|1651428143
|switch|p2a: Heatran|Heatran, F|100/100
|-item|p2a: Heatran|Air Balloon
|move|p1a: Heatran|Magma Storm|p2a: Heatran
|-damage|p2a: Heatran|61/100
|-activate|p2a: Heatran|move: Magma Storm|[of] p1a: Heatran
|-enditem|p2a: Heatran|Air Balloon
|
|-heal|p1a: Heatran|87/100|[from] item: Leftovers
|-damage|p2a: Heatran|48/100|[from] move: Magma Storm|[partiallytrapped]
|upkeep
|turn|5
|
|t:|1651428150
|move|p2a: Heatran|Earth Power|p1a: Heatran
|-supereffective|p1a: Heatran
|-damage|p1a: Heatran|3/100
|-unboost|p1a: Heatran|spd|1
|move|p1a: Heatran|Earth Power|p2a: Heatran
|-supereffective|p2a: Heatran
|-damage|p2a: Heatran|0 fnt
|faint|p2a: Heatran
|
|-heal|p1a: Heatran|9/100|[from] item: Leftovers
|-fieldend|move: Psychic Terrain
|upkeep
|
|t:|1651428160
|switch|p2a: Landorus|Landorus-Therian, M|100/100
|-ability|p2a: Landorus|Intimidate|boost
|-unboost|p1a: Heatran|atk|1
|turn|6
|inactive|Coach Jones 6fifth has 240 seconds left.
|
|t:|1651428166
|switch|p1a: Ferrothorn|Ferrothorn, M|100/100
|move|p2a: Landorus|U-turn|p1a: Ferrothorn
|-damage|p1a: Ferrothorn|89/100
|-damage|p2a: Landorus|88/100|[from] ability: Iron Barbs|[of] p1a: Ferrothorn
|
|t:|1651428171
|switch|p2a: Dragapult|Dragapult, M|100/100|[from]move: U-turn
|
|-heal|p1a: Ferrothorn|95/100|[from] item: Leftovers
|upkeep
|turn|7
|
|t:|1651428185
|switch|p1a: Landorus|Landorus-Therian, M|70/100 brn
|-ability|p1a: Landorus|Intimidate|boost
|-unboost|p2a: Dragapult|atk|1
|move|p2a: Dragapult|Flamethrower|p1a: Landorus
|-damage|p1a: Landorus|41/100 brn
|
|-heal|p1a: Landorus|47/100 brn|[from] item: Leftovers
|-damage|p1a: Landorus|41/100 brn|[from] brn
|upkeep
|turn|8
|
|t:|1651428196
|switch|p2a: Landorus|Landorus-Therian, M|88/100
|-ability|p2a: Landorus|Intimidate|boost
|-unboost|p1a: Landorus|atk|1
|move|p1a: Landorus|Toxic|p2a: Landorus
|-status|p2a: Landorus|tox
|
|-heal|p1a: Landorus|47/100 brn|[from] item: Leftovers
|-heal|p2a: Landorus|94/100 tox|[from] item: Leftovers
|-damage|p2a: Landorus|88/100 tox|[from] psn
|-damage|p1a: Landorus|41/100 brn|[from] brn
|upkeep
|turn|9
|
|t:|1651428202
|move|p1a: Landorus|U-turn|p2a: Landorus
|-resisted|p2a: Landorus
|-damage|p2a: Landorus|85/100 tox
|
|t:|1651428205
|switch|p1a: Zapdos|Zapdos|100/100|[from]move: U-turn
|move|p2a: Landorus|U-turn|p1a: Zapdos
|-resisted|p1a: Zapdos
|-damage|p1a: Zapdos|92/100
|
|t:|1651428211
|switch|p2a: Dragapult|Dragapult, M|100/100|[from]move: U-turn
|
|upkeep
|turn|10
|
|t:|1651428214
|move|p2a: Dragapult|Draco Meteor|p1a: Zapdos
|-damage|p1a: Zapdos|7/100
|-unboost|p2a: Dragapult|spa|2
|move|p1a: Zapdos|Roost|p1a: Zapdos
|-heal|p1a: Zapdos|57/100
|-singleturn|p1a: Zapdos|move: Roost
|
|upkeep
|turn|11
|
|t:|1651428222
|switch|p2a: Slowking|Slowking-Galar, F|100/100
|move|p1a: Zapdos|Roost|p1a: Zapdos
|-heal|p1a: Zapdos|100/100
|-singleturn|p1a: Zapdos|move: Roost
|
|upkeep
|turn|12
|
|t:|1651428232
|move|p1a: Zapdos|Volt Switch|p2a: Slowking
|-damage|p2a: Slowking|87/100
|
|t:|1651428234
|switch|p1a: Landorus|Landorus-Therian, M|41/100 brn|[from]move: Volt Switch
|-ability|p1a: Landorus|Intimidate|boost
|-unboost|p2a: Slowking|atk|1
|move|p2a: Slowking|Future Sight|p1a: Landorus
|-start|p2a: Slowking|move: Future Sight
|
|-heal|p1a: Landorus|47/100 brn|[from] item: Leftovers
|-damage|p1a: Landorus|41/100 brn|[from] brn
|upkeep
|turn|13
|
|t:|1651428239
|move|p1a: Landorus|Earthquake|p2a: Slowking
|-supereffective|p2a: Slowking
|-damage|p2a: Slowking|36/100
|move|p2a: Slowking|Scald|p1a: Landorus
|-supereffective|p1a: Landorus
|-damage|p1a: Landorus|8/100 brn
|
|-heal|p1a: Landorus|14/100 brn|[from] item: Leftovers
|-damage|p1a: Landorus|8/100 brn|[from] brn
|upkeep
|turn|14
|
|t:|1651428254
|switch|p2a: Buzzwole|Buzzwole|100/100
|move|p1a: Landorus|Toxic|p2a: Buzzwole|[miss]
|-miss|p1a: Landorus|p2a: Buzzwole
|
|-end|p1a: Landorus|move: Future Sight
|-damage|p1a: Landorus|0 fnt
|faint|p1a: Landorus
|upkeep
|
|t:|1651428258
|switch|p1a: Tapu Lele|Tapu Lele|100/100
|-fieldstart|move: Psychic Terrain|[from] ability: Psychic Surge|[of] p1a: Tapu Lele
|turn|15
|inactive|GuardArc has 270 seconds left.
|
|t:|1651428316
|switch|p2a: Landorus|Landorus-Therian, M|85/100 tox
|-ability|p2a: Landorus|Intimidate|boost
|-unboost|p1a: Tapu Lele|atk|1
|move|p1a: Tapu Lele|Future Sight|p2a: Landorus
|-start|p1a: Tapu Lele|move: Future Sight
|
|-heal|p2a: Landorus|91/100 tox|[from] item: Leftovers
|-damage|p2a: Landorus|85/100 tox|[from] psn
|upkeep
|turn|16
|
|t:|1651428335
|switch|p1a: Urshifu|Urshifu-Rapid-Strike, M|100/100
|move|p2a: Landorus|U-turn|p1a: Urshifu
|-resisted|p1a: Urshifu
|-damage|p1a: Urshifu|90/100
|inactive|GuardArc has 240 seconds left.
|inactive|GuardArc has 210 seconds left.
|
|t:|1651428401
|switch|p2a: Dragapult|Dragapult, M|100/100|[from]move: U-turn
|
|upkeep
|turn|17
|inactive|Coach Jones 6fifth has 270 seconds left.
|inactive|GuardArc has 180 seconds left.
|
|t:|1651428431
|move|p2a: Dragapult|U-turn|p1a: Urshifu
|-resisted|p1a: Urshifu
|-damage|p1a: Urshifu|82/100
|inactive|GuardArc has 180 seconds left.
|
|t:|1651428465
|switch|p2a: Landorus|Landorus-Therian, M|85/100 tox|[from]move: U-turn
|-ability|p2a: Landorus|Intimidate|boost
|-unboost|p1a: Urshifu|atk|1
|move|p1a: Urshifu|Surging Strikes|p2a: Landorus
|-supereffective|p2a: Landorus
|-crit|p2a: Landorus
|-damage|p2a: Landorus|29/100 tox
|-supereffective|p2a: Landorus
|-crit|p2a: Landorus
|-damage|p2a: Landorus|0 fnt
|faint|p2a: Landorus
|-hitcount|p2: Landorus|2
|
|-hint|Future Sight did not hit because the target is fainted.
|upkeep
|
|t:|1651428469
|switch|p2a: Dragapult|Dragapult, M|100/100
|turn|18
|
|t:|1651428472
|switch|p1a: Heatran|Heatran, F|9/100
|move|p2a: Dragapult|Shadow Ball|p1a: Heatran
|-damage|p1a: Heatran|0 fnt
|faint|p1a: Heatran
|
|upkeep
|
|t:|1651428479
|switch|p1a: Tapu Lele|Tapu Lele|100/100
|turn|19
|inactive|GuardArc has 180 seconds left.
|inactive|Coach Jones 6fifth has 270 seconds left.
|
|t:|1651428520
|switch|p2a: Slowking|Slowking-Galar, F|69/100
|move|p1a: Tapu Lele|Future Sight|p2a: Slowking
|-start|p1a: Tapu Lele|move: Future Sight
|
|-fieldend|move: Psychic Terrain
|upkeep
|turn|20
|
|t:|1651428528
|switch|p1a: Urshifu|Urshifu-Rapid-Strike, M|82/100
|move|p2a: Slowking|Future Sight|p1a: Urshifu
|-start|p2a: Slowking|move: Future Sight
|
|upkeep
|turn|21
|inactive|GuardArc has 150 seconds left.
|
|t:|1651428555
|move|p1a: Urshifu|Surging Strikes|p2a: Slowking
|-crit|p2a: Slowking
|-damage|p2a: Slowking|39/100
|-crit|p2a: Slowking
|-damage|p2a: Slowking|9/100
|-crit|p2a: Slowking
|-damage|p2a: Slowking|0 fnt
|faint|p2a: Slowking
|-hitcount|p2: Slowking|3
|
|-hint|Future Sight did not hit because the target is fainted.
|upkeep
|
|t:|1651428565
|switch|p2a: Dragapult|Dragapult, M|100/100
|turn|22
|
|t:|1651428569
|move|p2a: Dragapult|Shadow Ball|p1a: Urshifu
|-damage|p1a: Urshifu|0 fnt
|faint|p1a: Urshifu
|
|-hint|Future Sight did not hit because the target is fainted.
|upkeep
|
|t:|1651428572
|switch|p1a: Tapu Lele|Tapu Lele|100/100
|-fieldstart|move: Psychic Terrain|[from] ability: Psychic Surge|[of] p1a: Tapu Lele
|turn|23
|c|+TheSergio235|gg
|
|t:|1651428578
|move|p1a: Tapu Lele|Moonblast|p2a: Dragapult
|-supereffective|p2a: Dragapult
|-damage|p2a: Dragapult|0 fnt
|faint|p2a: Dragapult
|
|upkeep
|
|t:|1651428581
|switch|p2a: Dragonite|Dragonite, M|100/100
|turn|24
|
|t:|1651428584
|move|p1a: Tapu Lele|Moonblast|p2a: Dragonite
|-supereffective|p2a: Dragonite
|-damage|p2a: Dragonite|48/100
|move|p2a: Dragonite|Dragon Dance|p2a: Dragonite
|-boost|p2a: Dragonite|atk|1
|-boost|p2a: Dragonite|spe|1
|
|upkeep
|turn|25
|
|t:|1651428586
|move|p1a: Tapu Lele|Moonblast|p2a: Dragonite
|-supereffective|p2a: Dragonite
|-damage|p2a: Dragonite|0 fnt
|faint|p2a: Dragonite
|
|upkeep
|c|+Amir|Rip Slowking-Galar 
|c|☆GuardArc|gg
|
|t:|1651428591
|switch|p2a: Buzzwole|Buzzwole|100/100
|turn|26
|c|☆Coach Jones 6fifth|gg
|
|t:|1651428598
|move|p1a: Tapu Lele|Moonblast|p2a: Buzzwole
|-supereffective|p2a: Buzzwole
|-damage|p2a: Buzzwole|0 fnt
|faint|p2a: Buzzwole
|
|win|Coach Jones 6fifth
|player|p1|Coach Jones 6fifth|lusamine-nihilego
|player|p1|
