|inactive|Battle timer is ON: inactive players will automatically lose when time's up.
|t:|1631997566
|gametype|singles
|player|p1|Stall Sucks Bro✞|marley|
|player|p2|Redemption|#redemption|
|teamsize|p1|6
|teamsize|p2|6
|gen|8
|tier|[Gen 8] OU
|rule|Sleep Clause Mod: Limit one foe put to sleep
|rule|Species Clause: Limit one of each Pokémon
|rule|OHKO Clause: OHKO moves are banned
|rule|Evasion Moves Clause: Evasion moves are banned
|rule|Endless Battle Clause: Forcing endless battles is banned
|rule|HP Percentage Mod: HP is shown in percentages
|rule|Dynamax Clause: You cannot dynamax
|clearpoke
|poke|p1|Nidoking, M|
|poke|p1|Blissey, F|
|poke|p1|Toxapex, M|
|poke|p1|Clefable, F|
|poke|p1|Ferrothorn, F|
|poke|p1|Dragonite, M|
|poke|p2|Bisharp, F|
|poke|p2|Mew|
|poke|p2|Garchomp, M|
|poke|p2|Dragapult, F|
|poke|p2|Zapdos-Galar|
|poke|p2|Rillaboom, M|
|teampreview
|inactive|Stall Sucks Bro✞ has 270 seconds left.
|
|t:|1631997613
|start
|switch|p1a: The Rolling Stones|Nidoking, M|100/100
|switch|p2a: Miouragan|Mew|100/100
|turn|1
|
|t:|1631997626
|move|p2a: Miouragan|Ice Beam|p1a: The Rolling Stones
|-supereffective|p1a: The Rolling Stones
|-damage|p1a: The Rolling Stones|26/100
|move|p1a: The Rolling Stones|Sludge Wave|p2a: Miouragan
|-damage|p2a: Miouragan|33/100
|
|upkeep
|turn|2
|
|t:|1631997633
|switch|p1a: Guns N Roses|Clefable, F|100/100
|move|p2a: Miouragan|Ice Beam|p1a: Guns N Roses
|-damage|p1a: Guns N Roses|77/100
|
|upkeep
|turn|3
|c|+maxou1239|stall sucks :( ...... but i play stall :) ... extermine le red 
|
|t:|1631997652
|move|p2a: Miouragan|Stealth Rock|p1a: Guns N Roses
|-sidestart|p1: Stall Sucks Bro✞|move: Stealth Rock
|move|p1a: Guns N Roses|Soft-Boiled|p1a: Guns N Roses
|-heal|p1a: Guns N Roses|100/100
|
|upkeep
|turn|4
|
|t:|1631997657
|move|p2a: Miouragan|Taunt|p1a: Guns N Roses
|-start|p1a: Guns N Roses|move: Taunt
|cant|p1a: Guns N Roses|move: Taunt|Stealth Rock
|
|upkeep
|turn|5
|
|t:|1631997665
|move|p2a: Miouragan|Spikes|p1a: Guns N Roses
|-sidestart|p1: Stall Sucks Bro✞|Spikes
|move|p1a: Guns N Roses|Moonblast|p2a: Miouragan
|-damage|p2a: Miouragan|3/100
|-unboost|p2a: Miouragan|spa|1
|
|upkeep
|turn|6
|
|t:|1631997672
|move|p2a: Miouragan|Spikes|p1a: Guns N Roses
|-sidestart|p1: Stall Sucks Bro✞|Spikes
|move|p1a: Guns N Roses|Moonblast|p2a: Miouragan
|-damage|p2a: Miouragan|0 fnt
|faint|p2a: Miouragan
|
|-end|p1a: Guns N Roses|move: Taunt
|upkeep
|
|t:|1631997679
|switch|p2a: Scalbinos|Bisharp, F|100/100
|turn|7
|
|t:|1631997684
|switch|p1a: The Beatles|Dragonite, M|100/100
|move|p2a: Scalbinos|Swords Dance|p2a: Scalbinos
|-boost|p2a: Scalbinos|atk|2
|
|upkeep
|turn|8
|
|t:|1631997689
|move|p2a: Scalbinos|Knock Off|p1a: The Beatles
|-damage|p1a: The Beatles|58/100
|-enditem|p1a: The Beatles|Heavy-Duty Boots|[from] move: Knock Off|[of] p2a: Scalbinos
|move|p1a: The Beatles|Earthquake|p2a: Scalbinos
|-supereffective|p2a: Scalbinos
|-damage|p2a: Scalbinos|31/100
|
|upkeep
|turn|9
|inactive|Stall Sucks Bro✞ has 270 seconds left.
|inactive|Redemption has 270 seconds left.
|inactive|Stall Sucks Bro✞ has 240 seconds left.
|inactive|Redemption has 240 seconds left.
|inactive|Redemption has 210 seconds left.
|
|t:|1631997787
|move|p2a: Scalbinos|Knock Off|p1a: The Beatles
|-damage|p1a: The Beatles|0 fnt
|faint|p1a: The Beatles
|
|upkeep
|
|t:|1631997792
|switch|p1a: Pink Floyd|Toxapex, M|100/100
|-damage|p1a: Pink Floyd|84/100|[from] Spikes
|-damage|p1a: Pink Floyd|72/100|[from] Stealth Rock
|turn|10
|
|t:|1631997796
|move|p2a: Scalbinos|Knock Off|p1a: Pink Floyd
|-damage|p1a: Pink Floyd|0 fnt
|-damage|p2a: Scalbinos|15/100|[from] item: Rocky Helmet|[of] p1a: Pink Floyd
|-enditem|p1a: Pink Floyd|Rocky Helmet|[from] move: Knock Off|[of] p2a: Scalbinos
|faint|p1a: Pink Floyd
|
|upkeep
|
|t:|1631997799
|switch|p1a: Led Zeppelin|Ferrothorn, F|100/100
|-damage|p1a: Led Zeppelin|94/100|[from] Stealth Rock
|-damage|p1a: Led Zeppelin|78/100|[from] Spikes
|turn|11
|
|t:|1631997806
|move|p2a: Scalbinos|Knock Off|p1a: Led Zeppelin
|-damage|p1a: Led Zeppelin|0 fnt
|-damage|p2a: Scalbinos|2/100|[from] ability: Iron Barbs|[of] p1a: Led Zeppelin
|-enditem|p1a: Led Zeppelin|Leftovers|[from] move: Knock Off|[of] p2a: Scalbinos
|faint|p1a: Led Zeppelin
|
|upkeep
|-message|Stall Sucks Bro✞ forfeited.
|
|win|Redemption
