|inactive|Battle timer is ON: inactive players will automatically lose when time's up.
|t:|1667153654
|gametype|singles
|player|p1|Bhalal|clown|
|player|p2|NeoNaruto®++|burglar-gen1rb|
|teamsize|p1|6
|teamsize|p2|6
|gen|8
|tier|[Gen 8] OU
|rule|Sleep Clause Mod: Limit one foe put to sleep
|rule|Species Clause: Limit one of each Pokémon
|rule|OHKO Clause: OHKO moves are banned
|rule|Evasion Items Clause: Evasion items are banned
|rule|Evasion Moves Clause: Evasion moves are banned
|rule|Endless Battle Clause: Forcing endless battles is banned
|rule|HP Percentage Mod: HP is shown in percentages
|rule|Dynamax Clause: You cannot dynamax
|clearpoke
|poke|p1|Blacephalon|
|poke|p1|Weavile, F|
|poke|p1|Dragapult, F|
|poke|p1|Landorus-Therian, M|
|poke|p1|Ferrothorn, M|
|poke|p1|Rotom-Wash|
|poke|p2|Landorus-Therian, M|
|poke|p2|Ferrothorn, M|
|poke|p2|Tapu Koko|
|poke|p2|Dragonite, F|
|poke|p2|Darmanitan, M|
|poke|p2|Tyranitar, M|
|teampreview
|inactive|NeoNaruto®++ also wants the timer to be on.
|c|☆Bhalal|gl hf !
|c|☆NeoNaruto®++|glhf
|inactive|Bhalal has 270 seconds left.
|
|t:|1667153693
|start
|switch|p1a: Rotom|Rotom-Wash|100/100
|switch|p2a: RX PAPi|Ferrothorn, M|100/100
|turn|1
|
|t:|1667153698
|move|p1a: Rotom|Volt Switch|p2a: RX PAPi
|-resisted|p2a: RX PAPi
|-damage|p2a: RX PAPi|91/100
|
|t:|1667153723
|switch|p1a: Ferrothorn|Ferrothorn, M|100/100|[from]move: Volt Switch
|move|p2a: RX PAPi|Spikes|p1a: Ferrothorn
|-sidestart|p1: Bhalal|Spikes
|
|upkeep
|turn|2
|
|t:|1667153726
|switch|p2a: PURRP FOR SALE|Darmanitan, M|100/100
|move|p1a: Ferrothorn|Stealth Rock|p2a: PURRP FOR SALE
|-sidestart|p2: NeoNaruto®++|move: Stealth Rock
|
|upkeep
|turn|3
|
|t:|1667153730
|switch|p1a: Landorus|Landorus-Therian, M|100/100
|-ability|p1a: Landorus|Intimidate|boost
|-unboost|p2a: PURRP FOR SALE|atk|1
|move|p2a: PURRP FOR SALE|Flare Blitz|p1a: Landorus
|-damage|p1a: Landorus|10/100
|-damage|p2a: PURRP FOR SALE|68/100|[from] Recoil
|
|-heal|p1a: Landorus|16/100|[from] item: Leftovers
|upkeep
|turn|4
|
|t:|1667153734
|move|p2a: PURRP FOR SALE|Flare Blitz|p1a: Landorus
|-damage|p1a: Landorus|0 fnt
|faint|p1a: Landorus
|-damage|p2a: PURRP FOR SALE|63/100|[from] Recoil
|
|upkeep
|
|t:|1667153737
|switch|p1a: Blacephalon|Blacephalon|100/100
|-damage|p1a: Blacephalon|88/100|[from] Spikes
|turn|5
|
|t:|1667153740
|switch|p2a: DA LAST REX(3005)|Tyranitar, M|100/100
|-damage|p2a: DA LAST REX(3005)|88/100|[from] Stealth Rock
|-weather|Sandstorm|[from] ability: Sand Stream|[of] p2a: DA LAST REX(3005)
|move|p1a: Blacephalon|Trick|p2a: DA LAST REX(3005)
|-activate|p1a: Blacephalon|move: Trick|[of] p2a: DA LAST REX(3005)
|-item|p2a: DA LAST REX(3005)|Choice Scarf|[from] move: Trick
|-item|p1a: Blacephalon|Assault Vest|[from] move: Trick
|
|-weather|Sandstorm|[upkeep]
|-damage|p1a: Blacephalon|82/100|[from] Sandstorm
|upkeep
|turn|6
|
|t:|1667153744
|switch|p1a: Ferrothorn|Ferrothorn, M|100/100
|-damage|p1a: Ferrothorn|88/100|[from] Spikes
|move|p2a: DA LAST REX(3005)|Stone Edge|p1a: Ferrothorn|[miss]
|-miss|p2a: DA LAST REX(3005)|p1a: Ferrothorn
|
|-weather|Sandstorm|[upkeep]
|-heal|p1a: Ferrothorn|94/100|[from] item: Leftovers
|upkeep
|turn|7
|
|t:|1667153751
|switch|p2a: PURRP FOR SALE|Darmanitan, M|63/100
|-damage|p2a: PURRP FOR SALE|38/100|[from] Stealth Rock
|move|p1a: Ferrothorn|Body Press|p2a: PURRP FOR SALE
|-damage|p2a: PURRP FOR SALE|0 fnt
|faint|p2a: PURRP FOR SALE
|
|-weather|Sandstorm|[upkeep]
|-heal|p1a: Ferrothorn|100/100|[from] item: Leftovers
|upkeep
|
|t:|1667153758
|switch|p2a: Bernie Landers|Landorus-Therian, M|100/100
|-damage|p2a: Bernie Landers|88/100|[from] Stealth Rock
|-ability|p2a: Bernie Landers|Intimidate|boost
|-unboost|p1a: Ferrothorn|atk|1
|turn|8
|
|t:|1667153771
|move|p2a: Bernie Landers|Stealth Rock|p1a: Ferrothorn
|-sidestart|p1: Bhalal|move: Stealth Rock
|move|p1a: Ferrothorn|Leech Seed|p2a: Bernie Landers
|-start|p2a: Bernie Landers|move: Leech Seed
|
|-weather|Sandstorm|[upkeep]
|-damage|p2a: Bernie Landers|76/100|[from] Leech Seed|[of] p1a: Ferrothorn
|upkeep
|turn|9
|
|t:|1667153774
|switch|p2a: RX PAPi|Ferrothorn, M|91/100
|-damage|p2a: RX PAPi|84/100|[from] Stealth Rock
|move|p1a: Ferrothorn|Power Whip|p2a: RX PAPi
|-resisted|p2a: RX PAPi
|-damage|p2a: RX PAPi|80/100
|-damage|p1a: Ferrothorn|88/100|[from] ability: Iron Barbs|[of] p2a: RX PAPi
|-damage|p1a: Ferrothorn|72/100|[from] item: Rocky Helmet|[of] p2a: RX PAPi
|
|-weather|none
|-heal|p1a: Ferrothorn|78/100|[from] item: Leftovers
|upkeep
|turn|10
|
|t:|1667153784
|switch|p1a: Blacephalon|Blacephalon|82/100
|-damage|p1a: Blacephalon|70/100|[from] Spikes
|-damage|p1a: Blacephalon|45/100|[from] Stealth Rock
|move|p2a: RX PAPi|Spikes|p1a: Blacephalon
|-sidestart|p1: Bhalal|Spikes
|
|upkeep
|turn|11
|
|t:|1667153790
|switch|p1a: Ferrothorn|Ferrothorn, M|78/100
|-damage|p1a: Ferrothorn|61/100|[from] Spikes
|-damage|p1a: Ferrothorn|55/100|[from] Stealth Rock
|switch|p2a: DA LAST REX(3005)|Tyranitar, M|88/100
|-damage|p2a: DA LAST REX(3005)|76/100|[from] Stealth Rock
|-weather|Sandstorm|[from] ability: Sand Stream|[of] p2a: DA LAST REX(3005)
|
|-weather|Sandstorm|[upkeep]
|-heal|p1a: Ferrothorn|61/100|[from] item: Leftovers
|upkeep
|turn|12
|
|t:|1667153792
|move|p2a: DA LAST REX(3005)|Fire Blast|p1a: Ferrothorn
|-supereffective|p1a: Ferrothorn
|-damage|p1a: Ferrothorn|0 fnt
|faint|p1a: Ferrothorn
|
|-weather|Sandstorm|[upkeep]
|upkeep
|
|t:|1667153798
|switch|p1a: Rotom|Rotom-Wash|100/100
|-damage|p1a: Rotom|88/100|[from] Stealth Rock
|turn|13
|
|t:|1667153802
|move|p1a: Rotom|Hydro Pump|p2a: DA LAST REX(3005)
|-supereffective|p2a: DA LAST REX(3005)
|-damage|p2a: DA LAST REX(3005)|42/100
|move|p2a: DA LAST REX(3005)|Fire Blast|p1a: Rotom
|-resisted|p1a: Rotom
|-damage|p1a: Rotom|75/100
|-status|p1a: Rotom|brn
|
|-weather|Sandstorm|[upkeep]
|-damage|p1a: Rotom|69/100 brn|[from] Sandstorm
|-heal|p1a: Rotom|75/100 brn|[from] item: Leftovers
|-damage|p1a: Rotom|69/100 brn|[from] brn
|upkeep
|turn|14
|
|t:|1667153806
|move|p1a: Rotom|Hydro Pump|p2a: DA LAST REX(3005)
|-supereffective|p2a: DA LAST REX(3005)
|-damage|p2a: DA LAST REX(3005)|4/100
|move|p2a: DA LAST REX(3005)|Fire Blast|p1a: Rotom
|-resisted|p1a: Rotom
|-crit|p1a: Rotom
|-damage|p1a: Rotom|50/100 brn
|
|-weather|Sandstorm|[upkeep]
|-damage|p1a: Rotom|44/100 brn|[from] Sandstorm
|-heal|p1a: Rotom|50/100 brn|[from] item: Leftovers
|-damage|p1a: Rotom|44/100 brn|[from] brn
|upkeep
|turn|15
|
|t:|1667153809
|move|p1a: Rotom|Volt Switch|p2a: DA LAST REX(3005)
|-damage|p2a: DA LAST REX(3005)|0 fnt
|faint|p2a: DA LAST REX(3005)
|
|t:|1667153813
|switch|p1a: Dragapult|Dragapult, F|100/100|[from]move: Volt Switch
|-damage|p1a: Dragapult|84/100|[from] Spikes
|-damage|p1a: Dragapult|72/100|[from] Stealth Rock
|
|-weather|none
|upkeep
|
|t:|1667153818
|switch|p2a: RX PAPi|Ferrothorn, M|80/100
|-damage|p2a: RX PAPi|74/100|[from] Stealth Rock
|turn|16
|
|t:|1667153822
|move|p2a: RX PAPi|Protect|p2a: RX PAPi
|-singleturn|p2a: RX PAPi|Protect
|move|p1a: Dragapult|U-turn|p2a: RX PAPi
|-activate|p2a: RX PAPi|move: Protect
|
|upkeep
|turn|17
|
|t:|1667153829
|switch|p1a: Blacephalon|Blacephalon|45/100
|-damage|p1a: Blacephalon|29/100|[from] Spikes
|-damage|p1a: Blacephalon|4/100|[from] Stealth Rock
|move|p2a: RX PAPi|Leech Seed|p1a: Blacephalon
|-start|p1a: Blacephalon|move: Leech Seed
|
|-damage|p1a: Blacephalon|0 fnt|[from] Leech Seed|[of] p2a: RX PAPi
|-heal|p2a: RX PAPi|77/100|[silent]
|faint|p1a: Blacephalon
|upkeep
|
|t:|1667153836
|switch|p1a: Rotom|Rotom-Wash|44/100 brn
|-damage|p1a: Rotom|31/100 brn|[from] Stealth Rock
|turn|18
|
|t:|1667153840
|move|p1a: Rotom|Will-O-Wisp|p2a: RX PAPi
|-status|p2a: RX PAPi|brn
|move|p2a: RX PAPi|Leech Seed|p1a: Rotom
|-start|p1a: Rotom|move: Leech Seed
|
|-heal|p1a: Rotom|37/100 brn|[from] item: Leftovers
|-damage|p1a: Rotom|25/100 brn|[from] Leech Seed|[of] p2a: RX PAPi
|-heal|p2a: RX PAPi|87/100 brn|[silent]
|-damage|p1a: Rotom|19/100 brn|[from] brn
|-damage|p2a: RX PAPi|81/100 brn|[from] brn
|upkeep
|turn|19
|
|t:|1667153850
|move|p1a: Rotom|Volt Switch|p2a: RX PAPi
|-resisted|p2a: RX PAPi
|-damage|p2a: RX PAPi|71/100 brn
|
|t:|1667153855
|switch|p1a: Weavile|Weavile, F|100/100|[from]move: Volt Switch
|-damage|p1a: Weavile|84/100|[from] Spikes
|-damage|p1a: Weavile|59/100|[from] Stealth Rock
|-ability|p1a: Weavile|Pressure
|move|p2a: RX PAPi|Spikes|p1a: Weavile
|-sidestart|p1: Bhalal|Spikes
|
|-damage|p2a: RX PAPi|65/100 brn|[from] brn
|upkeep
|turn|20
|
|t:|1667153862
|move|p1a: Weavile|Knock Off|p2a: RX PAPi
|-crit|p2a: RX PAPi
|-damage|p2a: RX PAPi|0 fnt
|-damage|p1a: Weavile|47/100|[from] ability: Iron Barbs|[of] p2a: RX PAPi
|-damage|p1a: Weavile|30/100|[from] item: Rocky Helmet|[of] p2a: RX PAPi
|-enditem|p2a: RX PAPi|Rocky Helmet|[from] move: Knock Off|[of] p1a: Weavile
|faint|p2a: RX PAPi
|
|upkeep
|
|t:|1667153867
|switch|p2a: Fat Charizard|Dragonite, F, shiny|100/100
|turn|21
|
|t:|1667153878
|move|p2a: Fat Charizard|Extreme Speed|p1a: Weavile
|-damage|p1a: Weavile|0 fnt
|faint|p1a: Weavile
|
|upkeep
|
|t:|1667153883
|switch|p1a: Dragapult|Dragapult, F|72/100
|-damage|p1a: Dragapult|47/100|[from] Spikes
|-damage|p1a: Dragapult|35/100|[from] Stealth Rock
|turn|22
|c|☆Bhalal|gg
|
|t:|1667153897
|switch|p2a: VODECi|Tapu Koko|100/100
|-damage|p2a: VODECi|88/100|[from] Stealth Rock
|-fieldstart|move: Electric Terrain|[from] ability: Electric Surge|[of] p2a: VODECi
|move|p1a: Dragapult|Shadow Ball|p2a: VODECi
|-damage|p2a: VODECi|0 fnt
|faint|p2a: VODECi
|
|upkeep
|c|☆NeoNaruto®++|gg
|
|t:|1667153902
|switch|p2a: Fat Charizard|Dragonite, F, shiny|100/100
|turn|23
|
|t:|1667153910
|switch|p1a: Rotom|Rotom-Wash|19/100 brn
|-damage|p1a: Rotom|6/100 brn|[from] Stealth Rock
|move|p2a: Fat Charizard|Earthquake|p1a: Rotom
|-immune|p1a: Rotom|[from] ability: Levitate
|
|-heal|p1a: Rotom|12/100 brn|[from] item: Leftovers
|-damage|p1a: Rotom|6/100 brn|[from] brn
|upkeep
|turn|24
|
|t:|1667153914
|move|p2a: Fat Charizard|Extreme Speed|p1a: Rotom
|-damage|p1a: Rotom|0 fnt
|faint|p1a: Rotom
|
|upkeep
|
|t:|1667153916
|switch|p1a: Dragapult|Dragapult, F|35/100
|-damage|p1a: Dragapult|10/100|[from] Spikes
|-damage|p1a: Dragapult|0 fnt|[from] Stealth Rock
|faint|p1a: Dragapult
|
|win|NeoNaruto®++
