|inactive|Battle timer is ON: inactive players will automatically lose when time's up.
|t:|1655660387
|gametype|singles
|player|p1|PedroGreg|#wcop2022brazil|
|player|p2|frisoeva|#wcop2022europe|
|teamsize|p1|6
|teamsize|p2|6
|gen|8
|tier|[Gen 8] OU
|rule|Sleep Clause Mod: Limit one foe put to sleep
|rule|Species Clause: Limit one of each Pokémon
|rule|OHKO Clause: OHKO moves are banned
|rule|Evasion Moves Clause: Evasion moves are banned
|rule|Endless Battle Clause: Forcing endless battles is banned
|rule|HP Percentage Mod: HP is shown in percentages
|rule|Dynamax Clause: You cannot dynamax
|clearpoke
|poke|p1|Pelipper, F|
|poke|p1|Urshifu-*, F|
|poke|p1|Kingdra, F|
|poke|p1|Zapdos|
|poke|p1|Tyranitar, M|
|poke|p1|Ferrothorn, M|
|poke|p2|Tornadus-Therian, M|
|poke|p2|Gastrodon-East, M|
|poke|p2|Toxapex, F|
|poke|p2|Mew|
|poke|p2|Corviknight, F|
|poke|p2|Clefable, M|
|teampreview
|c|☆frisoeva|hf
|c|☆PedroGreg|hf
|c|+EQ Enrique|ACORDA PEDRINHO
|raw|<div class="broadcast-red"><strong>Moderated chat was set to ☆!</strong><br />Only users of rank ☆ and higher can talk.</div>
|inactive|PedroGreg has 270 seconds left.
|inactive|frisoeva has 270 seconds left.
|inactive|frisoeva has 240 seconds left.
|inactive|PedroGreg has 240 seconds left.
|
|t:|1655660477
|start
|switch|p1a: Zapdos|Zapdos|100/100
|switch|p2a: Toxapex|Toxapex, F|100/100
|turn|1
|inactive|frisoeva has 270 seconds left.
|
|t:|1655660504
|switch|p1a: Ferrothorn|Ferrothorn, M|100/100
|switch|p2a: Gastrodon|Gastrodon-East, M|100/100
|
|upkeep
|turn|2
|
|t:|1655660512
|switch|p2a: Toxapex|Toxapex, F|100/100
|move|p1a: Ferrothorn|Knock Off|p2a: Toxapex
|-damage|p2a: Toxapex|89/100
|-damage|p1a: Ferrothorn|84/100|[from] item: Rocky Helmet|[of] p2a: Toxapex
|-enditem|p2a: Toxapex|Rocky Helmet|[from] move: Knock Off|[of] p1a: Ferrothorn
|
|-heal|p1a: Ferrothorn|90/100|[from] item: Leftovers
|upkeep
|turn|3
|inactive|frisoeva has 270 seconds left.
|
|t:|1655660521
|move|p2a: Toxapex|Toxic Spikes|p1a: Ferrothorn
|-sidestart|p1: PedroGreg|move: Toxic Spikes
|move|p1a: Ferrothorn|Stealth Rock|p2a: Toxapex
|-sidestart|p2: frisoeva|move: Stealth Rock
|
|-heal|p1a: Ferrothorn|97/100|[from] item: Leftovers
|upkeep
|turn|4
|inactive|frisoeva has 270 seconds left.
|
|t:|1655660534
|move|p2a: Toxapex|Knock Off|p1a: Ferrothorn
|-damage|p1a: Ferrothorn|86/100
|-damage|p2a: Toxapex|76/100|[from] ability: Iron Barbs|[of] p1a: Ferrothorn
|-enditem|p1a: Ferrothorn|Leftovers|[from] move: Knock Off|[of] p2a: Toxapex
|move|p1a: Ferrothorn|Spikes|p2a: Toxapex
|-sidestart|p2: frisoeva|Spikes
|
|upkeep
|turn|5
|inactive|frisoeva has 270 seconds left.
|
|t:|1655660562
|switch|p2a: Mew|Mew|100/100
|-damage|p2a: Mew|88/100|[from] Stealth Rock
|-damage|p2a: Mew|76/100|[from] Spikes
|switch|p1a: Zapdos|Zapdos|100/100
|
|upkeep
|turn|6
|
|t:|1655660576
|move|p2a: Mew|Cosmic Power|p2a: Mew
|-boost|p2a: Mew|def|1
|-boost|p2a: Mew|spd|1
|move|p1a: Zapdos|Thunder|p2a: Mew
|-damage|p2a: Mew|48/100
|-status|p2a: Mew|par
|-activate|p2a: Mew|ability: Synchronize
|-immune|p1a: Zapdos
|
|upkeep
|turn|7
|inactive|PedroGreg has 270 seconds left.
|inactive|PedroGreg has 240 seconds left.
|inactive|PedroGreg has 210 seconds left.
|
|t:|1655660670
|switch|p1a: Pelipper|Pelipper, F|100/100
|-weather|RainDance|[from] ability: Drizzle|[of] p1a: Pelipper
|cant|p2a: Mew|par
|
|-weather|RainDance|[upkeep]
|upkeep
|turn|8
|
|t:|1655660676
|move|p1a: Pelipper|U-turn|p2a: Mew
|-supereffective|p2a: Mew
|-damage|p2a: Mew|38/100 par
|inactive|PedroGreg has 210 seconds left.
|
|t:|1655660694
|switch|p1a: Urshifu|Urshifu-Rapid-Strike, F|100/100|[from]move: U-turn
|-status|p1a: Urshifu|psn
|move|p2a: Mew|Soft-Boiled|p2a: Mew
|-heal|p2a: Mew|88/100 par
|
|-weather|RainDance|[upkeep]
|-damage|p1a: Urshifu|88/100 psn|[from] psn
|upkeep
|turn|9
|inactive|PedroGreg has 210 seconds left.
|inactive|frisoeva has 270 seconds left.
|
|t:|1655660703
|switch|p2a: Toxapex|Toxapex, F|100/100
|-damage|p2a: Toxapex|88/100|[from] Stealth Rock
|-damage|p2a: Toxapex|76/100|[from] Spikes
|move|p1a: Urshifu|U-turn|p2a: Toxapex
|-resisted|p2a: Toxapex
|-damage|p2a: Toxapex|69/100
|inactive|PedroGreg has 210 seconds left.
|
|t:|1655660715
|switch|p1a: Zapdos|Zapdos|100/100|[from]move: U-turn
|
|-weather|RainDance|[upkeep]
|upkeep
|turn|10
|inactive|PedroGreg has 210 seconds left.
|inactive|frisoeva has 270 seconds left.
|inactive|frisoeva has 240 seconds left.
|
|t:|1655660767
|switch|p2a: Gastrodon|Gastrodon-East, M|100/100
|-damage|p2a: Gastrodon|94/100|[from] Stealth Rock
|-damage|p2a: Gastrodon|82/100|[from] Spikes
|move|p1a: Zapdos|Hurricane|p2a: Gastrodon
|-damage|p2a: Gastrodon|52/100
|
|-weather|RainDance|[upkeep]
|-heal|p2a: Gastrodon|58/100|[from] item: Leftovers
|upkeep
|turn|11
|inactive|frisoeva has 240 seconds left.
|
|t:|1655660776
|move|p1a: Zapdos|Hurricane|p2a: Gastrodon
|-damage|p2a: Gastrodon|25/100
|move|p2a: Gastrodon|Recover|p2a: Gastrodon
|-heal|p2a: Gastrodon|75/100
|
|-weather|RainDance|[upkeep]
|-heal|p2a: Gastrodon|81/100|[from] item: Leftovers
|upkeep
|turn|12
|inactive|frisoeva has 240 seconds left.
|
|t:|1655660786
|move|p1a: Zapdos|Hurricane|p2a: Gastrodon
|-damage|p2a: Gastrodon|49/100
|move|p2a: Gastrodon|Recover|p2a: Gastrodon
|-heal|p2a: Gastrodon|99/100
|
|-weather|RainDance|[upkeep]
|-heal|p2a: Gastrodon|100/100|[from] item: Leftovers
|upkeep
|turn|13
|
|t:|1655660797
|switch|p1a: Ferrothorn|Ferrothorn, M|86/100
|move|p2a: Gastrodon|Recover||[still]
|-fail|p2a: Gastrodon|heal
|
|-weather|RainDance|[upkeep]
|upkeep
|turn|14
|inactive|PedroGreg has 210 seconds left.
|
|t:|1655660806
|switch|p2a: Corviknight|Corviknight, F|100/100
|-damage|p2a: Corviknight|88/100|[from] Stealth Rock
|-ability|p2a: Corviknight|Pressure
|move|p1a: Ferrothorn|Spikes|p2a: Corviknight
|-sidestart|p2: frisoeva|Spikes
|
|-weather|none
|-heal|p2a: Corviknight|94/100|[from] item: Leftovers
|upkeep
|turn|15
|inactive|PedroGreg has 210 seconds left.
|
|t:|1655660816
|move|p2a: Corviknight|Defog|p1a: Ferrothorn
|-unboost|p1a: Ferrothorn|evasion|1
|-sideend|p1: PedroGreg|Toxic Spikes|[from] move: Defog|[of] p2a: Corviknight
|-sideend|p2: frisoeva|Spikes|[from] move: Defog|[of] p2a: Corviknight
|-sideend|p2: frisoeva|Stealth Rock|[from] move: Defog|[of] p2a: Corviknight
|move|p1a: Ferrothorn|Knock Off|p2a: Corviknight
|-damage|p2a: Corviknight|77/100
|-enditem|p2a: Corviknight|Leftovers|[from] move: Knock Off|[of] p1a: Ferrothorn
|
|upkeep
|turn|16
|
|t:|1655660821
|move|p2a: Corviknight|Brave Bird|p1a: Ferrothorn
|-damage|p1a: Ferrothorn|59/100
|-damage|p2a: Corviknight|65/100|[from] ability: Iron Barbs|[of] p1a: Ferrothorn
|-damage|p2a: Corviknight|57/100|[from] Recoil
|move|p1a: Ferrothorn|Stealth Rock|p2a: Corviknight
|-sidestart|p2: frisoeva|move: Stealth Rock
|
|upkeep
|turn|17
|
|t:|1655660829
|switch|p1a: Zapdos|Zapdos|100/100
|move|p2a: Corviknight|Defog|p1a: Zapdos
|-unboost|p1a: Zapdos|evasion|1
|-sideend|p2: frisoeva|Stealth Rock|[from] move: Defog|[of] p2a: Corviknight
|
|upkeep
|turn|18
|
|t:|1655660834
|switch|p1a: Tyranitar|Tyranitar, M|100/100
|-weather|Sandstorm|[from] ability: Sand Stream|[of] p1a: Tyranitar
|switch|p2a: Gastrodon|Gastrodon-East, M|100/100
|
|-weather|Sandstorm|[upkeep]
|upkeep
|turn|19
|
|t:|1655660858
|switch|p2a: Toxapex|Toxapex, F|100/100
|move|p1a: Tyranitar|Crunch|p2a: Toxapex
|-damage|p2a: Toxapex|58/100
|
|-weather|Sandstorm|[upkeep]
|-damage|p2a: Toxapex|52/100|[from] Sandstorm
|upkeep
|turn|20
|
|t:|1655660869
|move|p1a: Tyranitar|Crunch|p2a: Toxapex
|-damage|p2a: Toxapex|12/100
|move|p2a: Toxapex|Recover|p2a: Toxapex
|-heal|p2a: Toxapex|63/100
|
|-weather|Sandstorm|[upkeep]
|-damage|p2a: Toxapex|57/100|[from] Sandstorm
|upkeep
|turn|21
|inactive|frisoeva has 270 seconds left.
|
|t:|1655660888
|switch|p2a: Clefable|Clefable, M|100/100
|move|p1a: Tyranitar|Crunch|p2a: Clefable
|-resisted|p2a: Clefable
|-crit|p2a: Clefable
|-damage|p2a: Clefable|58/100
|
|-weather|Sandstorm|[upkeep]
|-damage|p2a: Clefable|52/100|[from] Sandstorm
|upkeep
|turn|22
|inactive|PedroGreg has 240 seconds left.
|inactive|PedroGreg has 210 seconds left.
|
|t:|1655660938
|switch|p1a: Pelipper|Pelipper, F|100/100
|-weather|RainDance|[from] ability: Drizzle|[of] p1a: Pelipper
|move|p2a: Clefable|Soft-Boiled|p2a: Clefable
|-heal|p2a: Clefable|100/100
|
|-weather|RainDance|[upkeep]
|upkeep
|turn|23
|
|t:|1655660943
|switch|p1a: Zapdos|Zapdos|100/100
|move|p2a: Clefable|Stealth Rock|p1a: Zapdos
|-sidestart|p1: PedroGreg|move: Stealth Rock
|
|-weather|RainDance|[upkeep]
|upkeep
|turn|24
|
|t:|1655660965
|switch|p2a: Gastrodon|Gastrodon-East, M|100/100
|move|p1a: Zapdos|Defog|p2a: Gastrodon
|-unboost|p2a: Gastrodon|evasion|1
|-sideend|p1: PedroGreg|Stealth Rock|[from] move: Defog|[of] p1a: Zapdos
|
|-weather|RainDance|[upkeep]
|upkeep
|turn|25
|
|t:|1655660982
|switch|p1a: Pelipper|Pelipper, F|100/100
|move|p2a: Gastrodon|Scald|p1a: Pelipper
|-resisted|p1a: Pelipper
|-damage|p1a: Pelipper|72/100
|
|-weather|RainDance|[upkeep]
|upkeep
|turn|26
|
|t:|1655660989
|move|p1a: Pelipper|Toxic|p2a: Gastrodon
|-status|p2a: Gastrodon|tox
|move|p2a: Gastrodon|Scald|p1a: Pelipper
|-resisted|p1a: Pelipper
|-damage|p1a: Pelipper|46/100
|
|-weather|RainDance|[upkeep]
|-damage|p2a: Gastrodon|94/100 tox|[from] psn
|upkeep
|turn|27
|
|t:|1655660993
|switch|p2a: Clefable|Clefable, M|100/100
|move|p1a: Pelipper|Roost|p1a: Pelipper
|-heal|p1a: Pelipper|96/100
|-singleturn|p1a: Pelipper|move: Roost
|
|-weather|RainDance|[upkeep]
|upkeep
|turn|28
|
|t:|1655660997
|move|p1a: Pelipper|U-turn|p2a: Clefable
|-resisted|p2a: Clefable
|-damage|p2a: Clefable|97/100
|inactive|PedroGreg has 240 seconds left.
|
|t:|1655661015
|switch|p1a: Tyranitar|Tyranitar, M|100/100|[from]move: U-turn
|-weather|Sandstorm|[from] ability: Sand Stream|[of] p1a: Tyranitar
|move|p2a: Clefable|Aromatherapy|p2a: Clefable
|-activate|p2a: Clefable|move: Aromatherapy
|-curestatus|p2: Gastrodon|tox|[msg]
|-curestatus|p2: Mew|par|[msg]
|
|-weather|Sandstorm|[upkeep]
|-damage|p2a: Clefable|91/100|[from] Sandstorm
|upkeep
|turn|29
|
|t:|1655661021
|switch|p2a: Toxapex|Toxapex, F|90/100
|move|p1a: Tyranitar|Stone Edge|p2a: Toxapex
|-damage|p2a: Toxapex|38/100
|
|-weather|Sandstorm|[upkeep]
|-damage|p2a: Toxapex|32/100|[from] Sandstorm
|upkeep
|turn|30
|inactive|PedroGreg has 240 seconds left.
|inactive|frisoeva has 270 seconds left.
|
|t:|1655661078
|switch|p1a: Ferrothorn|Ferrothorn, M|59/100
|switch|p2a: Gastrodon|Gastrodon-East, M|94/100
|
|-weather|Sandstorm|[upkeep]
|-heal|p2a: Gastrodon|100/100|[from] item: Leftovers
|upkeep
|turn|31
|
|t:|1655661092
|switch|p2a: Toxapex|Toxapex, F|66/100
|switch|p1a: Tyranitar|Tyranitar, M|100/100
|
|-weather|Sandstorm|[upkeep]
|-damage|p2a: Toxapex|60/100|[from] Sandstorm
|upkeep
|turn|32
|inactive|frisoeva has 240 seconds left.
|inactive|frisoeva has 210 seconds left.
|inactive|frisoeva has 180 seconds left.
|
|t:|1655661175
|switch|p2a: Gastrodon|Gastrodon-East, M|100/100
|move|p1a: Tyranitar|Stone Edge|p2a: Gastrodon
|-resisted|p2a: Gastrodon
|-damage|p2a: Gastrodon|57/100
|
|-weather|none
|-heal|p2a: Gastrodon|63/100|[from] item: Leftovers
|upkeep
|turn|33
|
|t:|1655661182
|switch|p1a: Ferrothorn|Ferrothorn, M|59/100
|move|p2a: Gastrodon|Recover|p2a: Gastrodon
|-heal|p2a: Gastrodon|100/100
|
|upkeep
|turn|34
|inactive|frisoeva has 180 seconds left.
|
|t:|1655661200
|switch|p2a: Toxapex|Toxapex, F|93/100
|switch|p1a: Tyranitar|Tyranitar, M|100/100
|-weather|Sandstorm|[from] ability: Sand Stream|[of] p1a: Tyranitar
|
|-weather|Sandstorm|[upkeep]
|-damage|p2a: Toxapex|87/100|[from] Sandstorm
|upkeep
|turn|35
|inactive|frisoeva has 180 seconds left.
|inactive|PedroGreg has 210 seconds left.
|
|t:|1655661236
|switch|p1a: Pelipper|Pelipper, F|96/100
|-weather|RainDance|[from] ability: Drizzle|[of] p1a: Pelipper
|move|p2a: Toxapex|Recover|p2a: Toxapex
|-heal|p2a: Toxapex|100/100
|
|-weather|RainDance|[upkeep]
|upkeep
|turn|36
|inactive|PedroGreg has 210 seconds left.
|
|t:|1655661246
|move|p1a: Pelipper|Scald|p2a: Toxapex
|-resisted|p2a: Toxapex
|-damage|p2a: Toxapex|84/100
|-status|p2a: Toxapex|brn
|move|p2a: Toxapex|Toxic Spikes|p1a: Pelipper
|-sidestart|p1: PedroGreg|move: Toxic Spikes
|
|-weather|RainDance|[upkeep]
|-damage|p2a: Toxapex|78/100 brn|[from] brn
|upkeep
|turn|37
|
|t:|1655661253
|move|p1a: Pelipper|U-turn|p2a: Toxapex
|-resisted|p2a: Toxapex
|-damage|p2a: Toxapex|76/100 brn
|
|t:|1655661255
|switch|p1a: Zapdos|Zapdos|100/100|[from]move: U-turn
|move|p2a: Toxapex|Knock Off|p1a: Zapdos
|-damage|p1a: Zapdos|92/100
|-enditem|p1a: Zapdos|Heavy-Duty Boots|[from] move: Knock Off|[of] p2a: Toxapex
|
|-weather|RainDance|[upkeep]
|-damage|p2a: Toxapex|70/100 brn|[from] brn
|upkeep
|turn|38
|
|t:|1655661264
|switch|p2a: Gastrodon|Gastrodon-East, M|100/100
|move|p1a: Zapdos|Defog|p2a: Gastrodon
|-unboost|p2a: Gastrodon|evasion|1
|-sideend|p1: PedroGreg|Toxic Spikes|[from] move: Defog|[of] p1a: Zapdos
|
|-weather|RainDance|[upkeep]
|upkeep
|turn|39
|
|t:|1655661276
|switch|p1a: Pelipper|Pelipper, F|96/100
|move|p2a: Gastrodon|Scald|p1a: Pelipper
|-resisted|p1a: Pelipper
|-damage|p1a: Pelipper|69/100
|
|-weather|RainDance|[upkeep]
|upkeep
|turn|40
|inactive|frisoeva has 210 seconds left.
|
|t:|1655661282
|move|p1a: Pelipper|U-turn|p2a: Gastrodon
|-damage|p2a: Gastrodon|91/100
|
|t:|1655661284
|switch|p1a: Ferrothorn|Ferrothorn, M|59/100|[from]move: U-turn
|move|p2a: Gastrodon|Scald|p1a: Ferrothorn
|-resisted|p1a: Ferrothorn
|-damage|p1a: Ferrothorn|47/100
|
|-weather|RainDance|[upkeep]
|-heal|p2a: Gastrodon|97/100|[from] item: Leftovers
|upkeep
|turn|41
|
|t:|1655661291
|switch|p2a: Toxapex|Toxapex, F|100/100 brn
|switch|p1a: Pelipper|Pelipper, F|69/100
|
|-weather|RainDance|[upkeep]
|-damage|p2a: Toxapex|95/100 brn|[from] brn
|upkeep
|turn|42
|
|t:|1655661293
|move|p1a: Pelipper|Roost|p1a: Pelipper
|-heal|p1a: Pelipper|100/100
|-singleturn|p1a: Pelipper|move: Roost
|move|p2a: Toxapex|Toxic Spikes|p1a: Pelipper
|-sidestart|p1: PedroGreg|move: Toxic Spikes
|
|-weather|none
|-damage|p2a: Toxapex|89/100 brn|[from] brn
|upkeep
|turn|43
|inactive|PedroGreg has 270 seconds left.
|
|t:|1655661314
|switch|p1a: Zapdos|Zapdos|92/100
|move|p2a: Toxapex|Knock Off|p1a: Zapdos
|-damage|p1a: Zapdos|87/100
|
|-damage|p2a: Toxapex|83/100 brn|[from] brn
|upkeep
|turn|44
|inactive|PedroGreg has 270 seconds left.
|
|t:|1655661322
|switch|p2a: Gastrodon|Gastrodon-East, M|97/100
|move|p1a: Zapdos|Defog|p2a: Gastrodon
|-unboost|p2a: Gastrodon|evasion|1
|-sideend|p1: PedroGreg|Toxic Spikes|[from] move: Defog|[of] p1a: Zapdos
|
|-heal|p2a: Gastrodon|100/100|[from] item: Leftovers
|upkeep
|turn|45
|
|t:|1655661331
|switch|p1a: Pelipper|Pelipper, F|100/100
|-weather|RainDance|[from] ability: Drizzle|[of] p1a: Pelipper
|move|p2a: Gastrodon|Scald|p1a: Pelipper
|-resisted|p1a: Pelipper
|-damage|p1a: Pelipper|73/100
|
|-weather|RainDance|[upkeep]
|upkeep
|turn|46
|
|t:|1655661337
|move|p1a: Pelipper|U-turn|p2a: Gastrodon
|-damage|p2a: Gastrodon|92/100
|
|t:|1655661341
|switch|p1a: Zapdos|Zapdos|87/100|[from]move: U-turn
|move|p2a: Gastrodon|Scald|p1a: Zapdos
|-damage|p1a: Zapdos|48/100
|
|-weather|RainDance|[upkeep]
|-heal|p2a: Gastrodon|98/100|[from] item: Leftovers
|upkeep
|turn|47
|
|t:|1655661344
|move|p1a: Zapdos|Roost|p1a: Zapdos
|-heal|p1a: Zapdos|98/100
|-singleturn|p1a: Zapdos|move: Roost
|move|p2a: Gastrodon|Scald|p1a: Zapdos
|-damage|p1a: Zapdos|63/100
|-status|p1a: Zapdos|brn
|
|-weather|RainDance|[upkeep]
|-heal|p2a: Gastrodon|100/100|[from] item: Leftovers
|-damage|p1a: Zapdos|57/100 brn|[from] brn
|upkeep
|turn|48
|inactive|frisoeva has 270 seconds left.
|
|t:|1655661352
|switch|p1a: Pelipper|Pelipper, F|73/100
|move|p2a: Gastrodon|Scald|p1a: Pelipper
|-resisted|p1a: Pelipper
|-damage|p1a: Pelipper|45/100
|
|-weather|RainDance|[upkeep]
|upkeep
|turn|49
|inactive|frisoeva has 270 seconds left.
|
|t:|1655661365
|switch|p2a: Clefable|Clefable, M|91/100
|move|p1a: Pelipper|Roost|p1a: Pelipper
|-heal|p1a: Pelipper|96/100
|-singleturn|p1a: Pelipper|move: Roost
|
|-weather|RainDance|[upkeep]
|upkeep
|turn|50
|
|t:|1655661371
|move|p1a: Pelipper|U-turn|p2a: Clefable
|-resisted|p2a: Clefable
|-damage|p2a: Clefable|88/100
|
|t:|1655661382
|switch|p1a: Zapdos|Zapdos|57/100 brn|[from]move: U-turn
|move|p2a: Clefable|Stealth Rock|p1a: Zapdos
|-sidestart|p1: PedroGreg|move: Stealth Rock
|
|-weather|RainDance|[upkeep]
|-damage|p1a: Zapdos|51/100 brn|[from] brn
|upkeep
|turn|51
|
|t:|1655661387
|move|p1a: Zapdos|Roost|p1a: Zapdos
|-heal|p1a: Zapdos|100/100 brn
|-singleturn|p1a: Zapdos|move: Roost
|move|p2a: Clefable|Moonblast|p1a: Zapdos
|-damage|p1a: Zapdos|67/100 brn
|
|-weather|RainDance|[upkeep]
|-damage|p1a: Zapdos|61/100 brn|[from] brn
|upkeep
|turn|52
|
|t:|1655661410
|move|p1a: Zapdos|Hurricane|p2a: Clefable
|-damage|p2a: Clefable|47/100
|move|p2a: Clefable|Moonblast|p1a: Zapdos
|-damage|p1a: Zapdos|33/100 brn
|-unboost|p1a: Zapdos|spa|1
|
|-weather|none
|-damage|p1a: Zapdos|27/100 brn|[from] brn
|upkeep
|turn|53
|
|t:|1655661415
|move|p1a: Zapdos|Roost|p1a: Zapdos
|-heal|p1a: Zapdos|77/100 brn
|-singleturn|p1a: Zapdos|move: Roost
|move|p2a: Clefable|Soft-Boiled|p2a: Clefable
|-heal|p2a: Clefable|97/100
|
|-damage|p1a: Zapdos|71/100 brn|[from] brn
|upkeep
|turn|54
|
|t:|1655661421
|move|p1a: Zapdos|Defog|p2a: Clefable
|-unboost|p2a: Clefable|evasion|1
|-sideend|p1: PedroGreg|Stealth Rock|[from] move: Defog|[of] p1a: Zapdos
|move|p2a: Clefable|Moonblast|p1a: Zapdos
|-damage|p1a: Zapdos|42/100 brn
|-unboost|p1a: Zapdos|spa|1
|
|-damage|p1a: Zapdos|36/100 brn|[from] brn
|upkeep
|turn|55
|
|t:|1655661425
|move|p1a: Zapdos|Roost|p1a: Zapdos
|-heal|p1a: Zapdos|86/100 brn
|-singleturn|p1a: Zapdos|move: Roost
|move|p2a: Clefable|Stealth Rock|p1a: Zapdos
|-sidestart|p1: PedroGreg|move: Stealth Rock
|
|-damage|p1a: Zapdos|80/100 brn|[from] brn
|upkeep
|turn|56
|
|t:|1655661431
|move|p1a: Zapdos|Hurricane|p2a: Clefable
|-damage|p2a: Clefable|49/100
|move|p2a: Clefable|Moonblast|p1a: Zapdos
|-damage|p1a: Zapdos|50/100 brn
|-unboost|p1a: Zapdos|spa|1
|
|-damage|p1a: Zapdos|44/100 brn|[from] brn
|upkeep
|turn|57
|
|t:|1655661443
|move|p1a: Zapdos|Roost|p1a: Zapdos
|-heal|p1a: Zapdos|94/100 brn
|-singleturn|p1a: Zapdos|move: Roost
|move|p2a: Clefable|Soft-Boiled|p2a: Clefable
|-heal|p2a: Clefable|99/100
|
|-damage|p1a: Zapdos|88/100 brn|[from] brn
|upkeep
|turn|58
|
|t:|1655661449
|switch|p2a: Mew|Mew|88/100
|move|p1a: Zapdos|Defog|p2a: Mew
|-unboost|p2a: Mew|evasion|1
|-sideend|p1: PedroGreg|Stealth Rock|[from] move: Defog|[of] p1a: Zapdos
|
|-damage|p1a: Zapdos|82/100 brn|[from] brn
|upkeep
|turn|59
|
|t:|1655661461
|switch|p1a: Pelipper|Pelipper, F|96/100
|-weather|RainDance|[from] ability: Drizzle|[of] p1a: Pelipper
|move|p2a: Mew|Cosmic Power|p2a: Mew
|-boost|p2a: Mew|def|1
|-boost|p2a: Mew|spd|1
|
|-weather|RainDance|[upkeep]
|upkeep
|turn|60
|
|t:|1655661472
|move|p2a: Mew|Cosmic Power|p2a: Mew
|-boost|p2a: Mew|def|1
|-boost|p2a: Mew|spd|1
|move|p1a: Pelipper|U-turn|p2a: Mew
|-supereffective|p2a: Mew
|-damage|p2a: Mew|80/100
|
|t:|1655661481
|switch|p1a: Kingdra|Kingdra, F|100/100|[from]move: U-turn
|
|-weather|RainDance|[upkeep]
|upkeep
|turn|61
|
|t:|1655661502
|move|p1a: Kingdra|Surf|p2a: Mew
|-damage|p2a: Mew|38/100
|move|p2a: Mew|Soft-Boiled|p2a: Mew
|-heal|p2a: Mew|88/100
|
|-weather|RainDance|[upkeep]
|upkeep
|turn|62
|
|t:|1655661519
|move|p1a: Kingdra|Surf|p2a: Mew
|-damage|p2a: Mew|49/100
|move|p2a: Mew|Cosmic Power|p2a: Mew
|-boost|p2a: Mew|def|1
|-boost|p2a: Mew|spd|1
|
|-weather|RainDance|[upkeep]
|upkeep
|turn|63
|
|t:|1655661522
|move|p1a: Kingdra|Surf|p2a: Mew
|-damage|p2a: Mew|20/100
|move|p2a: Mew|Soft-Boiled|p2a: Mew
|-heal|p2a: Mew|70/100
|
|-weather|RainDance|[upkeep]
|upkeep
|turn|64
|
|t:|1655661543
|switch|p1a: Pelipper|Pelipper, F|96/100
|move|p2a: Mew|Soft-Boiled|p2a: Mew
|-heal|p2a: Mew|100/100
|
|-weather|RainDance|[upkeep]
|upkeep
|turn|65
|
|t:|1655661552
|move|p2a: Mew|Stored Power|p1a: Pelipper
|-damage|p1a: Pelipper|23/100
|move|p1a: Pelipper|Toxic|p2a: Mew
|-status|p2a: Mew|tox
|-activate|p2a: Mew|ability: Synchronize
|-status|p1a: Pelipper|tox
|
|-weather|RainDance|[upkeep]
|-damage|p2a: Mew|94/100 tox|[from] psn
|-damage|p1a: Pelipper|17/100 tox|[from] psn
|upkeep
|turn|66
|
|t:|1655661565
|switch|p1a: Tyranitar|Tyranitar, M|100/100
|-weather|Sandstorm|[from] ability: Sand Stream|[of] p1a: Tyranitar
|move|p2a: Mew|Body Press|p1a: Tyranitar
|-supereffective|p1a: Tyranitar
|-damage|p1a: Tyranitar|0 fnt
|faint|p1a: Tyranitar
|
|-weather|Sandstorm|[upkeep]
|-damage|p2a: Mew|88/100 tox|[from] Sandstorm
|-damage|p2a: Mew|76/100 tox|[from] psn
|upkeep
|c|☆PedroGreg|gg
|-message|PedroGreg forfeited.
|
|win|frisoeva
|c|☆frisoeva|gg
