|inactive|Battle timer is ON: inactive players will automatically lose when time's up.
|player|p1|EeveetoTheN00b|101|
|player|p2|Redemption|#wcop2020france|
|teamsize|p1|6
|teamsize|p2|6
|gametype|singles
|gen|8
|tier|[Gen 8] OU
|clearpoke
|poke|p1|Talonflame, M|
|poke|p1|Excadrill, M|
|poke|p1|Clefable, F|
|poke|p1|Hydreigon, M|
|poke|p1|Toxapex, M|
|poke|p1|Magearna|
|poke|p2|Dragapult, M|
|poke|p2|Amoonguss, F|
|poke|p2|Mandibuzz, F|
|poke|p2|Clefable, M|
|poke|p2|Rillaboom, M|
|poke|p2|Rotom-Heat|
|rule|Sleep Clause Mod: Limit one foe put to sleep
|rule|Species Clause: Limit one of each Pokémon
|rule|OHKO Clause: OHKO moves are banned
|rule|Evasion Moves Clause: Evasion moves are banned
|rule|Endless Battle Clause: Forcing endless battles is banned
|rule|HP Percentage Mod: HP is shown in percentages
|rule|Dynamax Clause: You cannot dynamax
|teampreview
|c|☆Redemption|hf
|c|+Corazan|gooooooo red
|c|☆EeveetoTheN00b|same
|c|+Blessyz|RED!!
|inactive|EeveetoTheN00b has 270 seconds left.
|inactive|Redemption has 270 seconds left.
|c|+Sakharu|GO
|c|+Orange DBJ|Go Red
|raw|<div class="broadcast-red"><strong>Moderated chat was set to ☆!</strong><br />Only users of rank ☆ and higher can talk.</div>
|inactive|Redemption has 240 seconds left.
|
|start
|switch|p1a: Fabiole|Clefable, F|100/100
|switch|p2a: Bambloukette|Dragapult, M|100/100
|turn|1
|
|switch|p2a: Chortifoum|Amoonguss, F|100/100
|move|p1a: Fabiole|Stealth Rock|p2a: Chortifoum
|-sidestart|p2: Redemption|move: Stealth Rock
|
|upkeep
|turn|2
|inactive|Redemption has 270 seconds left.
|
|move|p1a: Fabiole|Calm Mind|p1a: Fabiole
|-boost|p1a: Fabiole|spa|1
|-boost|p1a: Fabiole|spd|1
|move|p2a: Chortifoum|Spore|p1a: Fabiole
|-status|p1a: Fabiole|slp|[from] move: Spore
|
|upkeep
|turn|3
|inactive|Redemption has 270 seconds left.
|
|switch|p2a: Jiquicolle|Rillaboom, M|100/100
|-damage|p2a: Jiquicolle|88/100|[from] Stealth Rock
|-fieldstart|move: Grassy Terrain|[from] ability: Grassy Surge|[of] p2a: Jiquicolle
|cant|p1a: Fabiole|slp
|
|-heal|p2a: Jiquicolle|94/100|[from] Grassy Terrain
|upkeep
|turn|4
|
|switch|p1a: Trollxapex|Toxapex, M|100/100
|move|p2a: Jiquicolle|Knock Off|p1a: Trollxapex
|-damage|p1a: Trollxapex|69/100
|-enditem|p1a: Trollxapex|Eject Button|[from] move: Knock Off|[of] p2a: Jiquicolle
|
|-heal|p2a: Jiquicolle|100/100|[from] Grassy Terrain
|-heal|p1a: Trollxapex|75/100|[from] Grassy Terrain
|upkeep
|turn|5
|inactive|Redemption has 240 seconds left.
|
|switch|p2a: Balibroffe|Clefable, M|100/100
|move|p1a: Trollxapex|Knock Off|p2a: Balibroffe
|-resisted|p2a: Balibroffe
|-damage|p2a: Balibroffe|95/100
|-enditem|p2a: Balibroffe|Leftovers|[from] move: Knock Off|[of] p1a: Trollxapex
|
|-heal|p2a: Balibroffe|100/100|[from] Grassy Terrain
|-heal|p1a: Trollxapex|81/100|[from] Grassy Terrain
|upkeep
|turn|6
|inactive|Redemption has 240 seconds left.
|
|move|p2a: Balibroffe|Stealth Rock|p1a: Trollxapex
|-sidestart|p1: EeveetoTheN00b|move: Stealth Rock
|move|p1a: Trollxapex|Scald|p2a: Balibroffe
|-damage|p2a: Balibroffe|86/100
|
|-heal|p2a: Balibroffe|92/100|[from] Grassy Terrain
|-heal|p1a: Trollxapex|87/100|[from] Grassy Terrain
|upkeep
|turn|7
|inactive|Redemption has 240 seconds left.
|
|move|p2a: Balibroffe|Moonblast|p1a: Trollxapex
|-resisted|p1a: Trollxapex
|-damage|p1a: Trollxapex|73/100
|-unboost|p1a: Trollxapex|spa|1
|move|p1a: Trollxapex|Scald|p2a: Balibroffe
|-damage|p2a: Balibroffe|82/100
|-status|p2a: Balibroffe|brn
|
|-heal|p2a: Balibroffe|88/100 brn|[from] Grassy Terrain
|-heal|p1a: Trollxapex|79/100|[from] Grassy Terrain
|-fieldend|move: Grassy Terrain
|upkeep
|turn|8
|
|move|p2a: Balibroffe|Moonblast|p1a: Trollxapex
|-resisted|p1a: Trollxapex
|-damage|p1a: Trollxapex|65/100
|move|p1a: Trollxapex|Knock Off|p2a: Balibroffe
|-resisted|p2a: Balibroffe
|-damage|p2a: Balibroffe|85/100 brn
|
|upkeep
|turn|9
|
|switch|p2a: Jiquicolle|Rillaboom, M|100/100
|-damage|p2a: Jiquicolle|88/100|[from] Stealth Rock
|-fieldstart|move: Grassy Terrain|[from] ability: Grassy Surge|[of] p2a: Jiquicolle
|move|p1a: Trollxapex|Haze|p1a: Trollxapex
|-clearallboost
|
|-heal|p2a: Jiquicolle|94/100|[from] Grassy Terrain
|-heal|p1a: Trollxapex|71/100|[from] Grassy Terrain
|upkeep
|turn|10
|
|switch|p1a: Azor|Talonflame, M|100/100
|move|p2a: Jiquicolle|U-turn|p1a: Azor
|-resisted|p1a: Azor
|-damage|p1a: Azor|88/100
|-status|p2a: Jiquicolle|brn|[from] ability: Flame Body|[of] p1a: Azor
|inactive|Redemption has 210 seconds left.
|c|☆Redemption|paouf
|
|switch|p2a: Choupolard|Rotom-Heat|100/100|[from]move: U-turn
|
|upkeep
|turn|11
|inactive|Redemption has 180 seconds left.
|
|move|p1a: Azor|Toxic|p2a: Choupolard
|-status|p2a: Choupolard|tox
|move|p2a: Choupolard|Discharge|p1a: Azor
|-supereffective|p1a: Azor
|-damage|p1a: Azor|23/100
|
|-damage|p2a: Choupolard|95/100 tox|[from] psn
|upkeep
|turn|12
|inactive|Redemption has 150 seconds left.
|
|move|p1a: Azor|Roost|p1a: Azor
|-heal|p1a: Azor|73/100
|-singleturn|p1a: Azor|move: Roost
|move|p2a: Choupolard|Discharge|p1a: Azor
|-damage|p1a: Azor|39/100
|
|-heal|p1a: Azor|45/100|[from] Grassy Terrain
|-damage|p2a: Choupolard|83/100 tox|[from] psn
|upkeep
|turn|13
|inactive|Redemption has 150 seconds left.
|
|switch|p1a: Fabiole|Clefable, F|100/100 slp
|move|p2a: Choupolard|Discharge|p1a: Fabiole
|-damage|p1a: Fabiole|72/100 slp
|
|-heal|p1a: Fabiole|78/100 slp|[from] item: Leftovers
|-heal|p1a: Fabiole|85/100 slp|[from] Grassy Terrain
|-fieldend|move: Grassy Terrain
|-damage|p2a: Choupolard|65/100 tox|[from] psn
|upkeep
|turn|14
|inactive|Redemption has 150 seconds left.
|
|switch|p2a: Chortifoum|Amoonguss, F|100/100
|-damage|p2a: Chortifoum|88/100|[from] Stealth Rock
|cant|p1a: Fabiole|slp
|
|-heal|p1a: Fabiole|91/100 slp|[from] item: Leftovers
|-heal|p2a: Chortifoum|94/100|[from] item: Black Sludge
|upkeep
|turn|15
|
|switch|p1a: Karakuri|Magearna|100/100
|-damage|p1a: Karakuri|95/100|[from] Stealth Rock
|move|p2a: Chortifoum|Spore|p1a: Karakuri
|-message|Sleep Clause Mod activated.
|
|-heal|p2a: Chortifoum|99/100|[from] item: Black Sludge
|upkeep
|turn|16
|inactive|Redemption has 150 seconds left.
|
|switch|p2a: Choupolard|Rotom-Heat|65/100 tox
|move|p1a: Karakuri|Thunderbolt|p2a: Choupolard
|-resisted|p2a: Choupolard
|-damage|p2a: Choupolard|45/100 tox
|
|-damage|p2a: Choupolard|39/100 tox|[from] psn
|upkeep
|turn|17
|
|move|p2a: Choupolard|Pain Split|p1a: Karakuri
|-sethp|p1a: Karakuri|67/100|[from] move: Pain Split|[silent]
|-sethp|p2a: Choupolard|67/100 tox|[from] move: Pain Split
|move|p1a: Karakuri|Focus Blast|p2a: Choupolard
|-damage|p2a: Choupolard|21/100 tox
|
|-damage|p2a: Choupolard|9/100 tox|[from] psn
|upkeep
|turn|18
|inactive|Redemption has 120 seconds left.
|inactive|EeveetoTheN00b has 270 seconds left.
|inactive|Redemption has 90 seconds left.
|inactive|Redemption has 60 seconds left.
|
|switch|p2a: Chortifoum|Amoonguss, F|100/100
|-damage|p2a: Chortifoum|88/100|[from] Stealth Rock
|move|p1a: Karakuri|Thunderbolt|p2a: Chortifoum
|-resisted|p2a: Chortifoum
|-damage|p2a: Chortifoum|77/100
|
|-heal|p2a: Chortifoum|83/100|[from] item: Black Sludge
|upkeep
|turn|19
|inactive|Redemption has 60 seconds left.
|
|move|p1a: Karakuri|Pain Split|p2a: Chortifoum
|-sethp|p2a: Chortifoum|65/100|[from] move: Pain Split|[silent]
|-sethp|p1a: Karakuri|93/100|[from] move: Pain Split
|move|p2a: Chortifoum|Giga Drain|p1a: Karakuri
|-resisted|p1a: Karakuri
|-damage|p1a: Karakuri|82/100
|-heal|p2a: Chortifoum|69/100|[from] drain|[of] p1a: Karakuri
|
|-heal|p2a: Chortifoum|75/100|[from] item: Black Sludge
|upkeep
|turn|20
|inactive|Redemption has 60 seconds left.
|inactive|Redemption has 30 seconds left.
|inactive|Redemption has 20 seconds left.
|c|☆Redemption|yeah sry team
|inactive|Redemption has 15 seconds left.
|inactive|Redemption has 10 seconds left.
|-message|Redemption forfeited.
|
|win|EeveetoTheN00b
|inactive|Redemption has 15 seconds left this turn.
|c|☆EeveetoTheN00b|gg
|c|☆Redemption|gg
|player|p2|Redemption|#wcop2020france
