|inactive|Battle timer is ON: inactive players will automatically lose when time's up.
|t:|1665338881
|gametype|singles
|player|p1|Yves Stone|steven-gen3|
|player|p2|Redemption|#redemption|
|teamsize|p1|6
|teamsize|p2|6
|gen|8
|tier|[Gen 8] OU
|rule|Sleep Clause Mod: Limit one foe put to sleep
|rule|Species Clause: Limit one of each Pokémon
|rule|OHKO Clause: OHKO moves are banned
|rule|Evasion Items Clause: Evasion items are banned
|rule|Evasion Moves Clause: Evasion moves are banned
|rule|Endless Battle Clause: Forcing endless battles is banned
|rule|HP Percentage Mod: HP is shown in percentages
|rule|Dynamax Clause: You cannot dynamax
|clearpoke
|poke|p1|Weavile, M|
|poke|p1|Garchomp, M|
|poke|p1|Volcarona, F|
|poke|p1|Zapdos|
|poke|p1|Tapu Fini|
|poke|p1|Ferrothorn, M|
|poke|p2|Kartana|
|poke|p2|Tapu Lele|
|poke|p2|Tapu Fini|
|poke|p2|Landorus-Therian, M|
|poke|p2|Dragapult, M|
|poke|p2|Melmetal|
|teampreview
|c|☆Redemption|hf
|c|☆Yves Stone|hf
|inactive|Redemption has 270 seconds left.
|
|t:|1665338912
|start
|switch|p1a: Tapu Fini|Tapu Fini|100/100
|switch|p2a: Dragapult|Dragapult, M|100/100
|-fieldstart|move: Misty Terrain|[from] ability: Misty Surge|[of] p1a: Tapu Fini
|turn|1
|
|t:|1665338935
|switch|p2a: Melmetal|Melmetal|100/100
|move|p1a: Tapu Fini|Nature's Madness|p2a: Melmetal
|-damage|p2a: Melmetal|51/100
|
|-heal|p2a: Melmetal|57/100|[from] item: Leftovers
|upkeep
|turn|2
|
|t:|1665338946
|switch|p1a: Ferrothorn|Ferrothorn, M|100/100
|move|p2a: Melmetal|Earthquake|p1a: Ferrothorn
|-damage|p1a: Ferrothorn|74/100
|
|-heal|p2a: Melmetal|63/100|[from] item: Leftovers
|-heal|p1a: Ferrothorn|80/100|[from] item: Leftovers
|upkeep
|turn|3
|
|t:|1665338963
|switch|p2a: Landorus|Landorus-Therian, M|100/100
|-ability|p2a: Landorus|Intimidate|boost
|-unboost|p1a: Ferrothorn|atk|1
|move|p1a: Ferrothorn|Knock Off|p2a: Landorus
|-damage|p2a: Landorus|86/100
|-enditem|p2a: Landorus|Leftovers|[from] move: Knock Off|[of] p1a: Ferrothorn
|
|-heal|p1a: Ferrothorn|86/100|[from] item: Leftovers
|upkeep
|turn|4
|
|t:|1665338977
|move|p2a: Landorus|Stealth Rock|p1a: Ferrothorn
|-sidestart|p1: Yves Stone|move: Stealth Rock
|move|p1a: Ferrothorn|Spikes|p2a: Landorus
|-sidestart|p2: Redemption|Spikes
|
|-heal|p1a: Ferrothorn|92/100|[from] item: Leftovers
|upkeep
|turn|5
|
|t:|1665338985
|move|p2a: Landorus|Earthquake|p1a: Ferrothorn
|-damage|p1a: Ferrothorn|63/100
|move|p1a: Ferrothorn|Leech Seed|p2a: Landorus
|-start|p2a: Landorus|move: Leech Seed
|
|-heal|p1a: Ferrothorn|69/100|[from] item: Leftovers
|-damage|p2a: Landorus|73/100|[from] Leech Seed|[of] p1a: Ferrothorn
|-heal|p1a: Ferrothorn|83/100|[silent]
|-fieldend|Misty Terrain
|upkeep
|turn|6
|
|t:|1665339001
|move|p2a: Landorus|Earthquake|p1a: Ferrothorn
|-damage|p1a: Ferrothorn|54/100
|move|p1a: Ferrothorn|Knock Off|p2a: Landorus
|-damage|p2a: Landorus|64/100
|
|-heal|p1a: Ferrothorn|60/100|[from] item: Leftovers
|-damage|p2a: Landorus|52/100|[from] Leech Seed|[of] p1a: Ferrothorn
|-heal|p1a: Ferrothorn|73/100|[silent]
|upkeep
|turn|7
|
|t:|1665339020
|move|p2a: Landorus|U-turn|p1a: Ferrothorn
|-damage|p1a: Ferrothorn|59/100
|-damage|p2a: Landorus|40/100|[from] ability: Iron Barbs|[of] p1a: Ferrothorn
|
|t:|1665339025
|switch|p2a: Kartana|Kartana|100/100|[from]move: U-turn
|-damage|p2a: Kartana|88/100|[from] Spikes
|move|p1a: Ferrothorn|Knock Off|p2a: Kartana
|-damage|p2a: Kartana|73/100
|-enditem|p2a: Kartana|Protective Pads|[from] move: Knock Off|[of] p1a: Ferrothorn
|
|-heal|p1a: Ferrothorn|65/100|[from] item: Leftovers
|upkeep
|turn|8
|
|t:|1665339042
|switch|p1a: Zapdos|Zapdos|100/100
|move|p2a: Kartana|Knock Off|p1a: Zapdos
|-damage|p1a: Zapdos|48/100
|-enditem|p1a: Zapdos|Heavy-Duty Boots|[from] move: Knock Off|[of] p2a: Kartana
|
|upkeep
|turn|9
|
|t:|1665339052
|switch|p2a: Dragapult|Dragapult, M|100/100
|-damage|p2a: Dragapult|88/100|[from] Spikes
|move|p1a: Zapdos|Roost|p1a: Zapdos
|-heal|p1a: Zapdos|98/100
|-singleturn|p1a: Zapdos|move: Roost
|
|upkeep
|turn|10
|
|t:|1665339064
|move|p2a: Dragapult|Shadow Ball|p1a: Zapdos
|-damage|p1a: Zapdos|34/100
|-unboost|p1a: Zapdos|spd|1
|move|p1a: Zapdos|Roost|p1a: Zapdos
|-heal|p1a: Zapdos|85/100
|-singleturn|p1a: Zapdos|move: Roost
|
|upkeep
|turn|11
|
|t:|1665339077
|switch|p1a: Tapu Fini|Tapu Fini|100/100
|-damage|p1a: Tapu Fini|88/100|[from] Stealth Rock
|-fieldstart|move: Misty Terrain|[from] ability: Misty Surge|[of] p1a: Tapu Fini
|move|p2a: Dragapult|Shadow Ball|p1a: Tapu Fini
|-damage|p1a: Tapu Fini|53/100
|
|-heal|p1a: Tapu Fini|59/100|[from] item: Leftovers
|upkeep
|turn|12
|
|t:|1665339082
|switch|p2a: Melmetal|Melmetal|63/100
|-damage|p2a: Melmetal|50/100|[from] Spikes
|move|p1a: Tapu Fini|Moonblast|p2a: Melmetal
|-resisted|p2a: Melmetal
|-damage|p2a: Melmetal|38/100
|-unboost|p2a: Melmetal|spa|1
|
|-heal|p1a: Tapu Fini|65/100|[from] item: Leftovers
|-heal|p2a: Melmetal|44/100|[from] item: Leftovers
|upkeep
|turn|13
|
|t:|1665339092
|switch|p1a: Zapdos|Zapdos|85/100
|-damage|p1a: Zapdos|60/100|[from] Stealth Rock
|switch|p2a: Dragapult|Dragapult, M|88/100
|-damage|p2a: Dragapult|76/100|[from] Spikes
|
|upkeep
|turn|14
|
|t:|1665339102
|move|p2a: Dragapult|Shadow Ball|p1a: Zapdos
|-damage|p1a: Zapdos|0 fnt
|faint|p1a: Zapdos
|
|upkeep
|
|t:|1665339106
|switch|p1a: Weavile|Weavile, M|100/100
|-ability|p1a: Weavile|Pressure
|turn|15
|
|t:|1665339111
|switch|p2a: Landorus|Landorus-Therian, M|40/100
|-ability|p2a: Landorus|Intimidate|boost
|-unboost|p1a: Weavile|atk|1
|move|p1a: Weavile|Knock Off|p2a: Landorus
|-damage|p2a: Landorus|18/100
|
|-fieldend|Misty Terrain
|upkeep
|turn|16
|
|t:|1665339117
|switch|p2a: Tapu Fini|Tapu Fini|100/100
|-damage|p2a: Tapu Fini|88/100|[from] Spikes
|-fieldstart|move: Misty Terrain|[from] ability: Misty Surge|[of] p2a: Tapu Fini
|move|p1a: Weavile|Knock Off|p2a: Tapu Fini
|-resisted|p2a: Tapu Fini
|-damage|p2a: Tapu Fini|74/100
|-enditem|p2a: Tapu Fini|Choice Scarf|[from] move: Knock Off|[of] p1a: Weavile
|
|upkeep
|turn|17
|
|t:|1665339140
|move|p1a: Weavile|Knock Off|p2a: Tapu Fini
|-resisted|p2a: Tapu Fini
|-damage|p2a: Tapu Fini|65/100
|move|p2a: Tapu Fini|Trick|p1a: Weavile
|-activate|p2a: Tapu Fini|move: Trick|[of] p1a: Weavile
|-enditem|p1a: Weavile|Heavy-Duty Boots|[silent]|[from] move: Trick
|-item|p2a: Tapu Fini|Heavy-Duty Boots|[from] move: Trick
|
|upkeep
|turn|18
|
|t:|1665339152
|switch|p1a: Ferrothorn|Ferrothorn, M|65/100
|-damage|p1a: Ferrothorn|59/100|[from] Stealth Rock
|move|p2a: Tapu Fini|Moonblast|p1a: Ferrothorn
|-resisted|p1a: Ferrothorn
|-crit|p1a: Ferrothorn
|-damage|p1a: Ferrothorn|41/100
|
|-heal|p1a: Ferrothorn|47/100|[from] item: Leftovers
|upkeep
|turn|19
|
|t:|1665339173
|move|p2a: Tapu Fini|Trick|p1a: Ferrothorn
|-activate|p2a: Tapu Fini|move: Trick|[of] p1a: Ferrothorn
|-item|p1a: Ferrothorn|Heavy-Duty Boots|[from] move: Trick
|-item|p2a: Tapu Fini|Leftovers|[from] move: Trick
|move|p1a: Ferrothorn|Gyro Ball|p2a: Tapu Fini
|-damage|p2a: Tapu Fini|21/100
|
|-heal|p2a: Tapu Fini|27/100|[from] item: Leftovers
|upkeep
|turn|20
|inactive|Yves Stone has 270 seconds left.
|inactive|Redemption has 270 seconds left.
|inactive|Yves Stone disconnected and has 300 seconds to reconnect!
|player|p1|
|inactive|Yves Stone reconnected and has 260 seconds left.
|player|p1|Yves Stone|steven-gen3
|
|t:|1665339230
|move|p2a: Tapu Fini|Defog|p1a: Ferrothorn
|-unboost|p1a: Ferrothorn|evasion|1
|-sideend|p1: Yves Stone|Stealth Rock|[from] move: Defog|[of] p2a: Tapu Fini
|-sideend|p2: Redemption|Spikes|[from] move: Defog|[of] p2a: Tapu Fini
|-fieldend|Misty Terrain
|move|p1a: Ferrothorn|Gyro Ball|p2a: Tapu Fini
|-damage|p2a: Tapu Fini|0 fnt
|faint|p2a: Tapu Fini
|
|upkeep
|inactive|Redemption has 240 seconds left.
|
|t:|1665339279
|switch|p2a: Kartana|Kartana|73/100
|turn|21
|
|t:|1665339295
|switch|p1a: Volcarona|Volcarona, F|100/100
|move|p2a: Kartana|Swords Dance|p2a: Kartana
|-boost|p2a: Kartana|atk|2
|
|upkeep
|turn|22
|
|t:|1665339302
|move|p2a: Kartana|Knock Off|p1a: Volcarona
|-damage|p1a: Volcarona|15/100
|-enditem|p1a: Volcarona|Heavy-Duty Boots|[from] move: Knock Off|[of] p2a: Kartana
|move|p1a: Volcarona|Quiver Dance|p1a: Volcarona
|-boost|p1a: Volcarona|spa|1
|-boost|p1a: Volcarona|spd|1
|-boost|p1a: Volcarona|spe|1
|
|upkeep
|turn|23
|inactive|Yves Stone has 270 seconds left.
|inactive|Redemption has 210 seconds left.
|inactive|Yves Stone has 240 seconds left.
|inactive|Yves Stone has 210 seconds left.
|inactive|Yves Stone has 180 seconds left.
|inactive|Redemption has 180 seconds left.
|
|t:|1665339424
|switch|p2a: Melmetal|Melmetal|44/100
|move|p1a: Volcarona|Flamethrower|p2a: Melmetal
|-supereffective|p2a: Melmetal
|-damage|p2a: Melmetal|0 fnt
|faint|p2a: Melmetal
|
|upkeep
|inactive|Redemption has 180 seconds left.
|
|t:|1665339431
|switch|p2a: Tapu Lele|Tapu Lele|100/100
|-fieldstart|move: Psychic Terrain|[from] ability: Psychic Surge|[of] p2a: Tapu Lele
|turn|24
|inactive|Yves Stone has 180 seconds left.
|inactive|Redemption has 180 seconds left.
|inactive|Yves Stone has 150 seconds left.
|
|t:|1665339501
|move|p1a: Volcarona|Flamethrower|p2a: Tapu Lele
|-damage|p2a: Tapu Lele|28/100
|move|p2a: Tapu Lele|Psyshock|p1a: Volcarona
|-damage|p1a: Volcarona|0 fnt
|faint|p1a: Volcarona
|
|upkeep
|
|t:|1665339508
|switch|p1a: Weavile|Weavile, M|100/100
|-ability|p1a: Weavile|Pressure
|turn|25
|inactive|Redemption has 150 seconds left.
|
|t:|1665339541
|switch|p2a: Landorus|Landorus-Therian, M|18/100
|-ability|p2a: Landorus|Intimidate|boost
|-unboost|p1a: Weavile|atk|1
|move|p1a: Weavile|Knock Off|p2a: Landorus
|-damage|p2a: Landorus|0 fnt
|faint|p2a: Landorus
|
|upkeep
|
|t:|1665339549
|switch|p2a: Kartana|Kartana|73/100
|turn|26
|
|t:|1665339564
|move|p1a: Weavile|Swords Dance|p1a: Weavile
|-boost|p1a: Weavile|atk|2
|move|p2a: Kartana|Swords Dance|p2a: Kartana
|-boost|p2a: Kartana|atk|2
|
|upkeep
|turn|27
|c|☆Redemption|gg
|
|t:|1665339574
|move|p1a: Weavile|Triple Axel|p2a: Kartana
|-crit|p2a: Kartana
|-damage|p2a: Kartana|50/100
|-damage|p2a: Kartana|17/100
|-damage|p2a: Kartana|0 fnt
|faint|p2a: Kartana
|-hitcount|p2: Kartana|3
|
|upkeep
|-message|Redemption forfeited.
|
|win|Yves Stone
