|inactive|Battle timer is ON: inactive players will automatically lose when time's up.
|t:|1665259666
|gametype|singles
|player|p1|Faygos|266|
|player|p2|Bluxio|worker|
|teamsize|p1|6
|teamsize|p2|6
|gen|8
|tier|[Gen 8] OU
|rule|Sleep Clause Mod: Limit one foe put to sleep
|rule|Species Clause: Limit one of each Pokémon
|rule|OHKO Clause: OHKO moves are banned
|rule|Evasion Items Clause: Evasion items are banned
|rule|Evasion Moves Clause: Evasion moves are banned
|rule|Endless Battle Clause: Forcing endless battles is banned
|rule|HP Percentage Mod: HP is shown in percentages
|rule|Dynamax Clause: You cannot dynamax
|clearpoke
|poke|p1|Ninetales-Alola, F|
|poke|p1|Rapidash, F|
|poke|p1|Arctozolt|
|poke|p1|Landorus-Therian, M|
|poke|p1|Torkoal, M|
|poke|p1|Mandibuzz, F|
|poke|p2|Ferrothorn, F|
|poke|p2|Rotom-Wash|
|poke|p2|Tyranitar, M|
|poke|p2|Excadrill, M|
|poke|p2|Clefable, F|
|poke|p2|Dragapult, F|
|teampreview
|inactive|Faygos also wants the timer to be on.
|c|☆Bluxio|hf
|c|+ongg|FAYGOS
|c|☆Faygos|yt
|inactive|Faygos has 270 seconds left.
|
|t:|1665259702
|start
|switch|p1a: Killer Frost|Ninetales-Alola, F|100/100
|switch|p2a: Clefable|Clefable, F|100/100
|-weather|Hail|[from] ability: Snow Warning|[of] p1a: Killer Frost
|turn|1
|
|t:|1665259708
|switch|p1a: Landorus|Landorus-Therian, M|100/100
|-ability|p1a: Landorus|Intimidate|boost
|-unboost|p2a: Clefable|atk|1
|move|p2a: Clefable|Knock Off|p1a: Landorus
|-damage|p1a: Landorus|91/100
|-enditem|p1a: Landorus|Assault Vest|[from] move: Knock Off|[of] p2a: Clefable
|
|-weather|Hail|[upkeep]
|-damage|p1a: Landorus|85/100|[from] Hail
|upkeep
|turn|2
|
|t:|1665259713
|move|p1a: Landorus|Earthquake|p2a: Clefable
|-damage|p2a: Clefable|68/100
|move|p2a: Clefable|Stealth Rock|p1a: Landorus
|-sidestart|p1: Faygos|move: Stealth Rock
|
|-weather|Hail|[upkeep]
|-damage|p1a: Landorus|79/100|[from] Hail
|upkeep
|turn|3
|
|t:|1665259718
|move|p1a: Landorus|U-turn|p2a: Clefable
|-resisted|p2a: Clefable
|-damage|p2a: Clefable|60/100
|-damage|p1a: Landorus|62/100|[from] item: Rocky Helmet|[of] p2a: Clefable
|
|t:|1665259721
|switch|p1a: Mandibuzz|Mandibuzz, F|100/100|[from]move: U-turn
|move|p2a: Clefable|Soft-Boiled|p2a: Clefable
|-heal|p2a: Clefable|100/100
|
|-weather|Hail|[upkeep]
|upkeep
|turn|4
|
|t:|1665259724
|move|p1a: Mandibuzz|Defog|p2a: Clefable
|-unboost|p2a: Clefable|evasion|1
|-sideend|p1: Faygos|Stealth Rock|[from] move: Defog|[of] p1a: Mandibuzz
|move|p2a: Clefable|Knock Off|p1a: Mandibuzz
|-resisted|p1a: Mandibuzz
|-damage|p1a: Mandibuzz|97/100
|-enditem|p1a: Mandibuzz|Heavy-Duty Boots|[from] move: Knock Off|[of] p2a: Clefable
|
|-weather|Hail|[upkeep]
|upkeep
|turn|5
|
|t:|1665259729
|move|p1a: Mandibuzz|U-turn|p2a: Clefable
|-resisted|p2a: Clefable
|-damage|p2a: Clefable|96/100
|-damage|p1a: Mandibuzz|81/100|[from] item: Rocky Helmet|[of] p2a: Clefable
|
|t:|1665259734
|switch|p1a: Rapidash|Rapidash, F, shiny|100/100|[from]move: U-turn
|move|p2a: Clefable|Stealth Rock|p1a: Rapidash
|-sidestart|p1: Faygos|move: Stealth Rock
|
|-weather|Hail|[upkeep]
|-damage|p1a: Rapidash|95/100|[from] Hail
|upkeep
|turn|6
|
|t:|1665259740
|switch|p2a: Rotom|Rotom-Wash|100/100
|move|p1a: Rapidash|Flare Blitz|p2a: Rotom
|-resisted|p2a: Rotom
|-damage|p2a: Rotom|61/100
|-damage|p1a: Rapidash|80/100|[from] Recoil
|
|-weather|Hail|[upkeep]
|-damage|p1a: Rapidash|74/100|[from] Hail
|-damage|p2a: Rotom|55/100|[from] Hail
|-heal|p2a: Rotom|61/100|[from] item: Leftovers
|upkeep
|turn|7
|
|t:|1665259751
|move|p1a: Rapidash|Flare Blitz|p2a: Rotom
|-resisted|p2a: Rotom
|-damage|p2a: Rotom|19/100
|-damage|p1a: Rapidash|58/100|[from] Recoil
|move|p2a: Rotom|Hydro Pump|p1a: Rapidash
|-supereffective|p1a: Rapidash
|-damage|p1a: Rapidash|0 fnt
|faint|p1a: Rapidash
|
|-weather|Hail|[upkeep]
|-damage|p2a: Rotom|13/100|[from] Hail
|-heal|p2a: Rotom|19/100|[from] item: Leftovers
|upkeep
|
|t:|1665259770
|switch|p1a: Killer Frost|Ninetales-Alola, F|100/100
|-damage|p1a: Killer Frost|76/100|[from] Stealth Rock
|turn|8
|
|t:|1665259784
|switch|p2a: Tyranitar|Tyranitar, M|100/100
|-weather|Sandstorm|[from] ability: Sand Stream|[of] p2a: Tyranitar
|move|p1a: Killer Frost|Freeze-Dry|p2a: Tyranitar
|-damage|p2a: Tyranitar|87/100
|
|-weather|Sandstorm|[upkeep]
|-damage|p1a: Killer Frost|70/100|[from] Sandstorm
|upkeep
|turn|9
|
|t:|1665259790
|switch|p1a: Torkoal|Torkoal, M|100/100
|-weather|SunnyDay|[from] ability: Drought|[of] p1a: Torkoal
|move|p2a: Tyranitar|Stone Edge|p1a: Torkoal
|-supereffective|p1a: Torkoal
|-damage|p1a: Torkoal|2/100
|
|-weather|SunnyDay|[upkeep]
|upkeep
|turn|10
|
|t:|1665259802
|switch|p2a: Dragapult|Dragapult, F|100/100
|move|p1a: Torkoal|Rapid Spin|p2a: Dragapult
|-immune|p2a: Dragapult
|
|-weather|SunnyDay|[upkeep]
|upkeep
|turn|11
|
|t:|1665259810
|move|p2a: Dragapult|Shadow Ball|p1a: Torkoal
|-damage|p1a: Torkoal|0 fnt
|faint|p1a: Torkoal
|
|-weather|SunnyDay|[upkeep]
|upkeep
|
|t:|1665259817
|switch|p1a: Mandibuzz|Mandibuzz, F|81/100
|-damage|p1a: Mandibuzz|56/100|[from] Stealth Rock
|turn|12
|
|t:|1665259819
|switch|p2a: Tyranitar|Tyranitar, M|87/100
|-weather|Sandstorm|[from] ability: Sand Stream|[of] p2a: Tyranitar
|move|p1a: Mandibuzz|U-turn|p2a: Tyranitar
|-supereffective|p2a: Tyranitar
|-damage|p2a: Tyranitar|64/100
|
|t:|1665259822
|switch|p1a: Killer Frost|Ninetales-Alola, F|70/100|[from]move: U-turn
|-damage|p1a: Killer Frost|45/100|[from] Stealth Rock
|-weather|Hail|[from] ability: Snow Warning|[of] p1a: Killer Frost
|
|-weather|Hail|[upkeep]
|-damage|p2a: Tyranitar|58/100|[from] Hail
|upkeep
|turn|13
|
|t:|1665259826
|switch|p2a: Ferrothorn|Ferrothorn, F|100/100
|move|p1a: Killer Frost|Aurora Veil|p1a: Killer Frost
|-sidestart|p1: Faygos|move: Aurora Veil
|
|-weather|Hail|[upkeep]
|-damage|p2a: Ferrothorn|94/100|[from] Hail
|-heal|p2a: Ferrothorn|100/100|[from] item: Leftovers
|upkeep
|turn|14
|
|t:|1665259834
|switch|p1a: Flying Fish|Arctozolt|100/100
|move|p2a: Ferrothorn|Leech Seed|p1a: Flying Fish
|-start|p1a: Flying Fish|move: Leech Seed
|
|-weather|Hail|[upkeep]
|-damage|p2a: Ferrothorn|94/100|[from] Hail
|-heal|p2a: Ferrothorn|100/100|[from] item: Leftovers
|-damage|p1a: Flying Fish|88/100|[from] Leech Seed|[of] p2a: Ferrothorn
|upkeep
|turn|15
|
|t:|1665259848
|move|p1a: Flying Fish|Low Kick|p2a: Ferrothorn
|-supereffective|p2a: Ferrothorn
|-damage|p2a: Ferrothorn|69/100
|-damage|p1a: Flying Fish|76/100|[from] ability: Iron Barbs|[of] p2a: Ferrothorn
|move|p2a: Ferrothorn|Body Press|p1a: Flying Fish
|-supereffective|p1a: Flying Fish
|-damage|p1a: Flying Fish|41/100
|
|-weather|Hail|[upkeep]
|-damage|p2a: Ferrothorn|63/100|[from] Hail
|-heal|p2a: Ferrothorn|69/100|[from] item: Leftovers
|-damage|p1a: Flying Fish|29/100|[from] Leech Seed|[of] p2a: Ferrothorn
|-heal|p2a: Ferrothorn|81/100|[silent]
|upkeep
|turn|16
|
|t:|1665259854
|move|p1a: Flying Fish|Bolt Beak|p2a: Ferrothorn
|-resisted|p2a: Ferrothorn
|-damage|p2a: Ferrothorn|57/100
|-damage|p1a: Flying Fish|16/100|[from] ability: Iron Barbs|[of] p2a: Ferrothorn
|move|p2a: Ferrothorn|Body Press|p1a: Flying Fish
|-supereffective|p1a: Flying Fish
|-damage|p1a: Flying Fish|0 fnt
|faint|p1a: Flying Fish
|
|-weather|Hail|[upkeep]
|-damage|p2a: Ferrothorn|51/100|[from] Hail
|-heal|p2a: Ferrothorn|57/100|[from] item: Leftovers
|upkeep
|
|t:|1665259856
|switch|p1a: Landorus|Landorus-Therian, M|62/100
|-damage|p1a: Landorus|50/100|[from] Stealth Rock
|-ability|p1a: Landorus|Intimidate|boost
|-unboost|p2a: Ferrothorn|atk|1
|turn|17
|-message|Faygos forfeited.
|
|win|Bluxio
