|inactive|Battle timer is ON: inactive players will automatically lose when time's up.
|t:|1662931686
|gametype|singles
|player|p1|starmaster|#uplxdurians|
|player|p2|Coach Jones 6fifth|lusamine-nihilego|
|teamsize|p1|6
|teamsize|p2|6
|gen|8
|tier|[Gen 8] OU
|rule|Sleep Clause Mod: Limit one foe put to sleep
|rule|Species Clause: Limit one of each Pokémon
|rule|OHKO Clause: OHKO moves are banned
|rule|Evasion Items Clause: Evasion items are banned
|rule|Evasion Moves Clause: Evasion moves are banned
|rule|Endless Battle Clause: Forcing endless battles is banned
|rule|HP Percentage Mod: HP is shown in percentages
|rule|Dynamax Clause: You cannot dynamax
|clearpoke
|poke|p1|Ninetales-Alola, M|
|poke|p1|Volcanion|
|poke|p1|Melmetal|
|poke|p1|Arctozolt|
|poke|p1|Landorus-Therian, M|
|poke|p1|Dragapult, F|
|poke|p2|Zeraora|
|poke|p2|Weavile, M|
|poke|p2|Rillaboom, F|
|poke|p2|Urshifu-*, F|
|poke|p2|Aegislash, F|
|poke|p2|Landorus-Therian, M|
|teampreview
|c|☆Coach Jones 6fifth|hf
|c|☆starmaster|u2
|inactive|Coach Jones 6fifth has 270 seconds left.
|
|t:|1662931739
|start
|switch|p1a: Ninetales|Ninetales-Alola, M|100/100
|switch|p2a: Zeraora|Zeraora|100/100
|-weather|Hail|[from] ability: Snow Warning|[of] p1a: Ninetales
|turn|1
|
|t:|1662931754
|move|p1a: Ninetales|Blizzard|p2a: Zeraora
|-damage|p2a: Zeraora|46/100
|move|p2a: Zeraora|Knock Off|p1a: Ninetales
|-resisted|p1a: Ninetales
|-damage|p1a: Ninetales|77/100
|-enditem|p1a: Ninetales|Choice Scarf|[from] move: Knock Off|[of] p2a: Zeraora
|
|-weather|Hail|[upkeep]
|-damage|p2a: Zeraora|40/100|[from] Hail
|-heal|p2a: Zeraora|46/100|[from] item: Leftovers
|upkeep
|turn|2
|inactive|starmaster has 270 seconds left.
|inactive|Coach Jones 6fifth has 270 seconds left.
|
|t:|1662931807
|switch|p2a: Weavile|Weavile, M|100/100
|-ability|p2a: Weavile|Pressure
|move|p1a: Ninetales|Aurora Veil|p1a: Ninetales
|-sidestart|p1: starmaster|move: Aurora Veil
|
|-weather|Hail|[upkeep]
|upkeep
|turn|3
|
|t:|1662931813
|switch|p2a: Aegislash|Aegislash, F, shiny|100/100
|move|p1a: Ninetales|Moonblast|p2a: Aegislash
|-resisted|p2a: Aegislash
|-damage|p2a: Aegislash|82/100
|-unboost|p2a: Aegislash|spa|1
|
|-weather|Hail|[upkeep]
|-damage|p2a: Aegislash|76/100|[from] Hail
|upkeep
|turn|4
|
|t:|1662931818
|switch|p2a: Landorus|Landorus-Therian, M|100/100
|-ability|p2a: Landorus|Intimidate|boost
|-unboost|p1a: Ninetales|atk|1
|move|p1a: Ninetales|Blizzard|p2a: Landorus
|-supereffective|p2a: Landorus
|-damage|p2a: Landorus|0 fnt
|faint|p2a: Landorus
|
|-weather|Hail|[upkeep]
|upkeep
|inactive|Coach Jones 6fifth has 270 seconds left.
|
|t:|1662931826
|switch|p2a: Aegislash|Aegislash, F, shiny|76/100
|turn|5
|inactive|Coach Jones 6fifth has 270 seconds left.
|
|t:|1662931855
|switch|p1a: Volcanion|Volcanion|100/100
|-formechange|p2a: Aegislash|Aegislash-Blade||[from] ability: Stance Change
|move|p2a: Aegislash|Shadow Ball|p1a: Volcanion
|-damage|p1a: Volcanion|73/100
|-unboost|p1a: Volcanion|spd|1
|
|-weather|none
|upkeep
|turn|6
|inactive|starmaster has 270 seconds left.
|inactive|Coach Jones 6fifth has 240 seconds left.
|
|t:|1662931889
|switch|p2a: Urshifu|Urshifu-Rapid-Strike, F|100/100
|move|p1a: Volcanion|Steam Eruption|p2a: Urshifu
|-resisted|p2a: Urshifu
|-damage|p2a: Urshifu|52/100
|-status|p2a: Urshifu|brn
|
|-damage|p2a: Urshifu|46/100 brn|[from] brn
|-sideend|p1: starmaster|move: Aurora Veil
|upkeep
|turn|7
|
|t:|1662931913
|move|p2a: Urshifu|Close Combat|p1a: Volcanion
|-damage|p1a: Volcanion|28/100
|-unboost|p2a: Urshifu|def|1
|-unboost|p2a: Urshifu|spd|1
|move|p1a: Volcanion|Steam Eruption|p2a: Urshifu
|-resisted|p2a: Urshifu
|-damage|p2a: Urshifu|0 fnt
|faint|p2a: Urshifu
|
|upkeep
|
|t:|1662931922
|switch|p2a: Rillaboom|Rillaboom, F|100/100
|-fieldstart|move: Grassy Terrain|[from] ability: Grassy Surge|[of] p2a: Rillaboom
|turn|8
|
|t:|1662931927
|move|p2a: Rillaboom|Grassy Glide|p1a: Volcanion
|-damage|p1a: Volcanion|0 fnt
|faint|p1a: Volcanion
|-damage|p2a: Rillaboom|91/100|[from] item: Life Orb
|
|-heal|p2a: Rillaboom|97/100|[from] Grassy Terrain
|upkeep
|
|t:|1662931937
|switch|p1a: Landorus|Landorus-Therian, M|100/100
|-ability|p1a: Landorus|Intimidate|boost
|-unboost|p2a: Rillaboom|atk|1
|turn|9
|
|t:|1662931939
|switch|p2a: Aegislash|Aegislash, F, shiny|76/100
|move|p1a: Landorus|U-turn|p2a: Aegislash
|-resisted|p2a: Aegislash
|-damage|p2a: Aegislash|71/100
|
|t:|1662931954
|switch|p1a: Dragapult|Dragapult, F|100/100|[from]move: U-turn
|
|-heal|p2a: Aegislash|77/100|[from] Grassy Terrain
|upkeep
|turn|10
|
|t:|1662931963
|switch|p2a: Weavile|Weavile, M|100/100
|-ability|p2a: Weavile|Pressure
|move|p1a: Dragapult|U-turn|p2a: Weavile
|-supereffective|p2a: Weavile
|-damage|p2a: Weavile|3/100
|
|t:|1662931968
|switch|p1a: Ninetales|Ninetales-Alola, M|77/100|[from]move: U-turn
|-weather|Hail|[from] ability: Snow Warning|[of] p1a: Ninetales
|
|-weather|Hail|[upkeep]
|-heal|p2a: Weavile|9/100|[from] Grassy Terrain
|-heal|p1a: Ninetales|83/100|[from] Grassy Terrain
|upkeep
|turn|11
|
|t:|1662931974
|move|p2a: Weavile|Triple Axel|p1a: Ninetales
|-resisted|p1a: Ninetales
|-damage|p1a: Ninetales|71/100
|-resisted|p1a: Ninetales
|-damage|p1a: Ninetales|45/100
|-resisted|p1a: Ninetales
|-damage|p1a: Ninetales|9/100
|-hitcount|p1a: Ninetales|3
|move|p1a: Ninetales|Aurora Veil|p1a: Ninetales
|-sidestart|p1: starmaster|move: Aurora Veil
|
|-weather|Hail|[upkeep]
|-heal|p2a: Weavile|15/100|[from] Grassy Terrain
|-heal|p1a: Ninetales|15/100|[from] Grassy Terrain
|upkeep
|turn|12
|
|t:|1662931981
|switch|p1a: Arctozolt|Arctozolt|100/100
|move|p2a: Weavile|Triple Axel|p1a: Arctozolt|[miss]
|-miss|p2a: Weavile|p1a: Arctozolt
|
|-weather|Hail|[upkeep]
|-heal|p2a: Weavile|21/100|[from] Grassy Terrain
|-fieldend|move: Grassy Terrain
|upkeep
|turn|13
|
|t:|1662931987
|switch|p2a: Aegislash|Aegislash, F, shiny|77/100
|move|p1a: Arctozolt|Blizzard|p2a: Aegislash
|-resisted|p2a: Aegislash
|-damage|p2a: Aegislash|59/100
|-status|p2a: Aegislash|frz
|
|-weather|Hail|[upkeep]
|-damage|p2a: Aegislash|53/100 frz|[from] Hail
|upkeep
|turn|14
|
|t:|1662931993
|move|p1a: Arctozolt|Blizzard|p2a: Aegislash
|-resisted|p2a: Aegislash
|-damage|p2a: Aegislash|35/100 frz
|cant|p2a: Aegislash|frz
|
|-weather|none
|upkeep
|turn|15
|
|t:|1662931997
|switch|p2a: Zeraora|Zeraora|46/100
|move|p1a: Arctozolt|Freeze-Dry|p2a: Zeraora
|-damage|p2a: Zeraora|18/100
|-status|p2a: Zeraora|frz
|
|-heal|p2a: Zeraora|24/100 frz|[from] item: Leftovers
|-sideend|p1: starmaster|move: Aurora Veil
|upkeep
|turn|16
|
|t:|1662932001
|switch|p1a: Landorus|Landorus-Therian, M|100/100
|-ability|p1a: Landorus|Intimidate|boost
|-unboost|p2a: Zeraora|atk|1
|cant|p2a: Zeraora|frz
|
|-heal|p2a: Zeraora|30/100 frz|[from] item: Leftovers
|upkeep
|turn|17
|
|t:|1662932007
|switch|p2a: Weavile|Weavile, M|21/100
|-ability|p2a: Weavile|Pressure
|move|p1a: Landorus|U-turn|p2a: Weavile
|-supereffective|p2a: Weavile
|-damage|p2a: Weavile|0 fnt
|faint|p2a: Weavile
|
|t:|1662932015
|switch|p1a: Ninetales|Ninetales-Alola, M|15/100|[from]move: U-turn
|-weather|Hail|[from] ability: Snow Warning|[of] p1a: Ninetales
|
|-weather|Hail|[upkeep]
|upkeep
|
|t:|1662932022
|switch|p2a: Aegislash|Aegislash, F, shiny|35/100 frz
|turn|18
|
|t:|1662932030
|move|p1a: Ninetales|Blizzard|p2a: Aegislash
|-resisted|p2a: Aegislash
|-damage|p2a: Aegislash|15/100 frz
|cant|p2a: Aegislash|frz
|
|-weather|Hail|[upkeep]
|-damage|p2a: Aegislash|9/100 frz|[from] Hail
|upkeep
|turn|19
|
|t:|1662932034
|move|p1a: Ninetales|Aurora Veil|p1a: Ninetales
|-sidestart|p1: starmaster|move: Aurora Veil
|-curestatus|p2a: Aegislash|frz|[msg]
|move|p2a: Aegislash|Autotomize|p2a: Aegislash
|-boost|p2a: Aegislash|spe|2
|-start|p2a: Aegislash|Autotomize
|
|-weather|Hail|[upkeep]
|-damage|p2a: Aegislash|3/100|[from] Hail
|upkeep
|turn|20
|
|t:|1662932040
|-formechange|p2a: Aegislash|Aegislash-Blade||[from] ability: Stance Change
|move|p2a: Aegislash|Shadow Ball|p1a: Ninetales
|-damage|p1a: Ninetales|0 fnt
|faint|p1a: Ninetales
|
|-weather|Hail|[upkeep]
|-damage|p2a: Aegislash|0 fnt|[from] Hail
|faint|p2a: Aegislash
|upkeep
|
|t:|1662932046
|switch|p1a: Arctozolt|Arctozolt|100/100
|switch|p2a: Rillaboom|Rillaboom, F|97/100
|-fieldstart|move: Grassy Terrain|[from] ability: Grassy Surge|[of] p2a: Rillaboom
|turn|21
|
|t:|1662932049
|switch|p2a: Zeraora|Zeraora|30/100 frz
|move|p1a: Arctozolt|Blizzard|p2a: Zeraora
|-damage|p2a: Zeraora|0 fnt
|faint|p2a: Zeraora
|
|-weather|none
|upkeep
|
|t:|1662932050
|switch|p2a: Rillaboom|Rillaboom, F|97/100
|turn|22
|
|t:|1662932053
|move|p2a: Rillaboom|Swords Dance|p2a: Rillaboom
|-boost|p2a: Rillaboom|atk|2
|move|p1a: Arctozolt|Freeze-Dry|p2a: Rillaboom
|-supereffective|p2a: Rillaboom
|-damage|p2a: Rillaboom|36/100
|
|-heal|p2a: Rillaboom|42/100|[from] Grassy Terrain
|upkeep
|turn|23
|
|t:|1662932056
|move|p2a: Rillaboom|Grassy Glide|p1a: Arctozolt
|-damage|p1a: Arctozolt|23/100
|-damage|p2a: Rillaboom|32/100|[from] item: Life Orb
|move|p1a: Arctozolt|Freeze-Dry|p2a: Rillaboom
|-supereffective|p2a: Rillaboom
|-damage|p2a: Rillaboom|0 fnt
|faint|p2a: Rillaboom
|
|win|starmaster
|c|☆starmaster|very silly finish sry
|c|☆starmaster|ggs
|c|☆Coach Jones 6fifth|ggs
|player|p1|starmaster|#uplxdurians
