|inactive|Battle timer is ON: inactive players will automatically lose when time's up.
|t:|1663524955
|gametype|singles
|player|p1|yung_iznamakin|chase|
|player|p2|god mami pix|#puplviiimoomoomilkers|
|teamsize|p1|6
|teamsize|p2|6
|gen|8
|tier|[Gen 8] OU
|rule|Sleep Clause Mod: Limit one foe put to sleep
|rule|Species Clause: Limit one of each Pokémon
|rule|OHKO Clause: OHKO moves are banned
|rule|Evasion Items Clause: Evasion items are banned
|rule|Evasion Moves Clause: Evasion moves are banned
|rule|Endless Battle Clause: Forcing endless battles is banned
|rule|HP Percentage Mod: HP is shown in percentages
|rule|Dynamax Clause: You cannot dynamax
|clearpoke
|poke|p1|Tapu Lele|
|poke|p1|Victini|
|poke|p1|Melmetal|
|poke|p1|Dragonite, M|
|poke|p1|Landorus-Therian, M|
|poke|p1|Urshifu-*, M|
|poke|p2|Zapdos|
|poke|p2|Tyranitar, F|
|poke|p2|Landorus-Therian, M|
|poke|p2|Tapu Lele|
|poke|p2|Melmetal|
|poke|p2|Urshifu-*, M|
|teampreview
|inactive|god mami pix also wants the timer to be on.
|c|☆god mami pix|hf
|c|☆yung_iznamakin|u2
|
|t:|1663524970
|start
|switch|p1a: Urshifu|Urshifu-Rapid-Strike, M|100/100
|switch|p2a: Say So|Landorus-Therian, M|100/100
|-ability|p2a: Say So|Intimidate|boost
|-unboost|p1a: Urshifu|atk|1
|turn|1
|
|t:|1663524977
|switch|p1a: Tapu Lele|Tapu Lele|100/100
|-fieldstart|move: Psychic Terrain|[from] ability: Psychic Surge|[of] p1a: Tapu Lele
|switch|p2a: Best Friend|Zapdos|100/100
|
|upkeep
|turn|2
|
|t:|1663524985
|switch|p2a: Vegas|Melmetal|100/100
|move|p1a: Tapu Lele|Future Sight|p2a: Vegas
|-start|p1a: Tapu Lele|move: Future Sight
|
|upkeep
|turn|3
|
|t:|1663525001
|switch|p1a: Urshifu|Urshifu-Rapid-Strike, M|100/100
|switch|p2a: Kiss Me More|Tapu Lele|100/100
|
|upkeep
|turn|4
|
|t:|1663525010
|switch|p2a: Ain't Shit|Tyranitar, F|100/100
|-weather|Sandstorm|[from] ability: Sand Stream|[of] p2a: Ain't Shit
|switch|p1a: Victini|Victini|100/100
|
|-weather|Sandstorm|[upkeep]
|-damage|p1a: Victini|94/100|[from] Sandstorm
|-end|p2a: Ain't Shit|move: Future Sight
|-immune|p2a: Ain't Shit
|upkeep
|turn|5
|
|t:|1663525018
|move|p1a: Victini|U-turn|p2a: Ain't Shit
|-supereffective|p2a: Ain't Shit
|-damage|p2a: Ain't Shit|61/100
|
|t:|1663525021
|switch|p1a: Melmetal|Melmetal|100/100|[from]move: U-turn
|move|p2a: Ain't Shit|Crunch|p1a: Melmetal
|-damage|p1a: Melmetal|60/100
|
|-weather|Sandstorm|[upkeep]
|-fieldend|move: Psychic Terrain
|upkeep
|turn|6
|
|t:|1663525038
|switch|p2a: Best Friend|Zapdos|100/100
|switch|p1a: Urshifu|Urshifu-Rapid-Strike, M|100/100
|
|-weather|Sandstorm|[upkeep]
|-damage|p1a: Urshifu|94/100|[from] Sandstorm
|-damage|p2a: Best Friend|94/100|[from] Sandstorm
|upkeep
|turn|7
|
|t:|1663525043
|switch|p1a: Landorus|Landorus-Therian, M|100/100
|-ability|p1a: Landorus|Intimidate|boost
|-unboost|p2a: Best Friend|atk|1
|move|p2a: Best Friend|Hurricane|p1a: Landorus|[miss]
|-miss|p2a: Best Friend|p1a: Landorus
|
|-weather|Sandstorm|[upkeep]
|-damage|p2a: Best Friend|88/100|[from] Sandstorm
|upkeep
|turn|8
|
|t:|1663525052
|switch|p2a: Say So|Landorus-Therian, M|100/100
|-ability|p2a: Say So|Intimidate|boost
|-unboost|p1a: Landorus|atk|1
|move|p1a: Landorus|Toxic|p2a: Say So
|-status|p2a: Say So|tox
|
|-weather|none
|-damage|p2a: Say So|94/100 tox|[from] psn
|upkeep
|turn|9
|
|t:|1663525056
|move|p2a: Say So|Stealth Rock|p1a: Landorus
|-sidestart|p1: yung_iznamakin|move: Stealth Rock
|move|p1a: Landorus|Stealth Rock|p2a: Say So
|-sidestart|p2: god mami pix|move: Stealth Rock
|
|-heal|p2a: Say So|100/100 tox|[from] item: Leftovers
|-damage|p2a: Say So|88/100 tox|[from] psn
|upkeep
|turn|10
|
|t:|1663525063
|move|p2a: Say So|Knock Off|p1a: Landorus
|-damage|p1a: Landorus|69/100
|-enditem|p1a: Landorus|Leftovers|[from] move: Knock Off|[of] p2a: Say So
|move|p1a: Landorus|U-turn|p2a: Say So
|-resisted|p2a: Say So
|-damage|p2a: Say So|81/100 tox
|
|t:|1663525066
|switch|p1a: Urshifu|Urshifu-Rapid-Strike, M|94/100|[from]move: U-turn
|-damage|p1a: Urshifu|88/100|[from] Stealth Rock
|
|-heal|p2a: Say So|87/100 tox|[from] item: Leftovers
|-damage|p2a: Say So|68/100 tox|[from] psn
|upkeep
|turn|11
|inactive|god mami pix has 270 seconds left.
|inactive|god mami pix has 240 seconds left.
|
|t:|1663525127
|switch|p2a: Get Into It (Yuh)|Urshifu-Rapid-Strike, M|100/100
|-damage|p2a: Get Into It (Yuh)|94/100|[from] Stealth Rock
|move|p1a: Urshifu|U-turn|p2a: Get Into It (Yuh)
|-resisted|p2a: Get Into It (Yuh)
|-damage|p2a: Get Into It (Yuh)|76/100
|
|t:|1663525143
|switch|p1a: Tapu Lele|Tapu Lele|100/100|[from]move: U-turn
|-damage|p1a: Tapu Lele|88/100|[from] Stealth Rock
|-fieldstart|move: Psychic Terrain|[from] ability: Psychic Surge|[of] p1a: Tapu Lele
|
|upkeep
|turn|12
|
|t:|1663525147
|switch|p2a: Vegas|Melmetal|100/100
|-damage|p2a: Vegas|94/100|[from] Stealth Rock
|move|p1a: Tapu Lele|Focus Blast|p2a: Vegas
|-supereffective|p2a: Vegas
|-damage|p2a: Vegas|45/100
|
|upkeep
|turn|13
|
|t:|1663525157
|switch|p1a: Urshifu|Urshifu-Rapid-Strike, M|88/100
|-damage|p1a: Urshifu|82/100|[from] Stealth Rock
|move|p2a: Vegas|Earthquake|p1a: Urshifu
|-damage|p1a: Urshifu|42/100
|
|upkeep
|turn|14
|
|t:|1663525162
|switch|p2a: Best Friend|Zapdos|88/100
|move|p1a: Urshifu|Surging Strikes|p2a: Best Friend
|-crit|p2a: Best Friend
|-damage|p2a: Best Friend|68/100
|-crit|p2a: Best Friend
|-damage|p2a: Best Friend|48/100
|-crit|p2a: Best Friend
|-damage|p2a: Best Friend|28/100
|-status|p1a: Urshifu|par|[from] ability: Static|[of] p2a: Best Friend
|-hitcount|p2a: Best Friend|3
|
|upkeep
|turn|15
|inactive|god mami pix has 270 seconds left.
|
|t:|1663525172
|move|p2a: Best Friend|Roost|p2a: Best Friend
|-heal|p2a: Best Friend|78/100
|-singleturn|p2a: Best Friend|move: Roost
|move|p1a: Urshifu|Surging Strikes|p2a: Best Friend
|-crit|p2a: Best Friend
|-damage|p2a: Best Friend|54/100
|-crit|p2a: Best Friend
|-damage|p2a: Best Friend|32/100
|-crit|p2a: Best Friend
|-damage|p2a: Best Friend|10/100
|-hitcount|p2a: Best Friend|3
|
|-fieldend|move: Psychic Terrain
|upkeep
|turn|16
|
|t:|1663525180
|switch|p1a: Melmetal|Melmetal|60/100
|-damage|p1a: Melmetal|54/100|[from] Stealth Rock
|move|p2a: Best Friend|Roost|p2a: Best Friend
|-heal|p2a: Best Friend|60/100
|-singleturn|p2a: Best Friend|move: Roost
|
|upkeep
|turn|17
|
|t:|1663525189
|move|p2a: Best Friend|Volt Switch|p1a: Melmetal
|-damage|p1a: Melmetal|38/100
|
|t:|1663525193
|switch|p2a: Get Into It (Yuh)|Urshifu-Rapid-Strike, M|76/100|[from]move: Volt Switch
|-damage|p2a: Get Into It (Yuh)|70/100|[from] Stealth Rock
|move|p1a: Melmetal|Earthquake|p2a: Get Into It (Yuh)
|-damage|p2a: Get Into It (Yuh)|31/100
|
|upkeep
|turn|18
|
|t:|1663525198
|switch|p1a: Dragonite|Dragonite, M|100/100
|move|p2a: Get Into It (Yuh)|Surging Strikes|p1a: Dragonite
|-resisted|p1a: Dragonite
|-crit|p1a: Dragonite
|-damage|p1a: Dragonite|97/100
|-resisted|p1a: Dragonite
|-crit|p1a: Dragonite
|-damage|p1a: Dragonite|90/100
|-resisted|p1a: Dragonite
|-crit|p1a: Dragonite
|-damage|p1a: Dragonite|83/100
|-hitcount|p1a: Dragonite|3
|
|upkeep
|turn|19
|
|t:|1663525210
|move|p2a: Get Into It (Yuh)|Taunt|p1a: Dragonite
|-start|p1a: Dragonite|move: Taunt
|cant|p1a: Dragonite|move: Taunt|Heal Bell
|
|upkeep
|turn|20
|
|t:|1663525217
|move|p2a: Get Into It (Yuh)|U-turn|p1a: Dragonite
|-resisted|p1a: Dragonite
|-crit|p1a: Dragonite
|-damage|p1a: Dragonite|68/100
|
|t:|1663525225
|switch|p2a: Best Friend|Zapdos|60/100|[from]move: U-turn
|move|p1a: Dragonite|Earthquake|p2a: Best Friend
|-immune|p2a: Best Friend
|
|upkeep
|turn|21
|
|t:|1663525231
|switch|p1a: Landorus|Landorus-Therian, M|69/100
|-damage|p1a: Landorus|57/100|[from] Stealth Rock
|-ability|p1a: Landorus|Intimidate|boost
|-unboost|p2a: Best Friend|atk|1
|move|p2a: Best Friend|Hurricane|p1a: Landorus
|-damage|p1a: Landorus|24/100
|
|upkeep
|turn|22
|
|t:|1663525244
|move|p2a: Best Friend|Hurricane|p1a: Landorus
|-damage|p1a: Landorus|0 fnt
|faint|p1a: Landorus
|
|upkeep
|
|t:|1663525248
|switch|p1a: Tapu Lele|Tapu Lele|88/100
|-damage|p1a: Tapu Lele|76/100|[from] Stealth Rock
|-fieldstart|move: Psychic Terrain|[from] ability: Psychic Surge|[of] p1a: Tapu Lele
|turn|23
|inactive|god mami pix has 270 seconds left.
|inactive|god mami pix has 240 seconds left.
|inactive|god mami pix has 210 seconds left.
|
|t:|1663525348
|switch|p2a: Vegas|Melmetal|45/100
|-damage|p2a: Vegas|39/100|[from] Stealth Rock
|move|p1a: Tapu Lele|Moonblast|p2a: Vegas
|-resisted|p2a: Vegas
|-damage|p2a: Vegas|25/100
|
|upkeep
|turn|24
|
|t:|1663525359
|switch|p1a: Melmetal|Melmetal|38/100
|-damage|p1a: Melmetal|32/100|[from] Stealth Rock
|move|p2a: Vegas|Double Iron Bash|p1a: Melmetal
|-resisted|p1a: Melmetal
|-damage|p1a: Melmetal|21/100
|-resisted|p1a: Melmetal
|-damage|p1a: Melmetal|9/100
|-hitcount|p1a: Melmetal|2
|
|upkeep
|turn|25
|inactive|god mami pix has 210 seconds left.
|
|t:|1663525373
|move|p2a: Vegas|Double Iron Bash|p1a: Melmetal
|-resisted|p1a: Melmetal
|-damage|p1a: Melmetal|0 fnt
|faint|p1a: Melmetal
|-hitcount|p1: Melmetal|1
|
|upkeep
|
|t:|1663525379
|switch|p1a: Victini|Victini|94/100
|turn|26
|inactive|god mami pix has 210 seconds left.
|
|t:|1663525398
|switch|p2a: Say So|Landorus-Therian, M|68/100 tox
|-damage|p2a: Say So|56/100 tox|[from] Stealth Rock
|-ability|p2a: Say So|Intimidate|boost
|-unboost|p1a: Victini|atk|1
|move|p1a: Victini|V-create|p2a: Say So
|-damage|p2a: Say So|9/100 tox
|-unboost|p1a: Victini|spe|1
|-unboost|p1a: Victini|def|1
|-unboost|p1a: Victini|spd|1
|
|-heal|p2a: Say So|15/100 tox|[from] item: Leftovers
|-damage|p2a: Say So|9/100 tox|[from] psn
|upkeep
|turn|27
|inactive|god mami pix has 210 seconds left.
|
|t:|1663525403
|move|p2a: Say So|Knock Off|p1a: Victini
|-supereffective|p1a: Victini
|-damage|p1a: Victini|0 fnt
|-enditem|p1a: Victini|Heavy-Duty Boots|[from] move: Knock Off|[of] p2a: Say So
|faint|p1a: Victini
|
|-heal|p2a: Say So|15/100 tox|[from] item: Leftovers
|-damage|p2a: Say So|3/100 tox|[from] psn
|-fieldend|move: Psychic Terrain
|upkeep
|c|☆yung_iznamakin|gg
|c|☆yung_iznamakin|wp
|c|☆god mami pix|gg, ty
|-message|yung_iznamakin forfeited.
|
|win|god mami pix
