|inactive|Battle timer is ON: inactive players will automatically lose when time's up.
|t:|1665236566
|gametype|singles
|player|p1|Garay oak|#scl2platoon|
|player|p2|Pok et glace|cynthia-masters|
|teamsize|p1|6
|teamsize|p2|6
|gen|8
|tier|[Gen 8] OU
|rule|Sleep Clause Mod: Limit one foe put to sleep
|rule|Species Clause: Limit one of each Pokémon
|rule|OHKO Clause: OHKO moves are banned
|rule|Evasion Items Clause: Evasion items are banned
|rule|Evasion Moves Clause: Evasion moves are banned
|rule|Endless Battle Clause: Forcing endless battles is banned
|rule|HP Percentage Mod: HP is shown in percentages
|rule|Dynamax Clause: You cannot dynamax
|clearpoke
|poke|p1|Clefable, F|
|poke|p1|Slowbro, F|
|poke|p1|Garchomp, M|
|poke|p1|Tornadus-Therian, M|
|poke|p1|Melmetal|
|poke|p1|Dragapult, F|
|poke|p2|Mew|
|poke|p2|Crawdaunt, F|
|poke|p2|Celesteela|
|poke|p2|Garchomp, F|
|poke|p2|Weavile, F|
|poke|p2|Blacephalon|
|teampreview
|c|☆Garay oak|hf
|c|☆Pok et glace|hf
|
|t:|1665236581
|start
|switch|p1a: MyCutieAstolfo|Melmetal|100/100
|switch|p2a: Hair|Weavile, F|100/100
|turn|1
|
|t:|1665236587
|switch|p2a: Sperm thing|Mew|100/100
|move|p1a: MyCutieAstolfo|Double Iron Bash|p2a: Sperm thing
|-damage|p2a: Sperm thing|67/100
|-crit|p2a: Sperm thing
|-damage|p2a: Sperm thing|17/100
|-hitcount|p2a: Sperm thing|2
|
|upkeep
|turn|2
|
|t:|1665236593
|move|p2a: Sperm thing|Stealth Rock|p1a: MyCutieAstolfo
|-sidestart|p1: Garay oak|move: Stealth Rock
|move|p1a: MyCutieAstolfo|Earthquake|p2a: Sperm thing
|-damage|p2a: Sperm thing|0 fnt
|faint|p2a: Sperm thing
|
|upkeep
|
|t:|1665236600
|switch|p2a: Jaw|Crawdaunt, F|100/100
|turn|3
|
|t:|1665236606
|move|p2a: Jaw|Knock Off|p1a: MyCutieAstolfo
|-damage|p1a: MyCutieAstolfo|49/100
|-enditem|p1a: MyCutieAstolfo|Leftovers|[from] move: Knock Off|[of] p2a: Jaw
|-damage|p2a: Jaw|91/100|[from] item: Life Orb
|move|p1a: MyCutieAstolfo|Double Iron Bash|p2a: Jaw
|-resisted|p2a: Jaw
|-damage|p2a: Jaw|60/100
|-resisted|p2a: Jaw
|-damage|p2a: Jaw|29/100
|-hitcount|p2a: Jaw|2
|
|upkeep
|turn|4
|
|t:|1665236623
|move|p2a: Jaw|Crabhammer|p1a: MyCutieAstolfo
|-damage|p1a: MyCutieAstolfo|0 fnt
|faint|p1a: MyCutieAstolfo
|-damage|p2a: Jaw|19/100|[from] item: Life Orb
|
|upkeep
|
|t:|1665236625
|switch|p1a: Vladilena Milizé|Tornadus-Therian, M|100/100
|turn|5
|
|t:|1665236630
|move|p1a: Vladilena Milizé|U-turn|p2a: Jaw
|-supereffective|p2a: Jaw
|-damage|p2a: Jaw|0 fnt
|faint|p2a: Jaw
|
|t:|1665236641
|switch|p1a: Yume Irido|Clefable, F|100/100|[from]move: U-turn
|
|upkeep
|
|t:|1665236647
|switch|p2a: Bod|Celesteela|100/100
|turn|6
|
|t:|1665236650
|move|p2a: Bod|Meteor Beam||[still]
|-prepare|p2a: Bod|Meteor Beam
|-boost|p2a: Bod|spa|1
|-enditem|p2a: Bod|Power Herb
|-anim|p2a: Bod|Meteor Beam|p1a: Yume Irido
|-damage|p1a: Yume Irido|45/100
|move|p1a: Yume Irido|Thunder Wave|p2a: Bod
|-status|p2a: Bod|par
|
|upkeep
|turn|7
|
|t:|1665236656
|move|p1a: Yume Irido|Soft-Boiled|p1a: Yume Irido
|-heal|p1a: Yume Irido|95/100
|cant|p2a: Bod|par
|
|upkeep
|turn|8
|
|t:|1665236665
|switch|p1a: Vladilena Milizé|Tornadus-Therian, M|100/100
|cant|p2a: Bod|par
|
|upkeep
|turn|9
|
|t:|1665236670
|move|p1a: Vladilena Milizé|Heat Wave|p2a: Bod
|-supereffective|p2a: Bod
|-damage|p2a: Bod|57/100 par
|move|p2a: Bod|Air Slash|p1a: Vladilena Milizé
|-damage|p1a: Vladilena Milizé|41/100
|
|upkeep
|turn|10
|
|t:|1665236676
|move|p1a: Vladilena Milizé|Heat Wave|p2a: Bod
|-supereffective|p2a: Bod
|-damage|p2a: Bod|12/100 par
|move|p2a: Bod|Air Slash|p1a: Vladilena Milizé
|-damage|p1a: Vladilena Milizé|0 fnt
|faint|p1a: Vladilena Milizé
|-ability|p2a: Bod|Beast Boost|boost
|-boost|p2a: Bod|spa|1
|
|upkeep
|
|t:|1665236686
|switch|p1a: Yume Irido|Clefable, F|95/100
|turn|11
|
|t:|1665236689
|move|p1a: Yume Irido|Moonblast|p2a: Bod
|-resisted|p2a: Bod
|-damage|p2a: Bod|0 fnt
|faint|p2a: Bod
|
|upkeep
|
|t:|1665236700
|switch|p2a: Garchomp|Garchomp, F|100/100
|turn|12
|
|t:|1665236705
|switch|p1a: Ereshkigal|Slowbro, F|100/100
|move|p2a: Garchomp|Swords Dance|p2a: Garchomp
|-boost|p2a: Garchomp|atk|2
|
|upkeep
|turn|13
|
|t:|1665236710
|move|p2a: Garchomp|Earthquake|p1a: Ereshkigal
|-crit|p1a: Ereshkigal
|-damage|p1a: Ereshkigal|4/100
|move|p1a: Ereshkigal|Ice Beam|p2a: Garchomp
|-supereffective|p2a: Garchomp
|-damage|p2a: Garchomp|11/100
|
|upkeep
|turn|14
|
|t:|1665236716
|switch|p1a: Yume Irido|Clefable, F|95/100
|move|p2a: Garchomp|Scale Shot|p1a: Yume Irido
|-immune|p1a: Yume Irido
|
|upkeep
|turn|15
|
|t:|1665236720
|switch|p1a: Ereshkigal|Slowbro, F|37/100
|move|p2a: Garchomp|Earthquake|p1a: Ereshkigal
|-damage|p1a: Ereshkigal|0 fnt
|faint|p1a: Ereshkigal
|
|upkeep
|
|t:|1665236722
|switch|p1a: Elaina|Dragapult, F|100/100
|-damage|p1a: Elaina|88/100|[from] Stealth Rock
|turn|16
|
|t:|1665236729
|move|p1a: Elaina|U-turn|p2a: Garchomp
|-damage|p2a: Garchomp|0 fnt
|-damage|p1a: Elaina|76/100|[from] ability: Rough Skin|[of] p2a: Garchomp
|faint|p2a: Garchomp
|
|t:|1665236734
|switch|p1a: Yume Irido|Clefable, F|95/100|[from]move: U-turn
|
|upkeep
|
|t:|1665236737
|switch|p2a: Blacephalon|Blacephalon|100/100
|turn|17
|
|t:|1665236741
|switch|p1a: Chisato Nishikigi|Garchomp, M|100/100
|-damage|p1a: Chisato Nishikigi|94/100|[from] Stealth Rock
|move|p2a: Blacephalon|Trick|p1a: Chisato Nishikigi
|-activate|p2a: Blacephalon|move: Trick|[of] p1a: Chisato Nishikigi
|-item|p1a: Chisato Nishikigi|Choice Scarf|[from] move: Trick
|-item|p2a: Blacephalon|Leftovers|[from] move: Trick
|
|upkeep
|turn|18
|
|t:|1665236747
|move|p1a: Chisato Nishikigi|Earthquake|p2a: Blacephalon
|-supereffective|p2a: Blacephalon
|-damage|p2a: Blacephalon|0 fnt
|faint|p2a: Blacephalon
|
|upkeep
|
|t:|1665236749
|switch|p2a: Hair|Weavile, F|100/100
|turn|19
|
|t:|1665236752
|move|p1a: Chisato Nishikigi|Earthquake|p2a: Hair
|-damage|p2a: Hair|32/100
|move|p2a: Hair|Swords Dance|p2a: Hair
|-boost|p2a: Hair|atk|2
|
|upkeep
|turn|20
|
|t:|1665236759
|move|p2a: Hair|Ice Shard|p1a: Chisato Nishikigi
|-supereffective|p1a: Chisato Nishikigi
|-damage|p1a: Chisato Nishikigi|0 fnt
|faint|p1a: Chisato Nishikigi
|-damage|p2a: Hair|22/100|[from] item: Life Orb
|
|upkeep
|
|t:|1665236762
|switch|p1a: Yume Irido|Clefable, F|95/100
|turn|21
|
|t:|1665236767
|move|p2a: Hair|Triple Axel|p1a: Yume Irido
|-damage|p1a: Yume Irido|75/100
|-damage|p2a: Hair|5/100|[from] item: Rocky Helmet|[of] p1a: Yume Irido
|-damage|p1a: Yume Irido|32/100
|-damage|p2a: Hair|0 fnt|[from] item: Rocky Helmet|[of] p1a: Yume Irido
|faint|p2a: Hair
|
|win|Garay oak
|-hitcount|p1a: Yume Irido|2
|c|☆Garay oak|gg
|c|☆Pok et glace|gg
