|inactive|Battle timer is ON: inactive players will automatically lose when time's up.
|t:|1647119218
|gametype|singles
|player|p1|soulgazer|#splxiiiwolfpack|
|player|p2|NeoNaruto®++|medium|
|teamsize|p1|6
|teamsize|p2|6
|gen|8
|tier|[Gen 8] OU
|rule|Sleep Clause Mod: Limit one foe put to sleep
|rule|Species Clause: Limit one of each Pokémon
|rule|OHKO Clause: OHKO moves are banned
|rule|Evasion Moves Clause: Evasion moves are banned
|rule|Endless Battle Clause: Forcing endless battles is banned
|rule|HP Percentage Mod: HP is shown in percentages
|rule|Dynamax Clause: You cannot dynamax
|clearpoke
|poke|p1|Urshifu-*, M|
|poke|p1|Weavile, F|
|poke|p1|Tapu Koko|
|poke|p1|Zapdos-Galar|
|poke|p1|Landorus-Therian, M|
|poke|p1|Melmetal|
|poke|p2|Landorus-Therian, M|
|poke|p2|Slowbro, M|
|poke|p2|Tapu Koko|
|poke|p2|Dragonite, M|
|poke|p2|Darmanitan, F|
|poke|p2|Tyranitar, F|
|teampreview
|inactive|NeoNaruto®++ also wants the timer to be on.
|c|☆soulgazer|hf
|c|☆NeoNaruto®++|you too
|inactive|soulgazer has 270 seconds left.
|
|t:|1647119264
|start
|switch|p1a: Weavile|Weavile, F|100/100
|switch|p2a: spvceghvstpvrrp|Slowbro, M, shiny|100/100
|-ability|p1a: Weavile|Pressure
|turn|1
|
|t:|1647119268
|move|p1a: Weavile|Beat Up|p2a: spvceghvstpvrrp
|-supereffective|p2a: spvceghvstpvrrp
|-damage|p2a: spvceghvstpvrrp|85/100
|-supereffective|p2a: spvceghvstpvrrp
|-damage|p2a: spvceghvstpvrrp|66/100
|-supereffective|p2a: spvceghvstpvrrp
|-damage|p2a: spvceghvstpvrrp|52/100
|-supereffective|p2a: spvceghvstpvrrp
|-damage|p2a: spvceghvstpvrrp|37/100
|-supereffective|p2a: spvceghvstpvrrp
|-damage|p2a: spvceghvstpvrrp|18/100
|-supereffective|p2a: spvceghvstpvrrp
|-damage|p2a: spvceghvstpvrrp|0 fnt
|faint|p2a: spvceghvstpvrrp
|-hitcount|p2: spvceghvstpvrrp|6
|
|upkeep
|
|t:|1647119273
|switch|p2a: VODECi|Tapu Koko|100/100
|-fieldstart|move: Electric Terrain|[from] ability: Electric Surge|[of] p2a: VODECi
|turn|2
|
|t:|1647119279
|switch|p1a: Landorus|Landorus-Therian, M|100/100
|-ability|p1a: Landorus|Intimidate|boost
|-unboost|p2a: VODECi|atk|1
|move|p2a: VODECi|Dazzling Gleam|p1a: Landorus
|-damage|p1a: Landorus|51/100
|
|-heal|p1a: Landorus|57/100|[from] item: Leftovers
|upkeep
|turn|3
|
|t:|1647119305
|switch|p2a: Bernie Landers|Landorus-Therian, M|100/100
|-ability|p2a: Bernie Landers|Intimidate|boost
|-unboost|p1a: Landorus|atk|1
|move|p1a: Landorus|U-turn|p2a: Bernie Landers
|-resisted|p2a: Bernie Landers
|-damage|p2a: Bernie Landers|96/100
|-damage|p1a: Landorus|40/100|[from] item: Rocky Helmet|[of] p2a: Bernie Landers
|
|t:|1647119309
|switch|p1a: Weavile|Weavile, F|100/100|[from]move: U-turn
|-ability|p1a: Weavile|Pressure
|
|upkeep
|turn|4
|
|t:|1647119315
|move|p1a: Weavile|Triple Axel|p2a: Bernie Landers
|-supereffective|p2a: Bernie Landers
|-damage|p2a: Bernie Landers|48/100
|-damage|p1a: Weavile|84/100|[from] item: Rocky Helmet|[of] p2a: Bernie Landers
|-supereffective|p2a: Bernie Landers
|-damage|p2a: Bernie Landers|0 fnt
|-damage|p1a: Weavile|68/100|[from] item: Rocky Helmet|[of] p2a: Bernie Landers
|faint|p2a: Bernie Landers
|-hitcount|p2: Bernie Landers|2
|
|upkeep
|
|t:|1647119318
|switch|p2a: VODECi|Tapu Koko|100/100
|turn|5
|
|t:|1647119324
|switch|p1a: Tapu Koko|Tapu Koko|100/100
|move|p2a: VODECi|Volt Switch|p1a: Tapu Koko
|-resisted|p1a: Tapu Koko
|-damage|p1a: Tapu Koko|54/100
|
|t:|1647119327
|switch|p2a: DA LAST REX(3005)|Tyranitar, F|100/100|[from]move: Volt Switch
|-weather|Sandstorm|[from] ability: Sand Stream|[of] p2a: DA LAST REX(3005)
|
|-weather|Sandstorm|[upkeep]
|-damage|p1a: Tapu Koko|47/100|[from] Sandstorm
|upkeep
|turn|6
|
|t:|1647119332
|switch|p2a: PURRP FOR SALE|Darmanitan, F|100/100
|move|p1a: Tapu Koko|Volt Switch|p2a: PURRP FOR SALE
|-damage|p2a: PURRP FOR SALE|38/100
|
|t:|1647119339
|switch|p1a: Urshifu|Urshifu-Rapid-Strike, M|100/100|[from]move: Volt Switch
|
|-weather|Sandstorm|[upkeep]
|-damage|p1a: Urshifu|94/100|[from] Sandstorm
|-damage|p2a: PURRP FOR SALE|32/100|[from] Sandstorm
|-fieldend|move: Electric Terrain
|upkeep
|turn|7
|
|t:|1647119368
|switch|p1a: Landorus|Landorus-Therian, M|40/100
|-ability|p1a: Landorus|Intimidate|boost
|-unboost|p2a: PURRP FOR SALE|atk|1
|switch|p2a: VODECi|Tapu Koko|100/100
|-fieldstart|move: Electric Terrain|[from] ability: Electric Surge|[of] p2a: VODECi
|
|-weather|Sandstorm|[upkeep]
|-damage|p2a: VODECi|94/100|[from] Sandstorm
|-heal|p1a: Landorus|46/100|[from] item: Leftovers
|upkeep
|turn|8
|
|t:|1647119383
|switch|p1a: Melmetal|Melmetal|100/100
|move|p2a: VODECi|Dazzling Gleam|p1a: Melmetal
|-resisted|p1a: Melmetal
|-damage|p1a: Melmetal|75/100
|
|-weather|Sandstorm|[upkeep]
|-damage|p2a: VODECi|88/100|[from] Sandstorm
|-heal|p1a: Melmetal|81/100|[from] item: Leftovers
|upkeep
|turn|9
|
|t:|1647119388
|move|p2a: VODECi|Dazzling Gleam|p1a: Melmetal
|-resisted|p1a: Melmetal
|-damage|p1a: Melmetal|56/100
|move|p1a: Melmetal|Double Iron Bash|p2a: VODECi
|-damage|p2a: VODECi|28/100
|-damage|p2a: VODECi|0 fnt
|faint|p2a: VODECi
|-hitcount|p2: VODECi|2
|
|-weather|none
|-heal|p1a: Melmetal|62/100|[from] item: Leftovers
|upkeep
|
|t:|1647119391
|switch|p2a: PURRP FOR SALE|Darmanitan, F|32/100
|turn|10
|
|t:|1647119396
|move|p1a: Melmetal|Protect|p1a: Melmetal
|-singleturn|p1a: Melmetal|Protect
|move|p2a: PURRP FOR SALE|Flare Blitz|p1a: Melmetal
|-activate|p1a: Melmetal|move: Protect
|
|-heal|p1a: Melmetal|68/100|[from] item: Leftovers
|upkeep
|turn|11
|
|t:|1647119399
|switch|p1a: Landorus|Landorus-Therian, M|46/100
|-ability|p1a: Landorus|Intimidate|boost
|-unboost|p2a: PURRP FOR SALE|atk|1
|move|p2a: PURRP FOR SALE|Flare Blitz|p1a: Landorus
|-damage|p1a: Landorus|0 fnt
|faint|p1a: Landorus
|-damage|p2a: PURRP FOR SALE|15/100|[from] Recoil
|
|-fieldend|move: Electric Terrain
|upkeep
|
|t:|1647119409
|switch|p1a: Zapdos|Zapdos-Galar|100/100
|turn|12
|
|t:|1647119411
|move|p1a: Zapdos|U-turn|p2a: PURRP FOR SALE
|-resisted|p2a: PURRP FOR SALE
|-damage|p2a: PURRP FOR SALE|0 fnt
|faint|p2a: PURRP FOR SALE
|
|t:|1647119430
|switch|p1a: Urshifu|Urshifu-Rapid-Strike, M|94/100|[from]move: U-turn
|
|upkeep
|
|t:|1647119432
|switch|p2a: Fat Charizard|Dragonite, M, shiny|100/100
|turn|13
|
|t:|1647119434
|move|p1a: Urshifu|Ice Punch|p2a: Fat Charizard
|-supereffective|p2a: Fat Charizard
|-damage|p2a: Fat Charizard|46/100
|move|p2a: Fat Charizard|Dragon Dance|p2a: Fat Charizard
|-boost|p2a: Fat Charizard|atk|1
|-boost|p2a: Fat Charizard|spe|1
|
|upkeep
|turn|14
|
|t:|1647119437
|move|p1a: Urshifu|Ice Punch|p2a: Fat Charizard
|-supereffective|p2a: Fat Charizard
|-damage|p2a: Fat Charizard|0 fnt
|faint|p2a: Fat Charizard
|
|upkeep
|
|t:|1647119440
|switch|p2a: DA LAST REX(3005)|Tyranitar, F|100/100
|-weather|Sandstorm|[from] ability: Sand Stream|[of] p2a: DA LAST REX(3005)
|turn|15
|
|t:|1647119443
|switch|p1a: Melmetal|Melmetal|68/100
|move|p2a: DA LAST REX(3005)|Thunderbolt|p1a: Melmetal
|-damage|p1a: Melmetal|46/100
|-status|p1a: Melmetal|par
|
|-weather|Sandstorm|[upkeep]
|-heal|p1a: Melmetal|52/100 par|[from] item: Leftovers
|upkeep
|turn|16
|
|t:|1647119445
|move|p2a: DA LAST REX(3005)|Thunderbolt|p1a: Melmetal
|-damage|p1a: Melmetal|33/100 par
|move|p1a: Melmetal|Double Iron Bash|p2a: DA LAST REX(3005)
|-supereffective|p2a: DA LAST REX(3005)
|-damage|p2a: DA LAST REX(3005)|29/100
|-supereffective|p2a: DA LAST REX(3005)
|-damage|p2a: DA LAST REX(3005)|0 fnt
|faint|p2a: DA LAST REX(3005)
|-hitcount|p2: DA LAST REX(3005)|2
|
|win|soulgazer
