|inactive|Battle timer is ON: inactive players will automatically lose when time's up.
|player|p1|ggggd|lucas|
|player|p2|Valentine|#wcop2019uswest|
|teamsize|p1|6
|teamsize|p2|6
|gametype|singles
|gen|8
|tier|[Gen 8] OU
|clearpoke
|poke|p1|Cinderace, M|
|poke|p1|Blissey, F|
|poke|p1|Toxapex, F|
|poke|p1|Zeraora|
|poke|p1|Corviknight, F|
|poke|p1|Clefable, F|
|poke|p2|Pelipper, M|
|poke|p2|Kingdra, M|
|poke|p2|Barraskewda, M|
|poke|p2|Reuniclus, M|
|poke|p2|Magearna|
|poke|p2|Amoonguss, F|
|rule|Sleep Clause Mod: Limit one foe put to sleep
|rule|Species Clause: Limit one of each Pokémon
|rule|OHKO Clause: OHKO moves are banned
|rule|Evasion Moves Clause: Evasion moves are banned
|rule|Endless Battle Clause: Forcing endless battles is banned
|rule|HP Percentage Mod: HP is shown in percentages
|rule|Dynamax Clause: You cannot dynamax
|teampreview
|raw|<div class="broadcast-red"><strong>Moderated chat was set to ☆!</strong><br />Only users of rank ☆ and higher can talk.</div>
|c|☆ggggd|hf
|inactive|ggggd has 270 seconds left.
|inactive|Valentine has 270 seconds left.
|inactive|ggggd has 240 seconds left.
|inactive|Valentine has 240 seconds left.
|inactive|Valentine has 210 seconds left.
|
|start
|switch|p1a: Zeraora|Zeraora|100/100
|switch|p2a: dreamlab|Magearna|100/100
|turn|1
|inactive|Valentine has 270 seconds left.
|inactive|ggggd has 270 seconds left.
|
|switch|p2a: eternity|Amoonguss, F|100/100
|move|p1a: Zeraora|Knock Off|p2a: eternity
|-damage|p2a: eternity|78/100
|-damage|p1a: Zeraora|84/100|[from] item: Rocky Helmet|[of] p2a: eternity
|-enditem|p2a: eternity|Rocky Helmet|[from] move: Knock Off|[of] p1a: Zeraora
|
|upkeep
|turn|2
|
|move|p1a: Zeraora|Volt Switch|p2a: eternity
|-resisted|p2a: eternity
|-damage|p2a: eternity|69/100
|
|switch|p1a: Toxapex|Toxapex, F|100/100|[from]move: Volt Switch
|move|p2a: eternity|Spore|p1a: Toxapex
|-status|p1a: Toxapex|slp|[from] move: Spore
|
|upkeep
|turn|3
|
|switch|p2a: Brazilian rain|Pelipper, M|100/100
|-weather|RainDance|[from] ability: Drizzle|[of] p2a: Brazilian rain
|cant|p1a: Toxapex|slp
|
|-weather|RainDance|[upkeep]
|upkeep
|turn|4
|inactive|Valentine has 270 seconds left.
|
|move|p2a: Brazilian rain|U-turn|p1a: Toxapex
|-resisted|p1a: Toxapex
|-damage|p1a: Toxapex|98/100 slp
|-damage|p2a: Brazilian rain|84/100|[from] item: Rocky Helmet|[of] p1a: Toxapex
|
|switch|p2a: expeditions|Reuniclus, M|100/100|[from]move: U-turn
|cant|p1a: Toxapex|slp
|
|-weather|RainDance|[upkeep]
|upkeep
|turn|5
|inactive|Valentine has 270 seconds left.
|
|switch|p2a: werner braun|Kingdra, M|100/100
|switch|p1a: Clefable|Clefable, F|100/100
|
|-weather|RainDance|[upkeep]
|upkeep
|turn|6
|inactive|Valentine has 240 seconds left.
|
|switch|p1a: Toxapex|Toxapex, F|100/100 slp
|move|p2a: werner braun|Flip Turn|p1a: Toxapex
|-resisted|p1a: Toxapex
|-damage|p1a: Toxapex|90/100 slp
|-damage|p2a: werner braun|84/100|[from] item: Rocky Helmet|[of] p1a: Toxapex
|inactive|Valentine has 240 seconds left.
|
|switch|p2a: expeditions|Reuniclus, M|100/100|[from]move: Flip Turn
|
|-weather|RainDance|[upkeep]
|upkeep
|turn|7
|inactive|Valentine has 240 seconds left.
|
|switch|p1a: Clefable|Clefable, F|100/100
|move|p2a: expeditions|Calm Mind|p2a: expeditions
|-boost|p2a: expeditions|spa|1
|-boost|p2a: expeditions|spd|1
|
|-weather|RainDance|[upkeep]
|upkeep
|turn|8
|inactive|Valentine has 240 seconds left.
|
|move|p1a: Clefable|Knock Off|p2a: expeditions
|-supereffective|p2a: expeditions
|-enditem|p2a: expeditions|Colbur Berry|[eat]
|-enditem|p2a: expeditions|Colbur Berry|[weaken]
|-damage|p2a: expeditions|90/100
|move|p2a: expeditions|Psyshock|p1a: Clefable
|-damage|p1a: Clefable|63/100
|
|-weather|RainDance|[upkeep]
|-heal|p1a: Clefable|69/100|[from] item: Leftovers
|upkeep
|turn|9
|
|switch|p1a: Corviknight|Corviknight, F|100/100
|-ability|p1a: Corviknight|Pressure
|move|p2a: expeditions|Calm Mind|p2a: expeditions
|-boost|p2a: expeditions|spa|1
|-boost|p2a: expeditions|spd|1
|
|-weather|RainDance|[upkeep]
|upkeep
|turn|10
|inactive|Valentine has 240 seconds left.
|
|move|p1a: Corviknight|U-turn|p2a: expeditions
|-supereffective|p2a: expeditions
|-damage|p2a: expeditions|70/100
|
|switch|p1a: Blissey|Blissey, F|100/100|[from]move: U-turn
|move|p2a: expeditions|Recover|p2a: expeditions
|-heal|p2a: expeditions|100/100
|
|-weather|none
|upkeep
|turn|11
|
|move|p1a: Blissey|Seismic Toss|p2a: expeditions
|-damage|p2a: expeditions|76/100
|move|p2a: expeditions|Psyshock|p1a: Blissey
|-damage|p1a: Blissey|41/100
|
|upkeep
|turn|12
|
|switch|p1a: Corviknight|Corviknight, F|100/100
|-ability|p1a: Corviknight|Pressure
|move|p2a: expeditions|Psyshock|p1a: Corviknight
|-resisted|p1a: Corviknight
|-damage|p1a: Corviknight|81/100
|
|-heal|p1a: Corviknight|87/100|[from] item: Leftovers
|upkeep
|turn|13
|
|move|p1a: Corviknight|U-turn|p2a: expeditions
|-supereffective|p2a: expeditions
|-damage|p2a: expeditions|55/100
|
|switch|p1a: Clefable|Clefable, F|69/100|[from]move: U-turn
|move|p2a: expeditions|Recover|p2a: expeditions
|-heal|p2a: expeditions|100/100
|
|-heal|p1a: Clefable|75/100|[from] item: Leftovers
|upkeep
|turn|14
|
|move|p1a: Clefable|Stealth Rock|p2a: expeditions
|-sidestart|p2: Valentine|move: Stealth Rock
|move|p2a: expeditions|Calm Mind|p2a: expeditions
|-boost|p2a: expeditions|spa|1
|-boost|p2a: expeditions|spd|1
|
|-heal|p1a: Clefable|81/100|[from] item: Leftovers
|upkeep
|turn|15
|
|switch|p1a: Corviknight|Corviknight, F|87/100
|-ability|p1a: Corviknight|Pressure
|move|p2a: expeditions|Calm Mind|p2a: expeditions
|-boost|p2a: expeditions|spa|1
|-boost|p2a: expeditions|spd|1
|
|-heal|p1a: Corviknight|93/100|[from] item: Leftovers
|upkeep
|turn|16
|
|move|p1a: Corviknight|Defog|p2a: expeditions
|-unboost|p2a: expeditions|evasion|1
|-sideend|p2: Valentine|Stealth Rock|[from] move: Defog|[of] p1a: Corviknight
|move|p2a: expeditions|Recover||[still]
|-fail|p2a: expeditions|heal
|
|-heal|p1a: Corviknight|99/100|[from] item: Leftovers
|upkeep
|turn|17
|c|☆ggggd|mclick
|
|move|p1a: Corviknight|Roost|p1a: Corviknight
|-heal|p1a: Corviknight|100/100
|-singleturn|p1a: Corviknight|move: Roost
|move|p2a: expeditions|Calm Mind|p2a: expeditions
|-boost|p2a: expeditions|spa|1
|-boost|p2a: expeditions|spd|1
|
|upkeep
|turn|18
|
|move|p1a: Corviknight|U-turn|p2a: expeditions
|-supereffective|p2a: expeditions
|-damage|p2a: expeditions|80/100
|
|switch|p1a: Blissey|Blissey, F|41/100|[from]move: U-turn
|move|p2a: expeditions|Focus Blast|p1a: Blissey
|-supereffective|p1a: Blissey
|-damage|p1a: Blissey|0 fnt
|faint|p1a: Blissey
|
|upkeep
|
|switch|p1a: Cinderace|Cinderace, M|100/100
|turn|19
|
|move|p1a: Cinderace|U-turn|p2a: expeditions
|-start|p1a: Cinderace|typechange|Bug|[from] ability: Libero
|-supereffective|p2a: expeditions
|-damage|p2a: expeditions|27/100
|
|switch|p1a: Zeraora|Zeraora|84/100|[from]move: U-turn
|move|p2a: expeditions|Recover|p2a: expeditions
|-heal|p2a: expeditions|77/100
|
|upkeep
|turn|20
|
|move|p1a: Zeraora|Knock Off|p2a: expeditions
|-supereffective|p2a: expeditions
|-damage|p2a: expeditions|49/100
|move|p2a: expeditions|Recover|p2a: expeditions
|-heal|p2a: expeditions|99/100
|
|upkeep
|turn|21
|
|move|p1a: Zeraora|Volt Switch|p2a: expeditions
|-damage|p2a: expeditions|92/100
|
|switch|p1a: Corviknight|Corviknight, F|100/100|[from]move: Volt Switch
|-ability|p1a: Corviknight|Pressure
|move|p2a: expeditions|Focus Blast|p1a: Corviknight
|-damage|p1a: Corviknight|0 fnt
|faint|p1a: Corviknight
|
|upkeep
|
|switch|p1a: Cinderace|Cinderace, M|100/100
|turn|22
|
|move|p1a: Cinderace|Gunk Shot|p2a: expeditions
|-start|p1a: Cinderace|typechange|Poison|[from] ability: Libero
|-damage|p2a: expeditions|44/100
|move|p2a: expeditions|Recover|p2a: expeditions
|-heal|p2a: expeditions|94/100
|
|upkeep
|turn|23
|
|move|p1a: Cinderace|U-turn|p2a: expeditions
|-start|p1a: Cinderace|typechange|Bug|[from] ability: Libero
|-supereffective|p2a: expeditions
|-crit|p2a: expeditions
|-damage|p2a: expeditions|16/100
|
|switch|p1a: Clefable|Clefable, F|81/100|[from]move: U-turn
|move|p2a: expeditions|Recover|p2a: expeditions
|-heal|p2a: expeditions|66/100
|
|-heal|p1a: Clefable|87/100|[from] item: Leftovers
|upkeep
|turn|24
|
|move|p1a: Clefable|Knock Off|p2a: expeditions
|-supereffective|p2a: expeditions
|-damage|p2a: expeditions|50/100
|move|p2a: expeditions|Recover|p2a: expeditions
|-heal|p2a: expeditions|100/100
|
|-heal|p1a: Clefable|93/100|[from] item: Leftovers
|upkeep
|turn|25
|
|move|p1a: Clefable|Knock Off|p2a: expeditions
|-supereffective|p2a: expeditions
|-damage|p2a: expeditions|86/100
|move|p2a: expeditions|Psyshock|p1a: Clefable
|-damage|p1a: Clefable|4/100
|
|-heal|p1a: Clefable|10/100|[from] item: Leftovers
|upkeep
|turn|26
|
|move|p1a: Clefable|Knock Off|p2a: expeditions
|-supereffective|p2a: expeditions
|-damage|p2a: expeditions|71/100
|move|p2a: expeditions|Psyshock|p1a: Clefable
|-damage|p1a: Clefable|0 fnt
|faint|p1a: Clefable
|
|upkeep
|
|switch|p1a: Cinderace|Cinderace, M|100/100
|turn|27
|
|move|p1a: Cinderace|U-turn|p2a: expeditions
|-start|p1a: Cinderace|typechange|Bug|[from] ability: Libero
|-supereffective|p2a: expeditions
|-damage|p2a: expeditions|19/100
|
|switch|p1a: Zeraora|Zeraora|84/100|[from]move: U-turn
|move|p2a: expeditions|Recover|p2a: expeditions
|-heal|p2a: expeditions|69/100
|
|upkeep
|turn|28
|
|move|p1a: Zeraora|Plasma Fists|p2a: expeditions
|-damage|p2a: expeditions|34/100
|-fieldactivate|move: Ion Deluge
|move|p2a: expeditions|Recover|p2a: expeditions
|-heal|p2a: expeditions|84/100
|
|upkeep
|turn|29
|
|move|p1a: Zeraora|Plasma Fists|p2a: expeditions
|-damage|p2a: expeditions|48/100
|-fieldactivate|move: Ion Deluge
|move|p2a: expeditions|Recover|p2a: expeditions
|-heal|p2a: expeditions|98/100
|
|upkeep
|turn|30
|
|move|p1a: Zeraora|Plasma Fists|p2a: expeditions
|-damage|p2a: expeditions|66/100
|-fieldactivate|move: Ion Deluge
|move|p2a: expeditions|Psyshock|p1a: Zeraora
|-crit|p1a: Zeraora
|-damage|p1a: Zeraora|0 fnt
|faint|p1a: Zeraora
|
|upkeep
|
|switch|p1a: Cinderace|Cinderace, M|100/100
|turn|31
|c|☆ggggd|gg
|
|move|p1a: Cinderace|Gunk Shot|p2a: expeditions
|-start|p1a: Cinderace|typechange|Poison|[from] ability: Libero
|-damage|p2a: expeditions|21/100
|move|p2a: expeditions|Recover|p2a: expeditions
|-heal|p2a: expeditions|71/100
|
|upkeep
|turn|32
|
|move|p1a: Cinderace|Gunk Shot|p2a: expeditions
|-damage|p2a: expeditions|30/100
|move|p2a: expeditions|Recover|p2a: expeditions
|-heal|p2a: expeditions|80/100
|
|upkeep
|turn|33
|
|move|p1a: Cinderace|Zen Headbutt|p2a: expeditions
|-start|p1a: Cinderace|typechange|Psychic|[from] ability: Libero
|-resisted|p2a: expeditions
|-damage|p2a: expeditions|66/100
|cant|p2a: expeditions|flinch
|
|upkeep
|turn|34
|
|move|p1a: Cinderace|Zen Headbutt|p2a: expeditions
|-resisted|p2a: expeditions
|-damage|p2a: expeditions|53/100
|move|p2a: expeditions|Recover|p2a: expeditions
|-heal|p2a: expeditions|100/100
|
|upkeep
|turn|35
|
|move|p1a: Cinderace|Pyro Ball|p2a: expeditions
|-start|p1a: Cinderace|typechange|Fire|[from] ability: Libero
|-damage|p2a: expeditions|58/100
|move|p2a: expeditions|Psyshock|p1a: Cinderace
|-damage|p1a: Cinderace|0 fnt
|faint|p1a: Cinderace
|
|upkeep
|-message|ggggd forfeited.
|
|win|Valentine
|c|☆Valentine|gg
