|inactive|Battle timer is ON: inactive players will automatically lose when time's up.
|t:|1631962954
|gametype|singles
|player|p1|InkPupil|erika|
|player|p2|lonietzzz|pokemonbreederf|
|teamsize|p1|6
|teamsize|p2|6
|gen|8
|tier|[Gen 8] OU
|rule|Sleep Clause Mod: Limit one foe put to sleep
|rule|Species Clause: Limit one of each Pokémon
|rule|OHKO Clause: OHKO moves are banned
|rule|Evasion Moves Clause: Evasion moves are banned
|rule|Endless Battle Clause: Forcing endless battles is banned
|rule|HP Percentage Mod: HP is shown in percentages
|rule|Dynamax Clause: You cannot dynamax
|clearpoke
|poke|p1|Toxapex, M|
|poke|p1|Rotom-Heat|
|poke|p1|Garchomp, M|
|poke|p1|Tornadus-Therian, M|
|poke|p1|Clefable, M|
|poke|p1|Melmetal|
|poke|p2|Tapu Lele|
|poke|p2|Landorus-Therian, M|
|poke|p2|Ferrothorn, M|
|poke|p2|Pelipper, M|
|poke|p2|Barraskewda, M|
|poke|p2|Regieleki|
|teampreview
|
|t:|1631962969
|start
|switch|p1a: Rotom|Rotom-Heat|100/100
|switch|p2a: Landorus|Landorus-Therian, M|100/100
|-ability|p2a: Landorus|Intimidate|boost
|-unboost|p1a: Rotom|atk|1
|turn|1
|
|t:|1631962995
|move|p1a: Rotom|Nasty Plot|p1a: Rotom
|-boost|p1a: Rotom|spa|2
|move|p2a: Landorus|Toxic|p1a: Rotom
|-status|p1a: Rotom|tox
|
|-damage|p1a: Rotom|95/100 tox|[from] psn
|upkeep
|turn|2
|
|t:|1631963002
|move|p1a: Rotom|Overheat|p2a: Landorus
|-damage|p2a: Landorus|25/100
|-unboost|p1a: Rotom|spa|2
|move|p2a: Landorus|U-turn|p1a: Rotom
|-resisted|p1a: Rotom
|-damage|p1a: Rotom|82/100 tox
|
|t:|1631963007
|switch|p2a: Barraskewda|Barraskewda, M|100/100|[from]move: U-turn
|
|-damage|p1a: Rotom|70/100 tox|[from] psn
|upkeep
|turn|3
|
|t:|1631963013
|switch|p1a: Toxapex|Toxapex, M|100/100
|move|p2a: Barraskewda|Flip Turn|p1a: Toxapex
|-resisted|p1a: Toxapex
|-damage|p1a: Toxapex|84/100
|-damage|p2a: Barraskewda|84/100|[from] item: Rocky Helmet|[of] p1a: Toxapex
|
|t:|1631963019
|switch|p2a: Landorus|Landorus-Therian, M|25/100|[from]move: Flip Turn
|-ability|p2a: Landorus|Intimidate|boost
|-unboost|p1a: Toxapex|atk|1
|
|-heal|p2a: Landorus|31/100|[from] item: Leftovers
|upkeep
|turn|4
|
|t:|1631963029
|switch|p1a: Rotom|Rotom-Heat|70/100 tox
|move|p2a: Landorus|U-turn|p1a: Rotom
|-resisted|p1a: Rotom
|-damage|p1a: Rotom|58/100 tox
|
|t:|1631963043
|switch|p2a: Barraskewda|Barraskewda, M|84/100|[from]move: U-turn
|
|-damage|p1a: Rotom|52/100 tox|[from] psn
|upkeep
|turn|5
|
|t:|1631963053
|switch|p1a: Toxapex|Toxapex, M|100/100
|move|p2a: Barraskewda|Flip Turn|p1a: Toxapex
|-resisted|p1a: Toxapex
|-damage|p1a: Toxapex|85/100
|-damage|p2a: Barraskewda|68/100|[from] item: Rocky Helmet|[of] p1a: Toxapex
|
|t:|1631963066
|switch|p2a: Tapu Lele|Tapu Lele|100/100|[from]move: Flip Turn
|-fieldstart|move: Psychic Terrain|[from] ability: Psychic Surge|[of] p2a: Tapu Lele
|
|upkeep
|turn|6
|
|t:|1631963074
|switch|p1a: Melmetal|Melmetal|100/100
|move|p2a: Tapu Lele|Future Sight|p1a: Melmetal
|-start|p2a: Tapu Lele|move: Future Sight
|
|upkeep
|turn|7
|
|t:|1631963095
|switch|p2a: Pelipper|Pelipper, M|100/100
|-weather|RainDance|[from] ability: Drizzle|[of] p2a: Pelipper
|move|p1a: Melmetal|Double Iron Bash|p2a: Pelipper
|-resisted|p2a: Pelipper
|-crit|p2a: Pelipper
|-damage|p2a: Pelipper|60/100
|-resisted|p2a: Pelipper
|-damage|p2a: Pelipper|30/100
|-hitcount|p2a: Pelipper|2
|
|-weather|RainDance|[upkeep]
|upkeep
|turn|8
|
|t:|1631963112
|switch|p1a: Rotom|Rotom-Heat|52/100 tox
|move|p2a: Pelipper|Weather Ball|p1a: Rotom
|-supereffective|p1a: Rotom
|-damage|p1a: Rotom|0 fnt
|faint|p1a: Rotom
|
|-weather|RainDance|[upkeep]
|-hint|Future Sight did not hit because the target is fainted.
|upkeep
|
|t:|1631963122
|switch|p1a: Tornadus|Tornadus-Therian, M|100/100
|turn|9
|
|t:|1631963131
|switch|p2a: Regieleki|Regieleki|100/100
|move|p1a: Tornadus|U-turn|p2a: Regieleki
|-damage|p2a: Regieleki|74/100
|
|t:|1631963135
|switch|p1a: Garchomp|Garchomp, M|100/100|[from]move: U-turn
|
|-weather|RainDance|[upkeep]
|-fieldend|move: Psychic Terrain
|upkeep
|turn|10
|
|t:|1631963147
|switch|p2a: Landorus|Landorus-Therian, M|31/100
|-ability|p2a: Landorus|Intimidate|boost
|-unboost|p1a: Garchomp|atk|1
|move|p1a: Garchomp|Stealth Rock|p2a: Landorus
|-sidestart|p2: lonietzzz|move: Stealth Rock
|
|-weather|RainDance|[upkeep]
|-heal|p2a: Landorus|38/100|[from] item: Leftovers
|upkeep
|turn|11
|
|t:|1631963166
|switch|p1a: Tornadus|Tornadus-Therian, M|100/100
|move|p2a: Landorus|Toxic|p1a: Tornadus
|-status|p1a: Tornadus|tox
|
|-weather|none
|-heal|p2a: Landorus|44/100|[from] item: Leftovers
|-damage|p1a: Tornadus|94/100 tox|[from] psn
|upkeep
|turn|12
|
|t:|1631963176
|switch|p2a: Ferrothorn|Ferrothorn, M|100/100
|-damage|p2a: Ferrothorn|94/100|[from] Stealth Rock
|move|p1a: Tornadus|U-turn|p2a: Ferrothorn
|-damage|p2a: Ferrothorn|83/100
|-damage|p1a: Tornadus|82/100 tox|[from] ability: Iron Barbs|[of] p2a: Ferrothorn
|
|t:|1631963183
|switch|p1a: Toxapex|Toxapex, M|100/100|[from]move: U-turn
|
|-heal|p2a: Ferrothorn|89/100|[from] item: Leftovers
|upkeep
|turn|13
|
|t:|1631963192
|move|p1a: Toxapex|Knock Off|p2a: Ferrothorn
|-damage|p2a: Ferrothorn|78/100
|-damage|p1a: Toxapex|88/100|[from] ability: Iron Barbs|[of] p2a: Ferrothorn
|-enditem|p2a: Ferrothorn|Leftovers|[from] move: Knock Off|[of] p1a: Toxapex
|move|p2a: Ferrothorn|Knock Off|p1a: Toxapex
|-damage|p1a: Toxapex|76/100
|-damage|p2a: Ferrothorn|62/100|[from] item: Rocky Helmet|[of] p1a: Toxapex
|-enditem|p1a: Toxapex|Rocky Helmet|[from] move: Knock Off|[of] p2a: Ferrothorn
|
|upkeep
|turn|14
|
|t:|1631963201
|move|p1a: Toxapex|Toxic Spikes|p2a: Ferrothorn
|-sidestart|p2: lonietzzz|move: Toxic Spikes
|move|p2a: Ferrothorn|Leech Seed|p1a: Toxapex
|-start|p1a: Toxapex|move: Leech Seed
|
|-damage|p1a: Toxapex|64/100|[from] Leech Seed|[of] p2a: Ferrothorn
|-heal|p2a: Ferrothorn|72/100|[silent]
|upkeep
|turn|15
|
|t:|1631963208
|switch|p2a: Regieleki|Regieleki|74/100
|move|p1a: Toxapex|Toxic Spikes|p2a: Regieleki
|-sidestart|p2: lonietzzz|move: Toxic Spikes
|
|-damage|p1a: Toxapex|52/100|[from] Leech Seed|[of] p2a: Regieleki
|-heal|p2a: Regieleki|86/100|[silent]
|upkeep
|turn|16
|
|t:|1631963219
|move|p2a: Regieleki|Rapid Spin|p1a: Toxapex
|-damage|p1a: Toxapex|45/100
|-boost|p2a: Regieleki|spe|1
|-sideend|p2: lonietzzz|Toxic Spikes|[from] move: Rapid Spin|[of] p2a: Regieleki
|-sideend|p2: lonietzzz|Stealth Rock|[from] move: Rapid Spin|[of] p2a: Regieleki
|move|p1a: Toxapex|Knock Off|p2a: Regieleki
|-damage|p2a: Regieleki|56/100
|-enditem|p2a: Regieleki|Heavy-Duty Boots|[from] move: Knock Off|[of] p1a: Toxapex
|
|-damage|p1a: Toxapex|33/100|[from] Leech Seed|[of] p2a: Regieleki
|-heal|p2a: Regieleki|68/100|[silent]
|upkeep
|turn|17
|
|t:|1631963226
|switch|p2a: Tapu Lele|Tapu Lele|100/100
|-fieldstart|move: Psychic Terrain|[from] ability: Psychic Surge|[of] p2a: Tapu Lele
|switch|p1a: Garchomp|Garchomp, M|100/100
|
|upkeep
|turn|18
|
|t:|1631963240
|switch|p1a: Melmetal|Melmetal|100/100
|move|p2a: Tapu Lele|Future Sight|p1a: Melmetal
|-start|p2a: Tapu Lele|move: Future Sight
|
|upkeep
|turn|19
|inactive|lonietzzz has 270 seconds left.
|inactive|InkPupil has 270 seconds left.
|
|t:|1631963297
|switch|p2a: Ferrothorn|Ferrothorn, M|72/100
|move|p1a: Melmetal|Double Iron Bash|p2a: Ferrothorn
|-resisted|p2a: Ferrothorn
|-damage|p2a: Ferrothorn|56/100
|-activate|p2a: Ferrothorn|ability: Iron Barbs
|-activate|p1a: Melmetal|item: Protective Pads
|-resisted|p2a: Ferrothorn
|-damage|p2a: Ferrothorn|42/100
|-activate|p2a: Ferrothorn|ability: Iron Barbs
|-activate|p1a: Melmetal|item: Protective Pads
|-hitcount|p2a: Ferrothorn|2
|
|upkeep
|turn|20
|inactive|lonietzzz has 240 seconds left.
|
|t:|1631963319
|move|p1a: Melmetal|Superpower|p2a: Ferrothorn
|-supereffective|p2a: Ferrothorn
|-crit|p2a: Ferrothorn
|-damage|p2a: Ferrothorn|0 fnt
|-unboost|p1a: Melmetal|atk|1
|-unboost|p1a: Melmetal|def|1
|-activate|p2a: Ferrothorn|ability: Iron Barbs
|-activate|p1a: Melmetal|item: Protective Pads
|faint|p2a: Ferrothorn
|
|-end|p1a: Melmetal|move: Future Sight
|-resisted|p1a: Melmetal
|-damage|p1a: Melmetal|64/100
|upkeep
|inactive|lonietzzz has 210 seconds left.
|
|t:|1631963363
|switch|p2a: Pelipper|Pelipper, M|30/100
|-weather|RainDance|[from] ability: Drizzle|[of] p2a: Pelipper
|turn|21
|
|t:|1631963367
|switch|p1a: Toxapex|Toxapex, M|66/100
|move|p2a: Pelipper|Weather Ball|p1a: Toxapex
|-resisted|p1a: Toxapex
|-damage|p1a: Toxapex|23/100
|
|-weather|RainDance|[upkeep]
|-fieldend|move: Psychic Terrain
|upkeep
|turn|22
|inactive|InkPupil has 270 seconds left.
|
|t:|1631963378
|switch|p1a: Clefable|Clefable, M|100/100
|move|p2a: Pelipper|Weather Ball|p1a: Clefable
|-damage|p1a: Clefable|0 fnt
|faint|p1a: Clefable
|
|-weather|RainDance|[upkeep]
|upkeep
|inactive|InkPupil has 270 seconds left.
|
|t:|1631963384
|switch|p1a: Tornadus|Tornadus-Therian, M|100/100 tox
|turn|23
|inactive|lonietzzz has 210 seconds left.
|
|t:|1631963420
|switch|p2a: Regieleki|Regieleki|68/100
|move|p1a: Tornadus|Hurricane|p2a: Regieleki
|-resisted|p2a: Regieleki
|-damage|p2a: Regieleki|25/100
|-start|p2a: Regieleki|confusion
|
|-weather|RainDance|[upkeep]
|-damage|p1a: Tornadus|94/100 tox|[from] psn
|upkeep
|turn|24
|
|t:|1631963431
|switch|p2a: Tapu Lele|Tapu Lele|100/100
|-fieldstart|move: Psychic Terrain|[from] ability: Psychic Surge|[of] p2a: Tapu Lele
|switch|p1a: Garchomp|Garchomp, M|100/100
|
|-weather|RainDance|[upkeep]
|upkeep
|turn|25
|inactive|InkPupil has 270 seconds left.
|
|t:|1631963472
|switch|p1a: Melmetal|Melmetal|64/100
|move|p2a: Tapu Lele|Psychic|p1a: Melmetal
|-resisted|p1a: Melmetal
|-damage|p1a: Melmetal|35/100
|
|-weather|none
|upkeep
|turn|26
|inactive|lonietzzz has 180 seconds left.
|
|t:|1631963496
|switch|p2a: Regieleki|Regieleki|25/100
|move|p1a: Melmetal|Double Iron Bash|p2a: Regieleki
|-resisted|p2a: Regieleki
|-damage|p2a: Regieleki|0 fnt
|faint|p2a: Regieleki
|-hitcount|p2: Regieleki|1
|
|upkeep
|
|t:|1631963500
|switch|p2a: Pelipper|Pelipper, M|30/100
|-weather|RainDance|[from] ability: Drizzle|[of] p2a: Pelipper
|turn|27
|inactive|InkPupil has 270 seconds left.
|
|t:|1631963507
|switch|p1a: Tornadus|Tornadus-Therian, M|100/100 tox
|move|p2a: Pelipper|Weather Ball|p1a: Tornadus
|-damage|p1a: Tornadus|0 fnt
|faint|p1a: Tornadus
|
|-weather|RainDance|[upkeep]
|upkeep
|inactive|InkPupil has 270 seconds left.
|
|t:|1631963514
|switch|p1a: Garchomp|Garchomp, M|100/100
|turn|28
|
|t:|1631963520
|move|p1a: Garchomp|Rock Slide|p2a: Pelipper
|-supereffective|p2a: Pelipper
|-damage|p2a: Pelipper|0 fnt
|faint|p2a: Pelipper
|
|-weather|RainDance|[upkeep]
|-fieldend|move: Psychic Terrain
|upkeep
|
|t:|1631963533
|switch|p2a: Tapu Lele|Tapu Lele|100/100
|-fieldstart|move: Psychic Terrain|[from] ability: Psychic Surge|[of] p2a: Tapu Lele
|turn|29
|
|t:|1631963538
|move|p2a: Tapu Lele|Moonblast|p1a: Garchomp
|-supereffective|p1a: Garchomp
|-damage|p1a: Garchomp|0 fnt
|faint|p1a: Garchomp
|
|-weather|RainDance|[upkeep]
|upkeep
|
|t:|1631963542
|switch|p1a: Melmetal|Melmetal|35/100
|turn|30
|
|t:|1631963550
|switch|p2a: Barraskewda|Barraskewda, M|68/100
|move|p1a: Melmetal|Double Iron Bash|p2a: Barraskewda
|-resisted|p2a: Barraskewda
|-damage|p2a: Barraskewda|22/100
|-resisted|p2a: Barraskewda
|-damage|p2a: Barraskewda|0 fnt
|faint|p2a: Barraskewda
|-hitcount|p2: Barraskewda|2
|
|-weather|RainDance|[upkeep]
|upkeep
|
|t:|1631963555
|switch|p2a: Landorus|Landorus-Therian, M|44/100
|-ability|p2a: Landorus|Intimidate|boost
|-unboost|p1a: Melmetal|atk|1
|turn|31
|
|t:|1631963558
|move|p2a: Landorus|Earthquake|p1a: Melmetal
|-supereffective|p1a: Melmetal
|-damage|p1a: Melmetal|0 fnt
|faint|p1a: Melmetal
|
|-weather|none
|-heal|p2a: Landorus|50/100|[from] item: Leftovers
|upkeep
|
|t:|1631963560
|switch|p1a: Toxapex|Toxapex, M|57/100
|turn|32
|
|t:|1631963561
|move|p2a: Landorus|Earthquake|p1a: Toxapex
|-supereffective|p1a: Toxapex
|-damage|p1a: Toxapex|0 fnt
|faint|p1a: Toxapex
|
|win|lonietzzz
