|inactive|Battle timer is ON: inactive players will automatically lose when time's up.
|t:|1650831851
|gametype|singles
|player|p1|Starbitstorm|clown|
|player|p2|Coach Jones 6fifth|lusamine-nihilego|
|teamsize|p1|6
|teamsize|p2|6
|gen|8
|tier|[Gen 8] OU
|rule|Sleep Clause Mod: Limit one foe put to sleep
|rule|Species Clause: Limit one of each Pokémon
|rule|OHKO Clause: OHKO moves are banned
|rule|Evasion Moves Clause: Evasion moves are banned
|rule|Endless Battle Clause: Forcing endless battles is banned
|rule|HP Percentage Mod: HP is shown in percentages
|rule|Dynamax Clause: You cannot dynamax
|clearpoke
|poke|p1|Dragapult, M|
|poke|p1|Kartana|
|poke|p1|Melmetal|
|poke|p1|Landorus-Therian, M|
|poke|p1|Weavile, F|
|poke|p1|Blacephalon|
|poke|p2|Ferrothorn, F|
|poke|p2|Slowking-Galar, M|
|poke|p2|Tapu Koko|
|poke|p2|Landorus-Therian, M|
|poke|p2|Urshifu-*, M|
|poke|p2|Tornadus-Therian, M|
|teampreview
|c|☆Starbitstorm|gl gl
|inactive|Starbitstorm has 270 seconds left.
|inactive|Coach Jones 6fifth has 270 seconds left.
|c|☆Coach Jones 6fifth|u2 bro
|c|☆Starbitstorm|could you post it
|inactive|Starbitstorm has 240 seconds left.
|inactive|Coach Jones 6fifth has 240 seconds left.
|c|☆Coach Jones 6fifth|Already did
|c|☆Starbitstorm|my internet is having a heart attack rn
|c|☆Starbitstorm|alright ty
|c|☆Coach Jones 6fifth|np
|inactive|Starbitstorm has 210 seconds left.
|inactive|Coach Jones 6fifth has 210 seconds left.
|
|t:|1650831968
|start
|switch|p1a: Dragapult|Dragapult, M|100/100
|switch|p2a: Urshifu|Urshifu-Rapid-Strike, M|100/100
|turn|1
|inactive|Starbitstorm has 240 seconds left.
|inactive|Coach Jones 6fifth has 240 seconds left.
|inactive|Starbitstorm has 210 seconds left.
|inactive|Coach Jones 6fifth has 210 seconds left.
|c|+OmBrArch|go Coach !
|inactive|Coach Jones 6fifth has 180 seconds left.
|
|t:|1650832069
|switch|p2a: Slowking|Slowking-Galar, M|100/100
|move|p1a: Dragapult|U-turn|p2a: Slowking
|-damage|p2a: Slowking|68/100
|
|t:|1650832076
|switch|p1a: Weavile|Weavile, F|100/100|[from]move: U-turn
|
|upkeep
|turn|2
|
|t:|1650832089
|switch|p2a: Tapu Koko|Tapu Koko|100/100
|-fieldstart|move: Electric Terrain|[from] ability: Electric Surge|[of] p2a: Tapu Koko
|move|p1a: Weavile|Beat Up|p2a: Tapu Koko
|-resisted|p2a: Tapu Koko
|-damage|p2a: Tapu Koko|91/100
|-resisted|p2a: Tapu Koko
|-damage|p2a: Tapu Koko|77/100
|-resisted|p2a: Tapu Koko
|-damage|p2a: Tapu Koko|65/100
|-resisted|p2a: Tapu Koko
|-damage|p2a: Tapu Koko|54/100
|-resisted|p2a: Tapu Koko
|-damage|p2a: Tapu Koko|44/100
|-resisted|p2a: Tapu Koko
|-damage|p2a: Tapu Koko|35/100
|-hitcount|p2a: Tapu Koko|6
|
|upkeep
|turn|3
|inactive|Starbitstorm has 180 seconds left.
|
|t:|1650832121
|move|p2a: Tapu Koko|U-turn|p1a: Weavile
|-supereffective|p1a: Weavile
|-damage|p1a: Weavile|44/100
|inactive|Coach Jones 6fifth has 180 seconds left.
|inactive|Coach Jones 6fifth has 150 seconds left.
|
|t:|1650832201
|switch|p2a: Urshifu|Urshifu-Rapid-Strike, M|100/100|[from]move: U-turn
|move|p1a: Weavile|Beat Up|p2a: Urshifu
|-resisted|p2a: Urshifu
|-damage|p2a: Urshifu|94/100
|-resisted|p2a: Urshifu
|-damage|p2a: Urshifu|85/100
|-resisted|p2a: Urshifu
|-damage|p2a: Urshifu|77/100
|-resisted|p2a: Urshifu
|-damage|p2a: Urshifu|69/100
|-resisted|p2a: Urshifu
|-damage|p2a: Urshifu|62/100
|-resisted|p2a: Urshifu
|-damage|p2a: Urshifu|55/100
|-hitcount|p2a: Urshifu|6
|
|upkeep
|turn|4
|
|t:|1650832206
|switch|p1a: Kartana|Kartana|100/100
|move|p2a: Urshifu|Aqua Jet|p1a: Kartana
|-resisted|p1a: Kartana
|-damage|p1a: Kartana|85/100
|
|upkeep
|turn|5
|c|☆Starbitstorm|oh
|c|☆Starbitstorm|whoops
|inactive|Starbitstorm has 180 seconds left.
|c|☆Coach Jones 6fifth|Misclick?
|c|☆Starbitstorm|no it was just a stupid play on my part
|c|☆Starbitstorm|nvm me
|inactive|Starbitstorm has 150 seconds left.
|
|t:|1650832273
|switch|p2a: Ferrothorn|Ferrothorn, F, shiny|100/100
|move|p1a: Kartana|Knock Off|p2a: Ferrothorn
|-damage|p2a: Ferrothorn|77/100
|-damage|p1a: Kartana|72/100|[from] ability: Iron Barbs|[of] p2a: Ferrothorn
|-enditem|p2a: Ferrothorn|Leftovers|[from] move: Knock Off|[of] p1a: Kartana
|
|upkeep
|turn|6
|inactive|Starbitstorm has 120 seconds left.
|
|t:|1650832296
|switch|p1a: Landorus|Landorus-Therian, M|100/100
|-ability|p1a: Landorus|Intimidate|boost
|-unboost|p2a: Ferrothorn|atk|1
|move|p2a: Ferrothorn|Stealth Rock|p1a: Landorus
|-sidestart|p1: Starbitstorm|move: Stealth Rock
|
|-fieldend|move: Electric Terrain
|upkeep
|turn|7
|inactive|Starbitstorm has 120 seconds left.
|inactive|Coach Jones 6fifth has 150 seconds left.
|
|t:|1650832318
|switch|p2a: Urshifu|Urshifu-Rapid-Strike, M|55/100
|move|p1a: Landorus|Stealth Rock|p2a: Urshifu
|-sidestart|p2: Coach Jones 6fifth|move: Stealth Rock
|
|upkeep
|turn|8
|
|t:|1650832333
|move|p2a: Urshifu|Surging Strikes|p1a: Landorus
|-supereffective|p1a: Landorus
|-crit|p1a: Landorus
|-damage|p1a: Landorus|54/100
|-supereffective|p1a: Landorus
|-crit|p1a: Landorus
|-damage|p1a: Landorus|12/100
|-supereffective|p1a: Landorus
|-crit|p1a: Landorus
|-damage|p1a: Landorus|0 fnt
|faint|p1a: Landorus
|-hitcount|p1: Landorus|3
|
|upkeep
|
|t:|1650832340
|switch|p1a: Dragapult|Dragapult, M|100/100
|-damage|p1a: Dragapult|88/100|[from] Stealth Rock
|turn|9
|inactive|Coach Jones 6fifth has 150 seconds left.
|inactive|Starbitstorm has 90 seconds left.
|inactive|Starbitstorm has 60 seconds left.
|
|t:|1650832414
|switch|p2a: Ferrothorn|Ferrothorn, F, shiny|77/100
|-damage|p2a: Ferrothorn|71/100|[from] Stealth Rock
|move|p1a: Dragapult|Phantom Force||[still]
|-prepare|p1a: Dragapult|Phantom Force
|
|upkeep
|turn|10
|
|t:|1650832418
|move|p1a: Dragapult|Phantom Force|p2a: Ferrothorn|[from]lockedmove
|-damage|p2a: Ferrothorn|35/100
|-damage|p1a: Dragapult|76/100|[from] ability: Iron Barbs|[of] p2a: Ferrothorn
|move|p2a: Ferrothorn|Gyro Ball|p1a: Dragapult
|-damage|p1a: Dragapult|12/100
|
|upkeep
|turn|11
|inactive|Starbitstorm has 60 seconds left.
|
|t:|1650832451
|move|p1a: Dragapult|Phantom Force||[still]
|-prepare|p1a: Dragapult|Phantom Force
|move|p2a: Ferrothorn|Knock Off|p1a: Dragapult|[miss]
|-miss|p2a: Ferrothorn|p1a: Dragapult
|
|upkeep
|turn|12
|
|t:|1650832455
|move|p1a: Dragapult|Phantom Force|p2a: Ferrothorn|[from]lockedmove
|-damage|p2a: Ferrothorn|0 fnt
|-damage|p1a: Dragapult|0 fnt|[from] ability: Iron Barbs|[of] p2a: Ferrothorn
|faint|p2a: Ferrothorn
|faint|p1a: Dragapult
|
|upkeep
|inactive|Starbitstorm has 60 seconds left.
|inactive|Coach Jones 6fifth has 150 seconds left.
|inactive|Starbitstorm has 30 seconds left.
|
|t:|1650832491
|switch|p1a: Kartana|Kartana|72/100
|switch|p2a: Urshifu|Urshifu-Rapid-Strike, M|55/100
|-damage|p1a: Kartana|66/100|[from] Stealth Rock
|-damage|p2a: Urshifu|49/100|[from] Stealth Rock
|turn|13
|inactive|Coach Jones 6fifth has 150 seconds left.
|inactive|Starbitstorm has 30 seconds left.
|
|t:|1650832507
|switch|p2a: Tornadus|Tornadus-Therian, M|100/100
|-damage|p2a: Tornadus|76/100|[from] Stealth Rock
|move|p1a: Kartana|Knock Off|p2a: Tornadus
|-damage|p2a: Tornadus|30/100
|-enditem|p2a: Tornadus|Assault Vest|[from] move: Knock Off|[of] p1a: Kartana
|
|upkeep
|turn|14
|inactive|Starbitstorm has 30 seconds left.
|inactive|Coach Jones 6fifth has 150 seconds left.
|
|t:|1650832524
|move|p1a: Kartana|Knock Off|p2a: Tornadus
|-damage|p2a: Tornadus|2/100
|move|p2a: Tornadus|Heat Wave|p1a: Kartana
|-supereffective|p1a: Kartana
|-damage|p1a: Kartana|0 fnt
|faint|p1a: Kartana
|
|upkeep
|inactive|Starbitstorm has 30 seconds left.
|inactive|Starbitstorm has 20 seconds left.
|
|t:|1650832540
|switch|p1a: Blacephalon|Blacephalon|100/100
|-damage|p1a: Blacephalon|76/100|[from] Stealth Rock
|turn|15
|inactive|Starbitstorm has 30 seconds left this turn.
|
|t:|1650832542
|move|p1a: Blacephalon|Shadow Ball|p2a: Tornadus
|-damage|p2a: Tornadus|0 fnt
|faint|p2a: Tornadus
|-ability|p1a: Blacephalon|Beast Boost|boost
|-boost|p1a: Blacephalon|spa|1
|
|upkeep
|
|t:|1650832549
|switch|p2a: Urshifu|Urshifu-Rapid-Strike, M|49/100
|-damage|p2a: Urshifu|42/100|[from] Stealth Rock
|turn|16
|
|t:|1650832551
|switch|p1a: Melmetal|Melmetal|100/100
|-damage|p1a: Melmetal|94/100|[from] Stealth Rock
|move|p2a: Urshifu|Aqua Jet|p1a: Melmetal
|-damage|p1a: Melmetal|77/100
|
|upkeep
|turn|17
|
|t:|1650832559
|switch|p2a: Landorus|Landorus-Therian, M|100/100
|-damage|p2a: Landorus|88/100|[from] Stealth Rock
|-ability|p2a: Landorus|Intimidate|boost
|-unboost|p1a: Melmetal|atk|1
|move|p1a: Melmetal|Double Iron Bash|p2a: Landorus
|-damage|p2a: Landorus|57/100
|-crit|p2a: Landorus
|-damage|p2a: Landorus|0 fnt
|faint|p2a: Landorus
|-hitcount|p2: Landorus|2
|
|upkeep
|
|t:|1650832565
|switch|p2a: Tapu Koko|Tapu Koko|35/100
|-fieldstart|move: Electric Terrain|[from] ability: Electric Surge|[of] p2a: Tapu Koko
|turn|18
|inactive|Starbitstorm has 60 seconds left.
|inactive|Starbitstorm has 30 seconds left.
|inactive|Starbitstorm has 20 seconds left.
|inactive|Starbitstorm has 15 seconds left.
|inactive|Starbitstorm has 10 seconds left.
|inactive|Coach Jones 6fifth has 180 seconds left.
|
|t:|1650832623
|move|p2a: Tapu Koko|Thunderbolt|p1a: Melmetal
|-damage|p1a: Melmetal|20/100
|move|p1a: Melmetal|Double Iron Bash|p2a: Tapu Koko
|-damage|p2a: Tapu Koko|0 fnt
|faint|p2a: Tapu Koko
|-hitcount|p2: Tapu Koko|1
|
|upkeep
|inactive|Starbitstorm has 15 seconds left this turn.
|
|t:|1650832626
|switch|p2a: Urshifu|Urshifu-Rapid-Strike, M|42/100
|-damage|p2a: Urshifu|36/100|[from] Stealth Rock
|turn|19
|inactive|Starbitstorm has 25 seconds left this turn.
|inactive|Starbitstorm has 20 seconds left.
|
|t:|1650832636
|move|p2a: Urshifu|Surging Strikes|p1a: Melmetal
|-crit|p1a: Melmetal
|-damage|p1a: Melmetal|1/100
|-crit|p1a: Melmetal
|-damage|p1a: Melmetal|0 fnt
|faint|p1a: Melmetal
|-hitcount|p1: Melmetal|2
|
|upkeep
|inactive|Starbitstorm has 25 seconds left this turn.
|
|t:|1650832640
|switch|p1a: Blacephalon|Blacephalon|76/100
|-damage|p1a: Blacephalon|51/100|[from] Stealth Rock
|turn|20
|inactive|Starbitstorm has 30 seconds left.
|
|t:|1650832647
|switch|p2a: Slowking|Slowking-Galar, M|100/100
|-damage|p2a: Slowking|88/100|[from] Stealth Rock
|move|p1a: Blacephalon|Shadow Ball|p2a: Slowking
|-supereffective|p2a: Slowking
|-damage|p2a: Slowking|48/100
|
|upkeep
|turn|21
|
|t:|1650832652
|move|p1a: Blacephalon|Shadow Ball|p2a: Slowking
|-supereffective|p2a: Slowking
|-damage|p2a: Slowking|13/100
|move|p2a: Slowking|Earthquake|p1a: Blacephalon
|-supereffective|p1a: Blacephalon
|-damage|p1a: Blacephalon|0 fnt
|faint|p1a: Blacephalon
|
|upkeep
|
|t:|1650832654
|switch|p1a: Weavile|Weavile, F|44/100
|-damage|p1a: Weavile|19/100|[from] Stealth Rock
|turn|22
|
|t:|1650832657
|move|p1a: Weavile|Ice Shard|p2a: Slowking
|-damage|p2a: Slowking|0 fnt
|faint|p2a: Slowking
|
|-fieldend|move: Electric Terrain
|upkeep
|
|t:|1650832659
|switch|p2a: Urshifu|Urshifu-Rapid-Strike, M|36/100
|-damage|p2a: Urshifu|30/100|[from] Stealth Rock
|turn|23
|
|t:|1650832661
|move|p1a: Weavile|Ice Shard|p2a: Urshifu
|-resisted|p2a: Urshifu
|-damage|p2a: Urshifu|14/100
|move|p2a: Urshifu|Aqua Jet|p1a: Weavile
|-damage|p1a: Weavile|0 fnt
|faint|p1a: Weavile
|
|win|Coach Jones 6fifth
|c|☆Starbitstorm|ggs
|c|☆Coach Jones 6fifth|ggs
