|inactive|Battle timer is ON: inactive players will automatically lose when time's up.
|t:|1655695005
|gametype|singles
|player|p1|GuardArc|lance-gen3|
|player|p2|PKS YoungLadderyv2|battlegirl-gen4|
|teamsize|p1|6
|teamsize|p2|6
|gen|8
|tier|[Gen 8] OU
|rule|Sleep Clause Mod: Limit one foe put to sleep
|rule|Species Clause: Limit one of each Pokémon
|rule|OHKO Clause: OHKO moves are banned
|rule|Evasion Moves Clause: Evasion moves are banned
|rule|Endless Battle Clause: Forcing endless battles is banned
|rule|HP Percentage Mod: HP is shown in percentages
|rule|Dynamax Clause: You cannot dynamax
|clearpoke
|poke|p1|Nihilego|
|poke|p1|Magnezone|
|poke|p1|Tapu Fini|
|poke|p1|Corviknight, F|
|poke|p1|Landorus-Therian, M|
|poke|p1|Dragapult, F|
|poke|p2|Ferrothorn, F|
|poke|p2|Landorus-Therian, M|
|poke|p2|Tyranitar, M|
|poke|p2|Slowking-Galar, M|
|poke|p2|Dragonite, F|
|poke|p2|Blacephalon|
|teampreview
|inactive|PKS YoungLadderyv2 has 270 seconds left.
|
|t:|1655695046
|start
|switch|p1a: Dragapult|Dragapult, F|100/100
|switch|p2a: Tyranitar|Tyranitar, M|100/100
|-weather|Sandstorm|[from] ability: Sand Stream|[of] p2a: Tyranitar
|turn|1
|
|t:|1655695057
|move|p1a: Dragapult|U-turn|p2a: Tyranitar
|-supereffective|p2a: Tyranitar
|-damage|p2a: Tyranitar|72/100
|
|t:|1655695065
|switch|p1a: Landorus|Landorus-Therian, M|100/100|[from]move: U-turn
|-ability|p1a: Landorus|Intimidate|boost
|-unboost|p2a: Tyranitar|atk|1
|move|p2a: Tyranitar|Ice Punch|p1a: Landorus
|-supereffective|p1a: Landorus
|-damage|p1a: Landorus|0 fnt
|faint|p1a: Landorus
|
|-weather|Sandstorm|[upkeep]
|upkeep
|
|t:|1655695074
|switch|p1a: Corviknight|Corviknight, F|100/100
|-ability|p1a: Corviknight|Pressure
|turn|2
|
|t:|1655695079
|switch|p2a: Landorus|Landorus-Therian, M|100/100
|-ability|p2a: Landorus|Intimidate|boost
|-unboost|p1a: Corviknight|atk|1
|move|p1a: Corviknight|U-turn|p2a: Landorus
|-resisted|p2a: Landorus
|-crit|p2a: Landorus
|-damage|p2a: Landorus|90/100
|
|t:|1655695089
|switch|p1a: Dragapult|Dragapult, F|100/100|[from]move: U-turn
|
|-weather|Sandstorm|[upkeep]
|-damage|p1a: Dragapult|95/100|[from] Sandstorm
|-heal|p2a: Landorus|96/100|[from] item: Leftovers
|upkeep
|turn|3
|
|t:|1655695099
|move|p1a: Dragapult|Surf|p2a: Landorus
|-supereffective|p2a: Landorus
|-damage|p2a: Landorus|34/100
|move|p2a: Landorus|U-turn|p1a: Dragapult
|-resisted|p1a: Dragapult
|-damage|p1a: Dragapult|80/100
|
|t:|1655695108
|switch|p2a: Blacephalon|Blacephalon|100/100|[from]move: U-turn
|
|-weather|Sandstorm|[upkeep]
|-damage|p2a: Blacephalon|94/100|[from] Sandstorm
|-damage|p1a: Dragapult|74/100|[from] Sandstorm
|upkeep
|turn|4
|
|t:|1655695114
|switch|p1a: Tapu Fini|Tapu Fini|100/100
|-fieldstart|move: Misty Terrain|[from] ability: Misty Surge|[of] p1a: Tapu Fini
|move|p2a: Blacephalon|Shadow Ball|p1a: Tapu Fini
|-damage|p1a: Tapu Fini|57/100
|-unboost|p1a: Tapu Fini|spd|1
|
|-weather|Sandstorm|[upkeep]
|-damage|p2a: Blacephalon|88/100|[from] Sandstorm
|-damage|p1a: Tapu Fini|51/100|[from] Sandstorm
|-heal|p1a: Tapu Fini|57/100|[from] item: Leftovers
|upkeep
|turn|5
|
|t:|1655695120
|switch|p1a: Nihilego|Nihilego|100/100
|move|p2a: Blacephalon|Shadow Ball|p1a: Nihilego
|-crit|p1a: Nihilego
|-damage|p1a: Nihilego|62/100
|
|-weather|none
|upkeep
|turn|6
|
|t:|1655695130
|switch|p2a: Tyranitar|Tyranitar, M|72/100
|-weather|Sandstorm|[from] ability: Sand Stream|[of] p2a: Tyranitar
|switch|p1a: Magnezone|Magnezone|100/100
|
|-weather|Sandstorm|[upkeep]
|upkeep
|turn|7
|
|t:|1655695144
|switch|p1a: Corviknight|Corviknight, F|100/100
|-ability|p1a: Corviknight|Pressure
|move|p2a: Tyranitar|Superpower|p1a: Corviknight
|-damage|p1a: Corviknight|44/100
|-unboost|p2a: Tyranitar|atk|1
|-unboost|p2a: Tyranitar|def|1
|
|-weather|Sandstorm|[upkeep]
|-heal|p1a: Corviknight|50/100|[from] item: Leftovers
|upkeep
|turn|8
|
|t:|1655695160
|switch|p2a: Slowking|Slowking-Galar, M|100/100
|move|p1a: Corviknight|Roost|p1a: Corviknight
|-heal|p1a: Corviknight|100/100
|-singleturn|p1a: Corviknight|move: Roost
|
|-weather|Sandstorm|[upkeep]
|-damage|p2a: Slowking|94/100|[from] Sandstorm
|-fieldend|Misty Terrain
|upkeep
|turn|9
|
|t:|1655695166
|move|p1a: Corviknight|U-turn|p2a: Slowking
|-damage|p2a: Slowking|80/100
|
|t:|1655695173
|switch|p1a: Dragapult|Dragapult, F|74/100|[from]move: U-turn
|move|p2a: Slowking|Future Sight|p1a: Dragapult
|-start|p2a: Slowking|move: Future Sight
|
|-weather|Sandstorm|[upkeep]
|-damage|p1a: Dragapult|68/100|[from] Sandstorm
|-damage|p2a: Slowking|74/100|[from] Sandstorm
|upkeep
|turn|10
|
|t:|1655695176
|switch|p2a: Tyranitar|Tyranitar, M|72/100
|move|p1a: Dragapult|Shadow Ball|p2a: Tyranitar
|-resisted|p2a: Tyranitar
|-damage|p2a: Tyranitar|53/100
|
|-weather|none
|upkeep
|turn|11
|
|t:|1655695189
|switch|p1a: Corviknight|Corviknight, F|100/100
|-ability|p1a: Corviknight|Pressure
|move|p2a: Tyranitar|Crunch|p1a: Corviknight
|-damage|p1a: Corviknight|48/100
|
|-end|p1a: Corviknight|move: Future Sight
|-resisted|p1a: Corviknight
|-damage|p1a: Corviknight|27/100
|-heal|p1a: Corviknight|33/100|[from] item: Leftovers
|upkeep
|turn|12
|
|t:|1655695196
|switch|p1a: Tapu Fini|Tapu Fini|57/100
|-fieldstart|move: Misty Terrain|[from] ability: Misty Surge|[of] p1a: Tapu Fini
|move|p2a: Tyranitar|Crunch|p1a: Tapu Fini
|-resisted|p1a: Tapu Fini
|-crit|p1a: Tapu Fini
|-damage|p1a: Tapu Fini|23/100
|
|-heal|p1a: Tapu Fini|29/100|[from] item: Leftovers
|upkeep
|turn|13
|
|t:|1655695209
|switch|p2a: Slowking|Slowking-Galar, M|100/100
|move|p1a: Tapu Fini|Moonblast|p2a: Slowking
|-resisted|p2a: Slowking
|-damage|p2a: Slowking|93/100
|
|-heal|p1a: Tapu Fini|35/100|[from] item: Leftovers
|upkeep
|turn|14
|
|t:|1655695221
|switch|p1a: Corviknight|Corviknight, F|33/100
|-ability|p1a: Corviknight|Pressure
|move|p2a: Slowking|Flamethrower|p1a: Corviknight
|-supereffective|p1a: Corviknight
|-damage|p1a: Corviknight|0 fnt
|faint|p1a: Corviknight
|
|upkeep
|
|t:|1655695224
|switch|p1a: Dragapult|Dragapult, F|68/100
|turn|15
|
|t:|1655695228
|switch|p2a: Tyranitar|Tyranitar, M|53/100
|-weather|Sandstorm|[from] ability: Sand Stream|[of] p2a: Tyranitar
|move|p1a: Dragapult|Shadow Ball|p2a: Tyranitar
|-resisted|p2a: Tyranitar
|-damage|p2a: Tyranitar|36/100
|
|-weather|Sandstorm|[upkeep]
|-damage|p1a: Dragapult|62/100|[from] Sandstorm
|upkeep
|turn|16
|
|t:|1655695233
|move|p1a: Dragapult|Shadow Ball|p2a: Tyranitar
|-resisted|p2a: Tyranitar
|-damage|p2a: Tyranitar|19/100
|-unboost|p2a: Tyranitar|spd|1
|move|p2a: Tyranitar|Crunch|p1a: Dragapult
|-supereffective|p1a: Dragapult
|-damage|p1a: Dragapult|0 fnt
|faint|p1a: Dragapult
|
|-weather|Sandstorm|[upkeep]
|-fieldend|Misty Terrain
|upkeep
|
|t:|1655695238
|switch|p1a: Nihilego|Nihilego|62/100
|turn|17
|
|t:|1655695242
|switch|p2a: Slowking|Slowking-Galar, M|100/100
|move|p1a: Nihilego|Meteor Beam||[still]
|-prepare|p1a: Nihilego|Meteor Beam
|-boost|p1a: Nihilego|spa|1
|-enditem|p1a: Nihilego|Power Herb
|-anim|p1a: Nihilego|Meteor Beam|p2a: Slowking
|-damage|p2a: Slowking|55/100
|
|-weather|Sandstorm|[upkeep]
|-damage|p2a: Slowking|49/100|[from] Sandstorm
|upkeep
|turn|18
|
|t:|1655695250
|move|p1a: Nihilego|Power Gem|p2a: Slowking
|-damage|p2a: Slowking|20/100
|move|p2a: Slowking|Earthquake|p1a: Nihilego
|-supereffective|p1a: Nihilego
|-damage|p1a: Nihilego|0 fnt
|faint|p1a: Nihilego
|
|-weather|Sandstorm|[upkeep]
|-damage|p2a: Slowking|14/100|[from] Sandstorm
|upkeep
|
|t:|1655695259
|switch|p1a: Tapu Fini|Tapu Fini|35/100
|-fieldstart|move: Misty Terrain|[from] ability: Misty Surge|[of] p1a: Tapu Fini
|turn|19
|-message|GuardArc forfeited.
|
|win|PKS YoungLadderyv2
