|inactive|Battle timer is ON: inactive players will automatically lose when time's up.
|t:|1664119580
|gametype|singles
|player|p1|HANTSUKI|cynthia-gen4|
|player|p2|Coach Jones 6fifth|lusamine-nihilego|
|teamsize|p1|6
|teamsize|p2|6
|gen|8
|tier|[Gen 8] OU
|rule|Sleep Clause Mod: Limit one foe put to sleep
|rule|Species Clause: Limit one of each Pokémon
|rule|OHKO Clause: OHKO moves are banned
|rule|Evasion Items Clause: Evasion items are banned
|rule|Evasion Moves Clause: Evasion moves are banned
|rule|Endless Battle Clause: Forcing endless battles is banned
|rule|HP Percentage Mod: HP is shown in percentages
|rule|Dynamax Clause: You cannot dynamax
|clearpoke
|poke|p1|Slowking-Galar, M|
|poke|p1|Landorus-Therian, M|
|poke|p1|Kartana|
|poke|p1|Garchomp, M|
|poke|p1|Rotom-Wash|
|poke|p1|Weavile, F|
|poke|p2|Excadrill, M|
|poke|p2|Tangrowth, M|
|poke|p2|Tyranitar, F|
|poke|p2|Melmetal|
|poke|p2|Tornadus-Therian, M|
|poke|p2|Slowking, M|
|teampreview
|inactive|HANTSUKI has 270 seconds left.
|inactive|Coach Jones 6fifth has 270 seconds left.
|
|t:|1664119618
|start
|switch|p1a: CASSIUS BRIGHT|Landorus-Therian, M|100/100
|switch|p2a: Tangrowth|Tangrowth, M|100/100
|-ability|p1a: CASSIUS BRIGHT|Intimidate|boost
|-unboost|p2a: Tangrowth|atk|1
|turn|1
|
|t:|1664119625
|move|p1a: CASSIUS BRIGHT|Toxic|p2a: Tangrowth
|-status|p2a: Tangrowth|tox
|move|p2a: Tangrowth|Sleep Powder|p1a: CASSIUS BRIGHT
|-status|p1a: CASSIUS BRIGHT|slp|[from] move: Sleep Powder
|
|-damage|p2a: Tangrowth|94/100 tox|[from] psn
|upkeep
|turn|2
|
|t:|1664119631
|cant|p1a: CASSIUS BRIGHT|slp
|move|p2a: Tangrowth|Knock Off|p1a: CASSIUS BRIGHT
|-damage|p1a: CASSIUS BRIGHT|86/100 slp
|-enditem|p1a: CASSIUS BRIGHT|Leftovers|[from] move: Knock Off|[of] p2a: Tangrowth
|
|-damage|p2a: Tangrowth|82/100 tox|[from] psn
|upkeep
|turn|3
|
|t:|1664119638
|-curestatus|p1a: CASSIUS BRIGHT|slp|[msg]
|move|p1a: CASSIUS BRIGHT|Stealth Rock|p2a: Tangrowth
|-sidestart|p2: Coach Jones 6fifth|move: Stealth Rock
|move|p2a: Tangrowth|Giga Drain|p1a: CASSIUS BRIGHT
|-damage|p1a: CASSIUS BRIGHT|65/100
|-heal|p2a: Tangrowth|92/100 tox|[from] drain|[of] p1a: CASSIUS BRIGHT
|
|-damage|p2a: Tangrowth|73/100 tox|[from] psn
|upkeep
|turn|4
|
|t:|1664119651
|move|p1a: CASSIUS BRIGHT|U-turn|p2a: Tangrowth
|-supereffective|p2a: Tangrowth
|-damage|p2a: Tangrowth|51/100 tox
|-damage|p1a: CASSIUS BRIGHT|49/100|[from] item: Rocky Helmet|[of] p2a: Tangrowth
|
|t:|1664119654
|switch|p1a: ARAMASA|Kartana|100/100|[from]move: U-turn
|move|p2a: Tangrowth|Sleep Powder|p1a: ARAMASA
|-immune|p1a: ARAMASA
|
|-damage|p2a: Tangrowth|26/100 tox|[from] psn
|upkeep
|turn|5
|
|t:|1664119667
|switch|p1a: Skadi|Weavile, F|100/100
|-ability|p1a: Skadi|Pressure
|switch|p2a: Melmetal|Melmetal|100/100
|-damage|p2a: Melmetal|94/100|[from] Stealth Rock
|
|upkeep
|turn|6
|
|t:|1664119678
|switch|p1a: Zionga|Rotom-Wash|100/100
|move|p2a: Melmetal|Superpower|p1a: Zionga
|-damage|p1a: Zionga|51/100
|-unboost|p2a: Melmetal|atk|1
|-unboost|p2a: Melmetal|def|1
|
|-heal|p1a: Zionga|57/100|[from] item: Leftovers
|upkeep
|turn|7
|
|t:|1664119688
|switch|p2a: Slowking|Slowking, M, shiny|100/100
|move|p1a: Zionga|Hydro Pump|p2a: Slowking|[miss]
|-miss|p1a: Zionga|p2a: Slowking
|
|-heal|p1a: Zionga|63/100|[from] item: Leftovers
|upkeep
|turn|8
|
|t:|1664119699
|move|p1a: Zionga|Volt Switch|p2a: Slowking
|-supereffective|p2a: Slowking
|-damage|p2a: Slowking|69/100
|
|t:|1664119703
|switch|p1a: Skadi|Weavile, F|100/100|[from]move: Volt Switch
|-ability|p1a: Skadi|Pressure
|move|p2a: Slowking|Future Sight|p1a: Skadi
|-start|p2a: Slowking|move: Future Sight
|
|upkeep
|turn|9
|
|t:|1664119720
|switch|p2a: Melmetal|Melmetal|94/100
|-damage|p2a: Melmetal|88/100|[from] Stealth Rock
|move|p1a: Skadi|Swords Dance|p1a: Skadi
|-boost|p1a: Skadi|atk|2
|
|upkeep
|turn|10
|
|t:|1664119730
|switch|p1a: CASSIUS BRIGHT|Landorus-Therian, M|49/100
|-ability|p1a: CASSIUS BRIGHT|Intimidate|boost
|-unboost|p2a: Melmetal|atk|1
|move|p2a: Melmetal|Double Iron Bash|p1a: CASSIUS BRIGHT
|-damage|p1a: CASSIUS BRIGHT|21/100
|-damage|p1a: CASSIUS BRIGHT|0 fnt
|faint|p1a: CASSIUS BRIGHT
|-hitcount|p1: CASSIUS BRIGHT|2
|
|-hint|Future Sight did not hit because the target is fainted.
|upkeep
|
|t:|1664119741
|switch|p1a: Berserker God|Garchomp, M|100/100
|turn|11
|
|t:|1664119758
|move|p1a: Berserker God|Swords Dance|p1a: Berserker God
|-boost|p1a: Berserker God|atk|2
|move|p2a: Melmetal|Ice Punch|p1a: Berserker God
|-supereffective|p1a: Berserker God
|-enditem|p1a: Berserker God|Yache Berry|[eat]
|-enditem|p1a: Berserker God|Yache Berry|[weaken]
|-damage|p1a: Berserker God|53/100
|-damage|p2a: Melmetal|76/100|[from] ability: Rough Skin|[of] p1a: Berserker God
|
|upkeep
|turn|12
|
|t:|1664119776
|switch|p2a: Tyranitar|Tyranitar, F|100/100
|-damage|p2a: Tyranitar|88/100|[from] Stealth Rock
|-weather|Sandstorm|[from] ability: Sand Stream|[of] p2a: Tyranitar
|move|p1a: Berserker God|Scale Shot|p2a: Tyranitar
|-damage|p2a: Tyranitar|64/100
|-damage|p2a: Tyranitar|37/100
|-damage|p2a: Tyranitar|15/100
|-hitcount|p2a: Tyranitar|3
|-unboost|p1a: Berserker God|def|1
|-boost|p1a: Berserker God|spe|1
|
|-weather|Sandstorm|[upkeep]
|upkeep
|turn|13
|
|t:|1664119788
|move|p1a: Berserker God|Scale Shot|p2a: Tyranitar
|-damage|p2a: Tyranitar|0 fnt
|faint|p2a: Tyranitar
|-hitcount|p2: Tyranitar|1
|-unboost|p1a: Berserker God|def|1
|-boost|p1a: Berserker God|spe|1
|
|-weather|Sandstorm|[upkeep]
|upkeep
|
|t:|1664119791
|switch|p2a: Tangrowth|Tangrowth, M|59/100 tox
|-damage|p2a: Tangrowth|47/100 tox|[from] Stealth Rock
|turn|14
|
|t:|1664119802
|switch|p2a: Slowking|Slowking, M, shiny|100/100
|move|p1a: Berserker God|Fire Fang|p2a: Slowking
|-resisted|p2a: Slowking
|-damage|p2a: Slowking|80/100
|
|-weather|Sandstorm|[upkeep]
|-damage|p2a: Slowking|74/100|[from] Sandstorm
|upkeep
|turn|15
|
|t:|1664119811
|move|p1a: Berserker God|Swords Dance|p1a: Berserker God
|-boost|p1a: Berserker God|atk|2
|move|p2a: Slowking|Scald|p1a: Berserker God
|-damage|p1a: Berserker God|25/100
|
|-weather|Sandstorm|[upkeep]
|-damage|p2a: Slowking|68/100|[from] Sandstorm
|upkeep
|turn|16
|
|t:|1664119819
|move|p1a: Berserker God|Earthquake|p2a: Slowking
|-damage|p2a: Slowking|0 fnt
|faint|p2a: Slowking
|
|-weather|none
|upkeep
|
|t:|1664119822
|switch|p2a: Tangrowth|Tangrowth, M|80/100 tox
|-damage|p2a: Tangrowth|68/100 tox|[from] Stealth Rock
|turn|17
|
|t:|1664119839
|switch|p2a: Excadrill|Excadrill, M|100/100
|-damage|p2a: Excadrill|97/100|[from] Stealth Rock
|move|p1a: Berserker God|Fire Fang|p2a: Excadrill
|-supereffective|p2a: Excadrill
|-damage|p2a: Excadrill|0 fnt
|faint|p2a: Excadrill
|
|upkeep
|
|t:|1664119841
|switch|p2a: Tangrowth|Tangrowth, M|100/100 tox
|-damage|p2a: Tangrowth|88/100 tox|[from] Stealth Rock
|turn|18
|
|t:|1664119851
|move|p1a: Berserker God|Scale Shot|p2a: Tangrowth
|-crit|p2a: Tangrowth
|-damage|p2a: Tangrowth|58/100 tox
|-damage|p2a: Tangrowth|37/100 tox
|-damage|p2a: Tangrowth|15/100 tox
|-damage|p2a: Tangrowth|0 fnt
|faint|p2a: Tangrowth
|-hitcount|p2: Tangrowth|4
|-unboost|p1a: Berserker God|def|1
|-boost|p1a: Berserker God|spe|1
|
|upkeep
|-message|Coach Jones 6fifth forfeited.
|
|win|HANTSUKI
|c|☆Coach Jones 6fifth|gg
