|inactive|Battle timer is ON: inactive players will automatically lose when time's up.
|t:|1664921277
|gametype|singles
|player|p1|Lucians Call|furisodegirl-blue|
|player|p2|Misterioussaint|furisodegirl-black|
|teamsize|p1|1
|teamsize|p2|1
|gen|8
|tier|[Gen 8] OU
|rule|Sleep Clause Mod: Limit one foe put to sleep
|rule|Species Clause: Limit one of each Pokémon
|rule|OHKO Clause: OHKO moves are banned
|rule|Evasion Items Clause: Evasion items are banned
|rule|Evasion Moves Clause: Evasion moves are banned
|rule|Endless Battle Clause: Forcing endless battles is banned
|rule|HP Percentage Mod: HP is shown in percentages
|rule|Dynamax Clause: You cannot dynamax
|clearpoke
|poke|p1|Bisharp, F|
|poke|p2|Alakazam, M|
|teampreview
|
|t:|1664921280
|start
|switch|p1a: Bisharp|Bisharp, F|100/100
|switch|p2a: Alakazam|Alakazam, M|100/100
|turn|1
|
|t:|1664921288
|move|p1a: Bisharp|Sucker Punch||[still]
|-fail|p1a: Bisharp
|move|p2a: Alakazam|Substitute|p2a: Alakazam
|-start|p2a: Alakazam|Substitute
|-damage|p2a: Alakazam|76/100
|
|upkeep
|turn|2
|
|t:|1664921293
|move|p1a: Bisharp|Sucker Punch||[still]
|-fail|p1a: Bisharp
|move|p2a: Alakazam|Torment|p1a: Bisharp
|-start|p1a: Bisharp|Torment
|
|upkeep
|turn|3
|
|t:|1664921299
|move|p2a: Alakazam|Focus Blast|p1a: Bisharp|[miss]
|-miss|p2a: Alakazam|p1a: Bisharp
|move|p1a: Bisharp|Knock Off|p2a: Alakazam
|-supereffective|p2a: Alakazam
|-end|p2a: Alakazam|Substitute
|
|upkeep
|turn|4
|
|t:|1664921308
|move|p1a: Bisharp|Sucker Punch||[still]
|-fail|p1a: Bisharp
|move|p2a: Alakazam|Substitute|p2a: Alakazam
|-start|p2a: Alakazam|Substitute
|-damage|p2a: Alakazam|51/100
|
|upkeep
|turn|5
|
|t:|1664921310
|move|p2a: Alakazam|Focus Blast|p1a: Bisharp
|-supereffective|p1a: Bisharp
|-enditem|p1a: Bisharp|Focus Sash
|-damage|p1a: Bisharp|1/100
|move|p1a: Bisharp|Knock Off|p2a: Alakazam
|-supereffective|p2a: Alakazam
|-end|p2a: Alakazam|Substitute
|
|upkeep
|turn|6
|
|t:|1664921319
|move|p2a: Alakazam|Substitute|p2a: Alakazam
|-start|p2a: Alakazam|Substitute
|-damage|p2a: Alakazam|26/100
|move|p1a: Bisharp|Assurance|p2a: Alakazam
|-supereffective|p2a: Alakazam
|-end|p2a: Alakazam|Substitute
|
|upkeep
|turn|7
|
|t:|1664921325
|move|p2a: Alakazam|Focus Blast|p1a: Bisharp|[miss]
|-miss|p2a: Alakazam|p1a: Bisharp
|move|p1a: Bisharp|Iron Head|p2a: Alakazam
|-damage|p2a: Alakazam|0 fnt
|faint|p2a: Alakazam
|
|win|Lucians Call
