|inactive|Battle timer is ON: inactive players will automatically lose when time's up.
|t:|1643574213
|gametype|singles
|player|p1|Yung GODCHURCH|hugh|
|player|p2|DJ CRIB DEF|cynthia|
|teamsize|p1|6
|teamsize|p2|6
|gen|8
|tier|[Gen 8] OU
|rule|Sleep Clause Mod: Limit one foe put to sleep
|rule|Species Clause: Limit one of each Pokémon
|rule|OHKO Clause: OHKO moves are banned
|rule|Evasion Moves Clause: Evasion moves are banned
|rule|Endless Battle Clause: Forcing endless battles is banned
|rule|HP Percentage Mod: HP is shown in percentages
|rule|Dynamax Clause: You cannot dynamax
|clearpoke
|poke|p1|Talonflame, F|
|poke|p1|Nidoking, M|
|poke|p1|Landorus-Therian, M|
|poke|p1|Ferrothorn, F|
|poke|p1|Weavile, M|
|poke|p1|Urshifu-*, M|
|poke|p2|Aegislash, M|
|poke|p2|Landorus-Therian, M|
|poke|p2|Ferrothorn, F|
|poke|p2|Clefable, M|
|poke|p2|Toxapex, F|
|poke|p2|Tornadus-Therian, M|
|teampreview
|inactive|Yung GODCHURCH also wants the timer to be on.
|c|☆DJ CRIB DEF|hf
|inactive|Yung GODCHURCH has 270 seconds left.
|inactive|DJ CRIB DEF has 270 seconds left.
|inactive|Yung GODCHURCH has 240 seconds left.
|c|+LordEnz|HF BOTH
|c|☆Yung GODCHURCH|Hf
|inactive|Yung GODCHURCH has 210 seconds left.
|
|t:|1643574318
|start
|switch|p1a: Weavile|Weavile, M|100/100
|switch|p2a: Tornadus|Tornadus-Therian, M|100/100
|-ability|p1a: Weavile|Pressure
|turn|1
|
|t:|1643574333
|switch|p1a: Nidoking|Nidoking, M|100/100
|switch|p2a: Toxapex|Toxapex, F|100/100
|
|upkeep
|turn|2
|inactive|DJ CRIB DEF has 270 seconds left.
|
|t:|1643574384
|move|p1a: Nidoking|Earth Power|p2a: Toxapex
|-supereffective|p2a: Toxapex
|-damage|p2a: Toxapex|0 fnt
|faint|p2a: Toxapex
|
|upkeep
|
|t:|1643574395
|switch|p2a: Tornadus|Tornadus-Therian, M|100/100
|turn|3
|inactive|Yung GODCHURCH has 240 seconds left.
|
|t:|1643574439
|switch|p1a: Landorus|Landorus-Therian, M|100/100
|-ability|p1a: Landorus|Intimidate|boost
|-unboost|p2a: Tornadus|atk|1
|move|p2a: Tornadus|Knock Off|p1a: Landorus
|-damage|p1a: Landorus|85/100
|-enditem|p1a: Landorus|Leftovers|[from] move: Knock Off|[of] p2a: Tornadus
|
|upkeep
|turn|4
|
|t:|1643574450
|switch|p2a: Clefable|Clefable, M|100/100
|move|p1a: Landorus|U-turn|p2a: Clefable
|-resisted|p2a: Clefable
|-damage|p2a: Clefable|90/100
|inactive|Yung GODCHURCH has 240 seconds left.
|
|t:|1643574456
|switch|p1a: Nidoking|Nidoking, M|100/100|[from]move: U-turn
|
|-heal|p2a: Clefable|96/100|[from] item: Leftovers
|upkeep
|turn|5
|
|t:|1643574461
|switch|p2a: Ferrothorn|Ferrothorn, F|100/100
|move|p1a: Nidoking|Sludge Wave|p2a: Ferrothorn
|-immune|p2a: Ferrothorn
|
|upkeep
|turn|6
|inactive|DJ CRIB DEF has 270 seconds left.
|
|t:|1643574467
|switch|p2a: Tornadus|Tornadus-Therian, M|100/100
|move|p1a: Nidoking|Flamethrower|p2a: Tornadus
|-damage|p2a: Tornadus|52/100
|
|upkeep
|turn|7
|
|t:|1643574473
|move|p2a: Tornadus|Knock Off|p1a: Nidoking
|-damage|p1a: Nidoking|65/100
|-enditem|p1a: Nidoking|Life Orb|[from] move: Knock Off|[of] p2a: Tornadus
|move|p1a: Nidoking|Ice Beam|p2a: Tornadus
|-supereffective|p2a: Tornadus
|-damage|p2a: Tornadus|0 fnt
|faint|p2a: Tornadus
|
|upkeep
|c|☆DJ CRIB DEF|this one shots my entire team
|inactive|DJ CRIB DEF has 270 seconds left.
|c|☆Yung GODCHURCH|Nido be like that 
|
|t:|1643574508
|switch|p2a: Aegislash|Aegislash, M|100/100
|turn|8
|inactive|Yung GODCHURCH has 270 seconds left.
|
|t:|1643574514
|switch|p1a: Landorus|Landorus-Therian, M|85/100
|-ability|p1a: Landorus|Intimidate|boost
|-unboost|p2a: Aegislash|atk|1
|-formechange|p2a: Aegislash|Aegislash-Blade||[from] ability: Stance Change
|move|p2a: Aegislash|Shadow Ball|p1a: Landorus
|-damage|p1a: Landorus|48/100
|
|upkeep
|turn|9
|inactive|DJ CRIB DEF has 270 seconds left.
|
|t:|1643574525
|-formechange|p2a: Aegislash|Aegislash||[from] ability: Stance Change
|move|p2a: Aegislash|King's Shield|p2a: Aegislash
|-singleturn|p2a: Aegislash|Protect
|move|p1a: Landorus|U-turn|p2a: Aegislash
|-activate|p2a: Aegislash|move: Protect
|-unboost|p1a: Landorus|atk|1
|
|upkeep
|turn|10
|inactive|DJ CRIB DEF has 270 seconds left.
|
|t:|1643574535
|switch|p1a: Weavile|Weavile, M|100/100
|-ability|p1a: Weavile|Pressure
|move|p2a: Aegislash|Substitute|p2a: Aegislash
|-start|p2a: Aegislash|Substitute
|-damage|p2a: Aegislash|75/100
|
|-heal|p2a: Aegislash|82/100|[from] item: Leftovers
|upkeep
|turn|11
|inactive|Yung GODCHURCH has 270 seconds left.
|
|t:|1643574552
|switch|p1a: Landorus|Landorus-Therian, M|48/100
|-ability|p1a: Landorus|Intimidate|boost
|-immune|p2a: Aegislash
|move|p2a: Aegislash|Toxic|p1a: Landorus
|-status|p1a: Landorus|tox
|
|-heal|p2a: Aegislash|88/100|[from] item: Leftovers
|-damage|p1a: Landorus|42/100 tox|[from] psn
|upkeep
|turn|12
|
|t:|1643574558
|move|p2a: Aegislash|King's Shield|p2a: Aegislash
|-singleturn|p2a: Aegislash|Protect
|move|p1a: Landorus|Earthquake|p2a: Aegislash
|-activate|p2a: Aegislash|move: Protect
|
|-heal|p2a: Aegislash|94/100|[from] item: Leftovers
|-damage|p1a: Landorus|30/100 tox|[from] psn
|upkeep
|turn|13
|
|t:|1643574566
|move|p1a: Landorus|Earthquake|p2a: Aegislash
|-supereffective|p2a: Aegislash
|-end|p2a: Aegislash|Substitute
|move|p2a: Aegislash|Substitute|p2a: Aegislash
|-start|p2a: Aegislash|Substitute
|-damage|p2a: Aegislash|69/100
|
|-heal|p2a: Aegislash|75/100|[from] item: Leftovers
|-damage|p1a: Landorus|12/100 tox|[from] psn
|upkeep
|turn|14
|
|t:|1643574570
|move|p2a: Aegislash|King's Shield|p2a: Aegislash
|-singleturn|p2a: Aegislash|Protect
|move|p1a: Landorus|Earthquake|p2a: Aegislash
|-activate|p2a: Aegislash|move: Protect
|
|-heal|p2a: Aegislash|81/100|[from] item: Leftovers
|-damage|p1a: Landorus|0 fnt|[from] psn
|faint|p1a: Landorus
|upkeep
|
|t:|1643574576
|switch|p1a: Urshifu|Urshifu-Rapid-Strike, M|100/100
|turn|15
|
|t:|1643574581
|switch|p2a: Ferrothorn|Ferrothorn, F|100/100
|move|p1a: Urshifu|Surging Strikes|p2a: Ferrothorn
|-resisted|p2a: Ferrothorn
|-crit|p2a: Ferrothorn
|-damage|p2a: Ferrothorn|95/100
|-damage|p1a: Urshifu|88/100|[from] ability: Iron Barbs|[of] p2a: Ferrothorn
|-damage|p1a: Urshifu|72/100|[from] item: Rocky Helmet|[of] p2a: Ferrothorn
|-resisted|p2a: Ferrothorn
|-crit|p2a: Ferrothorn
|-damage|p2a: Ferrothorn|89/100
|-damage|p1a: Urshifu|59/100|[from] ability: Iron Barbs|[of] p2a: Ferrothorn
|-damage|p1a: Urshifu|43/100|[from] item: Rocky Helmet|[of] p2a: Ferrothorn
|-resisted|p2a: Ferrothorn
|-crit|p2a: Ferrothorn
|-damage|p2a: Ferrothorn|83/100
|-damage|p1a: Urshifu|31/100|[from] ability: Iron Barbs|[of] p2a: Ferrothorn
|-damage|p1a: Urshifu|14/100|[from] item: Rocky Helmet|[of] p2a: Ferrothorn
|-hitcount|p2a: Ferrothorn|3
|
|upkeep
|turn|16
|
|t:|1643574600
|move|p1a: Urshifu|Surging Strikes|p2a: Ferrothorn
|-resisted|p2a: Ferrothorn
|-crit|p2a: Ferrothorn
|-damage|p2a: Ferrothorn|77/100
|-damage|p1a: Urshifu|2/100|[from] ability: Iron Barbs|[of] p2a: Ferrothorn
|-damage|p1a: Urshifu|0 fnt|[from] item: Rocky Helmet|[of] p2a: Ferrothorn
|faint|p1a: Urshifu
|-hitcount|p2a: Ferrothorn|1
|move|p2a: Ferrothorn|Leech Seed|p1: Urshifu|[notarget]
|-fail|p2a: Ferrothorn
|
|upkeep
|
|t:|1643574607
|switch|p1a: Nidoking|Nidoking, M|65/100
|turn|17
|
|t:|1643574629
|switch|p2a: Clefable|Clefable, M|96/100
|move|p1a: Nidoking|Flamethrower|p2a: Clefable
|-damage|p2a: Clefable|71/100
|
|-heal|p2a: Clefable|77/100|[from] item: Leftovers
|upkeep
|turn|18
|
|t:|1643574638
|move|p1a: Nidoking|Sludge Wave|p2a: Clefable
|-supereffective|p2a: Clefable
|-damage|p2a: Clefable|0 fnt
|faint|p2a: Clefable
|
|upkeep
|
|t:|1643574640
|switch|p2a: Aegislash|Aegislash, M|81/100
|turn|19
|
|t:|1643574649
|move|p1a: Nidoking|Earth Power|p2a: Aegislash
|-supereffective|p2a: Aegislash
|-damage|p2a: Aegislash|7/100
|-formechange|p2a: Aegislash|Aegislash-Blade||[from] ability: Stance Change
|move|p2a: Aegislash|Shadow Ball|p1a: Nidoking
|-damage|p1a: Nidoking|1/100
|
|-heal|p2a: Aegislash|13/100|[from] item: Leftovers
|upkeep
|turn|20
|c|☆DJ CRIB DEF|kek
|c|☆DJ CRIB DEF|torn wasnt even hurricane
|c|☆Yung GODCHURCH|It
|
|t:|1643574668
|-formechange|p2a: Aegislash|Aegislash||[from] ability: Stance Change
|move|p2a: Aegislash|King's Shield|p2a: Aegislash
|-singleturn|p2a: Aegislash|Protect
|move|p1a: Nidoking|Flamethrower|p2a: Aegislash
|-activate|p2a: Aegislash|move: Protect
|
|-heal|p2a: Aegislash|20/100|[from] item: Leftovers
|upkeep
|turn|21
|c|☆Yung GODCHURCH|Really? 
|c|☆DJ CRIB DEF|heat wave
|
|t:|1643574681
|move|p2a: Aegislash|King's Shield||[still]
|-fail|p2a: Aegislash
|move|p1a: Nidoking|Flamethrower|p2a: Aegislash
|-supereffective|p2a: Aegislash
|-damage|p2a: Aegislash|0 fnt
|faint|p2a: Aegislash
|
|upkeep
|c|☆DJ CRIB DEF|I had no way of killing this
|
|t:|1643574701
|switch|p2a: Landorus|Landorus-Therian, M|100/100
|-ability|p2a: Landorus|Intimidate|boost
|-unboost|p1a: Nidoking|atk|1
|turn|22
|c|☆Yung GODCHURCH|Ig i guessed right on the team
|c|☆Yung GODCHURCH|Gg
|
|t:|1643574711
|switch|p2a: Ferrothorn|Ferrothorn, F|77/100
|move|p1a: Nidoking|Ice Beam|p2a: Ferrothorn
|-damage|p2a: Ferrothorn|49/100
|
|upkeep
|turn|23
|c|☆DJ CRIB DEF|gg
|
|t:|1643574717
|switch|p2a: Landorus|Landorus-Therian, M|100/100
|-ability|p2a: Landorus|Intimidate|boost
|-unboost|p1a: Nidoking|atk|1
|move|p1a: Nidoking|Flamethrower|p2a: Landorus
|-damage|p2a: Landorus|76/100
|
|-heal|p2a: Landorus|82/100|[from] item: Leftovers
|upkeep
|turn|24
|
|t:|1643574728
|move|p1a: Nidoking|Ice Beam|p2a: Landorus
|-supereffective|p2a: Landorus
|-damage|p2a: Landorus|0 fnt
|faint|p2a: Landorus
|
|upkeep
|
|t:|1643574729
|switch|p2a: Ferrothorn|Ferrothorn, F|49/100
|turn|25
|c|☆DJ CRIB DEF|sad game
|c|☆DJ CRIB DEF|good luck in the rest
|
|t:|1643574748
|switch|p1a: Talonflame|Talonflame, F|100/100
|move|p2a: Ferrothorn|Body Press|p1a: Talonflame
|-resisted|p1a: Talonflame
|-damage|p1a: Talonflame|78/100
|
|upkeep
|turn|26
|
|t:|1643574756
|move|p1a: Talonflame|Flare Blitz|p2a: Ferrothorn
|-supereffective|p2a: Ferrothorn
|-damage|p2a: Ferrothorn|0 fnt
|-damage|p1a: Talonflame|65/100|[from] ability: Iron Barbs|[of] p2a: Ferrothorn
|-damage|p1a: Talonflame|49/100|[from] item: Rocky Helmet|[of] p2a: Ferrothorn
|faint|p2a: Ferrothorn
|-damage|p1a: Talonflame|29/100|[from] Recoil
|
|win|Yung GODCHURCH
|c|☆Yung GODCHURCH|Thx
|c|☆Yung GODCHURCH|U2 in other toura
|c|☆Yung GODCHURCH|Tours
