|inactive|Battle timer is ON: inactive players will automatically lose when time's up.
|t:|1666454445
|gametype|singles
|player|p1|elodin|lucas|
|player|p2|clean|#zuplivbutterfree|
|teamsize|p1|6
|teamsize|p2|6
|gen|8
|tier|[Gen 8] OU
|rule|Sleep Clause Mod: Limit one foe put to sleep
|rule|Species Clause: Limit one of each Pokémon
|rule|OHKO Clause: OHKO moves are banned
|rule|Evasion Items Clause: Evasion items are banned
|rule|Evasion Moves Clause: Evasion moves are banned
|rule|Endless Battle Clause: Forcing endless battles is banned
|rule|HP Percentage Mod: HP is shown in percentages
|rule|Dynamax Clause: You cannot dynamax
|clearpoke
|poke|p1|Mew|
|poke|p1|Rillaboom, M|
|poke|p1|Weavile, M|
|poke|p1|Garchomp, M|
|poke|p1|Heatran, F|
|poke|p1|Nihilego|
|poke|p2|Kartana|
|poke|p2|Heatran, M|
|poke|p2|Landorus-Therian, M|
|poke|p2|Slowbro, F|
|poke|p2|Umbreon, M|
|poke|p2|Tapu Koko|
|teampreview
|inactive|clean also wants the timer to be on.
|c|☆elodin|hf
|c|☆clean|hf
|inactive|clean has 270 seconds left.
|c|+Ninja|why do we have an umbreon
|c|+Ninja|wtf
|c|+H.M.N.I.P|My two fathers playing
|c|+H.M.N.I.P|Crazy stuff
|inactive|clean has 240 seconds left.
|
|t:|1666454525
|start
|switch|p1a: Heatran|Heatran, F|100/100
|switch|p2a: Freesoul|Kartana|100/100
|-item|p1a: Heatran|Air Balloon
|turn|1
|inactive|elodin has 270 seconds left.
|inactive|elodin has 240 seconds left.
|
|t:|1666454589
|move|p2a: Freesoul|Sacred Sword|p1a: Heatran
|-supereffective|p1a: Heatran
|-damage|p1a: Heatran|15/100
|-enditem|p1a: Heatran|Air Balloon
|move|p1a: Heatran|Magma Storm|p2a: Freesoul
|-supereffective|p2a: Freesoul
|-damage|p2a: Freesoul|0 fnt
|faint|p2a: Freesoul
|
|upkeep
|inactive|clean has 270 seconds left.
|
|t:|1666454624
|switch|p2a: Starcharts|Tapu Koko|100/100
|-fieldstart|move: Electric Terrain|[from] ability: Electric Surge|[of] p2a: Starcharts
|turn|2
|
|t:|1666454629
|switch|p1a: Rillaboom|Rillaboom, M|100/100
|-fieldstart|move: Grassy Terrain|[from] ability: Grassy Surge|[of] p1a: Rillaboom
|move|p2a: Starcharts|Thunderbolt|p1a: Rillaboom
|-resisted|p1a: Rillaboom
|-damage|p1a: Rillaboom|74/100
|
|-heal|p1a: Rillaboom|80/100|[from] Grassy Terrain
|upkeep
|turn|3
|inactive|clean has 270 seconds left.
|inactive|clean has 240 seconds left.
|
|t:|1666454702
|move|p2a: Starcharts|Dazzling Gleam|p1a: Rillaboom
|-damage|p1a: Rillaboom|32/100
|move|p1a: Rillaboom|Swords Dance|p1a: Rillaboom
|-boost|p1a: Rillaboom|atk|2
|
|-heal|p1a: Rillaboom|38/100|[from] Grassy Terrain
|upkeep
|turn|4
|inactive|clean has 210 seconds left.
|
|t:|1666454725
|switch|p2a: Breakbeats|Slowbro, F|100/100
|move|p1a: Rillaboom|Grassy Glide|p2a: Breakbeats
|-supereffective|p2a: Breakbeats
|-damage|p2a: Breakbeats|0 fnt
|faint|p2a: Breakbeats
|
|-heal|p1a: Rillaboom|44/100|[from] Grassy Terrain
|upkeep
|
|t:|1666454730
|switch|p2a: Starcharts|Tapu Koko|100/100
|-fieldstart|move: Electric Terrain|[from] ability: Electric Surge|[of] p2a: Starcharts
|turn|5
|inactive|elodin has 270 seconds left.
|inactive|elodin has 240 seconds left.
|
|t:|1666454789
|switch|p1a: Nihilego|Nihilego|100/100
|move|p2a: Starcharts|Dazzling Gleam|p1a: Nihilego
|-resisted|p1a: Nihilego
|-damage|p1a: Nihilego|88/100
|
|upkeep
|turn|6
|
|t:|1666454801
|switch|p2a: Slowdive|Landorus-Therian, M|100/100
|-ability|p2a: Slowdive|Intimidate|boost
|-unboost|p1a: Nihilego|atk|1
|move|p1a: Nihilego|Meteor Beam||[still]
|-prepare|p1a: Nihilego|Meteor Beam
|-boost|p1a: Nihilego|spa|1
|-enditem|p1a: Nihilego|Power Herb
|-anim|p1a: Nihilego|Meteor Beam|p2a: Slowdive
|-damage|p2a: Slowdive|33/100
|
|-heal|p2a: Slowdive|39/100|[from] item: Leftovers
|upkeep
|turn|7
|inactive|clean has 210 seconds left.
|inactive|clean has 180 seconds left.
|inactive|clean has 150 seconds left.
|
|t:|1666454887
|switch|p2a: Nowhere|Umbreon, M|100/100
|move|p1a: Nihilego|Power Gem|p2a: Nowhere
|-damage|p2a: Nowhere|61/100
|
|-heal|p2a: Nowhere|67/100|[from] item: Leftovers
|upkeep
|turn|8
|inactive|clean has 150 seconds left.
|
|t:|1666454895
|move|p1a: Nihilego|Meteor Beam||[still]
|-prepare|p1a: Nihilego|Meteor Beam
|-boost|p1a: Nihilego|spa|1
|move|p2a: Nowhere|Wish|p2a: Nowhere
|
|-heal|p2a: Nowhere|73/100|[from] item: Leftovers
|upkeep
|turn|9
|inactive|clean has 150 seconds left.
|inactive|clean has 120 seconds left.
|
|t:|1666454953
|move|p2a: Nowhere|Protect|p2a: Nowhere
|-singleturn|p2a: Nowhere|Protect
|move|p1a: Nihilego|Meteor Beam|p2a: Nowhere|[from]lockedmove
|-activate|p2a: Nowhere|move: Protect
|
|-heal|p2a: Nowhere|100/100|[from] move: Wish|[wisher] Nowhere
|-fieldend|move: Electric Terrain
|upkeep
|turn|10
|
|t:|1666454959
|move|p1a: Nihilego|Meteor Beam||[still]
|-prepare|p1a: Nihilego|Meteor Beam
|-boost|p1a: Nihilego|spa|1
|move|p2a: Nowhere|Wish|p2a: Nowhere
|
|upkeep
|turn|11
|c|☆clean|gg
|inactive|clean has 90 seconds left.
|-message|clean forfeited.
|
|win|elodin
|c|☆elodin|gg
|player|p1|elodin|lucas
