|inactive|Battle timer is ON: inactive players will automatically lose when time's up.
|t:|1623600142
|gametype|singles
|player|p1|Redemption|#redemption|
|player|p2|devin|#wcop2021asia|
|teamsize|p1|6
|teamsize|p2|6
|gen|8
|tier|[Gen 8] OU
|rule|Sleep Clause Mod: Limit one foe put to sleep
|rule|Species Clause: Limit one of each Pokémon
|rule|OHKO Clause: OHKO moves are banned
|rule|Evasion Moves Clause: Evasion moves are banned
|rule|Endless Battle Clause: Forcing endless battles is banned
|rule|HP Percentage Mod: HP is shown in percentages
|rule|Dynamax Clause: You cannot dynamax
|clearpoke
|poke|p1|Latios, M|
|poke|p1|Kommo-o, F|
|poke|p1|Tapu Koko|
|poke|p1|Jirachi|
|poke|p1|Hawlucha, M|
|poke|p1|Landorus-Therian, M|
|poke|p2|Tapu Koko|
|poke|p2|Clefable, M|
|poke|p2|Skarmory, M|
|poke|p2|Hippowdon, M|
|poke|p2|Toxapex, M|
|poke|p2|Scizor, M|
|teampreview
|inactive|Redemption also wants the timer to be on.
|inactive|Redemption has 270 seconds left.
|inactive|devin has 270 seconds left.
|c|☆Redemption|hf
|c|☆devin|same
|c|+Lord_Enz|DEVIN
|inactive|Redemption has 240 seconds left.
|inactive|devin has 240 seconds left.
|c|+Enzonana|DEVIN
|inactive|Redemption has 210 seconds left.
|inactive|devin has 210 seconds left.
|
|t:|1623600239
|start
|switch|p1a: Landorus|Landorus-Therian, M|100/100
|switch|p2a: banjiya blues|Toxapex, M|100/100
|-ability|p1a: Landorus|Intimidate|boost
|-unboost|p2a: banjiya blues|atk|1
|turn|1
|inactive|Redemption has 270 seconds left.
|inactive|devin has 270 seconds left.
|raw|<div class="broadcast-red"><strong>Moderated chat was set to ☆!</strong><br />Only users of rank ☆ and higher can talk.</div>
|inactive|devin has 240 seconds left.
|
|t:|1623600287
|switch|p2a: Skarmory|Skarmory, M|100/100
|move|p1a: Landorus|Earthquake|p2a: Skarmory
|-immune|p2a: Skarmory
|
|upkeep
|turn|2
|inactive|devin has 240 seconds left.
|
|t:|1623600302
|move|p1a: Landorus|Stealth Rock|p2a: Skarmory
|-sidestart|p2: devin|move: Stealth Rock
|move|p2a: Skarmory|Spikes|p1a: Landorus
|-sidestart|p1: Redemption|Spikes
|
|upkeep
|turn|3
|inactive|devin has 240 seconds left.
|
|t:|1623600323
|move|p1a: Landorus|Gravity|p1a: Landorus
|-fieldstart|move: Gravity
|move|p2a: Skarmory|Iron Defense|p2a: Skarmory
|-boost|p2a: Skarmory|def|2
|
|upkeep
|turn|4
|
|t:|1623600330
|move|p1a: Landorus|Swords Dance|p1a: Landorus
|-boost|p1a: Landorus|atk|2
|move|p2a: Skarmory|Iron Defense|p2a: Skarmory
|-boost|p2a: Skarmory|def|2
|
|upkeep
|turn|5
|inactive|devin has 240 seconds left.
|
|t:|1623600338
|move|p1a: Landorus|Earthquake|p2a: Skarmory
|-supereffective|p2a: Skarmory
|-damage|p2a: Skarmory|38/100
|move|p2a: Skarmory|Body Press|p1a: Landorus
|-resisted|p1a: Landorus
|-damage|p1a: Landorus|40/100
|
|upkeep
|turn|6
|inactive|devin has 240 seconds left.
|inactive|devin has 210 seconds left.
|inactive|devin has 180 seconds left.
|inactive|devin has 150 seconds left.
|inactive|devin has 120 seconds left.
|
|t:|1623600480
|move|p1a: Landorus|Earthquake|p2a: Skarmory
|-supereffective|p2a: Skarmory
|-damage|p2a: Skarmory|0 fnt
|faint|p2a: Skarmory
|
|upkeep
|
|t:|1623600487
|switch|p2a: acchi muite|Tapu Koko|100/100
|-fieldstart|move: Electric Terrain|[from] ability: Electric Surge|[of] p2a: acchi muite
|turn|7
|
|t:|1623600498
|switch|p1a: Tapu Koko|Tapu Koko|100/100
|move|p2a: acchi muite|Dazzling Gleam|p1a: Tapu Koko
|-damage|p1a: Tapu Koko|53/100
|
|-fieldend|move: Gravity
|upkeep
|turn|8
|inactive|devin has 120 seconds left.
|
|t:|1623600510
|move|p1a: Tapu Koko|Dazzling Gleam|p2a: acchi muite
|-damage|p2a: acchi muite|49/100
|move|p2a: acchi muite|Calm Mind|p2a: acchi muite
|-boost|p2a: acchi muite|spa|1
|-boost|p2a: acchi muite|spd|1
|
|upkeep
|turn|9
|inactive|Redemption has 270 seconds left.
|
|t:|1623600547
|move|p2a: acchi muite|Roost|p2a: acchi muite
|-heal|p2a: acchi muite|99/100
|-singleturn|p2a: acchi muite|move: Roost
|move|p1a: Tapu Koko|U-turn|p2a: acchi muite
|-resisted|p2a: acchi muite
|-damage|p2a: acchi muite|88/100
|inactive|Redemption has 240 seconds left.
|
|t:|1623600594
|switch|p1a: Latios|Latios, M|100/100|[from]move: U-turn
|
|upkeep
|turn|10
|inactive|devin has 120 seconds left.
|inactive|Redemption has 210 seconds left.
|inactive|devin has 90 seconds left.
|inactive|devin has 60 seconds left.
|
|t:|1623600702
|switch|p2a: katte ni|Scizor, M|100/100
|move|p1a: Latios|Tailwind|p1a: Latios
|-sidestart|p1: Redemption|move: Tailwind
|
|upkeep
|turn|11
|
|t:|1623600715
|move|p1a: Latios|Reflect|p1a: Latios
|-sidestart|p1: Redemption|Reflect
|move|p2a: katte ni|Swords Dance|p2a: katte ni
|-boost|p2a: katte ni|atk|2
|
|-fieldend|move: Electric Terrain
|upkeep
|turn|12
|
|t:|1623600718
|move|p1a: Latios|Memento|p2a: katte ni
|-unboost|p2a: katte ni|atk|2
|-unboost|p2a: katte ni|spa|2
|faint|p1a: Latios
|move|p2a: katte ni|Swords Dance|p2a: katte ni
|-boost|p2a: katte ni|atk|2
|
|upkeep
|inactive|Redemption has 180 seconds left.
|
|t:|1623600767
|switch|p1a: Jirachi|Jirachi|100/100
|-damage|p1a: Jirachi|88/100|[from] Spikes
|turn|13
|inactive|devin has 60 seconds left.
|
|t:|1623600777
|move|p1a: Jirachi|Cosmic Power|p1a: Jirachi
|-boost|p1a: Jirachi|def|1
|-boost|p1a: Jirachi|spd|1
|move|p2a: katte ni|Swords Dance|p2a: katte ni
|-boost|p2a: katte ni|atk|2
|
|-sideend|p1: Redemption|move: Tailwind
|upkeep
|turn|14
|inactive|devin has 60 seconds left.
|
|t:|1623600797
|move|p2a: katte ni|Bullet Punch|p1a: Jirachi
|-resisted|p1a: Jirachi
|-damage|p1a: Jirachi|77/100
|move|p1a: Jirachi|Cosmic Power|p1a: Jirachi
|-boost|p1a: Jirachi|def|1
|-boost|p1a: Jirachi|spd|1
|
|upkeep
|turn|15
|inactive|Redemption has 180 seconds left.
|
|t:|1623600804
|move|p1a: Jirachi|Cosmic Power|p1a: Jirachi
|-boost|p1a: Jirachi|def|1
|-boost|p1a: Jirachi|spd|1
|move|p2a: katte ni|U-turn|p1a: Jirachi
|-damage|p1a: Jirachi|62/100
|inactive|devin has 60 seconds left.
|
|t:|1623600823
|switch|p2a: ham processing|Hippowdon, M|100/100|[from]move: U-turn
|-weather|Sandstorm|[from] ability: Sand Stream|[of] p2a: ham processing
|
|-weather|Sandstorm|[upkeep]
|upkeep
|turn|16
|inactive|Redemption has 180 seconds left.
|inactive|devin has 30 seconds left.
|inactive|devin has 20 seconds left.
|
|t:|1623600868
|move|p1a: Jirachi|Stored Power|p2a: ham processing
|-damage|p2a: ham processing|67/100
|move|p2a: ham processing|Earthquake|p1a: Jirachi
|-supereffective|p1a: Jirachi
|-damage|p1a: Jirachi|49/100
|-enditem|p1a: Jirachi|Weakness Policy
|-boost|p1a: Jirachi|atk|2|[from] item: Weakness Policy
|-boost|p1a: Jirachi|spa|2|[from] item: Weakness Policy
|
|-weather|Sandstorm|[upkeep]
|upkeep
|turn|17
|inactive|devin has 30 seconds left this turn.
|inactive|Redemption has 180 seconds left.
|inactive|devin has 20 seconds left.
|
|t:|1623600883
|move|p1a: Jirachi|Stored Power|p2a: ham processing
|-damage|p2a: ham processing|0 fnt
|faint|p2a: ham processing
|
|-weather|Sandstorm|[upkeep]
|upkeep
|inactive|devin has 25 seconds left this turn.
|inactive|devin has 20 seconds left.
|inactive|devin has 15 seconds left.
|inactive|devin has 10 seconds left.
|
|t:|1623600900
|switch|p2a: katte ni|Scizor, M|100/100
|turn|18
|inactive|devin has 20 seconds left this turn.
|inactive|devin has 15 seconds left.
|inactive|devin has 10 seconds left.
|
|t:|1623600914
|move|p1a: Jirachi|Drain Punch|p2a: katte ni
|-damage|p2a: katte ni|75/100
|-heal|p1a: Jirachi|61/100|[from] drain|[of] p2a: katte ni
|move|p2a: katte ni|U-turn|p1a: Jirachi
|-damage|p1a: Jirachi|55/100
|inactive|devin has 15 seconds left this turn.
|inactive|devin has 10 seconds left.
|
|t:|1623600922
|switch|p2a: acchi muite|Tapu Koko|88/100|[from]move: U-turn
|-fieldstart|move: Electric Terrain|[from] ability: Electric Surge|[of] p2a: acchi muite
|
|-weather|Sandstorm|[upkeep]
|-damage|p2a: acchi muite|82/100|[from] Sandstorm
|-sideend|p1: Redemption|Reflect
|upkeep
|turn|19
|inactive|devin has 20 seconds left this turn.
|inactive|devin has 15 seconds left.
|inactive|devin has 10 seconds left.
|inactive|devin has 5 seconds left.
|
|t:|1623600938
|move|p2a: acchi muite|Thunderbolt|p1a: Jirachi
|-damage|p1a: Jirachi|39/100
|-status|p1a: Jirachi|par
|cant|p1a: Jirachi|par
|
|-weather|none
|upkeep
|turn|20
|inactive|devin has 15 seconds left this turn.
|inactive|devin has 10 seconds left.
|inactive|devin has 5 seconds left.
|
|t:|1623600950
|move|p2a: acchi muite|Thunderbolt|p1a: Jirachi
|-damage|p1a: Jirachi|23/100 par
|move|p1a: Jirachi|Stored Power|p2a: acchi muite
|-damage|p2a: acchi muite|0 fnt
|faint|p2a: acchi muite
|
|upkeep
|inactive|devin has 10 seconds left this turn.
|inactive|devin has 5 seconds left.
|
|t:|1623600957
|switch|p2a: katte ni|Scizor, M|75/100
|turn|21
|inactive|devin has 15 seconds left this turn.
|
|t:|1623600961
|move|p2a: katte ni|U-turn|p1a: Jirachi
|-damage|p1a: Jirachi|13/100 par
|inactive|devin has 20 seconds left this turn.
|
|t:|1623600964
|switch|p2a: asuna|Clefable, M|100/100|[from]move: U-turn
|move|p1a: Jirachi|Stored Power|p2a: asuna
|-damage|p2a: asuna|0 fnt
|faint|p2a: asuna
|
|upkeep
|inactive|devin has 25 seconds left this turn.
|
|t:|1623600966
|switch|p2a: katte ni|Scizor, M|75/100
|turn|22
|inactive|devin has 30 seconds left.
|
|t:|1623600978
|move|p2a: katte ni|U-turn|p1a: Jirachi
|-damage|p1a: Jirachi|3/100 par
|inactive|devin has 30 seconds left this turn.
|
|t:|1623600981
|switch|p2a: banjiya blues|Toxapex, M|100/100|[from]move: U-turn
|-damage|p2a: banjiya blues|88/100|[from] Stealth Rock
|move|p1a: Jirachi|Stored Power|p2a: banjiya blues
|-supereffective|p2a: banjiya blues
|-crit|p2a: banjiya blues
|-damage|p2a: banjiya blues|0 fnt
|faint|p2a: banjiya blues
|
|-fieldend|move: Electric Terrain
|upkeep
|
|t:|1623600983
|switch|p2a: katte ni|Scizor, M|75/100
|turn|23
|
|t:|1623600991
|move|p2a: katte ni|U-turn|p1a: Jirachi
|-damage|p1a: Jirachi|0 fnt
|faint|p1a: Jirachi
|
|upkeep
|inactive|Redemption has 240 seconds left.
|
|t:|1623601017
|switch|p1a: Landorus|Landorus-Therian, M|40/100
|-ability|p1a: Landorus|Intimidate|boost
|-unboost|p2a: katte ni|atk|1
|turn|24
|
|t:|1623601025
|move|p1a: Landorus|Earthquake|p2a: katte ni
|-damage|p2a: katte ni|15/100
|move|p2a: katte ni|Roost|p2a: katte ni
|-heal|p2a: katte ni|65/100
|-singleturn|p2a: katte ni|move: Roost
|
|upkeep
|turn|25
|
|t:|1623601030
|move|p1a: Landorus|Earthquake|p2a: katte ni
|-damage|p2a: katte ni|1/100
|move|p2a: katte ni|Swords Dance|p2a: katte ni
|-boost|p2a: katte ni|atk|2
|
|upkeep
|turn|26
|
|t:|1623601037
|move|p2a: katte ni|Bullet Punch|p1a: Landorus
|-damage|p1a: Landorus|0 fnt
|faint|p1a: Landorus
|
|upkeep
|
|t:|1623601042
|switch|p1a: Kommo-o|Kommo-o, F|100/100
|-damage|p1a: Kommo-o|88/100|[from] Spikes
|turn|27
|c|☆Redemption|gg
|
|t:|1623601046
|move|p2a: katte ni|Bullet Punch|p1a: Kommo-o
|-damage|p1a: Kommo-o|53/100
|move|p1a: Kommo-o|Drain Punch|p2a: katte ni
|-damage|p2a: katte ni|0 fnt
|-heal|p1a: Kommo-o|54/100|[from] drain|[of] p2a: katte ni
|faint|p2a: katte ni
|
|win|Redemption
|c|☆devin|gg
